2618 4010
158 167 509 201 scenesmsrmrs
537 167 680 200 nunus
1245 152 1299 199 55

158 269 289 311 ,ώποις,
328 266 436 305 ὁποῖα
475 267 645 315 πρόσθεν
682 266 883 314 εἰρήκαμεν.
941 269 1141 310 τηνικαῦτα
1174 267 1242 314 γὰρ

157 315 226 359 τὴν
255 318 363 359 ἕκτην
395 312 520 348 αὐτῶν
547 317 678 358 μοῖραν
710 312 778 346 σὺν
809 311 975 360 ἀκριβείᾳ
1010 312 1244 360 λογιζομένην

158 363 315 407 ἐφίεμεν.
360 361 407 394 Εἰ
435 358 475 394 δὲ
503 358 732 402 ἐλαττωθείη
761 358 853 393 κατά
884 370 986 392 τινας
1016 363 1243 407 περιπετείας

156 405 176 441 ὁ
200 405 335 448 κανών,
366 403 389 449 ἢ
417 408 476 440 ἐπὶ
500 402 682 451 ὁλοκλήρῳ
706 406 760 448 τῷ
787 403 872 439 τότε
903 402 1086 450 ὑφεστώτι
1117 403 1243 438 κανόνι

157 450 359 496 λαμβάνειν
387 450 453 485 τὸν
476 450 544 494 τὴν
568 449 786 502 έμφυτευσιν
811 447 988 485 ὑπελθεῖν
1011 449 1242 494 βουλόμενον,

156 495 178 539 ἢ
211 495 305 551 μηδὲ
345 495 546 540 λαμβάνειν
584 493 693 537 ὅλως,
732 494 815 536 ἐξὸν
853 497 1015 539 μισθοῦν
1052 494 1186 540 μᾶλλον
1224 493 1245 538 ἢ

155 554 326 577 τοιαυτας
357 540 572 576 ἐλαττώσεις
603 537 664 576 ἐπ)
700 540 933 586 ἐμφυτεύσεσι
962 540 1147 587 πράττειν.
1199 543 1244 575 Εἰ

156 587 198 622 δέ
225 599 324 622 τινος
357 586 648 629 έκκλησιαστικοῦ
686 591 901 633 προαστείου
937 588 1016 620 τῶν
1051 586 1242 631 πολυτιμή-

155 647 234 668 των
261 631 474 679 έμφύτευσις
504 630 640 666 διδοῖτο
668 629 790 675 (ὁποῖα
819 630 933 667 πολλοὶ
962 631 1119 676 μάλιστα
1152 631 1244 666 κατὰ

2122 155 2230 199 Nov.
2262 156 2341 198 VII
2373 159 2396 199 3

1313 272 1451 312 partem
1476 278 1556 303 cum
1580 266 1859 312 scrupulositate
1886 266 2131 312 imputandam
2156 266 2396 303 concedimus.

1313 314 1350 348 Si
1378 323 1461 348 vero
1494 312 1605 348 minui
1636 312 1825 356 contigerit
1855 323 1921 358 per
1945 313 2124 358 quandam
2148 312 2284 348 cladem
2310 323 2397 358 pen-

1312 359 1465 402 sionem,
1498 363 1563 393 aut
1584 359 1620 393 in
1645 360 1721 394 toto
1746 362 1833 392 tunc
1858 363 2081 393 constantem
2105 358 2314 404 pensionem
2337 370 2398 393 ac-

1314 404 1424 449 cipiat
1449 405 1509 449 qui
1536 404 1780 449 emphyteosin
1806 404 1925 438 subire
1949 405 2040 446 vult,
2066 407 2130 439 aut
2152 415 2219 439 nec
2243 404 2399 449 accipiat

1279 453 1296 483 5
1312 450 1467 494 penitus,
1490 461 1569 485 cum
1594 449 1701 484 liceat
1726 449 1926 484 conducere
1950 451 2070 494 potius
2096 461 2202 495 quam
2226 451 2317 485 tales
2338 449 2397 485 de-

1313 496 1526 531 minutiones
1562 496 1598 530 in
1629 495 1877 541 emphyteosin
1911 496 2102 530 celebrare.
2152 496 2190 530 Si
2219 506 2303 531 vero
2334 496 2397 530 ali-

1314 541 1415 576 cuius
1452 540 1689 576 ecclesiastici
1729 540 1927 575 suburbani
1969 541 2116 585 pretiosi
2155 541 2396 586 emphyteosis

1314 587 1430 631 detur,
1463 587 1583 631 qualia
1614 586 1767 632 plurima
1798 586 1949 621 maxime
1974 586 2011 620 in
2043 587 2110 621 hac
2135 588 2295 622 novimus
2319 587 2398 622 feli-

1314 633 1457 668 cissima
1483 632 1681 668 consistere
1707 632 1861 675 civitate,
1890 632 2002 666 multo
2029 632 2171 675 quidem
2191 633 2297 676 digna
2318 643 2398 677 pre-

155 677 293 721 ταύτην
315 680 418 723 ἰσμεν
442 677 508 721 τὴν
533 676 730 722 εὐδαίμονα
755 675 984 712 καθεστάναι
1013 675 1133 718 πόλιν,
1159 677 1242 712 πολ-
1264 680 1299 711 10
1313 679 1382 721 tio,
1412 688 1541 722 parvas
1565 689 1648 713 vero
1672 677 1857 713 reddentia
1887 678 2080 721 pensiones
2105 680 2170 712 aut
2193 678 2283 713 nihil
2311 689 2397 723 pen-

156 724 215 767 λῆς
234 726 307 780 μὲν
330 723 414 764 ἄξια
438 725 556 768 τιμῆς,
591 723 783 766 ἐλαχίστην
807 721 847 757 δὲ
871 725 1029 768 φέροντα
1056 721 1243 768 πρόςοδον,

133 767 176 812 ἢ
206 767 289 803 ουδὲ
323 767 499 815 πρόςοδον
526 767 646 811 ὅλως),
678 769 726 812 μὴ
754 770 799 816 τῇ
831 765 994 814 προςόδῳ
1025 769 1243 812 μετρεῖσθαι

155 814 223 858 τὴν
260 814 488 861 ἐμφύτευσιν,
530 813 620 848 ἀλλὰ
660 813 903 858 διατιμᾶσθαι
939 813 981 846 τὸ
1023 811 1243 859 προάστειον

154 858 328 908 ἀκριβῶς,
354 864 413 894 καὶ
438 859 717 906 συλλογίζεσθαι
739 859 807 902 τὴν
828 861 866 892 ἐκ
889 860 953 892 τοῦ
977 856 1241 912 ἀθροιζομένου

1314 724 1453 759 sionum
1470 724 1624 767 omnino,
1650 734 1721 758 non
1739 733 1782 758 ex
1802 722 1976 758 reditibus
2002 723 2119 757 metiri
2140 724 2397 768 emphyteosin,

1314 769 1375 804 sed
1400 770 1583 805 aestimari
1607 770 1853 805 suburbanum
1883 769 2074 809 subtiliter,
2107 771 2142 802 et
2172 769 2333 813 reputari
2357 779 2400 803 ex

1312 815 1427 859 pretio
1466 815 1615 850 collecto
1655 815 1793 850 reditus
1835 814 2026 859 possibiles
2064 814 2101 849 in
2137 814 2261 859 viginti
2297 816 2400 850 annis

1314 861 1530 905 comparari,
1567 864 1604 896 et
1634 861 1671 895 in
1702 860 1873 895 reditibus
1906 870 1950 895 ex
1985 860 2055 895 hoc
2095 861 2311 904 computatis
2344 861 2401 904 agi

154 918 352 951 τιμηματος
379 904 584 950 δυναμένην
604 905 696 939 κατὰ
716 906 826 938 εἴκοσι
854 906 1036 938 ἐνιαυτους
1061 904 1241 938 ωνεῖσθαι
1259 906 1295 937 15
1313 906 1559 951 emphyteosin
1596 917 1668 942 non
1706 910 1898 951 perpetue,
1940 905 2003 940 sed
2032 906 2070 940 in
2107 915 2186 940 eum
2223 906 2284 950 qui
2320 916 2400 950 per-

155 950 342 997 πρόςοὸον.
389 954 449 985 καὶ
478 954 538 986 ἐπὶ
564 953 608 998 τῇ
635 950 808 985 ἐντεῦθεν
831 948 1108 1028 συλλοέιζομένῃ
1139 961 1240 994 προς·
1313 951 1400 995 cipit
1432 956 1467 986 et
1491 952 1581 987 duas
1610 962 1653 987 ex
1677 963 1720 988 eo
1751 952 2019 994 successiones,
2049 954 2086 986 et
2115 951 2191 986 viro
2217 956 2252 987 et
2283 951 2400 993 uxori,

154 995 229 1040 ὁδῳ
255 996 488 1043 πράττεσθαι
514 996 582 1039 την
613 994 830 1041 ἐμφὺτευσιν
859 993 898 1028 οὐ
944 994 1120 1039 “ιηνεκῶς,
1157 993 1237 1029 ἀλλ’
1312 997 1407 1031 sicut
1430 997 1684 1042 praediximus,
1708 998 1922 1033 faciendam.

155 1044 203 1077 εἰς
227 1040 341 1077 αὐτόν
363 1056 404 1077 τε
427 1041 493 1077 τὸν
522 1041 757 1086 λαμβάνοντα
787 1043 846 1074 καὶ
877 1038 940 1074 δύο
965 1042 1044 1075 τῶν
1067 1041 1105 1081 ἐξ
1130 1039 1240 1075 αὐτοῦ

156 1086 349 1130 διαδόχων,
373 1090 432 1121 καὶ
456 1085 585 1133 ἀνδρὸς
609 1085 630 1129 ἢ
647 1087 810 1133 γαμετῆς,
835 1086 1006 1133 καθάπερ
1028 1087 1242 1132 ἔμπροσθεν

155 1134 179 1169 2
227 1133 389 1169 εἰπόντες
410 1133 588 1178 ἔφθηιιεν,
618 1135 822 1179 γινομένην.
915 1131 1064 1166 Εἰὸέναι
1090 1131 1130 1166 δὲ
1160 1131 1241 1166 τοὺς
1255 1133 1334 1167 202
1382 1133 1482 1167 Scire
1522 1137 1641 1167 autem
1673 1134 1918 1179 emphyteotas
1959 1134 2124 1169 convenit
2160 1133 2262 1178 quia,
2302 1133 2333 1168 si
2365 1133 2401 1167 in

155 1178 374 1224 έμφυτευτὰς
408 1175 570 1224 προςήκει
608 1176 672 1218 ὠς,
709 1178 809 1224 εἴπερ
847 1179 906 1212 ἐπὶ
943 1176 1082 1212 διετίαν
1118 1178 1241 1223 ἐφεξῆς
1312 1179 1452 1213 biennio
1470 1178 1640 1213 continuo
1661 1190 1732 1213 non
1751 1180 1947 1215 exolveriut
1969 1180 2270 1225 emphyteoticum
2292 1190 2400 1214 cano-

154 1225 203 1270 μὴ
225 1224 423 1258 καταθεῖεν
446 1222 512 1257 τὸν
543 1221 802 1268 έμφυτευτικόν
828 1221 966 1258 κανόνα
999 1224 1143 1265 (τοῦτον
1174 1223 1241 1270 γὰρ
1311 1234 1392 1259 110111
1417 1225 1500 1266 (hoc
1519 1225 1611 1258 enim
1631 1226 1770 1269 tempus
1788 1236 1854 1269 pro
1875 1226 2028 1260 triennio
2046 1226 2198 1261 aliorum
2218 1225 2401 1260 hominum

154 1270 220 1305 τὸν
242 1267 373 1317 χρόνον
396 1266 479 1303 ἀντὶ
503 1269 565 1311 τῆς
585 1271 646 1302 ἐπὶ
670 1270 747 1302 τῶν
769 1267 891 1303 ἄλλων
911 1266 1129 1316 ἀνθρώπων
1150 1282 1241 1314 τριε·
1312 1269 1478 1305 sufficere
1504 1270 1550 1304 ad
1573 1280 1695 1304 casum
1721 1270 2046 1306 ecclesiasticarum
2067 1274 2130 1306 aut
2153 1271 2400 1315 ptochicarum

152 1319 230 1350 τίας
253 1312 374 1360 ἀρκεῖν
395 1314 443 1348 εἰς
466 1315 652 1349 ἔκπτωσιν
674 1315 753 1348 τῶν
773 1313 1082 1357 ἐκκλησιαστικῶν
1101 1312 1123 1358 ἢ
1143 1328 1240 1349 πτω-
1312 1315 1595 1360 emphyteosium
1620 1326 1686 1360 pro
1707 1326 1779 1351 non
1798 1317 1916 1351 soluto
1940 1326 2077 1351 canone
2100 1317 2290 1361 ponimus),
2314 1316 2402 1351 fient

150 1361 264 1403 χικῶν
295 1358 549 1406 ἐμφυτεύσεων
574 1360 612 1400 ἐξ
642 1356 900 1407 ἀγνωμοσύνης
923 1361 1108 1405 τίθεμεν),
1140 1359 1239 1407 γενή-
1255 1364 1297 1396 25
1312 1362 1455 1396 0111111110
1481 1362 1643 1396 extranei
1668 1362 1982 1407 emphyteomatis,
2007 1366 2043 1397 et
2067 1362 2270 1397 volentibus
2295 1372 2400 1406 prae-

151 1418 278 1440 σονται
308 1409 490 1439 παντοίως
517 1404 586 1446 ἔξω
616 1408 679 1440 τοῦ
711 1405 993 1452 ἐμφυτεύματος,
1026 1410 1085 1440 καὶ
1117 1405 1239 1450 βουλο-
1311 1407 1439 1452 positis
1465 1417 1649 1442 sacrarum
1673 1407 1842 1442 domuum
1863 1408 1983 1442 licebit
2006 1408 2156 1452 praedia
2186 1411 2249 1442 aut
2278 1407 2401 1442 domos

150 1454 271 1496 μένοις
288 1454 362 1485 τοῖς
380 1453 587 1497 προεστῶσι
605 1453 684 1485 τῶν
705 1449 848 1498 εὐαγῶν
868 1452 979 1486 οἴκων
1004 1452 1145 1492 ἐξέσται
1164 1454 1241 1486 τῶν
1312 1452 1521 1495 defendere,
1547 1453 1682 1487 nullam
1706 1454 1948 1488 metuentibus
1973 1453 2260 1490 meliorationum
2284 1453 2400 1488 reddi-

150 1500 297 1543 χωρίων
319 1494 340 1540 ἢ
363 1498 441 1531 τῶν
464 1497 576 1531 οἴκων
605 1493 958 1541 ἀντιλαμβάνεσθαι,
982 1496 1163 1542 μηδεμίαν
1187 1495 1240 1531 εὖ·
1312 1499 1457 1533 tionem.
1507 1498 1578 1533 Sed
1601 1499 1632 1533 si
1657 1499 1798 1543 quidem
1829 1499 1986 1534 deterius
2010 1499 2097 1534 fecit
2125 1499 2311 1544 praedium
2339 1501 2403 1533 aut

151 1541 384 1587 λαβουμένοις
408 1541 676 1587 ἐμπονημάτιυν
706 1540 904 1577 ἀπόδοσιν·
937 1540 1017 1578 ἀλλ)
1044 1544 1145 1590 εἴπερ
1174 1547 1240 1585 χεῖ·
1313 1545 1560 1579 suburbanum
1584 1546 1649 1578 aut
1681 1544 1825 1579 domum
1856 1545 1916 1590 qui
1947 1545 2197 1590 emphyteosin
2229 1544 2401 1589 percepit,

151 1601 214 1644 ρον
238 1592 412 1631 πεποίηκε
435 1587 476 1622 τὸ
499 1592 634 1634 χωρίον
658 1585 679 1631 ἢ
702 1587 744 1622 τὸ
768 1585 1020 1635 προάστειονῆ
1039 1589 1107 1632 την
1124 1590 1241 1623 οἰκίαν
1256 1593 1298 1625 30
1313 1590 1393 1634 cogi
1417 1600 1497 1625 eum
1521 1590 1564 1624 de
1589 1601 1654 1625 Suo
1679 1590 1898 1634 diligentiam
1930 1593 1967 1625 et
1998 1590 2261 1626 restitutionem
2291 1590 2403 1634 prisci

151 1648 170 1668 ο
195 1631 262 1677 τὴν
287 1633 505 1679 έμφύτευσιν
526 1632 729 1678 δεξάμενος,
758 1632 1031 1680 ἀναγκάζεσθαι
1056 1632 1168 1669 αὐτὸν
1192 1635 1239 1668 οἴ-
1311 1640 1427 1671 status
1452 1636 1590 1678 facere,
1617 1639 1653 1670 et
1677 1636 1872 1680 obligatum
1898 1647 1977 1671 esse
2001 1636 2047 1671 ad
2071 1637 2141 1671 hoc
2166 1640 2202 1671 et
2225 1636 2343 1680 ipsum
2368 1638 2404 1670 et

150 1679 265 1714 κοθεν
289 1678 355 1723 τὴν
379 1678 586 1724 ἐπιμέλειαν
610 1682 669 1713 καὶ
695 1677 997 1715 ἀποκατάστασιν
1026 1682 1087 1724 τῆς
1122 1679 1240 1727 ὄψεως
1309 1682 1458 1717 heredes
1484 1682 1559 1717 eius
1585 1685 1621 1717 et
1652 1692 1880 1718 successores
1906 1683 2053 1726 eiusque
2077 1692 2153 1724 ree,
2187 1682 2337 1726 insuper
2367 1685 2403 1715 et

150 1726 360 1767 ποιεῖσθαι,
392 1727 454 1758 καὶ
483 1722 705 1759 ὑποκεῖσθαι
733 1724 852 1769 τούτῳ
879 1724 992 1761 αὐτόν
1016 1741 1055 1761 τε
1078 1729 1137 1760 καὶ
1161 1725 1241 1769 κλη·
1311 1728 1450 1763 debitos
1474 1738 1597 1763 omnes
1622 1727 1758 1763 reditus
1784 1728 1861 1763 sine
1886 1727 2055 1763 dilatione
2079 1728 2182 1772 exigi.

150 1770 323 1818 ρονόμους
347 1770 457 1805 αὐτοῦ
483 1774 544 1804 καὶ
561 1769 746 1813 διαδόχους
760 1775 820 1805 καὶ
837 1770 882 1806 τὰ
903 1772 1012 1806 αὐτοῦ
1033 1770 1240 1819 πράγματα,

150 1814 240 1864 πρὸς
257 1817 310 1860 τῷ
330 1819 389 1850 καὶ
403 1815 471 1859 τὴν
490 1815 727 1863 ὀφειλομένην
740 1818 864 1852 πᾶσαν
887 1816 1065 1864 πρόςοδον
1086 1816 1240 1865 ἀνυπερ·
1255 1821 1295 1854 35

149 1864 272 1906 θές-ως
298 1860 591 1908 εἰςπράττεσθαι.

194 1909 258 1956 (A)
296 1907 341 1943 Τὸ
366 1907 406 1942 δὲ
426 1908 614 1954 εἰρημένον
636 1905 732 1953 ἡμῖν,
754 1905 841 1944 ὥςτε
863 1906 950 1954 μηδ’
970 1907 1047 1944 ἑνὸς
1070 1908 1240 1953 ἀκινήτου

151 1954 359 2003 πράγματος
381 1952 677 1997 ἐκκλησιαστικοῦ
699 1952 720 1997 ἢ
744 1956 927 1998 πτωχικοῦ
953 1957 1140 1998 ἐκποίησιν
1164 1958 1239 1990 ἐπι·
1310 1957 1362 1991 rei
1387 1957 1653 1992 ecclesiasticae
1674 1960 1738 1990 aut
1758 1957 1946 2000 ptochicae
1970 1957 2140 1992 alienatio
2160 1957 2206 1992 sit
2230 1956 2403 2000 permissa

150 1999 358 2049 τετράφθαι
388 1999 478 2046 πρὸς
508 1998 622 2043 μηδὲν
654 2001 733 2035 τῶν
762 2002 823 2044 τῆς
858 1998 1029 2048 ἡμετέρας
1060 2001 1242 2037 πολιτείας
1312 2002 1358 2037 ad
1382 2002 1517 2037 nullam
1549 2006 1694 2037 nostrae
1725 2002 1945 2047 reipublicae
1977 2012 2188 2047 personam,
2222 2001 2401 2036 sancimus

150 2046 355 2092 πρόςωπον,
391 2046 620 2090 θεσπίζομεν
652 2050 799 2092 κρατεῖν
832 2046 881 2091 μὴ
910 2045 1026 2091 μόνον
1061 2049 1121 2083 ἐπὶ
1160 2049 1238 2082 τῶν
1251 2051 1294 2084 40
1308 2049 1427 2083 valere
1444 2059 1517 2084 non
1537 2048 1652 2083 solum
1671 2058 1779 2093 super
1800 2049 2048 2084 constantibus
2069 2048 2234 2084 domibus
2254 2051 2291 2082 et
2315 2047 2400 2082 sub-

1357 1910 1461 1955 Quod
1482 1913 1601 1945 autem
1621 1909 1755 1945 dict-um
1773 1921 1794 1945 a
1813 1911 1917 1946 nobis
1932 1914 1996 1953 est,
2010 1913 2051 1946 ut
2063 1910 2195 1946 nullius
2211 1908 2401 1944 immobilis

196 2131 213 2162 7
248 2127 294 2161 Εἰ
318 2124 361 2161 δέ
380 2137 480 2161 τινος
503 2151 625 2161 ......
649 2129 692 2162 28
724 2130 907 2162 παντοίως
937 2127 1008 2168 ἔξω
1039 2129 1103 2162 τοῦ
1128 2125 1398 2175 ἐμφυτεύματος
1428 2128 1602 2174 γίνεσθαι
1632 2130 1802 2163 decurtata
1828 2138 1857 2163 et
1880 2137 2002 2163 mutata
2027 2137 2138 2163 extant
2163 2131 2196 2162 in
2222 2129 2401 2172 appendice

151 2175 285 2207 Nomoc.
311 2175 342 2206 L
368 2176 413 2207 tit.
439 2186 511 2217 cap.
537 2174 612 2207 eccl.
642 2176 681 2207 12
708 2182 787 2207 extr.

195 2220 215 2262 ἓ
242 2221 261 2253 2
286 2216 435 2252 Εἰδέναι
455 2242 579 2251 ......
605 2216 896 2269 εἰσπράττεσθαι
921 2222 991 2262 (36)
1016 2222 1112 2253 habet
1137 2221 1173 2253 B
1197 2222 1252 2263 20,
1279 2228 1305 2263 2,
1333 2230 1359 2254 5.

147 2313 291 2345 sextam
315 2309 461 2344 illarum
487 2315 634 2356 partem
665 2313 836 2343 accurate
865 2313 1114 2354 computatam
1144 2310 1367 2344 remittimus.
1416 2309 1556 2352 Quodsi
1586 2321 1704 2345 canon
1729 2311 1772 2345 ol)
1801 2311 1973 2346 aclversos
1997 2311 2176 2356 quosdam
2205 2321 2312 2346 casus
2334 2311 2399 2344 im-

149 2356 308 2389 minutus
325 2355 384 2396 sit,
409 2355 452 2396 is,
477 2355 541 2399 qui
562 2354 814 2400 emphyteusin
833 2353 955 2388 subire
975 2354 1063 2395 vult,
1089 2358 1155 2388 aut
1167 2355 1364 2389 secundum
1381 2355 1563 2401 inteqrum
1583 2366 1758 2390 canonem
1779 2360 1864 2391 tunc
1883 2359 2118 2391 constitutum
2140 2366 2220 2391 eam
2240 2356 2401 2402 accipiat

150 2404 214 2434 aut
239 2401 384 2434 omnino
409 2411 483 2433 non
507 2400 678 2445 accipiat,
703 2409 783 2433 cum
808 2398 931 2433 locare
983 2398 1079 2432 otius
1092 2403 1262 2450 praestet
1284 2410 1394 2444 quam
1421 2401 1511 2435 tales
1535 2400 1797 2436 deminutiones
1820 2401 1859 2435 in
1883 2401 2175 2452 emphyteusibus
2196 2401 2396 2437 admittere.

150 2444 192 2479 Si
209 2455 293 2480 vero
310 2444 544 2479 ecclesiastici
569 2444 723 2478 alicuius
745 2443 892 2490 praedii
908 2454 951 2478 su
975 2443 1105 2478 urbam
1130 2443 1278 2489 eiusque
1298 2445 1457 2491 pretiosi
1480 2445 1725 2491 emphyteusis
1744 2446 1850 2481 detur
1873 2446 2092 2488 (cuiusmodi
2106 2447 2221 2482 multa
2239 2447 2399 2482 mamime

149 2491 188 2524 in
210 2489 278 2524 hac
296 2489 401 2535 felici
423 2488 512 2524 urbe
533 2500 610 2524 esse
636 2489 788 2530 scimuS,
813 2499 907 2534 quae
930 2489 1055 2534 mayni
1076 2488 1219 2534 quidem
1245 2490 1362 2535 pretii
1382 2491 1475 2533 sint,
1505 2491 1689 2525 minimum
1717 2495 1834 2526 tamen
1864 2491 2020 2527 reditum
2042 2491 2098 2527 vel
2114 2492 2232 2536 plane
2259 2492 2398 2527 nullum

148 2536 308 2581 ferant),
341 2545 415 2570 non
444 2546 493 2570 ea:
519 2534 640 2569 reditu
663 2534 908 2580 emphyteusis
928 2545 1097 2569 mensura
1115 2534 1200 2579 fiat,
1224 2535 1290 2569 sed
1309 2540 1480 2571 accurate
1501 2537 1710 2571 aestimetur
1730 2536 1975 2572 suburbanum
1996 2540 2031 2572 et
2050 2541 2279 2583 computetur
2301 2537 2397 2573 redi-

152 2586 209 2615 tus
240 2581 304 2626 qui
323 2591 373 2615 ex
392 2580 515 2632 pretio
538 2580 688 2615 collecto
719 2580 847 2625 viyinti
868 2580 975 2614 annis
994 2580 1141 2626 percipi
1163 2581 1308 2625 possin
1336 2585 1472 2616 etcum
1502 2581 1622 2617 reditu
1649 2582 1733 2617 inde
1761 2587 1971 2629 computato
1993 2582 2239 2629 emphyteusis
2263 2594 2338 2618 non
2358 2584 2397 2618 in

146 2630 363 2672 perpetuum
384 2626 610 2668 instituatur,
634 2625 699 2661 sed
722 2625 771 2660 ad
790 2625 908 2671 ipsum
931 2626 995 2671 qui
1016 2625 1150 2671 accipit
1169 2630 1205 2660 et
1228 2626 1318 2661 duos
1338 2627 1402 2672 qui
1423 2638 1472 2662 ex
1493 2638 1534 2662 eo
1562 2633 1648 2663 sunt
1675 2638 1914 2670 successores,
1943 2632 1979 2664 et
2006 2629 2121 2664 virum
2143 2634 2207 2663 atet
2228 2640 2395 2671 uoeorem,

149 2671 172 2707 2
219 2671 328 2706 sicuti
347 2676 432 2706 ante
449 2670 622 2713 diximus,
641 2671 838 2718 pertineat.
910 2670 1013 2706 Scire
1033 2676 1152 2706 autem
1173 2671 1426 2718 emphyteutas
1446 2672 1558 2715 decet,
1579 2673 1612 2708 si
1633 2674 1804 2708 continuo
1827 2673 1970 2708 biennio
1992 2685 2167 2709 canonem
2187 2674 2396 2720 emphyteu-

151 2717 259 2752 ticum
283 2727 357 2752 non
374 2715 549 2763 solverint
569 2716 651 2757 (hoc
663 2717 756 2752 enim
783 2720 921 2763 tempus
938 2728 1013 2763 pro
1035 2716 1190 2751 triennio
1215 2718 1344 2752 ceteris
1368 2718 1571 2753 hominibus
1587 2718 1735 2764 definito
1751 2720 1925 2765 sufficere
1942 2719 1992 2754 ad
2003 2719 2254 2766 emphyteusin
2273 2731 2395 2754 rerum

149 2762 476 2797 ecclesiasticarum
490 2762 546 2796 vel
558 2761 816 2808 ptochicarum
835 2762 1029 2797 tollendam
1044 2767 1205 2808 propter
1218 2763 1481 2809 neyleyentiam
1500 2764 1717 2808 statuimus),
1730 2776 1768 2800 se
1780 2764 2068 2811 emphyteumate
2081 2766 2178 2801 anitii
2190 2765 2298 2800 modo
2313 2766 2395 2812 pri-

151 2812 271 2843 vatum
292 2808 350 2850 iri,
373 2808 507 2853 quique
526 2808 644 2842 sacris
662 2807 827 2842 domibus
840 2812 1033 2854 praesunt,
1057 2808 1090 2842 si
1105 2808 1225 2850 velint,
1243 2813 1464 2854 potestatem
1483 2809 1674 2845 habituros
1694 2821 1771 2845 esse
1783 2811 1944 2856 praedia
1965 2811 2020 2846 vel
2034 2810 2160 2846 domos
2174 2811 2394 2853 vindicandi,

150 2853 287 2888 nullam
314 2855 447 2889 veritos
474 2853 767 2888 meliorationum
786 2853 1068 2891 restitutionem:
1102 2864 1225 2888 verum
1243 2854 1275 2888 si
1296 2854 1327 2888 is
1345 2854 1408 2899 qui
1426 2854 1675 2900 emphyteusin
1696 2856 1838 2902 accepit
1856 2857 2050 2902 praedium
2066 2861 2131 2891 aut
2149 2856 2393 2892 suburbanum

149 2903 217 2934 aut
240 2898 446 2944 aedificium
465 2898 625 2933 deterius
642 2899 787 2944 fecerit,
809 2900 895 2945 coyi
917 2910 997 2934 eum
1022 2899 1067 2933 de
1085 2910 1152 2933 suo
1172 2910 1296 2934 curam
1323 2907 1355 2934 et
1380 2900 1643 2936 restitutionem
1658 2901 1843 2946 pristinae
1864 2902 1980 2947 faciei
1997 2913 2192 2948 perayere,
2216 2907 2326 2948 atque
2346 2903 2396 2937 ad

149 2944 217 2979 hoc
229 2948 266 2979 et
283 2944 401 2990 ipsum
417 2943 575 2990 obliyari
586 2949 622 2979 et
641 2943 789 2979 heredes
801 2945 878 2979 eius
895 2948 931 2979 et
948 2955 1174 2979 successores
1187 2949 1221 2980 et
1242 2945 1336 2980 bona
1357 2945 1445 2987 eius,
1492 2950 1723 2991 raeterquam
1736 2946 1835 2992 quod
1847 2947 1954 2982 etiam
1968 2947 2106 2982 reditus
2118 2949 2181 2993 qui
2196 2947 2394 2983 debeantur

149 3000 271 3024 omnes
288 2990 367 3025 sine
386 3000 489 3024 mora
511 2990 721 3035 migrantur.
754 2988 861 3032 Quod
879 2993 997 3024 autem
1016 3001 1038 3024 a
1057 2990 1159 3024 nobis
1175 2990 1308 3025 dictum
1325 2995 1389 3032 est,
1409 3001 1458 3025 nu
1475 2991 1545 3026 lius
1563 2992 1617 3026 rei
1639 2992 1830 3026 immobilis
1849 2993 2113 3028 ecclesiasticae
2131 2993 2187 3028 vel
2198 2993 2394 3039 ptochicae

148 3034 404 3070 alienationem
427 3034 533 3070 licere
554 3035 638 3080 fieri
659 3034 708 3069 ad
727 3035 840 3069 ultam
861 3039 1011 3070 nostrae
1031 3035 1189 3070 civitatis
1208 3047 1418 3082 personam,
1447 3036 1487 3071 id
1509 3040 1551 3072 ut
1578 3037 1697 3072 valeat
1715 3037 1900 3073 sancimus
1923 3050 1997 3073 non
2017 3038 2135 3073 solum
2157 3039 2195 3072 in
2217 3039 2393 3084 aedificiis

1304 3127 1488 3159 conducere
1519 3128 1630 3169 potius
1663 3139 1759 3169 quam
1797 3130 1903 3172 suppl.
1931 3129 1984 3162 V2
2019 3131 2051 3162 in
2083 3137 2167 3171 spat.
2200 3142 2269 3162 vac.
2297 3128 2309 3172 ΙΙ
2332 3141 2390 3172 po-

1304 3174 1383 3213 tius]
1409 3184 1430 3215 p
1456 3174 1488 3205 in
1507 3186 1572 3205 ras·
1599 3178 1651 3214 (ex
1669 3174 1732 3214 41⁶3)
1757 3175 1790 3207 R
1809 3175 1820 3216 ΙΙ
1837 3175 1876 3207 (10
1898 3175 2054 3207 tiationes
2074 3175 2130 3207 V¹
2152 3174 2390 3207 diminutiones

1305 3219 1353 3251 Ιῐ2
1381 3219 1393 3261 ΙΙ
1421 3221 1440 3252 6
1466 3219 1706 3261 emphyteosin]
1733 3220 1939 3263 emphyteusi
1964 3221 2059 3263 vulyo
2084 3220 2095 3261 ΙΙ
2124 3222 2140 3251 ’ἲ
2168 3219 2389 3252 ecclesiastico

197 3129 209 3158 1
243 3122 381 3159 ὁποίοις
404 3124 617 3172 ἔμπροσθεν
644 3129 672 3159 Α
702 3126 713 3167 ΙΙ
745 3128 763 3159 2
790 3122 925 3166 αὐτῶν]
952 3127 982 3158 ei
1008 3129 1043 3167 (i.
1066 3141 1091 3160 e.
1122 3121 1235 3169 αὐτῷ)

151 3183 169 3207 ς
199 3171 211 3213 ΙΙ
240 3173 258 3204 3
290 3168 451 3215 ἀφίεμεν.
478 3172 508 3203 εἰ
533 3168 572 3203 δὲ
596 3173 654 3203 καὶ
680 3170 875 3212 ἑλαττωθῆ
899 3172 930 3203 Α
961 3172 972 3214 ΙΙ
1001 3176 1236 3217 περιπατείας

149 3217 207 3250 Μα
244 3216 360 3249 αἰτίας
382 3218 414 3249 A
443 3215 460 3267 st
483 3219 503 3250 4
536 3212 595 3249 ἐπ’
622 3213 803 3262 ὀλοκλήρω
836 3216 932 3249 τῶτε
960 3215 1144 3261 ὑφεστῶτι
1170 3219 1200 3250 Α
1223 3216 1235 3262 ΙΙ

149 3264 169 3294 6
192 3258 305 3304 μηδὲν
330 3260 388 3305 Al]
408 3260 489 3300 ἐξον
512 3259 580 3307 γάρ
606 3263 683 3294 ἐστι
707 3260 869 3306 μισθοῦν
893 3262 923 3295 A
951 3263 995 3303 117
1024 3259 1235 3307 ἐμφυτεύσει

149 3309 238 3348 Α(ς)
268 3307 279 3351 ΙΙ
311 3310 350 3341 10
380 3304 488 3340 πόλιν
513 3307 738 3340 καθεστᾶναι
760 3308 789 3339 A
818 3306 830 3350 ΙΙ
866 3309 904 3340 ’12
930 3305 1013 3340 οὐδὲ
1036 3305 1232 3355 πρόσοδον]

147 3350 261 3396 μηδὲν
286 3354 316 3385 Α
347 3351 359 3396 ΙΙ
391 3355 429 3386 15
455 3349 648 3393 ὠνεῖσθαι]
673 3349 695 3395 ἢ
719 3352 967 3386 συνωνεῖσθαι
991 3355 1022 3386 Α
1053 3353 1064 3396 ΙΙ
1097 3357 1134 3387 17
1158 3362 1233 3397 post

148 3394 367 3442 ἐμφύτευσιν
390 3400 528 3441 spatium
556 3399 574 3431 2
591 3401 667 3442 fere
687 3399 745 3431 litt.
767 3405 812 3429 est
833 3399 865 3430 in
885 3399 950 3443 ΜΗ
973 3402 1012 3433 19
1038 3395 1232 3440 διαδόχων]

148 3445 369 3476 successiones
394 3445 430 3486 (i.
457 3457 482 3477 e.
508 3440 702 3485 διαδοχῶν)
727 3455 747 3479 ς
777 3442 789 3486 ΙΙ
818 3445 858 3476 25
893 3443 932 3483 ἐξ
962 3441 1231 3490 ἀγνωμοσύνης]

147 3500 207 3531 pro
232 3500 299 3522 non
323 3488 432 3521 soluto
457 3500 582 3522 canone
608 3501 644 3524 ς’
659 3489 670 3532 ΙΙ
699 3487 915 3535 γενήσονται
939 3490 1054 3531 ΑΒδς]
1087 3487 1230 3536 γενησε-

147 3546 209 3586 ‘tac
223 3535 266 3567 M
273 3534 340 3576 (ΒΓ
345 3536 357 3576 )
377 3533 390 3579 ΙΙ
406 3537 448 3569 28
472 3535 550 3568 τῶν
569 3534 713 3567 οἰκείων
731 3535 761 3567 Α
781 3533 792 3577 ΙΙ
810 3535 851 3567 30
876 3538 1119 3576 πεποίηκεσαν
1132 3537 1163 3569 A
1183 3536 1194 3578 Η
1210 3530 1231 3577 ἢ
1264 3573 1266 3580 γ

147 3591 213 3622 την
234 3579 352 3613 οἰκίαν
372 3594 428 3613 om.
446 3581 475 3613 A
493 3580 507 3625 ss
523 3583 561 3614 31
590 3578 626 3612 οἱ
644 3592 676 3612 τ.
692 3580 717 3611 έ.
733 3576 930 3622 δεξάμενοι,
954 3577 1009 3615 ἀν.
1036 3578 1163 3614 αὐτοὺς
1176 3582 1205 3613 Α
1219 3580 1231 3624 Η

148 3626 189 3657 33
214 3621 340 3658 αὐτούς
363 3637 403 3658 τε
421 3627 451 3659 Α
468 3624 480 3670 ΙΙ
500 3628 544 3660 34
569 3622 692 3658 αὐτῶν
712 3623 764 3667 A]
791 3622 915 3658 αὐτῶν
933 3626 964 3658 Α
983 3625 994 3669 ΙΙ
1012 3629 1052 3660 35
1075 3625 1163 3672 πρὸς
1186 3626 1229 3660 τὸ

147 3670 177 3702 Δ
188 3667 203 3711 ΙΙ
217 3672 259 3704 38
267 3683 314 3713 sq.
329 3671 594 3723 ἐπιτρέπεσθαι
606 3670 693 3716 πρὸς
705 3669 753 3714 μὴ
778 3670 794 3702 ἒ
806 3671 885 3704 ἒνΑ
896 3669 910 3709 ll
924 3673 965 3704 40
980 3668 1229 3717 προσώπωνΛ

196 3728 210 3760 1
247 3727 500 3770 scrupulositate
535 3728 821 3771 inputandandam
856 3729 945 3771 (dam
978 3730 1011 3762 in
1041 3732 1121 3771 ras.)
1156 3731 1190 3763 R

149 3772 168 3805 2
194 3772 396 3816 contignerit
420 3775 452 3808 R
478 3773 491 3819 Ι]
513 3774 739 3818 pensationem
762 3774 796 3808 R
810 3773 824 3821 ΙΙ
843 3777 862 3811 5
887 3774 998 3817 liceat]
1023 3773 1139 3809 debeat
1162 3776 1195 3809 R
1218 3729 1231 3821 Η

1302 3264 1349 3297 R¹
1370 3263 1382 3308 ΙΙ
1398 3264 1536 3305 pretiosi
1559 3264 1660 3305 RT1]
1686 3275 1852 3307 pracun
1876 3266 1929 3299 V¹
1952 3265 2080 3308 praedii
2107 3265 2217 3297 V2T²
2241 3267 2356 3309 (cuiq.)
2377 3266 2389 3309 Η

1303 3311 1322 3343 8
1354 3309 1556 3342 nouissimus
1580 3308 1613 3342 V
1618 3310 1626 3328 ¹
1657 3309 1669 3353 ΙΙ
1702 3312 1739 3342 10
1770 3311 1955 3352 pensiones]
1992 3308 2169 3353 pusiones
2206 3312 2284 3353 (pro
2313 3321 2387 3352 pos*

1301 3354 1495 3396 sessiones?)
1523 3354 1576 3387 V¹
1604 3354 1616 3396 ll
1651 3358 1687 3389 11
1720 3356 1853 3388 metiret
1880 3357 1927 3389 R¹
1959 3356 1971 3400 ΙΙ
2002 3358 2040 3389 12
2071 3356 2224 3388 extimari
2256 3356 2388 3402 RVTH

1306 3403 1343 3434 14
1367 3400 1581 3442 *computari
1600 3401 1676 3434 libri
1690 3401 1701 3443 ΙΙ
1724 3404 1763 3435 15
1782 3402 1937 3444 percipit]
1960 3402 2086 3443 accepit
2106 3401 2140 3433 R
2158 3400 2170 3444 ΙΙ
2190 3404 2230 3434 16
2253 3404 2303 3442 eo]
2324 3413 2383 3434 eu

1302 3446 1355 3479 V¹
1384 3445 1395 3488 ΙΙ
1428 3447 1465 3478 17
1493 3445 1590 3485 sicut]
1616 3446 1644 3478 si
1669 3446 1717 3480 R¹
1741 3447 1752 3490 ΙΙ
1780 3449 1822 3480 20
1847 3448 2072 3489 renphiteotas
2096 3447 2148 3479 Ra
2171 3445 2184 3490 ΙΙ
2211 3448 2253 3480 22
2279 3448 2385 3480 homi-

1300 3493 1392 3532 num]
1419 3492 1568 3522 omnium
1583 3490 1614 3524 V
1619 3493 1629 3512 ¹
1654 3490 1666 3535 Η
1689 3494 1729 3525 23
1751 3493 1970 3534 phochiarum
1987 3494 2017 3525 R
2037 3492 2048 3536 ΙΙ
2072 3494 2114 3526 24
2136 3493 2382 3536 emphyteosin

1301 3537 1352 3569 V¹
1370 3537 1381 3580 ΙΙ
1400 3537 1486 3568 sient
1507 3536 1555 3568 12²
1573 3535 1584 3580 ΙΙ
1603 3538 1643 3570 25
1665 3538 1842 3580 propositis
1855 3538 1903 3570 R¹
1924 3537 1934 3581 ΙΙ
1953 3540 1994 3572 26
2018 3540 2206 3571 sanctarum
2222 3539 2253 3571 R
2277 3550 2384 3572 sacra-

1300 3593 1373 3613 rum
1389 3584 1435 3614 bis
1447 3594 1507 3614 scr.
1523 3580 1571 3614 V²
1590 3581 1602 3626 Η
1619 3585 1658 3616 31
1679 3583 1787 3615 facere
1800 3595 1857 3616 om.
1871 3582 1922 3616 R¹
1938 3582 1950 3627 ΙΙ
1969 3583 2010 3615 ad
2028 3583 2092 3616 hoc
2104 3582 2298 3629 ipsumlsum
2311 3584 2384 3629 R¹Yss

1300 3629 1342 3661 32
1368 3628 1502 3668 eiusque
1530 3638 1580 3660 res
1605 3627 1665 3670 V1,
1691 3641 1750 3661 om.
1775 3628 1822 3660 R‘
1851 3628 1863 3671 ΙΙ
1893 3629 2030 3672 insuper
2058 3631 2103 3670 et]
2133 3631 2166 3662 et
2190 3630 2327 3673 insuper
2352 3633 2383 3663 et

1300 3673 1336 3706 V
1344 3671 1357 3690 ²
1380 3675 1411 3704 et
1432 3673 1568 3715 insuper
1593 3673 1626 3706 T
1645 3673 1656 3717 ΙΙ
1676 3675 1717 3707 37
1745 3684 1764 3705 a
1789 3673 1884 3706 nobis
1912 3677 1959 3707 est
1979 3674 2030 3716 V]
2055 3678 2104 3708 est
2123 3686 2142 3707 a
2166 3676 2262 3708 nobis
2282 3677 2381 3720 vuly„

1298 3720 1346 3797 get
1371 3731 1453 3798 οιη.Β
1450 3717 1484 3750 R
1511 3717 1523 3762 ΙΙ
1555 3720 1596 3753 38
1619 3719 1800 3752 ecclasticis
1823 3722 1882 3752 aut
1909 3721 2042 3764 ptochie
2063 3722 2095 3754 R
2123 3720 2135 3765 ss
2165 3723 2208 3755 40
2231 3721 2381 3754 domibus

1321 3775 1339 3796 o
1365 3766 1397 3797 et
1456 3767 1472 3785 α
