2618 4010
163 142 223 172 DE
251 142 494 174 CONSULIBU
498 142 520 173 S

2117 130 2222 172 Nov.
2257 130 2325 171 CV
2356 132 2380 169 2

163 254 266 286 τερον
291 245 531 287 παραβαίνων
554 239 668 281 νόμον
693 239 786 281 ἄξιος
810 241 862 284 εἴη
887 243 1021 284 ποινῆς.
1059 237 1154 275 οὕτω
1169 240 1236 287 γὰρ

162 284 247 341 ημῖν
277 288 420 320 ἔσονται
453 283 622 328 διηνεκῶς
654 284 808 330 ὕπατοι,
840 286 909 329 τὴν
939 288 1004 320 τοῦ
1029 286 1236 333 πράγματος

162 336 336 377 (ιμετρίαν
367 328 408 365 οὗ
441 334 650 377 φρίττοντες
681 329 764 365 οὐδὲ
795 328 843 366 ὥς
871 345 954 366 τινα
978 329 1236 379 φανερώτατον

161 374 329 411 κίνδυνον
356 376 424 419 τὴν
448 373 625 410 ὑπατείαν
649 374 912 423 ἀποφεύγοντες
940 380 998 410 καὶ
1024 374 1234 422 ἐκτρεπόμε-

160 435 226 456 νοι.
270 424 329 455 καὶ
354 418 412 455 διὰ
435 422 542 454 τοῦτο
566 421 792 466 θεσπίζομεν
815 422 882 456 τὸν
898 420 1012 465 νόμον
1036 424 1075 455 ἐν
1095 424 1233 465 βεβαίῳ

159 467 184 503 3
230 465 477 512 φυλάττεσθαι
500 467 640 500 τοῦτον.
718 466 838 511 μηδεὶς
862 471 983 501 τοίνυν
1008 463 1121 500 αὐτὸν
1144 478 1234 511 παρ-

160 512 289 552 εξιέναι
314 509 525 557 θαρρήσειε,
556 510 647 555 μηδὲ
671 513 701 545 εἰ
724 510 864 558 σφόδρα
894 511 1061 554 πλουτοίη
1091 508 1181 555 μηδὲ
1204 511 1235 543 εἰ

159 558 235 590 τῶν
266 553 451 601 ἡμετέρων
486 554 674 602 ἀρχόντων
709 558 761 600 εἴη
799 555 888 600 μηδὲ
924 558 954 590 εἰ
989 558 1049 598 τῆς
1083 555 1235 602 μεγάλης

158 600 283 655 §oviis
306 599 329 644 ἢ
350 600 528 645 μηδεμίαν
561 599 674 648 ἀρχὴν
698 602 807 649 ἄρχοι.
855 604 971 636 ταῦτα
994 601 1060 647 γὰρ
1089 597 1234 635 ἅπαντα

1304 239 1569 283 praevaricatus
1593 240 1702 282 legem
1727 239 1852 282 dignus
1877 244 1931 275 est
1949 251 2073 284 poena.
2112 240 2171 275 Sic
2196 240 2288 274 enim
2313 250 2376 274 no-

1303 284 1358 319 bis
1383 289 1485 319 erunt
1514 285 1642 329 iugiter
1667 285 1843 324 consules,
1869 296 1998 320 causae
2021 286 2281 320 inmensitatem
2308 296 2380 320 nou

1303 330 1532 364 formidantes
1551 340 1616 365 nec
1633 333 1811 372 tamquam
1831 330 2062 365 certissimum
2080 331 2276 375 periculum
2293 341 2378 366 con-

1304 375 1457 409 sulatum
1475 375 1689 418 refugientes
1711 378 1747 408 et
1763 380 1978 410 aversantes.
2026 376 2076 410 Et
2091 380 2281 420 propterea
2297 386 2377 411 san-

1272 422 1290 453 5
1305 420 1415 454 cimus
1439 421 1550 463 legem
1575 420 1641 454 sub
1666 418 1834 453 firmitate
1859 421 1990 454 servari
2016 421 2118 455 hanc.

1303 465 1327 500 3
1373 465 1500 499 Nullus
1531 465 1639 508 igitur
1669 474 1747 498 eam
1779 465 1896 508 egredi
1923 470 2143 509 praesumat,
2178 476 2242 500 nec
2267 466 2298 500 si
2322 475 2378 500 ve-

1304 511 1484 545 hementer
1507 510 1653 544 idoneus
1678 509 1737 551 sit,
1771 520 1837 544 nec
1861 511 1891 545 si
1915 513 2116 545 nostrorum
2141 511 2186 545 sit
2210 511 2379 552 iudicum,

1304 565 1368 589 nec
1403 555 1432 590 si
1467 555 1641 589 maximae
1678 555 1799 589 curiae
1834 559 1896 589 aut
1930 556 2050 590 nullae
2082 556 2379 591 administrationi

1303 601 1447 644 praesit.
1496 600 1593 634 Haec
1617 599 1708 634 enim
1735 600 1851 634 omnia
1881 611 1945 634 nos
1970 601 2236 635 considerantes
2268 601 2378 636 omni-

157 649 254 701 ημεῖς
284 644 491 699 συνιδόντες
522 660 636 681 πασιν
666 647 897 691 ἐπεθήκαμεν
927 648 986 681 ἐπὶ
1011 649 1086 680 ταῖς
1111 644 1233 680 δόσεσι
1250 649 1289 679 10
1306 646 1373 680 bus
1393 645 1644 689 proposuimus
1666 655 1773 689 super
1793 645 1996 679 dationibus
2013 646 2272 689 aequalitatem,
2293 646 2380 680 nulli

157 705 224 734 την
249 692 417 734 ἰσοτητα,
451 689 571 726 οὐδενὶ
595 691 781 727 παντελῶς
804 690 931 726 ἄδειαν
957 689 1119 725 διδόντες
1143 704 1233 738 παρ-

157 738 306 779 εκβῆναι
336 736 378 770 τὸ
404 740 535 782 μέτρον
567 738 609 771 τὸ
634 736 729 780 τῷδε
759 736 1010 783 περιεχόμενον
1039 737 1092 779 τῷ
1117 733 1232 779 νόμῳ,

157 780 252 825 πλὴν
289 783 348 815 ἐπὶ
382 779 484 825 μόνῳ
520 784 574 825 τῷ
606 783 672 816 τὸν
702 782 854 829 ἄργυρον
886 784 925 815 ἐν
957 784 1033 815 ταῖς
1061 779 1233 825 ,προόδοις

157 828 299 871 ῥίπτειν
321 826 343 869 ἢ
366 825 457 870 μηδὲ
479 828 585 861 τοῦτο
607 831 733 870 ποιεῖν,
756 825 778 861 ὃ
793 830 868 861 ταῖς
894 824 1115 861 αὐτῶντῶν
1139 823 1231 861 ὑπά-

1302 691 1444 735 penitus
1474 690 1652 725 licentiam
1677 690 1801 725 dantes
1833 690 1927 725 exire
1956 700 2159 725 mensuram
2191 700 2283 734 quae
2312 690 2380 725 hac

1303 736 1507 771 continetur
1530 736 1614 780 lege,
1648 735 1714 770 nisi
1738 735 1774 770 in
1798 736 1873 770 solo
1904 739 2049 779 argento
2081 736 2118 770 in
2142 736 2378 780 processioni-

1303 782 1368 815 bus
1394 780 1590 825 spargendo
1616 784 1680 815 aut
1704 790 1816 823 neque
1841 780 1910 815 hoc
1934 780 2108 822 faciendo,
2142 781 2237 825 quod
2260 781 2296 814 in
2320 791 2379 815 eo-

1301 827 1448 861 rundem
1486 826 1672 861 consulum
1706 825 1908 870 posuimus,
1946 826 2039 860 sicut
2074 836 2180 878 saepe
2216 826 2378 867 diximus,

156 885 233 905 των
263 871 496 926 ἀνεθήκαμεν
531 873 646 913 (καθὰ
679 872 846 908 πολλάκις
878 873 1026 918 εἴρηται)
1061 872 1287 918 γνώμαις.15
1300 871 1553 906 voluntatibus.
1603 871 1692 915 Ipsis
1718 881 1857 914 quoque
1890 871 1950 914 qui
1980 871 2068 906 haec
2101 881 2263 915 accipere
2295 882 2378 906 con-

158 921 229 950 Καὶ
254 921 373 951 αὐτοῖς
397 916 436 951 δὲ
452 921 524 951 τοῖς
540 920 655 952 ταῦτα
679 917 878 962 λαμβάνειν
901 915 1057 951 εἰωθόσι
1080 920 1229 962 μεγίστη

155 961 251 1007 χάρις
276 964 315 996 ἐν
338 961 433 1008 τῷδε
455 962 559 1006 ἡμῶν
583 960 795 997 ἀποκείσθω
819 964 871 1005 τῷ
897 960 1008 1006 νόμῳ.
1057 963 1087 995 εἰ
1109 962 1178 1008 γὰρ
1209 959 1228 994 ὁ

156 1006 317 1041 κίνδυνος
341 1010 386 1050 ἦν
418 1007 683 1042 ἐπιλειπόντων
707 1006 968 1042 ὑπατευόντων
990 1005 1063 1051 μηδ
1071 1004 1077 1016 '
1105 1006 1230 1041 ὁτιοῦν

157 1052 366 1097 λαμβάνειν,
400 1054 467 1087 νῦν
499 1051 537 1107 δὲ
560 1050 738 1098 λήψονται
764 1056 920 1098 μέτριον,
953 1051 1088 1106 πολλὴν
1113 1050 1160 1086 ἂν
1183 1053 1228 1085 εἰ-

1300 920 1490 951 sueverunt
1521 916 1695 951 maximae
1725 917 1860 959 gratiae
1890 917 1927 951 in
1955 916 2023 951 hac
2048 919 2171 951 nostra
2200 916 2379 960 repositae

1300 961 1370 995 sint
1394 963 1480 1006 lege.
1530 962 1565 996 Si
1589 962 1680 996 enim
1705 962 1901 1006 periculum
1925 963 2003 996 erat
2024 961 2269 996 deficientibus
2294 972 2376 996 con-

1299 1006 1435 1042 sulibus
1460 1017 1574 1051 neque
1598 1007 1787 1050 quicquam
1812 1009 1992 1051 accipere,
2019 1018 2113 1042 nunc
2139 1010 2258 1043 autem
2283 1007 2377 1041 acci-

1300 1052 1398 1095 pient
1429 1052 1666 1091 mediocriter,
1702 1052 1846 1086 multam
1878 1052 2060 1087 habebunt
2095 1052 2161 1087 rite
2197 1052 2279 1087 huic
2311 1052 2379 1095 legi

157 1097 250 1131 δεῖεν
268 1099 412 1132 εἰκότως
436 1097 531 1140 τῷὸε
553 1111 604 1140 τῳ
633 1099 735 1141 νόμῳ
760 1112 865 1152 χαριν
888 1098 930 1132 τὸ
957 1098 1126 1142 αὑταρκες
1150 1095 1228 1131 ἀντὶ
1243 1098 1285 1131 20
1298 1098 1459 1140 gratiam,
1484 1097 1579 1141 quod
1596 1097 1753 1132 sufficiat
1768 1108 1831 1141 pro
1850 1097 1957 1132 nihilo
1984 1098 2197 1132 auferentes.
2238 1098 2286 1132 Et
2310 1098 2377 1132 hoc

156 1145 220 1177 τοῦ
250 1141 402 1188 μηδενὸς
436 1144 674 1187 κομιζόμενοι.
722 1147 781 1177 καὶ
813 1143 899 1177 αυτὸ
934 1143 1002 1189 γὰρ
1034 1141 1077 1186 δη
1106 1142 1148 1176 τὸ
1180 1142 1228 1186 μὴ

156 1192 349 1234 συγχωρεῖν
383 1187 473 1232 ἡμᾶς
510 1192 582 1222 τοῖς
617 1186 864 1228 ἐνδοξοτάτοις
903 1186 1052 1223 ὑπάτοις
1085 1191 1230 1233 χρυσίον

156 1235 297 1278 ῥίπτειν
321 1232 342 1276 ἢ
365 1237 423 1267 καὶ
444 1233 597 1278 (casios)
616 1235 747 1276 μεῖζον,
774 1230 854 1267 ἀλλ’
874 1236 913 1267 έν
932 1233 1167 1280 μιλιαρησίοις
1190 1246 1229 1266 τε

154 1282 212 1312 καὶ
236 1278 358 1323 μήλοις
388 1282 447 1312 καὶ
471 1282 623 1312 καυκίοις
653 1282 713 1312 καὶ
739 1283 991 1325 τετραγωνίοις
1021 1281 1230 1323 συμμέτροις

1300 1143 1391 1176 enim
1414 1143 1530 1187 ipsum
1551 1153 1622 1177 non
1646 1143 1849 1186 permittere
1874 1153 1938 1177 nos
1962 1143 2223 1186 gloriosissimis
2248 1153 2376 1177 consu-

1298 1188 1390 1222 libus
1424 1191 1486 1221 aut
1516 1198 1642 1221 aurum
1673 1198 1839 1231 spargere
1867 1192 1929 1222 aut
1953 1198 2041 1222 vasa
2065 1188 2218 1230 maiora,
2251 1188 2311 1223 sed
2342 1188 2378 1222 in

1299 1232 1521 1267 miliarensiis
1557 1235 1593 1267 et
1626 1234 1724 1267 melis
1750 1238 1784 1266 et
1808 1234 1928 1268 caucis
1954 1237 1990 1267 et
2014 1233 2280 1277 quadriangulis
2305 1243 2377 1268 me-

1298 1278 1478 1312 diocribus
1504 1281 1538 1312 et
1562 1278 1763 1313 huiusmodi
1786 1278 1904 1312 facere
1936 1278 2131 1321 dationem,
2165 1279 2303 1314 sanctio
2333 1278 2378 1312 ad

155 1328 214 1357 καὶ
243 1328 315 1358 τοῖς
346 1324 520 1357 τοιούτοις
543 1324 730 1358 ποιεῖσθαι
760 1325 826 1366 τὴν
851 1323 955 1358 δόσιν
973 1324 1229 1368 νομοθετῆσαι,
1243 1325 1284 1357 25
1298 1324 1552 1358 humanitatem
1569 1334 1590 1358 a
1609 1323 1710 1358 nobis
1726 1323 1915 1358 adinventa
1934 1326 1988 1358 est
2008 1327 2042 1358 et
2059 1324 2189 1368 populo
2206 1324 2378 1359 medelam

155 1369 243 1416 πρὸς
275 1368 560 1414 φιλανθρωπίαν
595 1366 680 1413 ἡμῖν
712 1367 900 1414 ἐξηύρηται
935 1373 995 1403 καὶ
1026 1370 1229 1414 θεραπείαν

154 1416 217 1448 τοῦ
251 1412 373 1459 δήμου.
421 1415 450 1447 εἰ
480 1414 549 1460 γὰρ
577 1416 683 1448 τοῦτο
716 1413 909 1459 πράττοιεν
938 1414 974 1448 οἱ
995 1415 1063 1458 τὴν
1087 1411 1230 1449 ὕπατον

154 1458 258 1493 δόσιν
280 1458 571 1506 φιλοτιμούμενοι
595 1463 653 1492 καὶ
678 1458 817 1493 τούτοις
841 1458 884 1503 δὴ
901 1459 1025 1503 μόνοις
1044 1458 1228 1493 καταπάτ-

153 1518 249 1539 τοιεν
273 1505 355 1539 τοὺς
378 1502 550 1548 δημότας,
579 1503 696 1538 οὗκέτι
721 1502 768 1538 ὥς
790 1519 830 1551 γε
853 1503 942 1549 ὑπὲρ
964 1504 1130 1551 μεγάλων
1154 1519 1228 1549 κερ-

1297 1369 1487 1413 praebens.
1530 1369 1566 1403 Si
1582 1369 1672 1403 enim
1695 1369 1763 1403 hoc
1787 1369 1921 1411 egerint
1945 1369 2003 1412 qui
2029 1370 2251 1404 consularem
2273 1370 2378 1403 edent

1297 1414 1575 1448 munificentiam
1604 1417 1640 1448 et
1665 1414 1723 1455 [in]
1755 1414 1809 1448 his
1837 1414 1923 1448 solis
1957 1415 2145 1448 concilient
2174 1416 2376 1459 populares,

1298 1470 1520 1504 nequaquam
1551 1459 1593 1493 de
1625 1459 1785 1493 maximis
1810 1460 1917 1493 lucris
1942 1459 2162 1494 decertantes
2188 1460 2378 1494 seditiones

1298 1509 1465 1540 exercent
1501 1505 1546 1539 ad
1581 1505 1730 1539 invicem
1765 1508 1799 1539 et
1834 1504 1974 1539 venient
2003 1516 2115 1549 usque
2146 1506 2191 1540 ad
2222 1505 2378 1540 alternas

154 1548 229 1583 δῶν
246 1547 473 1596 ἅγωνιωντες
497 1550 728 1583 στασιάσουσι
753 1551 842 1595 πρὸς
857 1548 1027 1593 ἀλλήλους
1051 1554 1110 1584 καὶ
1134 1550 1226 1584 ἑλεύ-
1242 1552 1285 1584 30
1298 1551 1433 1595 plagas,
1459 1560 1547 1595 quas
1571 1560 1635 1594 per
1657 1550 1771 1584 fustes
1798 1551 1833 1584 et
1855 1550 1990 1593 gladios
2010 1554 2045 1584 et
2068 1550 2203 1595 lapides
2231 1552 2378 1593 egerunt

153 1607 278 1629 σονται
307 1598 408 1639 μέχρι
439 1596 516 1629 τῶν
548 1593 631 1629 κατ’
659 1592 822 1637 ἀλλήλων
847 1595 1006 1642 πληγῶν,
1039 1593 1079 1629 ἅς
1103 1594 1145 1638 δὴ
1171 1598 1230 1629 καὶ

154 1637 213 1673 διὰ
239 1639 411 1684 ῥοπάλων
442 1643 501 1674 καὶ
525 1639 642 1680 ξύλων
673 1644 732 1673 καὶ
757 1640 879 1674 λίθων
902 1642 1120 1684 ἐποιήσαντο
1145 1640 1229 1675 πολ-

152 1684 267 1729 λάκις,
297 1687 444 1731 πρᾶγμα
467 1684 553 1729 ἡμῖν
578 1685 763 1719 παντελῶς
788 1683 1011 1729 ἀποθύμιον.
1060 1688 1230 1730 ἑωρῶμεν

151 1730 221 1775 γὰρ
253 1727 378 1764 αὐτοὺς
402 1730 661 1772 στασιάζοντας
691 1733 758 1774 μὲν
789 1734 847 1764 καὶ
872 1733 995 1766 κακῶν
1025 1729 1230 1776 ἀμυθήτων

152 1775 401 1819 ε’μπιπλάνταε
426 1773 593 1818 ἀλλήλους
623 1776 802 1822 προφάσει
831 1777 908 1811 τῶν
933 1778 1163 1831 ῥιπτομένων
1191 1790 1231 1811 τε
1243 1779 1285 1811 35

103 1853 105 1855 .
152 1824 211 1854 καὶ
242 1818 308 1856 ὑπ’
336 1819 458 1855 αὐτῶν
491 1820 802 1866 διαρπαζομένων,
836 1822 925 1856 οἴκοι
959 1821 997 1856 ὁὲ
1028 1824 1231 1869 εἰςαγοντας

1298 1596 1520 1639 frequenter,
1552 1605 1626 1630 rem
1651 1595 1792 1630 omnino
1816 1596 1916 1630 nobis
1940 1595 2117 1630 odibilem.
2162 1595 2378 1631 Videbamus

1299 1642 1390 1676 enim
1423 1651 1483 1676 eos
1517 1640 1770 1675 contendentes
1803 1640 1944 1685 quidem
1979 1644 2014 1675 et
2049 1641 2150 1674 malis
2185 1641 2378 1675 innumeris

1298 1687 1485 1730 implentes
1517 1687 1707 1720 alterutros
1739 1686 1926 1721 occasione
1958 1696 2163 1729 sparsorum
2194 1688 2229 1721 et
2259 1687 2302 1720 ab
2328 1685 2378 1720 eis

1298 1733 1544 1776 abreptorum‚
1576 1731 1670 1766 domi
1690 1741 1772 1767 vero
1797 1731 1996 1766 deferentes
2020 1731 2162 1767 omnino
2187 1732 2290 1775 nihil,
2316 1730 2378 1767 sed

151 1960 298 1990 nostrae
322 1955 480 1991 violator
496 1966 620 2001 poena
646 1956 778 2001 dionus
793 1956 850 1990 sit.
900 1955 960 1991 Ita
984 1957 1077 1992 enim
1101 1956 1203 1991 nobis
1220 1960 1401 2002 perpetuo
1427 1956 1592 1991 consules
1616 1960 1732 1998 erunt,
1757 1957 1819 2002 qai
1840 1968 1910 1991 non
1930 1957 2131 2001 formident
2154 1956 2379 1992 immodicam

152 2002 206 2036 rei
236 2001 537 2046 maynificentiam
574 2012 638 2036 nec
673 2006 856 2046 tamquam
892 2002 1154 2047 apertissimum
1185 2001 1390 2046 periculum
1426 2002 1650 2037 consulatum
1684 2004 1835 2047 faciant
1871 2007 1906 2037 et
1939 2007 2159 2037 aversentur.
2218 2001 2379 2048 Ideoque

152 2047 176 2082 3
222 2046 413 2087 sancimus,
436 2049 477 2080 ut
492 2045 580 2080 haec
597 2046 659 2081 lex
677 2046 832 2090 firmiter
853 2047 1089 2082 custodiatur.
1163 2047 1274 2081 Nemo
1296 2046 1409 2092 iyitur
1428 2058 1505 2082 eam
1523 2047 1778 2082 circumvenire
1799 2048 1943 2089 audeat,
1965 2058 2009 2082 ne
2028 2047 2061 2081 si
2080 2047 2215 2082 divitiis
2236 2048 2378 2092 quidem

153 2090 309 2125 abundet
341 2095 404 2124 aut
428 2091 459 2124 si
483 2101 531 2125 esc
555 2090 827 2135 maqistratibas
850 2093 985 2126 nostris
1017 2096 1081 2126 aut
1112 2092 1143 2126 si
1168 2103 1216 2127 ea·
1240 2103 1373 2136 magma
1398 2093 1500 2126 curia
1532 2093 1579 2126 sit
1610 2098 1672 2127 aut
1705 2092 1843 2127 nullum
1867 2092 2118 2138 mayist7·atum
2142 2098 2258 2137 flerat.
2310 2093 2378 2127 His

154 2136 245 2170 enim
284 2135 445 2169 omnibus
480 2135 718 2169 consideratis
753 2147 820 2170 nos
855 2136 1108 2180 aequalitatem
1145 2137 1182 2170 in
1222 2136 1411 2181 larqiendo
1449 2137 1612 2171 omnibus
1647 2138 1895 2184 imposuimus,
1936 2137 2026 2171 nutti
2060 2139 2203 2172 omnino
2239 2139 2377 2173 veniam

154 2181 280 2215 dantes
303 2181 445 2214 modum
470 2179 537 2214 ltac
559 2180 635 2224 [eye
652 2180 943 2225 comprehensum
969 2181 1186 2223 excedendi,
1219 2186 1373 2226 eoecepta
1404 2181 1483 2215 sota
1510 2181 1653 2216 licentia
1685 2187 1874 2227 arqentum
1898 2183 1934 2216 in
1954 2183 2250 2228 processionibus
2273 2194 2377 2228 spar-

154 2225 262 2270 yendi
285 2230 348 2258 aut
367 2236 410 2259 ne
435 2224 501 2259 stoc
521 2224 661 2269 quidem
682 2225 845 2269 faciendi
858 2253 864 2263 ‚
891 2225 928 2259 z‘ct
951 2225 1048 2271 quod
1071 2225 1246 2260 voluntati
1270 2225 1468 2267 consutum,
1493 2230 1534 2261 ut
1558 2237 1620 2261 sae
1648 2228 1705 2260 ius
1728 2227 1860 2261 dictum
1882 2232 1944 2268 est,
1970 2228 2218 2262 commisimus.
2260 2231 2377 2272 Atque

154 2271 244 2315 ipsis
267 2281 409 2314 quoque
434 2270 495 2315 qui
519 2280 561 2303 ea
587 2270 750 2314 accipere
773 2270 904 2311 solent,
937 2270 1098 2304 maxima
1129 2271 1253 2315 qratia
1284 2270 1323 2304 in
1352 2269 1420 2304 fiac
1452 2275 1578 2305 nostra
1625 2282 1688 2316 eqe
1717 2272 1877 2322 reposita
1900 2273 1955 2306 sit.
2006 2272 2099 2306 Nam
2123 2272 2155 2306 si
2172 2272 2376 2318 periculum

155 2320 234 2350 erat
258 2326 303 2349 ne
342 2314 586 2358 deficientibus
610 2314 815 2348 consulibus
839 2314 928 2348 nibil
951 2316 1171 2360 acciperent,
1205 2325 1299 2349 itunc
1323 2325 1405 2349 vero
1430 2315 1625 2350 mediocria
1650 2316 1838 2360 accipient,
1875 2318 2001 2351 merito
2027 2328 2194 2361 inaquam
2219 2318 2376 2362 qratiam

157 2359 240 2394 huic
264 2359 334 2404 leqi
359 2359 546 2400 habebunt,
572 2360 634 2403 qui
650 2359 854 2404 pronihilo
879 2364 1052 2393 (uantum
1077 2360 1167 2393 satis
1189 2365 1243 2394 est
1266 2360 1450 2404 auferant.
1490 2359 1629 2394 Etenim
1654 2360 1745 2395 illud
1768 2361 1895 2406 ipsum,
1921 2361 2021 2406 quod
2043 2372 2114 2395 non
2133 2363 2377 2406 permittimus

154 2404 426 2451 9l07·iosissimis
450 2403 657 2438 consulibus
681 2415 809 2438 aurum
840 2415 879 2439 ve
918 2405 1023 2438 etiam
1050 2416 1134 2438 vasa
1158 2404 1298 2438 maiora
1322 2415 1512 2449 sparqere,
1544 2404 1608 2439 sed
1639 2406 1675 2439 in
1699 2405 1963 2440 mitiarensibus
1993 2410 2029 2441 et
2059 2406 2160 2441 melis
2190 2411 2223 2441 et
2254 2408 2376 2442 caucis

155 2454 189 2485 et
212 2449 474 2495 quadranaulis
497 2449 735 2483 mediocribus
759 2454 793 2483 et
815 2448 854 2483 id
876 2460 991 2493 oenus
1015 2449 1098 2483 aliis
1122 2449 1353 2494 tarqitionem
1373 2450 1499 2493 facere
1520 2460 1580 2484 eos
1595 2451 1795 2491 sanccimus,
1821 2450 1869 2484 acl
1890 2451 2146 2486 humanitatem
2167 2456 2200 2486 et
2223 2453 2374 2486 satutem

150 2494 283 2541 populi
307 2505 330 2528 a
354 2494 457 2528 nobis
480 2495 725 2539 eoecoqitatum
751 2498 813 2528 est.
863 2495 903 2528 Si
927 2495 1019 2528 enim
1044 2493 1111 2529 lioc
1126 2494 1272 2539 faciant
1297 2494 1359 2539 qui
1382 2494 1589 2528 consularia
1613 2506 1762 2530 munera
1785 2501 1966 2541 sparyunt
1989 2500 2024 2530 et
2048 2495 2103 2530 leis
2127 2497 2267 2541 quidem
2287 2497 2376 2531 solis

155 2541 248 2575 cives
272 2539 494 2584 cooperiant,
527 2550 599 2572 non
624 2539 778 2585 amplius
803 2544 983 2583 tamquam
1011 2538 1053 2574 de
1076 2539 1217 2584 magnis
1242 2539 1350 2573 lucris
1375 2544 1552 2574 certantes
1574 2539 1767 2574 seditiones
1799 2542 1891 2575 inter
1915 2551 1951 2575 se
1975 2541 2165 2586 donabunt
2196 2546 2304 2586 atque
2328 2542 2377 2576 ad

155 2590 278 2620 mutua
303 2584 449 2620 verbera
473 2584 630 2625 venient,
664 2595 757 2629 quae
788 2584 929 2629 quidem
961 2583 1050 2618 adeo
1077 2595 1150 2630 per
1171 2584 1290 2629 fustes
1321 2588 1355 2618 et
1387 2585 1487 2630 liqna
1519 2588 1554 2619 et
1578 2584 1719 2630 lapides
1750 2587 1896 2631 saepias
1919 2586 2136 2628 intulerunt,
2168 2598 2241 2621 rem
2273 2588 2376 2622 nobis

153 2641 306 2676 prorsas
330 2630 488 2664 invisam.
545 2628 758 2664 Videbamus
789 2629 881 2663 enim
912 2640 974 2664 eos
1004 2629 1170 2664 seditiose
1202 2628 1342 2674 quidem
1375 2640 1485 2674 aqere
1514 2634 1547 2664 et
1580 2630 1753 2664 iitaua'itis
1778 2631 1881 2664 matis
1909 2641 1947 2665 se
1971 2632 2118 2667 invicem
2144 2632 2294 2677 afficere
2318 2644 2374 2668 eo-

155 2686 234 2709 rum
258 2686 368 2709 causa
393 2685 485 2719 quae
508 2679 735 2720 sparquntur
759 2679 794 2709 et
818 2675 862 2709 ab
887 2674 976 2719 ipsis
999 2675 1205 2720 rapiuntur,
1234 2674 1375 2708 domum
1401 2685 1484 2709 vero
1510 2674 1601 2709 m'lzit
1624 2677 1767 2710 ommino
1792 2680 1993 2721 reportare,
2025 2677 2089 2712 sed
2112 2677 2232 2711 eodem
2256 2677 2313 2712 die
2337 2678 2374 2712 in

211 2812 229 2843 7
256 2810 286 2842 εἰ
309 2810 397 2849 τῶν]
423 2807 459 2842 οἱ
479 2809 555 2841 τῶν
578 2810 626 2841 L⁰
643 2808 655 2851 ΙΙ
682 2811 700 2842 8
725 2809 755 2841 εἰ
778 2809 851 2851 τῆς]
876 2809 922 2841 εἰς
948 2810 1009 2842 Ma
1028 2809 1039 2852 ΙΙ
1066 2811 1085 2842 9
1112 2804 1132 2850 ἢ
1160 2809 1229 2848 λίς]
1264 2812 1266 2858 ᾗ
1299 2810 1407 2841 santes
1431 2809 1535 2841 RVT
1561 2808 1572 2852 ss

155 2851 177 2897 ἢ
193 2854 224 2887 εἰ
241 2856 271 2887 L
290 2855 301 2897 ΙΙ
321 2858 361 2888 10
386 2852 566 2887 συνιδότες
581 2855 625 2886 ,ll
644 2851 856 2894 (συνειδότες
874 2857 1048 2897 Scrz'mfser)
1073 2850 1230 2886 συνειδό-
1264 2860 1265 2887 ἶ

154 2912 255 2944 μενοι
275 2901 305 2932 L
322 2900 334 2943 ΙΙ
356 2902 396 2933 13
417 2900 469 2941 τῷ
496 2913 552 2931 om.
568 2900 616 2931 La
635 2900 645 2941 ΙΙ
664 2899 741 2940 τὸν]
766 2899 841 2932 τῶν
863 2900 892 2932 L
911 2900 922 2942 ΙΙ
944 2901 982 2932 14
1008 2895 1029 2930 ὃ
1053 2913 1090 2932 em
1115 2911 1132 2934 ς
1161 2900 1229 2931 lla-
1264 2901 1266 2917 ⁵

157 2947 302 2985 leander]
336 2941 361 2975 οἳ
385 2945 456 2977 ML
480 2944 491 2987 ss
523 2946 562 2977 16
588 2943 762 2976 εἰώθοσιν
787 2946 833 2976 L¹
864 2944 1045 2976 εἰωθᾶσιν
1063 2946 1131 2984 (sic)
1150 2944 1197 2976 L²
1221 2945 1230 2980 l!

160 2992 197 3023 17
231 2986 450 3021 dnouement
479 2989 527 3021 La
559 2989 570 3024 ΙΙ
609 2985 766 3032 18-μηὸυ
795 2987 919 3022 ὁτιοῦν
954 2991 1008 3029 M]
1044 2984 1228 3031 μὴδαμηδ)

157 3031 281 3066 ὁτιοῦν
307 3035 351 3066 L'
376 3031 488 3076 μηδὲν
511 3029 606 3076 μηδό
629 3035 692 3066 οὖν
718 3035 764 3065 L²
790 3033 802 3073 ΙΙ
825 3036 866 3067 22
890 3033 1039 3067 ὑπάτοις
1062 3035 1140 3074 L23]
1166 3030 1231 3067 ὑπ-

158 3078 275 3121 άρχοις
302 3079 388 3110 ML¹
413 3080 424 3119 ΙΙ
445 3081 602 3123 χρυσίον]
627 3083 684 3110 aut
708 3089 824 3110 aurum
849 3081 884 3119 (ι’.
904 3093 929 3112 e.
954 3076 976 3121 ἢ
1000 3082 1156 3122 χρυσίον)
1181 3091 1199 3114 ς
1222 3077 1233 3122 ΙΙ

159 3125 199 3156 23
224 3124 344 3166 μεῖζον
368 3124 450 3164 ML,
474 3134 548 3155 vasa
571 3124 695 3155 maiora
721 3124 826 3163 glut,
853 3126 936 3157 unde
961 3126 1116 3157 excidisse
1141 3137 1231 3156 voca—

159 3170 262 3202 bulum
283 3170 363 3201 vidit
380 3168 580 3211 Homberyk;
607 3171 736 3210 reposui
759 3169 879 3201 σκεῦος
904 3171 941 3202 de
967 3182 1027 3211 quo
1052 3171 1143 3201 etiam
1165 3169 1231 3202 Za·
1265 3196 1266 3206 ,

159 3215 289 3246 chariae
314 3215 466 3256 coqitavit
482 3209 691 3266 (ἀργύρωμα
712 3216 882 3256 proposuit
907 3215 1163 3256 Osenbriiyyenk
1190 3215 1231 3255 cf.

161 3260 278 3291 Theosl.
306 3255 474 3302 ἀργύριον
500 3261 688 3301 (amovens
713 3259 751 3290 ἐν
776 3257 915 3291 σκεύεσί
934 3270 1040 3291 τισιν.
1059 3260 1069 3301 ΙΙ
1095 3256 1231 3300 μιλλια-
1265 3267 1267 3302 ξ

157 3306 291 3346 ρησίοις
305 3304 334 3335 L
358 3301 584 3347 μιλιτιρισίοις
601 3303 664 3347 Mu
686 3305 725 3335 25
742 3303 928 3336 ποιεῖσθαι
945 3305 1012 3342 ,ῙΙςῙ
1039 3302 1096 3335 ἶσα
1123 3306 1230 3336 ποιεῖ·
1266 3306 1267 3329 i

157 3348 251 3381 σθάι
272 3349 302 3380 L
320 3348 331 3390 ΙΙ
351 3350 391 3381 26
418 3346 601 3391 ἐξεύρηται
626 3350 656 3381 L
674 3348 685 3390 ΙΙ
710 3348 913 3392 θεραπείαν
937 3349 1000 3381 τοῦ
1027 3346 1150 3391 δήμου]
1176 3360 1231 3391 po-

157 3393 237 3435 pulo
262 3393 420 3425 medelam
446 3394 604 3434 praebens
629 3405 647 3429 ς
670 3394 681 3436 ΙΙ
709 3395 748 3426 27
776 3390 929 3426 ὑπάτων
954 3395 1034 3426 maie
1059 3396 1232 3437 Serirnyer,

158 3440 242 3482 vuly.
261 3441 270 3477 !!
292 3440 332 3472 28
355 3437 621 3470 καταπάττοιεν
640 3437 721 3471 τοὺς
742 3439 836 3479 (τοὺς
852 3452 931 3472 corr.
947 3451 985 3471 ex
998 3434 1071 3472 ἀπὸ
1087 3440 1129 3480 L)
1146 3440 1231 3476 ML;

160 3495 230 3516 απο
254 3484 317 3515 τοῦ
343 3481 473 3516 πάσσω
501 3482 628 3516 πάττω
656 3486 730 3515 adn.
754 3485 849 3516 schol.
870 3483 915 3516 M
929 3487 959 3516 in
977 3496 1076 3525 maro.
1096 3483 1107 3527 Η
1127 3486 1166 3517 29
1187 3480 1233 3516 ὥς

160 3530 209 3571 γε]
234 3525 280 3561 ὥς
318 3527 363 3573 ἀρ
383 3529 414 3561 L
437 3528 506 3574 γὰρ
522 3530 569 3568 Μ,
588 3537 644 3562 σοι.
661 3541 679 3564 ς
697 3529 708 3571 ΙΙ
727 3531 767 3562 30
787 3525 1023 3574 ἀγωνιοῦντες
1041 3530 1066 3561 L
1086 3529 1097 3572 Ι]
1115 3530 1155 3562 32
1178 3528 1231 3568 ξύ-

160 3570 246 3613 λων]
270 3585 290 3614 g
306 3574 396 3606 adios
422 3586 440 3610 ς
459 3573 470 3617 ΙΙ
487 3576 527 3607 35
555 3572 793 3616 ἐμπιπλάντες
812 3575 842 3607 L
860 3575 871 3618 ss
890 3574 1140 3619 ῥιπτουμένων
1158 3576 1187 3606 L

230 3664 245 3695 1
271 3665 519 3704 praeuaricatus
551 3667 597 3696 est
627 3664 731 3706 legem
760 3665 792 3697 T
814 3664 826 3707 ΙΙ
858 3665 876 3697 2
901 3664 1024 3705 iugiter
1050 3666 1109 3697 del.
1137 3664 1189 3697 Τ2
1223 3666 1233 3708 ΙΙ

163 3707 182 3739 3
207 3708 382 3742 certissime
403 3709 457 3753 Vll
477 3709 649 3742 consulatu
669 3710 712 3742 R¹
732 3709 743 3754 ΙΙ
764 3711 783 3743 4
809 3710 994 3751 refugentes
1021 3710 1069 3742 Τ1
1086 3712 1096 3752 Η
1116 3710 1231 3743 aduer-

229 3763 279 3790 111.

1601 2812 1619 2843 5
1649 2809 1755 2851 legem
1787 2811 1872 2843 hanc
1901 2811 1960 2844 sub
1985 2812 2141 2845 firmitate
2173 2813 2300 2846 seruari
2326 2813 2375 2846 Τ2

1299 2855 1382 2896 vutq.
1409 2854 1421 2896 ΙΙ
1446 2854 1633 2886 firmitatem
1656 2857 1706 2887 Va
1732 2858 1743 2897 ΙΙ
1768 2857 1787 2888 6
1813 2856 1925 2898 agitur
1952 2858 2003 2889 Ta
2029 2858 2040 2900 ΙΙ
2067 2860 2146 2901 Ἱερ.
2169 2859 2306 2890 idoneus
2335 2878 2373 2882 ----

1299 2903 1355 2930 aut
1381 2898 1448 2943 nul}
1475 2912 1537 2932 scr.
1554 2900 1601 2931 13²
1622 2903 1653 2933 in
1675 2914 1739 2933 ras.
1761 2903 1772 2933 1
1798 2915 1841 2933 vs.
1862 2901 1873 2944 ΙΙ
1898 2903 1916 2935 8
1937 2902 2025 2934 nulli
2047 2902 2096 2935 Τ2
2109 2905 2193 2946 vuly.
2212 2903 2223 2946 ΙΙ
2242 2906 2261 2937 9
2287 2904 2375 2935 onim

1298 2945 1421 2985 omnia]
1453 2944 1563 2976 omnia
1587 2946 1673 2977 enim
1696 2946 1733 2986 V,
1763 2946 1848 2978 enim
1874 2960 1931 2979 om.
1952 2947 2000 2979 T¹
2031 2947 2042 2991 Η
2074 2951 2112 2981 10
2137 2949 2374 2981 donationibus

1303 2990 1446 3031 T¹v1a9.
1473 2989 1484 3032 ss
1502 2991 1703 3031 aequalitate
1726 2991 1801 3034 V111
1831 2994 1866 3024 11
1896 2992 2024 3033 exigere
2049 2994 2097 3025 R²
2117 2993 2128 3036 ΙΙ
2155 2995 2194 3027 13
2219 3005 2373 3036 spargen-

1300 3035 1376 3066 dum
1398 3035 1484 3067 lssT¹
1502 3035 1514 3077 ΙΙ
1532 3038 1640 3067 autem
1662 3035 1738 3079 12¹1!
1758 3037 1907 3068 faciendo
1929 3039 2027 3079 vala]
2053 3038 2240 3071 faciendum
2266 3040 2343 3071 libri
2363 3038 2375 3083 ΙΙ

1301 3080 1388 3120 quod
1406 3093 1443 3111 επ
1463 3092 1544 3112 corr.
1559 3081 1608 3112 11¹²
1632 3082 1709 3121 quia
1728 3081 1778 3113 T2
1801 3081 1812 3124 ΙΙ
1841 3084 1880 3115 15
1898 3082 2128 3124 uoluptatibus
2150 3083 2196 3115 T¹
2221 3083 2373 3125 uolupta-

1265 3123 1267 3143 4
1300 3125 1389 3157 tibus
1411 3125 1443 3157 V
1453 3125 1463 3166 ΙΙ
1487 3126 1525 3158 16
1542 3124 1578 3156 in
1595 3126 1679 3157 hanc
1696 3129 1838 3157 nostram
1862 3127 1893 3158 V
1907 3129 1917 3166 Η
1938 3129 1974 3160 1ῖ
1995 3134 2072 3159 sunt
2089 3129 2121 3160 R
2134 3130 2220 3171 vuly.
2241 3127 2252 3171 ΙΙ
2269 3129 2374 3170 legem

1299 3171 1419 3203 Jtls'T1
1439 3169 1450 3212 ss
1470 3171 1510 3202 18
1536 3170 1709 3212 accipient]
1735 3171 1874 3212 accipiet
1891 3172 1934 3203 [ἐι
1959 3173 2105 3214 accipere
2129 3173 2158 3205 V
2171 3173 2182 3215 ΙΙ
2204 3175 2243 3207 19
2268 3173 2374 3205 multa

1302 3215 1348 3246 lss¹
1361 3216 1391 3247 V
1403 3215 1413 3257 ΙΙ
1432 3215 1600 3246 habebunt
1617 3216 1690 3255 rite]
1716 3216 1856 3247 habebat
1873 3216 1977 3247 multa
1998 3218 2059 3248 rite
2077 3218 2125 3249 R¹
2150 3218 2374 3251 habebiturite

1309 3260 1361 3292 Va
1388 3259 1399 3303 Η
1425 3262 1466 3293 20
1490 3260 1599 3301 gratia
1623 3261 1672 3291 12¹
1693 3261 1704 3302 ΙΙ
1729 3261 1834 3292 nichil
1857 3261 1902 3293 V¹
1918 3263 2000 3304 vuty.
2026 3262 2037 3304 ΙΙ
2062 3263 2247 3295 auferentes
2275 3264 2373 3296 Osen-

1303 3307 1453 3347 britwen]
1487 3306 1658 3336 offerentes
1685 3305 1732 3338 Τ1
1770 3306 1924 3337 offerente
1950 3307 2178 3350 RVT²v11lq.
2205 3307 2216 3350 ΙΙ
2250 3309 2291 3341 22
2316 3311 2374 3341 aut

1301 3352 1430 3389 aurum]
1448 3352 1506 3381 aut
1522 3354 1579 3381 aut
1601 3351 1658 3390 V1,
1673 3352 1734 3383 del.
1749 3350 1794 3382 VS
1812 3351 1822 3392 ΙΙ
1842 3353 1881 3383 23
1898 3351 2094 3384 miliarcnsis
2110 3353 2156 3385 32
2167 3352 2247 3386 ῘῘΤ2
2264 3353 2373 3385 milia-

1302 3396 1411 3427 nensis
1431 3395 1479 3427 T¹
1503 3395 1717 3427 militm-ensis
1731 3396 1778 3427 Ιι)ι
1800 3396 1988 3428 miliaresiis
2006 3398 2056 3429 vel
2069 3397 2250 3430 miliarisiis
2266 3399 2349 3441 vuly.
2363 3404 2374 3442 ΙΙ

1300 3440 1418 3472 melius
1436 3440 1482 3471 T¹
1507 3440 1614 3472 mellis
1631 3441 1679 3472 Τ2
1695 3441 1706 3483 ΙΙ
1726 3441 1835 3472 caucis
1852 3440 1942 3481 VT²J
1964 3443 2073 3474 caucis
2089 3442 2214 3485 Rvuly.
2239 3443 2373 3477 caucius

1304 3486 1381 3527 T¹11
1408 3486 1450 3518 24
1475 3485 1670 3517 huiusmodo
1691 3486 1736 3517 R¹
1765 3485 1777 3529 ΙΙ
1801 3486 2010 3519 donationem
2031 3488 2155 3530 Tvulq.
2175 3488 2187 3530 ll
2213 3489 2253 3521 25
2279 3489 2372 3521 adin-

1266 3546 1268 3551 >
1301 3533 1408 3570 venta]
1435 3532 1466 3561 et
1483 3531 1620 3562 inuenta
1636 3530 1689 3573 ΤΙΙ
1709 3533 1741 3562 et
1758 3531 1817 3563 (let.
1836 3530 1884 3563 11¹2
1903 3534 1912 3562 ΞΕ
1931 3534 1972 3565 26
1995 3532 2167 3565 consulare
2185 3533 2229 3565 [2²
2246 3536 2256 3574 Η
2277 3533 2373 3567 edent

1300 3576 1576 3615 magnificentiam
1599 3576 1648 3607 V²
1665 3577 1697 3608 in
1714 3583 1796 3618 spat.
1811 3588 1879 3608 vac.
1898 3576 1909 3619 Η
1936 3578 1975 3610 2ῖ
1995 3577 2030 3609 in
2055 3590 2112 3610 om.
2127 3579 2212 3621 vulq.
2233 3578 2244 3621 ΙΙ
2263 3580 2304 3612 28
2324 3590 2371 3611 se-

1267 3621 1269 3633 *
1301 3620 1456 3652 dictionis
1480 3621 1527 3652 T*
1547 3621 1557 3663 ΙΙ
1586 3622 1626 3654 29
1651 3622 1789 3653 ueniant
1812 3621 1869 3664 ΤΙΙ
1894 3622 1933 3654 ad
1958 3625 2068 3654 ternas
2096 3624 2123 3654 R
2143 3623 2153 3662 ΙΙ
2177 3624 2220 3656 30
2245 3624 2373 3665 egerint

1303 3666 1358 3708 ΤΗ
1385 3667 1425 3699 32
1452 3667 1483 3696 et
1507 3666 1601 3697 malis
1627 3679 1682 3698 om.
1704 3665 1784 3709 T¹11
1809 3667 1850 3699 33
1876 3668 2077 3699 occasionem
2096 3668 2188 3701 RVa
2204 3668 2215 3712 ΙΙ
2242 3680 2371 3713 spurco-

1301 3721 1374 3743 rum
1396 3711 1446 3743 Va
1471 3710 1482 3753 ΙΙ
1507 3712 1550 3743 34
1575 3716 1758 3754 ereptorum
1784 3711 1837 3754 ΤΗ
1863 3712 1992 3745 domum
2018 3715 2104 3755 vulg).

2061 3771 2104 3803 64
