2612 4016
1221 156 1306 204 787

153 176 211 206 ET
240 173 534 206 AEGYPTIAOIS
564 173 812 206 Pnovmcus
1981 156 2058 200 Ed.
2081 157 2185 200 XIII
2219 158 2381 198 12—15

152 275 212 306 καὶ
237 272 313 314 ἄξει
336 272 494 314 τούτους,
519 269 616 307 ὥστε
639 276 699 306 καὶ
725 270 852 307 αὐτοὺς
876 272 975 318 παρὰ
997 272 1076 307 τῶν
1099 273 1330 317 τρακτευτῶν
1353 272 1431 306 τῶν
1452 272 1532 306 σῶν
1555 270 1752 315 ὑπομένειν
1777 270 1842 313 τὴν
1867 270 2076 313 εἴσπραξιν·
2101 267 2143 302 οὗ
2168 266 2383 312 δυναμένων

152 319 231 370 τῶν
254 315 483 365 ὀφειλόντων
505 320 565 351 καὶ
590 319 629 351 ἐν
650 318 782 362 ἑτέροις
806 317 930 352 ὅντων
952 316 1080 351 τόποις
1103 315 1413 364 παραγράφεσθαι
1437 315 1504 352 τὸν
1529 314 1791 362 αύγουστάλιον
1819 317 1880 349 ἐπὶ
1900 314 1945 362 τῇ
1970 315 2048 349 τῶν
2072 312 2258 358 δημοσίων
2283 314 2383 356 αἰτία

153 373 201 397 ως
235 363 284 407 μὴ
319 362 527 409 πρόσφορον
562 360 680 397 αὐτοῖς
716 360 892 406 δικαστὴν
924 362 1154 397 καθεστῶτα.
1204 359 1296 408 ὅπερ
1324 365 1383 396 καὶ
1415 364 1475 397 ἐπὶ
1506 363 1584 396 τῶν
1614 360 1909 406 largitionaliccbv
1940 359 2178 401 ἀπαιτήσειαν
2209 358 2381 405 γίνεσθαι

151 407 372 452 βουλόμεθα.

1124 452 1281 487 CAPUT
1307 451 1400 486 XIII.

282 516 502 554 ‘Padi-omos
523 516 563 553 δὲ
586 520 627 553 ἐν
651 522 728 554 ταῖς
752 517 985 565 εἰσπράξεσιν
1008 522 1111 554 ἔσται
1135 522 1282 564 φροντὶς
1306 520 1360 561 τῷ
1385 518 1614 574 περιρλέπτῳ
1641 516 1889 562 αὖγουσταλίῳ
1913 521 1973 551 καὶ
1994 518 2038 563 τῇ
2062 516 2264 562 πειθομένῃ
2282 512 2382 557 αὐτῷ

151 564 263 607 τάξει,
288 560 365 607 ἥτις
388 562 480 609 ὑπέρ
503 577 542 598 τε
566 565 628 607 τῆς
652 566 913 610 στρατιωτικῆς
937 566 1038 599 ἔσται
1064 563 1237 607 δαπάνης,
1262 565 1324 606 τῆς
1347 576 1386 597 τε
1411 565 1451 598 έν
1471 560 1720 607 Αλεξάνδρείᾳ
1743 564 1805 605 τῆς
1828 575 1867 596 τε
1892 563 1951 596 ἐπὶ
1972 564 2049 596 τῶν
2074 559 2138 595 δύο
2163 561 2380 606 Λίγύπτων,

152 610 228 644 τῶν
263 623 303 643 τε
339 610 424 651 [ἐπὶ]
463 607 661 644 πολιτικῶν
693 613 753 643 καὶ
785 608 987 652 σολεμνίων
1013 609 1130 643 τελῶν
1161 610 1223 649 τῆς
1251 608 1402 663 μεγάλης
1434 610 1512 642 τῶν
1541 606 1804 654 Ἀλεξανδρέων
1836 606 1977 642 πόλεως
2010 610 2069 640 καὶ
2102 607 2180 640 ταῖν
2212 607 2380 650 ἑκατέρας

151 652 352 700 Αἰγύπτου.
401 651 456 687 δεῖ
485 657 610 688 τοίνυν
639 656 755 688 ταῦτα
787 652 944 698 κινδύνῳ
977 655 1040 688 τοῦ
1072 652 1312 699 περιβλέπτου
1337 651 1597 699 αυγουσταλίου
1621 656 1680 686 καὶ
1704 654 1767 695 τῆς
1791 652 2011 695 πειθομένης
2035 648 2135 694 αύτῷ
2162 650 2297 691 τάξεως
2321 653 2381 683 καὶ

151 696 394 733 ἀπαιτεῖσθαι
425 702 485 732 καὶ
517 696 767 739 έπιδίδοσθαι,
798 696 916 733 οὐκέτι
938 701 1002 733 τοῦ
1027 699 1236 745 πράγματος
1261 701 1510 743 πραττομένου
1535 696 1596 732 διὰ
1610 698 1683 741 ντοῦ
1709 701 1932 742 σκρινιαρίου
1956 698 2017 738 τῆς
2041 697 2104 739 σῆς
2127 693 2310 740 ὑπεροχῆς,
2335 691 2379 729 ὃν

152 746 189 777 ἐκ
220 745 284 778 τοῦ
317 743 562 789 στρατιωτικὰ
593 741 741 778 διοικεῖν
771 743 1000 789 στρατιωτὸν
1031 743 1202 777 καλοῦσιν
1227 744 1443 789 Αἰγύπτιοι·
1476 740 1550 776 ἀλλ’
1585 743 1687 777 οὗτος
1717 744 1785 786 μὲν
1818 741 1993 781 καθάπαξ
2025 738 2263 782 πεπαύσεται,
2296 738 2315 774 ὁ
2341 737 2380 773 δὲ

151 787 391 834 περίβλεπτος
422 787 675 835 αὐγουστάλιος
707 792 766 822 καὶ
797 786 819 832 ἡ
851 789 1054 833 πειθομένη
1086 787 1186 828 τάξις
1218 786 1317 831 αὐτῷ
1350 785 1393 822 δι’
1429 785 1571 822 ὁποίων
1604 786 1652 821 ἄν
1681 786 1880 832 βουληθείη
1901 784 2054 833 τρόπων
2078 786 2196 829 οἰκείῳ
2221 782 2380 827 κινδύνῳ

151 834 220 876 τὴν
254 833 445 879 εἴσπραξιν
477 833 679 877 ποιήσεται,
712 837 772 867 καὶ
803 831 872 876 τὴν
904 832 1074 876 δαπάνην
1104 833 1291 888 χορηγήσει
1324 836 1396 867 τοῖς
1420 833 1720 876 καθωσιωμένοις
1744 830 1986 887 στρατιώταις
2009 827 2125 865 ἅπασι
2149 834 2221 864 τοῖς
2241 832 2300 865 ἐπὶ
2320 831 2383 872 τῆς

149 876 416 925 Ἀλεξανδρέων
441 877 641 924 ἱδρυμένοις
658 892 720 910 *n
739 878 806 921 τὴν
831 876 1099 923 ἐπιβάλλουσαν
1123 881 1244 912 αυτοῖς
1268 876 1407 918 έκτάξει
1431 875 1601 920 δαπάνην
1625 879 1663 910 ἐκ
1687 879 1764 912 τῶν
1789 878 2094 923 υποτεταγμένων
2116 876 2246 909 τόπων
2267 888 2307 909 τε
2323 878 2383 908 καὶ

152 922 309 967 πόλεων,
329 921 489 967 κινδύνῳ
514 924 633 967 οἰκείῳ
653 923 719 966 τὴν
743 924 933 969 εἴσπραξιν
957 923 1100 958 τούτων
1123 921 1229 968 (διὰ)
1252 923 1329 957 τῶν
1353 923 1656 967 καθωσιωμένων
1681 923 1918 968 στρατιωτῶν
1943 919 2163 966 ποιούμενος.

1135 1012 1290 1049 CAPUT
1315 1012 1409 1047 XIV.

285 1077 510 1127 Ἀναγκάσεις
541 1078 581 1113 δὲ
611 1084 671 1113 καὶ
700 1079 768 1115 τὸν
791 1082 884 1115 κατὰ
909 1080 1036 1125 καιρὸν
1059 1078 1205 1124 βίνδικα
1229 1080 1291 1122 τῆς
1312 1077 1577 1124 Ἀλεξανδρέων
1601 1078 1724 1113 πάντα
1749 1077 1795 1111 τὰ
1820 1076 1903 1122 παρ’
1928 1075 2039 1112 αὐτοῦ
2063 1076 2238 1123 γινόμενα
2263 1073 2379 1110 δαπα-

152 1125 296 1168 νήματα
319 1127 470 1168 ποιῆσαι
493 1127 556 1160 ἐπί
577 1137 617 1159 τε
635 1127 697 1168 τῆς
729 1123 965 1171 ἐκπυρώσεως
994 1126 1073 1160 τῶν
1102 1123 1288 1170 δημοσίων
1318 1124 1527 1169 βαλανείων
1559 1125 1622 1158 ἐπί
1651 1135 1690 1157 τε
1709 1125 1782 1157 τοῖς
1806 1122 1925 1157 ἄλλοις
1946 1122 2144 1166 σολεμνίοις
2169 1119 2285 1156 ἅπασι
2309 1124 2381 1155 τοῖς

153 1168 362 1213 πολιτικοῖς,
396 1167 489 1215 ἅπερ
519 1167 644 1206 πάντα
675 1169 867 1205 ὑπόκειται
899 1171 1015 1216 ῥητῶς
1046 1168 1142 1213 τῷδε
1174 1169 1278 1213 ἡμῶν
1309 1171 1361 1213 τῷ
1392 1170 1487 1212 θείῳ
1519 1167 1634 1212 νόμῳ.
1681 1164 1759 1211 ἥτις
1788 1167 1982 1214 ἀπογραφὴ
2006 1166 2160 1210 δηλώσει
2192 1167 2318 1211 σαφῶς
2342 1168 2380 1199 ἐκ

153 1218 270 1250 ποίων
302 1229 341 1251 τε
371 1216 490 1250 ταῦτα
521 1216 716 1262 συνάγεται
747 1216 877 1250 τόπων
906 1218 965 1250 καὶ
996 1214 1133 1250 τίτλων
1166 1214 1247 1258 ἦτοι
1278 1214 1500 1260 προφάσεων
1531 1217 1589 1247 καὶ
1614 1210 1837 1258 προσώπων,
1865 1216 1925 1247 καὶ
1949 1211 2048 1248 πόσα
2072 1215 2149 1246 ἐστὶ
2173 1216 2232 1246 καὶ
2252 1208 2382 1246 ὅντινα

153 1258 325 1305 προσήκει
361 1259 582 1295 διοικεῖσθαι
616 1261 768 1306 τρόπον,
804 1259 941 1304 δηλαδὴ
973 1262 1052 1294 τῶν
1086 1260 1289 1304 σολεμνίων
1315 1263 1374 1293 καὶ
1406 1256 1477 1294 ὅσα
1509 1258 1677 1294 πολιτικὰ
1710 1258 1915 1301 καθέστηκε
1947 1256 2193 1302 δαπανήματα
2226 1259 2284 1291 ἐπὶ
2318 1254 2381 1290 δύο

153 1306 359 1353 Αἰγύπτιον
390 1303 550 1349 κινδύνῳ
577 1307 642 1340 τοῦ
673 1307 866 1354 ἐπιχωρίου
897 1308 975 1340 τῶν
1008 1307 1192 1351 ἐπαρχιῶν
1217 1304 1359 1339 τούτων
1383 1303 1550 1349 ἄρχοντος
1574 1301 1839 1346 ἐπιδιδομένων
1862 1306 1939 1337 ταῖς
1963 1301 2086 1337 αὐταῖς
2111 1300 2273 1337 πόλεσιν.
2322 1304 2382 1335 ἐπὶ

153 1349 196 1384 δέ
215 1364 255 1397 γε
279 1353 351 1385 τοῖς
374 1349 448 1385 ὑπὸ
474 1353 539 1385 τοῦ
562 1350 804 1396 περιβλέπτου
829 1348 1086 1398 αὖγουσταλίου
1110 1347 1267 1393 κινδύνῳ
1301 1351 1419 1393 οἰκείῳ
1443 1353 1503 1383 καὶ
1525 1350 1588 1393 τῆς
1612 1347 1721 1382 αἰτοῦ
1746 1347 1879 1389 τάξεως
1903 1347 2235 1392 διοικηθησομένοις
2254 1345 2382 1380 ἄδειαν

153 1396 223 1436 ἕξει
256 1399 316 1429 καὶ
348 1394 458 1442 λόγον
490 1394 634 1430 διδόναι
666 1399 726 1430 καὶ
757 1396 881 1432 πάντα
913 1396 1090 1440 πράττειν
1122 1393 1215 1441 ἅπερ
1251 1391 1297 1429 ἂν
1321 1394 1516 1429 λυσιτελεῖν
1540 1395 1594 1437 τῴ
1619 1393 1805 1440 πράγματι
1829 1398 2019 1437 νομίσειεν,
2044 1392 2102 1427 οἷα
2126 1394 2190 1427 τοῦ
2214 1390 2382 1426 κινδύνου

154 1440 292 1476 παντὸς
320 1441 369 1475 εἰς
403 1438 517 1476 αὐτόν
548 1454 588 1475 τε
616 1444 676 1475 καὶ
706 1441 775 1485 τὴν
811 1439 920 1476 αὐτοῦ
946 1441 1050 1481 τάξιν
1083 1443 1290 1487 φερομένου.
1339 1438 1474 1484 δηλαδὴ
1506 1440 1584 1474 τῶν
1614 1437 1891 1483 δαπανημάτων
1915 1440 1991 1473 τῶν
2011 1440 2213 1484 γινομένων
2238 1439 2298 1472 ἐπὶ
2322 1438 2384 1479 τῆς

153 1489 174 1523 1
218 1483 483 1532 Ἀλεξανδρέων
514 1486 653 1521 πόλεως
680 1487 774 1521 κατὰ
805 1485 849 1522 τὸ
880 1487 1036 1530 σύνηθες
1062 1489 1273 1540 γενομένων
1306 1483 1350 1519 δι’
1378 1486 1538 1526 ἐκείνων,
1558 1484 1594 1518 οἳ
1614 1487 1715 1528 μέχρι
1740 1486 1807 1518 νῦν
1830 1485 1948 1518 ταῦτα
1972 1483 2183 1530 πράττουσι.
2230 1480 2382 1527 μηδενὸς

154 1529 246 1565 κατὰ
271 1530 459 1577 πρόφασιν
482 1533 546 1566 τοῦ
571 1531 687 1574 δῆθεν
709 1531 759 1576 μὴ
783 1530 1004 1566 ὑποκεῖσθαι
1025 1545 1078 1575 τῳ
1104 1530 1335 1576 περιβλέπτῳ
1361 1528 1611 1576 αὗγουσταλίῳ
1633 1528 1723 1572 μηδὲ
1739 1526 1847 1563 αύτοῖ
1867 1531 1931 1563 τοῦ
1949 1528 2190 1574 περιβλέπτου
2207 1526 2381 1574 αὗγυστα-

154 1575 231 1610 λίου
261 1579 321 1610 καὶ
353 1577 415 1620 τῆς
445 1573 558 1610 αὐτοῦ
586 1575 720 1617 τάξεως
751 1576 1071 1611 ἑθελοκακούντων
1103 1580 1166 1610 καί
1195 1589 1280 1610 τινα
1311 1574 1420 1609 δόλον
1451 1574 1474 1618 ἢ
1502 1577 1542 1609 ἐν
1573 1577 1650 1609 ταῖς
1679 1572 1895 1618 εἰσκομιδαῖς
1915 1574 1937 1617 ἢ
1961 1577 2001 1608 έν
2021 1577 2098 1608 ταῖς
2122 1573 2300 1608 πλωΐσεσι
2321 1573 2383 1615 τῆς

156 1623 272 1656 alatas
304 1621 456 1665 ἐμβολῆς
487 1625 727 1664 ποιουμένων,
760 1619 851 1655 ἀλλὰ
882 1621 925 1656 τὸ
950 1624 1100 1668 πρᾶγμα
1133 1621 1307 1667 καθαρῶς
1338 1620 1580 1665 πραττόντων
1611 1623 1672 1653 καὶ
1696 1617 1786 1664 ὑπὲρ
1810 1621 1872 1662 τῆς
1895 1620 1960 1654 τοῦ
1985 1620 2107 1653 κοινοῦ
2131 1616 2321 1663 φροντίδος
2345 1630 2385 1651 τε

155 1669 214 1700 καὶ
246 1665 473 1709 λυσιτελείας,
503 1665 658 1702 εἰδότων
689 1666 731 1701 τὸ
764 1669 828 1701 τοῦ
859 1666 1069 1714 πράγματος
1099 1665 1350 1711 ἀπαραίτητον
1377 1669 1437 1699 καὶ
1465 1662 1741 1709 γινωσκόντων,
1773 1662 1820 1698 ῶς
1850 1664 1922 1699 ὑπὸ
1953 1665 2021 1706 τὴν
2050 1664 2206 1707 ἐσχάτην
2237 1666 2385 1698 ἔσονται

155 1715 346 1757 τιμωρίαν,
370 1708 412 1746 ού
434 1712 550 1756 μόνον
574 1712 610 1745 εἴ
627 1725 663 1747 τι
687 1713 977 1759 κακουργήσειαν,
999 1710 1088 1746 ἀλλὰ
1111 1708 1178 1745 κᾶν
1198 1711 1234 1744 εἴ
1253 1723 1338 1745 τινα
1361 1713 1551 1755 περίνοιαν
1575 1712 1657 1754 περὶ
1681 1708 1725 1744 τὸ
1751 1710 1898 1755 πρᾶγμα
1922 1707 2111 1754 πράξειαν.

1131 1800 1288 1836 CAPUT
1318 1799 1397 1835 XV.

290 1865 442 1902 Κάκεῖνο
475 1866 515 1902 δὲ
543 1866 743 1911 ἆνενεχθὲν
773 1865 859 1910 ἡμῖν
892 1867 992 1913 παρὰ
1023 1868 1084 1910 τῆς
1115 1867 1178 1910 σῆς
1208 1864 1381 1912 ὑπεροχῆς
1413 1865 1489 1900 δεῖν
1517 1863 1695 1909 ᾠήθημεν
1719 1863 1898 1911 ἐγγράψει
1923 1864 2018 1909 τῷδε
2043 1866 2095 1908 τῷ
2121 1863 2237 1909 νόμῳ.
2285 1862 2385 1899 ἅπαν

155 1913 224 1960 γὰρ
249 1911 520 1959 ἆνερευνωμένη
552 1911 574 1957 ἡ
606 1912 650 1956 σὴ
684 1911 871 1956 ἑνδοξότης
898 1911 991 1947 κατὰ
1019 1912 1089 1955 τὴν
1119 1913 1308 1957 εἰρημένην
1330 1913 1408 1946 τῶν
1426 1909 1692 1954 Ἀλεξανδρέων
1716 1909 1827 1945 πόλιν
1851 1911 1956 1954 εὗρεν
1981 1912 2021 1945 ἐν
2044 1912 2088 1958 τῇ
2114 1911 2231 1957 πυκτῇ
2255 1911 2300 1956 τῇ
2326 1911 2386 1944 ἐπὶ

157 2047 321 2083 similiter
352 2046 466 2082 mittet
494 2049 528 2081 et
560 2045 666 2080 ducet
697 2055 769 2086 εοε,
799 2047 841 2079 ut
870 2044 943 2089 ipsi
974 2054 1046 2088 quo
1075 2054 1119 2079 ue
1148 2055 1171 2079 a
1202 2044 1459 2079 tractatoribus
1490 2044 1560 2078 tuis
1589 2042 1818 2078 exactionem
1848 2043 2059 2078 sustineant.
2108 2042 2185 2079 Nec
2208 2047 2387 2089 poterunt

157 2092 337 2129 debitores
368 2092 405 2126 in
437 2089 520 2126 aliis
555 2089 643 2125 locis
669 2092 852 2125 versantes
876 2089 1040 2132 Auqusta
1056 2098 1110 2122 em
1133 2087 1384 2133 praescribere
1417 2088 1454 2122 in
1481 2097 1594 2122 causa
1611 2086 1856 2132 publicorum,
1882 2089 1991 2132 quasi
2012 2098 2087 2122 non
2110 2087 2157 2122 sit
2181 2092 2386 2133 competens

158 2148 281 2173 eorum
304 2135 417 2172 iudex
423 2148 438 2178 ;
461 2134 500 2171 id
522 2133 621 2180 quod
643 2133 751 2169 etiam
774 2133 811 2167 in
837 2132 1128 2178 larqitionalibus
1151 2132 1404 2168 exactionibus
1424 2132 1509 2176 fieri
1531 2131 1705 2167 volumus.

293 2181 393 2216 XIII.
442 2179 599 2225 Reliqua
623 2189 705 2215 vero
729 2179 766 2213 in
786 2177 1039 2213 exactionibus
1062 2187 1152 2212 cura
1180 2177 1367 2223 spectabili
1390 2175 1582 2221 Auqustali
1604 2178 1640 2211 et
1662 2174 1760 2221 quod
1782 2176 1817 2211 ei
1832 2179 1944 2222 paret
1967 2174 2094 2220 officio
2119 2186 2161 2211 ea
2185 2176 2265 2217 erit,
2290 2187 2386 2221 quae

158 2228 203 2264 de
233 2227 386 2262 militari
417 2226 487 2262 erit
517 2226 681 2271 impensa
710 2227 746 2259 et
767 2221 1017 2258 Alexandriae
1047 2226 1081 2256 et
1113 2222 1300 2267 utriusque
1330 2221 1506 2267 Aeqypti,
1538 2224 1572 2255 et
1603 2219 1647 2256 de
1679 2219 1842 2256 civilibus
1871 2224 1908 2255 et
1931 2220 2161 2255 sollemnibus
2184 2221 2386 2266 sumptibus

159 2282 313 2319 maqnae
333 2269 666 2307 Alexandrinorum
698 2267 799 2304 urbis
829 2271 864 2303 et
893 2267 1081 2312 utriusque
1103 2266 1272 2313 Aeqypti.
1323 2266 1476 2312 Oportet
1506 2266 1620 2311 iqitur
1644 2265 1733 2300 haec
1753 2264 1918 2311 periculo
1941 2264 2148 2310 spectabilis
2171 2266 2228 2300 Au
2257 2266 2386 2301 ustalis

159 2322 195 2353 ct
218 2317 336 2362 officii
359 2316 393 2352 ei
417 2313 698 2361 obtemperantis
722 2317 757 2349 et
779 2312 882 2358 exiqi
905 2315 941 2347 et
958 2311 1158 2357 praestari,
1182 2322 1227 2347 ne
1255 2312 1328 2347 otio
1353 2322 1427 2346 non
1448 2310 1603 2356 amplius
1627 2313 1782 2345 tractato
1806 2321 1829 2345 a
1845 2309 2038 2346 scriniario
2058 2314 2140 2345 tuae
2154 2310 2219 2346 sub
2235 2311 2385 2346 imitatis

161 2373 264 2409 quem
287 2360 459 2408 Aeqyptii
509 2363 635 2406 ropter
658 2357 1005 2394 administrationem
1025 2366 1145 2392 rerum
1169 2356 1217 2391 mi
1233 2356 1378 2392 icarium
1403 2354 1632 2401 στρατιωτὸν
1655 2354 1863 2400 appellant:
1897 2354 1962 2389 sed
1983 2353 2041 2389 hic
2064 2354 2206 2400 quidem
2229 2366 2386 2401 prorsus

160 2407 324 2449 cessabit,
354 2410 478 2453 specta
502 2405 562 2440 ilis
592 2407 711 2440 autem
734 2402 944 2448 Auqustalis
976 2404 1012 2437 et
1044 2401 1208 2446 officium
1239 2401 1272 2437 ei
1303 2401 1553 2447 obtemperans
1582 2399 1852 2445 quibuscunque
1882 2399 2059 2435 voluerint
2090 2399 2206 2434 modis
2225 2401 2384 2446 proprio

159 2451 323 2498 periculo
357 2451 585 2487 exactionem
619 2449 752 2494 faciet,
787 2452 822 2483 et
855 2450 1019 2527 εαηὲρταε
1052 2446 1251 2489 praestabit
1285 2445 1424 2482 devotis
1458 2445 1629 2480 militibus
1664 2444 1827 2480 omnibus
1858 2445 1896 2479 in
1927 2444 2264 2479 Alexandrinorum
2297 2445 2385 2480 urbe

160 2497 353 2533 stationem
373 2495 586 2532 habentibus
609 2500 644 2530 et
668 2494 705 2529 in
729 2496 884 2537 utraque
940 2495 1073 2536 eqypto
1097 2490 1297 2533 collocatis,
1321 2494 1356 2527 et
1379 2493 1632 2536 competentem
1656 2489 1708 2524 eis
1731 2488 1919 2535 deputabit
1940 2492 2120 2535 sumptum
2145 2499 2195 2524 ex
2216 2489 2385 2525 subiectis

162 2542 252 2578 locis
275 2545 310 2577 et
333 2541 491 2583 urbibus,
515 2540 671 2586 proprio
689 2537 858 2585 periculo
882 2536 1018 2571 devotis
1040 2535 1212 2571 militibus
1236 2535 1364 2571 horum
1388 2534 1613 2571 exactionem
1641 2533 1873 2579 facientibus.

296 2586 393 2622 XIV.
443 2585 556 2631 Coqes
587 2594 671 2619 vero
703 2583 810 2619 etiam
840 2581 1014 2617 vindicem
1045 2580 1108 2626 qui
1138 2591 1282 2626 quoque
1315 2585 1473 2626 tempore
1502 2584 1553 2615 est
1577 2578 1677 2614 urbis
1699 2578 2035 2614 Alexandrinorum
2059 2588 2181 2613 omnes
2203 2578 2251 2612 im
2279 2590 2385 2614 ens-as

163 2631 207 2667 ab
240 2642 282 2668 eo
314 2630 509 2676 faciendas
537 2630 665 2675 facere
696 2631 731 2662 et
761 2626 811 2662 ad
841 2625 1116 2671 calefactionem
1140 2625 1372 2671 publicorum
1396 2624 1606 2660 balneorum
1629 2623 1732 2659 etad
1754 2627 1873 2659 cetera
1897 2623 2016 2658 omnia
2041 2622 2159 2658 civilia
2182 2622 2385 2666 solemnia,

163 2687 257 2723 quae
286 2679 416 2711 cuncta
435 2685 564 2710 sacrae
587 2672 671 2708 huic
693 2675 842 2707 nostrae
866 2671 939 2716 leqi
960 2669 1167 2705 nominatim
1190 2670 1351 2706 subiecta
1374 2673 1468 2704 sunt.
1516 2667 1616 2711 Quae
1640 2668 1835 2714 descriptio
1860 2667 2027 2703 distincte
2055 2666 2255 2703 declarabit
2278 2673 2313 2704 et
2337 2681 2387 2705 ex

163 2722 293 2768 quibus
325 2720 415 2755 locis
446 2724 482 2755 et
514 2718 627 2754 titulis
653 2718 728 2753 sive
747 2716 877 2752 causis
908 2725 951 2750 ac
972 2714 1145 2761 personis
1173 2714 1261 2750 haec
1293 2714 1523 2760 colliqantur,
1555 2718 1591 2748 et
1613 2718 1751 2759 quanta
1775 2713 1849 2748 sint
1872 2718 1907 2748 et
1929 2711 2109 2759 quomodo
2134 2712 2388 2749 administrari

165 2766 328 2807 debeant,
352 2764 518 2800 videlicet
548 2761 781 2798 sollemnibus
811 2765 847 2797 et
879 2765 967 2806 quot
993 2764 1056 2794 uot
1080 2759 1201 2795 civiles
1226 2764 1311 2796 sunt
1334 2760 1515 2805 impensae
1538 2758 1575 2793 in
1598 2762 1754 2803 utraque
1777 2758 1877 2803 Aeqy
1907 2761 1942 2793 to
1963 2757 2127 2803 periculo
2149 2758 2386 2802 provincialis

165 2811 293 2847 harum
322 2810 512 2855 reqionum
536 2808 772 2854 maqistratus
800 2806 898 2841 hisce
921 2770 1068 2840 urbibus
1093 2804 1288 2839 tradendis.
1335 2804 1382 2839 In
1404 2803 1449 2838 iis
1473 2813 1555 2839 vero
1581 2813 1673 2853 quae
1697 2814 1719 2837 a
1742 2768 1931 2848 spectagili
1955 2802 2152 2847 Auqustali
2167 2804 2326 2848 proprio
2351 2808 2387 2840 et

166 2856 285 2902 officii
302 2855 380 2890 eius
402 2853 568 2901 periculo
590 2851 891 2887 administrantur
912 2849 1091 2885 licentiam
1115 2848 1258 2885 habebit
1281 2849 1388 2886 etiam
1413 2846 1522 2893 λόγον
1546 2847 1657 2882 dandi
1681 2852 1716 2883 et
1740 2852 1869 2883 cuncta
1891 2847 2058 2892 faciendi
2079 2858 2172 2893 quae
2187 2847 2387 2884 conducere

165 2902 311 2946 neqotio
334 2899 527 2944 putaverit,
553 2898 722 2943 quoniam
747 2906 850 2931 omne
867 2894 1074 2940 periculum
1102 2893 1152 2928 ad
1172 2894 1288 2946 ipsum
1313 2894 1460 2938 eiusque
1483 2893 1646 2937 officium
1669 2891 1841 2938 refertur.
1890 2891 2080 2938 Impensae
2101 2892 2269 2927 nimirum
2293 2904 2387 2946 quae

167 2948 188 2982 1
235 2946 273 2979 in
305 2943 392 2978 urbe
415 2942 750 2978 Alexandrinorum
777 2940 873 2984 liunt
902 2949 951 2974 ex
983 2949 1081 2974 more
1108 2938 1304 2983 faciendae
1333 2942 1417 2973 sunt
1441 2948 1513 2983 per
1537 2937 1617 2972 illos
1639 2937 1702 2983 qui
1725 2935 1899 2972 hactenus
1922 2947 1984 2972 eas
2009 2940 2223 2972 tractarunt.
2271 2937 2385 2973 Ivemo

167 2992 286 3024 autem
325 2997 401 3022 sese
448 2985 636 3038 spectabili
667 2984 862 3031 Auqustali
892 2994 966 3018 non
997 2982 1176 3018 subditum
1206 2994 1282 3019 esse
1306 2988 1477 3019 causatus
1507 2991 1551 3017 ac
1582 2993 1627 3018 ne
1658 2982 1735 3028 ipse
1766 2981 1908 3032 quidem
1938 2981 2145 3027 spectabilis
2176 2982 2388 3028 Auqustalis

169 3033 404 3078 officiumque
435 3041 512 3066 eius
538 3040 654 3077 prave
684 3040 723 3066 se
752 3032 859 3075 qerat
889 3031 954 3063 aut
981 3027 1153 3073 fraudem
1184 3028 1294 3063 ullam
1325 3029 1398 3062 sive
1429 3027 1466 3061 in
1498 3026 1721 3062 illationibus
1751 3037 1825 3062 stve
1854 3027 1891 3061 in
1914 3026 2036 3071 felicis
2058 3025 2217 3061 embolae
2241 3031 2387 3062 vectura

170 3077 383 3117 committat,
407 3076 472 3111 sed
495 3075 677 3121 neqotium
697 3084 793 3121 pure
813 3075 971 3119 peraqat
994 3077 1028 3107 et
1049 3082 1120 3118 pro
1143 3073 1198 3108 rei
1210 3072 1382 3119 publicae
1405 3082 1494 3106 cura
1518 3076 1553 3107 et
1576 3070 1772 3112 commodo,
1798 3075 2053 3116 coqnoscentes
2072 3070 2126 3106 rei
2141 3071 2387 3107 necessitatem

167 3127 203 3159 et
234 3120 542 3200 scientesdlzaelbtimo
572 3119 752 3166 supplicio
778 3128 816 3153 se
838 3118 924 3162 fore
949 3116 1131 3152 obnoxios
1155 3128 1228 3153 non
1252 3117 1368 3152 solum
1393 3117 1425 3151 si
1447 3116 1536 3161 quid
1559 3116 1651 3151 male
1673 3115 1842 3161 fecerint,
1867 3116 1930 3151 sed
1952 3115 2059 3151 etiam
2083 3115 2116 3150 si
2139 3125 2242 3160 quem
2266 3116 2388 3151 dolum

174 3169 181 3175 '
355 3177 378 3200 a
429 3166 441 3200 i
466 3166 595 3200 uerint.

168 3178 205 3202 m
225 3178 269 3203 ea
291 3177 380 3246 ΤΞΥ.
428 3208 528 3245 Illud
559 3219 702 3254 quoque
733 3218 756 3242 a
787 3206 1004 3243 sublimitate
1037 3209 1098 3240 tua
1131 3205 1181 3241 ad
1210 3216 1276 3241 nos
1299 3205 1450 3240 relatum
1475 3204 1558 3239 huic
1583 3204 1654 3255 leqi
1679 3204 1905 3239 inserendum
1929 3215 2004 3239 esse
2028 3203 2210 3240 duximus.
2261 3204 2388 3241 Omnia

170 3257 261 3292 enim
290 3258 520 3302 perscrutata
552 3254 674 3300 qloria
707 3256 769 3288 tua
801 3252 840 3286 in
870 3251 966 3287 dicta
991 3250 1326 3286 Alexandrinorum
1351 3250 1438 3285 urbe
1460 3249 1595 3285 invenit
1617 3259 1655 3283 tn
1682 3248 1815 3291 tabula,
1849 3259 1942 3294 quae
1967 3254 2165 3294 temporum
2190 3256 2268 3286 erat
2291 3252 2387 3286 Ana-

216 3392 236 3424 3
250 3388 542 3434 laryt'nonalitta'in
555 3387 603 3422 M
613 3388 625 3431 ΙΙ
643 3390 661 3421 7
678 3387 738 3420 ἐπὶ
752 3386 879 3426 seclusi,
896 3385 950 3418 ἔτι
965 3385 1139 3429 Aqylaeus,
1155 3383 1246 3429 ὑπέρ

171 3449 211 3470 τε
234 3435 310 3468 τῶν
329 3435 515 3468 Zachariae
533 3432 545 3476 ΙΙ
561 3433 710 3477 ἑκατέρα
727 3430 894 3474 αἰγύπτω
911 3430 961 3471 Μ,
983 3443 1064 3465 corr.
1082 3431 1247 3475 Aqylaeus

173 3482 226 3521 (ἐν
242 3480 319 3513 add.
335 3480 576 3521 Osenbru‘qqen)
589 3477 601 3522 l}
614 3479 632 3512 8
649 3474 703 3510 δεῖ
715 3477 893 3520 Aqylaeus]
908 3474 939 3507 εἰ
953 3474 1014 3518 Ml&
1030 3477 1068 3510 10
1084 3488 1126 3508 an
1140 3485 1246 3519 στρα-

173 3523 368 3558 τιωτικόνῩ
385 3523 397 3567 ss
416 3518 537 3556 οὕτωσ
545 3524 589 3556 Μ
600 3523 613 3566 ΙΙ
635 3523 675 3557 12
689 3521 750 3563 τῆς
766 3522 1008 3598 Οεειιόνῐὶφοετὲ
1026 3522 1104 3553 τοῖσ
1117 3521 1163 3553 Μ
1172 3522 1184 3565 ΙΙ
1205 3522 1245 3555 13

176 3572 322 3603 lacunam
349 3570 467 3601 detexit
485 3568 671 3601 Zachariae
694 3567 864 3608 supplens:
890 3565 962 3598 τοῖς
1009 3566 1025 3597 ὲ
1049 3565 1088 3598 ἐν
1112 3565 1247 3609 ἑτέραις

175 3612 324 3648 πόλεσιν
341 3613 507 3656 ἑκατέρας
516 3610 705 3657 Αἰγύπτου
724 3609 921 3653 ἱδρυμένοις
934 3611 1029 3652 (nunc
1045 3612 1117 3643 τοῖς
1131 3607 1152 3643 δ
1158 3608 1166 3621 '
1184 3609 1246 3645 άλ-

177 3659 284 3701 λοις),·
300 3659 407 3692 malim
423 3660 482 3690 καὶ
497 3659 569 3690 τοῖς
585 3657 643 3690 ἐπὶ
658 3654 722 3690 δύο
731 3656 782 3689 Αἰ
807 3654 934 3689 ύπτων
948 3655 1168 3697 καθημένοις
1180 3657 1190 3698 Η
1208 3659 1246 3690 14

178 3702 238 3744 διὰ
262 3704 379 3737 addidi
390 3715 397 3743 3
423 3704 650 3746 ποιουμένων
667 3703 747 3735 coni.
765 3668 949 3736 Zachariae
968 3702 980 3745 ΙΙ
997 3702 1038 3734 20
1056 3697 1247 3746 ἀρχόντων

1316 3380 1566 3426 ἑπιδιδομένου
1579 3384 1629 3424 M,
1644 3396 1725 3418 corr.
1741 3382 1927 3418 Zachariae
1945 3383 1957 3427 ΙΙ
1974 3386 2013 3418 21
2033 3396 2112 3417 -του
2130 3382 2175 3417 αὖ
2200 3384 2389 3421 ουσταλίου

1316 3432 1348 3463 in
1374 3431 1472 3463 litura
1490 3429 1540 3469 M,
1565 3425 1823 3474 αὖγουσταλίου
1847 3431 1879 3462 in
1903 3441 2006 3472 marq.
2033 3431 2146 3473 repetit
2183 3431 2222 3463 1²
2246 3439 2280 3465 ut
2296 3434 2360 3465 vid.
2377 3433 2389 3477 ΙΙ

1316 3476 1359 3508 22
1380 3473 1591 3517 νομισθεῖεν
1616 3475 1666 3514 Μ
1692 3487 1770 3508 corr.
1796 3474 1897 3507 Krolt
1925 3473 1938 3518 ΙΙ
1974 3475 2014 3507 25
2040 3482 2116 3518 post
2140 3472 2388 3521 αὖγουσταλίῳ

1317 3521 1397 3553 talia
1411 3521 1488 3562 fere
1514 3519 1607 3552 addit
1632 3517 1835 3553 Zachariae:
1858 3516 2057 3562 δυναμένου
2081 3519 2390 3566 παραγράφεσθαι

1315 3562 1437 3603 αὐτόν,
1463 3558 1557 3597 ὥστε
1581 3562 1733 3597 πάντων
1757 3560 2086 3609 εὐγνωμονούντων
2109 3565 2176 3608 τὴν
2200 3565 2389 3609 εἴσπραξιν

1314 3608 1501 3656 γίνεσθαι;
1527 3610 1596 3642 sine
1615 3622 1714 3642 causa
1732 3610 1743 3652 ΙΙ
1762 3612 1802 3643 27
1829 3607 2036 3652 ποιούμενοι
2051 3611 2102 3651 M,
2126 3623 2208 3644 corr.
2222 3613 2390 3656 Ayylaeus

1315 3656 1326 3700 ΙΙ
1351 3656 1392 3688 28
1422 3662 1496 3697 post
1529 3651 1743 3688 λυσιτελείας
1774 3655 1892 3689 excidit
1925 3656 2017 3688 verbi
2039 3667 2140 3689 causa
2164 3651 2387 3702 άγρυπνούν-

1280 3734 1283 3741 ,
1315 3712 1390 3734 των
1406 3699 1419 3740 ΙΙ
1439 3701 1477 3733 31
1506 3700 1622 3741 πυκτῆ
1646 3700 1689 3741 τῆ
1716 3700 1774 3742 M]
1799 3695 1943 3734 πυκτίδι
1970 3698 2155 3735 Zachariae

2061 3757 2130 3792 99*

2408 742 2446 774 10

2408 1080 2447 1112 15

2408 1304 2449 1336 20

2408 1531 2448 1562 25

2409 1868 2452 1900 30
