2580 3984
158 155 340 188 HABERE
367 154 471 188 L001
499 154 794 189 SERVATOREM

158 254 183 291 2
222 251 324 290 ’Ώςτε
348 252 389 289 δὲ
410 255 460 299 μὴ
483 254 599 300 μόνον
621 254 684 289 τὰς
708 255 756 289 εἰς
778 255 885 298 σῶμα
908 251 1047 295 ποινάς,
1073 250 1163 287 ἀλλὰ
1184 256 1245 287 καὶ

157 300 220 334 τὰς
247 301 295 335 εἰς
324 299 487 346 χρήματα
521 302 762 346 μετριωτέρας
791 299 982 346 γίνεσθαι,
1019 299 1244 342 θεσπίζομεν

158 345 241 380 τοὺς
272 347 332 381 ἐπὶ
357 343 552 400 ἐγκλήμασι
576 346 916 391 κατηγορουμένουε,
955 340 1013 389 ἐφ’
1041 343 1095 378 ὠν
1125 342 1162 378 οἱ
1183 340 1243 378 νό-

156 403 218 445 μοι
243 388 415 435 δήμευσιν
446 404 468 433 η
493 390 662 445 θάνατον
692 389 888 443 ῥρίζουσιν,
925 389 989 423 ἐὰν
1020 387 1244 436 ἐλεγχθῶσιν

1236 136 1318 185 689

1942 141 2048 186 Nov.
2080 140 2298 185 CXXXIV
2333 141 2397 184 13.

1313 253 1337 290 2
1384 252 1433 288 Ut
1449 255 1569 288 autem
1589 262 1662 287 non
1677 251 1792 288 solum
1816 252 2019 297 corporales
2040 261 2188 298 poenae,
2213 252 2277 288 sed
2293 252 2399 288 etiam

1313 297 1541 343 pecuniariae
1563 296 1812 333 mediocriores
1837 297 1944 340 fiant,
1980 298 2160 334 sancimus
2191 307 2252 334 eos
2277 297 2339 343 qui
2361 297 2399 332 in

1314 342 1522 379 criminibus
1553 346 1782 385 accusantur,
1813 343 1849 378 in
1873 343 2004 387 quibus
2034 344 2130 387 leges
2154 347 2304 380 mortem
2335 345 2400 378 aut

1312 388 1611 433 proscriptionem
1643 387 1835 431 definiunt,
1869 391 1899 423 si
1931 389 2189 424 convincantur
2218 390 2282 423 aut
2312 398 2398 423 con-

158 449 179 478 η
209 436 480 488 κατακριθιῦσι,
514 435 578 470 τὰς
610 449 733 488 αέτων
765 438 969 489 περιουσίας
995 434 1045 478 μὴ
1074 434 1245 481 γίνεσθαι
1281 434 1532 476 5demnentur,
1563 443 1686 468 eorum
1715 434 1936 469 substantias
1969 444 2039 468 non
2069 434 2147 468 fieri
2174 434 2314 469 lucrum
2342 433 2398 468 iu·

158 478 278 525 κέρὸος
311 483 385 515 τοῖς
420 492 590 525 αρχουσιν
626 495 647 523 η
682 483 760 515 ταῖς
796 493 919 514 αυτων
949 478 1123 522 τάξεσιν,,
1152 476 1243 512 ἀλλὰ

156 523 249 570 μηδὲ
278 525 371 560 κατὰ
402 526 484 560 τοὺς
516 525 689 560 παλαιοὺς
712 523 843 568 νόμους
867 525 920 568 τῷ
947 523 1107 568 δημοσίῳ
1134 522 1244 558 αὐτὰς

157 570 458 616 προς-κυροῦσθαι.
499 567 578 604 ἀλλ’
606 572 636 604 εἰ
659 572 726 615 μὲν
751 572 864 612 ἔχοιεν
887 567 1090 611 κατιόντας,
1115 566 1243 603 αὐτοὺς

158 617 252 658 ἔχειν
274 616 342 659 τὴν
366 614 504 658 οὐσίαν,
537 619 644 661 χωρὶς
666 617 744 650 τῶν
764 614 824 649 διὰ
849 616 915 648 τοῦ
940 615 1103 668 τριούτου
1128 613 1242 659 ἁμαρ-

1313 479 1452 514 dicibus
1481 482 1544 513 aut
1568 488 1690 514 eorum
1716 478 1863 520 officiis,
1895 479 1957 514 sed
1982 488 2096 523 neque
2119 478 2315 515 secundum
2339 488 2398 513 ve-

1311 526 1408 559 teres
1438 524 1532 568 leges
1558 523 1646 559 fisco
1671 533 1732 559 eas
1757 524 1949 569 applicari:
1983 525 2044 559 sed
2069 524 2099 559 si
2124 523 2265 568 quidem
2289 524 2398 559 habe-

1312 572 1375 605 ant
1397 569 1671 611 descendentes,
1700 568 1798 613 ipsos
1822 569 1955 605 habere
1979 569 2235 612 substantiam,
2261 569 2292 604 si
2314 578 2397 604 vero

1311 625 1384 650 non
1409 615 1480 649 sint
1500 614 1768 656 descendentem
1794 614 1857 650 sed
1880 615 2115 651 ascendentes
2133 624 2247 660 usque
2263 613 2310 650 ad
2325 616 2398 649 ter·

156 660 314 705 τήματοε
332 658 451 716 αὐτοῖς
466 664 772 708 προςγενομένων,
790 661 820 694 εἰ
837 658 876 694 δὲ
890 659 940 703 μὴ
958 671 1079 694 υπεισι
1096 660 1240 694 κατιόν-
1257 663 1296 696 10
1311 660 1400 695 tium
1422 659 1582 704 gradum,
1606 668 1668 694 eos
1692 659 1836 694 habere.

156 716 223 749 τες,
248 702 330 740 ἀλλ’
358 703 520 741 ἆνιοντες
544 708 627 753 ἄχρι
650 710 772 752 τρίτου
793 705 956 750 βαθμοῦ,
986 702 1114 739 αὐτοὺς
1137 708 1240 747 ἔχειν.

156 751 181 787 3
219 751 251 785 εἰ
289 749 329 785 δὲ
365 752 522 798 γαμετὰς
561 754 702 794 &ovam
732 750 768 785 οἱ
800 747 915 784 οὕτως
948 750 1241 796 κατακριθέντες,

157 796 249 830 πᾶσι
280 794 430 842 τρόποις
460 795 650 841 κελεύομεν
682 797 816 830 ταύτας
844 799 904 829 καὶ
935 795 1004 838 τὴν
1028 798 1158 841 προῖκα
1182 797 1241 828 καὶ

157 840 226 884 τὴν
255 842 411 888 γαμικὴν
443 840 585 887 δωρεὰν
608 841 743 886 λαβεῖν.
791 841 822 874 εἰ
847 839 885 874 δὲ
908 843 967 874 καὶ
991 838 1073 895 §ixa
1097 840 1242 885 προικὸς

355 887 362 897 ,

1310 750 1335 786 3
1370 749 1406 784 Si
1431 759 1513 785 vero
1537 749 1702 785 mulieres
1726 749 1861 785 habent
1879 749 1939 795 qui
1959 749 2185 785 condemnati
2203 751 2298 791 sunt,
2324 759 2398 785 om-

1311 794 1416 830 nibus
1452 795 1564 831 modis
1602 795 1765 830 iubemus
1800 795 1888 830 istas
1920 798 1957 830 et
1985 795 2105 831 dotem
2136 797 2174 830 et
2204 794 2399 839 nuptialem

1311 840 1541 875 donationem
1575 840 1758 884 accipere:
1795 840 1827 875 si
1853 850 1938 876 vero
1972 844 2009 875 et
2041 841 2118 875 sine
2150 841 2234 876 dote
2265 840 2398 875 talibus

156 889 230 920 τοῖς
265 898 438 921 rcocovwas
468 886 669 932 προςώποις
695 885 929 929 συνῴκησαν,
960 899 1029 928 την
1058 882 1131 920 ἀπὸ
1165 886 1242 919 τῶν
1258 889 1297 921 15
1311 885 1474 930 personis
1499 885 1713 920 coniunctae
1736 884 1892 925 fuerunt,
1917 895 1940 920 a
1963 885 2102 928 legibus
2119 885 2301 920 definitam
2317 894 2398 936 par·

157 929 343 977 ἡμετέρων
360 933 488 974 νόμων
504 931 722 978 ὁρισθεῖσαν
737 935 869 976 μοῖραν
886 933 924 965 ἐκ
938 932 1001 973 τῆς
1021 926 1103 974 ὅλης
1120 928 1243 964 οὐσίας

156 977 222 1010 τοῦ
243 977 528 1022 κατακριθέντος
549 975 684 1012 ταύτας
699 976 912 1020 λαμβάνειν,
936 976 1007 1010 εἴτε
1021 979 1130 1010 τέκνα
1146 978 1241 1018 ἔχου-

157 1033 217 1056 σιν
252 1022 322 1056 εἴτε
352 1026 413 1056 καὶ
443 1023 503 1067 μή.
566 1023 598 1056 εἰ
629 1019 669 1055 δὲ
696 1020 833 1066 μηδένα
864 1023 942 1056 τῶν
971 1024 1242 1067 προειρημένων

155 1069 229 1121 ἔχρι
262 1065 282 1101 ὁ
316 1066 585 1112 πλημμελήσας,
617 1066 704 1101 τότε
726 1069 780 1110 τῷ
806 1071 927 1122 φίσκῳ,
950 1067 1241 1112 προςκυροῦσθαι

1310 934 1381 965 tem
1406 930 1449 965 de
1470 933 1548 965 tota
1572 930 1774 965 substantia
1799 931 2024 966 condemnati
2049 940 2109 966 eas
2126 930 2300 975 accipere,
2325 939 2400 965 sive

1309 974 1403 1011 filios
1428 975 1585 1010 habeant
1609 975 1682 1011 sive
1706 986 1789 1011 non.
1830 975 1867 1012 Si
1890 986 1972 1012 vero
1997 976 2171 1011 neminem
2195 975 2398 1021 praedicto·

1310 1031 1389 1055 rum
1412 1020 1546 1056 habeat
1569 1021 1630 1066 qui
1651 1021 1810 1065 deliquit,
1835 1024 1921 1056 tunc
1945 1021 2032 1057 fisco
2057 1021 2188 1057 sociari
2211 1021 2288 1056 eius
2313 1020 2397 1056 sub-

1310 1066 1489 1101 stantIam.
1535 1066 1578 1101 In
1616 1067 1812 1102 maiestatis
1851 1076 1933 1102 vero
1968 1066 2117 1103 crimine
2153 1065 2398 1103 condemnatis

156 1126 226 1155 την
258 1114 392 1147 ἐκείνου
418 1116 627 1158 περιουσίαν
651 1111 872 1156 βουλόμεθα.
923 1115 998 1147 Επὶ
1022 1114 1146 1156 μέντοι
1169 1114 1242 1146 τοῖς
1255 1114 1296 1147 20
1309 1113 1446 1147 veteres
1469 1112 1563 1156 leges
1588 1111 1723 1148 servari
1745 1112 1919 1148 iubemus.

157 1158 216 1191 ἐπὶ
242 1157 464 1192 καθοσιώσει
489 1161 803 1203 κατακρινομένοις
826 1158 908 1193 τοὺς
925 1155 1100 1193 παλαιοὺς
1113 1154 1241 1202 νόμους

156 1200 408 1248 φυλάττεσθαι
431 1202 632 1248 κελεύομεν.

200 1244 492 1328 (Ἐπίλογοςζξ
518 1247 767 1294 Προνοησάτω
788 1252 911 1283 τοίνυν
934 1246 956 1291 ἦ
981 1248 1026 1292 σὴ
1051 1246 1242 1290 ἐνδοξότης

155 1292 224 1326 τὸν
259 1292 426 1339 παρόντα
493 1297 567 1328 εῖον
597 1292 702 1338 ἡμῶν
730 1294 845 1338 νόμον
876 1293 969 1327 κατὰ
1002 1293 1141 1336 ταύτην
1170 1293 1241 1337 τὴν

156 1334 354 1383 εὐδαίμονα
383 1337 493 1374 πόλιν
526 1340 743 1384 προθεῖναι,
781 1342 841 1372 καὶ
880 1337 1017 1373 στεῖλαι
1051 1338 1145 1373 κατὰ
1179 1339 1241 1374 τὰς
1253 1341 1296 1374 25

156 1384 325 1428 ἐπαρχίας
355 1387 415 1426 καὶ
446 1385 639 1430 καταφανῆ
664 1386 814 1427 ποιῆσαι
837 1387 910 1418 τοῖς
929 1382 1074 1418 τούτων
1094 1381 1240 1431 ἡγουμέ-

155 1440 239 1469 νοις,
264 1425 318 1475 eq?
344 1427 375 1472 ᾧ
400 1427 543 1464 πάντας
560 1429 643 1464 τοὺς
661 1426 839 1473 ὑπηκόους
853 1429 992 1474 μαθεῖν
1007 1426 1100 1472 ὅσην
1118 1426 1242 1464 αὐτῶν

156 1472 366 1527 ποιουμεθα
389 1474 577 1520 πρόνοιαν.
616 1475 661 1510 D.
686 1476 721 1510 k.
747 1475 831 1510 Mai.
851 1474 921 1510 GP.
945 1475 1029 1520 imp.
1055 1476 1114 1510 dn.
1132 1475 1240 1510 Iusti·

1355 1475 1441 1512 Dat.
1473 1476 1546 1512 kal.
1571 1475 1657 1511 Mai.
1689 1476 1773 1522 imp.
1800 1476 1859 1512 dn.
1884 1475 2072 1511 Iustiniani
2091 1486 2154 1521 pp.
2175 1476 2267 1520 Aug.
2301 1485 2397 1512 anno

155 1518 255 1555 niam
276 1530 336 1565 pp.
361 1519 453 1565 Aug.
478 1531 572 1556 anno
596 1520 710 1556 XXX.
735 1530 793 1565 pc.
819 1519 943 1556 Basilii
964 1530 1018 1556 vc.
1043 1530 1138 1557 anno
1158 1520 1239 1556 XV.
1254 1523 1296 1555 29
1309 1521 1424 1563 XXX,
1446 1532 1480 1566 p.
1505 1532 1536 1557 c.
1563 1522 1687 1557 Basilii
1709 1533 1763 1558 vc.
1789 1531 1883 1557 anno
1906 1521 1986 1557 XV.

1195 1569 1241 1608 [a.
1269 1566 1361 1612 556.]
1408 1567 1599 1613 Rescripta
1622 1567 1678 1603 lex
1701 1567 1750 1603 ad
1773 1566 2005 1604 Monachium
2027 1576 2090 1612 pu.

356 1658 400 1690 .3
424 1658 628 1691 summarium
652 1658 705 1699 (ex
731 1657 866 1700 Theod.)
891 1658 987 1690 habet
1011 1656 1070 1691 ΒΣ
1094 1659 1148 1700 60,
1167 1664 1259 1700 52,Ῑὸ
1283 1671 1317 1702 p.
1336 1660 1402 1693 884
1418 1659 1545 1693 Heimb.

289 1657 312 1745 ἓ
332 1657 352 1736 Ξ
378 1703 432 1744 (-
449 1715 480 1736 v.
500 1704 555 1744 17)
578 1714 730 1736 summam
754 1703 830 1736 Ath.
854 1710 1000 1746 repetunt
1018 1703 1183 1746 paratitla
1207 1704 1284 1737 Ath.
1312 1706 1353 1738 10
1378 1703 1400 1747 ξ
1425 1705 1456 1737 3.

152 1837 176 1873 2
228 1835 272 1872 Ut
295 1840 413 1872 autem
437 1846 511 1871 non
534 1834 650 1871 solum
674 1847 739 1872 cor
767 1836 887 1872 orales
909 1847 1062 1882 poenae,
1086 1835 1151 1872 sed
1169 1837 1276 1872 etiam
1290 1837 1527 1883 pecuniariae
1544 1836 1806 1872 moderatiores
1818 1837 1924 1881 fiant,
1948 1836 2141 1879 sancimus,
2166 1837 2230 1882 qui
2237 1840 2398 1884 propter

153 1881 305 1917 crimina
335 1885 565 1924 accusantur,
596 1881 641 1917 de
670 1883 733 1927 qui
759 1892 800 1917 us
830 1881 928 1927 leqes
987 1881 1240 1918 ublicationem
1270 1882 1327 1918 vel
1353 1886 1502 1918 mortem
1530 1885 1713 1923 statuunt,
1745 1882 1779 1917 si
1800 1881 1955 1917 convicti
1983 1880 2041 1916 vel
2061 1880 2293 1918 condemnati
2312 1883 2397 1925 sint,

152 1937 197 1962 ne
220 1937 345 1963 eorum
368 1926 590 1962 substantiae
612 1926 886 1973 maqistratibus
909 1937 950 1962 ve
995 1927 1131 1973 officiis
1154 1938 1278 1963 eorum
1302 1928 1404 1963 lucro
1429 1927 1577 1969 cedant,
1609 1926 1675 1962 sed
1696 1938 1742 1962 ne
1762 1927 1854 1972 fisco
1880 1924 2022 1972 quidem
2045 1927 2239 1962 secundum
2264 1931 2398 1964 veteres

153 1971 250 2018 leqes
273 1971 492 2007 addicantur
499 1983 513 2013 ;
537 1982 659 2007 verum
683 1972 715 2006 si
739 1972 993 2007 descendentes
1017 1972 1185 2014 habeant,
1210 1977 1250 2008 ut
1274 1972 1312 2007 hi
1336 1973 1432 2008 bona
1456 1973 1652 2018 accipiant,
1677 1972 1842 2018 exceptis
1867 1972 1912 2006 iis
1937 1982 2032 2016 quae
2046 1972 2206 2018 pertale
2222 1972 2394 2008 delictum

152 2017 244 2062 ipsis
267 2020 507 2057 accesserunt,
531 2016 588 2051 sin
612 2017 866 2052 descendentes
889 2027 963 2052 non
986 2017 1182 2062 supersint,
1206 2017 1270 2052 sed
1289 2017 1521 2052 ascendentes
1545 2028 1659 2062 usque
1683 2017 1733 2052 ad
1755 2016 1898 2052 tertium
1922 2016 2089 2062 yradum,
2113 2016 2152 2052 hi
2167 2028 2211 2053 ea
2227 2017 2396 2053 habeant.

153 2063 178 2098 3
225 2060 266 2096 Si
291 2064 409 2097 autem
432 2071 571 2096 uxores
594 2059 727 2096 habent
748 2062 811 2106 qui
835 2061 888 2096 ita
912 2060 1143 2096 condemnati
1165 2066 1270 2104 sunt,
1303 2062 1467 2096 omnibus
1491 2062 1608 2097 modis
1631 2062 1791 2096 iubemus
1814 2060 1881 2095 has
1905 2065 1941 2095 et
1964 2060 2084 2096 dotem
2107 2066 2142 2096 et
2165 2061 2396 2098 donationem

153 2106 352 2152 nuptialem
383 2106 557 2151 accipere.
607 2103 744 2147 Quodsi
772 2105 881 2140 etiam
911 2105 990 2140 sine
1022 2105 1106 2140 dote
1136 2115 1214 2140 cum
1244 2105 1420 2140 eiusmodi
1449 2106 1618 2151 personis
1649 2106 1811 2151 copulati
1832 2105 1997 2149 fuerunt,
2025 2106 2234 2151 portionem
2258 2107 2397 2152 leqibus

153 2151 291 2187 nostris
320 2154 495 2186 statutam
526 2160 576 2185 ex
608 2153 683 2196 tota
716 2149 942 2185 condemnati
971 2149 1174 2185 substantia
1206 2150 1372 2196 accipere
1394 2160 1476 2192 eas,
1507 2150 1582 2185 sive
1606 2150 1738 2185 liberos
1762 2149 1919 2184 habeant
1940 2150 2015 2184 sive
2038 2160 2111 2184 non
2136 2149 2304 2186 habeant.
2354 2150 2396 2186 Si

153 2207 238 2232 vero
262 2197 294 2231 is
318 2196 383 2242 qui
404 2195 556 2240 deliquit
579 2194 715 2229 nullum
740 2205 790 2230 ex
812 2193 1011 2240 praedictis
1033 2193 1174 2236 habeat,
1199 2197 1283 2229 tunc
1303 2195 1395 2238 fisco
1419 2194 1659 2230 substantiam
1676 2194 1775 2229 illius
1792 2193 1914 2229 addici
1929 2194 2104 2229 volumus.
2151 2193 2199 2229 In
2215 2195 2261 2231 iis
2278 2199 2396 2232 tamen

155 2241 219 2287 qui
241 2240 441 2276 maiestatis
464 2240 611 2275 crimine
635 2239 923 2274 condemnantur
946 2242 1083 2275 veteres
1107 2239 1203 2285 leqes
1225 2239 1364 2275 servari
1387 2239 1556 2274 iubemus.

289 2285 530 2337 Epilogus,
577 2283 776 2320 Provideat
795 2284 909 2330 iqitur
934 2288 996 2320 tua
1018 2283 1152 2331 cloria,
1176 2287 1216 2319 ut
1232 2288 1463 2335 praesentem
1485 2295 1627 2319 sacram
1653 2283 1766 2331 Zeqem
1788 2287 1951 2319 nostram
1975 2285 2013 2319 in
2039 2284 2108 2319 hac
2129 2284 2235 2330 felici
2251 2285 2395 2322 civitate

148 2336 340 2379 proponat
370 2334 405 2366 et
435 2341 473 2365 in
503 2329 713 2376 provincias
741 2330 862 2365 mittat
892 2339 1088 2375 earumque
1113 2329 1343 2376 praesidibus
1367 2330 1600 2374 manifestam
1623 2328 1764 2371 reddat,
1789 2332 1829 2364 ut
1852 2339 1974 2365 omnes
1997 2329 2150 2365 subiecti
2171 2330 2395 2376 intelleqant,

154 2380 328 2423 quantam
351 2376 397 2411 iis
421 2386 545 2411 curam
569 2373 811 2410 adhibeamus.

1313 2511 1419 2551 Utin„
1449 2520 1501 2553 po.
1525 2510 1631 2552 Iul-¹⁰,
1653 2523 1710 2543 om.
1737 2508 1839 2546 Iulstg
1864 2510 1876 2555 11
1902 2511 1983 2553 imp.
2008 2510 2064 2544 dn.
2089 2510 2159 2552 (dn.
2186 2523 2244 2544 om.
2269 2511 2394 2554 Iulstw)

1306 2555 1387 2588 iust.
1412 2566 1467 2598 pp.
1491 2565 1520 2587 a.
1542 2565 1620 2588 ann.
1645 2554 1761 2588 XXX.
1786 2555 1874 2596 (XV.
1891 2556 1998 2597 Iul.¹0)
2024 2556 2087 2589 Iul.
2108 2568 2128 2592 ς
2144 2556 2199 2600 dn.
2215 2555 2394 2589 iustiniani

1305 2611 1360 2644 pp.
1385 2611 1461 2642 aug.
1479 2601 1525 2633 M
1542 2602 1654 2634 ceteris
1676 2602 1800 2634 omissis
1818 2600 1830 2644 11
1847 2611 1896 2643 pc.
1916 2600 2030 2633 uasilii
2054 2611 2105 2634 uc.
2135 2611 2189 2634 an.
2216 2600 2281 2635 XV
2298 2614 2317 2638 ς
2341 2612 2394 2636 uc.

1306 2645 1416 2677 basilii
1441 2655 1494 2677 an.
1511 2644 1578 2679 XV
1594 2643 1677 2679 Iul.¹’
1692 2657 1725 2688 p.
1742 2656 1832 2678 cons.
1858 2644 1987 2679 bilisari
2008 2656 2097 2679 anno
2113 2644 2180 2680 XV
2203 2646 2292 2680 Utin.
2317 2647 2394 2690 (om.

1305 2691 1412 2733 Iutw)
1432 2690 1551 2723 basilio
1576 2700 1628 2723 uc.
1653 2701 1760 2725 conss
1787 2691 1835 2724 M

224 2515 239 2546 1
271 2509 386 2555 μόνας
403 2512 434 2544 L
451 2511 464 2555 11
483 2513 502 2545 3
523 2509 604 2544 τοὺς
619 2530 662 2535 -
679 2511 1000 2556 κατηγορουμένους
1029 2511 1084 2553 (cf.
1102 2511 1181 2551 688,
1199 2511 1236 2553 1)]

154 2559 231 2592 τῶν
245 2577 287 2582 -—
303 2558 624 2603 κατηγορουμένων
649 2558 730 2589 coni.
749 2557 949 2597 Zachariae,
975 2557 1028 2589 cui
1049 2557 1239 2589 correctioni

155 2606 349 2637 adversatur
373 2598 497 2635 αὐτῶν
517 2615 545 2635 υ.
572 2604 590 2635 5
618 2601 631 2646 11
661 2603 683 2635 4
707 2597 877 2645 δήμευσιν
901 2597 924 2642 ἢ
946 2599 1127 2640 θάνατον]
1150 2610 1236 2633 mor-

154 2652 222 2681 tem
245 2650 304 2681 aut
321 2646 596 2690 proscriptionem
621 2658 640 2683 ς
664 2646 676 2690 11
702 2649 721 2680 5
745 2645 794 2690 μὴ
822 2659 879 2679 om.
906 2646 953 2679 M
970 2645 982 2688 11
1009 2647 1029 2678 6
1053 2642 1236 2688 ἄρχουσιν]

155 2695 214 2728 ἐπὶ
230 2695 355 2736 μέντοι
372 2692 436 2734 τῆς
451 2689 709 2725 καθοσιώσεως
725 2690 761 2724 οἱ
775 2689 923 2724 παλαιοὶ
939 2690 1046 2733 νόμοι
1063 2690 1235 2733 κρατοῦσι

154 2741 214 2771 καὶ
239 2734 430 2781 δημεύεται
453 2736 474 2779 ἡ
500 2733 604 2770 οὐσία
628 2737 693 2770 τοῦ
717 2733 936 2779 ἠνομηκότος
955 2737 1038 2768 add.
1061 2736 1122 2776 La,
1146 2736 1236 2769 scho-

156 2785 220 2818 lion
254 2785 299 2817 ad
322 2795 350 2816 v.
377 2784 419 2816 20
443 2795 491 2825 sq.
525 2795 563 2815 ex
594 2784 739 2825 maryine
770 2783 830 2815 huc
854 2783 1008 2814 intrusum
1032 2780 1089 2823 (cf
1116 2780 1237 2814 Theod.

154 2830 175 2873 ξ
199 2829 256 2871 36)
281 2829 434 2870 expunxit
459 2825 507 2860 L⁶
530 2826 542 2871 11
568 2828 588 2860 9
618 2829 779 2870 χωρὶς-
793 2827 1087 2872 προςγενομένων
1107 2837 1167 2877 oms!
1186 2836 1206 2861 ς
1228 2825 1239 2869 11

157 2876 197 2909 10
222 2869 323 2907 αὐτῶ
348 2873 432 2905 LB⁶
448 2872 460 2915 11
481 2874 520 2906 11
546 2873 680 2916 τρίτου]
705 2871 769 2904 τοῦ
794 2870 957 2904 τοιούτου
978 2871 1008 2902 L
1027 2870 1038 2912 11
1059 2870 1099 2904 12
1124 2880 1239 2904 ουτως

155 2931 212 2952 om.
232 2931 251 2954 ς
267 2918 280 2960 11
300 2919 340 2952 13
359 2917 477 2950 ταῦτα
494 2917 542 2949 La
560 2923 572 2959 11
590 2918 650 2949 καὶ
667 2929 725 2949 om.
742 2915 794 2948 Bt
808 2915 820 2958 11
841 2917 881 2949 15
899 2913 1105 2948 συνιόκισαν
1117 2915 1148 2947 L
1165 2914 1178 2959 11
1199 2916 1238 2948 16

155 2960 340 3006 ἡμετέρων
361 2974 418 2995 om.
433 2973 452 2997 ς
467 2962 479 3002 11
498 2960 635 3004 νόμων]
654 2962 695 3003 cfl
713 2962 759 2993 ad
777 2961 854 3001 685,
870 2968 885 2993 8
904 2960 916 3002 11
938 2962 975 2994 17
990 2959 1107 2992 ταῦτα
1130 2960 1162 2993 L
1179 2960 1191 3003 11
1209 2959 1239 2992 εἰ

155 3010 263 3041 τέκνα
287 3007 319 3039 L
336 3006 348 3048 11
370 3007 408 3039 18
426 3007 486 3037 καὶ
503 3018 560 3038 om.
578 3005 630 3037 ΒΓ
650 3005 662 3047 11
680 3005 961 3048 προειρημένων]
979 3002 1050 3046 πρὸ
1068 3001 1173 3047 ἡμῶν
1189 3005 1236 3038 L¹

154 3052 167 3091 ll
186 3054 224 3085 19
242 3052 312 3092 &ket
329 3051 359 3083 L
377 3056 389 3093 11
407 3052 538 3094 φίσκῳ]
556 3046 714 3091 δημοσίῳ
733 3049 802 3081 LB
819 3050 832 3092 11
850 3050 892 3082 20
913 3047 1126 3091 βουλόμεθα
1143 3062 1200 3083 om.
1220 3061 1238 3085 ς

155 3097 224 3142 1121,
256 3097 316 3130 ἐπὶ
347 3108 405 3128 om.
431 3095 467 3127 B
495 3093 507 3138 11
529 3093 783 3136 κατακριθεῖσι
810 3094 841 3126 L
860 3093 872 3136 11
897 3095 937 3126 23
964 3095 1084 3136 epiloyi
1107 3095 1140 3127 in
1164 3095 1237 3128 ML

156 3143 265 3176 additi
283 3153 366 3184 pars
387 3141 482 3183 prior
502 3142 558 3179 (—
567 3137 763 3183 προθεῖναι
786 3139 841 3181 25)
864 3139 910 3171 (ια’
924 3138 1114 3172 Musonium
1126 3141 1237 3183 praes.

155 3188 246 3228 urbi,
275 3187 380 3219 altera
412 3185 458 3217 ad
480 3184 609 3217 Petrum
636 3185 746 3227 praes.
769 3184 936 3227 praetorio
964 3190 1089 3226 spectat
1111 3185 1168 3225 (cf.
1193 3185 1239 3217 ad

156 3233 232 3272 676,
258 3232 324 3272 23);
350 3242 407 3263 om.
435 3229 593 3272 epiloyum
618 3227 765 3272 Βς1128
785 3230 907 3262 subscr.
934 3240 992 3261 om.
1009 3228 1095 3268 Am„
1122 3229 1239 3262 habent

157 3276 279 3317 luam,
307 3277 379 3308 item
410 3274 576 3307 Utinensis
601 3273 633 3306 in
660 3274 839 3315 appendice
862 3273 925 3306 Iul.
947 3285 983 3315 p.
1003 3274 1066 3306 196
1093 3273 1239 3314 Haemi,-

157 3318 373 3365 έξεφωνήθη
402 3317 494 3361 μετὰ
523 3316 591 3360 τὴν
615 3312 794 3351 ὑπατείαν
817 3314 1006 3350 Βασιλείου
1031 3315 1074 3354 ις’
1091 3315 1162 3351 ἔτει
1177 3318 1239 3360 τῆς

155 3363 339 3411 βασιλείας
353 3364 472 3398 Theod.
489 3362 502 3407 11
521 3362 586 3396 dat.
603 3363 637 3396 k.
652 3372 737 3405 mag.
757 3362 846 3396 1u1.w
871 3366 884 3407 11
899 3372 950 3405 cp.
968 3363 1027 3403 M]
1051 3364 1236 3406 constanpt.

1377 2782 1393 2814 1
1420 2781 1476 2820 Ut]
1501 2781 1561 2813 aut
1582 2793 1603 2812 v
1621 2779 1633 2824 11
1650 2789 1775 2823 poenas
1807 2780 1894 2814 V¹T
1908 2783 1924 2813 b
1937 2793 1958 2813 υ
1975 2779 1987 2824 11
2004 2780 2061 2813 sed
2087 2780 2186 2814 etiam
2212 2794 2270 2815 om.
2298 2781 2356 2826 Vn
2373 2783 2394 2816 2

1306 2825 1517 2868 pecuniarias
1551 2825 1632 2859 Tbv
1663 2826 1860 2868 pecuniares
1889 2825 1922 2858 V
1939 2825 1951 2869 11
1976 2825 2158 2859 mediocres
2191 2826 2224 2860 V
2239 2827 2325 2870 vulq.
2344 2828 2393 2871 113

1308 2870 1412 2911 legem
1428 2883 1448 2902 v
1466 2870 1478 2908 ΙΙ
1495 2872 1601 2903 morte
1615 2872 1631 2903 b
1651 2875 1663 2914 11
1681 2873 1701 2904 4
1715 2870 1959 2914 proscriptione
1971 2870 2019 2903 R*
2031 2871 2130 2913 Vpro
2144 2871 2365 2914 inscriptione
2376 2872 2393 2902 b

1307 2915 1318 2956 11
1329 2915 1454 2947 finiunt
1479 2917 1496 2948 b
1515 2914 1527 2959 11
1546 2915 1834 2949 communicantur
1858 2916 1905 2948 R)
1924 2915 1936 2959 11
1956 2917 1976 2949 6
2001 2916 2058 2948 sed
2082 2929 2141 2949 om.
2175 2917 2232 2959 Vn
2251 2919 2268 2950 Ἰ
2295 2917 2343 2950 eis
2360 2918 2394 2950 R.

1306 2958 1317 3002 11
1330 2959 1484 3000 habeant]
1520 2961 1614 2994 heres
1650 2963 1709 2993 ant
1739 2961 1787 2994 13²
1814 2961 1827 3004 11
1851 2962 1869 2994 8
1904 2960 2134 2994 discendentes
2169 2963 2186 2993 b
2210 2960 2222 3005 11
2247 2961 2393 3004 ipsos—

1308 3004 1540 3039 descendentes
1553 3005 1796 3046 (discendentes
1812 3007 1843 3043 b)
1858 3004 1907 3046 bv]
1921 3018 1981 3038 om.
1996 3006 2028 3038 R
2039 3006 2101 3038 VT
2109 3006 2195 3048 vuly.
2213 3006 2225 3049 11
2245 3006 2361 3039 haberi
2375 3019 2393 3038 v

1307 3052 1351 3093 119
1373 3051 1452 3082 sunt
1474 3062 1493 3083 v
1519 3049 1532 3093 11
1556 3050 1613 3083 sed
1639 3052 1688 3090 bv]
1714 3054 1746 3082 ct
1762 3050 1867 3084 RVT
1881 3051 1969 3093 vuly.
1986 3049 1998 3094 11
2025 3050 2260 3082 descendentes
2284 3063 2302 3083 v
2319 3050 2332 3093 11
2355 3053 2391 3085 10

1309 3096 1377 3134 eos]
1396 3105 1498 3127 essev
1518 3094 1530 3139 11
1550 3096 1590 3129 12
1615 3095 1648 3126 et
1665 3094 1787 3135 dotem]
1806 3094 1836 3128 ei
1854 3094 1947 3126 dotes
1970 3107 1990 3127 υ
2005 3094 2018 3138 11
2040 3096 2079 3128 14
2105 3094 2332 3136 donationem]
2358 3097 2392 3128 et

1307 3138 1519 3171 donationem
1545 3139 1578 3171 R
1601 3139 1795 3172 donationis
1820 3151 1840 3171 υ
1857 3138 1870 3182 11
1887 3141 1921 3171 et
1945 3151 2003 3172 om.
2029 3139 2064 3171 V
2080 3140 2166 3182 vuly.
2185 3138 2197 3182 11
2215 3139 2291 3172 dote
2316 3139 2393 3172 tali-

1306 3183 1367 3216 bus
1393 3184 1425 3216 T
1443 3184 1543 3227 vul9.]
1569 3183 1735 3216 dotalibus
1759 3184 1891 3217 1?va
1917 3182 1929 3226 11
1958 3185 1997 3217 15
2031 3183 2159 3215 suerint
2183 3183 2260 3217 RV
2275 3185 2364 3226 vuly.
2381 3184 2393 3227 11

1306 3231 1435 3271 partem
1465 3230 1571 3260 totam
1603 3228 1825 3261 substantiam
1847 3241 1866 3261 v
1890 3227 1902 3271 11
1929 3229 1969 3261 16
1994 3238 2048 3260 eas
2072 3228 2172 3271 only]
2194 3238 2265 3260 eam
2291 3229 2367 3262 libri
2381 3228 2394 3274 11

1310 3275 1350 3307 18
1375 3273 1542 3315 delinquit
1562 3273 1595 3305 R
1621 3273 1634 3318 11
1659 3275 1699 3307 19
1724 3274 1765 3305 In
1790 3286 1847 3306 om.
1882 3273 1937 3306 Vv
1961 3271 1973 3316 11
2000 3272 2139 3305 crimine
2163 3285 2221 3306 om.
2245 3285 2266 3304 v
2283 3272 2296 3316 11
2313 3283 2393 3306 con-

1307 3317 1478 3395 dempnaii
1501 3317 1558 3394 vbn
1582 3328 1715 3352 seruare
1740 3318 1815 3352 RV
1833 3318 1847 3362 11
1869 3319 2133 3362 subscriptionem
2161 3325 2294 3352 servant
2318 3318 2394 3363 ὀυ11

1308 3365 1350 3398 29
1375 3362 1447 3396 uasi
1463 3363 1488 3395 ii
1540 3375 1559 3396 v

223 3756 275 3784 111.
1497 3768 1503 3772 ·
2076 3757 2117 3790 87
