2554 3978
229 272 345 315 σιλεῑ
364 266 569 325 εὐσεβοῦς
586 269 806 336 βασιλέως
826 268 1036 322 ρωμαίων
1058 265 1105 310 αἱ
1124 270 1212 309 τῶν
1234 264 1307 310 νό-

228 345 324 383 μων
343 326 704 383 ἐπανορθωτικαὶ
727 321 1071 378 ἂνακαῦάρσεις.
1116 323 1304 367 Deinde:

230 386 476 439 προοιηιὶοη
507 384 614 434 (sic).
637 405 692 412 —
713 382 955 437 Sequuntur
974 381 1131 425 Leonis
1160 381 1305 424 novel-

228 442 296 484 lae
321 442 414 495 113,
445 453 645 505 quarum
653 439 803 481 ultima
832 438 990 519 desipit
1018 438 1047 480 f.
1072 439 1142 480 62¹
1173 438 1216 480 in
1245 434 1303 492 μὴ

231 498 591 596 παῗέἓῗίμὲἓῗς
602 490 928 622 .ἶῗ.’ἶξῖξ“.ἶῖξῗ
941 495 1089 602 ΞΜ...
1120 563 1306 605 συμφω-

229 624 326 651 νων
382 609 557 677 Incipit:
590 607 628 650 εἰ
657 607 737 661 μὲν
768 602 828 649 δι’
864 605 954 672 ἔριν
984 603 1098 656 τινὰ,
1129 606 1303 649 desinit:

227 664 301 707 ἵνα
330 665 402 708 καὶ
434 661 560 721 ἡμεῖς
593 659 735 707 αυτῶν
765 659 1065 715 ἆκουσώμεθα
1086 662 1195 704 utin
1216 661 1301 704 edi

228 723 343 766 tione
382 722 631 765 Leunclavii
670 721 740 764 Ius
778 719 969 763 Graeco·
981 718 1103 761 Rom.
1137 717 1179 759 II
1209 719 1303 759 202.

229 778 430 833 Sequitur
460 778 715 845 subscriptio
744 776 800 819 ad
821 775 976 818 Leonis
997 774 1190 817 novellas
1197 787 1303 839 per-

228 835 386 878 tineus:
431 834 556 883 τέλος
585 837 673 875 τῶν
703 831 1011 884 ὅιορθωτικῶν
1040 831 1127 871 τῶν
1159 828 1305 883 νόμων

229 886 592 944 ἀνακαθάρσεων.
641 889 744 932 Post
772 888 955 942 spatium
986 892 1150 940 septem
1174 887 1304 930 linea-

227 961 319 990 rum
350 948 498 1001 incipit

313 1004 341 1046 f.
371 1005 444 1045 67v
490 1000 619 1044 index
661 1012 818 1043 novus:

227 1058 446 1113 βασιλέως
482 1057 586 1110 περὶ
626 1056 932 1108 καινοτομιιῦν.

230 1114 517 1169 ἐπιλέγεσθαι
551 1109 637 1155 κτὲ.
677 1117 720 1155 et
764 1117 999 1155 ceterarum
1038 1112 1340 1162 novellarum

228 1172 438 1223 rubricae;
490 1181 685 1212 numeros
734 1181 864 1223 saepe
915 1169 1057 1211 omisit
1106 1168 1339 1211 librarius

226 1227 524 1282 supplevitque
555 1238 704 1268 manus
734 1238 894 1268 recens.
941 1224 1143 1290 Sequitur
1173 1223 1339 1267 index

226 1283 472 1349 edictorum,
503 1279 1167 1351 ᾳιιίᾱ88111111.72)’;ιγ’νόμος
1199 1282 1301 1334 περὶ

224 1342 313 1381 τῶν
335 1334 494 1388 diega,
497 1337 655 1404 ὀρέων
650 1338 723 1379 καὶ
740 1353 827 1379 των
844 1336 1146 1408 αἰγυπτιακῶν
1163 1334 1301 1403 ἔπαρ-

222 1398 344 1448 χιών.
402 1395 602 1449 Sequitur
634 1389 739 1461 ἄρχ’]
773 1397 850 1436 τοῦ
883 1392 1105 1436 ιὀυστίνοι
1137 1398 1302 1447 νεαρῶν

226 1450 284 1502 (α’
291 1449 408 1502 -ε’),
446 1450 603 1495 deinde
635 1467 741 1507 αρχη
774 1454 861 1493 τῶν
890 1453 1086 1504 τιβερίου
1117 1448 1302 1501 (α’ᾎ-ς)

226 1512 313 1551 tum
344 1506 383 1549 α’
416 1512 537 1556 (corr.
569 1521 624 1550 ex
655 1506 707 1558 ζ)
738 1509 867 1556 θεῖος
896 1507 1036 1557 τύπος
1067 1507 1169 1561 περὶ
1203 1505 1302 1548 ἐπι-

224 1564 377 1619 βολῆς·
407 1563 448 1617 β’
480 1564 583 1617 περὶ
616 1565 911 1617 στρατιωτῶν.
962 1563 997 1618 y'
1033 1579 1133 1617 περι
1168 1577 1302 1628 στρα-

224 1624 408 1662 τιωτῶν.
548 1635 666 1687 περι
699 1634 879 1687 ’.παρασ
872 1621 1081 1687 ποριτιῦν.
1156 1618 1187 1661 ε’
1234 1614 1303 1684 ότι

225 1684 323 1726 ταῖς
352 1672 505 1745 α’ρχαῖς
536 1670 627 1718 ἀλλ’
663 1672 714 1719 οὐ
743 1685 838 1726 τοῖς
868 1672 1090 1743 ἄρχουσιν
1098 1671 1302 1743 ἀντιγρά-

227 1749 303 1802 φει
346 1729 368 1776 ὁ
414 1727 637 1786 βασιλεύς.
698 1734 817 1777 Haec
863 1734 1023 1789 excipit
1066 1728 1175 1790 ἀρχὴ
1215 1738 1302 1774 τῶν

226 1791 476 1844 υπαρχικιῦν
506 1788 671 1840 τύπων,
703 1790 878 1833 indexs
877 1804 1087 1833 ormarum
1109 1790 1300 1845 eparchi·

226 1860 370 1891 carum
400 1860 525 1901 quem
556 1846 692 1890 edidit
717 1846 953 1890 Zachariae
985 1842 1127 1888 ἀνέκδ.
1149 1848 1229 1888 258
1246 1860 1300 1890 88.

226 1903 442 1947 Desinitf
466 1905 557 1945 73’;
590 1902 661 1944 λθ’
694 1900 834 1951 τύπος
865 1902 1041 1952 λέοντος
1069 1907 1147 1944 τοῦ
1179 1901 1299 1945 ἒνὸο-

227 1958 425 2009 ξοτάτου.
485 1959 587 2002 Post
616 1960 772 2002 lineam
804 1973 982 2003 vacuam
1013 1962 1203 2014 sequitur

311 2013 349 2056 α’
384 2013 549 2057 ιδικτον
575 2019 808 2070 μαυρικιόυ
830 2019 1046 2069 τιβερίου·
1077 2016 1301 2082 προτεθὲν

225 2079 320 2121 τοῖς
341 2072 874 2122 κωνσταντινουπολίταις
896 2071 1302 2138 παρακελευόμενοι

226 2122 513 2194 ἀναιρεῖσθαι
542 2126 622 2177 τὰς
650 2127 938 2183 μιτατορικάς
968 2128 1173 2185 οἶκησεις.

308 2182 349 2238 β’
380 2187 612 2238 μαυρικίου
644 2186 745 2238 περὶ
780 2185 1149 2254 λιθοβολούντων.

309 2241 335 2283 f.
368 2244 437 2283 74¹
473 2239 536 2283 a':
585 2243 823 2294 θέσπισμα
875 2238 1002 2297 ἰ’γουν
1052 2244 1302 2309 νομοθεσία

226 2295 397 2364 εἰρήνης
426 2295 617 2352 μεγάλου
646 2298 867 2364 βασιλέως
896 2298 1106 2364 ῥωμαίων
1126 2299 1199 2341 καὶ
1222 2294 1300 2340 αὗ-

225 2352 489 2407 τοκράτορος
506 2354 609 2407 περὶ
626 2355 703 2395 τοῦ
719 2352 777 2406 μὴ
794 2349 971 2418 ὀμνύειν
983 2352 1082 2395 τινὰ
1098 2353 1299 2408 παραγό-

226 2423 356 2460 μενον
372 2407 435 2456 εἰς
448 2411 694 2475 μαρτιρίαν
707 2423 778 2448 και
794 2404 905 2472 ἀμφ.
916 2410 1038 2459 (corr.
1050 2407 1175 2463 διαφ.
1181 2411 1299 2463 )κεφ

310 2462 350 2515 β’
363 2477 378 2502 .·
415 2458 438 2504 ὁ
479 2461 611 2512 αὐτὸς
646 2461 855 2516 βασιλεὺς
884 2464 987 2517 περὶ
1018 2479 1105 2505 των
1136 2464 1299 2517 ἀθεμί-

227 2532 314 2567 τως
351 2520 696 2572 συναπτομένων
735 2517 826 2561 ἀπὸ
866 2522 1017 2573 τρίτου
1054 2518 1197 2574 γάμου
1228 2521 1300 2562 καὶ

228 2573 430 2616 ἐπέκεινα
468 2575 540 2616 καὶ
581 2575 685 2627 περὶ
714 2575 802 2616 τῶν
833 2578 1176 2628 συναπτομένων
1208 2570 1299 2618 ἀπὸ

225 2633 377 2684 τρίτου
420 2628 562 2684 γάμου
600 2632 673 2673 καὶ
711 2629 914 2674 ἐπέκεινα
953 2633 1045 2682 (sic)
1084 2633 1157 2674 καὶ
1198 2633 1300 2686 περὶ

226 2688 314 2729 τῶν
342 2686 694 2751 συναπτομένων
725 2695 822 2737 ταῖς
853 2686 1037 2737 οἰκείαις
1067 2687 1302 2737 ὁοιλείαις.

276 2736 418 2839 λαύτη
450 2745 770 2797 προγενεστέρα
801 2742 894 2785 ἐστι
926 2739 1098 2800 εἰρήνης
1121 2746 1197 2801 τῆς
1220 2747 1302 2798 βα-

227 2812 271 2841 σι
303 2801 443 2848 ίσσις.

312 2853 367 2896 α’.
392 2814 646 2907 ’νομοθεσία
672 2853 847 2904 λέοντος
877 2855 948 2896 καὶ
980 2858 1302 2897 κωνσταντίνου

226 2909 427 2965 μεγάλων
448 2910 669 2976 βασιλέων
701 2910 910 2963 ῥωμαίων
940 2912 1012 2953 καὶ
1036 2906 1301 2965 αὐτοκρατό-

226 2982 314 3018 ρων
337 2967 449 3034 περὶ
478 2982 566 3007 των
603 2963 659 3007 τὰ
691 2965 785 3007 ἰ’ὁια
823 2968 951 3007 τέκνα
982 2966 1225 3020 δεχομένων
1257 2966 1302 3009 ἐκ

226 3023 303 3063 τοῦ
326 3019 450 3076 ἁγίου
471 3022 545 3063 καὶ
567 3020 876 3077 σωτηριώδοις
895 3026 1208 3075 βαπτίσματος
1229 3026 1300 3067 καὶ

229 3073 494 3134 ἀμφοτέρων
524 3078 615 3127 (sic)
646 3078 913 3134 κεφαλαίων.

309 3134 432 3177 Hunc
471 3134 653 3177 indicem
687 3135 847 3189 excipit
876 3135 970 3188 ipsa
1000 3129 1199 3184 διάταξις
1231 3133 1299 3191 ζή-

228 3204 364 3239 νωνος
410 3189 630 3242 βασιλέως
678 3191 783 3243 περὶ
831 3194 1147 3256 καινοτομιῶν,·
1206 3197 1301 3245 post

230 3246 337 3288 hanc
365 3246 490 3287 1.76’
517 3259 544 3288 a
565 3248 628 3287 m²
649 3248 849 3300 scriptum
871 3252 954 3289 est:
977 3242 1084 3301 ἀρχὴ
1108 3245 1183 3288 σὺν
1204 3250 1299 3289 θεώ

227 3302 313 3342 τῶν
345 3304 509 3354 νεαρῶν
541 3299 838 3344 ἰουστινιανοῦ
869 3303 936 3352 (cf.
966 3303 1023 3345 ad
1057 3305 1160 3358 1,1).
1217 3304 1299 3346 Ex-

228 3357 424 3400 hibentur
466 3357 647 3412 primum
690 3359 878 3412 corporis
919 3360 998 3400 168
1036 3360 1297 3402 novellarum

226 3426 405 3464 graecae
429 3414 649 3456 Iustiniani
671 3415 991 3458 constitutiones
1013 3419 1182 3469 praeter
1202 3430 1297 3459 nov.

226 3469 387 3511 CXXII
426 3474 468 3511 et
507 3469 691 3512 edictum
731 3471 928 3513 novellae
946 3471 1047 3513 VIII
1077 3471 1299 3526 insertum;

226 3526 407 3567 omissae
447 3530 543 3568 sunt
573 3526 730 3568 latinae
761 3530 954 3580 (quarum
986 3541 1298 3582 nonnumquam

871 997 1073 1048 διάταξις
1117 997 1341 1063 ζήνωνος

994 1055 1097 1109 περὶ
1136 1058 1213 1096 τοῦ
1244 1054 1302 1111 μὴ

320 3614 350 3652 1)
386 3611 472 3646 Nov.
497 3612 614 3647 LXVI
647 3613 771 3647 deesse
801 3622 920 3647 verum
953 3623 1025 3647 non
1056 3615 1125 3649 est:
1164 3615 1299 3649 numeri

225 3655 336 3691 additi
362 3660 446 3692 sunt
469 3667 491 3691 a
515 3667 622 3691 mann
646 3657 855 3698 recentiore,
880 3667 988 3702 saepe
1011 3658 1149 3694 desunt.
1196 3659 1301 3695 Hanc

226 3710 365 3747 quoque
390 3701 522 3737 codicis
548 3704 686 3749 partem
710 3702 860 3738 contulit
884 3702 1035 3739 Schoell.

1320 155 1384 197 IX

2202 164 2456 197 PRAEFATIO

1377 279 1567 310 summae
1598 279 1622 309 e
1654 265 1820 309 Theod.
1851 266 2094 323 adscriptae
2125 271 2233 319 sunt,
2273 280 2370 309 nov.
2392 267 2456 309 XI

1376 324 1545 366 rubrica
1595 335 1649 365 ex
1692 322 1808 371 Ath.)
1858 337 2052 378 quaeque
2096 323 2246 366 Iustini
2291 323 2454 365 Tiberii
2484 323 2500 336 χ

1376 380 1688 434 praefectorum
1727 383 1834 422 sunt
1840 379 1869 428 ¹)
1930 380 2053 423 Hunc
2092 379 2284 423 ordinem
2314 393 2398 422 non
2428 393 2454 422 a

1376 436 1551 479 librario
1572 435 1743 478 demum
1766 436 2014 489 institutum,
2046 435 2122 479 sed
2144 449 2199 479 ex
2218 435 2452 489 archetypo

1376 493 1624 535 translatum
1664 504 1758 534 esse
1797 492 2109 535 demonstratur
2147 491 2323 535 scholiis
2358 493 2452 534 loco

1375 549 1640 591 novellarum
1671 548 1921 591 omissarum
1953 549 2200 602 adscriptis.
2237 548 2311 590 καὶ
2343 541 2451 612 αἱξτη

1377 619 1452 670 ουχ
1484 601 1644 674 ⁶5·on
1682 608 1725 648 et
1754 605 1848 647 sim.
1909 604 1992 648 Ubi
2024 609 2164 647 tamen
2197 609 2314 647 extat
2344 620 2450 659 αυτη

1377 656 1452 701 οὐκ
1492 658 1662 717 ἐγράφη
1702 654 1789 702 ὦδε
1827 664 1870 703 et
1899 661 2006 713 sim.,
2045 661 2225 704 fortasse
2255 661 2452 703 librarius

1376 717 1567 760 ordinem
1589 717 1781 760 mutavit.
1831 717 1934 760 Post
1964 715 2155 760 scholion
2186 731 2226 771 p.
2251 719 2330 758 749
2363 717 2451 760 edi·

1376 778 1463 815 tum
1495 774 1648 828 legitur
1673 774 1700 816 f.
1725 775 1842 815 391¹:
1873 772 1999 822 τέλος
2030 770 2108 814 σὺν
2138 775 2234 814 θεῶ
2265 777 2352 814 τῶν
2383 787 2452 814 νε-

1377 845 1495 883 αρων
1525 831 1603 872 τοῦ
1634 830 1957 872 iovouvtavofi:
1987 851 2042 858 ·-
2066 832 2144 870 τοῦ
2177 824 2310 870 αὐτοῦ
2342 845 2450 885 αρχη

1374 887 1461 926 τῶν
1494 885 1684 928 ιδίκτωι.
1735 886 1977 940 Sequuntur
1997 885 2201 929 tredecim
2224 886 2365 929 edicta
2384 899 2451 928 us-

1376 956 1457 1008 que
1488 944 1543 986 ad
1575 944 1601 985 f.
1624 946 1735 985 410¹.
1785 943 1889 986 Post
1919 956 2096 985 vacuam
2127 941 2346 985 dimidiam
2377 955 2450 997 pa-

1374 1000 1517 1063 ginam
1535 1000 1707 1065 legitur.
1728 998 1854 1048 τέλος
1868 999 1957 1040 τῶν
1974 1002 2138 1052 νεαρῶν
2161 999 2450 1041 ιουστιηὶαηᾱ.

1375 1078 1429 1083 -
1450 1050 1555 1110 ἀρχι)
1599 1071 1686 1096 των
1724 1056 1888 1109 νεαριῦν
1921 1053 2157 1097 ἰοιστίνου.
2216 1055 2324 1098 Sunt
2352 1068 2450 1097 nov.

1374 1111 1603 1153 CXLVIII.
1635 1111 1760 1154 CXL.
1820 1113 1969 1155 Iustini
2000 1112 2075 1154 111.
2136 1125 2232 1154 nov.
2260 1111 2450 1154 CXLIX.

1373 1167 1546 1210 CXLIV
1568 1168 1710 1210 Tiber.
1734 1167 1751 1208 I
1774 1169 2090 1222 (praescribitur
2120 1170 2316 1222 τιβερίου
2347 1168 2452 1221 περὶ

1377 1229 1458 1264 τών
1482 1226 1620 1265 θείων
1643 1222 1789 1271 οἴκων)
1820 1225 1938 1267 cuius
1960 1225 2000 1266 in
2024 1225 2181 1268 ultimis
2203 1224 2343 1268 verbis
2363 1239 2451 1265 τοι·

1373 1279 1475 1322 οῦτό
1507 1296 1550 1322 τι
1580 1282 1790 1334 γενέσθαι
1815 1282 2117 1335 συγχωροῦμεν
2139 1281 2275 1324 codex
2297 1281 2454 1323 desinit

1372 1335 1505 1378 0115*
1516 1338 1668 1380 ceteris
1685 1350 1794 1391 quae
1812 1337 1952 1379 indice
1965 1342 2260 1379 enumerantur
2271 1338 2450 1380 omissis.

1466 1394 1692 1436 Praeterea
1743 1394 1848 1436 haec
1898 1393 2095 1435 videntur
2146 1394 2449 1436 memorabilia.

1374 1449 1643 1504 Archetypus
1675 1450 1828 1493 litteris
1859 1450 2104 1493 minusculis
2136 1454 2334 1493 exaratus
2374 1450 2453 1492 fuit

1374 1507 1621 1560 lacunisque
1669 1508 1751 1559 (49,
1782 1514 1830 1547 z).
1872 1508 1967 1559 502,
1997 1514 2045 1548 25.
2086 1508 2182 1558 691,
2212 1514 2241 1547 3.
2284 1508 2450 1559 737,12.

1376 1565 1470 1615 743,
1492 1571 1540 1605 2ο
1563 1570 1611 1605 22.
1653 1563 1823 1615 782,19)
1863 1563 2062 1616 foliisque
2102 1563 2273 1605 mutatis
2313 1562 2450 1605 desor-

1374 1625 1523 1662 matus.
1571 1619 1787 1662 Librarius
1819 1633 1912 1662 cum
1934 1620 2022 1661 alia
2042 1618 2206 1662 scholia
2226 1619 2453 1673 adscripsit

1374 1689 1551 1730 qnorum
1581 1676 1781 1730 graviora
1802 1676 1991 1718 enotavit
2012 1674 2198 1730 Schoell,
2230 1676 2353 1730 plura
2374 1675 2451 1718 Za-

1372 1731 1566 1786 chariae,
1612 1737 1699 1775 tum
1741 1732 1950 1775 interdum
1991 1730 2072 1781 ε’ως
2108 1708 2198 1772 ιῦὁε
2235 1732 2451 1786 hucusque

1373 1790 1635 1831 novellarum
1673 1789 1805 1831 verba
1835 1789 1877 1830 in
1909 1788 2095 1831 Basilica
2125 1788 2329 1832 translata
2358 1802 2451 1831 esse

1372 1845 1628 1914 significans.
1680 1845 1930 1899 Ubicunque
1963 1846 2170 1888 recentior
2201 1858 2349 1888 manus
2371 1842 2452 1894 ἕως

1373 1897 1458 1942 ὦδε
1490 1902 1557 1944 vel
1589 1897 1643 1955 ὄρ
1649 1900 1722 1950 §ov
1743 1901 1977 1955 adnotavit,
2008 1914 2103 1944 eum
2130 1901 2451 1956 deprehendere

1374 1958 1579 2013 videmur,
1603 1972 1673 2012 qui
1691 1958 1882 2001 codicem
1901 1957 2139 2012 descripsit
2163 1958 2337 2001 forsitan
2355 1971 2450 2001 eum

1372 2016 1444 2069 qui
1475 2014 1715 2057 Palatinum
1738 2015 1818 2056 387
1850 2015 2021 2057 saeculo
2048 2019 2170 2057 sexto
2192 2015 2358 2057 decimo
2380 2028 2450 2057 ex-

1371 2072 1522 2114 aravit.
1573 2071 1758 2113 Litterae
1790 2071 2025 2114 intervallis
2060 2071 2241 2114 diversis
2270 2085 2296 2113 a
2327 2084 2452 2113 mauu

1371 2128 1530 2171 recenti
1553 2128 1732 2182 margini
1755 2128 1977 2182 appositae
1999 2128 2153 2182 (prima
2174 2132 2238 2170 est
2261 2130 2298 2167 Γ
2314 2128 2342 2169 f.
2365 2128 2450 2180 88¹¹,

1372 2189 1563 2227 extrema
1590 2184 1627 2226 T
1649 2184 1675 2225 f.
1699 2185 1816 2235 372⁷)
1847 2183 1948 2237 quid
1979 2183 2059 2226 sihi
2093 2184 2226 2226 velint
2256 2184 2450 2233 nescio.²)

1456 2240 1659 2283 Codicem
1692 2241 1869 2283 contulit
1889 2238 2085 2293 Schoell;
2118 2240 2188 2282 ubi
2220 2241 2307 2282 alia
2337 2241 2449 2294 lege·

1372 2302 1437 2339 rat
1468 2296 1717 2349 Zachariae,
1758 2297 2008 2351 plerumque
2048 2296 2187 2339 denuo
2227 2297 2343 2339 locos
2375 2296 2448 2338 du-

1369 2353 1462 2396 bios
1507 2352 1794 2406 inspiciendos
1841 2353 2017 2395 curavit.
2086 2352 2309 2395 Lectiones
2354 2352 2448 2395 dili-

1464 2451 1494 2487 1)
1519 2448 1703 2483 Mentione
1727 2450 1871 2493 dignum
1897 2452 1952 2484 est
1976 2449 2133 2484 Psellum
2152 2449 2363 2491 (Heimbach
2390 2445 2447 2485 ἄν.

1370 2493 1510 2572 anXssv‘
1522 2493 1680 2528 codicem
1699 2494 1868 2529 habuisse
1885 2504 1907 2529 a
1924 2504 1993 2538 quo
2011 2494 2164 2529 aberant
2180 2494 2280 2530 CXI..
2311 2494 2448 2530 CLXI?

1462 2585 1495 2625 2)
1531 2582 1667 2617 Textus
1698 2582 1882 2618 historiam
1913 2592 1968 2617 me
2000 2585 2250 2617 enarraturum
2282 2592 2359 2618 esse
2385 2594 2446 2618 ne-

1371 2628 1467 2671 gavi;
1505 2627 1567 2662 sed
1599 2630 1717 2662 tamen
1749 2627 1920 2662 nonnulla
1950 2627 1996 2662 ad
2030 2638 2149 2662 verum
2181 2627 2224 2662 de
2255 2628 2378 2663 codice
2408 2629 2447 2664 M

1372 2672 1540 2708 iudicium
1578 2672 1763 2707 serendum
1801 2672 1901 2707 utilia
1937 2672 2109 2715 congessi.
2164 2672 2303 2717 Corpus
2341 2674 2447 2715 igitur

1377 2721 1438 2753 168
1469 2718 1689 2753 novellarum
1725 2728 1795 2752 non
1826 2727 1965 2761 semper
1989 2722 2124 2752 textum
2150 2721 2300 2762 praebet
2322 2718 2446 2762 genui-

1373 2772 1476 2806 num;
1508 2762 1845 2808 interpolationibus
1875 2762 1966 2797 enim
2001 2763 2255 2798 vetustioribus
2286 2767 2445 2806 (663,12.

1372 2810 1451 2850 668,
1475 2809 1509 2848 2)
1541 2807 1707 2842 redactor
1738 2807 1875 2841 addidit
1907 2817 1991 2842 suas
2021 2811 2112 2848 (170,
2139 2816 2269 2842 22-24.
2296 2811 2372 2851 387,
2398 2818 2445 2843 32.

1373 2855 1451 2894 459,
1468 2860 1516 2888 20.
1541 2854 1619 2892 460,
1633 2861 1741 2886 ι-ιο.
1768 2855 1844 2894 594,
1859 2855 1912 2894 4);
1936 2853 1983 2886 1111
2002 2852 2237 2904 potissimum,
2262 2853 2322 2887 ubi
2341 2863 2443 2898 prae-

1371 2901 1426 2931 ter
1450 2910 1469 2933 ς
1491 2896 1563 2931 alia
1587 2906 1728 2941 quoque
1751 2896 1913 2932 diversae
1929 2898 2145 2932 recensionis
2163 2908 2260 2932 exem
2291 2898 2325 2932 la
2343 2908 2443 2942 prae-

1371 2944 1426 2976 sto
1459 2946 1554 2982 sunt,
1586 2942 1693 2976 verba
1723 2942 1874 2985 pristina
1903 2943 1939 2976 in
1964 2942 2066 2977 MLB
2095 2944 2225 2987 passim
2275 2947 2443 2993 epravata

1369 2996 1447 3020 esse
1484 2987 1745 3039 cognoscimus:
1785 2987 1880 3021 velut
1914 2987 1950 3022 in
1987 2997 2066 3022 nov.
2093 2953 2189 3022 CXX
2227 2988 2441 3027 Celu1‚m

1371 3030 1523 3066 CXXIII
1547 3031 1679 3071 Selul..
1709 3031 1746 3066 in
1771 3030 1955 3066 CXXXIII
1980 3032 2088 3073 cem)
2119 3042 2239 3067 verum
2296 3033 2442 3067 raebere

1370 3076 1487 3111 solent
1517 3080 1643 3111 contra
1667 3058 1896 3111 ss1L13.Se‹1
1926 3077 2004 3112 aliis
2037 3087 2178 3122 quoque
2209 3077 2329 3112 mutis
2353 3077 2441 3112 locis

1370 3120 1475 3156 huius
1501 3121 1722 3156 recensionis
1740 3122 1961 3167 corruptelas
1978 3122 2173 3167 detegimus
2191 3121 2323 3162 (MLB.
2351 3125 2439 3161 6,19.

1371 3169 1424 3207 74,
1439 3174 1487 3201 27.
1513 3168 1589 3205 217
1609 3175 1638 3200 9.
1665 3168 1742 3208 226,
1760 3175 1802 3201 17.
1828 3169 1906 3208 475,
1924 3175 1967 3201 12.
2004 3170 2079 3208 537,
2098 3175 2144 3201 24.
2171 3170 2247 3207 540,
2265 3175 2292 3200 s.
2319 3169 2396 3210 629,
2411 3175 2439 3201 s.

1371 3193 1448 3252 63'9,
1469 3218 1517 3245 ³2.
1542 3213 1620 3252 665,
1637 3219 1683 3245 2³.
1709 3213 1787 3252 684,
1806 3220 1820 3245 7
1846 3215 1882 3246 et
1905 3211 1967 3246 ubi
1992 3212 2020 3245 B
2045 3211 2165 3246 deficit
2181 3211 2267 3245 ML:
2305 3213 2437 3256 128,15.

1375 3257 1447 3298 139,
1473 3263 1521 3290 26.
1566 3258 1641 3298 147,
1666 3264 1713 3291 34.
1755 3258 1832 3297 224,
1856 3266 1883 3290 5.
1922 3259 1998 3300 250,
2023 3265 2071 3291 30.
2108 3258 2184 3297 263,
2204 3264 2250 3290 21.
2289 3257 2365 3297 265,
2390 3264 2438 3291 sc.

1371 3304 1448 3344 501,
1473 3309 1495 3335 1.
1537 3303 1615 3342 504,
1640 3309 1681 3335 1⁴.
1724 3303 1801 3342 592,
1826 3310 1866 3336 11.
1907 3304 1984 3343 699,
2014 3310 2060 3335 25.
2101 3303 2179 3340 715,
2204 3309 2248 3335 19.
2291 3303 2368 3342 731,
2394 3310 2436 3336 14.

1370 3348 1446 3387 737,
1462 3349 1509 3385 21)
1535 3346 1580 3380 cf.
1607 3346 1713 3380 etiam
1738 3348 1815 3386 695,
1833 3354 1861 3381 ³.
1910 3346 2030 3381 Sicubi
2057 3344 2211 3380 Basilica
2234 3355 2354 3380 verum
2379 3356 2437 3380 ex-

1371 3390 1493 3425 hibent
1524 3394 1651 3425 contra
1680 3390 1751 3424 ML
1779 3393 1870 3433 (145,
1887 3399 1936 3425 as.
1965 3394 2101 3432 168,1ο.
2131 3392 2268 3432 181,1ο.
2297 3394 2371 3430 192,
2390 3400 2435 3426 21.

1370 3438 1447 3477 210,
1463 3443 1511 3470 20.
1544 3438 1620 3478 331,
1641 3444 1683 3469 19.
1718 3438 1794 3477 495,
1815 3441 1863 3469 19.
1896 3438 1975 3476 585,
1993 3444 2039 3470 23.
2065 3438 2142 3478 587,
2160 3438 2205 3477 15)
2229 3439 2292 3470 aut
2317 3435 2438 3470 codice

1371 3480 1532 3524 corporis
1567 3481 1711 3524 puriore
1742 3490 1809 3515 usa
1840 3484 1924 3515 sunt
1956 3483 2019 3514 aut
2049 3490 2093 3514 ex
2124 3480 2195 3514 alia
2228 3480 2437 3515 collectione

1369 3525 1583 3569 interpolata
1600 3525 1659 3565 (cf.
1681 3527 1814 3565 181‚1o.
1841 3528 1979 3563 455.32.
2006 3527 2120 3567 487,1.
2147 3528 2434 3566 589,17.600,1s.

1370 3572 1447 3612 602,
1466 3578 1508 3604 16.
1535 3572 1612 3612 607,
1630 3579 1673 3604 18.
1700 3573 1777 3611 665,
1795 3573 1860 3611 2³);
1886 3570 1992 3614 idque
2008 3570 2043 3604 in
2060 3569 2226 3605 universa
2242 3570 2309 3604 hac
2328 3579 2434 3614 quae-

1370 3618 1484 3649 stione
1507 3615 1696 3650 tenendum
1722 3616 1788 3658 est,
1816 3615 1962 3650 alterius
1987 3614 2203 3650 recensionis
2228 3615 2368 3650 codices
2392 3625 2435 3648 ex

1369 3660 1483 3694 altera
1508 3665 1690 3694 correctos
1716 3669 1804 3694 esse.
1853 3659 2017 3694 Ceterum
2042 3661 2085 3694 de
2105 3660 2266 3694 Basilicis
2284 3660 2435 3703 pessime

1370 3704 1472 3740 editis
1509 3714 1681 3751 persaepe
1714 3704 1763 3739 nil
1798 3704 1884 3739 certi
1915 3705 2022 3740 s1atui
2053 3706 2190 3750 potcst;
2229 3704 2273 3738 ad
2304 3706 2432 3738 certius

2139 3762 2165 3792 B
