2612 4004
170 172 228 203 nn
257 161 488 202 PRAETORE
517 167 742 200 mmmmm
1246 150 1327 196 203
1965 150 2072 194 Nov.
2105 150 2247 192 XXVI
2278 162 2338 204 pr.
2374 151 2392 190 1

682 325 738 377 ιῖς
1794 330 1924 366 XXVI.

313 403 489 457 ΠΕΡΙ
519 400 1112 524 ’ἓῗῖΙΙΙΙζἪΧΣΙΤῼΡΟΣ
1415 401 1510 449 DE
1546 398 1906 450 PRAETORE
1944 400 2306 450 THRACIAE.

172 547 418 596 Αὐτοκράτωρ
442 548 692 583 ’[ουστινιανὸς
716 549 922 595 Αὔγουστος
942 547 1090 595 Ἰωάννῃ
1119 549 1173 591 τῷ
1198 549 1250 581 ἐν·
1408 545 1497 590 Imp.
1523 543 1744 580 Iustinianus
1767 544 1860 588 Aug.
1886 545 2036 580 Iohanni
2060 557 2120 590 pp.
2149 544 2316 580 secundo.

171 594 355 638 ὃοξοτάτῳ
387 594 534 638 ἐπάρχῳ
566 596 644 628 τῶν
678 595 786 640 ἱερῶν
817 596 878 637 τῆς
904 591 978 628 ‘'Ew
1015 597 1251 639 πραιτωρίων
1285 596 1305 627 5

368 639 409 674 τὸ
436 639 483 683 β’,
508 638 580 674 ἀπὸ
606 637 757 674 ὑπάτων
782 643 841 673 καὶ
867 643 1057 686 πατρικίῳ.

215 708 505 761 <ΙΙροοίμιον.>
546 706 678 742 Ἐκεῖνο
699 710 775 742 τῶν
796 705 1130 753 ἀνωμολογημένων
1150 708 1251 739 ἐστὶν
1364 701 1650 750 (Praefatio.)
1698 701 1790 737 Illud
1815 701 2055 737 indubitatum
2077 705 2131 738 est
2152 703 2244 747 quia,
2270 702 2301 736 si
2322 703 2400 747 quis

172 750 309 800 ὅτιπερ,
343 754 373 787 εὶ
407 765 458 787 τις
488 752 555 796 τὴν
583 754 737 798 Θρᾳκῶν
762 751 947 796 ὀνομάσειε
977 751 1110 797 χώραν,
1143 749 1251 784 εὐθὺς
1322 750 1502 784 Thracum
1528 747 1762 784 nominaverit
1784 747 1974 792 regionem,
2005 758 2088 783 mox
2112 748 2217 783 simul
2241 747 2400 792 aggredi-

173 802 428 845 συνειςέρχεται
454 800 506 841 τῷ
530 796 623 845 λόγῳ
650 802 711 831 καί
732 809 785 832 τις
805 795 971 852 ἀνδρείας
995 799 1053 829 καὶ
1075 808 1250 841 στρατιω-
1322 800 1381 829 tur
1404 795 1513 829 menti
1538 797 1574 829 et
1598 793 1772 839 quaedam
1796 793 1970 828 fortitudo
1996 796 2031 828 et
2054 793 2217 828 militaris
2241 793 2401 827 multitu-

173 846 272 878 τικοῖ]
297 843 460 887 πλήθους
484 846 543 876 καὶ
568 842 736 887 πολέμων
760 845 818 875 καὶ
843 853 952 886 μαχης
972 843 1110 875 ἔννοια·
1136 843 1251 874 ταῦτα
1270 843 1307 874 10
1323 841 1413 875 dinis
1438 844 1545 883 atque
1564 840 1737 874 bellorum
1757 848 1968 883 pugnaeque
1990 839 2173 883 cogitatio:
2199 839 2287 872 haec
2308 838 2401 872 enim

171 889 238 936 γὰρ
264 891 389 935 ἐγγενῆ
419 904 458 922 τε
490 892 547 922 καὶ
571 889 706 934 πάτρια
737 889 781 933 τῇ
813 885 915 932 χώρα
947 887 1173 927 καθέστηκεν
1198 888 1252 919 ἐκ-
1322 885 1359 919 in
1383 895 1510 929 genere
1542 888 1576 919 et
1598 885 1716 929 patria
1747 883 1842 919 illius
1872 884 2074 928 provinciae
2104 887 2198 920 sunt.
2246 883 2403 927 Ideoque

173 938 260 981 είνῃ.
299 931 385 968 ὦςτε
406 935 488 978 ἡμῖν
509 934 602 978 (καὶ)
619 931 794 980 πρότερον
816 932 962 978 γέγονεν
984 932 1106 965 ἔννοια
1129 934 1187 963 καὶ
1208 930 1254 964 τὰ
1323 931 1426 965 nobis
1451 930 1615 974 primitus
1640 929 1808 973 cogitatio
1833 929 1931 964 facta
1954 932 2010 964 est
2029 930 2134 964 etiam
2159 938 2251 974 quae
2274 928 2311 962 in
2331 927 2402 962 illis

176 983 255 1024 περὶ
288 982 438 1013 ἐκείνων
475 978 778 1021 καταστήσασθαι
813 979 892 1009 τῶν
923 975 1061 1017 τόπων,
1098 980 1156 1008 καὶ
1188 977 1254 1008 νῦν
1325 977 1408 1009 sunt
1426 975 1514 1010 locis
1534 978 1702 1016 statuere,
1727 976 1762 1009 et
1782 985 1878 1009 nunc
1900 985 2008 1019 super
2031 975 2085 1010 his
2106 985 2197 1019 quae
2219 974 2290 1008 iam
2308 973 2403 1016 cogi-

174 1027 234 1058 ἐπὶ
271 1028 343 1059 τοῖς
377 1023 665 1068 βεβουλευμένοις
700 1021 766 1065 ἤδη
800 1021 865 1055 τὸν
897 1021 1064 1075 παρόντα
1101 1021 1254 1064 τίθεμεν
1324 1020 1476 1055 tavimus
1501 1024 1723 1064 praesentem
1748 1020 1912 1064 ponimus
1930 1020 2052 1064 legem.
2101 1021 2143 1055 ln
2160 1020 2285 1063 Longo
2310 1020 2404 1053 enim

176 1070 294 1113 νόμον.
335 1072 394 1104 ἐπὶ
417 1070 485 1115 γὰρ
507 1070 570 1102 τοῦ
597 1069 745 1112 Μακροῦ
768 1069 903 1108 Τείχους
928 1065 991 1099 δυο
1016 1066 1115 1099 τινας
1138 1066 1252 1108 καθῆ-
1271 1068 1310 1100 15
1324 1066 1429 1100 Muro
1455 1065 1544 1100 duos
1569 1065 1741 1108 quosdam
1767 1065 1889 1099 sedere
1912 1065 2064 1100 vicarios
2088 1069 2124 1100 et
2142 1064 2319 1100 nominari
2338 1074 2403 1098 no-

174 1116 267 1148 σθαι
299 1118 357 1148 καὶ
391 1118 572 1159 βικαρίους
602 1111 850 1164 ὀνομάζεσθαι
884 1109 1056 1155 σύνισμεν
1086 1108 1254 1151 ἅπαντες,
1324 1111 1436 1145 vimus
1462 1110 1627 1151 universi,
1661 1111 1769 1144 alium
1795 1110 1936 1154 quidem
1960 1111 2164 1146 militarium
2190 1110 2403 1155 praeseden-

177 1159 239 1193 τὸν
262 1162 329 1203 μὲν
354 1159 629 1205 στρατιωτικῶν
654 1156 850 1203 ηγούμενον
875 1155 1015 1197 τάξεων
1050 1155 1192 1196 (πολλαὶ
1217 1154 1256 1189 δὲ
1325 1159 1396 1190 tem
1420 1155 1585 1190 ordinum
1606 1155 1908 1200 plurimorumque
1932 1156 1969 1190 in
1989 1157 2050 1191 illo
2071 1157 2149 1192 loco
2171 1155 2403 1194 exercituum,

175 1204 213 1237 αι’
236 1204 327 1238 κατὰ
350 1205 415 1238 τὸν
439 1202 551 1238 τόπον
577 1205 712 1236 ἐκεῖνον
736 1200 924 1245 δυνάμεις),
950 1200 1014 1235 τὸν
1036 1200 1078 1244 δέ
1096 1204 1167 1235 τοῖς
1189 1214 1250 1235 πο-
1321 1201 1431 1236 alium
1461 1211 1544 1235 vero
1575 1200 1736 1234 civilibus
1762 1211 1949 1252 superesse
1982 1202 2117 1237 causis:
2154 1201 2259 1236 ambo
2284 1203 2404 1235 autem

176 1249 319 1283 λιτικοῖς
345 1249 551 1295 πράγμασιν
583 1248 790 1292 ἐφεστῶτα·
827 1246 936 1292 ἄμφω
968 1245 1007 1280 δὲ
1036 1246 1135 1280 οὗτοι
1166 1245 1251 1289 πλη·
1321 1246 1382 1281 isti
1414 1246 1595 1288 complent
1626 1245 1717 1279 alius
1755 1246 1896 1289 quldem
1932 1247 2268 1290 gloriosissimorum
2300 1255 2403 1290 prae-

175 1297 298 1339 ροῦσιν
327 1291 346 1327 ὁ
370 1295 436 1337 μὲν
464 1291 530 1335 τὴν
562 1294 639 1327 τῶν
666 1291 914 1332 ἐνδοξοτάτων
946 1290 1114 1339 ἐπάρχων
1144 1293 1253 1326 ἐκεῖσε
1268 1294 1310 1326 20
1322 1292 1498 1326 sectorum
1533 1291 1605 1326 illic
1642 1291 1817 1333 officium,
1854 1291 1944 1326 alius
1976 1296 2096 1327 autem
2126 1292 2403 1327 fortissimorum

174 1339 286 1380 τάξιν,
313 1336 331 1372 ὁ
351 1337 390 1372 δὲ
411 1337 477 1381 τὴν
496 1339 574 1372 τῶν
590 1336 859 1382 ἀνδρειοτάτων
880 1339 1104 1384 στρατηγῶν,
1130 1335 1254 1381 ὁμονο-
1323 1337 1574 1381 magistrorum
1598 1336 1766 1378 militum,
1805 1337 2025 1371 concordant
2059 1340 2180 1373 autem
2211 1347 2404 1382 numquam

173 1386 252 1416 οὖσι
274 1381 313 1416 δὲ
330 1381 501 1417 οὐδέποτε
524 1382 611 1429 πρὸς
629 1381 809 1425 ἀλλήλους,
830 1382 918 1416 ἄλλα
935 1382 977 1417 τὸ
994 1385 1061 1426 μὲν
1081 1381 1254 1426 δημόσιον
1324 1382 1538 1424 adinvicem,
1576 1381 1638 1416 sed
1670 1381 1778 1416 fiscus
1836 1381 1954 1416 uidem
1991 1383 2136 1427 singulis
2173 1384 2210 1417 et
2243 1391 2404 1417 annonas

172 1427 312 1471 ἑκάστῳ
344 1431 405 1462 καὶ
437 1426 590 1471 σιτήσεις
622 1431 764 1475 χορηγεῖ
798 1431 857 1462 καὶ
889 1427 956 1471 τὴν
983 1427 1093 1471 ἄλλην
1125 1426 1253 1461 δίδωσι
1324 1428 1503 1462 ministrat
1521 1429 1558 1462 et
1578 1426 1676 1462 aliud
1692 1392 1867 1471 impendit
1884 1427 2068 1471 solacium,
2089 1427 2140 1462 illi
2156 1430 2275 1462 autem
2295 1436 2404 1461 unam

173 1473 400 1520 παραψυχήν,
425 1474 461 1508 οἱ
483 1472 523 1507 δὲ
545 1478 634 1518 μίαν
658 1476 776 1516 ἔχουσι
801 1471 945 1516 διηνεκῆ
968 1486 1008 1507 τε
1031 1476 1091 1506 καὶ
1116 1471 1254 1507 ἀτελεὺ-
1324 1474 1458 1507 habent
1492 1476 1702 1517 perpetuam
1742 1475 1777 1506 et
1815 1471 1991 1507 infinitam
2030 1473 2208 1508 actionem
2246 1472 2406 1516 litigandi

172 1532 282 1562 τητον
307 1520 439 1565 πρᾶξιν
464 1518 505 1553 τὸ
529 1519 743 1565 φιλονεικεῖν
771 1518 858 1565 πρὸς
881 1516 1050 1561 ἀλλήλους
1070 1517 1253 1552 ἀθάνατα.
1269 1521 1309 1553 25
1324 1519 1417 1553 inter
1441 1519 1633 1553 alterutros
1658 1517 1903 1552 inmortaliter.

1185 1631 1341 1666 CAPUT
1372 1632 1398 1666 Ι,
1415 1628 1417 1630 ’

216 1698 336 1739 Ἐόοξε
361 1704 484 1733 τοίνυν
509 1698 592 1743 ἡμῖν
617 1702 711 1742 ἔχειν
737 1698 860 1743 ὀρθῶς
884 1701 991 1733 τοῦτο
1015 1696 1103 1744 ὅπερ
1133 1702 1190 1732 καὶ
1216 1701 1255 1732 ἐν
1371 1699 1511 1734 Placuit
1534 1699 1642 1743 igitur
1666 1698 1768 1733 nobis
1794 1699 1926 1734 habere
1950 1700 2047 1734 recte
2072 1699 2151 1741 hoc,
2182 1699 2276 1744 quod
2301 1699 2406 1734 etiam

174 1746 303 1792 ἑτέροις
327 1743 573 1787 πεποιήκαμεν
597 1745 725 1779 ἔθνεσι
751 1748 909 1791 καίτοιγε
941 1743 1003 1787 οὐχ
1034 1742 1130 1778 οὕτω
1154 1749 1254 1788 μαχί-
1325 1745 1361 1779 in
1386 1745 1466 1780 aliis
1490 1745 1638 1780 fecimus
1663 1744 1870 1779 nationibus
1909 1744 1992 1779 licet
2016 1754 2086 1779 non
2109 1745 2162 1779 ita
2182 1744 2319 1780 bellicis
2340 1755 2406 1779 nec

173 1802 252 1834 μοις
274 1788 356 1824 οὐδὲ
376 1792 634 1834 στρατιωτικῆς
658 1791 811 1835 φρουρᾶς
832 1787 1023 1832 δεομένοις,
1048 1791 1154 1823 τοῦτο
1174 1789 1254 1824 κάν-
1326 1790 1469 1824 militari
1493 1790 1690 1825 munitione
1714 1789 1964 1833 indigentibus,
1996 1790 2065 1825 hoe
2090 1793 2126 1824 et
2149 1790 2207 1825 hic
2231 1800 2347 1835 agere,
2373 1793 2408 1825 et

173 1836 298 1869 ταῦθα
323 1835 457 1881 πρᾶξαι
490 1838 549 1868 καὶ
572 1833 716 1869 τούτων
748 1835 792 1877 δὴ
822 1836 899 1869 τῶν
928 1834 1050 1880 ἀρχῶν
1082 1835 1255 1879 ἑκατέραν
1325 1836 1452 1870 harum
1485 1845 1626 1880 quoque
1651 1835 1999 1870 administrationum
2030 1838 2220 1880 utramque
2249 1834 2288 1870 in
2314 1835 2407 1871 idem

174 1882 221 1914 εἰς
244 1877 357 1915 ταύτὸ
382 1878 610 1922 συνελκῦσαι,
645 1877 732 1914 dieve
755 1878 804 1924 μὴ
827 1878 893 1914 τὸν
916 1883 983 1924 μὲν
1008 1882 1068 1915 ἐπὶ
1091 1882 1168 1914 τῶν
1193 1894 1254 1915 πο·
1270 1883 1312 1916 30
1327 1881 1550 1922 contrahere,
1575 1891 1646 1916 non
1665 1881 1815 1915 alterum
1837 1880 1978 1925 quidem
1998 1881 2034 1915 in
2055 1881 2229 1923 civilibus,
2254 1881 2407 1916 alterum

175 1925 324 1960 λιτικῶν
355 1925 446 1959 εἶναι
478 1924 716 1972 πραγμάτων,
751 1924 817 1959 τὸν
850 1924 889 1958 δὲ
920 1927 1160 1972 στρατιωτῶν
1195 1930 1255 1959 καὶ
1325 1937 1408 1961 vero
1432 1926 1470 1961 in
1494 1926 1707 1961 militaribus
1732 1936 1810 1960 esse
1834 1926 1986 1970 negotiis
2017 1929 2053 1961 et
2077 1926 2162 1961 solis
2183 1927 2407 1971 praesedere,

174 1968 298 2015 μόνων
331 1970 500 2017 ἐξάρχειν,
533 1967 621 2004 ἄλλα
650 1974 739 2014 μίαν
770 1969 881 2015 ἀρχὴν
906 1972 1169 2017 ἐγκαταστῆσαι
1200 1973 1254 2014 τῷ
1325 1972 1389 2006 sed
1412 1982 1520 2006 unam
1542 1971 1886 2007 administrationem
1908 1971 2097 2007 instituere
2120 1972 2200 2007 loco
2220 1972 2407 2008 honestam

174 2015 277 2059 τόπῳ
313 2014 446 2060 σεμνὴν
479 2029 563 2049 τινα
598 2019 657 2050 καὶ
694 2013 814 2049 αἰδοῦς
847 2014 964 2057 ἀξίαν,
999 2013 1090 2063 ἥπερ
1124 2014 1256 2060 ὁμοίως
1325 2017 1503 2061 quandam
1536 2021 1572 2051 et
1603 2016 1803 2052 reverentia¹
1828 2017 1986 2062 dignam,
2020 2028 2112 2062 quae
2136 2017 2298 2053 similiter
2323 2017 2406 2053 civi-

174 2062 252 2095 τῶν
282 2060 480 2096 πολιτικῶν
512 2063 623 2095 ἐκεῖσε
654 2060 881 2108 πραγμάτων
912 2060 1163 2104 ἐπιμελήσεται
1196 2063 1258 2104 τῆς
1325 2062 1412 2096 lium
1443 2063 1493 2097 ibi
1526 2072 1717 2098 causarum
1755 2072 1879 2097 curam
1910 2062 2057 2098 habebit
2089 2064 2126 2098 et
2157 2073 2223 2107 pro
2251 2062 2406 2098 militan-

174 2119 213 2140 τε
243 2108 321 2141 τῶν
345 2108 586 2152 στρατιωτῶν
617 2104 803 2150 εὐκοσμίας
835 2110 1007 2153 φροντιεῖ.
1055 2105 1074 2140 ὁ
1097 2108 1164 2150 μὲν
1187 2107 1256 2153 γὰρ
1269 2110 1310 2142 35
1325 2107 1413 2142 tium
1438 2108 1628 2152 disciplina
1653 2106 1836 2152 cogitabit.
1885 2108 2096 2143 Provinciae
2124 2118 2276 2153 namque
2300 2108 2407 2143 iudex

174 2153 234 2193 τῆς
258 2154 428 2198 ἐπαρχίας
450 2148 642 2197 ἡγούμενος
672 2154 711 2184 ἐν
736 2151 867 2197 ἑτέροις
897 2156 995 2186 τισίν
1018 2154 1095 2186 ἐστι
1120 2151 1253 2193 τόποις,
1322 2152 1360 2186 in
1392 2153 1472 2187 aliis
1504 2152 1718 2198 quibusdam
1749 2153 1838 2188 locis
1867 2153 2008 2197 positus
2041 2153 2099 2188 vix
2130 2153 2199 2188 illis
2231 2153 2406 2196 sufficiet;

220 2243 303 2276 Nov.
318 2244 457 2276 XXVI
477 2242 602 2276 Graece
623 2250 709 2276 extat
729 2245 761 2275 in
780 2243 865 2284 ML,
889 2244 963 2276 inde
985 2256 1006 2275 a
1026 2255 1098 2285 cap.
1114 2244 1133 2275 2
1156 2244 1188 2275 in
1212 2243 1246 2274 B
1262 2246 1352 2284 6,10.
1380 2262 1422 2266 ———
1446 2244 1536 2286 Epic.
1553 2244 1675 2276 Theod.
1694 2246 1747 2285 26,
1771 2244 1894 2277 Athan.
1907 2246 1940 2285 4,
1953 2252 1980 2277 6.
2004 2245 2127 2278 Iulian.
2141 2252 2239 2278 const.
2253 2245 2361 2278 XIX.

839 2430 940 2480 DE
970 2362 1361 2481 PRAETJZJ
1375 2430 1748 2482 THRACIAE.

313 2510 402 2557 Imp.
431 2509 656 2545 lastinianus
681 2509 867 2555 Auqustus
892 2508 1050 2544 Iohanni
1074 2509 1335 2589 qloriosislsimto
1358 2510 1549 2587 prtaefecto
1581 2521 1689 2546 sacro
1717 2510 1875 2547 Orientis
1898 2513 2093 2559 praetorio
2126 2513 2268 2557 iterum,

1072 2565 1235 2589 exconsu
1250 2565 1262 2587 ι
1287 2565 1305 2589 e
1339 2565 1394 2599 pa
1411 2565 1510 2589 ricto.

313 2623 572 2703 Praefatio.
634 2622 734 2657 Illud
755 2623 793 2656 in
817 2622 988 2667 confesso
1013 2626 1077 2664 est,
1105 2621 1282 2657 Thracum
1305 2622 1488 2668 reqionem
1512 2622 1544 2656 si
1568 2623 1650 2668 quis
1673 2625 1844 2667 nominet,
1867 2626 1989 2660 statim
2014 2637 2087 2661 una
2110 2628 2232 2664 subire
2254 2632 2405 2664 mentem

177 2671 284 2706 etiam
317 2680 414 2715 quan
442 2679 498 2702 am
521 2667 755 2714 fortitudinis
785 2671 822 2702 et
851 2667 1062 2702 militarium
1086 2667 1274 2713 copiarum
1306 2671 1342 2702 et
1370 2667 1543 2702 bellorum
1574 2671 1683 2714 atque
1705 2680 1859 2715 puqnae
1882 2672 2139 2716 cogitationem
2147 2685 2162 2715 ;
2200 2671 2289 2708 haec
2312 2674 2405 2709 enim

176 2716 339 2762 inqenita
368 2718 402 2750 et
429 2715 556 2760 patria
589 2717 708 2748 terrae
738 2712 795 2747 illi
822 2717 917 2748 sunt.
982 2712 1114 2758 Itaque
1145 2713 1249 2748 nobis
1280 2716 1316 2747 et
1347 2711 1431 2747 olim
1464 2712 1653 2747 consilium
1684 2718 1764 2749 erat
1796 2715 1942 2750 illorum
2000 2727 2119 2762 uoque
2154 2717 2316 2753 locorum
2346 2730 2406 2754 res

178 2759 437 2801 constituendi,
473 2762 507 2794 et
538 2769 634 2793 nunc
665 2758 710 2794 de
739 2758 786 2793 iis
815 2769 910 2804 quae
941 2758 1063 2793 animo
1094 2758 1166 2792 iam
1198 2757 1416 2803 aqitavimus
1447 2756 1542 2793 hanc
1570 2758 1741 2804 ponimus
1773 2759 1895 2806 leqem.
1995 2773 2125 2808 amque
2159 2763 2209 2798 ad
2239 2763 2405 2810 Lonqum

179 2805 325 2841 Murum
349 2804 441 2840 duos
462 2804 560 2840 viros
581 2803 705 2839 sedere
736 2807 772 2839 et
794 2803 952 2839 vicarios
976 2803 1155 2838 nominari
1183 2803 1315 2837 scimus
1340 2813 1480 2844 omne-5,
1513 2802 1667 2838 alterum
1690 2804 1907 2841 militaribus
1938 2805 2147 2843 cohortibus
2169 2808 2405 2855 imperantem

179 2850 324 2892 (multae
348 2850 439 2886 enim
464 2849 502 2884 in
525 2849 589 2883 illo
615 2849 695 2883 loco
721 2859 763 2884 co
791 2849 849 2884 iae
868 2851 976 2891 sunt),
1002 2848 1156 2883 alterum
1176 2847 1338 2883 civilibus
1361 2847 1518 2893 neqotiis
1538 2849 1788 2894 praefectum:
1822 2855 1974 2897 uterque
2002 2856 2119 2888 autem
2141 2853 2235 2889 vices
2254 2855 2406 2890 sustinet

179 2897 272 2931 alter
291 2894 633 2942 qloriosissimorum
654 2860 941 2940 praesignorum,
967 2893 1059 2928 alter
1076 2893 1363 2938 fortissimorum
1383 2893 1642 2938 maqistrorum
1665 2895 1841 2937 militum;
1870 2907 1915 2931 ne
1942 2908 1986 2932 ue
2010 2908 2094 2933 vero
2115 2909 2284 2945 umquam
2311 2899 2406 2936 inter

177 2953 215 2976 se
235 2940 479 2980 consentiunt,
511 2938 576 2974 sed
594 2939 708 2984 fiscus
729 2939 874 2984 utrique
904 2943 939 2973 et
963 2949 1130 2973 annonas
1153 2937 1403 2973 subministrat
1431 2941 1467 2972 et
1493 2937 1671 2984 reliquum
1686 2940 1843 2986 praebet
1863 2907 2058 2985 solqzcium,
2090 2943 2164 2989 ipsi
2185 2954 2270 2980 vero
2295 2955 2403 2980 unum

178 2986 247 3021 hoc
268 2989 484 3032 perpetuum
508 2989 541 3019 et
565 2984 745 3029 infinitum
767 2983 952 3029 neqotium
976 2983 1119 3025 habent,
1142 2987 1184 3018 ut
1204 2983 1465 3018 contentionem
1487 2982 1583 3018 inter
1605 2994 1644 3019 se
1667 2990 1865 3021 exerceant
1887 2986 2133 3023 immortalem.

313 3030 341 3065 Ι.
400 3029 547 3064 Placuit
576 3029 690 3074 iqitur
711 3027 816 3063 nobis
845 3029 959 3063 satius
987 3039 1065 3064 esse
1092 3028 1192 3074 quod
1214 3029 1252 3063 in
1276 3028 1359 3063 aliis
1381 3038 1525 3073 quoque
1556 3028 1723 3074 qentibus
1743 3031 1910 3076 fecimus,
1943 3032 2025 3068 licet
2056 3044 2131 3068 non
2159 3044 2274 3080 aeque
2305 3034 2405 3070 belli-

111 3085 121 3094 *
179 3076 273 3111 cesis
296 3085 361 3109 nec
384 3074 536 3109 militari
557 3073 723 3109 custodia
747 3073 824 3108 indi
850 3073 1006 3115 entibus,
1036 3072 1130 3108 idem
1155 3074 1261 3109 etiam
1293 3072 1351 3108 hic
1372 3074 1518 3118 facere,
1551 3077 1588 3108 et
1612 3078 1804 3121 utrumque
1834 3075 1930 3111 hunc
1953 3077 2205 3124 maqistratum
2236 3090 2274 3113 m
2295 3091 2405 3115 unum

180 3118 406 3161 contrahere,
438 3123 479 3170 ut
502 3129 576 3153 non
607 3118 700 3153 alter
731 3118 824 3169 civili
851 3129 894 3153 us
916 3118 1064 3164 praesit
1095 3119 1260 3163 negotiis,
1294 3118 1387 3170 alter
1411 3117 1587 3170 militibus
1618 3119 1674 3170 uel
1703 3120 1793 3155 solis
1823 3121 1991 3173 imperet,
2023 3122 2088 3159 sed
2113 3134 2223 3159 unum
2248 3124 2404 3171 aliquem

178 3165 428 3214 maqistratum
452 3174 489 3197 tn
513 3174 555 3198 eo
580 3163 661 3198 loco
687 3168 914 3214 constituere·
928 3174 1075 3208 qravem
1097 3168 1133 3198 et
1154 3168 1355 3199 reverentia
1379 3163 1545 3209 diqnum,
1569 3174 1630 3208 qui
1652 3165 1794 3211 pariter
1818 3166 1894 3201 illic
1917 3167 2039 3203 civiles
2057 3179 2117 3203 res
2140 3174 2250 3214 atque
2273 3170 2404 3206 milita-

179 3221 253 3245 rem
273 3208 501 3255 disciplinam
522 3213 631 3243 curet.
684 3208 777 3243 Nam
800 3209 831 3242 is
851 3209 994 3253 quidem
1016 3208 1079 3254 qui
1099 3209 1311 3254 provinciae
1325 3212 1477 3255 praeest
1499 3209 1538 3243 in
1555 3209 1639 3244 aliis
1659 3214 1822 3246 versatur
1846 3211 1935 3247 locis
1953 3212 2098 3259 illisque
2118 3225 2226 3259 aeqre
2243 3215 2406 3260 suffieit,·

225 3326 244 3357 5
269 3318 418 3365 ὑπάρχω
444 3321 519 3361 L2n
545 3317 636 3354 §aas
660 3323 691 3355 L
709 3321 721 3365 ΙΙ
747 3324 766 3355 6
792 3324 996 3366 πατρικίων
1019 3322 1080 3353 Ma
1098 3322 1110 3365 ΙΙ
1135 3324 1154 3355 8
1178 3320 1257 3364 τὴν]
1375 3325 1494 3356 lrubr.
1522 3316 1569 3356 ἶὲ
1596 3323 1635 3365 157
1656 3333 1743 3355 xxm
1766 3325 1815 3357 De
1836 3328 1986 3367 praetore
2007 3326 2124 3359 taralie
2146 3327 2186 3369 Rs
2220 3328 2273 3372 Vll
2303 3331 2340 3363 11
2367 3331 2404 3363 in

178 3368 256 3402 τῶν
282 3369 312 3401 L
340 3367 351 3411 ΙΙ
381 3369 401 3401 9
433 3363 623 3410 *ἀνδρείας
654 3369 749 3406 (idem
782 3367 969 3400 Zachariae
997 3368 1030 3400 in
1060 3369 1163 3408 add.)]
1196 3365 1256 3401 ἄν·
1326 3370 1456 3410 genere]
1491 3368 1643 3410 ingenita
1675 3370 1759 3412 vuly.
1789 3370 1801 3412 ΙΙ
1833 3371 1924 3412 patia
1956 3371 1990 3404 V
2012 3369 2024 3415 ΙΙ
2056 3371 2109 3404 illi
2142 3373 2176 3406 T
2202 3372 2214 3417 ΙΙ
2248 3376 2287 3407 15
2321 3375 2404 3408 duos

179 3410 280 3460 δρεία
302 3414 379 3446 libri
405 3411 417 3456 ΙΙ
449 3414 485 3445 11
519 3414 558 3445 ἐν
581 3407 687 3457 γεννέ
714 3412 761 3445 L¹
800 3407 970 3457 ἐνγενητά
995 3411 1044 3444 L²
1078 3413 1113 3444 in
1137 3423 1256 3454 genere
1327 3426 1384 3446 om.
1406 3413 1460 3457 Vn
1480 3414 1620 3446 vicarios
1640 3415 1683 3454 et]
1709 3415 1768 3458 leq.
1790 3416 1823 3446 et
1842 3415 2007 3448 vicarios?
2027 3416 2038 3459 ΙΙ
2058 3418 2097 3450 16
2119 3417 2267 3452 universi
2286 3420 2402 3462 alium]

180 3461 215 3498 (i.
237 3472 262 3491 e.
288 3458 327 3490 ἐν
350 3459 458 3503 γένει)
482 3471 501 3494 ς
525 3458 537 3500 ΙΙ
569 3459 607 3491 12
633 3459 691 3489 καὶ
717 3459 837 3490 inserui
863 3456 875 3500 ΙΙ
906 3459 945 3490 14
969 3456 1157 3500 τιθέμεθα
1179 3459 1211 3491 L
1246 3462 1256 3496 Η
1326 3458 1565 3491 uniuersalium
1598 3460 1675 3492 libri
1707 3459 1720 3501 ΙΙ
1747 3460 1987 3501 praesidentem
2017 3462 2102 3504 vuly.
2133 3462 2145 3506 ΙΙ
2183 3466 2218 3497 17
2252 3465 2403 3499 ordinem

182 3506 221 3536 17
253 3501 517 3547 στρατιωτικὸν
546 3503 603 3535 Ma
613 3496 659 3535 L¹
688 3503 699 3544 Η
730 3504 772 3536 20
803 3498 1001 3548 *ὑπάρχων
1032 3503 1101 3535 ML
1128 3502 1140 3547 ΙΙ
1171 3505 1210 3537 21
1237 3500 1255 3536 ὁ
1327 3505 1403 3537 libri
1417 3503 1428 3544 ΙΙ
1447 3505 1651 3536 exercituum
1666 3505 1713 3546 T]
1727 3505 1906 3537 exereitum
1929 3506 2009 3539 Vol.
2030 3505 2089 3551 {19
2106 3507 2189 3541 alios
2205 3508 2403 3553 1711211118.-

181 3545 231 3588 δὲ]
263 3545 346 3581 οὐδὲ
375 3548 422 3581 L¹
455 3547 467 3592 ΙΙ
500 3549 542 3581 23
573 3549 717 3593 γορηγεῖ
740 3547 782 3580 Μ
814 3549 968 3592 χωρηγεῖ
990 3547 1029 3579 τὲ
1052 3548 1084 3580 L
1111 3548 1123 3590 ἰΙ
1156 3550 1198 3582 24
1223 3548 1257 3581 οἱ
1326 3549 1429 3589 gistro
1452 3549 1597 3581 militum
1622 3550 1700 3582 libri
1716 3548 1728 3593 ΙΙ
1751 3551 1792 3583 23
1816 3551 1965 3593 impendi
2041 3551 2054 3596 ss
2077 3554 2118 3586 27
2143 3552 2263 3587 *bellis
2289 3556 2367 3590 libri
2391 3555 2405 3602 ΙΙ

179 3590 233 3635 δὲ]
265 3590 347 3627 οὐδὲ
378 3593 425 3626 L¹
442 3593 466 3671 A}
499 3595 538 3626 27
570 3589 678 3634 οὕτω]
714 3587 772 3625 ὅτι
801 3594 832 3625 L
861 3593 873 3635 ll
906 3594 945 3626 31
981 3594 1255 3637 στρατιωτικῶν
1327 3595 1368 3627 28
1393 3594 1538 3627 militare
1560 3595 1781 3627 munitionem
1814 3596 1894 3629 Val.
1921 3597 1932 3638 ΙΙ
1957 3598 2000 3631 29
2024 3599 2165 3640 utraque
2186 3598 2241 3644 VH
2267 3601 2310 3635 30
2334 3611 2402 3635 non

183 3639 262 3671 Hal.
289 3638 301 3682 ΙΙ
330 3640 371 3672 32
395 3634 440 3671 ἀλ
464 3636 485 3670 ἀ
513 3641 601 3682 μίαν
625 3634 736 3683 ἀρχὴν
769 3650 826 3671 om.
852 3638 879 3669 L
910 3632 1035 3683 (ἀρχὴν
1056 3646 1129 3681 post
1151 3634 1255 3679 ἀξίαν
1328 3640 1365 3679 Τ,
1392 3652 1450 3672 om.
1472 3639 1568 3682 Vah,
1592 3650 1652 3673 nec
1673 3641 1757 3684 vuly.
1775 3641 1786 3684 u
1806 3642 1845 3674 31
1872 3641 2070 3675 militalibus
2102 3643 2159 3689 Vfl
2175 3643 2346 3687 *negotiis
2370 3649 2403 3679 et

182 3683 223 3716 33
248 3685 324 3717 add.
338 3683 400 3725 L2)
1325 3684 1414 3725 solis]
1436 3686 1469 3716 et
1486 3684 1564 3717 solis
1583 3687 1616 3718 et
1634 3685 1777 3726 negotiis
1794 3685 1872 3720 libri
1887 3684 1900 3732 ΙΙ
1915 3687 2099 3730 praesidere
2115 3690 2200 3734 vulq.
2217 3691 2229 3733 ΙΙ
2249 3692 2292 3725 34
2312 3692 2401 3724 mili-

1325 3729 1444 3762 tarium
1461 3730 1493 3763 T
1505 3729 1518 3774 ss
1536 3731 1576 3763 35
1591 3730 1799 3774 disciplinam
1821 3731 1879 3775 Vss
1895 3734 1937 3766 36
1953 3733 2007 3764 vix
2023 3732 2090 3766 illis
2105 3734 2150 3775 T]
2163 3736 2296 3769 uexillis
2318 3737 2400 3771 Vol.

2061 3791 2130 3824 26*
