2580 4022
246 129 354 171 NOV.
387 127 536 170 CXLV
560 130 577 167 1

244 241 428 282 ταγμένον.
476 234 565 268 ἀλλὰ
590 238 648 268 καὶ
671 236 739 268 νῦν
763 234 969 279 προςῆλθον
991 233 1078 278 ἡμῖν
1101 235 1136 268 οἱ
1159 238 1321 281 Φρυγίαν

243 283 414 325 ἑκατέραν
437 282 496 313 καὶ
513 277 683 313 Πισιδίαν
707 279 895 320 οἰκοῦντες,
915 279 962 313 τοὶ
985 281 1051 321 μὲν
1067 279 1195 324 προιὲην
1211 277 1319 325 ἆμαρ-

242 324 422 367 τανόμενα
452 321 528 357 κατ’
556 320 664 357 αὐτὰς
695 324 914 358 παύσασθαι
944 323 1114 369 λέγοντες,
1146 327 1207 357 καὶ
1238 323 1320 358 οὔτε

243 368 413 415 λῃστήρια
442 366 534 401 κατὰ
566 367 648 402 τοὺς
677 367 809 402 τόπους
833 370 985 401 ἐκείνους
1008 367 1224 402 συνεστάναι
1245 367 1317 402 οὔτ’

241 416 290 447 εἰς
319 410 453 457 ἄνδρας
484 413 725 457 ἐκτρέφεσθαι
753 415 830 447 ταῖς
861 414 1056 457 ἐπαρχίαις,
1086 413 1128 447 τὸ
1152 411 1192 447 δὲ
1214 413 1321 457 βάρος

241 457 281 492 οὖ
314 460 433 503 φέρειν
462 459 524 500 τῆς
554 455 637 499 παρ’
664 455 768 501 ἡμῶν
800 459 1074 501 ἐπινενοημένης
1097 455 1213 502 ἀρχῆς,
1243 460 1321 492 τῶν

241 501 539 548 ὑπηρετουμένων
586 500 676 548 αὐτῇ
725 503 880 543 συνεχῶς
926 501 1206 547 ἐπιφοιτώντων
1244 505 1321 536 ταῖς

241 549 426 590 ἐπαρχίαις
448 549 508 580 καὶ
532 544 865 590 συλλαμβανόντων
888 547 987 580 τινὰς
1010 550 1069 580 καὶ
1086 549 1228 591 ζημίαις
1243 549 1319 582 ἐπι-

240 591 456 635 τριβόντων,
485 593 545 644 καὶ
576 592 848 635 στρατιωτικῶν
872 590 1051 645 θορύβων
1075 591 1320 645 ἐμπεπλησμέ-

1303 123 1380 172 712
1401 103 1407 107 ’

1636 140 1696 170 ΠΤ
1729 141 1785 170 DE
1814 140 1984 171 CETERO
2014 140 2198 172 NULLAM
2226 141 2466 171 LICENTIAM

1389 235 1577 279 Phrygiam
1601 237 1787 280 utramque
1811 240 1846 271 et
1868 237 2035 272 Pisidiam
2058 238 2233 279 habitant,
2256 241 2296 272 ut
2319 248 2362 273 ea
2378 248 2467 282 quae

1387 280 1522 324 pridem
1544 280 1730 314 commissa
1753 285 1837 315 sunt
1859 282 1895 315 in
1915 282 1965 316 eis
1985 286 2286 327 compesceantur‚
2310 283 2466 318 dicentes

1388 334 1501 368 neque
1525 324 1715 359 latrocinia
1737 324 1775 358 in
1797 325 1885 360 locis
1904 325 1973 361 illis
1989 327 2223 372 compescita;
2243 337 2357 371 neque
2374 329 2467 362 enim

1389 369 1427 403 in
1450 369 1652 404 hominibus
1676 369 1823 404 enutriri
1846 370 2057 414 provincias,
2082 382 2172 406 onus
2192 381 2277 406 vero
2295 382 2367 407 non
2381 372 2469 407 ferri

1356 417 1374 448 5
1389 423 1411 447 a
1441 413 1544 448 nobis
1573 414 1706 448 inventi
1737 413 1887 459 cinguli,
1915 415 2008 459 quod
2030 416 2231 451 ministrant
2254 416 2287 451 ei
2308 416 2467 451 insolito-

1388 468 1466 492 rum
1490 458 1661 502 dignitate
1693 461 1728 493 et
1751 459 2088 502 adprehendentium
2110 461 2247 505 aliquos
2271 463 2309 496 et
2331 461 2466 496 damnis

1388 502 1638 544 adficientium,
1663 505 1700 538 et
1721 503 1926 538 militarium
1948 505 2133 540 turbarum
2148 506 2284 550 repleta
2298 506 2380 541 loca
2395 505 2467 547 illa,

1389 551 1425 582 et
1455 548 1596 583 omnino
1625 547 1873 583 inhabitabiles
1906 549 1955 583 eis
1983 559 2060 584 esse
2083 551 2301 594 provincias:
2337 551 2468 586 etenim

1389 595 1426 627 et
1455 592 1543 636 ipsis
1575 595 1701 627 contra
1724 602 1764 627 se
1788 593 1947 629 civilibus
1970 593 2145 629 iudicibus
2170 595 2323 639 copiosis
2348 596 2394 631 ad
2416 595 2469 630 rei

239 649 316 670 νων
347 637 424 669 τῶν
453 648 583 671 τοπων
608 638 767 678 ἐκείνων,
797 639 856 669 καὶ
880 633 970 669 ὅλως
993 637 1178 679 αοικήτους
1203 639 1320 670 αυτοῖς
1337 640 1376 671 10
1390 637 1645 672 correctionem
1665 637 1879 681 constitutis,
1904 641 1940 671 et
1963 648 2082 673 eorum
2106 639 2167 683 qui
2189 640 2386 683 provincias
2402 640 2466 674 ha-

239 681 303 715 τὰς
328 682 497 725 ἐπαρχίας
518 680 626 714 εἴναι·
652 684 809 726 καίτοιγε
832 684 892 714 καὶ
917 678 1037 715 αὐτῶν
1060 678 1152 715 καθ’
1174 681 1319 715 ἑαυτοὺς

238 727 315 759 τῶν
339 725 536 760 πολιτικῶν
557 724 746 771 ἀρχόντων
770 725 907 759 ἱκανῶν
930 725 1018 771 πρὸς
1040 725 1110 768 τὴν
1131 727 1195 759 τοῦ
1227 725 1318 770 πρά-

238 781 372 817 γματος
402 767 667 815 ἐπανόρθωσιν
698 768 830 804 ὄντων.
877 773 937 804 καὶ
959 769 1029 825 γὰρ
1051 769 1094 813 δὴ
1114 773 1174 804 καὶ
1198 767 1320 804 αὐτῶν

239 816 316 848 τῶν
338 814 403 849 τὰς
417 816 596 867 εἐπαρχίας
619 814 816 848 οἰκούντων
840 813 990 849 πολλους
1009 815 1077 858 τὴν
1094 817 1228 861 ἑτέρων
1245 816 1320 850 ἐπι-

1389 682 1504 716 bitant
1533 682 1663 717 multos
1689 682 1838 716 aliarum
1863 682 2015 726 quietem
2039 683 2210 719 facientes
2234 685 2374 728 cingulo
2397 685 2467 719 isto

1388 727 1582 761 abutantur
1612 725 1831 771 (περιβολῇ),
1865 731 1900 761 et
1930 728 2226 772 comprehendere
2250 729 2468 772 innocentes,

1389 774 1424 806 et
1448 781 1538 815 quae
1561 781 1632 807 non
1655 775 1740 806 sunt
1763 771 1831 806 dici
1854 772 1891 806 in
1916 773 1965 807 eis
1989 772 2055 817 agi.

239 863 371 893 είκειαν
395 873 530 903 ευρημα
554 862 783 903 ποιουμένους
805 861 849 906 τῇ
873 861 934 902 τῆς
958 857 1067 914 αρχῆς
1083 860 1215 902 ταύτης
1231 857 1318 894 ἀπο·
1335 864 1376 896 15

239 905 436 949 κεχρῆσθαι
460 904 630 950 περιβολῇ
656 907 715 937 καὶ
737 907 896 946 συνέχειν
911 916 992 938 τους
1007 903 1237 947 ανευθύνους,
1260 907 1320 938 καὶ

238 947 353 995 ταύτῃ
384 947 430 983 τοὶ
462 949 512 993 μὴ
545 947 666 982 δίκαια
690 952 816 994 σφίσιν
841 948 961 983 αὐτοῖς
983 949 1318 995 καταπράττεσθαι.

1260 1060 1415 1096 CAPUT
1439 1060 1468 1096 Ι.

289 1128 407 1161 Ταῦτα
431 1125 598 1161 πολλάκις
621 1126 789 1161 εἰπόντας
806 1126 937 1161 αὐτοὺς
952 1126 1160 1171 ἐλεήσαντες
1176 1129 1236 1162 ἐπὶ
1252 1128 1319 1162 τὸν

239 1171 406 1217 παρόντα
437 1172 542 1205 θεῖον
572 1169 678 1216 ἡμῶν
709 1170 874 1225 ἤλθομεν
897 1172 1022 1216 νόμον,
1053 1170 1098 1206 δι’
1123 1165 1164 1207 οὗ
1187 1173 1318 1207 θεσπί-

1432 1128 1531 1162 Haec
1563 1128 1704 1173 saepius
1737 1127 1894 1164 dicentes
1926 1138 2045 1164 eorum
2072 1129 2207 1164 miserti
2231 1129 2277 1164 ad
2300 1140 2468 1175 praesen-

1387 1175 1459 1207 tem
1491 1182 1630 1207 sacram
1657 1176 1816 1208 nostram
1838 1174 1996 1209 venimus
2019 1175 2140 1217 legem,
2171 1184 2237 1219 per
2259 1185 2364 1219 quam
2387 1184 2468 1210 san-

239 1220 346 1261 ζομεν
371 1217 570 1264 ἐξῃρῆσθαι
591 1217 652 1250 τοῦ
679 1215 805 1251 λοιπον
830 1228 895 1251 τας
910 1218 1095 1262 εἰρημένας
1109 1217 1194 1262 ἡμῖν
1210 1219 1318 1263 ἐπαρ-
1333 1221 1375 1253 20
1389 1217 1500 1252 cimus
1535 1217 1669 1253 auferri
1703 1218 1746 1253 de
1784 1221 1900 1253 cetero
1933 1229 2024 1263 quae
2050 1219 2165 1253 dictae
2197 1223 2281 1254 sunt
2311 1229 2334 1253 a
2365 1219 2469 1255 nobis

237 1266 314 1305 χίας
349 1264 483 1307 (φαμὲν
519 1259 563 1304 δὴ
596 1264 757 1306 Φρυγίαν
788 1261 1041 1306 Σαλουταρίαν
1067 1266 1127 1296 καὶ
1159 1265 1321 1309 Φρυγίαν

238 1306 472 1349 Πακατιανὴν
488 1309 548 1339 καὶ
564 1304 749 1349 Πισιδίαν)
765 1307 826 1349 τῆς
845 1305 950 1352 ἀρχῆς
966 1308 1108 1348 ἐκείνης,
1133 1305 1179 1351 ἣν
1195 1305 1319 1342 αὐταῖς

238 1365 277 1386 τε
300 1355 359 1385 καὶ
383 1352 472 1396 πρός
494 1363 535 1397 γε
558 1351 602 1397 τῇ
626 1351 834 1386 Λυκαόνων
857 1355 916 1385 καὶ
939 1353 984 1398 τῇ
1008 1350 1145 1397 ᾼυδιῦν
1169 1350 1319 1396 ἐπεστή-

239 1409 352 1440 σαμεν
382 1394 522 1442 πρώην,
552 1398 612 1429 καὶ
643 1398 818 1439 μηδεμίαν
842 1395 969 1430 ἄδειαν
992 1399 1031 1431 ἐκ
1053 1398 1118 1431 τοῦ
1142 1397 1320 1443 παρόντος

1388 1263 1591 1307 provinciae
1625 1263 1787 1303 (dicimus
1823 1265 1941 1298 autem
1976 1264 2163 1308 Phrygiam
2199 1264 2397 1299 Salutarem
2435 1268 2470 1299 et

1389 1307 1576 1351 Phrygiam
1606 1307 1836 1342 Pacatianam
1866 1311 1902 1343 et
1929 1308 2109 1349 Pisidiam)
2147 1308 2190 1343 de
2225 1309 2366 1353 cingulo
2396 1309 2468 1351 illo,

1390 1353 1484 1397 quod
1507 1355 1580 1387 tam
1604 1353 1690 1397 ipsis
1715 1362 1819 1396 quam
1842 1352 2031 1397 Lycaoniis
2056 1357 2091 1388 et
2106 1353 2214 1397 Lydis
2238 1354 2469 1398 imposuimus

1389 1398 1490 1438 olim,
1521 1399 1559 1432 et
1587 1397 1722 1432 nullam
1752 1398 1929 1432 licentiam
1962 1408 2006 1433 ex
2031 1399 2213 1442 praesenti
2236 1408 2313 1433 esse
2337 1400 2388 1433 eis
2410 1399 2471 1442 qui

238 1441 330 1475 εἶναι
351 1452 424 1475 τοις
447 1442 587 1483 ἐκείνην
610 1441 727 1483 έχουσι
750 1440 818 1496 τὴν
841 1438 952 1486 ἀρχὴν
976 1440 999 1483 ἢ
1023 1443 1062 1475 ἐν
1086 1439 1210 1476 αὐταῖς
1227 1446 1319 1488 γίνε-
1333 1444 1374 1477 25
1389 1451 1465 1477 eam
1488 1442 1621 1477 habent
1646 1442 1985 1477 administrationem
2009 1445 2073 1477 aut
2095 1442 2133 1477 in
2157 1443 2207 1477 eis
2231 1442 2309 1478 fieri
2325 1445 2466 1488 provin-

238 1487 333 1519 σθαι
361 1489 439 1519 ταῖς
470 1487 671 1530 ἐπαρχίαις,
707 1483 755 1520 οἷς
785 1486 937 1531 αρχικὴν
968 1488 1088 1529 ἔχουσί
1116 1499 1200 1521 τινα
1230 1486 1321 1531 πρὸς

239 1528 347 1564 αὐτὰς
369 1534 573 1575 μετουσίαν,
595 1526 618 1572 ἢ
643 1529 802 1564 στέλλειν
824 1531 909 1565 τινὰ
933 1531 994 1573 τῆς
1016 1530 1152 1571 τάξεως
1174 1533 1236 1574 τῆς
1261 1529 1319 1565 αὗ-

237 1577 315 1609 τῶν
343 1573 366 1618 ἢ
398 1579 457 1608 καὶ
480 1576 557 1609 τῶν
580 1573 698 1609 ἄλλως
722 1573 840 1610 αὐτοῖς
863 1574 1118 1620 προςηκόντων
1140 1579 1199 1611 καὶ
1219 1579 1319 1611 συνέ-

237 1633 313 1662 χειν
347 1619 466 1662 τινάς,
503 1618 593 1652 ἀλλὰ
627 1618 719 1663 μηδὲ
748 1617 866 1654 αὐτοῖς
895 1619 1023 1655 ἄδειαν
1054 1622 1146 1655 εἶναι
1177 1624 1250 1655 τοῖς
1280 1623 1318 1654 ἐκ

1389 1487 1452 1522 ciis
1487 1491 1666 1531 tamquam
1701 1487 1883 1531 dignitatis
1917 1488 2091 1522 habentes
2122 1487 2265 1532 aliquod
2305 1498 2386 1523 cum
2420 1488 2470 1523 eis

1387 1531 1636 1576 participium,
1668 1535 1731 1566 aut
1754 1532 1995 1567 transmittere
2017 1532 2168 1575 aliquem
2193 1533 2236 1567 de
2261 1531 2379 1567 officio
2403 1543 2469 1568 suo

1387 1579 1450 1611 aut
1480 1577 1584 1611 aliter
1613 1577 1664 1611 eis
1698 1577 1979 1621 competentibus
2011 1580 2047 1612 et
2078 1577 2375 1621 comprehendere
2404 1578 2469 1612 ali-

1387 1631 1492 1666 quos,
1525 1621 1587 1656 sed
1618 1631 1731 1665 neque
1762 1622 1812 1656 eis
1832 1621 2011 1656 licentiam
2035 1631 2114 1656 esse
2136 1622 2197 1666 qui
2221 1631 2264 1657 ex
2287 1622 2357 1657 illis
2383 1633 2465 1666 pro-

237 1666 315 1698 τῶν
350 1665 532 1708 ἐπαρχιῶν
565 1665 714 1717 ἐκείνων
747 1668 884 1718 τρέχειν
919 1665 1007 1709 πρὸς
1037 1665 1119 1699 τοὺς
1149 1663 1319 1700 ἑκάστοτε
1332 1669 1373 1701 30
1387 1666 1511 1701 vinciis
1536 1669 1620 1701 sunt
1643 1675 1786 1702 currere
1810 1668 1855 1701 ad
1871 1676 2155 1711 unumquemque
2173 1667 2266 1702 hanc
2282 1667 2471 1702 habentem

237 1708 374 1750 ταύτην
402 1712 548 1750 ἔχοντας
577 1721 644 1751 την
673 1706 784 1752 ἆρχην
814 1713 874 1742 καὶ
902 1713 1041 1755 μέμψιν
1065 1707 1320 1745 ἀποτίθεσθαι

238 1750 314 1787 κατ’
339 1750 513 1795 ἀλλήλων,
542 1752 614 1786 εἴτε
643 1749 734 1798 ὑπὲρ
762 1753 957 1798 χρημάτων
987 1755 1058 1788 εἴτε
1080 1752 1171 1801 ὑπὲρ
1196 1754 1317 1799 ἐγκλή-

237 1808 348 1842 ματος
371 1797 413 1831 τὸ
436 1797 649 1841 κινούμενον
673 1798 744 1841 εἴη·
767 1798 899 1842 ποινὴν
917 1795 1159 1845 ὑφορωμένοις
1173 1799 1319 1843 triginta

1387 1711 1590 1754 dignitatem
1622 1713 1658 1745 et
1689 1711 1867 1755 querelam
1898 1712 2079 1746 insinuare
2111 1711 2280 1746 adversus
2308 1711 2469 1754 invicem,

1388 1755 1460 1790 sive
1483 1766 1550 1799 pro
1574 1757 1788 1799 pecuniariis
1812 1757 1886 1791 sive
1908 1766 1974 1800 pro
1992 1755 2233 1790 criminalibus
2251 1756 2361 1791 fuerit
2376 1756 2470 1800 quod

1386 1804 1564 1835 movetur:
1585 1810 1737 1844 poenam
1760 1800 1997 1835 metuentibus
2021 1800 2167 1843 triginta
2189 1801 2360 1835 librarum
2378 1801 2468 1843 auri,

239 1963 314 1999 Sed
335 1973 431 1998 nunc
453 1974 597 2009 quoque
620 1963 789 1999 adierunt
811 1975 879 1999 nos
901 1965 965 2009 qui
991 1964 1193 2010 Pliryqiam
1217 1967 1407 2010 utramque
1437 1967 1472 1999 et
1496 1963 1671 1999 Pisidiam
1701 1965 1876 2006 incolunt,
1908 1964 2066 2001 dicentes
2095 1966 2166 2001 iam
2198 1965 2345 2002 desiisse
2375 1978 2470 2013 quae

241 2009 324 2043 olim
349 2009 386 2042 in
412 2008 457 2043 iis
473 2008 678 2053 provinciis
701 2009 1019 2051 committerentur,
1042 2019 1108 2044 nec
1131 2009 1312 2043 latronum
1339 2009 1461 2044 turbas
1483 2009 1522 2042 in
1545 2008 1619 2043 illis
1643 2009 1730 2044 locis
1752 2010 1908 2044 eoeistere
1931 2021 2045 2055 neque
2068 2011 2106 2045 in
2119 2009 2313 2047 seditiones
2328 2012 2470 2058 deflecti

236 2053 456 2098 provincias,
492 2063 607 2097 neque
627 2063 711 2087 vero
737 2063 829 2087 onus
853 2053 1089 2098 maqistratus
1113 2063 1136 2087 a
1161 2052 1264 2087 nobis
1287 2053 1487 2098 excoqitati
1508 2063 1547 2087 se
1569 2053 1683 2098 ferre,
1709 2063 1788 2088 cum
1811 2054 1967 2088 ministri
1989 2054 2066 2089 eius
2089 2055 2239 2090 adsidue
2260 2057 2470 2102 provincias

234 2101 432 2143 peraqrent
458 2100 493 2132 et
516 2096 676 2131 homines
699 2096 752 2131 ali
776 2107 843 2131 uos
866 2097 1171 2144 comprehendant
1193 2097 1404 2142 damnisque
1424 2101 1615 2132 conterant
1637 2101 1674 2132 et
1696 2098 1909 2133 militaribus
1934 2099 2140 2134 tumultibus
2153 2100 2269 2145 plena
2291 2102 2365 2136 sint
2386 2101 2469 2137 loca

236 2142 313 2183 illa,
345 2145 454 2186 atque
486 2141 630 2176 omnino
662 2140 749 2176 inlia
772 2141 915 2177 itabiles
942 2143 1013 2178 sibi
1033 2142 1247 2188 provincias
1269 2142 1392 2177 reddi:
1423 2142 1566 2177 tametsi
1587 2142 1694 2177 etiam
1717 2143 1790 2188 ipsi
1812 2142 1933 2178 civiles
1956 2143 2191 2188 maqistratus
2209 2155 2280 2190 per
2302 2155 2341 2181 se
2361 2147 2469 2192 suffi-

239 2188 336 2221 ciant
370 2186 420 2220 ad
452 2196 527 2221 rem
562 2184 830 2221 emendandam.
878 2185 1022 2222 Etenim
1053 2187 1161 2222 etiam
1191 2197 1241 2222 ex
1267 2186 1313 2221 iis
1341 2186 1405 2233 qui
1427 2186 1642 2232 provincias
1672 2186 1835 2222 incolunt
1865 2186 1997 2222 multos
2028 2198 2077 2223 eae
2110 2188 2265 2223 aliorum
2296 2190 2469 2226 modestia

237 2232 375 2266 lucrum
403 2230 583 2275 facientes
613 2229 720 2265 liuius
751 2231 987 2276 maqistratus
1017 2231 1113 2267 velut
1144 2232 1387 2277 intequmento
1420 2231 1521 2267 abuti
1551 2235 1587 2267 et
1614 2231 1788 2267 innoxios
1818 2231 2130 2277 comprehendere,
2162 2237 2271 2279 atque
2301 2235 2353 2269 ita
2376 2246 2470 2280 quae

241 2277 337 2311 iusta
362 2285 435 2310 non
458 2279 544 2310 sunt
565 2275 634 2310 sibi
658 2274 828 2311 obtinere.

369 2320 397 2355 1.
445 2319 548 2354 Haec
579 2330 657 2354 cum
687 2321 834 2366 saepius
866 2319 1043 2362 dicerent,
1072 2330 1135 2355 eos
1161 2320 1324 2355 miserati
1353 2320 1402 2355 ad
1430 2323 1655 2372 praesentem
1686 2330 1828 2355 sacram
1858 2319 1971 2366 leqem
2002 2326 2162 2355 nostram
2194 2322 2371 2365 venimus,
2399 2335 2470 2375 per

263 2375 346 2399 uam
377 2365 569 2407 sancimus,
602 2369 642 2398 ut
664 2364 701 2398 in
720 2369 910 2410 posterum
928 2365 1144 2410 praedictae
1167 2376 1190 2399 a
1213 2364 1317 2400 nobis
1330 2365 1544 2411 provinciae
1569 2364 1782 2410 (Phryqiam
1806 2364 1958 2400 dicimus
1981 2365 2185 2400 Salutarem
2209 2370 2244 2401 et
2267 2366 2469 2414 Phryqtam

236 2375 474 2445 {acatianam
498 2412 533 2444 et
556 2408 744 2451 Pisidiam)
771 2420 794 2444 a
825 2409 1039 2455 maqistratu
1064 2409 1141 2451 illo,
1166 2419 1271 2454 quem
1295 2414 1329 2444 et
1353 2409 1445 2456 ipsis
1467 2413 1502 2444 et
1521 2412 1712 2456 praeterea
1735 2407 1942 2455 Lycaoniae
1965 2414 2001 2445 et
2022 2409 2163 2454 Lydiae
2186 2412 2270 2446 olim
2283 2413 2469 2458 praefeci-

236 2465 325 2497 mus,
357 2458 546 2499 exemptae
576 2454 658 2495 sint,
687 2464 774 2490 neve
804 2454 881 2489 ulla
904 2453 987 2489 inde
1010 2465 1033 2489 a
1050 2455 1243 2500 praesenti
1264 2459 1424 2500 tempore
1444 2454 1607 2499 facultas
1630 2454 1679 2489 sit
1702 2453 1748 2488 iis
1771 2454 1834 2505 qui
1850 2464 1908 2489 ma
1935 2454 2100 2489 istratum
2124 2455 2224 2490 illum
2247 2462 2380 2501 qerunt
2404 2461 2470 2493 aut

236 2500 273 2533 in
305 2499 395 2545 ipsis
423 2499 623 2544 provinciis
647 2497 825 2540 versandi,
858 2499 966 2544 quasi
988 2500 1052 2544 qui
1072 2498 1395 2534 administrationis
1419 2499 1579 2578 aliquam
1597 2502 1745 2578 partem
1768 2509 1807 2533 in
1831 2499 1876 2534 iis
1925 2499 2064 2539 abeant,
2097 2504 2161 2534 aut
2183 2509 2394 2545 quemquam
2418 2512 2468 2538 ex

236 2543 362 2622 ‘officio
386 2554 453 2578 suo
484 2543 541 2579 vel
568 2543 614 2578 iis
644 2543 707 2588 qui
736 2543 809 2578 alio
839 2543 946 2578 modo
978 2543 1028 2578 ad
1050 2554 1113 2579 eos
1128 2544 1317 2590 pertinent
1339 2545 1461 2579 mitten
1488 2543 1502 2577 i
1523 2547 1558 2578 et
1581 2554 1603 2578 a
1618 2543 1725 2589 iquos
1748 2543 2082 2589 comprehendendi,
2105 2544 2169 2579 sed
2191 2548 2230 2578 ut
2252 2555 2298 2580 ne
2321 2546 2366 2580 iis
2390 2547 2467 2592 qui-

261 2599 315 2622 em
346 2588 409 2634 qui
441 2598 491 2623 ex
514 2588 717 2634 provinciis
748 2588 821 2623 illis
851 2591 937 2623 sunt
965 2587 1016 2623 ad
1037 2599 1100 2623 eos
1120 2588 1186 2634 qui
1206 2598 1349 2633 quoque
1373 2592 1533 2634 tempore
1556 2586 1651 2622 hunc
1674 2587 1925 2633 maqistratum
1947 2593 2080 2634 qerunt
2101 2598 2302 2633 accurrere,
2325 2594 2361 2626 et
2383 2601 2467 2635 que-

236 2633 347 2668 rellas
370 2633 465 2668 inter
487 2643 526 2668 se
548 2633 734 2667 instituere
758 2632 876 2675 liceat,
899 2633 973 2669 sive
996 2632 1040 2668 de
1059 2633 1225 2679 pecuniis
1246 2633 1319 2668 sive
1341 2633 1385 2669 de
1408 2632 1557 2668 crimine
1580 2633 1744 2678 quaestio
1768 2637 1974 2669 moveatur.-
1998 2637 2107 2679 atque
2124 2633 2273 2679 triqinta
2294 2634 2467 2670 librarum

1434 2802 1447 2833 1
1479 2798 1654 2840 piscidiam
1686 2800 1719 2832 T
1745 2800 1804 2841 (id.
1837 2801 1940 2843 infra)
1967 2799 1980 2843 11
2013 2801 2052 2832 ut
2082 2812 2141 2832 om.
2171 2801 2255 2844 vulq.
2287 2799 2300 2844 11
2327 2803 2347 2834 3
2378 2812 2465 2834 com-

283 2803 298 2834 1
318 2801 378 2833 καὶ
393 2813 450 2833 om.
465 2812 484 2836 ς
495 2800 506 2843 11
520 2802 539 2834 3
553 2795 630 2833 κατ’
646 2795 754 2833 αὖτὰς
767 2799 846 2840 Mc]
861 2801 919 2832 καὶ
935 2799 1051 2833 ταῖτα
1063 2800 1095 2832 L
1108 2799 1118 2837 11
1130 2795 1233 2832 *οὐδὲ
1250 2800 1317 2832 ML

1384 2843 1513 2886 pensita
1535 2844 1567 2877 T
1589 2842 1602 2887 11
1631 2844 1719 2876 enim
1752 2845 1835 2878 delet
1858 2845 1952 2877 Beck
1981 2844 1993 2888 11
2020 2846 2043 2878 4
2070 2844 2156 2877 ferre
2180 2845 2274 2878 Beck
2302 2844 2315 2889 11
2344 2847 2363 2879 5
2397 2847 2465 2879 6111-

235 2845 284 2888 114
305 2843 534 2886 συνεστάναι]
559 2845 757 2887 compescita
774 2855 794 2880 ς
821 2844 834 2888 11
862 2840 972 2876 *οὐδ’
994 2845 1041 2878 Μ
1057 2840 1140 2877 οὐδὲ
1157 2845 1188 2877 L
1212 2854 1319 2885 neque

238 2890 326 2921 enim
341 2902 359 2925 ς
371 2888 383 2933 11
398 2889 444 2922 εἰς
460 2891 531 2931 (om.
549 2890 593 2930 L)
617 2886 751 2933 ἄνδρας
769 2888 1011 2933 ἐκτρέφεσθαι
1033 2891 1110 2922 ταῖς
1134 2889 1319 2934 ἐπαρχίαις

238 2934 435 2975 (provincias
445 2937 474 2976 ς)
490 2941 641 2976 corrupta
647 2936 743 2976 ;fort.
756 2935 814 2977 leq.
825 2934 873 2966 εἰς
885 2929 1063 2978 ἀναρχίαν
1075 2932 1318 2977 ἐκτρέπεσθαι

236 2978 301 3011 τὰς
320 2980 491 3022 ἐπαρχίας
506 2979 561 3022 (cf.
575 2981 651 3020 711,
667 2980 735 3020 21),·
755 2979 984 3022 Osenbritqqen
1001 2975 1241 3023 ἀνδροφονίας
1261 2979 1315 3021 (cf

241 3025 314 3066 191,
334 3025 378 3065 19)
409 3025 462 3056 vel
483 3024 586 3056 simile
619 3025 698 3066 quid
730 3024 883 3065 requirit,
915 3019 1110 3066 εὐανδρίαν
1141 3035 1204 3056 non
1234 3029 1317 3056 recte

238 3069 425 3101 Zachariae
452 3067 464 3112 11
495 3069 515 3102 6
538 3068 613 3110 τῆς]
637 3069 714 3101 ταῖς
734 3068 785 3100 La
811 3066 823 3111 11
850 3067 927 3100 τῶν
944 3086 986 3092 —-
1002 3069 1199 3110 ἐπαρχίαις]
1229 3067 1317 3109 quod

239 3113 432 3145 ministrant
457 3112 488 3144 ei
512 3112 722 3145 insolitorum
747 3111 936 3153 dignitate?
961 3123 981 3148 ς
1009 3113 1021 3155 11
1050 3114 1068 3145 7
1100 3113 1235 3153 συχνιῦς
1258 3112 1290 3145 L
1306 3110 1317 3156 11

241 3159 260 3189 8
285 3155 639 3201 συλλαμβανομένων
653 3158 683 3190 L
700 3156 711 3200 11
731 3157 857 3200 ζημίας
870 3158 901 3190 L
919 3157 931 3198 11
950 3159 988 3191 11
1007 3152 1093 3189 καθ’
1112 3156 1258 3190 ἑαυτοὺς
1273 3175 1316 3181 -

244 3203 283 3234 13
319 3198 443 3235 αὐτῶν
478 3215 535 3236 om.
566 3203 599 3235 L
630 3201 642 3245 11
674 3199 766 3234 καθ’
802 3201 944 3234 ἑαυτῶν
980 3203 1072 3234 vertit
1096 3212 1115 3237 ς
1143 3201 1155 3244 11
1186 3203 1226 3235 13
1257 3202 1316 3234 καὶ

236 3245 303 3290 γὰρ
331 3243 374 3288 δὴ
405 3248 464 3279 καὶ
497 3243 631 3286 αὐτῶν]
664 3249 696 3278 et
719 3257 739 3282 ς
765 3245 777 3289 11
809 3248 849 3279 15
877 3242 1007 3290 εὕρεμα
1031 3247 1073 3286 L,
1103 3259 1160 3279 om.
1187 3257 1206 3281 ς
1234 3246 1247 3288 11
1276 3247 1316 3280 17

237 3289 351 3333 ταύτῃ
386 3288 432 3323 τὰ
466 3290 515 3333 μὴ
549 3288 671 3323 δίκαια
702 3293 827 3335 σφίσιν
861 3286 990 3331 αὐτοῖς]
1027 3301 1110 3331 quae
1141 3301 1210 3322 non
1240 3291 1318 3322 sunt

238 3334 305 3366 dici
331 3325 369 3366 ‘in
398 3336 444 3367 eis
469 3347 487 3371 ς
516 3334 528 3379 n
557 3337 597 3369 18
622 3333 784 3368 εἰπόντες
808 3336 850 3370 g?
881 3334 893 3378 11
921 3336 963 3368 20
991 3333 1216 3378 ἐξαιρεῖσθαι
1240 3332 1320 3406 ιαμ

239 3379 282 3411 24
292 3387 365 3420 post
387 3377 634 3422 ἐπεστήσαμεν]
657 3376 784 3423 πρώην
798 3391 880 3421 quae
893 3387 1066 3422 sequuntur
1079 3381 1185 3413 omnia
1197 3391 1255 3412 om.
1269 3379 1304 3412 B

238 3421 302 3465 1125
327 3419 359 3464 ἢ]
383 3424 456 3455 ita?
481 3435 500 3459 ς
522 3424 534 3468 11
562 3426 603 3458 26
623 3423 687 3457 τὰς
711 3421 834 3467 ἐπαρ7ί’
861 3424 892 3456 L
908 3423 919 3468 11
940 3426 981 3457 28
1006 3422 1258 3468 προςηκόντων
1275 3441 1317 3447 -

240 3462 356 3500 αὐτοῖς
380 3481 436 3502 om.
462 3469 538 3509 B(⁰)
555 3468 566 3512 11
587 3469 719 3509 ἐνέχειν
743 3470 785 3501 Μ
803 3470 914 3511 priore
938 3470 1005 3502 loco
1024 3469 1095 3510 1130
1122 3466 1211 3512 πρὸς
1238 3465 1318 3501 τοὺς

240 3509 407 3544 ἑκάστοτε
437 3511 575 3553 ταύτην
605 3514 762 3553 ἔχοντας]
793 3513 834 3544 ad
857 3522 1126 3554 unumquemque
1150 3514 1235 3545 hanc
1259 3513 1318 3545 ha-

239 3553 368 3587 bentem
393 3567 412 3591 ς
435 3555 448 3598 11
472 3557 515 3590 32
537 3554 769 3602 ἐγκλημάτων
791 3559 823 3588 Β
837 3568 855 3593 ς
872 3556 884 3599 11
909 3559 951 3590 33
973 3554 1167 3602 τριάκοντα
1189 3555 1232 3599 (λ’
1259 3557 1318 3599 Μ)

242 3594 384 3676 λιτρῶνί
400 3603 542 3642 χρυσίου
567 3602 610 3633 Μ
625 3603 738 3646 priore
763 3602 842 3643 loco,
867 3602 937 3635 LB
963 3601 976 3646 11
1005 3597 1254 3647 ὑφορωμένους
1278 3602 1321 3635 Μ

237 3652 349 3683 prtore
385 3656 440 3677 oco

1385 2888 1465 2929 gulo
1489 2889 1523 2921 V
1549 2888 1561 2931 11
1595 2888 1683 2931 quod
1706 2907 1750 2913 -
1775 2889 1938 2930 dignitate
1971 2901 2066 2922 sensu
2098 2901 2192 2922 cassa
2223 2902 2285 2922 non
2310 2893 2466 2933 expedio;

1386 2934 1459 2966 olim
1474 2934 1584 2976 fuisse
1608 2933 1668 2974 qui
1690 2944 1733 2966 m.
1758 2933 1788 2965 ei
1808 2933 2043 2966 insultantium
2068 2933 2226 2974 dignitati
2245 2941 2342 2977 putat
2365 2935 2468 2968 Kroll

1385 2977 1394 3020 11
1411 2978 1578 3010 ministrat
1605 2978 1638 3011 V
1660 2977 1672 3020 11
1700 2978 1912 3010 insolitarum
1946 2979 1978 3011 T
2004 2979 2016 3019 11
2043 2980 2063 3012 6
2094 2978 2292 3020 dignitatem
2313 2979 2347 3012 V
2365 2978 2378 3024 11
2407 2979 2465 3012 ad-

1384 3023 1615 3064 praehentium
1636 3022 1670 3056 V
1692 3022 1704 3064 11
1731 3022 1921 3064 aliquorum
1946 3023 1993 3056 Ta
2016 3022 2028 3066 11
2057 3025 2075 3056 7
2102 3026 2134 3055 et
2157 3023 2198 3055 ad
2221 3023 2417 3056 militarium
2438 3024 2471 3058 V

1387 3073 1396 3108 11
1413 3066 1549 3109 repleta]
1576 3070 1608 3099 et
1631 3066 1757 3110 repleta
1783 3068 1815 3100 T
1839 3068 1851 3110 11
1881 3069 1900 3101 8
1925 3068 1971 3099 eis
1995 3078 2061 3100 esse
2082 3068 2128 3108 V]
2163 3078 2229 3100 esse
2253 3069 2300 3100 eis
2325 3069 2359 3101 T
2377 3070 2463 3113 vulq.

1388 3109 1435 3155 119
1467 3111 1508 3144 ad
1538 3123 1573 3144 re
1597 3112 1839 3154 correptionem
1860 3113 1894 3145 V
1916 3111 1928 3155 11
1957 3114 1998 3146 10
2023 3112 2082 3153 qui
2113 3114 2164 3153 (ex
2187 3113 2282 3154 corr.)
2306 3123 2366 3156 per
2387 3124 2465 3156 pro-

1387 3156 1516 3188 uincias
1534 3157 1566 3189 T
1578 3155 1590 3199 11
1610 3158 1648 3190 11
1676 3156 1820 3189 aliorum
1844 3157 1987 3198 quietem
2012 3157 2184 3189 inventum
2200 3157 2371 3199 facientes,
2396 3168 2463 3199 quo

1385 3201 1513 3242 cinguli
1535 3201 1635 3233 huius
1658 3201 1842 3234 abutantur
1865 3198 2036 3246 περιβολῇ
2052 3202 2139 3245 vuly.
2159 3200 2307 3245 111811711
2326 3203 2368 3236 12
2386 3210 2463 3245 post

1384 3246 1566 3277 abutantur
1589 3244 1798 3286 (habitantur
1824 3246 1873 3288 T)
1898 3247 1975 3279 add.
1999 3247 2099 3279 libri:
2129 3246 2302 3288 perhiuole
2331 3247 2462 3290 (perhy-

1385 3289 1458 3322 bole
1485 3290 1532 3332 T)
1562 3289 1686 3322 dicitur
1711 3290 1843 3331 quando
1868 3290 1967 3323 iudex
1991 3290 2091 3322 habet
2113 3290 2235 3323 multos
2259 3292 2407 3324 homines
2429 3292 2462 3324 et

1384 3334 1421 3366 in
1451 3335 1538 3376 ipsos
1570 3334 1669 3367 habet
1697 3334 1848 3367 fidutiam
1882 3336 1916 3376 (a
1946 3337 2050 3368 verbis
2082 3334 2181 3367 habet
2208 3334 2358 3368 fidutiam
2382 3336 2461 3368 inci-

1380 3381 1432 3421 pit
1447 3383 1495 3421 r);
1512 3380 1651 3422 qlossam
1670 3392 1728 3411 om.
1745 3381 1829 3422 vulq.
1847 3391 1930 3422 quae
1946 3387 2047 3412 tamen
2064 3381 2183 3422 recepit
2198 3377 2370 3424 περιβολῇ
2388 3378 2401 3421 11
2420 3380 2459 3411 13

1385 3433 1438 3455 eos
1461 3424 1547 3467 vulq.
1564 3428 1576 3467 11
1598 3425 1637 3458 18
1662 3423 1778 3456 inserti
1794 3424 1825 3456 V
1839 3423 1851 3466 11
1869 3424 1911 3457 22
1935 3424 2141 3467 capatianam
2157 3437 2175 3456 r
2190 3423 2201 3467 11
2221 3425 2262 3458 23
2286 3423 2461 3455 lichaoniis

1388 3468 1420 3499 T
1439 3467 1591 3500 liaconiis
1610 3481 1627 3500 r
1644 3468 1656 3511 11
1674 3468 1764 3500 lidiis
1790 3470 1867 3501 libri
1881 3469 1892 3505 11
1911 3469 1954 3501 24
1978 3469 2072 3500 nulla
2092 3468 2148 3510 711
2164 3468 2339 3510 praesenti]
2364 3477 2458 3508 prae-

1385 3512 1470 3544 senti
1483 3515 1628 3555 tempore
1637 3511 1688 3556 711
1696 3513 1742 3546 eis
1754 3523 1817 3545 om.
1828 3511 1927 3557 71125
1941 3515 2000 3545 aut
2010 3513 2115 3553 Beck]
2128 3512 2176 3544 ita
2190 3513 2264 3544 libri
2269 3509 2282 3555 11
2293 3511 2335 3543 26
2349 3510 2459 3552 digni-

1385 3558 1467 3588 tates
1493 3558 1569 3590 libri
1589 3556 1602 3600 11
1629 3557 1699 3589 eius
1721 3571 1739 3590 r
1761 3557 1774 3601 11
1801 3559 1842 3591 27
1868 3558 1908 3590 de
1931 3557 2042 3590 officio
2064 3557 2135 3597 suo]
2159 3555 2198 3587 de
2221 3554 2404 3588 inofficioso
2430 3555 2464 3589 T

1383 3599 1395 3644 11
1412 3601 1453 3635 30
1469 3600 1640 3642 *currere]
1660 3602 1825 3642 corrigere
1842 3602 1919 3635 libri
1932 3601 1944 3645 11
1962 3602 2047 3633 hano
2065 3612 2121 3633 om.
2138 3597 2183 3643 rss
2201 3599 2240 3633 31
2261 3598 2458 3640 dignitatem

1385 3657 1443 3679 om.
1462 3646 1544 3690 Trss
1562 3646 1711 3688 querelas
1728 3645 1782 3690 711
1801 3646 1843 3679 32
1867 3645 1970 3678 fuerit
1986 3657 2043 3678 om.
2065 3644 2101 3678 V
