2618 4010
241 131 349 175 Nov.
379 131 503 174 XXX
533 145 594 187 pr.
622 133 642 173 1
1319 125 1403 175 224
2084 142 2145 176 nn
2172 139 2461 175 Pnocossuns

241 242 379 278 παντὸς
399 242 530 294 έξῆρζε,
550 244 610 274 καὶ
625 240 752 287 ἄνδρες
770 239 1058 286 ὁνομαστότατοί
1076 253 1115 274 τε
1135 242 1195 274 καὶ
1211 253 1318 286 φρον-
1388 244 1476 284 erat,
1502 244 1539 275 et
1559 239 1626 275 viri
1648 241 1919 279 nominatissimi
1949 246 1987 279 et
2007 241 2246 279 sollicitudine
2269 239 2366 285 digni
2387 239 2460 276 Ro-

242 284 339 321 τίδος
369 283 464 325 ἄξιοι
493 287 671 330 Ρωμαίοις
699 284 884 332 γενόμενοι
914 285 1064 333 μεγάλης
1095 283 1238 319 ἐκεῖθεν
1261 283 1319 331 ἦρ·
1387 285 1502 320 manis
1536 284 1626 320 facti
1659 295 1693 319 m
1765 295 1788 320 a
1819 285 1903 324 inde
1935 286 2145 323 floruerunt.
2193 286 2374 330 Terraque
2408 284 2461 321 sis

243 332 377 374 θησαν.
423 330 471 376 γῆ
500 343 541 365 τε
571 328 691 365 αὐτοῖς
719 332 797 365 ἐστι
825 328 939 373 πολλή
971 344 1009 365 τε
1040 331 1099 363 καὶ
1123 328 1320 374 θαυμαστὴ
1389 329 1541 375 plurima
1572 331 1610 364 et
1639 329 1729 364 mira
1754 329 1812 366 ilis
1841 334 1879 367 et
1906 332 1959 368 ita
1989 332 2133 384 placens
2162 329 2337 384 imperio„
2354 331 2396 365 ut
2426 332 2464 365 et

242 379 309 428 ‚ml-
333 371 455 430 οὕτως
476 372 635 452 δὲρέσασα
664 377 709 429 τῇ
734 373 917 454 βασιέειᾳ,
950 373 997 427 αρς
1019 377 1079 452 ‚hal
1102 371 1214 427 ἀρχῄν
1227 376 1319 428 ‚en-a·
1390 373 1736 453 αᾱμιίιιίεὲηιέριιςω
1752 375 1935 454 ἒῳιαοηι
1952 377 2050 430 illinc
2070 375 2356 428 possessionibus
2378 384 2462 427 prq-

243 431 482 506 352052‘021222
505 430 818 509 :stiriam
835 424 1036 507 ‚isatis
1055 430 1320 508 οἷιῖἷῖἕέἰὲρέἇῖῗ
1357 422 1376 454 ⁵
1389 429 1513 498 Ξῗέῖἓ
1535 421 2464 515 θὲἒιὲ0ζὲιῗοιῗᾘᾞξιῗιῗςὲοὲηἳῖἰῗιῗέἰεέἤῗ

243 507 448 562 ποτάτηὶτε
470 510 538 563 γαρ
561 510 766 562 καθξστηκε
789 513 848 567 καὶ
873 508 999 563 πόλινυ
1007 510 1202 586 “zadram
1224 511 1322 561 acyc':
1389 509 1513 544 urbem
1542 507 1694 560 praebet
1715 517 1888 588 ‘naaffililam
1904 511 2151 562 ‘amantissimi
2174 509 2336 545 Caesaris
2359 508 2463 544 nobis

243 565 516 644 statiis?
526 553 1322 646 ᾱῖῗέἷῖἵῇΚὲἑῧἿρξἏέἶονῖἱὲζῇζῗέἶ’τὲἕ
1391 563 1727 639 ἓξὲᾞᾜὲῗῗώὲῗι
1746 562 1811 642 pssr
1825 554 2327 643 tqssffffifiukmmss'i‘iffiffissss
2340 557 2464 643 ¹32⁸„ss

243 646 284 677 έν
312 639 430 678 ἅπασι
457 647 532 688 τοῖς
561 645 623 687 τῆς
653 645 715 690 γῆς
742 644 893 685 ἔθνεσιν
921 640 1216 686 ὀνομαστότατον
1245 643 1322 676 ἐστι
1338 645 1378 677 10
1391 643 1457 677 bus
1481 642 1802 678 nominatissimum
1832 646 1888 678 est
1911 643 2073 680 Caesaris
2094 654 2223 680 nomen
2245 647 2282 679 et
2304 653 2374 688 quo
2397 652 2463 678 nos

242 686 285 722 τὸ
314 689 378 722 τοῦ
405 690 583 735 Καίσαρος
614 688 728 733 ὄνομα
760 691 819 722 καὶ
850 687 950 732 ᾠπερ
978 685 1076 730 ἡμεῖς
1106 684 1189 721 ἀντ’
1216 685 1323 721 ἄλλου
1391 698 1456 732 pro
1479 687 1549 723 alio
1574 687 1727 732 quodam
1756 687 1993 732 imperialium
2023 688 2202 733 signorum
2223 689 2462 724 nobilitamur.

242 732 340 767 τινὸς
362 733 441 768 τῶν
461 734 524 776 τῆς
545 733 729 777 βασιλείας
752 731 946 777 συμβόλων
970 730 1236 776 σεμνυνόμεθα.

1253 844 1409 882 CAPUT
1433 845 1462 880 I.

298 910 438 955 Ταύτην
462 910 506 954 δὴ
535 910 604 954 τὴν
631 909 755 958 χώραν
785 907 875 958 ἀρχῇ
906 909 1186 956 παραδεδόσθαι
1214 913 1325 957 μικρᾷ
1437 912 1542 947 Hanc
1565 911 1781 956 provinciam
1805 911 1974 948 traditam
2005 913 2130 956 (parva
2152 913 2239 949 satis
2266 912 2368 949 nobis
2391 912 2466 948 visa

246 955 389 1003 σφόδρα
419 953 504 1000 ἡμῖν
529 954 642 1001 ἐφάνη
673 957 737 990 τοῦ
769 954 1004 1002 προςήκοντος
1026 954 1186 998 ἀνάξιον,
1210 956 1324 991 ἄλλως
1392 961 1448 993 est
1471 967 1577 1002 quam
1608 956 1710 992 decet
1733 956 1907 1001 indigna),
1939 956 2089 1001 proinde
2118 956 2225 993 etiam
2247 957 2464 994 tumultuan-

245 1015 286 1036 τε
308 1005 367 1035 καὶ
392 1000 658 1043 στασιάζουσαν
682 1000 794 1043 αὐτὴν
825 998 879 1034 ἀεὶ
910 999 999 1047 πρὸς
1021 1000 1088 1044 τὴν
1112 1003 1325 1047 ἐφεστῶσαν
1342 1006 1379 1037 15
1393 1005 1465 1037 tem
1488 1012 1566 1038 eam
1590 1011 1729 1047 semper
1759 1005 1795 1037 et
1817 1001 1987 1036 adversus
2016 1001 2215 1037 institutam
2247 1002 2379 1038 nostris
2403 1002 2465 1038 do·

244 1049 318 1080 τοῖς
341 1043 521 1092 ἡμετέροις
548 1046 654 1080 οἴκοις
677 1046 888 1091 θεωροῦμεν
911 1043 1032 1098 ἀρχὴν.
1079 1049 1140 1080 καὶ
1161 1058 1323 1093 μεμερισ-
1392 1047 1509 1082 mibus
1543 1046 1701 1082 videmus
1736 1046 2089 1083 administrationem.
2145 1046 2196 1082 Et
2227 1046 2338 1082 divisa
2375 1056 2466 1092 quae

244 1094 336 1134 μένα
357 1104 398 1138 ys
416 1090 461 1125 τὰ
481 1093 542 1133 τῆς
565 1089 703 1125 πόλεως
721 1092 810 1132 ἐστι’,
835 1093 894 1124 καὶ
918 1104 960 1125 το
984 1093 1052 1134 μέν
1072 1104 1108 1125 τι
1127 1089 1324 1136 ταμειακόν
1393 1092 1546 1127 civitatis
1579 1096 1677 1134 sunt,
1713 1095 1750 1127 et
1784 1092 1918 1136 aliquid
1954 1091 2095 1136 quidem
2127 1091 2203 1127 eius
2238 1090 2368 1128 aerarii
2399 1093 2465 1134 est,

245 1138 345 1170 ἐστιν
365 1134 481 1190 αὖτῆςέ
505 1134 737 1180 ἐλευθερικὸν
760 1133 800 1169 δὲ
823 1134 969 1170 καλοῦσι
989 1133 1161 1181 θάτερον,
1184 1140 1244 1170 καὶ
1257 1140 1324 1181 μιά
1393 1137 1540 1173 liberale
1563 1140 1683 1172 autem
1706 1140 1836 1172 vocant
1858 1136 1973 1172 aliud:
1999 1140 2034 1171 et
2052 1146 2126 1171 una
2149 1136 2289 1181 quidem
2312 1138 2369 1172 est
2382 1136 2464 1171 civi-

243 1183 312 1225 μέν
334 1181 435 1215 ἐστιν
458 1194 481 1223 η
502 1178 606 1215 πόλις
628 1182 682 1224 τῷ
707 1179 900 1226 περιβόλῳ,
935 1179 1046 1223 διπλῆ
1069 1179 1109 1215 δὲ
1131 1184 1208 1215 ταῖς
1229 1181 1323 1228 γνώ-
1391 1185 1448 1218 tas
1471 1193 1583 1224 muro,
1616 1181 1748 1226 duplex
1772 1184 1891 1217 autem
1915 1181 2168 1224 voluntatibus,
2199 1185 2241 1217 nt
2263 1184 2301 1216 et
2323 1180 2466 1217 seditio-

244 1236 342 1269 μαις·
380 1222 468 1259 ὥςτε
491 1228 551 1259 καὶ
575 1222 739 1259 στάσεων
770 1225 930 1272 ἀφορμαὶ
960 1229 1019 1259 καὶ
1044 1224 1231 1269 διχονοίας,
1263 1230 1324 1260 καὶ
1336 1229 1378 1261 20
1392 1238 1477 1262 num
1499 1227 1708 1263 occasiones
1740 1230 1777 1262 et
1800 1226 1846 1262 ad
1869 1226 2001 1261 maium
2031 1226 2191 1261 homines
2216 1225 2402 1262 sollicitari
2423 1235 2469 1261 ex

245 1270 281 1304 εἴ
297 1282 336 1304 τι
358 1269 470 1305 κακὸν
500 1267 717 1316 ἀνθρώποις
746 1270 897 1314 ἐνοχλεῖ,
929 1270 1030 1317 παρὰ
1058 1269 1190 1314 ταύτης
1212 1274 1323 1312 ἐστίν,
1392 1282 1436 1307 ea
1458 1272 1506 1308 sit
1529 1274 1569 1307 ut
1588 1275 1755 1317 putamus
1776 1272 1977 1307 occasione.
2025 1271 2139 1315 Quam
2158 1271 2373 1316 perimentes
2392 1270 2467 1306 for-

245 1312 294 1350 a‘v'c
315 1328 356 1361 γε
379 1315 551 1359 οἰόμεθα,
581 1316 642 1357 τῆς
665 1312 889 1361 προφάσεως.
936 1312 981 1360 ἢν
1005 1313 1192 1350 ἀνελόντες
1222 1316 1323 1371 {cxiv
1391 1317 1578 1352 titudinem
1613 1317 1718 1352 simul
1752 1319 1788 1351 et
1822 1316 2093 1352 unanimitatem
2128 1326 2258 1352 causae
2293 1316 2467 1359 dabimus,

244 1373 285 1395 τε
317 1357 393 1405 ἅμα
423 1364 483 1394 καὶ
514 1357 689 1404 ὁμόνοιαν
717 1361 772 1404 τῷ
797 1359 981 1406 πράγματι
1013 1358 1189 1405 δώσομεν,
1221 1372 1259 1404 ης
1283 1357 1323 1395 οὗ
1393 1372 1462 1406 qua
1485 1371 1678 1406 numquam
1700 1361 1790 1396 nihil
1811 1361 1848 1396 in
1872 1361 2074 1397 hominibus
2097 1361 2160 1397 fiet
2182 1361 2318 1397 melius.

243 1403 383 1450 μήποτε
421 1402 468 1440 ἂν
507 1402 614 1439 οὐδὲν
657 1406 697 1439 ἐν
733 1403 948 1451 ἀνθρώποις
989 1409 1129 1452 γένοιτο
1169 1404 1323 1440 κάλλιον.

244 1452 260 1485 1
322 1452 404 1484 Ταῖς
433 1451 500 1494 μὲν
528 1444 593 1485 οὖν
616 1448 738 1484 ἄλλαις
761 1449 897 1495 ἀρχαῖς,
925 1447 965 1485 ἃς
988 1453 1134 1497 ἔναγχος
1158 1453 1197 1484 έν
1223 1454 1322 1484 Πισί-
1338 1453 1413 1487 251
1465 1451 1555 1487 Aliis
1590 1451 1711 1495 itaque
1746 1450 2128 1497 administrationibus,
2165 1461 2254 1496 quas
2285 1461 2400 1495 nuper
2430 1450 2468 1486 in

245 1493 324 1529 δαις
345 1508 386 1529 τε
409 1498 468 1529 καὶ
493 1494 656 1529 Λυκάοσι
679 1498 740 1528 καὶ
766 1495 879 1541 Θρᾳξὶ
902 1495 1181 1539 κατεστήσαμεν,
1207 1498 1245 1529 ἐκ
1269 1493 1321 1529 δι·
1391 1496 1535 1531 Pisidiis
1554 1500 1590 1531 et
1610 1496 1838 1541 Lycaonibus
1860 1499 1896 1530 et
1915 1495 2117 1530 Thracibus
2142 1496 2401 1537 constituimus,
2423 1505 2467 1530 ex

244 1538 334 1582 πλῆς
361 1551 459 1574 τινος
481 1538 633 1574 συινόὸου
662 1538 705 1574 τὸ
727 1541 842 1584 σχῆμά
865 1553 905 1574 τε
930 1543 989 1573 καὶ
1016 1540 1203 1587 ἄθροισμα
1230 1541 1322 1574 καθ·
1391 1541 1523 1586 duplici
1548 1540 1701 1586 quodam
1722 1544 1899 1575 conventu
1919 1540 2034 1585 figura
2053 1545 2090 1575 et
2111 1540 2272 1576 collectio
2294 1540 2468 1582 consistit,

244 1583 414 1628 ειστήκει·
432 1582 572 1628 ταύτην
588 1583 628 1619 δὲ
646 1582 689 1627 δὴ
703 1583 770 1627 τὴν
782 1583 1046 1620 Καππαδοκῶν
1060 1587 1200 1630 μείζονι
1217 1599 1321 1620 κατα·
1391 1586 1484 1621 hanc
1516 1590 1635 1621 autem
1666 1585 1794 1620 maiori
1817 1595 1946 1620 ornare
1976 1586 2133 1620 volentes
2158 1585 2271 1630 figura
2293 1585 2469 1631 triplicem

244 1631 420 1674 κοσμῆσαι
443 1628 655 1674 βουλόμενοι
678 1628 834 1673 σχήματι
849 1629 1003 1677 τριπλῆν
1023 1631 1239 1675 έπιτίθεμεν
1257 1629 1324 1673 τὴν
1391 1631 1603 1676 imponimus
1627 1633 1842 1684 potestatem
1862 1630 1906 1666 ei.
1954 1629 2023 1675 Qui
2045 1630 2139 1666 enim
2162 1630 2200 1666 in
2222 1631 2292 1666 hoc
2315 1633 2371 1666 est
2393 1630 2468 1666 cin·

245 1675 410 1716 έξουσίαν
434 1673 536 1722 αὐτῇ.
573 1672 591 1709 ὁ
611 1673 679 1721 γὰρ
703 1674 794 1709 κατὰ
815 1674 954 1717 ταύτην
975 1674 1043 1718 τὴν
1066 1672 1178 1722 ἀρχὴν
1202 1673 1322 1722 ἡγήσε-
1337 1679 1378 1711 30
1391 1677 1475 1721 gulo
1506 1680 1664 1721 praeerit
1695 1675 1836 1721 quidem
1871 1675 1976 1710 simul
2012 1679 2047 1710 et
2083 1675 2175 1711 civili
2210 1675 2307 1711 omni
2337 1674 2469 1717 officio,

244 1732 306 1754 ται
328 1721 396 1764 μὲν
418 1720 483 1754 τοῦ
506 1717 617 1763 νόμου
641 1722 700 1753 καὶ
724 1720 784 1763 τῆς
807 1718 990 1762 πολιτικῆς
1017 1717 1156 1763 ἁπάσης
1179 1718 1323 1762 τάξεως,
1394 1722 1548 1766 praeerit
1572 1725 1690 1756 autem
1714 1724 1750 1756 et
1772 1720 1954 1762 militibus,
1979 1722 2017 1755 et
2036 1720 2098 1765 qui
2117 1721 2153 1755 in
2172 1722 2368 1756 memorata
2386 1731 2469 1766 pro-

244 1762 413 1810 ἡγήσεται
443 1762 485 1799 di}
512 1768 574 1798 καὶ
603 1765 681 1799 τῶν
712 1766 953 1810 στρατιωτῶν
988 1766 1067 1799 τῶν
1101 1778 1142 1799 τε
1176 1767 1237 1800 ἐπὶ
1265 1767 1326 1808 τῆς
1394 1766 1511 1801 vincia
1542 1771 1577 1802 et
1609 1766 1669 1811 qui
1704 1765 1740 1800 in
1771 1765 1852 1800 aliis
1883 1765 2085 1810 regionibus
2117 1765 2288 1802 Ponticae
2317 1765 2469 1801 diocesis

244 1811 428 1856 εἰρημένης
449 1810 568 1857 χώρας
590 1811 668 1843 τῶν
688 1822 728 1843 τε
752 1811 793 1842 ἐν
811 1812 890 1844 ταῖς
911 1808 1034 1844 ἄλλαις
1055 1812 1240 1855 ἐπαρχίαις
1264 1811 1325 1853 τῆς
1395 1812 1561 1847 collocati
1585 1815 1686 1853 sunt,
1715 1811 1751 1845 in
1776 1810 1904 1855 quibus
1934 1811 2066 1845 aerarii
2089 1811 2235 1856 praedia
2257 1811 2468 1852 consistunt,

245 1855 422 1898 Ποντικῆς
451 1853 659 1897 διοικήσεως
690 1852 902 1900 ἱδρυμένων,
928 1856 967 1888 ἐν
991 1854 1045 1889 αἷς
1073 1855 1119 1888 τὰ
1147 1855 1325 1899 ταμειακά
1393 1866 1437 1892 ac
1462 1857 1493 1892 si
1512 1856 1673 1891 militaris
1693 1856 1761 1890 hoc
1778 1856 1856 1900 ipso
1877 1858 1973 1891 esset
1991 1855 2108 1890 iudex.
2157 1856 2330 1891 Dabimus
2350 1859 2469 1891 autem

244 1902 360 1944 χωρία
382 1899 618 1942 καθέστηκεν,
650 1895 767 1945 ὥςπερ
799 1898 846 1932 ἂν
877 1901 908 1933 εἰ
938 1901 1196 1944 στρατιωτικὸς
1220 1896 1322 1934 αὐτό·
1337 1903 1377 1935 35
1393 1901 1425 1936 ei
1457 1903 1495 1936 et
1522 1901 1652 1936 aerarii
1683 1910 1850 1946 praeesse
1881 1900 2094 1943 hominibus,
2125 1904 2161 1936 et
2183 1910 2304 1936 omnes
2328 1900 2468 1945 quanti-

244 1944 318 1978 θεν
348 1941 541 1991 ἐτύγχανεν
571 1943 710 1989 ἅρχων·
754 1941 922 1989 δώσομεν
950 1942 991 1978 δὲ
1022 1941 1120 1988 αὐτῷ
1153 1948 1213 1978 καὶ
1245 1946 1323 1979 τῶν
1393 1956 1544 1991 cumque
1572 1946 1710 1992 pridem
1739 1945 1920 1981 comitiani
1952 1945 2061 1980 officii
2089 1947 2174 1981 sunt
2207 1948 2259 1988 (et
2287 1945 2470 1982 summarii

245 1991 455 2033 ταμειακών
477 1988 601 2036 ἄρχειν
623 1986 852 2034 ἀνθρώπων,
877 1991 937 2024 καὶ
957 1987 1089 2025 πάντες
1111 1987 1239 2024 ὁπόσοι
1262 1990 1323 2032 τῆς
1391 1990 1541 2027 dicimus
1565 1994 1602 2027 et
1624 1991 1655 2026 si
1678 1990 1763 2035 quid
1786 1990 1859 2026 tale
1881 1989 1979 2025 aliud
2003 1994 2082 2032 est),
2112 1990 2307 2028 obaudient
2328 1989 2372 2026 ei.
2418 1989 2470 2026 Et

245 2031 375 2081 πρώην
398 2035 605 2079 κομιτιανῆς
628 2032 854 2086 εἰσιιτάξεως
882 2031 1110 2079 (σουμμάριοί
1130 2048 1171 2068 τε
1194 2037 1322 2081 φαμέν,

245 2082 304 2113 καὶ
325 2079 363 2112 εἴ
378 2092 415 2114 τι
433 2080 600 2114 ’τοιοῦτον
619 2081 744 2126 ἕτερον
764 2081 856 2121 ἐστι)
875 2079 1163 2114 κατακούσονται
1183 2078 1321 2114 τούτου.

244 2169 459 2216 imperabat,
482 2174 518 2204 et
538 2168 758 2204 celeberrimi
778 2168 847 2204 viri
866 2169 1000 2214 quique
1011 2168 1188 2204 Romanis
1212 2179 1301 2204 cura
1324 2168 1427 2214 diqni
1446 2167 1660 2204 videbantur
1682 2179 1815 2214 maqna
1851 2169 1935 2204 inde
1957 2169 2067 2205 evecti
2089 2174 2197 2212 sunt;
2219 2174 2330 2216 atque
2351 2175 2406 2207 est
2422 2171 2470 2206 iis

247 2219 345 2250 terra
367 2213 490 2260 ampla
517 2218 551 2248 et
574 2213 750 2248 mirabilis
781 2223 944 2258 quaeque
967 2214 1118 2259 imperio
1148 2213 1202 2248 ita
1229 2213 1389 2259 placuit,
1422 2216 1464 2248 ut
1484 2212 1775 2259 possessionibus
1805 2223 1897 2259 quas
1926 2213 1976 2248 ibi
2006 2213 2114 2250 habet
2142 2215 2251 2250 ctiam
2276 2216 2470 2262 proprium

245 2259 500 2305 maqistratum
524 2257 680 2293 Pontico
703 2259 920 2303 maqistratu
944 2268 1019 2292 non
1041 2258 1227 2300 minorem,
1256 2258 1344 2303 quin
1367 2258 1475 2293 etiam
1497 2259 1670 2292 maiorem
1685 2262 1942 2304 praeponeret.
1990 2257 2279 2312 Populosissima
2300 2261 2394 2296 enim
2415 2266 2468 2297 est

245 2308 278 2340 et
299 2304 498 2339 maximam
521 2302 643 2338 urbem
657 2307 829 2349 praestat
850 2303 1029 2338 carissimi
1048 2302 1152 2338 nobis
1173 2302 1336 2338 Caesaris
1356 2303 1500 2338 nomine
1522 2303 1710 2348 insignem,
1734 2302 1799 2348 qui
1821 2302 1952 2339 bonum
1971 2303 2114 2339 initium
2137 2308 2261 2340 nostro
2283 2304 2383 2340 dedit
2403 2305 2469 2341 im-

240 2350 360 2396 perio,
378 2352 539 2395 propter
561 2358 666 2394 quem
689 2359 712 2382 a
740 2347 791 2382 ud
813 2358 935 2383 omnes
958 2352 1076 2383 terrae
1101 2352 1226 2394 qentes
1249 2347 1516 2384 celeberrimum
1538 2354 1592 2383 est
1613 2347 1780 2384 Caesaris
1801 2358 1931 2383 nomen
1953 2353 1990 2385 et
2011 2359 2084 2395 quo
2107 2359 2176 2385 nos
2195 2360 2288 2396 prae
2307 2350 2471 2388 omnibus

245 2395 373 2429 ceteris
396 2393 539 2439 imperii
563 2393 698 2444 insislni
722 2403 765 2427 us
787 2392 1019 2438 gloriamur..
1555 2432 1558 2433 ⁷

379 2439 407 2474 Ι.
457 2438 564 2474 Hanc
587 2438 701 2484 ἰθεῖαν
723 2439 908 2484 reqionem
931 2438 1164 2484 maqistratui
1188 2437 1334 2474 tradere
1353 2448 1471 2484 parvo
1495 2437 1688 2473 admodum
1712 2437 1817 2473 nobis
1838 2449 1881 2473 eo
1903 2438 2003 2484 quod
2024 2438 2127 2475 decet
2146 2439 2334 2486 indignum
2355 2442 2470 2476 vistim

245 2488 309 2526 est,
338 2484 558 2530 praesertim
590 2493 669 2518 cum
700 2493 779 2518 eam
808 2493 950 2530 semper
983 2483 1158 2519 adversus
1191 2483 1443 2529 maqistratum
1479 2483 1616 2518 nostris
1645 2481 1809 2518 domibus
1837 2484 2068 2529 praefectum
2100 2484 2296 2520 seditiones
2330 2495 2471 2522 movere

245 2529 439 2565 videamus.
493 2529 547 2563 Ac
577 2527 692 2563 divisa
722 2527 865 2574 quidem
896 2528 1023 2564 civitas
1050 2532 1106 2563 est
1135 2528 1282 2574 eiusque
1305 2528 1423 2563 altera
1444 2538 1540 2573 pars
1565 2527 1719 2563 tamiaca
1742 2531 1814 2568 est,
1848 2527 1966 2564 altera
1988 2529 2155 2564 immunis
2181 2529 2295 2575 (quod
2315 2529 2471 2566 eleuthe-

244 2575 350 2610 ricon
373 2572 595 2625 appellant),
627 2577 663 2608 et
686 2584 760 2608 una
783 2571 927 2618 quidem
951 2573 1079 2609 civitas
1110 2577 1165 2608 est
1187 2572 1341 2615 ambitu,
1371 2572 1513 2619 dupleae
1543 2576 1663 2608 autem
1694 2571 1958 2608 voluntatibus:
1995 2573 2092 2609 unde
2125 2578 2162 2610 et
2190 2573 2406 2610 seditionum
2435 2579 2472 2611 et

245 2619 481 2654 dissensionis
503 2619 623 2665 copia,
656 2622 693 2653 et
714 2618 747 2652 si
770 2617 860 2663 quid
889 2617 977 2653 mali
1008 2617 1170 2653 homines
1200 2618 1351 2664 affliqit,
1381 2628 1431 2653 ex
1454 2617 1541 2659 hac,
1571 2621 1614 2652 ut
1628 2621 1816 2664 putamus,
1847 2627 1959 2652 causa
1979 2618 2033 2663 fit.
2092 2616 2172 2661 Qua
2193 2618 2338 2655 sublata
2358 2619 2414 2656 rei
2434 2624 2469 2655 et

244 2666 266 2700 1
332 2663 447 2699 robur
475 2663 583 2698 simul
611 2666 647 2698 et
676 2662 908 2697 concordiam
940 2662 1122 2705 dabimus,
1161 2674 1234 2708 qua
1264 2662 1356 2697 nihil
1384 2673 1554 2708 umquam
1591 2662 1687 2697 inter
1714 2661 1875 2698 homines
1901 2662 1948 2707 fit
1967 2662 2171 2709 pulchrius.
2266 2663 2385 2710 Atque
2414 2674 2469 2700 ce-

247 2709 334 2744 teris
356 2707 640 2754 maqistratibus,
673 2717 766 2753 quos
789 2718 906 2753 nuper
936 2708 975 2742 in
1000 2707 1135 2742 Pisidis
1165 2712 1201 2743 et
1224 2706 1455 2753 Lycaonibus
1485 2712 1522 2743 et
1545 2705 1742 2742 Thracibus
1772 2707 2032 2749 constituimus,
2063 2718 2114 2743 ex
2144 2707 2283 2756 duplici
2312 2707 2470 2754 quadam

245 2753 517 2790 consociatione
546 2758 583 2788 et
612 2753 750 2798 species
783 2756 819 2787 et
849 2752 1012 2788 cumulus
1041 2753 1221 2788 constitit:
1256 2752 1351 2787 lianc
1382 2763 1467 2788 vero
1501 2751 1758 2798 Cappadocum
1789 2751 2041 2803 magistratum
2073 2762 2152 2788 cum
2183 2752 2315 2789 maiori
2349 2754 2471 2800 specie

246 2809 381 2834 ornare
410 2798 574 2839 velimus,
607 2797 783 2843 triplicem
813 2798 847 2832 ei
874 2802 1091 2843 potestatem
1123 2797 1348 2843 imponimus.
1408 2796 1504 2831 Nam
1534 2797 1598 2843 qui
1628 2795 1724 2831 hunc
1753 2801 2006 2848 maqastratum
2035 2802 2136 2843 qeret
2165 2808 2246 2833 cum
2276 2798 2310 2834 le
2336 2798 2416 2834 ibus
2435 2803 2471 2835 et

245 2843 346 2879 civili
374 2842 500 2894 officio
531 2842 628 2877 omni
656 2842 834 2888 praeerit,
866 2846 939 2876 tum
968 2842 1140 2877 militibus
1172 2847 1208 2877 et
1237 2842 1301 2888 qui
1329 2843 1367 2876 in
1391 2841 1489 2877 dicta
1519 2841 1670 2887 reqione
1699 2845 1735 2876 et
1764 2852 1825 2887 qui
1856 2841 1895 2875 in
1918 2842 2045 2877 ceteris
2067 2843 2272 2889 provinciis
2329 2843 2471 2879 onticae

245 2887 436 2929 dioecesis,
466 2887 505 2921 in
528 2886 659 2933 quibus
688 2887 844 2921 tamiaca
866 2886 1026 2932 praedia
1055 2891 1203 2929 extant,
1235 2886 1406 2922 collocati
1434 2890 1535 2928 sunt,
1555 2885 1720 2938 perinde
1748 2896 1793 2921 ac
1820 2886 1853 2921 si
1879 2897 1949 2932 per
1974 2897 2014 2921 se
2043 2887 2212 2923 militaris
2240 2892 2333 2923 esset
2355 2888 2469 2934 maqi-

243 2937 405 2974 stratu-w
436 2931 602 2967 dabimus
626 2935 745 2967 autem
774 2931 887 2966 eidem
911 2932 1020 2966 etiam
1052 2936 1095 2967 ut
1124 2932 1287 2968 tamiacis
1317 2930 1519 2967 hominibus
1547 2934 1716 2984 imperet,
1745 2934 1854 2977 atque
1885 2941 2007 2967 omnes
2040 2932 2255 2979 quicumque
2285 2933 2470 2968 comitiani

244 2976 345 3024 quod
358 2977 470 3024 prius
496 2977 574 3022 fuit
603 2976 721 3021 officii
751 2980 838 3012 sunt
868 2977 1095 3020 (summarios
1125 2976 1277 3012 dicimus
1304 2980 1341 3012 et
1367 2976 1401 3011 si
1431 2975 1521 3022 quid
1550 2975 1654 3011 aliud
1683 2975 1860 3011 eiusmodi
1903 2980 1969 3020 est)
1996 2976 2186 3013 oboedierit
2207 2977 2271 3012 illi.
2329 2978 2383 3013 Ac
2406 2977 2469 3012 tri-

291 3071 310 3101 2
333 3064 486 3113 μεγάλης
508 3067 572 3106 Lg]
610 3062 756 3111 ιεγάλως
781 3067 822 3100 Μ
844 3067 856 3110 11
883 3064 1054 3111 ἤρθησαν
1078 3067 1120 3107 L]
1154 3065 1326 3110 ἤνθησαν
1394 3069 1413 3100 5
1438 3066 1792 3099 amministrationibus
1822 3067 1854 3100 V
1876 3066 1889 3110 11
1917 3069 1937 3100 6
1960 3066 2102 3110 populos
2134 3068 2168 3101 V
2190 3068 2202 3109 11
2229 3069 2248 3101 8
2273 3067 2469 3109 cognomine

249 3113 308 3149 Me
330 3113 343 3155 11
369 3115 389 3146 3
414 3107 521 3154 αὐτῆς
540 3112 573 3144 L
594 3079 609 3154 11
635 3110 843 3154 θαυμαστοὶ
868 3112 914 3145 Μ
931 3111 944 3155 11
969 3115 989 3145 4
1012 3106 1128 3144 οὕτως
1151 3113 1215 3152 Le]
1243 3111 1325 3144 οὔτε
1394 3113 1472 3145 libri
1487 3110 1499 3155 ΙΙ
1515 3112 1585 3153 qui]
1611 3111 1699 3153 quod
1720 3111 1754 3144 V
1771 3124 1829 3144 om.
1846 3111 1879 3145 T
1937 3113 1958 3145 9
1982 3114 2070 3144 terra
2094 3111 2268 3154 egentibus
2288 3112 2322 3146 V
2372 3113 2412 3146 10
2435 3113 2469 3144 ot

248 3158 293 3190 M
304 3157 316 3200 11
338 3159 357 3191 5
382 3155 524 3190 ἐκεῖθεν
547 3157 597 3192 Le
623 3157 633 3195 11
657 3156 832 3199 Ποντικῆς
855 3158 974 3199 scripsi
996 3169 1063 3190 cum
1089 3158 1119 3197 ς]
1143 3154 1326 3198 πολιτικῆς
1393 3158 1470 3197 quo]
1495 3160 1528 3189 et
1550 3166 1617 3198 qua
1637 3157 1670 3190 T
1689 3159 1738 3189 est
1756 3166 1821 3198 que
1847 3155 1898 3200 Vl
1929 3157 1966 3190 11
1994 3157 2158 3198 quoddam
2182 3156 2237 3200 711
2254 3156 2331 3190 nob·
2350 3156 2468 3189 'umus

249 3202 320 3236 ML
338 3201 350 3244 11
367 3205 385 3236 7
407 3199 515 3236 πόλιν
527 3202 571 3241 L]
595 3199 702 3234 πόλιν
721 3213 761 3234 τε
779 3202 829 3243 lis,
852 3202 910 3245 leq.
926 3198 1034 3235 πόλιν
1051 3201 1115 3248 ys?
1134 3202 1182 3243 119
1203 3197 1252 3235 δι’
1268 3198 1324 3241 ὂν]
1401 3201 1431 3234 V
1455 3201 1468 3245 ΙΙ
1500 3203 1538 3236 13
1563 3201 1718 3234 traditam
1742 3202 1858 3244 parua]
1887 3201 2169 3234 administrationi
2198 3202 2326 3240 tradem
2346 3208 2466 3253 pomo

247 3244 303 3279 διὸ
325 3246 372 3280 L²
392 3248 406 3289 11
434 3248 469 3280 ll
496 3248 557 3278 καὶ
582 3245 773 3278 delendum?
792 3245 803 3290 ΙΙ
829 3241 953 3292 ὥσπερ
966 3247 997 3279 L
1022 3246 1034 3289 ΙΙ
1063 3248 1101 3280 13
1126 3243 1171 3289 δὴ
1195 3259 1252 3280 om.
1266 3257 1286 3282 ς
1321 3249 1325 3287 Ι
1392 3247 1478 3289 vuly.
1497 3246 1509 3289 11
1527 3247 1631 3278 visum
1648 3249 1697 3278 est
1715 3246 1828 3289 111ιὶ9..
1848 3247 1890 3279 14
1911 3246 2061 3287 indigna]
2077 3246 2179 3287 digna
2193 3244 2464 3289 librifindissmlm

245 3289 354 3335 μικρὰ
369 3292 470 3334 L(qfi
484 3293 543 3330 ς)11
567 3293 606 3324 15
629 3285 684 3323 ἀεὶ
706 3286 819 3332 αὐτὴν
840 3291 870 3324 L
888 3291 900 3334 11
922 3289 1021 3336 πρὸς]
1043 3293 1076 3324 et
1092 3293 1248 3325 adversus
1271 3303 1291 3327 ς,-
1320 3290 1325 3329 1
1392 3290 1521 3334 υαΙρ.)11
1549 3293 1589 3326 15
1614 3292 1648 3323 et
1671 3291 1731 3324 del.
1747 3291 1831 3335 vulq.
1887 3291 2060 3324 instituam
2092 3291 2147 3335 1711
2174 3292 2215 3326 16
2236 3291 2368 3324 dium
2397 3287 2432 3321 V
2451 3286 2465 3330 Ι

251 3338 287 3368 17
312 3347 350 3369 τι
374 3337 458 3369 delet
482 3336 669 3379 Homberyk
687 3334 699 3378 11
718 3336 758 3369 18
779 3331 897 3369 αὐτοῖς
919 3336 949 3369 L
965 3338 976 3379 11
996 3337 1039 3369 20
1062 3339 1122 3368 καὶ
1147 3333 1324 3381 διχρονίας
1395 3337 1433 3368 17
1460 3335 1591 3368 ciuitati
1612 3336 1643 3368 V
1657 3335 1669 3378 11
1685 3335 1802 3368 eri-arii
1875 3337 1919 3369 al.
1945 3338 1989 3376 (et
2004 3337 2052 3369 sic
2072 3338 2163 3378 infra
2205 3333 2314 3374 moi-¹)
2327 3331 2343 3376 Ι
2358 3332 2398 3366 ²1
2425 3335 2466 3363 ut

249 3381 306 3419 L1,
329 3382 389 3413 καὶ
413 3377 591 3422 διχονοίας
614 3392 671 3413 om.
697 3391 718 3416 e
744 3382 756 3422 11
789 3382 827 3414 21
855 3380 890 3413 εἴ
909 3393 946 3414 τι
968 3377 1082 3414 κακὸν
1102 3377 1325 3426 ἀνθρώπους
1391 3381 1557 3422 putamus]
1571 3383 1705 3413 utamur
1722 3381 1893 3413 Vutamus
1907 3380 2009 3414 Neob.
2029 3347 2253 3425 ”fortitudine
2268 3377 2303 3412 V
2328 3377 2384 3428 ‚23
2397 3386 2465 3418 qua

248 3424 391 3465 ένοχθεῖ
414 3426 445 3458 L
479 3425 522 3458 ad
544 3425 668 3457 malum
693 3424 844 3457 homines
868 3425 1043 3458 sollicitari
1068 3438 1087 3462 ς
1155 3429 1196 3459 25
1226 3435 1323 3460 πισν
1397 3426 1639 3469 Osenbruyqen]
1664 3434 1762 3467 quam
1789 3425 1823 3458 V
1839 3426 1997 3467 quoniam
2016 3425 2137 3468 Tvulq.
2152 3422 2166 3467 Ι
2183 3423 2225 3457 2⁷
2244 3420 2312 3463 dul>
2358 3420 2463 3462 qnod-

248 3466 339 3500 δίαις
356 3469 473 3514 ΜᾸς11
492 3472 534 3504 26
555 3464 835 3512 κατεστήσαμεν]
854 3472 895 3512 cf.
910 3483 980 3503 nov.
990 3472 1087 3503 XXI
1119 3470 1300 3504 —XXVI
1392 3468 1466 3501 dam
1490 3473 1660 3504 conuentu
1684 3469 1807 3511 figurat
1838 3469 1895 3512 Vn
1911 3471 1954 3504 28
1977 3469 2091 3503 ornari
2121 3466 2178 3509 V!
2191 3465 2331 3517 liguram
2365 3465 2427 3516 VT
2451 3464 2464 3509 11

249 3513 290 3545 28
316 3510 360 3552 δὴ
383 3513 449 3554 τὴν
475 3511 737 3549 Καππαδοκῶν
762 3526 819 3547 om.
840 3515 894 3551 Le
917 3514 928 3558 11
950 3512 1027 3556 τὴν]
1051 3513 1118 3558 τὴν
1141 3516 1220 3549 τῶν
1243 3515 1279 3548 Β
1392 3514 1433 3547 30
1458 3514 1557 3547 simul
1577 3516 1622 3556 et]
1652 3513 1752 3547 simul
1772 3514 1840 3556 legi
1863 3516 1897 3547 et
1919 3523 1960 3548 tm
1995 3537 2006 3548 .
2022 3513 2036 3557 Ι
2050 3514 2094 3548 82
2114 3511 2247 3554 pontico
2270 3509 2463 3542 diocenseos

250 3558 288 3590 31
316 3557 379 3589 τοῦ
403 3556 524 3600 νόμου]
553 3559 652 3591 simul
677 3559 714 3602 (i.
740 3571 765 3592 e.
791 3554 918 3602 ὁμοῦῖ)
942 3571 962 3595 ς
991 3561 1002 3601 11
1030 3562 1073 3594 34
1101 3562 1232 3604 ταμία
1263 3561 1325 3593 καὶ
1393 3558 1426 3592 T
1445 3562 1478 3591 et
1500 3559 1735 3603 pontiooeiseo·
1765 3559 1825 3603 Vfl
1851 3560 1895 3594 3³
1918 3558 1969 3592 ool
2061 3556 2070 3596 ,‘
2092 3555 2192 3598 tuly.)
2215 3553 2329 3587 collati
2353 3555 2431 3587 libri
2438 3554 2464 3607 11

248 3602 364 3643 χωρία
383 3602 415 3635 L
433 3602 446 3645 11
469 3604 510 3636 38
534 3602 748 3647 κομητιανῆς
763 3604 833 3637 LB
857 3604 913 3646 (id.
935 3605 1056 3646 225,4)
1391 3604 1434 3638 34
1458 3614 1525 3637 esse
1550 3605 1627 3638 libri
1639 3604 1652 3647 fl
1671 3606 1714 3639 35
1736 3604 1842 3638 errari
1868 3602 1927 3646 V.
1940 3603 1984 3637 36
2006 3599 2171 3634 oon-inm
2192 3598 2276 3651 Val-
2331 3599 2463 3651 *officii

446 3664 591 3670 ⁴..-,„-
680 3666 684 3671 .
713 3666 1317 3674 *w
1389 3649 1479 3689 sunt]
1504 3649 1623 3682 osfloiis
1646 3649 1724 3683 libri
1742 3650 1821 3682 sunt
1842 3645 1946 3681 offleii
1967 3645 2050 3690 ηις.
2068 3642 2083 3689 Ι
2101 3653 2257 3677 summai-1
2326 3643 2340 3688 Ι
2363 3645 2403 3678 37
2429 3654 2462 3679 ei

295 3691 317 3723 2
337 3690 395 3731 eis]
416 3691 463 3722 eis
478 3694 526 3723 est
542 3694 626 3735 vuly.
645 3694 658 3735 11
674 3695 693 3727 3
716 3696 753 3726 ut
769 3695 814 3735 ot]
834 3696 867 3726 et
885 3707 942 3727 om.
954 3694 1034 3727 Tal.
1051 3693 1065 3738 Ι
1082 3696 1104 3728 4
1124 3693 1196 3726 illio
1212 3694 1297 3738 ναῖς.
1309 3692 1323 3738 11
1389 3705 1448 3726 om.
1473 3694 1554 3728 Vat.
