2586 3990
201 118 310 164 Nov.
341 119 523 164 CXXIII
552 119 714 162 29—31

1261 110 1344 162 616

2032 129 2092 167 DE
2121 126 2423 162 smmussuns

202 232 261 263 καὶ
284 229 360 263 τῶν
383 226 505 263 ἄλλων
527 223 754 281 neusciam„
764 222 875 262 ἅτινα
892 225 1018 262 πᾶσαν
1037 222 1202 272 ὑποψίαν
1223 227 1279 261 ἐκ·
1345 235 1537 278 personas,
1577 233 1669 271 quae
1703 234 1841 262 omnem
1881 226 2119 273 suspicionem
2154 225 2336 271 effugiunt.
2383 226 2423 264 Si

202 271 330 318 φεύγει.
377 272 413 306 εἴ
430 283 483 306 τις
505 270 544 306 δὲ
565 270 666 317 παρὰ
687 283 825 326 ταυτην
847 271 916 315 τὴν
933 269 1196 318 παραφυλακὴν
1217 282 1276 317 yv-

200 320 304 351 ναῖκα
329 317 370 350 ἐν
391 317 444 358 τῷ
469 314 551 359 ἰδίῳ
575 316 662 360 οἴκῳ
685 317 764 364 σχῇ,
787 327 864 360 ητις
887 313 1041 350 δύναται
1065 311 1166 359 αὐτῷ
1188 311 1275 351 ὕπο-

231 364 292 395 ίαν
325 361 481 404 ἐπάγειν,
517 363 577 394 καὶ
611 357 713 402 ἅπαξ
746 364 807 395 καὶ
841 358 894 395 δὶς
934 357 950 369 “
981 356 1053 395 ὑπὸ
1088 361 1154 395 τοῦ
1185 358 1277 395 ἰδίου

199 372 398 440 ΐπισκόπου
431 402 455 447 ἢ
486 402 558 440 ὑπὸ
590 406 669 440 τῶν
698 403 804 440 ἰδίων
838 415 926 452 συγκ
948 405 1082 450 ηρικῶν
1117 403 1277 449 ὑπομνη-

199 450 318 491 σθείς,
351 446 439 484 aisn
461 449 553 494 μετὰ
576 450 742 493 τοιαύτης
764 448 932 496 γυναικὸς
952 449 1003 494 μὴ
1027 450 1148 493 οἰκεῖν,
1172 451 1278 494 ἐκβα-

197 494 272 528 λεῖν
293 490 407 537 αύτὴν
427 495 467 528 ἐκ
486 495 551 529 τοῦ
567 493 659 529 ἰδίου
679 494 776 528 οἴκου
794 494 844 538 μὴ
861 493 1012 542 θελήσῃ,
1035 492 1060 538 ἢ
1079 494 1278 540 κατηγόρου

198 542 417 585 φαινομένου
441 537 646 587 ἀποδειχθῇ
668 535 833 584 ἀσέμνως
854 539 947 584 μετὰ
969 537 1135 583 τοιαύτης
1156 551 1278 585 γυναι-

196 582 257 618 κὸς
291 581 607 630 ἀναστρέφεσθαι,
646 585 846 627 τηνικαῦτα
881 581 901 618 ὁ
938 585 1131 619 ἐπίσκοπος
1165 582 1277 618 αὐτοῦ

1343 281 1423 316 quis
1453 272 1574 306 autem
1610 270 1746 315 absque
1783 270 1853 306 hac
1887 271 2133 309 observatione
2166 272 2351 308 mulierem
2383 271 2422 308 in

1344 324 1411 351 sua
1433 314 1536 352 domo
1560 314 1671 350 habet
1698 324 1790 359 quae
1811 318 1933 360 potest
1958 317 1992 353 ei
2014 317 2254 363 suspicionem
2277 316 2421 359 inferre,

1345 362 1382 396 ct
1404 361 1513 396 semel
1536 361 1573 395 et
1595 360 1752 396 secundo
1777 369 1801 395 a
1824 370 1890 396 suo
1912 361 2081 408 episcopo
2106 366 2170 398 aut
2185 371 2207 397 a
2224 361 2299 398 suis
2320 361 2422 398 cleri-

1313 407 1332 439 5
1346 404 1398 441 cis
1420 405 1635 446 admonitus,
1660 414 1705 440 ne
1727 414 1808 440 cum
1831 405 1895 441 tali
1917 407 2064 443 muliere
2087 407 2282 451 habitaret,
2307 406 2423 443 eicere

1345 459 1424 485 eam
1454 450 1500 486 de
1528 458 1595 485 sua
1629 449 1734 486 domo
1765 450 1938 493 noluerit,
1972 454 2040 487 aut
2067 455 2277 488 accusatore
2310 460 2421 496 appa-

1345 496 1446 529 rente
1479 494 1653 539 probetur
1686 493 1874 531 inhoneste
1910 505 1990 530 cum
2024 497 2172 532 muliere
2207 495 2422 539 conversari,

1345 542 1431 574 tunc
1452 539 1642 584 episcopus
1664 539 1741 575 eius
1764 539 1959 575 secundum
1983 541 2243 578 ecclesiasticos
2267 550 2423 577 canones

1346 584 1441 620 clero
1478 593 1558 619 eum
1589 586 1753 620 amoveat
1789 584 1908 620 curiae
1941 584 2092 621 civitatis
2136 586 2237 623 cuius
2273 586 2423 622 clericus

197 628 287 662 κατὰ
313 628 395 663 τοὺς
418 628 728 672 ἐκκλησιαστικοὺς
750 626 907 664 κανόνας
930 631 997 663 τοῦ
1016 627 1143 684 ›cl-hezo
1163 625 1278 663 αὐτὸν
1293 630 1333 665 10
1347 632 1423 664 erat
1447 628 1668 664 tradendum.
1709 628 1929 674 Episcopum
1944 639 2027 666 vero
2043 630 2175 666 nullam
2190 631 2332 684 penitus
2347 641 2423 666 mu-

198 672 410 717 ἐκβαλλέτω,
430 675 475 721 τῇ
491 672 602 721 βουλῇ
623 675 686 717 τῆς
702 673 842 709 πόλεως
867 666 900 708 τς
920 673 1083 719 κληρικος
1101 688 1147 717 ην
1163 685 1278 719 παρα-

197 716 459 763 δοθησόμενον.
505 716 725 754 Ἑπίσκοπον
749 716 788 753 δὲ
809 732 858 763 μη
884 722 989 763 εμίαν
1012 717 1199 754 παντελῶς
1220 731 1279 765 γυ-

196 765 303 797 ναῖκα
334 765 428 806 ἔχειν
457 760 481 807 ἢ
503 762 583 808 μετ’
611 761 719 807 αύτῆς
742 764 851 798 οἰκεῖν
874 775 942 811 συγ
965 765 1136 809 ωροῦμεν.
1185 764 1216 797 εἰ
1240 761 1280 797 δὲ

1346 674 1466 710 lierem
1490 674 1623 709 habere
1647 675 1711 710 aut
1735 684 1815 709 cum
1838 684 1882 710 ea
1905 674 2068 710 habitare
2092 676 2338 720 permittimus.
2385 675 2423 710 Si

1348 721 1467 755 autem
1497 720 1667 764 probetur
1697 718 1766 754 hoc
1788 723 2013 765 nequaquam
2037 720 2252 764 custodiens,
2282 721 2422 766 episco-

1347 766 1434 810 patu
1469 764 1683 809 proiciatur:
1725 763 1805 809 ipse
1838 764 1931 800 enim
1974 773 2014 800 se
2046 764 2228 811 indignum
2269 765 2425 802 ostendit

197 804 433 851 ἀποδειχθείη
454 810 564 844 τοῦτο
578 806 753 864 μῃδμμῶς
769 808 1036 855 παραφυλάξας,
1058 810 1122 853 τῆς
1136 810 1279 844 ἐπισκο-
1347 808 1558 846 sacerdotio.

196 853 266 896 πῆς
289 852 545 897 ἐκβαλλέσθω·
571 864 680 888 αυτος
702 853 772 901 γὰρ
792 853 925 889 ἑαυτὸν
948 851 1101 896 ἀνάξιον
1123 851 1281 888 δείκνυσι
1295 855 1336 889 15

195 897 259 942 τῆς
282 897 485 944 ἱερωσύνης.

1161 986 1320 1024 CAPUT
1344 986 1458 1023 XXX.

263 1054 510 1090 Διακόνισσαν
534 1051 575 1090 δὲ
597 1051 719 1091 οὗδενὶ
741 1053 870 1100 τρόπῳ
893 1054 984 1099 μετὰ
1007 1051 1149 1100 ἀνδρός,
1172 1055 1212 1096 ἐξ
1234 1047 1277 1089 οὗ

196 1098 350 1135 δύναται
386 1097 542 1145 ἀσέμνου
580 1096 934 1154 βίουηάναφυεσθαι
970 1097 1145 1155 ὑποψίαῃ
1169 1100 1279 1134 οἰκεῖν

1412 1052 1662 1089 Diaconissam
1686 1063 1768 1091 vero
1800 1055 1898 1091 nullo
1930 1054 2034 1091 modo
2067 1065 2147 1091 cum
2169 1054 2255 1100 viro,
2286 1066 2331 1092 ex
2354 1066 2425 1101 quo

1347 1102 1467 1145 potest
1498 1099 1709 1135 inhonestae
1739 1100 1833 1135 vitae
1866 1110 2042 1145 emergere
2065 1100 2232 1146 suspicio,
2263 1101 2425 1137 habitare

196 1146 457 1200 συγχωροῦμεν.
505 1146 536 1179 εἰ
560 1143 600 1179 δὲ
622 1157 741 1180 ταυτα
763 1159 813 1189 μη
833 1143 1100 1192 παραφυλάξει,
1125 1158 1145 1179 ο
1169 1144 1280 1190 ἱερεὺς
1347 1144 1593 1189 permittimus.
1640 1144 1677 1179 Si
1707 1154 1790 1181 vero
1820 1145 1911 1181 haec
1942 1155 2014 1180 non
2044 1146 2222 1188 observet,
2258 1146 2425 1182 sacerdos

195 1188 259 1244 ὑφ’
285 1187 332 1224 ο“ν
361 1193 533 1224 τέτακται
567 1188 871 1234 ὑπομιμνησκέτω
905 1189 1055 1234 ταύτην,
1090 1190 1151 1224 ἵνα
1185 1190 1277 1225 πᾶσι
1291 1192 1333 1224 20
1347 1189 1414 1225 sub
1439 1199 1508 1234 quo
1533 1189 1696 1225 subiacet
1718 1190 1910 1226 admoneat
1932 1200 2028 1232 eam,
2060 1194 2102 1226 ut
2125 1191 2289 1227 omnibus
2312 1191 2425 1226 modis

195 1245 343 1280 τροποις
365 1235 433 1269 τὸν
453 1236 620 1269 τοιοῦτον
643 1233 760 1280 ἄνδρα
784 1233 940 1282 ἐκβάλλῃ
966 1237 1030 1270 τοῦ
1055 1232 1147 1268 ἰδίου
1170 1234 1277 1269 οἴκου.

195 1280 226 1313 εἰ
257 1277 298 1313 δέ
326 1281 436 1314 τοῦτο
467 1277 676 1325 ὑπέρθηται
707 1280 863 1325 πρᾶξαι,
897 1282 961 1324 τῆς
992 1279 1279 1323 ἐκκλησιαστικαῖς

195 1322 389 1370 ὑπηρεσίας
419 1327 479 1358 καὶ
509 1326 587 1359 τῶν
617 1322 724 1359 ἰδίων
754 1322 909 1379 διαρίων
935 1323 1208 1369 ἀλλοτριουμένη
1240 1326 1279 1358 ἐν

1346 1235 1454 1270 talem
1476 1234 1590 1269 virum
1613 1234 1718 1269 eiciat
1741 1245 1808 1271 sua
1831 1236 1946 1272 domo.
1993 1235 2031 1270 Si
2049 1245 2132 1271 vero
2156 1236 2224 1272 hoc
2248 1236 2426 1271 distulerit

1347 1289 1463 1323 agere,
1487 1279 1732 1315 ecclesiastico
1756 1280 1948 1316 ministerio
1973 1284 2010 1315 et
2033 1281 2187 1326 propriis
2209 1282 2423 1317 emolumen-

1347 1325 1394 1359 tis
1426 1324 1581 1359 alienata
1610 1325 1827 1361 monasterio
1857 1325 2032 1368 tradatur,
2066 1330 2102 1361 et
2131 1326 2180 1361 ibi
2212 1326 2307 1361 omni
2339 1335 2426 1361 suae

194 1373 426 1413 μοναστηρίῳ
452 1367 735 1415 παραδιδόσθω,
759 1373 861 1403 nauel
875 1369 1000 1404 πάντα
1023 1370 1091 1404 τὸν
1110 1371 1173 1413 τῆς
1189 1367 1280 1403 ἰδίας
1346 1369 1441 1404 vitae
1475 1373 1634 1414 tempore
1669 1369 1791 1413 degat:
1826 1370 1932 1406 rebus
1968 1371 2062 1413 eius,
2098 1371 2128 1406 si
2157 1371 2299 1416 quidem
2332 1371 2424 1406 filios

196 1415 288 1457 ζωῆς
317 1414 450 1459 χρόνον
478 1413 703 1449 διατελείτω·
739 1413 1068 1470 τῶνκπραγμάτων
1091 1413 1217 1458 αὐτῆς,
1249 1415 1279 1447 εἰ
1293 1415 1334 1448 25
1347 1414 1496 1457 habeat,
1528 1415 1621 1449 inter
1644 1424 1683 1450 se
1715 1418 1750 1450 et
1772 1415 1852 1450 illos
1877 1415 2071 1450 secundum
2094 1426 2277 1452 numerum
2301 1426 2425 1462 perso-

193 1461 262 1503 μὲν
291 1457 424 1494 παῖδας
453 1461 541 1502 ἔχοι,
575 1459 712 1504 μεταξὺ
745 1456 855 1503 αύτης
877 1463 1056 1494 κακείνων
1086 1460 1180 1494 κατὰ
1211 1460 1279 1493 τὸν

195 1501 358 1549 ἀριθμὸν
380 1505 458 1539 τῶν
481 1503 685 1552 προςώπων
709 1501 982 1550 διαιρουμένων,
1011 1505 1072 1539 ἴνα
1095 1503 1138 1539 τὸ
1164 1503 1277 1548 ἁρμό-

195 1551 260 1591 ζον
278 1550 323 1596 τῇ
348 1546 440 1596 αὐτῇ
463 1554 605 1596 γυναικὶ
628 1552 732 1593 μέρος
755 1548 797 1583 τὸ
823 1549 1067 1596 μοναστήριον
1091 1548 1279 1594 λαμβάνον

195 1593 333 1637 ταύτην
356 1592 573 1640 ἀποτρέφοι·
599 1595 630 1650 εἰ
650 1592 690 1628 δὲ
707 1593 755 1647 μὴ
777 1595 851 1637 &icoc
875 1593 1024 1638 παῖδας,
1048 1595 1150 1630 πᾶσα
1173 1591 1195 1638 ἡ
1218 1591 1279 1627 αύ-

1347 1469 1475 1494 narum
1499 1458 1713 1502 dividendis,
1745 1463 1785 1495 ut
1809 1463 2067 1505 competentem
2089 1461 2159 1506 ipsi
2181 1461 2319 1496 mulieri
2343 1470 2424 1506 par-

1347 1507 1418 1540 tem
1442 1504 1695 1540 monasterium
1725 1505 1905 1550 accipiens
1929 1515 2008 1540 eam
2030 1506 2122 1549 alat;
2159 1506 2191 1541 si
2213 1509 2330 1542 autem
2354 1516 2427 1542 non

1348 1549 1515 1585 habuerit
1537 1549 1640 1591 filios,
1670 1550 1784 1585 omnis
1809 1550 1885 1586 eius
1909 1550 2109 1586 substantia
2130 1550 2225 1586 inter
2247 1554 2426 1587 monaste-

1348 1594 1450 1638 rium,
1475 1594 1539 1629 ubi
1561 1595 1772 1638 immittitur,
1797 1598 1831 1630 et
1850 1595 2046 1636 ecclesiam,
2070 1595 2108 1631 in
2131 1606 2202 1642 qua
2225 1596 2324 1642 prius
2348 1599 2427 1632 erat

194 1640 258 1682 τῆς
280 1643 468 1685 περιουσία
498 1639 633 1683 μεταξυ
665 1651 731 1673 του
755 1643 998 1694 μοζαστηρίου
1028 1636 1122 1675 ὅπου
1147 1638 1279 1684 ἐμβάλ-
1294 1641 1336 1675 30
1350 1639 1555 1684 constituta,
1579 1649 1625 1675 ex
1647 1649 1763 1686 aequa
1783 1640 1948 1686 portione
1970 1640 2159 1678 dividatur.

195 1682 294 1718 λεται
325 1687 384 1718 καὶ
414 1684 477 1718 τ”’ς
508 1683 693 1727 ἐκκλησίας
723 1684 764 1718 ἐν
794 1697 817 1732 ῃ
841 1696 1020 1731 προτερον
1044 1686 1213 1720 ἐτέτακτο
1243 1683 1282 1724 ἐξ

196 1728 272 1771 ἴσης
293 1732 418 1774 μοίρας
465 1729 669 1775 ιαιρείσθω.

1152 1817 1310 1855 CAPUT
1336 1818 1470 1856 XXXI.

262 1885 318 1921 Εἴ
333 1897 388 1921 τις
410 1886 488 1921 τῶν
504 1884 625 1920 θείων
645 1889 856 1932 μυστηρίων
877 1883 902 1930 ἢ
924 1887 1002 1922 τῶν
1017 1884 1140 1921 ἄλλων
1163 1883 1280 1932 ἁγίων

195 1929 426 1979 λειτουργιῶν
457 1930 744 1976 ἐπιτελουμένων
774 1933 815 1965 ἐν
839 1929 927 1978 ἁγίᾳ
958 1931 1133 1966 εἰςελθών
1160 1929 1280 1975 ἐκκλη-

1408 1886 1447 1922 Si
1471 1887 1549 1932 quis
1574 1897 1653 1921 cum
1678 1895 1782 1922 sacra
1804 1886 1973 1932 mysteria
1996 1890 2059 1923 aut
2081 1887 2153 1923 alia
2175 1891 2302 1924 sancta
2323 1889 2426 1924 mini-

1349 1931 1458 1967 steria
1489 1931 1726 1974 celebrantur,
1756 1931 1795 1967 in
1818 1934 1980 1968 sanctam
2010 1933 2212 1977 ingrediens
2241 1934 2427 1970 ecclesiam

263 2034 288 2055 c.
307 2022 421 2055 XXX
441 2034 480 2055 ex
502 2021 539 2055 B
563 2022 681 2055 habent
704 2022 754 2055 B⁸
776 2023 814 2055 K
838 2023 889 2064 18,
907 2030 921 2056 ‘1
943 2035 978 2066 p.
1004 2022 1070 2056 435
1095 2021 1198 2055 Zach.
1224 2028 1255 2055 et
1277 2021 1430 2055 Nomocfi
1444 2021 1508 2055 XI
1514 2022 1603 2056 Vtit.
1621 2023 1652 2062 8,
1668 2028 1712 2056 14.
1747 2040 1791 2046 ——
1827 2022 1960 2056 Summa
1986 2029 2073 2056 extat
2095 2024 2229 2059 Nomoc.
2253 2025 2316 2064 iba
2349 2024 2425 2060 Am.

194 2079 345 2101 summam
370 2074 517 2110 repetunt
536 2068 702 2110 paratitlo
725 2068 800 2100 Ath.
818 2069 839 2101 9
858 2072 913 2106 §1.
939 2068 959 2101 2
978 2071 1034 2106 §2-

262 2124 290 2146 c.
307 2112 443 2145 XXXI
461 2112 514 2154 (—
531 2112 655 2154 617,1o
680 2107 871 2159 ὑπομείνῃ)
896 2114 991 2145 habet
1013 2111 1219 2156 Epanayoqe
1240 2112 1332 2153 9‚17;
1358 2124 1396 2144 ez·
1420 2111 1449 2145 S
1472 2112 1588 2154 repetit
1610 2111 1743 2145 Nomoc.
1757 2111 1789 2144 L
1804 2113 1848 2145 tit.
1863 2112 1906 2144 20
1922 2123 1957 2154 p.
1972 2113 2038 2146 628
2060 2111 2161 2145 Voell.

195 2199 323 2236 ceteris
345 2201 524 2245 personis,
552 2210 647 2246 quae
671 2211 809 2236 omnem
832 2200 1071 2253 suspicionem
1095 2199 1286 2246 effuqiunt.
1334 2198 1378 2235 Si
1398 2200 1480 2245 quis
1503 2210 1586 2235 vero
1612 2202 1738 2234 contra
1761 2198 1855 2234 lianc
1879 2200 2160 2235 observationem
2183 2201 2365 2237 mulierem
2389 2204 2427 2238 in

195 2245 300 2281 domo
324 2254 392 2279 sua
416 2244 565 2286 habeat,
597 2255 692 2291 quae
714 2245 748 2281 ei
769 2246 1011 2292 suspicionem
1035 2244 1187 2290 adferre
1238 2244 1336 2288 ossit,
1367 2248 1402 2280 et
1425 2244 1534 2280 semel
1562 2247 1674 2290 atque
1696 2244 1825 2291 iterum
1857 2249 1921 2280 aut
1952 2244 1996 2280 ab
2021 2246 2193 2292 episcopo
2224 2256 2292 2282 suo
2316 2251 2382 2283 aut
2404 2259 2428 2284 a

195 2289 404 2325 conclericis
425 2289 502 2324 suis
524 2289 742 2333 admonitus,
772 2301 818 2326 ne
841 2301 920 2326 cum
946 2290 1012 2326 tali
1034 2290 1184 2325 muliere
1231 2290 1360 2330 abitet,
1390 2290 1575 2336 expellere
1597 2299 1676 2325 eam
1700 2289 1805 2324 domo
1827 2300 1895 2325 sua
1917 2290 2091 2331 noluerit,
2123 2294 2190 2325 aut
2219 2301 2299 2326 cum
2322 2303 2426 2328 accu-

193 2339 297 2370 sator
319 2333 482 2370 extiterit
503 2334 690 2371 inhoneste
713 2346 793 2371 cum
819 2335 885 2371 tali
906 2335 1056 2371 muliere
1078 2335 1217 2371 versari
1241 2335 1426 2370 convictus
1444 2334 1502 2377 sit,
1529 2339 1614 2370 tunc
1637 2334 1829 2380 episcopus
1851 2335 1930 2371 eius
1950 2335 2145 2371 secundum
2168 2336 2428 2373 ecclesiasticos

194 2390 350 2415 canones
374 2378 472 2415 clero
495 2390 575 2415 eum
598 2380 765 2427 repellat,
796 2380 921 2416 curiae
944 2380 1100 2416 civitatis
1122 2380 1160 2415 in
1184 2390 1258 2426 qua
1281 2379 1434 2415 clericus
1455 2382 1537 2415 erat
1561 2378 1783 2415 tradendum.
1831 2378 2017 2426 Episcopo
2041 2384 2160 2415 autem
2191 2381 2327 2416 nullam
2352 2393 2426 2417 om-

194 2425 280 2460 nino
305 2424 487 2460 mulierem
511 2424 642 2461 habere
671 2429 737 2461 aut
759 2436 838 2461 cum
862 2425 1011 2461 muliere
1033 2424 1198 2461 habitare
1219 2424 1470 2471 permittimus.
1518 2423 1657 2467 Quodsi
1687 2424 1727 2459 id
1756 2435 1985 2471 nequaquam
2015 2424 2221 2461 observasse
2244 2426 2428 2472 probatus

193 2470 252 2512 sit,
276 2470 488 2548 epmy‘ffiam
511 2470 709 2505 deiciatur:
743 2470 821 2517 ipse
844 2470 938 2506 enim
961 2470 1167 2505 sacerdotio
1190 2480 1268 2505 sese
1291 2469 1479 2516 indiqnum
1503 2469 1668 2506 ostendit.

326 2514 361 2548 X
434 2540 442 2548 .
491 2513 743 2550 Diaconissam
774 2519 893 2551 autem
923 2515 1024 2550 nullo
1054 2514 1161 2551 modo
1194 2525 1273 2550 cum
1303 2515 1394 2557 viro,
1429 2517 1479 2551 ex
1510 2525 1582 2560 quo
1612 2513 1824 2550 inhonestae
1855 2514 1950 2550 vitae
1979 2514 2137 2561 suspicio
2173 2515 2265 2550 oriri
2296 2517 2425 2562 possit,

195 2559 358 2595 habitare
373 2559 630 2610 permittimus.
678 2558 720 2595 Si
743 2563 862 2596 autem
885 2559 975 2596 haec
996 2570 1072 2595 non
1096 2560 1349 2602 observaverit,
1380 2559 1552 2595 sacerdos
1575 2559 1634 2595 cui
1656 2559 1816 2595 subiecta
1840 2564 1894 2595 est
1915 2570 1994 2595 eam
2018 2559 2222 2602 admoneat,
2249 2563 2291 2596 ut
2313 2561 2426 2596 omni-

195 2604 259 2639 bus
282 2603 398 2639 modis
422 2605 527 2639 talem
550 2604 665 2640 virum
695 2615 716 2640 e
738 2605 842 2640 domo
866 2616 933 2640 sua
957 2604 1073 2640 eiciat.
1121 2603 1258 2648 Quodsi
1280 2604 1319 2640 id
1339 2605 1467 2650 facere
1497 2604 1694 2646 distulerit,
1725 2604 1967 2639 ecclesiastico
1998 2604 2197 2640 ministerio
2230 2609 2266 2640 et
2292 2606 2425 2641 emolu—

194 2650 322 2685 mentis
343 2650 420 2683 suis
439 2649 588 2694 privata
612 2650 832 2686 monasterio
857 2649 1036 2692 tradatur,
1061 2650 1110 2685 ibi
1137 2660 1181 2685 ue
1201 2660 1305 2685 omne
1322 2650 1416 2685 vitae
1433 2660 1522 2685 suae
1544 2654 1682 2695 tempus
1731 2653 1880 2694 eraqat;
1903 2659 1962 2685 res
1981 2652 2099 2684 autem
2120 2650 2208 2691 eius,
2230 2650 2263 2684 si
2282 2649 2425 2696 quidem

195 2695 326 2730 liberos
357 2693 507 2736 habeat,
537 2693 634 2729 inter
660 2694 779 2741 ipsam
808 2699 844 2730 et
873 2695 957 2730 illos
978 2706 1087 2730 secun
1116 2706 1173 2730 um
1203 2705 1389 2730 numerum
1417 2705 1658 2741 personarum
1706 2694 1899 2736 ividantur,
1935 2697 1974 2729 ut
1990 2699 2137 2745 partem
2167 2705 2261 2739 quae
2283 2695 2426 2731 mulieri

194 2739 366 2785 competit
387 2739 644 2775 monasterium
667 2740 747 2774 acci
772 2740 827 2776 iat
848 2751 999 2786 eamque
1021 2740 1100 2775 alat
1105 2752 1121 2782 ;
1143 2741 1201 2775 sin
1217 2750 1290 2774 non
1310 2738 1442 2775 habeat
1458 2739 1599 2782 liberos,
1626 2743 1703 2774 tota
1725 2738 1803 2774 eius
1819 2739 2023 2775 substantia
2043 2738 2139 2774 inter
2156 2740 2426 2784 monasterium,

193 2784 231 2818 in
254 2783 355 2830 quod
376 2784 591 2826 immittitur,
615 2787 650 2820 et
673 2794 734 2820 ecc
748 2784 869 2827 esiam,
893 2785 931 2820 in
954 2795 1027 2831 qua
1043 2784 1155 2831 prius
1176 2785 1374 2821 constituta
1394 2789 1485 2827 erat,
1509 2795 1627 2837 aequa
1644 2784 1817 2836 portione
1840 2783 2033 2820 dividatur.

327 2828 461 2865 XXXI.
506 2827 550 2864 Si
573 2829 665 2874 quis,
695 2838 776 2864 cum
798 2840 907 2866 sacra
930 2830 1102 2876 mysteria
1133 2829 1189 2866 vel
1211 2829 1286 2864 alia
1316 2833 1445 2865 sancta
1476 2829 1676 2865 ministeria
1699 2828 1937 2871 celebrantur,
1967 2831 2131 2864 sanctam
2161 2827 2347 2864 ecclesiam
2370 2829 2425 2864 in-

1416 2920 1431 2952 1
1459 2918 1676 2962 suspitionem
1698 2938 1743 2943 —
1766 2921 1785 2952 7
1811 2928 1885 2951 cum
1909 2916 1975 2963 mu!
2001 2930 2062 2951 scr.
2085 2916 2135 2950 12²
2157 2919 2190 2951 in
2214 2930 2280 2951 ras.
2298 2919 2318 2951 4
2337 2930 2389 2951 vv.
2412 2919 2426 2964 ΙΙ

1345 2964 1374 2997 si
1399 2964 1473 3005 quis
1503 2964 1628 3005 absque
1651 2965 1760 2996 autem
1787 2963 1848 3005 1⁷²,
1882 2963 1911 2997 si
1935 2962 2011 3005 quis
2036 2975 2165 2993 uon*
2191 2962 2425 2997 obseruatione

1345 3018 1715 3041 eststsettosocetto
1735 3009 1783 3041 V¹
1800 3007 1813 3051 ΙΙ
1830 3009 1850 3042 2
1867 3008 2077 3041 obseruatore
2095 3009 2125 3041 R
2141 3006 2147 3051 Ι
2172 3009 2192 3041 3
2213 3017 2271 3040 8118
2292 3020 2349 3041 om.
2373 3008 2426 3052 ῘῘΙΙ

1345 3055 1365 3087 5
1378 3064 1439 3086 nec
1456 3054 1504 3087 V¹
1519 3054 1532 3096 ΙΙ
1551 3055 1571 3088 6
1585 3064 1655 3087 eam
1672 3053 1724 3095 de]
1746 3053 1858 3086 eadem
1878 3053 1926 3087 V¹
1942 3053 1955 3097 ΙΙ
1972 3063 2031 3086 suo
2049 3053 2126 3086 VT·
2153 3055 2159 3096 Ι
2174 3053 2382 3085 accusatione
2397 3053 2432 3087 V

1344 3100 1495 3132 accusato
1513 3098 1565 3133 Τ2
1586 3098 1599 3143 ΙΙ
1627 3100 1818 3142 apparente]
1844 3100 1902 3131 aut
1925 3099 2106 3141 apparente
2125 3097 2176 3131 Τί
2198 3097 2211 3140 ΙΙ
2236 3099 2257 3132 9
2281 3097 2382 3139 clero]
2405 3108 2426 3131 a

1344 3143 1432 3176 clero
1448 3143 1497 3176 R³
1512 3144 1525 3187 ΙΙ
1542 3143 1716 3177 admoueat
1738 3144 1770 3176 Τ
1790 3143 1965 3176 admoneat
1981 3142 2030 3176 Β*
2047 3142 2059 3185 ΙΙ
2079 3144 2120 3176 10
2144 3142 2332 3175 *tradendo
2345 3144 2424 3184 (tra-

1345 3188 1453 3221 hendo
1472 3189 1534 3230 T1)
1559 3190 1635 3222 libri
1651 3189 1663 3231 ΙΙ
1680 3189 1852 3231 episcopus
1868 3188 1917 3221 R·
1934 3188 1947 3231 ΙΙ
1967 3189 2007 3222 12
2024 3187 2086 3220 hoc
2102 3187 2262 3230 probetur
2275 3187 2308 3220 R
2324 3187 2337 3231 ΙΙ
2354 3187 2425 3231 epi-

1344 3236 1514 3276 scopatum
1538 3233 1592 3277 Vn
1621 3235 1661 3268 13
1684 3233 1750 3276 ipsi
1771 3232 1848 3275 1⁷²1!
1873 3232 2027 3273 ostendit]
2051 3232 2198 3265 ostendit
2220 3241 2253 3264 se
2276 3231 2354 3276 V¹H
2382 3234 2421 3267 17

1345 3278 1528 3311 diaconissa
1549 3278 1626 3322 R¹11
1654 3280 1694 3313 18
1720 3279 1890 3310 honestate
1911 3277 2020 3311 R¹T¹
2054 3278 2263 3309 inhonestate
2283 3276 2334 3310 R·
2363 3277 2422 3310 ho-

1343 3325 1434 3355 neste
1457 3323 1508 3356 12⁸
1518 3322 1598 3367 1⁷²ss
1623 3322 1799 3365 suscipicio
1824 3322 1902 3365 R¹n
1928 3324 1969 3356 19
1993 3322 2056 3355 hoe
2079 3322 2140 3355 VT
2159 3321 2172 3366 ΙΙ
2196 3323 2235 3355 21
2262 3322 2341 3354 haec
2362 3321 2396 3354 V
2412 3323 2423 3363 Η

1345 3368 1387 3400 22
1404 3378 1502 3408 agere
1514 3386 1556 3393 —
1571 3369 1613 3402 26
1625 3367 1759 3400 mulieri
1775 3367 1844 3411 par}
1862 3380 1925 3400 scr.
1938 3366 1990 3400 12²
2001 3368 2034 3400 in
2047 3379 2113 3400 ras.
2125 3367 2144 3399 3
2158 3379 2207 3400 vv.
2225 3366 2239 3410 u
2254 3366 2296 3400 23
2309 3375 2422 3397 mona-

1343 3412 1443 3445 sterio
1466 3413 1581 3456 RT¹n
1607 3414 1678 3445 uite
1701 3422 1759 3445 sue
1781 3411 1843 3455 1711
1867 3413 1909 3446 25
1934 3411 2035 3444 habet
2057 3411 2090 3444 R
2109 3410 2121 3453 ΙΙ
2143 3421 2177 3443 se
2201 3411 2235 3443 et
2257 3421 2314 3443 om.
2337 3410 2386 3442 T¹
2410 3411 2422 3454 ΙΙ

1343 3457 1384 3490 27
1410 3456 1478 3489 alat
1501 3458 1600 3502 cuiq]
1625 3459 1701 3499 agat
1726 3457 1831 3490 RVT
1852 3455 1865 3500 ΙΙ
1892 3457 1935 3490 28
1959 3456 2059 3497 inter]
2083 3455 2119 3488 in
2153 3453 2233 3488 VT¹
2255 3453 2269 3495 fl
2296 3455 2338 3487 29
2363 3454 2421 3487 ubi

1343 3513 1402 3534 om.
1424 3502 1457 3535 V
1476 3500 1489 3545 ΙΙ
1515 3503 1710 3535 immittitur
1730 3502 1773 3543 V]
1805 3501 1953 3534 mittitur
1977 3501 2136 3543 RTvuty.
2163 3497 2177 3542 fl
2202 3496 2340 3531 ecclesia
2362 3499 2395 3531 V
2410 3499 2422 3543 ΙΙ

1342 3546 1385 3580 30
1410 3547 1535 3579 statuta
1554 3547 1588 3580 R
1611 3546 1617 3590 1
1634 3546 1806 3580 diuidetur
1825 3546 1858 3579 R
1874 3546 1888 3590 Ι
1905 3547 1947 3580 33
1970 3547 2030 3578 aut
2052 3543 2120 3577 alia
2141 3544 2255 3575 sancta
2274 3543 2422 3577 misteria

1350 3590 1399 3624 V¹
1413 3591 1451 3631 T,
1476 3592 1538 3625 del.
1560 3591 1594 3626 V
1612 3616 1621 3634 ,
1647 3604 1706 3625 om.
1719 3590 1854 3634 [3134
1876 3589 2061 3624 celebretur
2085 3586 2140 3630 ΤΙ
2157 3586 2348 3627 ingrediens
2369 3596 2420 3621 eo-

1342 3633 1474 3668 olesium
1506 3636 1553 3678 V]
1586 3636 1758 3679 egrediens
1781 3635 1950 3669 ecclesiam
1977 3633 2011 3667 T
2040 3630 2209 3665 ecclesiam
2230 3631 2420 3674 ingrediens

1342 3680 1376 3714 R
1396 3681 1481 3724 vulq.
1961 3687 1963 3689 '

263 2919 281 2954 1
307 2917 470 2963 ἐκφεύγοι
499 2919 524 2951 l]
551 2917 566 2962 ῙῙ
588 2919 608 2952 2
632 2917 665 2952 εἰ
688 2915 731 2951 δέ
750 2929 804 2952 τις
828 2919 858 2952 S
873 2917 886 2958 ΙΙ
902 2916 1065 2964 φυλακὴν
1086 2920 1129 2952 M
1133 2923 1151 2941 ¹²
1164 2918 1179 2973 fl
1206 2920 1226 2953 3
1247 2917 1283 2951 εἴ

194 2974 247 2998 τις
270 2965 316 2997 M
335 2964 348 3008 ΙΙ
373 2965 394 2998 4
418 2965 612 3009 ἐπαγαγεῖν
630 2966 658 2998 S
675 2963 688 3008 ΙΙ
703 2962 727 3006 ἢ
743 2977 800 2998 om.
816 2976 835 3000 ς
852 2964 865 3008 ΙΙ
881 2960 955 2998 ἀπὸ
983 2966 1011 2997 S
1026 2964 1038 3008 ΙΙ
1057 2966 1077 2997 5
1102 2960 1176 2999 ἀπο
1193 2964 1252 2997 SL
1266 2963 1278 3000 ss

197 3011 217 3043 6
241 3003 336 3042 ὥστε
364 3007 414 3052 μὴ
441 3007 534 3052 μετὰ
566 3009 628 3051 τῆς
657 3005 824 3052 τοιαύτης
853 3006 1036 3055 γυναικὸς,
1069 3022 1126 3043 om.
1151 3021 1204 3042 υυ.
1227 3006 1272 3053 pt*

194 3054 304 3088 οἰκεῖν
326 3072 369 3078 -
395 3055 415 3088 8
437 3053 605 3099 γυναικὸς
630 3053 830 3133 Nomocst}
854 3056 872 3088 7
897 3054 937 3086 ἐκ
960 3067 1019 3087 om.
1043 3054 1072 3088 S
1096 3054 1110 3099 ΙΙ
1139 3052 1203 3097 μὴ]
1235 3064 1276 3086 ου

197 3098 246 3132 B!
266 3098 279 3142 ΙΙ
303 3096 443 3144 θελήσῃ
468 3099 512 3141 L]
545 3097 696 3141 θελήσοι
722 3099 798 3132 ΜΒ
851 3098 863 3143 ΙΙ
891 3100 911 3133 8
934 3096 1103 3141 τοιαύτης
1126 3100 1185 3140 M]
1215 3098 1278 3140 τῆς

194 3141 360 3186 τοιαύτης
383 3145 412 3178 S
419 3144 450 3177 L
463 3144 507 3185 B,
531 3156 590 3178 om.
604 3155 624 3180 ς
649 3143 661 3187 ΙΙ
689 3146 726 3179 11
753 3143 798 3189 τῇ
821 3141 934 3190 βουλῇ
953 3163 993 3168 -
1014 3140 1276 3189 παραδοθησό-

193 3200 304 3231 μενον
328 3200 382 3222 om.
397 3187 462 3228 ΒΙΙ
483 3190 522 3223 13
545 3185 639 3232 μετὰ
657 3187 790 3231 ταύτης
814 3190 843 3222 S
851 3190 1030 3267 pleriqueg
1056 3191 1096 3223 14
1120 3187 1277 3243 φυλάξας

195 3234 245 3266 B‘
261 3234 274 3276 ΙΙ
302 3235 341 3267 15
356 3246 372 3267 s
396 3257 404 3266 .
430 3229 539 3266 αὐτὸς
561 3251 601 3257 -
629 3230 825 3278 ἱερωσύνης
849 3244 904 3267 om.
920 3234 949 3267 S
970 3233 984 3277 fl
1030 3236 1190 3267 είκνυσιν
1213 3245 1276 3267 αν-

195 3277 297 3316 ιίξιον
310 3279 360 3312 B⁸
383 3279 389 3320 Ι
410 3279 450 3312 18
471 3274 744 3324 ἀναφαίνεσθαι
759 3279 841 3312 LB¹
850 3278 1003 3313 Nomen!
1019 3278 1031 3322 ΙΙ
1052 3281 1092 3312 19
1113 3290 1277 3324 παραφυ-

194 3320 296 3361 λάξοι
319 3322 513 3357 SNomoc.‘¹
542 3320 688 3367 φυλάξει
712 3324 763 3357 13⁶
847 3321 938 3369 λάξῃ
963 3323 1015 3357 B!
1035 3323 1048 3366 ΙΙ
1072 3325 1115 3357 20
1139 3319 1208 3369 ὑφ’
1233 3314 1277 3357 οὗ

196 3367 346 3399 Νοηιοε.11
375 3367 389 3411 fl
416 3363 531 3410 αὐτὴν
553 3363 671 3401 ἅπασι
694 3368 766 3409 (om.
783 3370 856 3407 ινα)
881 3369 909 3401 S
930 3368 943 3412 ΙΙ
967 3369 1005 3402 21
1033 3366 1169 3414 ἐκβάλῃ
1189 3370 1276 3410 (ante

194 3410 261 3443 τὸν
276 3412 442 3446 τοιοῦτον
465 3413 538 3446 coll.
554 3413 615 3454 B‘)
639 3413 730 3446 MB‘
756 3411 922 3456 ἐκβάλλω
944 3414 973 3446 l,
1003 3410 1191 3456 ἐκβάλλειν
1215 3413 1245 3446 S
1264 3411 1278 3458 ΙΙ

195 3455 271 3496 τοῦ]
296 3457 335 3488 ἐκ
354 3456 418 3489 τοῦ
437 3457 485 3490 Β’
503 3455 517 3501 ss
538 3457 581 3490 22
604 3457 713 3491 τοῦτο
738 3466 768 3492 et
790 3456 928 3502 πρᾶξαι
953 3470 1011 3491 om.
1025 3459 1054 3491 S
1068 3458 1082 3497 ΙΙ
1107 3459 1150 3492 23
1172 3454 1274 3491 ἀλλο·

196 3502 408 3587 {ss-“fiet
431 3504 741 3580 „2¹5⁷ss
751 3499 1004 3591 stifft&
1024 3503 1154 3581 {³¹35
1174 3504 1277 3591 „3:33

196 3586 255 3664 ‘gt‘
271 3585 301 3663 [ἦ
323 3589 478 3640 ‘Nomocst¹
506 3558 730 3634 flessgvb'novs
745 3591 787 3627 ἐν
805 3582 840 3636 ᾧ
861 3572 913 3626 B·
926 3559 1022 3636 asic-⁸⁷¹}
1040 3593 1080 3626 31
1105 3571 1276 3626 τέτακται

243 3644 267 3674 p
282 3645 390 3675 eraque
