2618 4010
238 124 347 171 Nov.
379 125 503 169 XXII
533 127 588 168 20
1321 115 1402 166 16⁰
2200 135 2261 169 nn
2287 130 2467 170 nuri-ns

1226 247 1384 286 CAPUT
1406 248 1487 285 XX.

298 317 342 351 Τὸ
376 314 415 351 δὲ
444 318 463 350 ἐ
492 316 568 359 εξῆς
597 317 676 352 τῶν
705 315 833 365 γάμων
863 315 963 352 τέλος
993 314 1012 350 ὃ
1034 313 1156 351 πάντα
1182 312 1315 360 ὁμοίως
1427 315 1606 361 Deinceps
1644 318 1764 352 autem
1799 319 2104 357 matrimoniorum
2146 321 2336 357 terminum
2370 330 2462 366 quae

240 359 400 396 διαλύων
423 330 606 405 ingennus
628 361 801 398 θάνατος.
849 358 954 404 afficte,
978 362 1049 396 εἴτε
1072 359 1227 403 θανάτῳ
1251 362 1315 395 τοῦ
1384 371 1488 396 omne
1509 360 1670 396 similiter
1687 361 1794 397 solvit
1814 368 1982 409 expectat
1992 376 2098 402 mors.
2130 366 2233 403 Unde
2254 367 2328 402 sive
2347 370 2462 401 morte

238 404 367 453 ἀνδρὸς
402 403 592 451 διαλυθείη
627 406 671 443 τὸ
703 410 925 443 συνοικέσιον
960 406 1031 441 εἴτε
1073 404 1218 453 τελευτῇ
1253 406 1316 449 τῆς
1383 406 1449 441 viri
1470 405 1629 441 solvatur
1652 405 1913 443 matrimonium
1935 410 2008 446 sive
2031 410 2102 447 fine
2125 411 2294 455 mulieris,
2320 411 2460 446 lucrum

239 449 419 498 γυναικός,
446 449 569 498 κέρδος
597 453 771 500 γίνεσθαι
794 454 849 496 τῷ
868 454 936 496 μὲν
959 449 1063 497 ἀνδρὶ
1093 449 1162 494 τὴν
1184 453 1316 498 προῖκα
1385 451 1434 486 sit
1457 450 1531 486 viro
1556 451 1697 496 quidem
1724 451 1763 486 in
1793 451 1876 488 dote
1906 454 2102 491 secundum
2126 456 2222 502 quod
2244 455 2461 501 nuptialium

239 495 330 530 κατὰ
351 494 394 530 τὸ
416 500 490 531 τοῖς
511 501 672 545 γαμικοῖς
696 497 921 543 συμβολαίοις
951 494 1205 541 περιεχόμενον
1229 494 1314 540 σύμ·
1351 499 1370 531 5
1383 495 1699 532 instrumentorum
1731 496 1932 534 continetur
1962 503 2090 544 pacto,
2131 500 2269 537 mulieri
2299 510 2381 537 vero
2417 510 2461 535 ex

240 553 376 597 qmwov,
400 542 445 590 τῇ
467 546 609 590 γυναικὶ
634 541 674 578 δι’
696 543 762 587 τὴν
783 545 1027 600 προγαμιαίαν
1048 538 1199 587 δωρεάν,
1223 541 1315 575 καθ·
1383 540 1536 585 nuptiali
1554 540 1757 585 donatione,
1778 542 1874 578 sicut
1893 546 1930 578 et
1948 542 1999 580 ibi
2017 546 2222 582 convenerit
2242 556 2264 581 a
2282 545 2458 591 principio

240 584 332 632 άπερ
355 599 401 621 αν
422 584 562 622 κάκεῖσε
585 586 723 630 δόξειεν
747 588 787 629 ἐξ
809 588 913 633 αρχῆς
935 589 1009 620 τοῖς
1032 584 1314 630 συμβάλλουσιν·
1386 585 1695 621 contrahentibus:
1736 597 1809 622 non
1839 587 2068 632 prohibendis
2100 591 2240 643 quidem
2263 590 2460 635 inaequali-

239 628 281 664 οὗ
304 629 543 677 κωλυομένων
564 635 631 678 μὲν
654 634 732 668 τῶν
755 631 895 667 ἀνίσων
917 629 1009 665 κατὰ
1034 631 1077 665 τὸ
1101 629 1217 665 ποσὸν
1241 633 1315 665 ἐπι·
1384 631 1452 666 bus
1477 630 1671 667 secundum
1720 632 1932 668 uantitatem
1954 633 2204 679 oblationibus,
2253 635 2460 671 rohibendis

240 673 389 719 δόσεων,
409 675 647 723 κωλυομένων
663 676 704 713 δὲ
716 680 795 713 τῶν
807 675 946 711 ἀνίσων
958 674 1186 722 συμφώνων·
1206 676 1315 710 τοῦτο
1384 678 1504 712 autem
1523 676 1701 722 inaequali
1728 688 1769 712 us
1789 678 1923 722 pacti83
1948 677 2016 714 hoc
2058 680 2130 716 uod
2149 680 2364 717 fortissimus
2405 680 2459 715 ui-

240 718 330 767 δπιρ
345 717 366 755 ὁ
385 723 454 767 μὲν
470 722 725 770 γενναιότατος
737 725 848 757 Λέων
872 723 912 755 έν
935 724 1007 755 τοῖς
1029 721 1168 755 οἰκείοις
1191 719 1316 767 ὀρθῶς
1331 724 1370 757 10
1385 721 1465 757 dem
1488 721 1562 757 Leo
1587 721 1625 757 in
1649 721 1723 758 suis
1749 722 1962 767 conscripsit
1982 723 2050 768 legi
2077 735 2131 768 us,
2158 736 2224 761 nos
2248 729 2368 761 autem
2418 735 2462 760 oc

239 767 377 813 ἔγραψε
399 767 535 813 νόμοις,
567 765 663 813 ἡμεῖς
695 766 735 802 δὲ
763 766 850 802 αὐτὸ
875 764 1151 812 παραλαβόντες
1174 768 1228 800 ἔτι
1253 778 1314 800 σοι·
1384 768 1565 802 sumentes
1589 766 1707 802 adhuc
1732 767 1864 803 clarius
1890 767 2143 806 ordinavimus.
2192 769 2230 806 Si
2257 770 2350 806 enim
2373 770 2464 805 alter

240 814 415 860 φέστερον
444 811 667 858 διετάξαμεν.
723 813 769 846 Εἰ
798 811 866 858 γὰρ
898 807 916 845 ὁ
947 812 1014 855 μὲν
1046 810 1188 853 πλεῖον,
1224 807 1243 846 ὁ
1276 809 1316 845 δὲ
1385 812 1530 856 quidem
1553 812 1723 857 amplius,
1754 812 1843 848 alter
1866 822 1950 848 vero
1975 813 2090 849 minus
2113 814 2151 850 in
2173 814 2274 851 lucro
2324 815 2460 850 acisca-

239 854 392 892 ἔλαττον
407 859 512 901 ἐντῷ
533 861 576 892 κε’
595 856 649 892 δει
668 855 951 901 συμφωνήσεων,
971 853 1104 899 ἄδηλον
1117 850 1172 900 ἧν,
1189 853 1316 891 ὁποῖον
1383 859 1455 899 tur,
1482 857 1658 892 incertum
1681 860 1770 900 erat,
1795 858 1899 903 quale
1920 869 1940 893 o
1969 861 2102 894 orteret
2118 869 2198 895 esse
2213 870 2283 905 quo
2330 863 2462 901 teneat,

239 899 296 936 δεῖ
316 901 359 936 τὸ
381 904 537 948 κρατοῦν
560 916 577 937 ε
592 916 669 945 ναι,
699 903 853 948 πότερον
879 900 921 936 τὸ
952 899 1077 935 πλεῖον
1100 900 1123 944 ἢ
1150 900 1191 936 τὸ
1212 900 1313 936 ἔλατ·
1383 905 1503 937 utrum
1538 902 1633 947 quod
1668 902 1748 947 plus
1784 913 1829 938 an
1865 914 1933 948 quo
1991 904 2126 948 minus,
2161 904 2382 941 dubitatione
2414 915 2459 940 ex

238 958 315 988 τον,
345 948 407 990 τῆς
434 944 733 994 ἀμφισβητήσεως
756 947 986 1004 ἑκατέρωθεν
1008 944 1139 991 ὁμοίως
1169 946 1315 981 ἀνιστα-
1332 949 1370 982 15
1384 951 1536 992 utroque
1560 947 1720 983 similiter
1739 948 1955 993 insurgente.
1992 948 2093 984 Unde
2113 949 2215 985 nobis
2237 949 2374 994 placuit
2393 950 2458 985 im-

237 994 355 1036 μένης.
402 988 490 1026 ὤςτε
519 990 604 1037 ἡμῖν
635 990 734 1033 ἔδοξε
765 991 826 1026 τὰς
856 995 1026 1038 αμετρίας
1048 988 1314 1039 ἀποστρεφομέ-
1383 992 1645 1028 moderationes
1663 994 1910 1029 aversantibus
1927 993 1973 1028 ad
1991 994 2106 1029 minus
2124 994 2343 1039 protrahere,
2363 994 2458 1047 quod

239 1048 312 1070 νοις
342 1035 431 1083 πρὸς
463 1036 506 1071 τὸ
534 1036 688 1072 ἔλαττον
718 1034 941 1071 καθελκύσαι
975 1035 1018 1071 τὸ
1047 1036 1171 1071 πλεῖον
1197 1039 1237 1071 έν
1260 1038 1315 1081 τῷ
1383 1037 1420 1072 in
1439 1039 1546 1082 pacto
1570 1038 1651 1083 plus
1671 1039 1735 1080 est,
1760 1042 1796 1074 et
1818 1049 1891 1074 non
1915 1038 1985 1074 alio
2011 1039 2152 1083 quidem
2175 1039 2283 1075 licere
2305 1043 2460 1082 tertiam,

238 1080 434 1127 συμφώνῳ,
460 1079 508 1116 ὥς
530 1081 578 1126 μὴ
598 1083 652 1126 τῷ
675 1084 743 1127 μὲν
760 1082 891 1122 ἐξεῖναι
911 1085 1044 1127 τρίτον,
1070 1084 1121 1126 τῷ
1143 1079 1184 1116 δὲ
1206 1081 1315 1125 τυχὸν
1383 1082 1453 1117 alio
1489 1084 1608 1118 autem
1643 1082 1796 1119 forsitan
1828 1088 1991 1128 quartam
2021 1084 2115 1119 lucri
2145 1083 2301 1129 pacisci:
2336 1084 2399 1120 aed
2430 1087 2463 1120 si

238 1129 412 1173 τέταρτον
435 1127 499 1161 τοῦ
523 1125 664 1173 κέρδους
687 1130 914 1173 συμφωνεῖν,
946 1125 1027 1161 ἀλλ’
1052 1127 1088 1161 εἴ
1107 1140 1144 1162 τι
1170 1130 1314 1162 τοιοῦτο
1407 1127 1468 1162 uid
1498 1128 1570 1163 tale
1601 1127 1683 1170 fiat,
1720 1132 1849 1173 quarta
1883 1129 1920 1164 in
1956 1131 2107 1175 utroque
2141 1129 2388 1175 percipienda,
2427 1132 2464 1164 et

236 1173 395 1218 γένοιτο,
425 1171 484 1217 (τὸ
512 1172 705 1226 τέταρτον>
744 1169 804 1218 ἐφ’
832 1173 1000 1219 ἑκατέρου
1036 1171 1313 1219 παραλαμβάνε-
1328 1175 1369 1207 20
1407 1173 1549 1218 einceps
1575 1173 1735 1208 similiter
1758 1173 1795 1209 in
1819 1174 1999 1219 partibus,
2029 1185 2101 1210 non
2125 1178 2243 1210 tamen
2265 1175 2304 1210 in
2327 1175 2461 1210 conati-

238 1216 342 1258 σθαι,
365 1220 426 1251 καὶ
449 1217 572 1263 ἐφεξῆς
594 1221 727 1261 ομοίως
749 1220 811 1253 ἐπὶ
833 1219 912 1252 τῶν
931 1219 1065 1263 μερῶν,
1089 1215 1129 1252 οὗ
1153 1218 1225 1262 μὴν
1251 1220 1314 1252 ἐπὶ
1383 1221 1462 1253 tuta
1487 1228 1532 1253 ex
1555 1222 1707 1263 utroque
1730 1219 1940 1264 quantitate.

236 1261 297 1304 τῆς
321 1264 651 1308 συμπεφωνημένης
673 1263 905 1309 ἑκατέρωθεν
928 1260 1137 1306 ποσότητος.

236 1307 258 1342 1
305 1307 496 1342 Λυθέντυς
525 1311 652 1342 ’τοίνυν
675 1309 739 1342 τοῦ
766 1307 881 1355 γάμου
904 1306 997 1342 κατὰ
1019 1307 1082 1343 τὰς
1101 1308 1314 1355 ἔμπροσθεν
1381 1309 1403 1343 1
1457 1307 1581 1343 Soluto
1619 1307 1728 1352 igitur
1762 1309 1987 1346 matrimonio
2023 1310 2220 1346 secundum
2254 1308 2462 1355 praedictas

237 1347 377 1387 ἁπάσας
403 1349 596 1395 διαζεύξεις
623 1351 794 1398 εὔδαιμον
817 1355 884 1398 μὲν
914 1355 974 1386 καὶ
996 1351 1172 1399 μακάριον
1195 1354 1313 1387 ἑκατέ-
1383 1363 1505 1388 omnes
1526 1353 1781 1389 disiunctiones
1806 1354 1891 1390 felix
1915 1354 2054 1399 quidem
2079 1359 2115 1390 et
2134 1355 2278 1391 beatum
2297 1358 2353 1390 est
2372 1355 2462 1390 utri-

237 1409 290 1442 ρφ
315 1397 393 1432 τῶν
416 1396 680 1443 συμβαλόντων
703 1401 824 1442 μένειν
851 1399 912 1433 ἐπὶ
931 1399 992 1441 τῆς
1016 1401 1191 1444 προτέρας
1214 1394 1315 1442 εὐνῆς
1327 1401 1367 1433 25
1383 1407 1452 1443 que
1477 1398 1763 1434 contrahentium
1821 1399 1988 1436 erdurare
2018 1401 2054 1435 in
2084 1400 2195 1445 priori
2227 1399 2392 1445 coniugio
2425 1403 2463 1435 et

237 1444 298 1475 καὶ
315 1441 358 1486 μ’
388 1440 455 1486 τὴν
481 1446 678 1490 γενομένην
705 1443 816 1490 γονὴν
839 1446 912 1478 τοῖς
939 1444 1062 1488 ἑφεξῆς
1085 1447 1314 1478 συνοικεσίοις
1382 1453 1455 1478 11011
1490 1445 1716 1488 procreatam
1755 1454 1794 1479 so
1823 1445 1913 1480 olem
1954 1446 2185 1490 sequentibus
2224 1445 2460 1480 matrimoan

237 1486 325 1521 ἴσως
391 1491 483 1523 πεῖν.
530 1490 590 1522 καὶ
609 1489 645 1522 εἴ
668 1501 711 1534 γε
733 1490 841 1524 τοῦτο
866 1487 1039 1536 πράξοιεν
1068 1491 1128 1522 καὶ
1152 1490 1212 1524 ἐπὶ
1235 1489 1314 1523 τῶν
1381 1487 1533 1524 forsitan
1558 1488 1784 1525 contristare.
1832 1490 1883 1525 Et
1906 1490 1937 1525 si
1961 1490 2030 1526 hoc
2054 1490 2192 1535 egerint
2215 1494 2251 1525 et
2271 1490 2310 1525 in
2329 1489 2459 1535 priori-

237 1534 427 1580 προτέρων
449 1536 574 1568 σταῖεν
595 1531 732 1580 γάμων,
757 1534 877 1575 ἕξουσι
906 1535 973 1578 μὲν
995 1532 1042 1568 τὰ
1065 1534 1188 1576 οἰκεῖα,
1212 1546 1312 1568 τουτ-
1382 1533 1449 1569 bus
1473 1533 1637 1569 steterint
1660 1534 1814 1579 nuptiis,
1839 1534 2023 1571 habebunt
2046 1535 2187 1580 quidem
2211 1535 2366 1580 propria,
2391 1535 2461 1571 hoc

237 1579 314 1611 ἐστι
343 1580 474 1624 προῖκα
504 1580 571 1622 μὲν
598 1577 619 1622 ἡ
650 1576 754 1625 γυνή,
787 1582 1035 1626 προγαμιαίαν
1066 1576 1106 1612 δὲ
1130 1576 1271 1625 δωρεὰν
1294 1577 1313 1613 ὁ
1381 1582 1437 1614 est
1460 1578 1579 1614 dotem
1603 1579 1743 1623 quidem
1766 1579 1911 1621 mulier,
1937 1581 2185 1625 sponsaliciam
2208 1590 2290 1615 vero
2313 1580 2459 1624 largita-

236 1618 345 1667 άνήρ,
377 1621 485 1658 οὐδὲν
514 1621 916 1670 πολυπραγμονούντων
948 1620 1050 1668 ἡμῶν
1079 1625 1200 1664 (τοῦτο
1223 1622 1313 1670 ὅπερ
1327 1627 1368 1659 30
1381 1628 1452 1659 tem
1476 1624 1537 1668 vir,
1563 1624 1651 1659 nihil
1669 1625 1978 1669 perscrutantibus
2001 1626 2105 1661 nobis
2130 1625 2213 1669 (hoc
2237 1624 2333 1670 quod
2351 1635 2460 1670 super

237 1668 298 1702 ἐπὶ
315 1668 393 1702 τῶν
411 1666 590 1715 δευτέρων
606 1670 682 1703 ἐστὶ
698 1668 849 1716 γάμων),
875 1666 1052 1714 λήψονται
1070 1667 1110 1703 δὲ
1133 1667 1178 1703 τὰ
1196 1668 1312 1716 κέρδη,
1381 1669 1547 1705 Secundis
1571 1673 1625 1704 est
1644 1669 1802 1714 nuptiis),
1825 1671 2026 1715 percipient
2049 1674 2168 1706 autem
2191 1671 2295 1706 lucra
2314 1669 2366 1706 vir
2388 1670 2462 1716 qui-

236 1708 256 1746 ὁ
279 1713 347 1756 μὲν
369 1710 459 1759 ἀνὴρ
482 1713 528 1748 τοὶ
552 1715 591 1747 ἐκ
621 1715 682 1757 τῆς
705 1713 866 1761 προικός,
899 1715 921 1757 η
946 1712 985 1747 δὲ
1007 1713 1097 1768 γυνη
1123 1713 1167 1748 τὰ
1192 1716 1230 1748 ἐκ
1253 1716 1314 1758 τῆς
1381 1714 1460 1749 dem
1493 1724 1536 1749 ex
1566 1714 1658 1758 dote,
1691 1715 1818 1750 mulier
1847 1720 1966 1751 autem
1999 1726 2043 1752 ex
2076 1720 2210 1751 antenu
2237 1714 2315 1750 tiali
2348 1714 2462 1751 dona-

236 1769 288 1813 πρ
355 1762 479 1802 paucae
498 1756 643 1804 δωρεᾶς.
675 1762 735 1793 καὶ
751 1761 899 1793 ἔσονται
915 1760 1030 1793 ταῦτα
1049 1762 1168 1793 αυτοῖς
1188 1759 1309 1800 οἰκεῖα,
1379 1759 1496 1802 tione;
1530 1763 1566 1794 et
1598 1763 1704 1795 erunt
1734 1760 1823 1795 haec
1858 1761 1908 1796 eis
1939 1761 2103 1806 propria,
2141 1761 2212 1796 nih'
2250 1770 2366 1806 paene
2391 1761 2464 1795 alia

236 1800 302 1837 ουδ
372 1801 501 1846 σχεδὸν
532 1805 594 1847 τῆς
623 1802 729 1848 ἄλλης
755 1802 878 1839 αὐτῶν
902 1803 1121 1850 διαφέροντα
1145 1801 1310 1847 κτήσεως.
1382 1814 1504 1839 eorum
1528 1804 1727 1840 differentia
1750 1805 1988 1850 possessione.
2036 1806 2138 1842 Unde
2163 1805 2276 1841 donec
2298 1805 2462 1847 vixerint,

237 1844 326 1882 ὥστε
349 1850 390 1882 ἐν
419 1844 495 1892 ὅσῳ
520 1852 692 1897 περίεισι,
725 1850 848 1884 πᾶσαν
878 1847 1005 1882 ἄδειαν
1030 1849 1172 1889 ἕξουσιν
1197 1851 1312 1883 έκποι·
1328 1852 1368 1884 35
1382 1859 1521 1884 omnem
1539 1849 1719 1885 licentiam
1733 1850 1917 1886 habebunt
1936 1851 2160 1887 alienationis
2179 1861 2291 1896 super
2306 1851 2373 1894 his,
2393 1851 2462 1886 sic-

235 1891 348 1950 ήσεως
377 1889 439 1928 ἐπ’
463 1890 598 1935 αὐτοῖς,
628 1890 675 1928 ὠς
697 1896 759 1928 ἐπὶ
789 1897 861 1928 τοῖς
885 1892 1002 1927 ἄλλοις
1024 1893 1074 1928 οἷς
1097 1894 1246 1928 οἴκοθεν
1270 1894 1309 1935 ἐξ
1379 1898 1419 1929 ut
1446 1894 1484 1929 in
1518 1895 1597 1930 aliis
1630 1905 1721 1940 quae
1753 1896 1796 1931 de
1827 1907 1893 1932 suo
1926 1897 1972 1932 ab
2008 1896 2111 1932 initio
2147 1896 2364 1932 habuerunt.
2424 1896 2463 1931 Si

234 1939 340 1984 αρχῆς
358 1938 470 1981 εἶχον
495 1939 527 1972 εἰ
550 1937 591 1973 δὲ
612 1943 673 1973 καὶ
689 1937 897 1984 τελευτῷεν,
922 1937 1097 1987 πάρεστιν
1114 1936 1232 1974 αὐτοῖς
1250 1941 1310 1973 καὶ
1379 1949 1461 1974 vero
1494 1941 1599 1975 etiam
1634 1940 1841 1985 moriantur,
1874 1941 1959 1976 licet
1991 1942 2040 1977 eis
2073 1945 2110 1977 et
2139 1941 2264 1986 legatis
2299 1944 2336 1977 et
2362 1941 2461 1977 fidei-

279 2041 352 2074 cap.
366 2031 444 2064 XX
462 2029 515 2073 §l
543 2031 563 2064 2
586 2037 616 2064 et
639 2042 712 2074 cap.
733 2031 830 2064 XXI
849 2031 904 2071 (—
928 2026 1100 2073 ἀδελφοὺς
1122 2026 1254 2076 ἄγομεν
1283 2031 1357 2071 162,
1380 2031 1410 2072 4)
1435 2031 1553 2064 habent
1575 2031 1612 2064 B
1636 2032 1690 2073 28,
1717 2039 1763 2070 ¹23
1791 2031 1842 2074 §1
1870 2020 2063 2066 Λυθέντος
2085 2035 2210 2066 τοίνυν
2231 2057 2360 2068 ......
2380 2029 2462 2077 κτῆ·

233 2083 325 2109 (reme
341 2077 426 2117 (34),
450 2076 524 2109 item
548 2076 667 2119 reliqui
690 2076 807 2119 capitis
832 2083 860 2108 et
884 2088 955 2119 cap.
982 2077 1079 2108 XXI
1098 2083 1249 2119 excerpta
1270 2076 1318 2108 B·
1341 2088 1376 2120 p.
1406 2077 1463 2109 191
1487 2076 1592 2109 Zach.

378 2162 459 2199 XX.
513 2161 595 2199 Iam
623 2173 703 2199 eum
733 2163 796 2209 qui
824 2161 992 2209 deinceps
1022 2162 1186 2208 sequitur
1215 2163 1529 2198 matrimoniorum
1555 2163 1666 2208 finem
1703 2174 1797 2209 quae
1829 2164 1951 2199 omnia
1976 2164 2124 2210 pariter
2160 2165 2327 2202 dissolvit
2364 2177 2463 2203 mors

232 2208 401 2245 continet.
456 2207 589 2255 Itaque
618 2208 694 2244 sive
723 2210 837 2243 morte
864 2207 933 2243 viri
961 2207 1036 2243 sive
1066 2206 1358 2253 obitu,mulieris
1385 2207 1491 2243 coniu
1519 2207 1593 2243 ium
1619 2207 1776 2243 solutum
1805 2208 1873 2251 sit,
1906 2208 2046 2244 lucrum
2070 2209 2143 2254 fiat
2164 2211 2296 2247 marito
2347 2211 2462 2248 uidem

232 2253 300 2290 dos
320 2252 516 2290 seeundum
532 2256 684 2300 pactum
733 2251 807 2287 uod
829 2251 1053 2299 nuptialibus
1074 2252 1324 2287 instrumentis
1347 2262 1494 2299 compre
1519 2251 1676 2295 enditur,
1700 2252 1844 2288 mulieri
1864 2256 1985 2289 autem
2009 2255 2273 2300 antenuptialis
2323 2257 2460 2300 onatio,

227 2302 342 2346 prout
363 2299 402 2333 in
426 2298 495 2334 hoc
518 2309 662 2344 quoque
685 2309 707 2332 a
754 2297 859 2333 initio
890 2296 1186 2333 contrahentibus
1217 2297 1331 2333 visum
1356 2297 1413 2332 sit.
1467 2296 1566 2333 Neve
1581 2297 1853 2344 prohibeantur
1876 2297 2041 2334 dationes
2064 2300 2269 2346 quantitate
2284 2300 2461 2348 dispares,

224 2342 690 2425 {tantitatem
704 2341 1131 2424 eximietati?
1178 2341 2252 2435 fittifflitz'ssssfzuffzztt3355...⁷'‘212²‘³2„{.⁶2‘13'522..Z⁹‘235.21
2276 2356 2463 2427 'ziam

1104 2413 1112 2421 ·
1514 2415 1524 2430 ι
2250 2416 2262 2433 2

229 2437 329 2476 erat,
364 2445 439 2480 qua
503 2437 598 2470 esset
626 2432 727 2480 quod
756 2432 876 2469 valere
901 2435 1104 2479 oporteret,
1139 2436 1260 2467 utrum
1284 2432 1385 2478 quod
1405 2433 1491 2478 plus
1522 2444 1570 2468 an
1595 2432 1696 2478 quod
1717 2433 1836 2468 minus
1859 2438 1928 2476 est,
1959 2444 2040 2469 cum
2071 2433 2121 2469 du
2145 2434 2249 2471 itatio
2281 2436 2464 2483 utrimque

228 2478 394 2515 similiter
413 2483 589 2516 oreretur.
637 2477 697 2514 Ita
724 2489 768 2514 ue
783 2477 898 2520 nobis,
923 2477 1143 2529 quippe-qui
1165 2476 1206 2512 id
1228 2476 1326 2530 quod
1343 2476 1488 2529 modum
1512 2477 1667 2530 excedat
1691 2489 1908 2520 aversemur,
1932 2478 2044 2514 visum
2067 2483 2123 2515 est
2145 2479 2195 2531 ad
2213 2479 2331 2516 minus
2350 2480 2462 2518 dedu-

229 2535 321 2567 cere,
353 2524 455 2571 quod
475 2524 514 2559 in
536 2527 648 2576 paeto
670 2535 696 2570 p
712 2534 756 2559 us
778 2527 851 2559 est:
884 2528 926 2558 ut
948 2534 1023 2558 non
1046 2522 1154 2558 lzceat
1177 2522 1284 2558 alteri
1310 2526 1471 2565 tertiam,
1503 2523 1608 2558 alteri
1633 2533 1717 2558 vero
1743 2527 1913 2569 quartam
1934 2523 2040 2570 forte
2062 2523 2153 2559 lucra
2177 2529 2323 2571 partem
2345 2526 2462 2573 stipu-

229 2569 319 2612 lari,
342 2568 408 2606 sed
429 2570 461 2605 si
484 2569 575 2616 quid
598 2569 670 2605 tale
691 2569 778 2611 fiat,
802 2571 938 2614 quarta
962 2568 1000 2603 in
1030 2571 1187 2614 utroque
1210 2567 1427 2614 accipiatur,
1451 2578 1496 2603 ac
1519 2567 1688 2614 deinceps
1710 2567 1822 2603 simili
1845 2567 1951 2604 modo
1974 2568 2013 2603 in
2028 2568 2201 2615 partibus
2224 2580 2291 2605 nec
2314 2581 2398 2607 vero
2422 2571 2462 2607 in

254 2615 433 2650 uantitate
455 2615 637 2660 utrimque
651 2618 780 2661 pacta.
1689 2657 1696 2663 .

227 2626 252 2695 ἵ
317 2658 447 2696 Soluto
478 2659 594 2706 iqitur
622 2658 854 2695 matrimonio
885 2657 1080 2694 seeundum
1111 2657 1372 2694 disiunctiones
1395 2669 1488 2704 quas
1510 2668 1626 2705 supra
1658 2657 1831 2709 diximus.
1847 2668 1971 2709 omnes
2003 2658 2104 2703 felix
2127 2658 2270 2705 quidem
2294 2664 2330 2696 ct
2352 2660 2459 2698 beata

227 2704 374 2751 utrique
396 2704 591 2751 coniuqum
614 2714 697 2740 sors
726 2708 783 2739 est
803 2703 842 2738 in
866 2704 998 2750 priore
1022 2707 1103 2738 toro
1128 2702 1379 2749 acquiescendi
1402 2713 1468 2739 nec
1489 2703 1593 2748 forte
1614 2701 1775 2738 subolem
1798 2701 1867 2738 sibi
1900 2706 2023 2738 natam
2046 2714 2085 2738 se
2112 2703 2275 2740 uentibus
2299 2706 2462 2742 conubiis

228 2749 479 2786 contristandi.
539 2748 589 2784 Et
616 2749 650 2784 si
672 2748 816 2795 quidem
845 2747 914 2784 hoc
958 2748 1093 2783 ecerint
1116 2753 1226 2794 atque
1246 2748 1375 2794 priore
1399 2747 1629 2783 matrimonio
1662 2748 1844 2789 steterint,
1876 2750 1913 2783 et
1934 2757 2003 2783 sua
2027 2747 2074 2783 ha
2099 2749 2224 2791 ebant,
2255 2749 2326 2786 hoc
2348 2755 2404 2787 est
2425 2756 2461 2788 et

227 2794 346 2830 dotem
375 2794 505 2830 mulier
533 2798 570 2830 et
599 2793 883 2840 antenuptialem
940 2793 1146 2829 ouationem
1177 2793 1244 2836 vir,
1280 2803 1360 2828 cum
1387 2803 1456 2829 nos
1490 2803 1722 2839 nequaquam
1754 2792 1967 2842 scrupulose
1997 2804 2072 2828 rem
2102 2799 2375 2840 perscrutemur
2408 2796 2463 2839 (id

227 2839 327 2886 quod
354 2839 400 2885 fit
431 2839 471 2874 in
500 2838 668 2875 secundis
696 2839 866 2885 nuptiis),
903 2843 939 2874 et
971 2838 1076 2873 lucra
1106 2838 1304 2890 accipient,
1334 2842 1407 2873 tam
1438 2837 1493 2874 vir
1522 2848 1617 2883 quae
1651 2848 1715 2888 ex·
1730 2836 1815 2873 dote
1848 2847 1957 2883 quam
1992 2838 2121 2874 mulier
2150 2849 2245 2890 quae
2278 2851 2329 2876 ex
2360 2846 2461 2877 antc-

226 2895 278 2920 nu
306 2884 386 2920 tiali
416 2883 613 2920 donatione
643 2883 871 2920 redundant:
900 2887 1009 2928 atque
1039 2882 1130 2919 haec
1158 2883 1205 2918 iis
1223 2883 1386 2930 propria
1417 2886 1524 2918 erunt
1555 2892 1622 2917 nec
1651 2893 1845 2928 quicquam
1875 2882 1959 2927 fere
1982 2895 2005 2917 a
2036 2883 2188 2929 reliquis
2211 2895 2334 2921 eorum
2357 2885 2462 2922 bonis

260 2930 268 2938 ’
295 2933 410 2965 erant.
477 2928 605 2975 Itaque
642 2928 757 2964 donec
790 2930 1002 2975 superstites
1039 2932 1127 2964 sunt
1159 2938 1298 2963 omnem
1330 2927 1370 2962 in
1404 2928 1451 2963 iis
1482 2927 1701 2974 facultatem
1740 2926 1926 2962 alienandi
1961 2927 2157 2972 habebunt,
2199 2930 2295 2966 sicut
2331 2930 2370 2966 in
2405 2941 2461 2967 re-

228 2974 338 3022 liquis
365 2985 460 3022 quae
488 2975 646 3021 propria
672 2974 717 3010 ab
747 2974 849 3009 initio
877 2972 1066 3009 habebant.
1121 2971 1260 3016 Quodsi
1283 2972 1500 3015 moriantur,
1533 2972 1617 3008 licet
1649 2972 1695 3008 iis
1726 2976 1763 3008 et
1784 2982 1853 3019 per
1881 2971 2003 3018 leqata
2033 2977 2067 3008 et
2095 2984 2163 3020 per
2182 2974 2461 3019 fideicommissa

273 3070 290 3103 1
315 3066 375 3109 Τὸ]
389 3065 450 3101 19⁹
459 3067 490 3100 L
502 3068 535 3101 in
550 3079 610 3110 my.
627 3064 640 3109 [1
657 3063 723 3099 τὸν
736 3066 783 3098 L·
799 3065 812 3110 ss
829 3063 945 3112 γάμον
960 3066 987 3098 L
1003 3064 1016 3109 ΙΙ
1036 3067 1055 3099 2
1071 3060 1220 3107 διοῖλύην
1232 3065 1278 3098 L¹
1294 3062 1306 3109 ΙΙ
1371 3065 1483 3097 minus
1499 3065 1530 3098 T
1550 3065 1730 3096 torminum
1750 3064 1821 3096 siue
1845 3063 1909 3096 fide
1930 3064 2146 3107 mulierisque
2169 3065 2203 3098 R
2221 3065 2233 3109 u
2249 3076 2333 3108 quae
2362 3077 2460 3100 omne

227 3116 307 3157 7sq.
327 3113 403 3146 τοῖς
425 3111 499 3154 (τῆς
517 3111 578 3150 L¹)
603 3108 841 3154 συμβάλουσι·
874 3107 1126 3154 κωλυωμένων
1152 3110 1220 3153 μὲν
1243 3110 1304 3143 καὶ
1372 3122 1430 3143 οηι.
1459 3109 1505 3142 R¹
1535 3109 1547 3153 ΙΙ
1576 3110 1595 3143 3
1621 3109 1700 3150 uiri]
1723 3108 1809 3141 mori
1834 3108 1910 3152 3¹11
1940 3109 2017 3151 fine]
2038 3109 2139 3142 finis?
2161 3110 2219 3151 17¹,
2241 3113 2343 3144 erasit
2363 3110 2415 3144 V·

225 3158 304 3192 τῶν
328 3158 360 3192 L
385 3158 398 3200 u
426 3159 447 3192 9
472 3153 524 3198 δέ]
548 3153 589 3189 δὲ
612 3157 671 3189 καὶ
697 3157 727 3189 L
755 3157 766 3199 ΙΙ
798 3158 836 3190 10
860 3156 983 3197 Λέων]
1013 3156 1090 3189 Cod.
1116 3158 1148 3195 5,
1174 3163 1215 3196 14,
1239 3162 1256 3189 9
1292 3152 1305 3199 ΙΙ
1372 3156 1390 3188 4
1415 3154 1452 3186 in
1477 3154 1553 3187 dote
1573 3166 1631 3187 om.
1650 3154 1697 3187 12¹
1715 3151 1728 3198 11
1744 3153 1890 3187 seculum
1916 3153 1975 3198 Ru
2002 3157 2021 3188 6
2046 3155 2207 3188 conuenit
2228 3155 2264 3189 R
2287 3156 2301 3200 fl
2331 3157 2349 3189 7
2375 3165 2445 3189 11011

225 3200 349 3250 ὀρθῶς
373 3215 431 3236 om.
456 3214 476 3239 ς
502 3200 516 3247 fl
542 3203 582 3236 12
606 3197 830 3243 διετάξαμεν]
859 3201 935 3235 Cod.
951 3203 1086 3242 5,11,1ο
1112 3202 1154 3242 cf.
1177 3203 1208 3239 5,
1227 3207 1302 3241 8,2o
1372 3209 1456 3240 quae
1480 3197 1560 3243 15:¹11
1589 3198 1832 3240 inaequalibus]
1857 3200 1895 3230 ut
1918 3199 2068 3240 qualibet
2092 3199 2141 3232 R·
2171 3199 2183 3243 fl
2211 3202 2232 3234 9
2257 3200 2356 3233 factis
2378 3199 2413 3233 R

229 3247 308 3293 571
336 3249 375 3282 16
398 3244 712 3292 ἀποστρεφομένης
735 3246 782 3279 L·
808 3245 821 3290 ΙΙ
854 3247 892 3279 19
915 3243 1068 3278 τοιούτω
1092 3245 1123 3278 L
1154 3244 1167 3289 ΙΙ
1194 3246 1237 3279 20
1260 3242 1303 3277 τὸ
1371 3244 1471 3285 quod]
1497 3253 1581 3285 quae
1606 3244 1655 3276 12¹
1719 3246 1756 3278 10
1779 3246 1889 3276 autem
1915 3257 1973 3276 om.
2001 3243 2061 3288 Ru
2095 3246 2130 3278 11
2159 3244 2352 3277 ordinamus
2377 3244 2409 3277 R

225 3294 401 3337 τέταρτον
414 3294 548 3326 inseruit
560 3293 788 3334 Osenbra‘qqen
802 3303 869 3324 cum
883 3302 903 3327 ς
916 3293 971 3334 (cjl
981 3290 1057 3329 Iul.)
1078 3289 1090 3334 fl
1107 3291 1146 3324 21
1168 3289 1303 3334 μερῶν]
1377 3291 1414 3322 12
1439 3288 1523 3321 alter
1539 3290 1631 3330 uero]
1656 3299 1675 3320 a
1690 3291 1819 3322 terutro
1834 3288 1879 3321 3¹
1896 3287 1910 3333 ΙΙ
1933 3291 1970 3322 13
1996 3289 2161 3322 incertum
2173 3290 2246 3332 cet]
2269 3291 2396 3322 certum
2411 3306 2455 3313 —

227 3333 369 3383 ἡμερῶν
393 3338 439 3370 M
446 3336 460 3381 ΙΙ
484 3334 525 3370 οὗ
546 3334 619 3381 μὴν
642 3354 687 3360 —
706 3332 904 3376 ποσότητος
928 3347 986 3368 om.
1005 3334 1036 3368 L
1066 3333 1079 3379 n
1106 3336 1148 3368 22
1172 3344 1302 3378 συμπε-
1371 3333 1507 3375 utrique
1523 3334 1595 3375 (24)
1618 3346 1680 3366 scr.
1699 3333 1746 3367 R'
1770 3334 1802 3367 in
1827 3345 1893 3366 ras.
1908 3337 1926 3367 5
1953 3346 2097 3367 versuum
2128 3332 2141 3378 fl
2168 3335 2300 3376 oportet
2321 3333 2407 3376 σαῖς.
2443 3334 2457 3377 fl

227 3379 441 3425 φωνησάσης
467 3383 523 3416 Mt
541 3380 554 3427 fl
575 3383 617 3416 25
642 3377 929 3423 συμβαλλόντων
957 3381 990 3413 Β
1008 3380 1027 3436 st
1043 3381 1086 3413 26
1133 3390 1190 3412 ινο
1238 3423 1240 3426 v
1259 3391 1304 3421 ην
1375 3380 1414 3412 14
1438 3378 1525 3420 plns]
1549 3378 1692 3420 amplius
1720 3377 1782 3422 Vfl
1817 3380 1856 3412 15
1877 3381 2020 3430 utraque
2047 3379 2081 3412 V
2098 3379 2122 3430 fl·
2138 3380 2177 3412 16
2200 3377 2456 3411 aduersantibus

227 3424 432 3471 ΜΙγονήν]
457 3423 562 3469 εὐνὴν
587 3424 645 3460 M‘
662 3426 675 3468 ΙΙ
698 3426 741 3459 30
765 3421 872 3458 οὐδὲν
896 3425 964 3466 Bc]
988 3421 1072 3457 ουδὲ
1097 3391 1168 3457 hh
1217 3425 1259 3457 32
1282 3420 1305 3466 ἡ
1371 3422 1508 3465 RVTss
1540 3425 1577 3456 17
1603 3423 1663 3455 alii
1687 3424 1773 3467 vulq.
1847 3424 1884 3456 18
1909 3423 1977 3456 ulio
1995 3423 2041 3465 R]
2064 3422 2123 3455 alu
2152 3421 2277 3466 Vvulq.
2300 3421 2314 3466 Ι
2342 3422 2453 3454 forsan

227 3466 268 3502 δὲ
286 3467 375 3515 γυνὴ
396 3471 452 3512 Μ]
486 3467 508 3513 ἢ
538 3469 675 3516 γαμετὴ
705 3467 746 3503 δὲ
768 3470 839 3503 LB
865 3469 878 3513 ll
909 3472 951 3504 33
979 3469 1057 3503 Posi
1080 3466 1133 3502 ὃω
1158 3478 1214 3502 aas
1236 3468 1303 3502 BL
1370 3467 1457 3510 vulq.
1488 3466 1500 3510 ΙΙ
1531 3469 1572 3502 25
1593 3468 1769 3510 perdux-ari
1854 3467 1867 3511 fl
1894 3469 1999 3510 priori
2031 3467 2105 3507 VT]
2128 3466 2240 3508 priore
2263 3466 2299 3499 B
2318 3467 2405 3508 vulq.

227 3515 370 3547 inserunt
393 3527 463 3547 nov.
490 3517 670 3550 CXXVII
688 3527 759 3558 cap.
775 3517 795 3549 3
822 3513 836 3559 Ι
866 3517 908 3548 35
933 3515 983 3554 ἐν]
1004 3515 1063 3546 καὶ
1089 3514 1120 3547 L
1176 3515 1219 3549 36
1245 3509 1303 3554 ὠς]
1372 3513 1414 3546 26
1438 3515 1644 3554 prooreatam
1669 3511 1750 3558 13¹1
1773 3513 1814 3546 27
1840 3512 1999 3556 forsanlffi
2022 3511 2100 3552 13¹2
2123 3510 2334 3562 constristare
2355 3511 2406 3544 Rs*

228 3552 396 3601 ὄστσΙιΙ
414 3560 454 3592 37
481 3558 705 3594 *relevatam
717 3559 795 3594 MR
816 3555 1059 3592 τιλευτείενῦ
1371 3557 1414 3590 28
1438 3559 1603 3590 steterunt
1624 3558 1659 3591 R
1684 3557 1697 3600 ΙΙ
1727 3558 1770 3591 29
1802 3567 1880 3590 vero
1904 3570 1962 3590 om.
1982 3556 2013 3590 R
2040 3554 2056 3599 Ι
2079 3556 2123 3589 30
2154 3553 2254 3595 nibil]
2283 3565 2319 3587 111
2344 3556 2436 3588 nichi

230 3621 410 3627 —---⁷-ff
582 3620 1294 3628 —————-—-———-
1370 3600 1418 3635 Β·
1451 3600 1463 3645 ΙΙ
1491 3603 1532 3635 32
1556 3604 1616 3634 ant
1636 3602 1698 3645 Ru
1723 3601 1901 3635 donatione
1920 3599 2040 3644 17133
2065 3598 2144 3631 haee
2168 3602 2267 3631 erunt
2291 3599 2323 3632 R
2341 3600 2353 3641 ΙΙ
2369 3600 2450 3642 alia]

275 3648 290 3681 1
323 3648 411 3680 rubr.
436 3646 471 3679 Si
494 3650 598 3680 morte
621 3649 689 3681 uiri
721 3647 776 3681 uel
806 3647 920 3680 uxoris
951 3646 1105 3680 soluatur
1132 3647 1301 3680 mati-imo·
1369 3645 1411 3678 ab
1442 3645 1508 3677 aliu
1531 3648 1619 3690 vulq.
1646 3645 1660 3690 Ι
1690 3648 1733 3680 34
1761 3646 1863 3687 unde]
1893 3647 1972 3678 anto
1997 3642 2045 3676 R*
2071 3641 2085 3687 Ι
2121 3643 2163 3677 35
2200 3653 2312 3677 omnes
2343 3645 2392 3678 R·
2438 3645 2452 3691 ss

227 3691 321 3726 ulum
345 3690 450 3734 qu.
470 3689 743 3733 'matrimonium
768 3693 815 3725 R¹
835 3691 847 3736 ΙΙ
871 3691 1048 3724 terminum
1074 3693 1212 3736 Vvu19.]
1236 3695 1301 3725 ter·
1371 3692 1411 3724 37
1438 3691 1508 3723 eius
1532 3691 1565 3724 R
1580 3691 1592 3735 ΙΙ
1610 3690 1736 3733 legata·
1759 3690 1808 3723 12¹
1824 3689 1838 3734 Ι
1855 3691 1889 3723 ot
1911 3701 1970 3723 oni.
1995 3687 2029 3722 V
