2618 4010
142 116 304 148 POPULI

143 216 236 251 αὕτα
257 216 375 260 βιοῦν.
419 212 505 250 οὐδὲ
532 212 600 272 γὰρ
626 212 669 248 τὸ
693 213 772 248 τῶν
800 211 1089 268 λῃστογνωστῶν
1111 213 1218 247 τοῦτο

142 259 308 295 τοιοῦτόν
331 262 432 296 ἐστιν
460 256 508 295 ὠς
531 262 578 295 ἐπ
621 256 754 306 ἀγαθῷ
779 273 814 293 τι
838 271 1022 306 πράττειν,
1040 253 1132 312 ἶ,ἀλλ’
1158 259 1218 293 ἐπὶ

142 304 259 349 τούτῳ
279 303 393 350 μόνον
413 304 631 352 γινώσκουσι
655 302 735 338 τους
758 302 921 346 κλέπτας,
945 301 1004 350 ἐφ’
1026 317 1057 348 ῳ
1081 316 1118 338 τι
1142 305 1216 350 κε’ρ-

142 349 202 385 δος
226 352 361 386 ἑαυτοῖς
381 364 420 385 τε
442 353 501 384 καὶ
525 352 598 385 τοῖς
617 347 926 405 ἅρχουσινμτῖιτᾱὲν
945 350 1078 403 θηρᾶν.
1104 344 1216 394 ’Ἀπερ

1208 97 1285 145 103

2066 99 2174 143 Nov.
2204 100 2307 143 XIII
2336 102 2362 141 4

1287 221 1371 255 gare
1401 211 1511 257 magis
1543 220 1648 256 quam
1673 210 1793 246 taliter
1815 211 1940 247 vivere.
1987 211 2113 257 Neque
2136 210 2228 246 enim
2253 210 2360 246 latro-

1287 267 1372 292 num
1397 256 1620 301 cognitorum
1642 256 1724 291 talis
1749 258 1821 300 est,
1852 256 2027 302 quomodo
2059 257 2098 292 in
2121 257 2254 292 bonum
2278 255 2363 301 quid

1287 311 1411 346 agere,
1436 301 1499 337 sed
1521 301 1557 337 in
1580 301 1650 337 hoc
1674 302 1917 338 tantummodo
1944 305 2161 347 cognoscunt
2183 302 2300 343 fures,
2324 301 2362 336 in

1287 357 1357 391 quo
1381 347 1521 383 lucrum
1546 346 1597 382 eis
1621 348 1656 382 et
1678 346 1858 383 iudicibus
1882 357 2004 383 eorum
2028 350 2215 383 venantur.
2263 346 2362 391 Quae

140 392 288 431 ἅπαντα
316 393 478 442 προςήκει
501 394 582 430 τοὺς
610 408 679 448 νυν
708 406 782 441 παρ
825 408 928 438 ημων
951 395 999 430 εἰς
1021 407 1089 437 την
1111 406 1215 442 πραι·
1253 397 1271 428 5
1287 392 1404 427 omnia
1429 395 1632 437 competens
1656 395 1711 427 est
1734 401 1807 435 eos,
1832 392 1894 437 qui
1908 402 2003 427 nunc
2023 403 2046 427 a
2067 393 2170 428 nobis
2194 392 2231 428 in
2255 401 2360 437 prae-

140 439 274 484 τούραν
302 444 366 476 τοῦ
396 438 509 484 δήμου
537 451 738 485 παριοντας
765 440 916 484 μισῆσαι
946 442 1006 474 καὶ
1035 437 1215 485 ἀποστρα-

141 487 269 532 φῆναι,
301 489 361 520 καὶ
391 486 571 531 καθαραῖς
597 485 759 532 χρῆσθαι
788 487 866 519 ταῖς
887 488 1004 528 χερσί,
1032 487 1092 519 καὶ
1117 483 1216 525 ἐπεξ-

141 534 233 565 ιέναι
261 532 349 566 πᾶσι
384 534 457 565 τοῖς
487 529 843 586 προςαγῖελλομένοις
872 531 943 564 εἴτε
974 534 1056 578 περὶ
1087 528 1218 573 κλοπῆς

140 576 210 610 εἴτε
239 579 320 623 περὶ
351 576 430 610 τῶν
458 570 582 610 ἄλλων
613 572 892 622 αμαρτημάτων,
923 578 982 608 καὶ
1016 574 1081 619 τὴν
1109 572 1217 610 πόλιν

1285 439 1402 472 turam
1425 437 1550 483 populi
1572 440 1778 480 transeunt,
1803 437 1901 472 odire
1924 441 1961 472 et
1984 438 2140 473 aversari
2163 441 2198 473 et
2221 436 2361 472 mundis

1285 483 1339 517 uti
1361 482 1525 519 manibus
1551 486 1587 518 et
1610 492 1772 517 resecare
1797 482 1916 517 omnia
1939 492 2030 527 quae
2061 486 2254 527 praecepta
2278 488 2361 518 sunt

1285 528 1358 563 sive
1381 528 1425 563 de
1448 528 1544 564 furto
1569 527 1642 563 sive
1665 527 1709 563 de
1733 527 1812 563 aliis
1830 527 1981 570 delictis,
2006 530 2042 562 et
2063 527 2237 562 civitatem
2257 528 2361 563 nobis

1285 573 1476 608 emundare
1499 573 1545 608 ab
1569 572 1624 608 his
1649 572 1710 618 qui
1733 573 1829 607 furta
1853 575 2047 617 operantur
2064 573 2197 615 bestiis,
2223 577 2258 608 et
2277 573 2360 607 viris

140 617 223 666 ἡμῖν
246 621 479 667 ἐκκαθαίρειν
507 622 585 655 τῶν
609 619 672 655 τὰς
702 619 834 655 κλοπὰς
866 621 1116 673 ἐργαζομένων
1147 620 1215 662 θη·
1234 618 1466 655 lOindustriis
1498 617 1553 653 uti
1584 617 1630 652 ad
1661 620 1751 653 haec
1780 617 1968 661 ministris,
2003 620 2040 653 et
2070 618 2215 662 proprio
2242 617 2361 653 officio

140 671 240 720 ρίων,
272 669 332 700 καὶ
366 664 519 713 ἀνδράσι
550 664 757 701 σπουδαίοις
785 665 945 712 χρῆσθαι
977 676 1066 710 προς
1099 666 1215 698 ταῦτα

139 715 345 759 υπουργοῖς,
380 714 440 746 καὶ
471 712 516 759 τῇ
545 712 657 753 οἰκείᾳ
684 710 783 751 τάξει
815 711 1082 755 προςφέρεσθαι
1114 721 1214 755 προς-

129 755 307 800 ἠκόντως,
330 754 417 792 ἆίςτε
441 754 516 791 δέος
537 755 663 790 αὐτοὺς
678 758 772 798 ἔχειν
791 756 856 789 τοῦ
881 756 987 799 σφῶν
1012 751 1135 788 αὐτῶν
1156 753 1215 799 ἄρ-

137 813 262 845 χοντος
284 805 344 835 καὶ
364 798 512 836 ἅπαντα
533 815 561 836 π
585 798 707 835 άττειν
725 798 816 845 μετὰ
835 796 1078 847 σφοδρότητός
1098 812 1138 833 τε
1156 802 1215 832 καὶ

139 845 285 882 εὐνοίας.
332 848 364 881 εἰ
394 846 461 894 γὰρ
493 816 583 891 βουλ

138 893 199 927 τ”ς
221 889 282 927 ἐπ’
310 889 429 926 αὐτοῖς
458 890 566 933 ἀξίως
595 895 759 938 κρίσεως,
790 903 873 923 ουτε
901 888 1030 924 πολλοί
1058 901 1151 924 τινες
1180 889 1217 923 οἱ

138 906 348 972 κλέπτοντες
381 940 546 979 ἔσονται,
581 935 626 971 τὰ
658 932 777 983 φώριά
813 947 853 968 τε
889 935 1031 969 θᾶττον
1066 931 1213 980 εὑρεθή-

139 995 257 1025 σεται,
289 983 328 1016 οἵ
345 996 384 1017 τε
411 980 677 1029 ἁμαρτάνοντες
707 977 870 1015 ἐλάττους
899 979 1131 1026 γενήσονται,
1159 977 1213 1013 δε-

138 1025 252 1062 διότες
290 1026 399 1074 ἀρχὴν
433 1025 478 1071 ἢν
515 1025 579 1062 οὐκ
616 1024 662 1060 ἄν
699 1037 752 1060 τις
792 1022 973 1068 ὠνήσαιτο
1010 1023 1215 1071 χρημάτων.

1284 663 1404 698 offerri
1429 665 1688 708 competenter,
1723 666 1897 708 quatenus
1928 663 2034 697 timor
2064 672 2126 698 eos
2150 663 2282 698 habeat
2305 663 2361 698 sui

1283 708 1412 744 iudicis
1437 710 1473 744 et
1497 709 1614 743 omnia
1637 713 1746 753 agant
1769 718 1849 744 cum
1873 708 2094 743 vehementia
2125 711 2160 742 et
2184 708 2277 742 bona
2300 718 2360 743 vo-

1283 754 1429 789 luntate.
1479 753 1516 789 Si
1540 753 1631 789 enim
1655 754 1764 790 velint
1785 756 1883 789 recte
1908 763 2012 798 agere
2042 756 2078 788 et
2101 753 2204 796 digne
2228 752 2360 788 iudicio

1284 799 1327 833 de
1352 808 1409 840 se,
1436 809 1551 844 neque
1575 798 1677 834 multi
1701 798 1810 844 aliqui
1831 798 1932 834 fures
1956 801 2063 834 erunt
2087 800 2123 832 et
2145 797 2245 833 furta
2270 799 2360 833 cele-

582 847 709 891 ηθεῖεν
739 843 862 899 ὀρθῷς
894 843 1127 890 ὃιαγίνεσθαι
1155 847 1214 878 καὶ
1232 846 1269 878 15
1283 843 1370 878 riter
1399 844 1626 879 inveniuntur
1655 847 1691 880 et
1722 847 1913 888 peccantes
1944 845 2169 885 minuuntur,
2198 843 2361 878 timentes

1283 888 1487 931 dignitatem
1512 899 1618 934 quam
1642 899 1744 925 nemo
1771 891 1954 936 comparet
1976 888 2151 934 pecuniis.

138 1075 158 1108 1
203 1070 305 1107 Ἀλλὰ
340 1076 400 1107 καὶ
434 1069 676 1125 ἐγκλημοξτων,
710 1067 779 1104 κᾶν
814 1071 846 1103 εἰ
883 1068 1116 1124 σφοδρότατα
1150 1070 1214 1112 εἴη,
1228 1070 1301 1104 201
1350 1068 1419 1104 Sed
1438 1071 1475 1104 et
1495 1069 1652 1112 crimina,
1674 1069 1727 1105 vel
1749 1070 1779 1105 si
1791 1069 2012 1105 vehementia
2030 1069 2112 1112 sint,
2135 1072 2360 1115 cognoscent,

139 1117 431 1159 κατακούσονται,
452 1120 511 1151 καὶ
531 1128 612 1151 τους
634 1114 842 1160 δημοτικοὺς
865 1126 1128 1158 καταστησουσι
1149 1115 1213 1149 θο-

139 1162 280 1210 ρύβους,
312 1161 352 1196 οὐ
376 1164 430 1206 τῷ
454 1163 515 1205 τῆς
543 1158 688 1202 ἐνδόξου
711 1158 843 1204 ταύτης
866 1163 926 1194 καὶ
948 1158 1133 1204 βασιλίδος
1155 1159 1214 1207 ἄρ-

137 1222 238 1251 χοντι
266 1207 420 1249 πόλεως,
451 1205 530 1241 ἀλλ’
563 1203 646 1251 ἡμῖν
677 1203 796 1240 αὐτοῖς
826 1202 1124 1251 ὑπηρετούμενοι,
1155 1208 1214 1239 καὶ

138 1252 253 1297 πάσης
286 1249 486 1297 ἀξιούμενοι
526 1249 617 1299 παρ’
657 1249 776 1286 αὐτοῦ’
804 1252 923 1296 τιμῆς,
965 1248 1011 1284 ὠς
1048 1248 1215 1297 ἄρχοντες

138 1297 301 1332 ἐλάττους
331 1296 430 1344 παρὰ
458 1299 619 1341 μείζονος
650 1295 829 1343 ἄρχοντος.

137 1341 235 1386 αὐτῷ
259 1341 322 1377 τὰς
344 1341 548 1389 φροντίδας,
572 1340 677 1376 οὐδὲν
701 1341 904 1388 αἱρούμενοι
927 1354 1101 1387 πραττειν
1124 1337 1213 1387 ὅπερ

136 1385 200 1422 οὐκ
223 1390 324 1422 ἔστιν
351 1385 500 1435 ἀνδρῶν
529 1386 687 1435 ἀγαθῶν
716 1390 776 1421 καὶ
805 1385 990 1431 βασιλικῆς
1017 1390 1213 1432 μαρτυρίας

136 1432 249 1474 ἄξιον.
296 1433 343 1467 Εἰ
365 1431 408 1467 δέ
428 1445 517 1468 ποτε
535 1437 692 1478 συμβαίη
716 1433 836 1471 (τοῦτο
855 1428 944 1478 ὅπερ
964 1429 1212 1476 ἀπευχόμεθα)

135 1478 309 1534 γενέσθαι
339 1477 424 1512 τινὰ
453 1477 545 1512 κατὰ
573 1478 640 1532 τῂν
669 1475 776 1512 πόλιν
807 1476 1030 1522 ἐμπρησμόν,
1068 1475 1123 1511 δεῖ
1153 1479 1212 1510 καὶ

1283 1117 1319 1148 et
1353 1113 1545 1158 populares
1581 1114 1758 1149 sedabunt
1788 1115 1934 1156 turbas,
1969 1115 2021 1150 ita
2049 1115 2226 1160 gloriosae
2254 1116 2361 1150 huius

1282 1158 1401 1203 regiae
1424 1158 1532 1193 iudici
1565 1159 1734 1202 civitatis,
1765 1160 1828 1195 sed
1860 1161 1962 1195 nobis
1994 1161 2083 1205 ipsis
2113 1161 2360 1206 obsequentes,

1283 1207 1318 1238 et
1350 1204 1446 1239 omni
1477 1204 1610 1248 dignati
1642 1204 1723 1251 (ab)
1754 1215 1796 1240 eo
1829 1205 1980 1248 honore,
2013 1211 2193 1250 tamquam
2223 1206 2360 1241 iudices

1282 1249 1436 1285 minores
1461 1259 1484 1284 a
1505 1250 1620 1285 iudice
1644 1250 1796 1294 maiore3
1833 1252 1870 1285 et
1893 1255 2065 1286 evacuent
2090 1252 2164 1286 eius
2188 1251 2359 1286 sollicitu-

876 1298 1147 1350 ἐπικουφίσουσί
1173 1309 1213 1330 τε
1227 1298 1268 1331 25
1282 1294 1399 1338 dines,
1432 1294 1519 1330 nihil
1550 1292 1719 1339 eligentes
1751 1305 1856 1340 agere
1888 1295 1983 1340 quod
2014 1307 2086 1331 non
2118 1299 2173 1332 est
2203 1296 2361 1332 virorum

1282 1340 1456 1375 bonorum
1488 1344 1524 1375 et
1554 1340 1747 1385 imperialis
1783 1340 1977 1376 testimonii
2007 1340 2159 1385 dignum.
2208 1342 2246 1376 Si
2276 1352 2360 1377 vero

1281 1385 1473 1430 aliquando
1506 1385 1692 1430 contigerit
1727 1386 1810 1429 (hoc
1840 1386 1934 1430 quod
1969 1397 2040 1421 non
2073 1390 2252 1431 optamus)
2284 1386 2361 1422 fieri

1281 1431 1414 1475 aliquid
1438 1431 1474 1465 in
1497 1431 1565 1466 hac
1592 1432 1732 1466 civitate
1754 1431 1974 1475 incendium,
2006 1434 2148 1484 oportet
2172 1442 2233 1467 eos
2257 1442 2359 1477 prae-

1281 1481 1399 1511 sentes
1437 1486 1515 1511 esse
1550 1478 1586 1511 et
1620 1476 1841 1518 ministrare,
1877 1478 1914 1511 et
1947 1486 2139 1512 maxlmum
2168 1477 2237 1512 hoc
2269 1488 2360 1522 opus

138 1522 264 1558 αυτοὺς
297 1527 464 1576 παρεῖναι
495 1526 553 1557 καὶ
587 1526 778 1577 υπουργεζν
811 1525 870 1556 καὶ
901 1525 1072 1578 μέγιστον
1105 1523 1212 1556 τοῦτο
1226 1524 1268 1556 30
1281 1521 1423 1565 habere,
1449 1524 1513 1564 [ut]
1531 1521 1628 1556 fures
1643 1524 1679 1556 et
1695 1522 1947 1557 subtrahentes
1962 1522 2285 1558 infelicissimorum
2302 1533 2360 1558 res

136 1571 241 1622 ἔργον
264 1571 358 1611 ἔχειν
380 1582 423 1603 το
447 1567 528 1603 τοὺς
554 1566 771 1603 κλέπτοντας
791 1581 831 1602 τε
854 1571 913 1601 καὶ
937 1570 1214 1613 υφαιρουμένους

137 1627 182 1648 τα
209 1615 288 1650 τῶν
309 1610 539 1656 ἀτυχούντων
562 1611 760 1658 ἀποσοβεῖν
789 1615 850 1646 καὶ
878 1612 1094 1666 περισώζειν
1117 1612 1211 1646 καθ’

1283 1566 1437 1611 eripere,
1472 1570 1509 1602 et
1531 1567 1689 1610 salvare,
1722 1571 1893 1612 quantum
1916 1571 2089 1612 possunt,
2119 1577 2177 1603 res
2201 1568 2247 1603 ab
2270 1568 2361 1612 ignis

1282 1612 1456 1647 violentia.
1505 1612 1648 1648 Etenim
1671 1612 1702 1647 si
1726 1613 1823 1648 cirea
1848 1613 1942 1648 hanc
1967 1613 2170 1657 dignitatem
2194 1613 2281 1648 facti
2304 1612 2360 1648 fu-

1282 1657 1376 1692 erint
1398 1657 1576 1700 industrii‚
1601 1657 1716 1692 maior
1732 1668 1792 1693 eos
1817 1658 1919 1693 sedes
1945 1658 2096 1703 excipiet
2119 1662 2156 1693 et
2177 1658 2361 1694 honestior

135 1656 224 1693 ὅσον
251 1660 319 1693 εἰσί
344 1657 492 1694 δυνατοὶ
514 1658 561 1694 τὰ
587 1658 780 1706 πράγματα
810 1660 884 1692 τοῖς
913 1656 984 1692 ὑπο
1015 1659 1079 1692 τοῦ
1104 1656 1214 1703 πυρὸς

135 1706 369 1749 βιαζομένοις.
416 1707 489 1738 Καὶ
508 1703 576 1751 γὰρ
599 1705 629 1738 εἰ
651 1706 733 1750 περὶ
756 1701 894 1746 ταύτην
916 1702 984 1746 τὴν
1007 1700 1117 1748 ἀρχὴν
1138 1703 1212 1737 δια·
1282 1702 1450 1747 dignitas,
1482 1706 1518 1737 et
1542 1705 1759 1747 cognoscent
1782 1706 1952 1748 quantum
1977 1709 2048 1745 est,
2074 1703 2169 1748 quod
2193 1714 2272 1739 cum
2296 1704 2360 1738 ho-

134 1753 298 1797 γένοιντο
325 1748 546 1791 σπουδαίως,
578 1751 714 1794 μείζων
738 1745 864 1783 αὐτοὺς
887 1745 1099 1789 ὑποδέξεται
1125 1746 1212 1794 θρό-
1227 1751 1268 1783 35
1282 1750 1421 1783 nestate
1452 1747 1597 1791 vivitur,
1631 1758 1738 1794 quam
1761 1749 1855 1784 hanc
1880 1753 2125 1792 contemnere,
2161 1749 2215 1784 uti
2242 1752 2361 1784 autem

135 1807 194 1829 νος
216 1797 276 1828 καὶ
299 1791 386 1840 ἀρχὴ
406 1798 612 1842 σεμνοτέρα.
657 1797 717 1828 καὶ
742 1794 911 1835 εἴσονται,
935 1792 1051 1828 πόσον
1070 1795 1147 1828 ἐστὶ
1170 1792 1212 1827 τὸ
1282 1793 1401 1829 multis
1433 1794 1617 1837 manibus,
1653 1798 1689 1829 et
1719 1804 1785 1839 per
1816 1804 1877 1830 eas
1909 1794 2015 1839 impie
2046 1804 2151 1838 agere
2176 1797 2213 1829 et
2234 1798 2361 1839 postea

134 1840 225 1884 μετὰ
248 1838 464 1884 σεμνότητος
487 1841 563 1884 ζῆν,
583 1836 605 1883 ἢ
627 1837 759 1881 ταύτης
778 1841 845 1882 μὲν
868 1841 1109 1886 περιφρονεῖν,
1132 1839 1211 1885 χρῆ·
1281 1848 1400 1883 egere:
1438 1842 1586 1884 propter
1618 1839 1714 1883 quod
1745 1839 1832 1874 nihil
1857 1840 1984 1874 horum
2016 1849 2108 1884 quae
2138 1839 2359 1883 ita‘congre-

136 1886 228 1919 σθαι
259 1883 298 1920 δὲ
326 1884 473 1920 πολλαῖς
496 1888 573 1919 ταῖς
600 1887 699 1931 χερσὶ
730 1887 790 1918 καὶ
824 1880 875 1918 δι’
903 1881 1027 1918 αὐτῶν
1056 1882 1210 1928 ἀσεβεῖν,
1280 1887 1410 1929 gantur
1435 1884 1619 1919 consuevit
1641 1894 1800 1928 manere,
1835 1884 1897 1920 sed
1926 1885 2017 1920 male
2041 1885 2205 1929 colligere
2230 1889 2265 1920 et
2288 1890 2359 1920 sta-

135 1933 195 1964 καὶ
221 1928 370 1977 ἀπορεῖν
394 1927 556 1978 ὕστερον,
581 1928 675 1964 διότι
728 1928 814 1973 ηδὲν
842 1930 920 1964 τῶν
943 1925 1057 1963 οὕτως
1084 1926 1210 1975 ἀθροι-
1279 1929 1343 1964 tim
1375 1929 1576 1975 deperdere.
1625 1929 1675 1965 Ut
1709 1930 1819 1973 igitur
1849 1933 1992 1966 nostros
2025 1930 2205 1966 subiectos
2239 1930 2361 1966 iuvare

136 1977 298 2020 ζομένων
321 1978 455 2022 πέφυκε
477 1979 609 2020 μένειν,
644 1944 731 2009 &Mlti
761 1975 878 2009 κακῶς
904 1987 946 2008 τε
974 1973 1212 2027 συλλέγεσθαι
1224 1977 1267 2010 40
1281 1974 1421 2019 quidem
1451 1984 1515 2020 per
1538 1975 1632 2010 hanc
1655 1975 1917 2010 aestimavimus
1942 1979 2106 2021 oportere
2135 1976 2360 2011 occasionem

135 2023 195 2054 καὶ
227 2018 355 2055 αὐτίκα
388 2018 667 2056 διαπόλλυσθαι.
716 2016 837 2055 Ὅπως
868 2023 992 2054 τοίνυν
1023 2031 1104 2053 τους
1133 2016 1212 2064 ἡμε-

134 2068 253 2114 τέρους
279 2062 454 2110 ὑπηκόους
483 2063 743 2112 ὦφελήσαιμεν,
781 2063 841 2099 διὰ
871 2062 1008 2108 ταύτην
1037 2062 1213 2110 ᾠήθημεν

135 2179 199 2214 tali
215 2179 322 2214 modo
342 2180 466 2215 vivere.
516 2178 641 2224 Neque
664 2179 757 2213 enim
782 2178 965 2212 latronum
990 2177 1219 2223 coqnilorum
1239 2188 1298 2212 res
1320 2178 1373 2212 ita
1392 2182 1624 2223 comparatae
1642 2182 1727 2213 sunt
1749 2182 1791 2213 ut
1809 2189 1859 2213 ex
1876 2189 1917 2213 re
1936 2178 2026 2224 quid
2048 2183 2173 2225 ayant,
2197 2179 2263 2214 sed
2279 2179 2359 2215 ideo

134 2224 326 2259 dumtaxat
341 2224 447 2269 sures
466 2227 700 2269 coqnoscunt,
725 2233 798 2267 quo
817 2221 907 2267 quid
930 2222 1022 2256 lucri
1041 2226 1076 2257 et
1098 2222 1168 2256 sibi
1184 2227 1220 2257 et
1242 2222 1516 2268 maqistratibus
1535 2222 1611 2256 suis
1631 2226 1868 2268 aucupentur.
1904 2221 2005 2265 Quae
2030 2224 2151 2258 omnia
2174 2224 2269 2266 illos,
2294 2225 2359 2270 qui

133 2269 204 2304 iam
217 2281 239 2303 a
252 2268 355 2303 nobis
367 2268 416 2303 acl
432 2271 643 2314 praeturam
655 2267 773 2319 plebis
787 2266 1052 2312 provehuntur,
1066 2266 1183 2300 odisse
1201 2270 1237 2301 et
1249 2266 1413 2301 aversari
1429 2265 1530 2301 decet
1548 2277 1592 2301 ac
1608 2267 1715 2312 puris
1732 2267 1786 2302 uti
1804 2267 1969 2302 manibus
1988 2272 2024 2303 et
2042 2268 2225 2304 vindicare
2238 2269 2359 2304 omnia

135 2324 228 2359 quae
246 2314 338 2359 ipsis
357 2312 616 2347 denuntiantur
635 2322 708 2346 sive
727 2310 771 2345 de
791 2311 898 2355 furto
922 2311 996 2344 sive
1012 2310 1056 2344 de
1080 2310 1207 2345 ceteris
1231 2310 1381 2352 delictis,
1405 2316 1442 2345 et
1466 2310 1588 2345 urbem
1605 2311 1709 2346 nobis
1723 2322 1893 2357 purqare
1912 2323 1934 2346 a
1953 2311 2074 2347 bestiis
2089 2313 2197 2358 furta
2217 2314 2359 2359 facien-

137 2357 240 2399 tibus,
264 2362 373 2402 atque
396 2357 483 2391 viris
498 2355 629 2401 probis
652 2355 701 2390 ad
723 2355 811 2389 liaec
834 2354 888 2389 uti
910 2354 1095 2396 ministris,
1119 2359 1155 2389 et
1171 2365 1212 2389 er
1238 2366 1261 2389 a
1278 2355 1474 2406 proprium
1498 2355 1661 2434 officium
1682 2355 1849 2391 decenter
1869 2367 1909 2391 se
1931 2367 2073 2403 qerere,
2098 2362 2139 2393 ut
2162 2357 2199 2393 lzi
2214 2359 2359 2404 praesi-

135 2401 214 2437 dem
243 2412 346 2436 suum
371 2401 518 2436 timeant
546 2404 582 2435 et
611 2400 731 2434 omnia
756 2410 835 2434 cum
858 2398 977 2433 studio
1008 2403 1043 2433 et
1073 2398 1204 2434 beneco
1221 2403 1317 2434 entia
1341 2404 1463 2451 ayant.
1548 2411 1606 2434 am
1631 2401 1664 2434 si
1694 2404 1789 2435 recte
1820 2405 1855 2436 et
1885 2405 2012 2437 nostro
2044 2402 2089 2437 de
2119 2402 2193 2437 illis
2223 2403 2357 2438 iudicio

135 2447 243 2494 diqne
269 2456 377 2492 aqere
401 2445 595 2487 voluerint,
627 2455 743 2490 neque
765 2443 868 2479 multi
891 2447 998 2479 erunt
1023 2443 1129 2488 fures
1152 2447 1189 2478 et
1207 2444 1315 2488 furta
1339 2444 1445 2479 citius
1469 2443 1792 2490 deprehendentur,
1826 2450 1862 2480 et
1889 2445 2136 2492 delinquentes
2162 2448 2359 2494 pauciores

134 2493 152 2527 1
197 2491 297 2536 fient,
322 2501 401 2526 cum
424 2489 677 2536 maqistratum
696 2493 866 2530 metuant,
891 2499 994 2534 quem
1019 2499 1121 2523 nemo
1143 2488 1258 2534 facile
1274 2489 1434 2535 pecunia
1458 2489 1591 2524 emerit.
1671 2488 1744 2524 Sed
1762 2490 1869 2525 etiam
1894 2490 1938 2526 de
1961 2491 2171 2527 criminibus
2195 2494 2357 2539 quamvis

133 2535 357 2583 qravissimis
379 2539 606 2580 coqnoscent,
631 2538 667 2569 et
687 2533 887 2581 populares
913 2533 1084 2568 tumultus
1103 2533 1156 2568 ita
1179 2539 1404 2580 component,
1428 2538 1470 2569 ut
1489 2545 1563 2569 non
1583 2535 1815 2580 maqistratui
1839 2535 1946 2570 liuius
1967 2536 2151 2583 gloriosae
2170 2548 2214 2573 ac
2233 2539 2356 2584 reqiae

133 2580 251 2623 urbis,
282 2580 347 2615 sed
375 2580 479 2615 nobis
509 2580 600 2626 ipsis
626 2579 846 2621 ministrent,
880 2589 1088 2624 omnemque
1119 2577 1293 2613 honorem
1325 2579 1369 2614 ab
1401 2589 1443 2614 eo
1474 2584 1683 2614 mereantur
1717 2584 1898 2626 tamquam
1932 2582 2168 2627 maqistratus
2198 2583 2357 2618 minores

133 2637 156 2661 a
191 2625 329 2660 maiore
359 2625 585 2671 maqistratu.
644 2624 899 2671 Levabuntqice
928 2623 962 2658 ei
996 2634 1124 2658 curas:
1170 2634 1235 2658 nec
1267 2624 1459 2670 quicquam
1488 2635 1598 2675 aqere
1632 2624 1779 2667 malint,
1817 2625 1916 2671 quod
1947 2637 2021 2661 non
2052 2627 2102 2662 sit
2129 2627 2218 2663 viris
2252 2628 2355 2663 bonis

133 2675 168 2707 et
199 2670 380 2717 imperiali
413 2669 613 2705 testimonio
641 2669 798 2715 diqnum.
848 2667 888 2703 Si
916 2679 1001 2704 vero
1032 2667 1173 2703 accidat
1205 2668 1257 2711 (id
1287 2669 1384 2714 quod
1406 2668 1687 2711 abominamur),
1721 2675 1759 2704 ut
1791 2670 1994 2706 incendium
2018 2672 2171 2718 aliquod
2200 2673 2239 2708 in
2271 2673 2356 2708 urbe

134 2716 287 2758 oriatur,
321 2719 467 2762 oportet
487 2714 589 2761 ipsos
619 2725 764 2760 quoque
787 2713 913 2748 adesse
935 2717 972 2748 et
1001 2724 1149 2760 operam
1181 2718 1390 2760 praestare,
1427 2717 1535 2760 atque
1562 2714 1603 2749 id
1629 2715 1916 2761 antiquissimum
1949 2715 2097 2759 habere,
2130 2722 2171 2753 ut
2199 2728 2262 2753 eos
2292 2719 2356 2764 qui

131 2761 309 2808 furantur
331 2764 367 2796 et
391 2759 486 2795 bona
509 2759 721 2795 miserorum
745 2758 968 2804 surripiunt,
1001 2758 1197 2804 repellant,
1233 2763 1268 2793 et
1299 2762 1472 2804 quantum
1492 2759 1577 2804 fieri
1600 2763 1729 2806 potest
1755 2760 1801 2795 iis
1824 2761 1887 2806 qui
1911 2761 1955 2796 ab
1986 2762 2071 2807 iqne
2099 2763 2356 2809 opprimuntur

132 2817 192 2842 res
214 2808 434 2841 conservent.
482 2803 625 2840 Etenim
648 2805 680 2839 si
703 2804 741 2839 in
764 2803 833 2839 hoc
855 2803 1072 2848 maqistratu
1097 2803 1289 2849 diliqenter
1313 2804 1447 2838 versati
1470 2804 1561 2847 sint,
1593 2805 1712 2840 maior
1734 2816 1796 2840 eos
1822 2805 1924 2841 sedes
1956 2811 1992 2842 et
2014 2811 2182 2854 potestas
2205 2809 2355 2855 qravior

132 2851 298 2898 excipiet.
346 2854 400 2885 Ac
421 2849 554 2892 scient,
586 2853 723 2895 quanto
747 2849 864 2884 satius
886 2849 935 2883 sit
958 2858 1037 2883 cum
1067 2847 1253 2883 honestate
1284 2849 1400 2884 vivere
1430 2859 1539 2894 quam
1570 2848 1640 2884 hac
1671 2854 1876 2897 contempta
1905 2851 2028 2887 multis
2056 2852 2221 2888 manibus
2243 2854 2297 2889 uti
2321 2858 2355 2889 et

131 2907 199 2943 per
221 2905 282 2931 eas
304 2895 413 2941 impie
436 2905 564 2941 aqere,
597 2899 633 2929 et
659 2898 789 2940 postea
812 2893 850 2928 in
874 2893 1054 2938 anqustiis
1076 2904 1170 2936 esse,
1195 2899 1397 2939 propterea
1421 2893 1521 2938 quod
1547 2905 1671 2929 eorum
1702 2906 1796 2941 quae
1818 2895 1871 2931 ita
1903 2902 2166 2933 coacervantur
2188 2898 2280 2933 nilzil
2301 2899 2354 2933 ita

133 2943 381 2987 comparatum
404 2944 469 2982 est,
493 2943 534 2974 ut
556 2942 711 2981 maneat,
733 2938 798 2974 sed
820 2942 862 2973 ut
883 2938 976 2973 male
992 2943 1108 2984 parta
1132 2939 1253 2973 statim
1278 2937 1497 2973 dilabantur.
1545 2937 1677 2985 Itaque
1697 2946 1737 2975 ut
1755 2940 1909 2976 subditis
1932 2942 2068 2977 nostris
2083 2943 2352 2989 prodessemuS,

180 3055 199 3087 3
226 3050 327 3097 μόνω
353 3052 412 3107 le
430 3054 477 3094 τι]
505 3053 545 3085 τὲ
568 3051 627 3096 Lu
647 3054 666 3086 5
691 3051 915 3106 πραιτοῦραν
937 3052 994 3084 M²²
1016 3051 1029 3095 Η
1058 3054 1094 3085 11
1122 3050 1209 3096 πρὸς
1277 3054 1309 3084 et
1340 3051 1507 3084 iudicibus
1534 3052 1569 3084 R
1598 3051 1610 3096 ΙΙ
1637 3041 1780 3086 uenatur
1803 3054 1838 3088 V
1865 3058 2068 3088 uenerantur
2101 3057 2134 3089 R
2161 3056 2173 3100 l}
2204 3058 2224 3090 6
2259 3067 2354 3090 auer-

134 3098 248 3132 ταῦτα
263 3118 301 3122 -
321 3100 358 3131 13
383 3098 561 3142 αρχοντος]
586 3106 832 3141 προςηκοντως
846 3097 881 3128 Β
905 3097 1037 3139 reliquis
1059 3098 1181 3129 omissis
1195 3096 1207 3139 ΙΙ

137 3146 176 3178 13
208 3144 292 3185 ἔχην
323 3141 365 3176 τὸ
396 3142 502 3187 ἀφῶν
533 3139 655 3174 αὐτῶν
681 3139 852 3187 ἄρχοντας
879 3138 1036 3184 (ἄρχοντι
1060 3141 1120 3182 L2)
1149 3142 1175 3173 L
1197 3140 1208 3184 ΙΙ

138 3192 176 3222 15
198 3189 335 3221 ἐννοίας
350 3188 400 3220 Bc
415 3187 427 3231 ΙΙ
453 3190 488 3220 16
515 3187 667 3229 ἐπαυτης
691 3183 806 3226 ἀξίους
823 3186 853 3218 L
872 3185 883 3228 11
906 3188 941 3219 17
965 3183 1010 3218 τὰ
1031 3182 1150 3232 φώριά
1169 3197 1208 3218 τε

137 3232 276 3267 θᾶττον
297 3230 365 3277 εὕρ.
385 3245 444 3265 om.
459 3232 509 3265 B⁶
524 3232 536 3274 ΙΙ
558 3233 597 3265 19
617 3229 770 3276 χρημάτι
788 3232 859 3271 (sic)
872 3230 920 3263 L¹
939 3228 1118 3274 χρήμασιν
1130 3230 1179 3264 12²
1196 3228 1208 3274 ΙΙ

135 3281 176 3313 20
201 3278 231 3311 εἰ
256 3291 314 3311 οηι.
334 3278 366 3310 L
385 3276 397 3320 ΙΙ
413 3272 641 3320 σφοδρότητα
659 3277 710 3310 B⁶
725 3275 737 3320 ΙΙ
757 3278 797 3309 22
822 3271 862 3308 οὗ
886 3275 940 3308 τῶ
962 3282 1016 3315 (τι
1034 3276 1103 3316 Ma)
1118 3276 1206 3315 ΜΒ]

134 3319 248 3357 οὕτως
269 3324 321 3359 Ες
344 3322 356 3366 ΙΙ
374 3321 540 3368 ἄρχοντες
563 3321 611 3354 L²
634 3321 646 3364 ΙΙ
672 3323 714 3355 23
739 3317 874 3354 πόλεως
897 3317 978 3353 ἀλλ’
1007 3322 1095 3361 MR]
1121 3318 1209 3354 πόλε

134 3367 184 3402 οἷς
202 3364 263 3408 (ὠς
276 3368 337 3409 L2)
361 3369 420 3400 καὶ
435 3368 465 3399 L
481 3365 493 3410 Π
513 3368 555 3400 24
577 3362 700 3399 αὐτῶν
713 3366 761 3399 L²
777 3365 788 3402 ΙΙ
808 3368 849 3399 26
875 3361 997 3398 αὐτῶν
1010 3367 1041 3399 L
1060 3365 1071 3408 ΙΙ
1088 3367 1130 3399 28
1148 3367 1207 3409 leq.

132 3413 270 3455 ἀξίωνῨ
288 3415 301 3459 11
317 3416 359 3450 29
384 3413 556 3461 γίνεσθαι
571 3415 607 3448 Β
626 3412 638 3459 ΙΙ
655 3411 724 3455 δεῖ]
745 3411 788 3455 δῆ
812 3413 861 3446 L¹
885 3410 928 3456 δὴ
951 3414 1000 3448 L²
1015 3414 1028 3459 ΙΙ
1047 3417 1089 3449 32
1110 3428 1206 3460 περι-

133 3459 276 3501 σώζειν]
301 3456 506 3501 ἀποσώζειν
524 3461 557 3492 Β
573 3459 646 3504 ΙΓ36
669 3457 847 3505 σεμνὸπερ
871 3461 922 3503 (ερ
940 3467 970 3493 et
984 3473 1043 3503 per
1063 3474 1207 3504 compen-

133 3507 220 3540 dium
235 3508 388 3549 scriptum
406 3514 436 3539 et
450 3519 475 3538 s.
496 3518 525 3539 v.
547 3506 636 3544 add„
658 3515 766 3549 περας
788 3517 849 3547 ρνο
873 3516 940 3548 περ
963 3505 1022 3543 L²J
1048 3506 1206 3539 εἴσονται

130 3551 164 3584 L
182 3551 194 3595 ΙΙ
211 3553 250 3585 41
269 3546 378 3592 ὅπως]
397 3546 510 3584 οὕτως
527 3551 572 3583 Bc
587 3549 600 3594 ΙΙ
618 3552 661 3584 42
678 3547 860 3594 ὠφελῆσαι
874 3550 941 3593 μὲν
965 3551 1041 3594 leqit
1058 3562 1078 3588 ς
1095 3551 1107 3595 11
1122 3549 1205 3585 ταύ-

134 3606 194 3637 της
218 3597 249 3629 L
470 3611 471 3614 ¹

183 3683 199 3717 1
224 3690 321 3725 quem
343 3679 402 3725 Ru
421 3682 440 3715 2
467 3681 526 3725 leq.
546 3678 636 3713 tale?
652 3677 664 3724 u
683 3680 704 3713 4
727 3677 857 3714 lucrum
881 3677 927 3713 eis
952 3679 1010 3713 aut
1033 3678 1208 3724 dampnum

1276 3097 1341 3129 sari
1360 3097 1460 3139 vulq]
1486 3096 1669 3129 aduersarii
1686 3098 1812 3132 RVal.
1831 3098 1844 3143 ΙΙ
1863 3101 1903 3133 10
1924 3100 1987 3141 uti]
2014 3103 2053 3133 ut
2071 3101 2168 3144 RVH
2192 3103 2230 3135 12
2254 3105 2356 3144 agant

1275 3143 1375 3184 vala]
1400 3143 1505 3182 agunt
1528 3142 1605 3175 RV
1623 3141 1635 3186 ΙΙ
1651 3142 1808 3176 uoluntas
1835 3145 1865 3177 R
1880 3143 1892 3188 ΙΙ
1914 3147 1953 3179 13
1979 3145 2063 3178 uelit
2084 3146 2118 3178 V
2134 3145 2146 3189 ΙΙ
2177 3149 2215 3180 15
2233 3160 2282 3190 sq.
2301 3148 2353 3179 in-

1276 3187 1454 3219 uenientur
1478 3194 1507 3219 et
1529 3187 1722 3220 minuentur
1745 3190 1832 3232 vulq.
1852 3188 1864 3232 12
1879 3193 2051 3232 peccantes
2070 3191 2270 3224 minuuntur
2294 3205 2353 3227 om.

1276 3232 1308 3264 R
1327 3230 1338 3274 ΙΙ
1355 3233 1396 3264 20
1419 3234 1451 3263 et
1472 3244 1530 3264 om.
1554 3232 1587 3264 R
1613 3232 1625 3273 ΙΙ
1649 3234 1689 3267 21
1716 3234 1816 3266 huius
1841 3238 1873 3266 et
1896 3235 2006 3276 regiae
2024 3237 2110 3279 vulq.
2131 3235 2143 3279 ΙΙ
2167 3238 2208 3270 22
2233 3237 2355 3270 iudicis

1284 3276 1337 3320 Vfl
1356 3276 1423 3316 sed]
1444 3286 1477 3309 se
1493 3276 1527 3309 V
1540 3276 1595 3309 sed
1608 3278 1640 3309 et
1656 3279 1744 3322 vulq.
1761 3279 1773 3320 ΙΙ
1791 3279 1856 3320 ipsi
1872 3280 1906 3313 V
1922 3281 1988 3322 ῐῇἰε
2000 3282 2056 3319 (--
2072 3281 2252 3322 temporis?
2263 3282 2330 3324 R“)
2342 3284 2353 3324 ΙΙ

1277 3322 1319 3354 23
1350 3321 1505 3362 *dignati
1527 3320 1567 3353 ab
1599 3324 1649 3363 eo]
1683 3323 1800 3364 dignos
1823 3334 1861 3356 eo
1884 3324 1918 3357 R
1954 3325 2054 3366 digno
2079 3336 2116 3357 eo
2139 3326 2173 3358 V
2198 3326 2292 3369 digni
2316 3339 2353 3360 eo

1275 3366 1362 3409 vuly.
1382 3366 1393 3408 ΙΙ
1410 3367 1452 3399 24
1465 3365 1593 3399 minore
1605 3367 1665 3400 aR
1681 3367 1692 3410 Ι,
1711 3370 1743 3400 et
1752 3381 1810 3401 om.
1822 3370 1852 3402 R
1871 3368 1882 3412 ΙΙ
1899 3371 2153 3403 euacuaueritR
2169 3370 2180 3414 ΙΙ
2200 3373 2242 3406 25
2252 3372 2352 3414 quod]

1277 3411 1335 3452 qui
1360 3411 1392 3443 R
1421 3410 1433 3452 ΙΙ
1460 3411 1502 3444 26
1527 3413 1560 3444 et
1584 3424 1641 3445 om.
1662 3412 1696 3444 R
1719 3413 1731 3456 ΙΙ
1762 3415 1802 3446 27
1829 3413 1973 3454 aliquam
1998 3415 2029 3447 R
2050 3415 2061 3457 ΙΙ
2086 3417 2128 3448 28
2153 3415 2282 3458 aliquid
2305 3418 2352 3459 V]

1276 3455 1382 3496 aliqui
1403 3456 1435 3488 R
1459 3455 1594 3497 aliquod
1610 3457 1696 3500 vuly.
1727 3458 1739 3500 ΙΙ
1767 3460 1809 3492 29
1833 3459 2022 3492 maxiumV
2045 3459 2057 3503 ss
2085 3462 2127 3493 30
2151 3463 2190 3494 ut
2209 3463 2326 3496 seclusi
2341 3463 2354 3506 ΙΙ

1278 3503 1319 3534 33
1343 3500 1427 3532 sedis
1450 3501 1484 3533 V
1500 3501 1625 3534 sederes
1650 3503 1680 3534 R
1699 3501 1711 3544 11
1728 3504 1769 3536 34
1795 3506 2005 3544 cognosceret
2026 3505 2060 3538 V
2076 3509 2276 3547 cognoscant
2290 3508 2322 3541 R
2341 3507 2353 3551 ΙΙ

1277 3545 1521 3633 ἓῖᾱᾶιῗέᾱᾞ
1536 3546 1617 3636 ”1331
1634 3547 2354 3637 ‘233551121251''azusszssluztffllkiffiffi

1277 3635 1310 3668 R
1355 3635 1422 3677 sed]
1447 3635 1508 3668 etsi
1529 3635 1583 3680 Vll
1600 3647 1696 3669 mane
1719 3637 1752 3670 R
1772 3637 1784 3680 ΙΙ
1803 3639 1846 3671 39
1870 3637 1985 3673 iubare
2009 3640 2142 3682 quidem
2164 3642 2198 3676 V
2214 3643 2353 3678 inuitari

1278 3680 1409 3723 quidem
1430 3679 1552 3726 131140
1577 3682 1673 3722 hane]
1700 3682 1851 3716 heredem
1876 3683 1909 3716 R
