2618 4010
240 127 347 171 Nov.
381 127 458 170 VII
488 130 512 170 8
556 130 581 169 9

238 240 341 285 ροῦσι
358 237 523 274 θανάτου
546 242 606 273 καὶ
626 236 772 283 δεσμῶν
797 240 841 287 τῇ
865 240 944 274 τῶν
966 237 1119 285 ἀψύχων
1142 236 1324 283 ἐκποιὴσει

238 283 441 329 κειμηλίων.
480 281 626 327 Δηλαδὴ
647 285 709 327 τῆς
732 281 854 329 ὁμοίας
878 282 1162 331 παρατηρήσεως
1180 287 1240 319 καὶ
1261 286 1324 320 ἐπὶ

237 331 300 373 τῆς
324 326 539 372 ἐκποιήσεως
561 330 641 363 τῶν
664 327 863 364 πολιτικῶν
885 329 1066 374 σιτήσεων
1088 327 1322 375 παραφυλατ·

239 377 400 419 τομένης,
420 372 521 408 καθὰ
545 372 714 409 πολλάκις
737 374 896 419 εἴπομεν,
921 372 1016 409 διότι
1036 372 1203 409 τοιαύτας
1229 374 1324 408 εἶναι

238 417 391 460 σιτήσεις
413 417 454 453 οὐ
477 418 591 463 μόνον
623 420 684 454 ἐπὶ
712 420 774 463 τῆς
804 418 990 464 βασιλίδος
1021 418 1151 461 ταύτης
1174 416 1324 461 πόλεως,

238 462 326 498 ἀλλὰ
350 467 409 498 καὶ
433 466 492 498 ἐπὶ
515 465 577 507 τῆς
604 462 757 512 μεγάλης
782 462 1050 509 Ἀλεξανδρείας
1078 467 1138 497 καὶ
1170 465 1231 500 ἐπὶ
1262 465 1324 508 τῆς

240 507 495 544 Θεουπολιτῶν
514 509 608 544 εἶναι
630 507 908 555 μεμαθήκαμεν,
940 510 1026 543 ἴσως
1050 507 1090 542 δὲ
1112 507 1154 543 τὸ
1181 510 1323 549 τοιυέτο

237 557 297 588 καὶ
321 556 361 588 ἐν
382 554 518 599 ἑτέραις
534 558 631 590 τισὶν
651 557 836 600 ἐπαρχίαις
857 555 959 588 εἶναι.
995 554 1027 587 εἰ
1046 553 1114 601 γὰρ
1132 557 1192 587 καὶ
1215 551 1321 589 ἀλλα-

236 599 320 641 χόσε
345 597 492 644 τοιαύτη
514 612 569 635 τις
595 601 648 653 εἴη
672 602 810 643 κτῆσις,
843 602 902 633 καὶ
927 597 990 633 ἐπ’
1017 601 1152 642 ἐκείνης
1174 596 1194 633 ὁ
1217 598 1324 644 νόμος

1329 125 1385 174 60

1840 83 1905 106 (1²ae

1995 143 2055 173 DE
2085 142 2174 174 NON
2199 141 2471 175 ALIENANDIS

1392 241 1531 277 animae
1559 239 1742 275 hominum
1772 240 1971 278 liberantur
2001 253 2024 278 a
2056 243 2232 279 mortibus
2263 245 2301 278 et
2322 242 2474 278 vinculis

1391 285 1669 321 inanimatorum
1691 285 1895 323 venditione
1909 297 2085 325 vasorum.
2123 287 2236 324 Simili
2253 287 2385 334 quippe
2409 287 2473 322 ob-

1393 330 1592 366 servatione
1611 331 1649 364 et
1666 340 1775 374 super
1791 331 2007 368 alienatione
2025 333 2179 369 civilium
2199 343 2333 378 panum
2351 335 2474 368 custo-

1393 375 1532 416 dienda,
1557 374 1652 409 sicut
1668 384 1776 419 saepe
1794 375 1956 419 diximus,
1979 387 2022 413 eo
2040 378 2138 423 quod
2153 378 2245 414 tales
2265 388 2344 414 esse
2361 387 2474 422 panes

1358 424 1378 455 5
1394 431 1466 455 non
1490 420 1605 454 solum
1628 418 1666 454 in
1690 419 1760 454 hac
1783 419 1986 458 felicissima
2009 423 2171 466 civitate,
2203 423 2267 459 sed
2298 422 2406 458 etiam
2436 422 2475 458 in

1392 474 1523 517 magna
1557 464 1777 500 Alexandria
1810 468 1847 501 et
1878 464 1919 502 in
1951 466 2126 513 Theopoli
2161 479 2241 505 esse
2275 468 2474 510 didicimus,

1394 510 1547 545 forsitan
1577 513 1697 544 autem
1733 510 1805 561 tale
1833 509 1969 554 aliquid
2003 516 2041 548 et
2074 513 2112 550 in
2146 514 2226 550 aliis
2263 513 2475 559 quibusdam

1391 554 1583 606 provinciis
1607 556 1674 590 est.
1719 555 1757 589 Sl
1783 553 1877 590 enim
1901 555 2007 592 etiam
2029 558 2117 594 alibi
2139 559 2342 595 huiusmodi
2366 569 2473 604 quae-

1395 600 1476 634 dam
1500 603 1548 635 sit
1577 599 1777 644 possessio,
1808 602 1845 635 et
1874 600 1912 635 in
1939 601 2001 638 illa
2030 603 2089 640 lex
2118 609 2278 641 servetur
2308 609 2346 640 et
2375 614 2475 640 suam

238 643 482 686 φυλαττέσθω
512 648 571 679 καὶ
596 659 663 685 την
688 646 814 679 ἑαυτοῦ
842 648 1097 688 παρατήρησιν
1120 646 1323 679 ἐκτεινέτω.
1341 649 1380 680 lo
1396 644 1681 681 observationem
1706 645 1886 681 extendat.

1232 757 1389 793 CAPUT
1420 758 1481 791 IX.

280 818 310 862 ὃ
355 824 500 870 Ἐπειδὴ
529 825 569 860 δὲ
602 824 692 860 εἰκός
723 836 823 859 τινας
856 826 916 859 ἐπὶ
947 824 1190 872 παρακρούσει
1217 823 1323 859 τοῦδε

237 872 301 906 τοῦ
323 869 434 916 νόμου
452 872 652 916 πειρᾶσθαι
672 868 938 917 πραγματικοὺς
962 867 1066 913 ἡμων
1083 867 1215 905 τύπους
1237 870 1322 914 λαμ-

236 914 364 961 βάνειν
387 918 530 951 τοιοῦτό
554 931 590 950 τι
623 914 796 963 πράττειν
820 913 939 950 αὐτοῖς
960 916 1233 961 ἐπιτρέποντας,
1263 919 1323 950 καὶ

236 963 344 997 τοῦτο
375 961 559 1006 κωλύομεν
589 963 649 996 ἐπὶ
682 959 819 995 παντὸς
848 958 1066 1015 προςώπου,
1091 960 1254 1005 μείζονάς
1284 975 1324 995 τε

1440 825 1531 869 Quia
1556 836 1639 861 vero
1664 826 1855 862 verisimile
1879 831 1935 863 est
1962 828 2161 874 quempiam
2190 830 2229 867 in
2259 832 2474 868 circumven-

1394 871 1528 906 tionem
1564 871 1672 907 huius
1716 872 1803 916 legis
1844 875 2020 918 temptare
2059 877 2297 919 pragmaticas
2335 881 2476 914 nostras

1394 916 1529 952 formas
1560 917 1725 970 accipere
1749 917 1820 952 tale
1844 918 1978 963 aliquid
2003 919 2053 955 eis
2086 930 2191 964 agere
2221 922 2476 967 permittentes,

1395 964 1433 996 et
1456 961 1525 997 hoc
1549 962 1783 1007 prohibemus
1807 963 1845 997 in
1869 964 1964 999 omni
1993 975 2149 1009 persona
2179 966 2312 1003 maiore
2333 967 2389 1003 vel
2411 969 2475 1003 mi-

237 1009 296 1041 καὶ
328 1004 529 1049 ἐλάττονος,
561 1007 635 1041 εἴτε
666 1004 778 1052 ἀρχὴν
809 1008 883 1048 ἔχοι
914 1019 998 1040 τινα
1030 1007 1101 1040 εὶτε
1133 1007 1212 1040 τῶν
1242 1010 1324 1052 περὶ
1342 1011 1379 1042 15
1395 1017 1500 1048 nore,
1539 1007 1612 1042 sive
1642 1007 1679 1042 in
1712 1008 1891 1052 cingulum
1926 1011 2120 1045 constituta
2156 1010 2229 1046 sive
2259 1011 2386 1047 horum
2442 1013 2478 1048 ui

236 1051 325 1097 ἡμᾶς
348 1053 401 1094 εἴη
425 1053 496 1086 εἴτε
519 1053 597 1086 τῶν
620 1050 742 1085 ἄλλων
765 1062 819 1084 τις
841 1052 921 1085 τῶν
944 1052 992 1085 εἷς
1023 1049 1153 1096 δήμους
1183 1049 1324 1086 τελούν-

236 1111 324 1133 των.
373 1100 446 1131 Kai
470 1098 697 1139 θεσπίζομεν
719 1095 847 1140 μηδενὶ
871 1095 1060 1131 παντελῶς
1082 1095 1208 1131 ἄδειαν
1231 1097 1324 1131 εἶναι

235 1140 400 1178 τοιοῦτόν
422 1155 507 1176 τινα
531 1141 785 1189 πραγματικὸν
809 1141 1051 1187 προΐσχεσθαι
1074 1141 1203 1185 τύπον,
1234 1141 1325 1186 μηδὲ

235 1188 411 1223 ἐντεῦθεν
443 1186 650 1240 λαμβάνειν,
675 1201 712 1221 τι
744 1188 823 1221 τῶν
853 1190 931 1220 ταῖς
955 1183 1180 1240 ,ᾁγιωτάταις
1205 1186 1324 1240 ἐκκλη-

1397 1052 1494 1087 circa
1516 1063 1581 1087 nos
1606 1057 1708 1094 sunt,
1742 1053 1815 1089 sive
1840 1054 1988 1090 aliorum
2013 1055 2188 1100 quispiam
2211 1056 2306 1092 inter
2327 1067 2423 1102 popu
2438 1068 2478 1093 os

1395 1097 1645 1132 habitantium.
1694 1098 1744 1133 Et
1780 1099 1961 1135 sancimus
1997 1102 2085 1135 nulli
2122 1102 2265 1146 penitus
2299 1101 2479 1137 licentiam

1395 1153 1473 1178 esse
1504 1144 1613 1177 talem
1643 1144 1842 1188 quempiam
1876 1147 2134 1190 pragmaticum
2168 1146 2328 1191 proferre
2357 1151 2479 1199 typum

1395 1198 1510 1232 neque
1538 1199 1582 1223 ex
1614 1189 1684 1224 hoc
1714 1189 1877 1234 accipere
1901 1191 2036 1235 aliquid
2068 1191 2137 1234 [de]
2163 1192 2397 1228 sanctissima
2422 1203 2479 1227 ec-

236 1237 329 1267 σίαις
351 1230 610 1289 προςηκόντων,
629 1246 651 1275 η
672 1236 970 1287 μοναστηρίοιςΙη
991 1236 1182 1275 πτωχείοις
1206 1229 1227 1276 ἢ
1246 1246 1323 1266 eva·
1339 1238 1381 1268 20
1395 1233 1514 1268 clesiis
1554 1234 1831 1278 competentium
1868 1240 1932 1270 aut
1968 1237 2194 1272 monasteriis
2227 1243 2291 1272 aut
2326 1237 2480 1282 ptochiis

234 1282 312 1325 γε’σι
343 1277 568 1322 συστήμασιν
589 1291 774 1320 ακινητων
797 1290 1035 1324 πραγματων.
1078 1276 1168 1311 ἀλλὰ
1198 1279 1252 1321 τῷ
1285 1292 1324 1312 τε

236 1321 462 1367 ἐνδοξοτάτῳ
498 1327 709 1369 κοιαίστωρι
744 1321 877 1366 ποινὴν
914 1323 1121 1358 ἐπικεῖσθαι
1158 1324 1324 1365 quinqua-

235 1370 331 1412 ginta
352 1369 516 1402 librarum
542 1370 635 1410 auri,
667 1369 704 1401 εἴ
722 1381 759 1402 τι
782 1368 924 1402 τοιοῦτο
955 1365 1220 1423 ὑπαγορεύσειε,
1251 1371 1324 1402 τοῖς

235 1429 275 1449 τε
299 1411 380 1458 δεχο
407 1417 499 1448 ε’νοις
524 1413 592 1457 τὴν
606 1412 991 1468 δ,ἐμφοίνισινκτοιούτου
1014 1425 1113 1447 τινος
1137 1413 1242 1447 θείου
1265 1411 1324 1447 τύ-

1395 1282 1458 1312 aut
1488 1278 1750 1314 venerabilibus
1787 1280 1943 1325 collegiis
1977 1282 2209 1317 immobilium
2244 1293 2381 1327 rerum3
2418 1283 2480 1318 sed

1396 1327 1432 1358 et
1454 1324 1709 1367 gloriosissimo
1736 1326 1917 1369 quaestori
1945 1338 2097 1371 poenam
2125 1327 2308 1363 imminere
2337 1331 2479 1363 centum

1396 1369 1567 1420 librarum
1596 1369 1703 1421 auri,
1749 1370 1780 1405 si
1815 1371 1900 1415 quid
1940 1372 2012 1408 tale
2052 1372 2255 1415 dictaverit,
2300 1373 2404 1409 simul
2445 1378 2481 1408 et

1396 1414 1674 1458 suscipientibus
1708 1415 1983 1452 insinuationem
2012 1418 2095 1453 talis
2129 1419 2327 1463 cuiuspiam
2355 1429 2481 1454 sacrae

236 1472 306 1494 που
329 1461 369 1494 ἐν
393 1458 769 1513 οξοτάτοιςμρχουσιν
800 1472 822 1501 η
851 1459 984 1505 ἑτέροις
1013 1461 1088 1492 τισὶ
1112 1457 1187 1512 ,τὴν
1212 1455 1325 1501 αὐτὴν
1338 1462 1380 1493 25
1395 1459 1533 1494 formae
1555 1459 1818 1511 gloriosissimis
1850 1461 2028 1498 iudicibus
2064 1467 2127 1498 aut
2157 1464 2236 1499 aliis
2268 1463 2481 1509 quibusdam

236 1503 454 1540 ὑποκεῖσθαι
490 1517 632 1547 ποινην,
667 1503 747 1538 τούς
779 1517 819 1537 τε
855 1502 1053 1547 συμβολαιο
1078 1515 1211 1549 ραφους
1238 1501 1324 1538 ὑπο-

236 1554 387 1586 πίπτειν
406 1551 451 1598 τῇ
471 1552 630 1584 Λέοντος
648 1550 711 1583 τοῦ
731 1550 793 1592 τῆς
811 1546 977 1592 εὐσεβοῦς
998 1548 1040 1592 λή
1063 1560 1129 1583 εως
1152 1546 1323 1591 διατάξει,

236 1597 267 1630 εἰ
288 1594 469 1643 γράψαιέν
491 1608 529 1629 τι
552 1595 697 1629 τοιοῦτο
721 1593 961 1638 συμβόλαιον·
985 1592 1068 1628 τούς
1091 1608 1131 1628 τε
1157 1592 1323 1649 θεοφιλε-

237 1639 386 1676 στάτους
410 1638 624 1675 ἐπισκόπους
647 1637 669 1682 ἢ
693 1638 774 1673 τοὺς
804 1636 1085 1682 εὖλαβεστάτους
1119 1640 1325 1683 οἰκονομους

236 1684 437 1721 ἀκινδύνως
461 1683 703 1720 ἀποσείεσθαι
719 1683 801 1718 τούς
820 1683 1001 1719 τοιούτους
1022 1685 1144 1719 θείους
1159 1698 1324 1732 πραγμα-
1339 1688 1382 1720 30
1395 1688 1474 1720 tare
1510 1686 1716 1722 hujusmodi
1750 1697 1872 1723 sacras
1907 1689 2146 1733 pragmaticas

238 1730 354 1766 τικούς
376 1729 526 1773 τύπους,
563 1729 700 1775 μᾶλλον
729 1731 797 1774 μὲν
821 1724 886 1763 οὖν
917 1728 1156 1765 ἐπικινδύνως
1189 1734 1324 1775 προςίε-

236 1777 341 1818 σθαι,
361 1779 422 1811 καὶ
445 1775 648 1823 γινώσκειν,
669 1772 717 1809 ὥς
736 1778 818 1821 περὶ
839 1772 953 1817 αὐτὴν
970 1773 1239 1809 κινδυνεύσουσι
1257 1774 1324 1818 τὴν

237 1821 446 1868 ἱερωσύνην,
480 1822 517 1855 εἴ
541 1835 581 1868 γε
604 1818 843 1865 ἀμελήσαντες
872 1821 951 1854 τῶν
979 1819 1106 1865 νόμων
1129 1824 1203 1855 τοῖς
1226 1818 1324 1855 οὕτω

238 1870 254 1902 l
268 1870 480 1922 κγινομένοις
491 1868 751 1913 πραγματικοῖς
763 1862 1049 1908 ἀκολουθήσαιεν
1065 1865 1201 1900 τύποις.
1262 1868 1327 1899 Δεῖ

1396 1504 1545 1539 eandem
1577 1505 1759 1541 imminere
1793 1517 1963 1551 poenam:
2002 1512 2038 1542 et
2070 1509 2281 1545 tabelliones
2317 1519 2480 1544 succum·

1396 1550 1480 1584 bere
1504 1550 1637 1585 Leonis
1667 1550 1748 1595 piae
1772 1552 1962 1588 memoriae
1988 1554 2250 1598 constitutioni,
2283 1554 2314 1590 si
2344 1554 2482 1598 egerint

1395 1595 1468 1629 tale
1492 1595 1638 1640 aliquod
1660 1596 1953 1640 instrumentum,
1986 1603 2023 1633 et
2046 1598 2112 1635 deo
2142 1600 2313 1635 amabiles
2341 1599 2479 1645 episco-

1396 1651 1462 1684 pos
1494 1644 1558 1675 aut
1587 1641 1809 1677 venerabiles
1841 1653 2053 1679 oeconomos
2085 1644 2161 1680 sine
2180 1645 2352 1724 ‘periculo
2383 1644 2480 1680 refu-

2197 1701 2333 1733 ormas,
2369 1690 2481 1735 magis

1394 1735 1515 1766 autem
1547 1743 1629 1766 cum
1664 1732 1824 1777 periculo
1858 1734 2040 1778 suscipere
2077 1738 2113 1770 et
2147 1746 2358 1780 agnoscere,
2398 1736 2482 1781 quia

1396 1776 1493 1811 circa
1525 1777 1642 1821 ipsum
1672 1778 1912 1813 sacerdotium
1943 1780 2141 1823 periculum
2172 1781 2417 1823 sustinebunt,
2450 1783 2481 1816 si

1395 1822 1621 1866 neglegentes
1641 1822 1737 1867 leges
1762 1823 1827 1859 has
1852 1835 1944 1869 quae
1968 1824 2020 1859 ita
2043 1825 2143 1867 fiant,
2161 1826 2401 1871 pragmaticas
2425 1836 2480 1862 se·

1394 1869 1412 1902 1
1461 1869 1618 1912 quantur
1647 1868 1791 1903 formas.
1886 1870 2038 1914 Oportet
2061 1871 2154 1906 enim
2176 1881 2236 1914 ea,
2269 1881 2361 1916 quae
2385 1882 2480 1907 com-

235 1926 304 1959 γαρ
332 1927 379 1947 τα
409 1925 511 1955 κοινη
535 1915 596 1946 καὶ
624 1913 664 1945 ἐν
684 1915 780 1958 γένει
805 1914 865 1944 καὶ
892 1912 952 1945 ἐπὶ
980 1908 1207 1967 τῇιπάντων
1232 1909 1323 1956 ὠφε-
1339 1915 1380 1946 35
1395 1913 1550 1947 muniter
1573 1916 1609 1947 et
1631 1914 1844 1956 generaliter
1868 1918 1904 1950 et
1935 1915 1972 1950 in
2005 1916 2161 1951 omnium
2185 1916 2373 1952 utilitatem
2398 1926 2480 1952 san-

237 1957 315 2002 λείᾳ
340 1971 472 2002 νενομο
506 1960 659 2001 ετημένα
689 1955 826 2001 μᾶλλον
857 1959 1003 2000 κρατεῖν
1027 1970 1048 1999 η
1071 1955 1118 1990 τὰ
1148 1955 1240 1991 κατά
1272 1970 1323 1990 τι·

236 2017 315 2059 νων
338 2001 500 2046 σπουδὴν
530 2004 592 2037 ἐπὶ
624 2001 854 2049 away-9⁰9⁰}
885 2002 964 2036 τῶν
987 2015 1122 2036 κοινων
1145 2001 1322 2046 γενόμενα

238 2062 374 2088 νομων.

1394 1957 1548 2000 ciuntur,
1580 1958 1701 2002 potius
1733 1959 1854 1994 valere
1877 1970 1983 2004 quam
2007 1971 2067 2004 ea,
2100 1972 2191 2006 quae
2216 1962 2313 1997 circa
2341 1962 2480 2007 aliquos

1393 2003 1585 2038 studentur
1613 2003 1660 2038 ad
1691 2005 1956 2049 corruptionem
1992 2007 2231 2042 communium
2262 2007 2320 2052 agi
2351 2007 2479 2052 legum.

284 2154 357 2184 cap.
381 2141 443 2174 IX
464 2140 485 2183 ξ
515 2142 528 2173 1
557 2141 717 2172 excitatur
742 2140 775 2172 in
799 2146 939 2172 tractatu
964 2140 1046 2184 περὶ
1070 2135 1259 2185 διαφόρων
1282 2135 1587 2185 ἀναγνωσμάτων
1613 2141 1632 2173 2
1656 2142 1850 2181 (Heimbacla
1871 2137 2005 2174 Ἀνέκδ.
2032 2145 2059 2183 1,
2084 2144 2146 2183 191)
2172 2156 2210 2176 ex
2232 2144 2307 2176 Aila.

255 2202 2479 2214 ———--—————-————-—.

237 2234 322 2266 rant
346 2230 565 2265 alienatione
595 2228 776 2263 inanimae
805 2227 1050 2275 supellectilis.
1105 2226 1242 2262 Similis
1273 2227 1439 2263 videlicet
1470 2227 1674 2264 observatio
1705 2230 1811 2265 etiam
1843 2230 1881 2265 in
1915 2230 2138 2267 alienatione
2170 2243 2398 2268 annonarum
2427 2236 2477 2270 ci-

239 2276 379 2318 vilium,
409 2276 504 2310 sicut
525 2274 673 2321 saepius
695 2273 874 2315 diximus,
900 2272 1146 2308 custodiatur:
1176 2272 1347 2318 quoniam
1373 2273 1464 2308 tales
1488 2285 1657 2309 annonas
1675 2285 1753 2310 esse
1776 2286 1850 2310 non
1869 2275 1987 2310 solum
2009 2276 2049 2310 in
2072 2275 2142 2312 liae
2160 2277 2263 2357 γελοία
2286 2278 2392 2322 urbe,
2415 2280 2480 2316 sed

239 2322 346 2358 etiam
368 2320 408 2355 in
427 2330 561 2372 maqna
573 2318 803 2355 Alexandria
816 2322 853 2354 et
867 2319 905 2354 in
924 2317 1221 2364 Theopolitarum
1245 2317 1333 2352 urbe
1357 2317 1561 2370 didicimus,
1578 2319 1757 2364 fortassis
1776 2324 1895 2355 autem
1917 2320 2093 2356 eiusmodi
2116 2322 2180 2367 qui

2226 2322 2265 2357 in
2288 2323 2372 2358 aliis
2390 2335 2475 2371 quo-

239 2378 309 2413 que
331 2365 535 2413 provinciis
559 2363 772 2410 quibusdam
796 2374 866 2398 usu
889 2363 1018 2399 venire.
1066 2361 1110 2398 Si
1133 2362 1228 2398 enim
1252 2362 1340 2398 alibi
1361 2362 1504 2409 quoque
1527 2364 1704 2399 eiusmodi
1727 2375 1821 2410 quae
1843 2365 1892 2401 sit
1912 2366 2121 2412 possessio,
2142 2367 2250 2404 etiam
2271 2367 2310 2404 in
2329 2367 2397 2405 illa
2415 2369 2480 2406 lea:

240 2410 468 2448 custodiatur
493 2420 667 2461 suamque
691 2408 976 2444 observationem
999 2407 1186 2444 extendat.

373 2455 436 2491 IX.
483 2455 662 2498 Quoniam
691 2458 809 2489 autem
844 2453 1035 2491 verisimile
1066 2458 1121 2489 est
1150 2452 1326 2499 quosdam
1356 2452 1407 2488 ad
1437 2447 1734 2500 labefactandam
1764 2454 1859 2491 lianc
1890 2455 2002 2502 leqem
2031 2459 2194 2492 nostram

2256 2459 2480 2512 raqmaticaq

240 2506 387 2539 nostras
415 2501 623 2536 sanctiones
646 2499 843 2546 impetrare
875 2503 1074 2535 conaturos
1104 2510 1199 2541 esse,
1230 2510 1325 2544 quae
1350 2498 1422 2534 tale
1452 2498 1543 2545 quid
1562 2499 1655 2545 ipsis
1675 2501 1804 2545 facere
1827 2502 2056 2547 permittant,
2087 2501 2195 2537 etiam
2250 2513 2295 2538 oc
2319 2503 2358 2538 in
2382 2515 2478 2540 omiti

237 2559 398 2596 persona
408 2545 646 2595 prohibemus
664 2550 700 2580 et
717 2544 856 2580 maiore
867 2550 903 2581 et
921 2545 1072 2587 minore,
1091 2544 1166 2580 sive
1179 2555 1284 2591 quem
1306 2544 1562 2596 maqistratum
1573 2551 1681 2591 μενοι
1690 2545 1765 2581 sive
1782 2557 1832 2582 ex
1851 2546 1898 2581 iis
1915 2547 1965 2582 sit
1981 2557 2075 2591 quos
2092 2546 2191 2582 circa
2210 2558 2279 2583 nos
2298 2547 2479 2593 habemus,

239 2594 314 2630 sive
337 2604 387 2629 ex
409 2592 580 2638 reliquis,
613 2591 676 2637 qui
701 2589 939 2670 popularium
962 2600 1110 2625 numero
1133 2593 1228 2624 sunt.
1275 2590 1330 2625 Ac
1354 2600 1557 2633 sancimus,
1589 2594 1632 2625 ut
1661 2590 1796 2625 nemini
1823 2602 1981 2638 prorsus
2008 2590 2184 2626 eiusmodi
2203 2595 2479 2644 'praqmaticam

766 2646 777 2670 i

240 2639 463 2675 sanctionem
484 2635 725 2684 praetendere

240 2684 353 2720 steria
376 2682 434 2719 vel

781 2639 879 2678 ceat,
907 2646 1023 2681 neque
1044 2634 1130 2671 inde
1151 2645 1228 2670 rem
1257 2634 1370 2670 ullam
1393 2634 1608 2671 immobilem
1632 2645 1726 2681 quae
1745 2635 1796 2671 ad
1815 2636 2064 2671 sanctissimas
2083 2637 2253 2673 ecclesias
2275 2638 2333 2674 vel
2355 2649 2479 2676 mona·

490 2680 610 2717 tockia
639 2680 697 2717 vel
725 2691 834 2732 sacra
865 2680 1021 2726 colleqia
1046 2680 1235 2727 pertineat
1264 2680 1438 2733 accipere.
1494 2679 1627 2716 Verum
1656 2684 1693 2716 et
1714 2680 1977 2726 qloriosissimo
2008 2682 2195 2727 quaestori
2215 2694 2342 2730 poena
2373 2685 2478 2731 quin-

241 2729 420 2780 quaqinta
468 2726 630 2762 ibrarum
665 2726 748 2762 auri
783 2730 979 2772 irroqetur,
1014 2726 1047 2760 si
1080 2725 1152 2761 tale
1183 2725 1272 2771 quid
1304 2725 1512 2768 dictaverit,
1544 2729 1581 2761 et
1594 2735 1690 2770 quae
1701 2725 1979 2762 insinuationem
2008 2726 2093 2761 talis
2122 2737 2251 2763 sacrae
2279 2730 2479 2766 sanctionis

241 2774 444 2821 suscipiunt
476 2771 750 2819 gloriosissimis
778 2802 781 2808 ,

241 2818 472 2866 scripserint,
501 2816 752 2852 constitutioni

243 2865 341 2901 nomi
370 2864 449 2900 sine
472 2862 642 2909 periculo
666 2861 842 2898 eiusmodi
864 2872 993 2898 sacras

812 2770 1024 2807 otestatibus
1062 2770 1187 2806 aliisve
1219 2769 1344 2806 eadem
1370 2781 1499 2817 poena
1532 2770 1739 2813 immineat;
1772 2775 1808 2807 et
1841 2771 1997 2814 notarii,
2030 2772 2065 2807 si
2098 2772 2170 2808 tale
2202 2772 2477 2811 instrumentum

808 2816 909 2852 eonis
938 2816 1024 2863 piae
1046 2816 1159 2851 sortis
1181 2814 1426 2868 subicianturg
1454 2820 1492 2852 et
1513 2814 1582 2868 deo
1602 2815 1781 2868 carissimi
1807 2816 1971 2863 episcopi
1993 2816 2050 2853 vel
2078 2816 2344 2869 reliqiosissimi
2373 2830 2476 2856 oeco-

1049 2865 1271 2907 raqmaticas
1300 2865 1507 2897 sanctiones
1526 2865 1700 2903 reiciant,
1728 2872 1837 2897 immo
1860 2871 1945 2897 vero
1976 2872 2056 2897 cum
2075 2863 2245 2908 periculo
2272 2862 2475 2906 adnuittant,

242 2910 429 2956 sciantque
450 2918 489 2944 se
512 2907 558 2943 de
569 2908 663 2998 lipso
685 2906 892 2943 sacerdotio
918 2906 1026 2954 peric
1040 2907 1214 2949 itaturos,
1241 2907 1276 2942 si
1301 2905 1444 2953 quidem
1475 2905 1650 2952 neqlectis
1678 2906 1711 2942 le
1744 2906 1816 2942 'bus
1838 2906 2082 2953 obsequantur
2097 2918 2176 2954 pra
2202 2908 2346 2945 matteis
2372 2919 2475 2945 sanc-

243 2957 262 2991 1
310 2953 466 2991 tionibus
495 2953 548 2988 ita
592 2953 693 2988 actis.

823 2952 977 2999 Oportet
998 2963 1092 2988 enim
1119 2963 1215 2998 quae
1241 2951 1477 2987 communiter
1504 2955 1540 2987 et
1569 2962 1706 2998 qenera
1720 2952 1790 2988 iter
1811 2956 1847 2988 et
1869 2951 1919 2987 ad
1941 2952 2099 2988 omnium
2122 2957 2175 2988 uti
2191 2954 2314 2990 itatem
2335 2953 2476 2991 sancita

242 3004 343 3043 sunt,
366 2999 484 3046 maqis
507 2998 627 3034 valere
650 3009 758 3044 quam
782 3009 877 3044 quae
900 3009 950 3034 ex
973 2997 1095 3033 studio
1121 2996 1351 3043 quorundam
1374 2995 1425 3032 ad
1447 2996 1734 3044 corrumpendas
1757 2996 1854 3044 ques
1875 2997 2066 3043 qenerales
2085 2998 2193 3044 facta
2212 3003 2305 3035 sunt.

288 3093 309 3126 4
341 3089 435 3124 εἶναι
465 3103 523 3124 om.
548 3091 578 3123 A
606 3089 619 3132 ΙΙ
649 3093 668 3124 5
704 3086 888 3133 βασιλίδος
920 3089 978 3131 Μ]
1010 3086 1220 3133 εὐδαίμονος
1243 3089 1328 3166 Aegl

245 3139 262 3169 7
293 3135 386 3170 ahai
410 3149 468 3170 om.
492 3136 523 3169 A
541 3134 554 3180 ΙΙ
570 3132 621 3176 δὲ]
646 3132 686 3168 δὲ
708 3136 767 3167 καὶ
791 3135 822 3168 Α
841 3135 853 3174 11
868 3134 910 3168 τὸ
935 3134 1088 3176 τοιοῦτο]
1110 3134 1175 3167 tale
1196 3134 1302 3176 aliqui

245 3182 291 3226 ςΙΙ
310 3184 330 3216 8
355 3181 386 3214 εἰ
408 3179 476 3228 γὰρ
490 3200 534 3205 -
554 3183 575 3214 9
593 3181 737 3223 ἐκείνης]
761 3179 851 3213 καθ’
880 3178 934 3213 αἷς
956 3181 1017 3213 καὶ
1040 3179 1092 3221 ΔΙ
1118 3182 1138 3213 9
1163 3174 1182 3213 ὁ
1206 3177 1325 3223 νόμος]

246 3225 264 3260 ὁ
284 3223 390 3271 νόμος
408 3223 516 3260 τάσδε
539 3227 570 3259 Α
595 3226 607 3269 ΙΙ
635 3228 672 3259 11
699 3222 811 3266 τινὰς]
837 3226 1023 3268 quempiam
1047 3237 1067 3262 ς
1100 3225 1106 3269 Ι
1139 3226 1178 3259 13
1200 3222 1327 3258 αὐτοὺς

247 3274 275 3305 A
301 3272 315 3317 11
347 3275 386 3307 15
412 3272 497 3313 ἔχοι]
522 3268 623 3316 ἄρχοι
646 3271 677 3304 Δ
696 3270 708 3314 ΙΙ
727 3273 767 3304 16
792 3267 889 3314 ἡμᾶς,
913 3270 985 3304 εἴτε
1007 3280 1061 3304 τις
1083 3270 1162 3304 τῶν
1185 3269 1233 3303 εἰς
1259 3267 1327 3302 τὸν

247 3315 359 3371 δῆμον
383 3319 414 3350 Α
440 3317 454 3361 ΙΙ
486 3319 526 3351 18
557 3313 810 3370 πραγματικὸν
834 3329 892 3349 om.
917 3318 947 3349 A
973 3316 987 3360 ΙΙ
1015 3312 1107 3359 μηδὲ
1137 3314 1325 3356 ἐντεῦθεν]

247 3361 447 3395 καντεῦθεν
469 3363 502 3396 Α
527 3361 540 3407 ΙΙ
571 3363 614 3396 20
636 3375 659 3405 η
681 3362 754 3395 τοῖς
778 3357 895 3394 ἄλλοις
918 3357 1058 3407 εὐαγέσι
1082 3362 1113 3394 A
1142 3362 1155 3403 ss
1181 3362 1224 3394 22
1248 3371 1325 3394 ποι·

249 3404 314 3449 νὴν
327 3426 369 3430 -
381 3407 454 3439 auri
469 3421 527 3441 om.
540 3408 568 3440 A
586 3407 599 3450 11
616 3406 862 3448 quinquaginta
878 3405 1041 3439 librarum
1057 3406 1130 3439 abri
1147 3402 1191 3450 (ν’
1207 3403 1327 3450 λίτρας

248 3453 389 3497 χρυσίου
402 3465 427 3484 ⁸.
440 3456 482 3487 υ.)
497 3453 542 3485 Μ’
556 3454 610 3496 (cs.
619 3451 767 3487 IuLAth.
781 3452 915 3493 Theod.)
933 3454 1065 3484 centum
1077 3451 1239 3484 librarum
1252 3450 1327 3483 auri

250 3494 302 3575 ³3⁵¹·
317 3497 362 3573 3³
386 3490 626 3574 mitem
649 3496 701 3541 ²¹¹
727 3493 968 3585 ,ῗὲξτῑῖζῑέ
983 3494 1247 3584 eeneii
1262 3494 1328 3574 ΑΔ

251 3552 468 3619 &exiguom
490 3554 598 3628 ποῖἴῆ
607 3555 665 3595 om*-
686 3588 845 3620 Λέοντος
865 3585 924 3631 ΑΗ
943 3588 984 3620 27
1011 3553 1227 3626 δ’,ιιατάξειὲι-
1241 3552 1326 3629 δῖμ·

251 3627 400 3675 βῦλαιον
425 3643 483 3663 om.
496 3630 526 3663 Δ
545 3630 557 3672 ΙΙ
573 3633 614 3665 29
636 3645 657 3673 η
694 3633 754 3664 καὶ
773 3632 805 3665 Α
823 3630 836 3676 ΙΙ
852 3633 894 3666 32
920 3626 1044 3679 ὥσπερ
1068 3631 1114 3664 εἰς
1139 3627 1295 3673 αὖτὴνΑ
1314 3627 1327 3674 ΙΙ

252 3678 295 3711 35
318 3675 359 3709 ἄν
380 3675 475 3721 γένει
498 3676 557 3708 καὶ
582 3676 625 3708 Μ
645 3677 734 3717 Aila]
757 3676 906 3722 γενικῶς
928 3678 980 3714 Ae
998 3677 1069 3720 1136
1093 3674 1150 3718 τὰ]
1176 3674 1239 3710 τὰς
1261 3677 1292 3710 Δ
1314 3676 1327 3719 ΙΙ

254 3723 294 3755 3⁴1
308 3733 355 3764 sq.
379 3721 569 3766 γενομένας
591 3720 809 3764 νομοθεσίας
825 3722 855 3755 Δ

1443 3091 1458 3123 1
1481 3089 1667 3130 hominum]
1683 3090 1830 3122 omnium
1840 3089 1891 3122 R¹
1906 3088 1919 3132 ΙΙ
1937 3091 1956 3122 2
1977 3089 2132 3122 similiter
2141 3089 2286 3124 R¹V¹T
2295 3090 2306 3111 ¹
2323 3089 2336 3133 Ι
2350 3092 2372 3124 4
2389 3090 2476 3123 siout

1396 3147 1454 3169 om.
1485 3133 1523 3167 V
1541 3134 1554 3178 fl
1585 3137 1604 3168 5
1640 3135 1740 3167 etiam
1764 3147 1822 3169 om.
1849 3134 1900 3167 Β*
1928 3133 1941 3178 ΙΙ
1969 3137 1989 3168 6
2018 3134 2159 3167 dicimus
2179 3134 2230 3168 Β*
2299 3137 2318 3168 7
2346 3134 2475 3177 aliquid

1395 3179 1482 3221 RV]
1506 3179 1588 3221 quid
1610 3179 1696 3223 vuly.
1727 3178 1740 3224 ΙΙ
1768 3181 1788 3214 8
1813 3181 1861 3213 est
1883 3192 1938 3212 ora
1965 3179 2004 3213 V
2025 3179 2039 3223 ΙΙ
2068 3182 2105 3214 11
2132 3181 2221 3213 rubr.
2283 3190 2300 3213 e
2322 3189 2472 3224 pragma-

1394 3225 1471 3258 ticis
1486 3224 1714 3257 sanctionibus
1730 3235 1815 3266 quae
1831 3226 1947 3257 contra
1966 3225 2103 3257 comoda
2121 3224 2361 3257 uenerabilium
2383 3224 2472 3257 loco-

1394 3281 1470 3303 rum
1492 3269 1624 3312 promul
1648 3272 1749 3303 antur
1767 3268 1860 3315 RTu
1877 3269 2161 3303 oircumuentione
2173 3269 2212 3303 V
2214 3267 2289 3313 ’ΤΙΙ
2307 3270 2347 3304 14
2369 3269 2472 3310 omni]

1395 3315 1531 3348 omnino
1555 3314 1593 3348 V
1599 3316 1609 3336 ¹
1625 3279 1698 3358 515
1722 3315 1758 3347 in
1783 3328 1841 3349 om.
1859 3314 1908 3348 R·
1927 3313 1940 3358 ΙΙ
1956 3315 2027 3356 qui]
2052 3325 2136 3357 quae
2156 3314 2194 3348 V
2205 3312 2218 3357 fl
2237 3316 2276 3347 16
2300 3313 2471 3356 quaepiam

1396 3361 1429 3394 V
1445 3360 1458 3404 ΙΙ
1477 3361 1516 3394 18
1536 3360 1773 3402 pragmaticam
1795 3359 1980 3403 profertum
1998 3360 2046 3392 R¹
2062 3358 2075 3404 ΙΙ
2097 3361 2136 3394 19
2158 3357 2286 3399 aliquid
2297 3357 2384 3398 RV]
2408 3357 2470 3390 ali-

1396 3405 1484 3448 quod
1507 3404 1594 3448 vulq.
1612 3403 1625 3449 ΙΙ
1647 3404 1686 3437 de
1709 3406 1829 3439 seclusi
1848 3405 1861 3448 fl
1879 3406 1921 3438 20
1946 3403 2201 3448 *compendium
2225 3402 2302 3435 libri
2321 3401 2334 3445 fl
2356 3412 2469 3435 mona-

1395 3450 1504 3483 steriis
1529 3468 1575 3474 —
1605 3452 1642 3482 31
1679 3450 1830 3492 periculo
1852 3449 1904 3484 R²
1936 3451 2067 3493 scripsit
2092 3450 2126 3482 in
2156 3459 2226 3498 ras.⁸
2246 3448 2266 3480 5
2291 3459 2434 3498 vantium
2448 3446 2471 3524 A}

1394 3495 1516 3529 toohiis
1534 3495 1592 3527 aut
1610 3494 1684 3527 aliis
1711 3493 1958 3528 uenerabilibus
1981 3493 2068 3538 R(²)
2135 3493 2177 3526 2³
2199 3501 2229 3524 n
2251 3490 2318 3524 tale
2340 3491 2446 3533 ahqui

1395 3539 1478 3581 ΒΡ)
1508 3538 1521 3583 Ι]
1549 3540 1592 3573 26
1625 3539 1850 3581 succumbere]
1881 3540 2046 3582 suscipere
2108 3535 2183 3579 (¹ss
2207 3537 2249 3570 28
2279 3535 2415 3578 aliquod
2437 3536 2474 3570 V

1395 3585 1494 3626 vala]
1514 3583 1643 3625 aliquid
1661 3585 1733 3619 ΒΤ
1743 3583 1757 3628 ΙΙ
1772 3586 1814 3619 33
1838 3585 2056 3627 pragmatico·
2066 3581 2143 3628 Rq
2161 3582 2203 3615 35
2220 3580 2257 3612 in
2277 3581 2368 3613 omni
2384 3581 2433 3614 R·
2456 3581 2470 3626 Ι

1395 3628 1542 3662 utilitate
1565 3629 1691 3674 RVTu
1710 3630 1753 3664 36
1776 3628 1906 3671 aliqua·
1928 3629 1966 3664 V
1977 3627 1991 3674 Ι
2006 3629 2047 3663 37
2070 3625 2318 3670 copruptionem
2338 3625 2372 3659 R
