2618 4010
266 148 372 193 Nov.
402 149 542 192 Xcm
573 153 592 191 1
1331 147 1416 195 460
1977 166 2039 200 nn
2067 164 2481 200 APPELLATmmBUS

267 258 397 294 διετίας
412 263 670 304 παρῳχηκυίας,
695 262 831 296 ἐκεῖνον
851 258 891 295 δὲ
909 258 969 295 διὰ
984 262 1091 295 τοῦτο
1116 257 1181 294 οὐκ
1201 260 1340 302 ἐπεξελ-
1410 260 1610 297 confirmari
1633 260 1743 297 semel
1764 261 1908 298 biennio
1930 265 2134 309 transact03
2168 242 2269 300 illum
2292 273 2375 299 vero
2399 273 2480 309 pro-

266 304 349 337 θεῖν
373 303 471 356 παρὰ
495 305 539 350 τῇ
564 305 609 346 σῆ
635 302 843 347 ἐνδοξότητι
867 303 927 338 διὰ
956 305 998 339 τὸ
1023 305 1092 349 τὴν
1116 303 1217 348 δίκην
1241 306 1340 351 παρὰ
1408 308 1533 350 pterea
1573 315 1646 341 non
1679 308 1932 350 perexecutum
1972 308 2069 352 apud
2101 313 2198 344 tuam
2234 309 2399 353 gloriam,
2437 318 2481 344 eo

265 351 338 382 τοῖς
361 348 537 394 αιρεθεῖσι
565 340 739 395 λέγεσθαι
762 348 954 383 δικασταῖς.
1410 351 1505 395 quod
1528 350 1625 386 litem
1650 350 1747 395 apud
1770 351 1904 387 electos
1926 351 2061 388 diceret
2083 354 2249 390 arbitros.

1276 493 1433 531 CAPUT
1459 493 1490 531 I.

322 574 553 627 Θεσπίζομεινκ
572 577 698 610 τοίνυν
729 574 799 629 τῂν
827 578 896 618 μὲν
926 575 1114 620 εἰρημένην
1145 570 1340 614 ὑπόθεσιν,
1465 573 1650 611 Sancimus
1673 574 1782 618 igitur
1803 578 2036 612 memoratum
2059 577 2201 623 quidem
2224 579 2414 624 negotium,
2437 587 2483 613 ex

264 618 303 658 ἐξ
325 611 364 661 ἧς
387 620 504 652 ταῦτα
534 622 619 663 ημῖν
651 619 924 666 προςηγγελται,
952 618 1066 664 μηδὲν
1088 618 1271 668 βλαβῆναι
1294 619 1339 666 τῇ
1376 622 1396 654 5
1409 629 1479 664 quo
1503 619 1593 656 haec
1616 619 1719 655 nobis
1743 620 1909 656 nuntiata
1931 623 2033 663 sunt,
2063 622 2151 658 nibil
2181 624 2275 660 laedi
2305 634 2350 660 ex
2374 633 2483 660 cursu

263 664 326 696 τοῦ
349 661 481 708 χρόνου
503 662 730 712 παραδρομῇ,
753 663 844 709 μηδὲ
865 669 991 711 κυρίαν
1011 665 1103 699 εἶναι
1121 664 1190 707 τὴν
1205 665 1268 699 τοῦ
1287 661 1339 698 δι·
1408 664 1589 710 temporis,
1617 673 1732 711 neque
1754 670 1869 700 ratam
1892 675 1971 701 osse
1993 665 2120 703 iudicis
2142 669 2351 705 sententiam
2375 668 2483 705 semel

262 710 396 743 καστοῦ
428 710 554 755 ψῆφον
585 706 687 750 ἅπαξ
711 709 959 751 ἐκκληθεῖσαν.
993 704 1083 745 ἀλλὰ
1115 712 1175 743 καὶ
1198 709 1340 753 προςεξ·
1409 709 1648 756 appellatione
1678 710 1778 752 data,
1811 710 1873 746 sed
1901 712 2123 764 perexerceri
2153 713 2250 758 apud
2279 716 2379 750 tuam
2406 714 2480 758 glo-

262 753 467 797 ετασθῆναι
489 754 589 800 παρὰ
613 756 658 802 τῇ
675 755 720 802 σῇ
737 753 945 798 ἐνδοξότητι
969 758 1029 789 καὶ
1053 757 1163 798 πέρας
1184 754 1340 799 νόμιμον
1409 755 1497 790 riam
1529 757 1565 790 et
1594 755 1782 792 terminum
1812 755 2008 800 legitimum
2038 757 2230 802 suscipere,
2261 758 2399 795 etiamsi
2421 758 2481 794 de-

263 796 453 841 δέξασθαι,
477 797 547 833 κᾶν
571 800 602 833 εἰ
625 799 786 845 μυριάκις
810 799 946 834 πλείων
977 801 1039 843 τῆς
1063 797 1193 834 διετίας
1214 799 1340 844 χρόνος
1410 800 1482 836 cies
1512 799 1625 835 milies
1656 800 1736 845 plus
1767 810 1874 844 quam
1904 801 2038 839 biennii
2068 804 2209 847 tempus
2232 804 2386 839 excessit
2419 806 2482 839 aut

263 842 491 890 παρέδραμεν
522 842 544 886 ἣ
574 848 635 878 και·
664 843 904 891 παραδράμοι.
960 847 1024 880 τοῦ
1054 843 1180 879 λοιποῦ
1213 843 1254 879 δὲ
1281 846 1342 879 ἐπὶ
1357 848 1397 881 10
1412 845 1568 881 excedat.
1616 845 1796 890 Deinceps
1826 849 1946 881 autem
1975 847 2014 882 in
2038 848 2134 883 omni
2163 849 2319 893 negotio,
2350 849 2388 884 in
2412 859 2481 894 quo

263 889 379 933 πάσης
402 887 624 932 ὑποθέσεως,
657 888 718 936 ἐφ’
745 891 785 933 ἡς
817 890 958 925 τοιοῦτό
983 904 1020 925 τι
1042 893 1190 937 γένηται
1218 893 1279 925 καὶ
1301 891 1342 924 ἐν
1409 890 1482 926 tale
1512 890 1645 934 aliquid
1674 890 1792 935 agitur
1822 894 1859 927 et
1880 891 1917 926 in
1940 891 2055 927 medio
2086 894 2204 928 motae
2228 902 2357 929 causae
2386 893 2483 938 apud

261 937 360 979 μέσῳ
383 937 589 978 κινουμένης
619 936 682 977 τῆς
712 934 810 978 δίκης
841 936 941 978 παρὰ
969 936 1022 978 τῷ
1053 937 1161 982 ἐφέτῃ
1191 933 1341 978 δικαστῆ
1409 945 1431 971 a
1457 935 1661 989 pellationis
1684 935 1837 972 iudicem
1860 940 1923 971 aut
1946 947 2018 972 non
2038 941 2155 973 motae
2178 938 2288 983 aliqui
2310 938 2483 983 eligantur

262 977 286 1022 ἢ
308 983 368 1013 καὶ
390 979 440 1024 μὴ
464 983 672 1023 κινουμένης
694 983 788 1015 τινὲς
796 980 1015 1025 ,αἱρεθῶσιν
1038 982 1169 1026 ἕτεροι,
1197 984 1257 1014 καὶ
1280 971 1340 1015 aa
1409 946 1481 1022 aiii,
1507 985 1543 1015 et
1558 986 1748 1025 propterea
1764 981 1942 1017 biennium
1963 986 2132 1027 transeat,
2156 983 2251 1018 intra
2266 983 2361 1028 quod
2378 993 2483 1028 opor-

261 1027 369 1059 τοῦτο
387 1021 409 1068 ἦ
435 1022 551 1059 διετία
574 1024 766 1071 παρέλθοι,
790 1025 830 1068 ἧς
856 1025 958 1060 ἐντὸς
982 1026 1089 1071 ἐχρῆν
1111 1026 1194 1060 τοὺς
1216 1027 1342 1072 ἐφέτας
1410 1029 1486 1060 teat
1501 1025 1751 1070 appellationis
1766 1026 1901 1062 iudices
1917 1027 2015 1062 litem
2032 1027 2205 1072 decidere,
2226 1032 2263 1063 et
2277 1038 2342 1073 per
2360 1038 2482 1077 quam-

262 1069 330 1112 τὴν
353 1068 458 1113 δίκην
487 1073 620 1114 τεμεῖν,
655 1074 715 1104 καὶ
750 1067 844 1104 καθ’
874 1068 1091 1114 οἱανδήποτε
1126 1075 1342 1116 περίστασιν
1356 1074 1396 1106 15
1411 1070 1498 1106 libet
1522 1070 1823 1106 circumstantiam
1846 1082 1972 1107 rursus
1991 1076 2189 1108 revertatur
2210 1073 2338 1109 iterum
2360 1073 2407 1109 ad
2428 1073 2482 1108 iu-

262 1114 462 1150 ἐπανέλθοι
493 1114 605 1151 πάλιν
638 1117 699 1150 ἐπὶ
731 1115 813 1149 τοὺς
843 1117 969 1161 ἐφέτας
1001 1112 1022 1159 ἡ
1051 1113 1143 1159 δίκη,
1173 1119 1246 1151 τοῖς
1275 1117 1342 1160 μὲν
1409 1116 1506 1152 dices
1523 1116 1774 1160 appellationis
1790 1126 1910 1160 causa,
1935 1117 2015 1152 aliis
2035 1118 2176 1162 quidem
2192 1119 2355 1154 omnibus
2377 1118 2484 1154 liceat

262 1158 380 1195 ἄλλοις
409 1162 522 1196 πᾶσιν
547 1160 680 1201 ἐξέστω
704 1160 866 1206 χρῆσθαι
889 1164 962 1195 τοῖς
981 1163 1137 1206 μέρεσιν,
1169 1158 1216 1195 αἶς
1240 1159 1287 1195 ἄν
1310 1162 1342 1195 εἰ
1409 1161 1463 1196 uti
1491 1161 1672 1206 partibus,
1706 1165 1890 1206 tamquam
1922 1163 1954 1198 si
1985 1172 2047 1198 eos
2078 1174 2151 1199 non
2183 1163 2390 1208 contigisset
2422 1163 2482 1199 de-

260 1205 310 1249 μὴ
333 1206 460 1249 ἔτυχον
482 1202 724 1241 ἀπολιπόντες
753 1207 820 1250 μὲν
849 1206 893 1240 τὸ
919 1206 1087 1252 έφετικὸν
1111 1204 1341 1251 δικαστήριον
1409 1215 1526 1242 serere
1569 1206 1710 1251 quidem
1751 1207 2000 1252 appellationis
2038 1208 2227 1252 iudicium,
2259 1210 2315 1246 ‘ad
2349 1209 2482 1245 electos

262 1252 323 1284 ἐπὶ
345 1248 387 1284 δὲ
407 1251 490 1286 τοὺς
513 1250 675 1297 αἱρετοὺς
707 1249 895 1293 ἐλθόντες,
927 1250 976 1296 μὴ
1000 1255 1125 1296 μέντοι
1156 1250 1341 1286 δύνασθαι
1409 1253 1528 1287 autem
1552 1251 1705 1294 venisse,
1737 1262 1810 1287 non
1832 1255 1951 1289 tamen
1973 1263 2080 1297 posse
2103 1254 2155 1289 uti
2185 1254 2279 1300 quod
2303 1254 2484 1290 biennium

284 1296 420 1341 ρῆσθαι
450 1297 504 1338 τῷ
536 1296 606 1340 τὴν
629 1294 770 1331 διετίαν
793 1294 1053 1342 παραδραμεῖν.
1101 1294 1121 1331 ὁ
1145 1298 1214 1343 γὰρ
1243 1293 1342 1337 ἅπαξ
1354 1299 1396 1331 20
1410 1296 1602 1341 praeteriit.
1650 1296 1743 1331 Nam
1767 1297 1828 1341 qui
1850 1298 1958 1333 semel
1985 1298 2120 1334 iudices
2144 1299 2233 1335 alios
2257 1299 2378 1344 elegit.
2410 1310 2483 1335 non

260 1309 431 1376 δικαστὰς
455 1340 581 1375 ἄλλους
603 1341 771 1386 ἑλόμενος
793 1339 857 1375 οὐκ
882 1340 928 1376 ἄν
958 1342 1011 1385 εἴη
1036 1340 1170 1377 δίκαιος
1199 1342 1341 1385 σιωπὴν
1410 1346 1464 1377 est
1493 1341 1626 1378 iustum
1662 1346 1702 1376 ut
1734 1342 2014 1378 taciturnitatem
2044 1344 2166 1389 culpet
2198 1344 2275 1381 eius
2312 1345 2372 1389 qui
2400 1355 2482 1390 pro-

262 1386 423 1433 έγκαλεῖν
453 1388 506 1431 τῷ
537 1385 597 1422 διὰ
628 1388 737 1422 τοῦτο
770 1383 1004 1429 ἀδικηθέντι,
1037 1385 1132 1421 διότι
1162 1391 1236 1422 τοῖς
1259 1390 1341 1432 περὶ
1409 1391 1531 1432 pterea
1565 1387 1686 1422 laesus
1721 1391 1794 1430 est,
1836 1387 1920 1431 quia
1953 1388 2008 1423 his
2047 1399 2139 1433 quae
2180 1392 2281 1435 gesta
2320 1393 2404 1425 sunt
2439 1389 2484 1424 de

260 1433 324 1475 τῆς
347 1431 515 1478 αἱρέσεως
537 1433 615 1467 τῶν
639 1430 824 1466 δικαστῶν
841 1435 1049 1487 1γενομένοις
1072 1434 1258 1467 ἐπίστευσε
1281 1435 1341 1466 καὶ
1410 1433 1581 1468 electione
1603 1432 1760 1468 iudicum
1785 1433 1934 1469 credidit
1964 1438 2000 1468 et
2022 1433 2099 1469 ideo
2131 1445 2202 1470 non
2234 1437 2290 1470 est
2311 1438 2483 1470 executus

262 1475 323 1511 διὰ
353 1478 461 1512 τοῦτο
490 1474 555 1512 οὐκ
579 1476 779 1520 ἐπεξῆλθεν
811 1475 895 1511 ουδὲ
927 1476 1114 1524 ἐπλήρωσε
1143 1477 1212 1521 τὴν
1237 1475 1340 1519 δίκην
1408 1487 1524 1522 neque
1555 1478 1743 1522 complevit
1773 1478 1869 1513 litem
1900 1478 1992 1520 illic,
2025 1489 2067 1514 eo
2099 1479 2195 1524 quod
2225 1479 2321 1525 apud
2350 1479 2483 1515 iudices

262 1524 373 1556 ἐκεῖσε
409 1520 470 1557 διοὶ
506 1522 549 1557 τὸ
581 1523 681 1568 παρὰ
717 1525 789 1556 τοῖς
822 1520 1005 1557 δικασταῖς
1035 1525 1179 1558 ἐκείνοις
1210 1520 1339 1569 ἀγωνι-
1353 1524 1395 1558 25
1408 1523 1488 1559 illos
1514 1523 1561 1558 sit
1584 1523 1817 1558 exercitatum
1842 1523 2030 1568 negotium.

261 1568 402 1610 σθῆναι
425 1567 492 1611 τὴν
516 1566 710 1602 ὑπόθεσιν.

325 1609 615 1660 <Ἐπίλογος.>
667 1614 786 1647 Ταῦτα
814 1617 938 1647 τοίνυν
969 1615 1029 1648 ἐπὶ
1059 1612 1174 1656 πάσης
1203 1610 1340 1648 ὑποθέ-
1463 1612 1738 1658 <Epilogus.>
1783 1613 1883 1648 Haec
1910 1613 2018 1658 igitur
2046 1613 2083 1649 in
2115 1614 2210 1649 omni
2238 1614 2378 1658 negotio
2408 1624 2480 1650 ser-

261 1669 352 1692 σεως
375 1656 629 1704 φυλάττεσθαι
651 1658 751 1703 παρὰ
781 1659 846 1692 τοῦ
872 1659 934 1691 σοῦ
962 1656 1191 1704 δικαστηρίου
1214 1657 1339 1703 βουλό·
1408 1660 1483 1694 vari
1515 1658 1611 1703 apud
1640 1662 1741 1693 tuum
1770 1658 1888 1694 forum
1920 1659 2081 1694 volumus
2111 1661 2148 1694 et
2174 1658 2255 1705 <ab>
2283 1660 2378 1694 omni
2399 1660 2482 1702 alio,

261 1703 363 1748 μεθα
385 1706 446 1737 καὶ
469 1703 566 1749 παρὰ
591 1703 730 1738 παντὸς
759 1704 880 1750 ἑτέρου
904 1703 997 1738 κατὰ
1028 1703 1071 1738 τὸ
1098 1704 1266 1759 ἑφετικὸν
1288 1701 1340 1737 δι·
1410 1703 1472 1738 ubi
1496 1703 1690 1739 secundum
1720 1703 1971 1748 appellationis
2002 1704 2179 1739 iudicatur
2202 1704 2362 1746 schema,
2394 1715 2481 1750 qua·
2521 1735 2530 1744 .

261 1746 432 1790 κάζοντος
447 1750 577 1794 σχῆμα,
601 1746 691 1783 diere
705 1747 818 1792 μηδὲν
842 1747 948 1795 ἄχαρι
971 1751 1053 1793 περι
1072 1760 1153 1783 τους
1167 1745 1342 1791 ὑπηκόους
1354 1751 1397 1784 30
1409 1753 1513 1784 tenus
1545 1748 1633 1783 nihil
1662 1748 1794 1784 iniuste
1825 1749 1921 1784 circa
1955 1754 2097 1785 nostros
2134 1749 2313 1785 subiectos
2344 1756 2481 1794 agatur.

261 1793 342 1828 τοὺς
372 1791 560 1840 ἡμετέρους
591 1794 830 1839 πράττεσθαι.
879 1794 910 1827 εἰ
933 1797 1056 1836 μέντοι
1086 1797 1145 1827 καὶ
1175 1794 1265 1837 μετὰ
1297 1794 1339 1827 τὸ
1410 1794 1448 1829 Si
1471 1803 1553 1829 vero
1583 1793 1690 1829 etiam
1721 1796 1910 1838 postquam
1940 1793 2158 1830 deseruerint
2188 1795 2319 1831 electos
2348 1795 2482 1831 iudices

261 1835 536 1885 ἀπολειφθῆναι
563 1840 640 1873 τῶν
664 1838 821 1886 αἱρετῶν
852 1836 1036 1873 δικαστῶν
1067 1838 1184 1882 διετὴς
1213 1837 1341 1883 παρέλ-
1410 1838 1543 1874 biennii
1565 1841 1727 1874 transeat
1749 1843 1900 1884 tempus,
1932 1843 2018 1874 tunc
2044 1840 2247 1875 confirmari
2270 1841 2483 1876 sententiam

261 1884 328 1918 θοι
351 1883 487 1930 χρόνος,
511 1885 713 1928 τηνικαῦτα
734 1884 922 1929 ἐρρῶσθαι
941 1883 1010 1927 τὴν
1029 1885 1153 1930 ψῆφον
1174 1883 1268 1918 κατὰ
1283 1884 1343 1918 τὰς
1412 1884 1605 1919 secundum
1641 1884 1913 1920 constitutiones
1955 1885 1998 1919 de
2039 1885 2108 1920 hoc
2147 1885 2265 1920 factas
2307 1896 2329 1920 a
2367 1886 2481 1922 nobis,

262 1932 345 1974 περὶ
375 1929 503 1964 τούτου
532 1931 726 1976 γενομένας
754 1925 843 1975 παρ’
877 1926 983 1972 ἡμῶν
1014 1927 1202 1969 διατάξεις.
1251 1925 1342 1974 ὅπερ
1411 1929 1513 1973 Quod
1543 1929 1650 1964 etiam
1681 1929 1845 1974 deinceps
1875 1929 1911 1963 in
1935 1929 2098 1965 omnibus
2129 1929 2260 1965 futuris
2290 1931 2483 1966 secundum

262 1976 323 2009 ἐπὶ
356 1976 434 2009 τῶν
466 1975 591 2022 ἐφεξῆς
621 1975 898 2018 συμβαινουσῶν
930 1975 1226 2019 τοιουτοτρόπων
1254 1972 1340 2008 ὑπο-
1356 1976 1396 2009 35
1411 1975 1476 2010 hos
1505 1974 1630 2010 modos
1661 1974 1810 2019 negotiis
1842 1974 1958 2010 valere
1988 1975 2161 2017 volumus,
2198 1975 2276 2010 aliis
2307 1976 2482 2019 omnibus,

264 2019 408 2054 θέσεων
428 2023 573 2065 κρατεῖν
594 2018 818 2064 βουλόμεθα,
841 2020 919 2053 τῶν
935 2018 1058 2052 ἄλλων
1074 2018 1255 2053 ἁπάντων
1271 2015 1341 2053 ὅσα

261 2199 340 2224 eam
364 2189 549 2234 oporteret
571 2186 713 2223 biennio
736 2185 847 2221 semel
867 2188 1011 2226 exacto,
1032 2184 1134 2220 illum
1158 2188 1277 2221 autem
1295 2188 1493 2231 propterea
1517 2184 1613 2220 litem
1634 2188 1861 2232 persecutum
1883 2195 1958 2220 non
1977 2195 2054 2221 esse
2077 2185 2178 2232 apud
2195 2185 2351 2232 qloriam
2374 2190 2481 2229 tuam,

262 2232 360 2279 quod
382 2242 494 2268 causa
517 2231 619 2278 apud
640 2231 771 2267 electos
795 2230 955 2266 arbitros
977 2230 1166 2266 diceretur.

396 2277 424 2312 I.
473 2275 665 2312 Sancimus
689 2277 801 2323 iqitur
818 2276 1050 2323 praedictam
1073 2285 1221 2310 causam
1244 2285 1295 2310 ex
1310 2285 1385 2326 qua
1407 2274 1510 2310 nobis
1532 2273 1621 2310 haec
1644 2275 1812 2310 nuntiata
1834 2279 1919 2310 sunt
1938 2275 2038 2312 nullo
2057 2274 2267 2311 detrimento
2290 2275 2395 2320 affici
2411 2287 2484 2322 per

261 2324 449 2359 decursum
473 2322 655 2369 temporis
685 2332 802 2368 neque
827 2326 946 2357 ratam
970 2332 1046 2357 esse
1075 2320 1289 2356 sententiam
1317 2318 1447 2355 iudicis
1477 2330 1500 2355 a
1524 2330 1597 2365 qua
1618 2319 1726 2356 semel
1748 2319 1970 2366 appellatum
1993 2320 2057 2363 sit,
2088 2319 2152 2355 sed
2166 2323 2362 2366 praeterea
2385 2321 2486 2367 apud

264 2376 360 2405 tuam
383 2378 528 2420 quoque
551 2367 708 2414 qloriam
731 2367 941 2403 examinari
969 2371 1005 2402 et
1036 2365 1233 2412 leqitimum
1253 2365 1362 2410 finem
1387 2364 1563 2411 accipere,
1594 2364 1677 2400 licet
1698 2366 1887 2401 sescenties
1917 2366 2060 2412 lonqius
2091 2364 2233 2400 biennio
2259 2370 2396 2412 tempus
2418 2377 2482 2402 ex-

262 2417 408 2450 cesserit
430 2412 638 2453 eoecedatve.
686 2410 732 2447 In
750 2416 942 2459 posterum
966 2422 1050 2447 vero
1080 2411 1119 2445 in
1144 2410 1244 2446 omni
1264 2420 1385 2451 causa,
1413 2411 1451 2445 in
1473 2421 1546 2456 qua
1569 2409 1743 2445 eiusmodi
1765 2409 1906 2456 aliquid
1925 2410 2118 2456 eontigerit
2147 2414 2183 2445 et
2212 2410 2249 2445 in
2273 2410 2391 2446 media
2421 2411 2483 2447 lite

262 2458 363 2506 apud
385 2457 536 2494 iudicem
560 2456 817 2504 appellationis
839 2461 938 2492 mota
969 2456 1026 2492 vel
1047 2456 1154 2492 etiam
1177 2466 1251 2491 non
1275 2459 1372 2491 mota
1395 2455 1462 2490 alii
1483 2455 1628 2501 quidam
1652 2454 1754 2490 electi
1775 2455 1858 2498 sint,
1884 2460 1918 2492 et
1938 2460 2136 2503 propterea
2161 2455 2339 2491 biennium
2362 2459 2481 2491 trans-

261 2505 356 2547 ierit,
386 2504 484 2539 intra
507 2503 606 2549 quod
631 2502 890 2549 appellationis
912 2501 1048 2537 iudices
1071 2501 1167 2536 litem
1189 2500 1353 2536 decidere
1378 2500 1580 2547 oportebat,
1613 2510 1657 2535 ac
1679 2510 1904 2546 quocumque
1928 2512 2014 2536 casu
2037 2500 2087 2536 ad
2108 2499 2244 2536 iudices
2266 2500 2482 2547 appellatio-

262 2551 319 2586 nis
350 2549 394 2584 lis
423 2548 540 2585 denuo
564 2547 701 2589 redeat,
732 2547 803 2583 reli
827 2547 884 2582 uis
905 2546 1049 2593 quidem
1072 2545 1235 2582 omnibus
1264 2545 1316 2580 uti
1341 2545 1446 2581 liceat
1465 2545 1645 2591 partibus,
1677 2551 1858 2591 tamquam
1884 2546 1919 2580 si
1939 2546 2109 2581 iudicium
2133 2545 2388 2592 appellationis
2410 2557 2483 2582 non

262 2594 504 2631 deseruissent
533 2605 578 2629 ne
604 2604 648 2629 ue
678 2593 728 2628 ad
757 2558 917 2628 argitros
947 2592 1141 2633 venissent,
1172 2602 1215 2626 eo
1241 2594 1358 2642 tamen
1391 2590 1490 2636 quod
1510 2590 1698 2643 ⁸biennium
1722 2591 1958 2636 praeterierit
1989 2591 2042 2625 uti
2067 2595 2255 2636 nequeant.
2303 2590 2397 2642 Illam
2447 2591 2485 2626 ui

261 2639 371 2676 semel
391 2638 527 2675 iudices
549 2650 572 2674 a
588 2639 643 2674 ios
666 2638 784 2684 eleqit,
815 2637 917 2673 nullo
940 2637 1019 2673 iure
1041 2636 1221 2672 silentium
1245 2636 1374 2672 obiciet
1397 2636 1430 2671 ei
1454 2646 1516 2682 qut
1537 2640 1736 2688 propterea
1760 2635 1892 2670 damno
1916 2636 2070 2680 affectus
2093 2639 2157 2677 est,
2187 2635 2288 2681 quod
2309 2646 2355 2670 us
2374 2636 2404 2681 fi
2429 2647 2482 2672 em

263 2685 390 2721 habuit
419 2695 513 2731 quae
541 2683 586 2719 de
617 2683 774 2719 iudicum
799 2682 973 2719 electione
999 2682 1106 2728 facta
1128 2686 1212 2717 sunt
1242 2685 1279 2716 et
1295 2686 1497 2727 propterea
1520 2680 1616 2717 litem
1639 2679 1697 2716 llic
1720 2691 1793 2715 non
1814 2685 2025 2726 persecutus
2055 2684 2110 2716 est
2140 2691 2254 2726 neque
2284 2680 2481 2728 complevit,

263 2730 361 2777 quod
384 2730 485 2811 agud-
507 2729 641 2765 iudices
664 2728 748 2764 illos
771 2738 881 2780 causa
905 2727 1116 2779 aqitaretur.
1397 2771 1403 2777 ι
1430 2771 1437 2777 ι
1600 2771 1607 2778 ι
1631 2770 1669 2805 d·
1696 2770 1703 2777 .
1805 2769 1820 2805 l
2035 2770 2054 2806 b
2165 2770 2172 2777 ·
2220 2768 2247 2803 Γ
2381 2769 2406 2804 d

263 2820 418 2858 cundum
439 2772 1249 2871 tzitta⁸aptltziistt²⁴futssctffnz52²3&
1263 2771 1583 2862 {235525‘Zd250r‘2‘35
1592 2775 2000 2851 ‘2212352210‘2022‘32‘225‘22
2010 2780 2219 2850 “atssr'fm‘s?
2234 2779 2481 2850 ’ἶὲὦὲθειεέἷη

262 2871 457 2912 postquam
480 2864 524 2900 ab
549 2864 669 2900 electis
693 2863 841 2899 arbitris
863 2867 1089 2899 recesserunt
1110 2861 1244 2898 biennii
1268 2865 1406 2908 tempus
1431 2861 1632 2903 transierit,
1666 2865 1750 2896 tunc
1772 2860 1949 2896 sententia
2007 2870 2086 2894 rma
2108 2859 2158 2895 sit
2179 2858 2371 2894 seeundum
2395 2870 2479 2895 con-

263 2911 469 2947 stitutiones
491 2909 536 2945 de
560 2909 628 2944 lzac
651 2920 691 2944 re
713 2920 737 2943 a
760 2908 862 2945 nobis
884 2909 1020 2954 factas.
1068 2906 1173 2951 Quod
1190 2906 1333 2953 quidem
1356 2907 1395 2940 in
1415 2906 1492 2941 eius
1511 2906 1654 2952 qeneris
1676 2905 1796 2941 causis
1819 2905 1986 2952 deinceps
2000 2904 2139 2951 futuris
2161 2903 2280 2940 valere
2299 2903 2481 2941 volumus.-

317 3082 340 3115 4
364 3079 590 3122 Θεσπίζομεν
611 3074 726 3122 μηδὲν
747 3075 931 3121 βλαβῆναι
956 3073 1024 3109 τὸν
1047 3075 1180 3120 ἐφέντα
1209 3074 1341 3127 τῇετοίὖ
1428 3119 1434 3126 ῃ
1455 3118 1463 3125 .
1480 3075 1500 3107 2
1523 3075 1732 3116 persecutum
1759 3073 1906 3117 V¹vu19.
1941 3083 2000 3124 per
2023 3072 2217 3106 exercitium
2242 3071 2353 3124 Ί.’3,(ς.
2377 3085 2408 3105 υ.
2433 3072 2482 3106 ire

264 3121 824 3206 ἷςίἷῖἶυῖαἷὸδὲἒὲᾗιξῗὲᾈῗδὲ
846 3120 921 3199 ,ΤΞΥ
930 3122 1011 3209 ι’ῗῖἷ
1029 3121 1342 3209 adimittur}
1410 3119 1600 3197 ἷξῖἒῖοὲῂίἕῖ·
1621 3119 1820 3207 {tigisi}
1835 3118 2054 3207 'Lietm‘sslff
2073 3117 2331 3206 fftllsss‘biffi
2347 3118 2481 3196 {¹⁸02ss

266 3212 679 3305 ’ἑῗῆῗγτραὲἷιέἱεέὲαίὴ
687 3213 755 3300 13³]3⁶
770 3209 1120 3299 έμῖῗξέἕῗὲαῗὶυίΐ
1133 3210 1344 3291 κ’ᾎῑτῖζῖἕἽι
1412 3209 1554 3287 ffel-1¹¹3}
1576 3208 1636 3287 Σὲἓ
1652 3207 2286 3297 ἔῗὲῗὲῗείἓῃυίιῗῖθέιῖῖῗζίῗινῖἓ
2308 3207 2480 3285 ἱῗὲῃὲιῖῗὶζ

268 3309 288 3342 8
312 3309 371 3341 καὶ
394 3307 502 3350 πέρας
534 3301 574 3337 δὲ
596 3300 752 3347 νόμιμον
795 3299 1018 3341 πιδέξασθαι
1042 3301 1091 3335 Β’
1123 3299 1135 3344 ΙΙ
1163 3303 1183 3334 9
1206 3297 1344 3332 πλείων
1414 3300 1463 3331 R⁰
1487 3299 1499 3342 ΙΙ
1527 3301 1567 3333 12
1590 3298 1830 3351 appellationes
1855 3299 1887 3332 Τ
1895 3299 1905 3319 ¹
1931 3298 1943 3342 ΙΙ
1971 3298 2099 3350 aliquid
2126 3298 2178 3331 Ta
2202 3297 2215 3342 ΙΙ
2244 3298 2284 3350 13
2308 3295 2480 3339 oportebat

273 3353 329 3394 3¹]
353 3349 475 3385 πλέων
498 3349 552 3383 Bt
574 3346 670 3392 πλὴν
695 3348 757 3390 B‘,
782 3360 838 3380 om.
853 3348 884 3380 L
899 3349 982 3385 vutq.
1008 3346 1020 3390 ss
1049 3348 1083 3379 11
1111 3346 1235 3390 γέγονε
1261 3344 1310 3377 ΒΥ
1332 3343 1344 3388 ΙΙ
1412 3344 1505 3377 Beck
1528 3343 1541 3387 ΙΙ
1572 3346 1612 3378 14
1635 3343 1778 3396 iud-loem
1804 3345 1837 3377 T
1854 3345 1866 3386 ΙΙ
1893 3343 2042 3396 qualibet
2066 3343 2115 3377 V¹
2140 3343 2152 3386 ΙΙ
2179 3344 2220 3394 λθ
2243 3344 2287 3374 tm
2310 3350 2402 3383 posse
2429 3341 2479 3373 T¹

274 3399 312 3431 12
335 3396 542 3438 κινουμένης
566 3408 622 3427 om.
650 3394 698 3427 B⁶
716 3393 729 3437 ΙΙ
755 3394 794 3427 13
820 3389 1025 3436 εὑρεθῶσιν
1048 3391 1098 3424 B*
1116 3392 1128 3434 ΙΙ
1152 3390 1270 3434 ἕτεραι
1297 3389 1343 3422 Β*
1411 3400 1507 3431 posse
1522 3392 1631 3421 tamen
1649 3391 1707 3429 (tm
1727 3389 1788 3430 13¹)
1804 3389 1836 3421 R
1855 3390 1866 3431 ΙΙ
1882 3392 1933 3421 uti
1956 3402 2014 3421 om.
2036 3388 2085 3422 V¹
2101 3389 2113 3430 u
2132 3397 2210 3429 quia
2230 3385 2308 3428 V⁸fl
2325 3386 2367 3435 29
2383 3395 2477 3437 praef

269 3455 300 3473 υ.
315 3443 334 3474 l.
357 3441 371 3484 ΙΙ
400 3443 441 3475 14
464 3437 646 3483 παρέλθοι
671 3439 720 3472 13⁶
740 3438 753 3480 11
779 3439 821 3471 22
846 3434 905 3470 διὰ
929 3435 1057 3470 τούτου
1082 3436 1113 3468 L
1138 3435 1151 3478 ΙΙ
1179 3436 1221 3469 23
1244 3445 1343 3480 γενο-
1411 3435 1490 3466 terit
1515 3435 1546 3467 R
1574 3434 1711 3486 praetiit
1742 3434 1776 3467 V
1797 3434 1809 3477 fl
1838 3435 1924 3474 nam]
1955 3443 2096 3475 namque
2125 3432 2173 3465 T·
2200 3431 2212 3471 ΙΙ
2239 3431 2281 3463 22
2304 3431 2394 3470 qnia]
2419 3440 2477 3471 qui

269 3488 386 3527 μένοις
411 3485 526 3526 MBa]
561 3485 759 3530 γινομένοις
790 3482 882 3516 LBr
906 3482 919 3525 ΙΙ
951 3482 1138 3515 ἐπίστευσε
1170 3493 1227 3513 οηι.
1253 3481 1300 3512 B‘
1339 3478 1344 3522 Ι
1411 3478 1451 3530 ab
1472 3479 1516 3531 V
1536 3479 1548 3524 ΙΙ
1578 3490 1637 3521 qm
1668 3479 1736 3512 VT
1744 3478 1755 3499 ¹
1784 3479 1796 3521 ΙΙ
1823 3480 1865 3513 23
1895 3481 2088 3532 consecutus
2118 3476 2166 3510 Τι
2192 3474 2206 3517 Ι
2234 3474 2275 3507 27
2299 3473 2373 3506 Hoc
2391 3474 2477 3526 ‘1⁷’ss

272 3532 311 3563 27
340 3530 459 3563 Ταῦτα
475 3549 511 3553 -
534 3531 574 3563 31
594 3525 823 3574 πράττεσθαι
848 3540 906 3559 οηι.
922 3527 971 3560 B·
987 3527 998 3569 ΙΙ
1016 3523 1247 3570 ὑπερθέσεως
1267 3525 1314 3557 13⁶
1339 3523 1344 3567 Ι
1410 3524 1531 3556 mdmo
1556 3524 1610 3567 Vss
1634 3525 1676 3559 28
1701 3523 1783 3564 *ΒΜ
1807 3537 1864 3575 σπι.
1891 3524 1977 3564 lubra,
1999 3532 2035 3555 in
2055 3519 2171 3563 vulq..
2195 3519 2238 3552 29
2260 3527 2366 3551 scema
2389 3519 2475 3552 iudx-

272 3575 315 3608 30
338 3572 418 3627 ἄχρι
431 3576 501 3616 (sic)
518 3576 601 3618 περὶ
625 3571 707 3607 τοὺς
729 3567 1114 3624 ἡμετέρουςυῦπηκόους
1131 3571 1181 3604 13⁶
1199 3571 1211 3612 ΙΙ
1227 3570 1270 3625 32
1288 3567 1342 3623 αἱ·
1411 3572 1504 3601 catur
1528 3570 1556 3601 R
1573 3569 1585 3614 ΙΙ
1604 3570 1645 3604 31
1671 3569 1851 3602 deseruerit
1877 3567 1929 3602 T²

273 3630 424 3663 ρετικων
448 3619 497 3652 B‘
517 3619 529 3660 ΙΙ
544 3620 589 3653 34
611 3620 800 3664 γινομένας
823 3616 874 3651 ΒΓ
890 3615 902 3660 ΙΙ
918 3627 1008 3660 οπερ
1034 3635 1073 3640 -
1100 3617 1206 3657 461,3
1227 3624 1342 3656 ισχυος

274 3675 332 3695 om.
359 3663 405 3695 B¹
420 3663 433 3705 ΙΙ
458 3665 501 3697 35
525 3664 585 3696 ἐπὶ
607 3663 686 3696 τῶν
709 3662 786 3705 ἑξῆς
809 3660 1084 3706 συμβαινουσῶν
1100 3661 1136 3694 Β
1165 3660 1264 3694 etiam
1287 3659 1340 3692 de-

274 3708 387 3754 inceps
409 3707 444 3738 in
468 3708 621 3741 omnibus
645 3708 767 3740 futuris
791 3706 838 3755 511
856 3708 899 3741 36
923 3705 1078 3743 πάντων
1101 3706 1185 3742 LB⁶
