<?xml version="1.0" encoding="UTF-8"?>
<!DOCTYPE html PUBLIC "-//W3C//DTD XHTML 1.0 Transitional//EN"
    "http://www.w3.org/TR/xhtml1/DTD/xhtml1-transitional.dtd">
<html xmlns="http://www.w3.org/1999/xhtml" xml:lang="en" lang="en">
 <head>
  <title>
</title>
<meta http-equiv="Content-Type" content="text/html;charset=utf-8" />
  <meta name='ocr-system' content='tesseract 3.04.00' />
  <meta name='ocr-capabilities' content='ocr_page ocr_carea ocr_par ocr_line ocrx_word'/>
</head>
<body>
  <div class='ocr_page' id='page_1' title='image "./corpusiuriscivil03krueuoft_0441.png"; bbox 0 0 2618 4010; ppageno 0'>
   <div class='ocr_carea' id='block_1_1' title="bbox 162 71 2404 157">
    <p class='ocr_par' dir='ltr' id='par_1_1' title="bbox 162 71 2404 157">
     <span class='ocr_line' id='line_1_1' title="bbox 162 71 2404 157; baseline -0.001 -10"><span class='ocrx_word' id='word_1_1' title='bbox 162 116 223 147; x_wconf 73' lang='lat' dir='ltr'><strong>ns</strong></span> <span class='ocrx_word' id='word_1_2' title='bbox 252 112 610 151; x_wconf 59' lang='lat' dir='ltr'><strong>consanctumms</strong></span> <span class='ocrx_word' id='word_1_3' title='bbox 643 113 702 145; x_wconf 69' lang='lat' dir='ltr'><strong>nm</strong></span> <span class='ocrx_word' id='word_1_4' title='bbox 731 113 939 146; x_wconf 72' lang='lat' dir='ltr'><strong>urnmms</strong></span> <span class='ocrx_word' id='word_1_5' title='bbox 1256 71 1334 146; x_wconf 79' lang='lat'><strong>411</strong></span> <span class='ocrx_word' id='word_1_6' title='bbox 1962 101 2070 145; x_wconf 84' lang='lat' dir='ltr'><strong>Nov.</strong></span> <span class='ocrx_word' id='word_1_7' title='bbox 2091 100 2312 144; x_wconf 89' lang='lat' dir='ltr'>LXXXIV</span> <span class='ocrx_word' id='word_1_8' title='bbox 2340 113 2404 157; x_wconf 89' lang='lat' dir='ltr'><strong>pr.</strong></span> 
     </span>
    </p>
   </div>
   <div class='ocr_carea' id='block_1_2' title="bbox 163 211 2403 624">
    <p class='ocr_par' dir='ltr' id='par_1_2' title="bbox 163 211 2403 351">
     <span class='ocr_line' id='line_1_2' title="bbox 163 211 2402 261; baseline -0.001 -11"><span class='ocrx_word' id='word_1_9' title='bbox 163 218 332 261; x_wconf 76' lang='grc' dir='ltr'><strong><em>τημένων</em></strong></span> <span class='ocrx_word' id='word_1_10' title='bbox 354 213 425 250; x_wconf 70' lang='grc' dir='ltr'><strong><em>εἴτε</em></strong></span> <span class='ocrx_word' id='word_1_11' title='bbox 444 215 506 250; x_wconf 74' lang='grc' dir='ltr'><strong>ἐπὶ</strong></span> <span class='ocrx_word' id='word_1_12' title='bbox 527 217 605 249; x_wconf 80' lang='grc' dir='ltr'><strong><em>ταῖς</em></strong></span> <span class='ocrx_word' id='word_1_13' title='bbox 628 211 852 261; x_wconf 75' lang='grc' dir='ltr'><strong><em>ἁγιωτάταις</em></strong></span> <span class='ocrx_word' id='word_1_14' title='bbox 875 213 1075 259; x_wconf 76' lang='grc' dir='ltr'><strong><em>ἐκκλησίαις</em></strong></span> <span class='ocrx_word' id='word_1_15' title='bbox 1097 214 1169 250; x_wconf 75' lang='grc' dir='ltr'><strong><em>εἴτε</em></strong></span> <span class='ocrx_word' id='word_1_16' title='bbox 1186 216 1246 250; x_wconf 75' lang='grc' dir='ltr'><strong>ἐπὶ</strong></span> <span class='ocrx_word' id='word_1_17' title='bbox 1316 224 1424 260; x_wconf 86' lang='lat' dir='ltr'><strong>super</strong></span> <span class='ocrx_word' id='word_1_18' title='bbox 1453 214 1689 251; x_wconf 78' lang='lat' dir='ltr'>sanctissimis</span> <span class='ocrx_word' id='word_1_19' title='bbox 1719 214 1880 250; x_wconf 84' lang='lat' dir='ltr'><strong>ecclesiis</strong></span> <span class='ocrx_word' id='word_1_20' title='bbox 1913 214 1987 251; x_wconf 87' lang='lat' dir='ltr'><strong>sive</strong></span> <span class='ocrx_word' id='word_1_21' title='bbox 2015 224 2125 261; x_wconf 88' lang='lat' dir='ltr'><strong>super</strong></span> <span class='ocrx_word' id='word_1_22' title='bbox 2149 214 2215 250; x_wconf 86' lang='lat' dir='ltr'><strong>deo</strong></span> <span class='ocrx_word' id='word_1_23' title='bbox 2239 212 2402 249; x_wconf 81' lang='lat' dir='ltr'><strong>amabili-</strong></span> 
     </span>
     <span class='ocr_line' id='line_1_3' title="bbox 165 257 2403 306; baseline -0 -11"><span class='ocrx_word' id='word_1_24' title='bbox 165 263 238 295; x_wconf 84' lang='grc' dir='ltr'><strong><em>τοῖς</em></strong></span> <span class='ocrx_word' id='word_1_25' title='bbox 253 257 550 306; x_wconf 72' lang='grc' dir='ltr'><strong><em>θεοφιλεστάτοις</em></strong></span> <span class='ocrx_word' id='word_1_26' title='bbox 572 259 783 296; x_wconf 74' lang='grc' dir='ltr'><strong><em>ἐπισκόποις</em></strong></span> <span class='ocrx_word' id='word_1_27' title='bbox 805 260 877 295; x_wconf 74' lang='grc' dir='ltr'><strong><em>εἴτε</em></strong></span> <span class='ocrx_word' id='word_1_28' title='bbox 898 261 960 296; x_wconf 70' lang='grc' dir='ltr'><strong>ἐπὶ</strong></span> <span class='ocrx_word' id='word_1_29' title='bbox 977 258 1152 306; x_wconf 82' lang='grc' dir='ltr'><strong><em>κληρικοῖς</em></strong></span> <span class='ocrx_word' id='word_1_30' title='bbox 1175 260 1246 295; x_wconf 76' lang='grc' dir='ltr'><strong><em>εἴτε</em></strong></span> <span class='ocrx_word' id='word_1_31' title='bbox 1315 261 1383 296; x_wconf 89' lang='lat' dir='ltr'><strong>bus</strong></span> <span class='ocrx_word' id='word_1_32' title='bbox 1407 260 1583 306; x_wconf 86' lang='lat' dir='ltr'><strong>episcopis</strong></span> <span class='ocrx_word' id='word_1_33' title='bbox 1607 260 1682 296; x_wconf 86' lang='lat' dir='ltr'><strong>sive</strong></span> <span class='ocrx_word' id='word_1_34' title='bbox 1702 270 1810 305; x_wconf 84' lang='lat' dir='ltr'><strong>super</strong></span> <span class='ocrx_word' id='word_1_35' title='bbox 1837 260 1976 296; x_wconf 82' lang='lat' dir='ltr'><strong>clericis</strong></span> <span class='ocrx_word' id='word_1_36' title='bbox 2001 260 2074 297; x_wconf 87' lang='lat' dir='ltr'><strong>sive</strong></span> <span class='ocrx_word' id='word_1_37' title='bbox 2090 270 2200 306; x_wconf 86' lang='lat' dir='ltr'><strong>super</strong></span> <span class='ocrx_word' id='word_1_38' title='bbox 2218 258 2403 296; x_wconf 83' lang='lat' dir='ltr'><strong>monachis</strong></span> 
     </span>
     <span class='ocr_line' id='line_1_4' title="bbox 165 302 1936 351; baseline 0.001 -12"><span class='ocrx_word' id='word_1_39' title='bbox 165 307 226 342; x_wconf 82' lang='grc' dir='ltr'><strong>ἐπὶ</strong></span> <span class='ocrx_word' id='word_1_40' title='bbox 247 318 343 351; x_wconf 83' lang='grc' dir='ltr'><strong><em>μονα</em></strong></span> <span class='ocrx_word' id='word_1_41' title='bbox 363 307 414 340; x_wconf 85' lang='grc' dir='ltr'><strong>οῖς</strong></span> <span class='ocrx_word' id='word_1_42' title='bbox 435 305 504 340; x_wconf 76' lang='grc' dir='ltr'><strong>τ“ν</strong></span> <span class='ocrx_word' id='word_1_43' title='bbox 527 302 626 340; x_wconf 80' lang='grc' dir='ltr'><strong><em>ἰδίαν</em></strong></span> <span class='ocrx_word' id='word_1_44' title='bbox 650 304 754 349; x_wconf 77' lang='grc' dir='ltr'><strong><em>ἰοχῦν</em></strong></span> <span class='ocrx_word' id='word_1_45' title='bbox 778 304 950 349; x_wconf 75' lang='grc' dir='ltr'><strong><em>ἐχόντων.</em></strong></span> <span class='ocrx_word' id='word_1_46' title='bbox 1316 316 1382 351; x_wconf 87' lang='lat' dir='ltr'><strong>pro</strong></span> <span class='ocrx_word' id='word_1_47' title='bbox 1409 307 1499 341; x_wconf 84' lang='lat' dir='ltr'><strong>riam</strong></span> <span class='ocrx_word' id='word_1_48' title='bbox 1521 306 1687 342; x_wconf 87' lang='lat' dir='ltr'><strong>virtutem</strong></span> <span class='ocrx_word' id='word_1_49' title='bbox 1710 305 1936 342; x_wconf 85' lang='lat' dir='ltr'><strong>habentibus.</strong></span> 
     </span>
    </p>

    <p class='ocr_par' dir='ltr' id='par_1_3' title="bbox 164 347 2402 536">
     <span class='ocr_line' id='line_1_5' title="bbox 208 347 2401 398; baseline 0 -12"><span class='ocrx_word' id='word_1_50' title='bbox 208 347 327 397; x_wconf 79' lang='grc' dir='ltr'><strong>(Ἐπί</strong></span> <span class='ocrx_word' id='word_1_51' title='bbox 359 363 435 397; x_wconf 80' lang='lat' dir='ltr'><strong>oya</strong></span> <span class='ocrx_word' id='word_1_52' title='bbox 444 362 468 385; x_wconf 74' lang='lat' dir='ltr'><strong>c.</strong></span> <span class='ocrx_word' id='word_1_53' title='bbox 540 347 588 385; x_wconf 85' lang='lat' dir='ltr'><strong>‘H</strong></span> <span class='ocrx_word' id='word_1_54' title='bbox 617 355 743 386; x_wconf 78' lang='grc' dir='ltr'><strong><em>τοίνυν</em></strong></span> <span class='ocrx_word' id='word_1_55' title='bbox 779 351 824 395; x_wconf 87' lang='grc' dir='ltr'><strong><em>σὴ</em></strong></span> <span class='ocrx_word' id='word_1_56' title='bbox 860 349 973 398; x_wconf 77' lang='grc' dir='ltr'><strong><em>ὖπερο</em></strong></span> <span class='ocrx_word' id='word_1_57' title='bbox 1002 350 1011 362; x_wconf 72' lang='grc'><em>“</em></span> <span class='ocrx_word' id='word_1_58' title='bbox 1052 350 1097 387; x_wconf 74' lang='grc' dir='ltr'><strong>τὰ</strong></span> <span class='ocrx_word' id='word_1_59' title='bbox 1133 363 1249 398; x_wconf 81' lang='grc' dir='ltr'><strong><em>παροι-</em></strong></span> <span class='ocrx_word' id='word_1_60' title='bbox 1362 352 1378 398; x_wconf 91' lang='grc'>&lt;</span> <span class='ocrx_word' id='word_1_61' title='bbox 1421 350 1639 397; x_wconf 80' lang='lat' dir='ltr'><strong>pilogus.&gt;</strong></span> <span class='ocrx_word' id='word_1_62' title='bbox 1685 351 1766 386; x_wconf 78' lang='lat' dir='ltr'><strong>Tua</strong></span> <span class='ocrx_word' id='word_1_63' title='bbox 1796 351 1905 396; x_wconf 68' lang='lat' dir='ltr'><strong>igilzur</strong></span> <span class='ocrx_word' id='word_1_64' title='bbox 1935 351 2126 388; x_wconf 74' lang='lat' dir='ltr'><strong>eminentia</strong></span> <span class='ocrx_word' id='word_1_65' title='bbox 2157 360 2249 397; x_wconf 76' lang='lat' dir='ltr'><strong>quae</strong></span> <span class='ocrx_word' id='word_1_66' title='bbox 2276 350 2401 396; x_wconf 73' lang='lat' dir='ltr'><strong>placu-</strong></span> 
     </span>
     <span class='ocr_line' id='line_1_6' title="bbox 166 365 2402 443; baseline 0 -13"><span class='ocrx_word' id='word_1_67' title='bbox 166 394 307 431; x_wconf 78' lang='grc' dir='ltr'><strong><em>στάντα</em></strong></span> <span class='ocrx_word' id='word_1_68' title='bbox 329 393 415 441; x_wconf 82' lang='grc' dir='ltr'><strong><em>ἡμῖν</em></strong></span> <span class='ocrx_word' id='word_1_69' title='bbox 438 399 499 430; x_wconf 73' lang='grc' dir='ltr'><strong>καὶ</strong></span> <span class='ocrx_word' id='word_1_70' title='bbox 523 394 583 431; x_wconf 78' lang='grc' dir='ltr'><strong>διὰ</strong></span> <span class='ocrx_word' id='word_1_71' title='bbox 608 394 716 431; x_wconf 81' lang='grc' dir='ltr'><strong><em>τοῦδε</em></strong></span> <span class='ocrx_word' id='word_1_72' title='bbox 739 399 803 432; x_wconf 79' lang='grc' dir='ltr'><strong>τοῦ</strong></span> <span class='ocrx_word' id='word_1_73' title='bbox 829 397 935 432; x_wconf 72' lang='grc' dir='ltr'><strong><em>θείου</em></strong></span> <span class='ocrx_word' id='word_1_74' title='bbox 962 365 1165 442; x_wconf 45' lang='grc' dir='ltr'><strong><em>ὥούμενα</em></strong></span> <span class='ocrx_word' id='word_1_75' title='bbox 1187 395 1249 431; x_wconf 89' lang='grc' dir='ltr'><strong>νό-</strong></span> <span class='ocrx_word' id='word_1_76' title='bbox 1286 400 1305 432; x_wconf 88' lang='lat'>5</span> <span class='ocrx_word' id='word_1_77' title='bbox 1318 400 1424 432; x_wconf 82' lang='lat' dir='ltr'><strong>erunt</strong></span> <span class='ocrx_word' id='word_1_78' title='bbox 1446 397 1551 433; x_wconf 90' lang='lat' dir='ltr'><strong>nobis</strong></span> <span class='ocrx_word' id='word_1_79' title='bbox 1571 399 1607 433; x_wconf 84' lang='lat' dir='ltr'><strong>et</strong></span> <span class='ocrx_word' id='word_1_80' title='bbox 1622 407 1686 443; x_wconf 85' lang='lat' dir='ltr'><strong>per</strong></span> <span class='ocrx_word' id='word_1_81' title='bbox 1702 397 1796 432; x_wconf 84' lang='lat' dir='ltr'><strong>hanc</strong></span> <span class='ocrx_word' id='word_1_82' title='bbox 1817 407 1957 433; x_wconf 82' lang='lat' dir='ltr'><strong>sacram</strong></span> <span class='ocrx_word' id='word_1_83' title='bbox 1981 397 2163 432; x_wconf 79' lang='lat' dir='ltr'><strong>declarata</strong></span> <span class='ocrx_word' id='word_1_84' title='bbox 2186 397 2271 432; x_wconf 83' lang='lat' dir='ltr'><strong>sunt</strong></span> <span class='ocrx_word' id='word_1_85' title='bbox 2291 395 2402 440; x_wconf 83' lang='lat' dir='ltr'><strong>legem</strong></span> 
     </span>
     <span class='ocr_line' id='line_1_7' title="bbox 164 439 2402 490; baseline 0 -15"><span class='ocrx_word' id='word_1_86' title='bbox 164 454 232 487; x_wconf 83' lang='grc' dir='ltr'><strong>μου</strong></span> <span class='ocrx_word' id='word_1_87' title='bbox 263 439 324 476; x_wconf 80' lang='grc' dir='ltr'><strong><em>διὰ</em></strong></span> <span class='ocrx_word' id='word_1_88' title='bbox 348 442 646 489; x_wconf 72' lang='grc' dir='ltr'><strong><em>προγραμμοίτων</em></strong></span> <span class='ocrx_word' id='word_1_89' title='bbox 675 443 819 478; x_wconf 78' lang='grc' dir='ltr'><strong><em>οἰκείων</em></strong></span> <span class='ocrx_word' id='word_1_90' title='bbox 851 443 989 490; x_wconf 79' lang='grc' dir='ltr'><strong><em>φανερὰ</em></strong></span> <span class='ocrx_word' id='word_1_91' title='bbox 1021 442 1114 477; x_wconf 81' lang='grc' dir='ltr'><strong><em>πᾶσι</em></strong></span> <span class='ocrx_word' id='word_1_92' title='bbox 1141 455 1250 477; x_wconf 81' lang='grc' dir='ltr'><strong><em>κατα-</em></strong></span> <span class='ocrx_word' id='word_1_93' title='bbox 1318 452 1383 488; x_wconf 89' lang='lat' dir='ltr'><strong>per</strong></span> <span class='ocrx_word' id='word_1_94' title='bbox 1405 445 1671 488; x_wconf 76' lang='lat' dir='ltr'><strong>programmata</strong></span> <span class='ocrx_word' id='word_1_95' title='bbox 1703 442 1851 488; x_wconf 84' lang='lat' dir='ltr'><strong>propria</strong></span> <span class='ocrx_word' id='word_1_96' title='bbox 1880 442 2072 478; x_wconf 82' lang='lat' dir='ltr'><strong>manifesta</strong></span> <span class='ocrx_word' id='word_1_97' title='bbox 2094 442 2206 477; x_wconf 83' lang='lat' dir='ltr'><strong>faciat</strong></span> <span class='ocrx_word' id='word_1_98' title='bbox 2228 441 2402 477; x_wconf 81' lang='lat' dir='ltr'><strong>universis</strong></span> 
     </span>
     <span class='ocr_line' id='line_1_8' title="bbox 165 485 2027 536; baseline 0.001 -15"><span class='ocrx_word' id='word_1_99' title='bbox 165 485 336 531; x_wconf 77' lang='grc' dir='ltr'><strong><em>στησάτω</em></strong></span> <span class='ocrx_word' id='word_1_100' title='bbox 352 490 413 520; x_wconf 80' lang='grc' dir='ltr'><strong>καὶ</strong></span> <span class='ocrx_word' id='word_1_101' title='bbox 431 488 480 522; x_wconf 79' lang='grc' dir='ltr'><strong><em>εἰς</em></strong></span> <span class='ocrx_word' id='word_1_102' title='bbox 494 486 538 522; x_wconf 83' lang='grc' dir='ltr'><strong><em>τὸ</em></strong></span> <span class='ocrx_word' id='word_1_103' title='bbox 557 485 714 531; x_wconf 75' lang='grc' dir='ltr'><strong><em>διηνεκὲς</em></strong></span> <span class='ocrx_word' id='word_1_104' title='bbox 730 501 759 524; x_wconf 88' lang='grc' dir='ltr'><strong><em>π</em></strong></span> <span class='ocrx_word' id='word_1_105' title='bbox 808 487 1029 536; x_wconf 81' lang='grc' dir='ltr'><strong><em>αφυλάττειν</em></strong></span> <span class='ocrx_word' id='word_1_106' title='bbox 1045 485 1249 523; x_wconf 77' lang='grc' dir='ltr'><strong><em>σπευοάτω.</em></strong></span> <span class='ocrx_word' id='word_1_107' title='bbox 1319 491 1355 523; x_wconf 82' lang='lat' dir='ltr'><strong>et</strong></span> <span class='ocrx_word' id='word_1_108' title='bbox 1378 488 1414 523; x_wconf 93' lang='lat' dir='ltr'><strong>in</strong></span> <span class='ocrx_word' id='word_1_109' title='bbox 1437 492 1651 534; x_wconf 84' lang='lat' dir='ltr'><strong>perpetuum</strong></span> <span class='ocrx_word' id='word_1_110' title='bbox 1674 489 1820 524; x_wconf 75' lang='lat' dir='ltr'><strong>studeat</strong></span> <span class='ocrx_word' id='word_1_111' title='bbox 1843 488 2027 524; x_wconf 86' lang='lat' dir='ltr'><strong>custodiri.</strong></span> 
     </span>
    </p>

    <p class='ocr_par' dir='ltr' id='par_1_4' title="bbox 163 530 2400 624">
     <span class='ocr_line' id='line_1_9' title="bbox 221 530 2400 579; baseline -0 -12"><span class='ocrx_word' id='word_1_112' title='bbox 221 531 303 567; x_wconf 86' lang='lat' dir='ltr'><strong>Dat.</strong></span> <span class='ocrx_word' id='word_1_113' title='bbox 320 542 383 568; x_wconf 82' lang='lat' dir='ltr'><strong>xv.</strong></span> <span class='ocrx_word' id='word_1_114' title='bbox 408 533 444 568; x_wconf 88' lang='lat' dir='ltr'><strong>k.</strong></span> <span class='ocrx_word' id='word_1_115' title='bbox 470 533 549 569; x_wconf 86' lang='lat' dir='ltr'><strong>Iun.</strong></span> <span class='ocrx_word' id='word_1_116' title='bbox 575 533 644 570; x_wconf 85' lang='lat' dir='ltr'><strong>GP.</strong></span> <span class='ocrx_word' id='word_1_117' title='bbox 669 533 753 578; x_wconf 89' lang='lat' dir='ltr'><strong>imp.</strong></span> <span class='ocrx_word' id='word_1_118' title='bbox 803 545 836 570; x_wconf 91' lang='lat' dir='ltr'><strong>n.</strong></span> <span class='ocrx_word' id='word_1_119' title='bbox 859 534 1047 570; x_wconf 85' lang='lat' dir='ltr'><strong>Iustiniani</strong></span> <span class='ocrx_word' id='word_1_120' title='bbox 1072 544 1133 579; x_wconf 91' lang='lat' dir='ltr'><strong>pp.</strong></span> <span class='ocrx_word' id='word_1_121' title='bbox 1158 534 1250 578; x_wconf 88' lang='lat' dir='ltr'><strong>Aug.</strong></span> <span class='ocrx_word' id='word_1_122' title='bbox 1377 534 1459 569; x_wconf 83' lang='lat' dir='ltr'><strong>Dat.</strong></span> <span class='ocrx_word' id='word_1_123' title='bbox 1476 545 1540 569; x_wconf 83' lang='lat' dir='ltr'><strong>xv.</strong></span> <span class='ocrx_word' id='word_1_124' title='bbox 1566 534 1638 570; x_wconf 87' lang='lat' dir='ltr'><strong>kal.</strong></span> <span class='ocrx_word' id='word_1_125' title='bbox 1665 534 1742 569; x_wconf 90' lang='lat' dir='ltr'><strong>Iun.</strong></span> <span class='ocrx_word' id='word_1_126' title='bbox 1769 532 2076 578; x_wconf 81' lang='lat' dir='ltr'><strong>Constantinopoli</strong></span> <span class='ocrx_word' id='word_1_127' title='bbox 2100 533 2182 577; x_wconf 87' lang='lat' dir='ltr'><strong>imp.</strong></span> <span class='ocrx_word' id='word_1_128' title='bbox 2209 532 2268 567; x_wconf 90' lang='lat' dir='ltr'><strong>dn.</strong></span> <span class='ocrx_word' id='word_1_129' title='bbox 2293 530 2400 567; x_wconf 84' lang='lat' dir='ltr'><strong>Iusti-</strong></span> 
     </span>
     <span class='ocr_line' id='line_1_10' title="bbox 163 575 2354 624; baseline -0.001 -10"><span class='ocrx_word' id='word_1_130' title='bbox 163 587 258 614; x_wconf 79' lang='lat' dir='ltr'><strong>anno</strong></span> <span class='ocrx_word' id='word_1_131' title='bbox 281 575 380 614; x_wconf 87' lang='lat' dir='ltr'><strong>XIII.</strong></span> <span class='ocrx_word' id='word_1_132' title='bbox 406 579 548 624; x_wconf 84' lang='lat' dir='ltr'><strong>Apione</strong></span> <span class='ocrx_word' id='word_1_133' title='bbox 571 590 603 615; x_wconf 88' lang='lat' dir='ltr'><strong>v.</strong></span> <span class='ocrx_word' id='word_1_134' title='bbox 630 590 660 615; x_wconf 91' lang='lat' dir='ltr'><strong>c.</strong></span> <span class='ocrx_word' id='word_1_135' title='bbox 688 590 785 616; x_wconf 89' lang='lat' dir='ltr'><strong>cons.</strong></span> <span class='ocrx_word' id='word_1_136' title='bbox 1218 583 1263 621; x_wconf 89' lang='lat' dir='ltr'><strong>[a.</strong></span> <span class='ocrx_word' id='word_1_137' title='bbox 1280 581 1356 621; x_wconf 84' lang='lat'>539]</span> <span class='ocrx_word' id='word_1_138' title='bbox 1402 579 1501 614; x_wconf 87' lang='lat' dir='ltr'><strong>niani</strong></span> <span class='ocrx_word' id='word_1_139' title='bbox 1522 590 1584 624; x_wconf 90' lang='lat' dir='ltr'><strong>pp.</strong></span> <span class='ocrx_word' id='word_1_140' title='bbox 1608 581 1700 624; x_wconf 87' lang='lat' dir='ltr'><strong>Aug.</strong></span> <span class='ocrx_word' id='word_1_141' title='bbox 1727 590 1822 615; x_wconf 85' lang='lat' dir='ltr'><strong>anno</strong></span> <span class='ocrx_word' id='word_1_142' title='bbox 1843 579 1943 614; x_wconf 88' lang='lat' dir='ltr'><strong>XIII.</strong></span> <span class='ocrx_word' id='word_1_143' title='bbox 1968 579 2134 623; x_wconf 85' lang='lat' dir='ltr'><strong>Appione</strong></span> <span class='ocrx_word' id='word_1_144' title='bbox 2156 588 2188 613; x_wconf 90' lang='lat' dir='ltr'><strong>v.</strong></span> <span class='ocrx_word' id='word_1_145' title='bbox 2208 587 2239 613; x_wconf 85' lang='lat' dir='ltr'><strong>c.</strong></span> <span class='ocrx_word' id='word_1_146' title='bbox 2256 587 2354 613; x_wconf 85' lang='lat' dir='ltr'><strong>cons.</strong></span> 
     </span>
    </p>
   </div>
   <div class='ocr_carea' id='block_1_3' title="bbox 681 775 2401 818">
    <p class='ocr_par' dir='ltr' id='par_1_5' title="bbox 681 775 2401 818">
     <span class='ocr_line' id='line_1_11' title="bbox 681 775 2401 818; baseline -0.002 0"><span class='ocrx_word' id='word_1_147' title='bbox 681 775 739 818; x_wconf 61' lang='lat' dir='ltr'><strong>fi]</strong></span> <span class='ocrx_word' id='word_1_148' title='bbox 1265 785 1307 818; x_wconf 86' lang='lat'><strong>10</strong></span> <span class='ocrx_word' id='word_1_149' title='bbox 1566 781 1765 817; x_wconf 90' lang='lat' dir='ltr'><strong>LXXXIV.</strong></span> <span class='ocrx_word' id='word_1_150' title='bbox 1813 781 1924 817; x_wconf 89' lang='lat' dir='ltr'><strong>Auth.</strong></span> <span class='ocrx_word' id='word_1_151' title='bbox 1935 780 2117 817; x_wconf 91' lang='lat' dir='ltr'>LXXXV.</span> <span class='ocrx_word' id='word_1_152' title='bbox 2134 780 2222 816; x_wconf 84' lang='lat'><strong>0011.</strong></span> <span class='ocrx_word' id='word_1_153' title='bbox 2230 780 2281 816; x_wconf 87' lang='lat' dir='ltr'><strong>VI</strong></span> <span class='ocrx_word' id='word_1_154' title='bbox 2293 780 2347 815; x_wconf 85' lang='lat' dir='ltr'><strong>tit.</strong></span> <span class='ocrx_word' id='word_1_155' title='bbox 2360 782 2401 816; x_wconf 84' lang='lat'><strong>12</strong></span> 
     </span>
    </p>
   </div>
   <div class='ocr_carea' id='block_1_4' title="bbox 163 848 2349 972">
    <p class='ocr_par' dir='ltr' id='par_1_6' title="bbox 163 848 2349 972">
     <span class='ocr_line' id='line_1_12' title="bbox 163 848 2241 904; baseline -0 -3"><span class='ocrx_word' id='word_1_156' title='bbox 163 848 344 902; x_wconf 87' lang='grc' dir='ltr'>ΠΕΡΙ</span> <span class='ocrx_word' id='word_1_157' title='bbox 381 849 530 903; x_wconf 73' lang='grc' dir='ltr'><strong>ΤΩΝ</strong></span> <span class='ocrx_word' id='word_1_158' title='bbox 571 849 1069 904; x_wconf 76' lang='grc' dir='ltr'>ΟΜΟΠΑΤΡΙῼΝ</span> <span class='ocrx_word' id='word_1_159' title='bbox 1108 849 1248 902; x_wconf 88' lang='grc' dir='ltr'><strong>ΚΑΙ</strong></span> <span class='ocrx_word' id='word_1_160' title='bbox 1471 850 1524 899; x_wconf 76' lang='lat' dir='ltr'><strong>R</strong></span> <span class='ocrx_word' id='word_1_161' title='bbox 1556 851 1650 900; x_wconf 88' lang='lat' dir='ltr'><strong>DE</strong></span> <span class='ocrx_word' id='word_1_162' title='bbox 1687 849 2241 901; x_wconf 83' lang='lat' dir='ltr'><strong>CONSANGUINEIS</strong></span> 
     </span>
     <span class='ocr_line' id='line_1_13' title="bbox 259 916 2349 972; baseline -0.002 -1"><span class='ocrx_word' id='word_1_163' title='bbox 259 917 768 972; x_wconf 78' lang='grc' dir='ltr'>ΟΜΟΜΗΤΡΙῼΝ</span> <span class='ocrx_word' id='word_1_164' title='bbox 802 916 1157 971; x_wconf 75' lang='grc' dir='ltr'><strong>ΑΔΕΛΦῼΝ.</strong></span> <span class='ocrx_word' id='word_1_165' title='bbox 1377 919 1470 967; x_wconf 87' lang='grc' dir='ltr'><strong>ΕΤ</strong></span> <span class='ocrx_word' id='word_1_166' title='bbox 1507 918 1832 969; x_wconf 85' lang='lat' dir='ltr'><strong>UTERINIS</strong></span> <span class='ocrx_word' id='word_1_167' title='bbox 1868 917 2256 969; x_wconf 86' lang='lat' dir='ltr'><strong>FRATRIBUS</strong></span> <span class='ocrx_word' id='word_1_168' title='bbox 2295 918 2349 967; x_wconf 74' lang='lat' dir='ltr'>R</span> 
     </span>
    </p>
   </div>
   <div class='ocr_carea' id='block_1_5' title="bbox 163 995 2402 1137">
    <p class='ocr_par' dir='ltr' id='par_1_7' title="bbox 163 995 2402 1137">
     <span class='ocr_line' id='line_1_14' title="bbox 163 995 2402 1046; baseline 0 -15"><span class='ocrx_word' id='word_1_169' title='bbox 163 995 413 1046; x_wconf 75' lang='grc' dir='ltr'><strong><em>Αὐτοκράτωρ</em></strong></span> <span class='ocrx_word' id='word_1_170' title='bbox 436 997 690 1033; x_wconf 81' lang='grc' dir='ltr'><strong><em>Ἰουστινιανὸς</em></strong></span> <span class='ocrx_word' id='word_1_171' title='bbox 712 995 922 1044; x_wconf 75' lang='grc' dir='ltr'><strong><em>Αὔγουστος</em></strong></span> <span class='ocrx_word' id='word_1_172' title='bbox 946 997 1088 1044; x_wconf 78' lang='grc' dir='ltr'><strong><em>Ιωάννῃ</em></strong></span> <span class='ocrx_word' id='word_1_173' title='bbox 1111 998 1166 1040; x_wconf 76' lang='grc' dir='ltr'><strong><em>τῷ</em></strong></span> <span class='ocrx_word' id='word_1_174' title='bbox 1191 998 1246 1031; x_wconf 75' lang='grc' dir='ltr'><strong>ἐν-</strong></span> <span class='ocrx_word' id='word_1_175' title='bbox 1316 995 1417 1031; x_wconf 87' lang='lat' dir='ltr'><strong>Idem</strong></span> <span class='ocrx_word' id='word_1_176' title='bbox 1440 996 1531 1041; x_wconf 87' lang='lat' dir='ltr'><strong>Aug.</strong></span> <span class='ocrx_word' id='word_1_177' title='bbox 1556 996 1708 1032; x_wconf 81' lang='lat' dir='ltr'><strong>Iohanni</strong></span> <span class='ocrx_word' id='word_1_178' title='bbox 1735 1007 1795 1042; x_wconf 91' lang='lat' dir='ltr'><strong>pp.</strong></span> <span class='ocrx_word' id='word_1_179' title='bbox 1819 997 1886 1040; x_wconf 90' lang='lat' dir='ltr'><strong>bis,</strong></span> <span class='ocrx_word' id='word_1_180' title='bbox 1915 1007 1959 1032; x_wconf 84' lang='lat' dir='ltr'><strong>ex</strong></span> <span class='ocrx_word' id='word_1_181' title='bbox 1984 996 2130 1032; x_wconf 89' lang='lat' dir='ltr'><strong>consule</strong></span> <span class='ocrx_word' id='word_1_182' title='bbox 2154 996 2335 1032; x_wconf 84' lang='lat' dir='ltr'><strong>ordinario</strong></span> <span class='ocrx_word' id='word_1_183' title='bbox 2366 999 2402 1032; x_wconf 86' lang='lat' dir='ltr'><strong>et</strong></span> 
     </span>
     <span class='ocr_line' id='line_1_15' title="bbox 164 1040 1943 1091; baseline 0.001 -15"><span class='ocrx_word' id='word_1_184' title='bbox 164 1040 352 1086; x_wconf 78' lang='grc' dir='ltr'><strong><em>δοξοτάτῳ</em></strong></span> <span class='ocrx_word' id='word_1_185' title='bbox 372 1044 517 1091; x_wconf 81' lang='grc' dir='ltr'><em>ἐπάρχῳ</em></span> <span class='ocrx_word' id='word_1_186' title='bbox 534 1045 612 1078; x_wconf 80' lang='grc' dir='ltr'><strong>τῶν</strong></span> <span class='ocrx_word' id='word_1_187' title='bbox 628 1041 856 1078; x_wconf 73' lang='grc' dir='ltr'><strong><em>ἀνατολικῶν</em></strong></span> <span class='ocrx_word' id='word_1_188' title='bbox 874 1047 1113 1090; x_wconf 79' lang='grc' dir='ltr'><strong><em>πραιτωρίων</em></strong></span> <span class='ocrx_word' id='word_1_189' title='bbox 1132 1042 1176 1078; x_wconf 81' lang='grc' dir='ltr'><strong><em>τὸ</em></strong></span> <span class='ocrx_word' id='word_1_190' title='bbox 1192 1041 1246 1087; x_wconf 83' lang='grc' dir='ltr'><strong>β’,</strong></span> <span class='ocrx_word' id='word_1_191' title='bbox 1781 1042 1943 1087; x_wconf 79' lang='lat' dir='ltr'><strong>patricio.</strong></span> 
     </span>
     <span class='ocr_line' id='line_1_16' title="bbox 307 1085 1303 1137; baseline 0 -15"><span class='ocrx_word' id='word_1_192' title='bbox 307 1085 381 1123; x_wconf 78' lang='grc' dir='ltr'><strong>ἀπὸ</strong></span> <span class='ocrx_word' id='word_1_193' title='bbox 407 1088 559 1125; x_wconf 82' lang='grc' dir='ltr'><strong><em>ὑπάτων</em></strong></span> <span class='ocrx_word' id='word_1_194' title='bbox 582 1087 806 1137; x_wconf 77' lang='grc' dir='ltr'><strong><em>ὄρδιναρίων</em></strong></span> <span class='ocrx_word' id='word_1_195' title='bbox 829 1091 888 1122; x_wconf 83' lang='grc' dir='ltr'><strong>καὶ</strong></span> <span class='ocrx_word' id='word_1_196' title='bbox 913 1092 1104 1135; x_wconf 79' lang='grc' dir='ltr'><strong><em>πατρικίῳ.</em></strong></span> <span class='ocrx_word' id='word_1_197' title='bbox 1264 1090 1303 1122; x_wconf 88' lang='lat'><strong>15</strong></span> 
     </span>
    </p>
   </div>
   <div class='ocr_carea' id='block_1_6' title="bbox 160 1152 2404 2022">
    <p class='ocr_par' dir='ltr' id='par_1_8' title="bbox 210 1152 2400 1203">
     <span class='ocr_line' id='line_1_17' title="bbox 210 1152 2400 1203; baseline -0 -13"><span class='ocrx_word' id='word_1_198' title='bbox 210 1157 267 1202; x_wconf 83' lang='lat'><strong>(11</strong></span> <span class='ocrx_word' id='word_1_199' title='bbox 271 1157 511 1203; x_wconf 83' lang='grc' dir='ltr'><strong><em>ροοίμιον.&gt;</em></strong></span> <span class='ocrx_word' id='word_1_200' title='bbox 564 1154 712 1191; x_wconf 75' lang='grc' dir='ltr'><strong><em>Πολλοῖς</em></strong></span> <span class='ocrx_word' id='word_1_201' title='bbox 736 1155 976 1199; x_wconf 71' lang='grc' dir='ltr'><strong><em>πανταχόθεν</em></strong></span> <span class='ocrx_word' id='word_1_202' title='bbox 996 1154 1018 1200; x_wconf 85' lang='grc' dir='ltr'>ἡ</span> <span class='ocrx_word' id='word_1_203' title='bbox 1043 1152 1146 1202; x_wconf 76' lang='grc' dir='ltr'><strong><em>φύσις</em></strong></span> <span class='ocrx_word' id='word_1_204' title='bbox 1169 1170 1246 1190; x_wconf 81' lang='grc' dir='ltr'><strong><em>και-</em></strong></span> <span class='ocrx_word' id='word_1_205' title='bbox 1359 1154 1510 1200; x_wconf 88' lang='lat' dir='ltr'><strong>&lt;Praef</strong></span> <span class='ocrx_word' id='word_1_206' title='bbox 1518 1155 1645 1200; x_wconf 82' lang='lat' dir='ltr'><strong>atio.)</strong></span> <span class='ocrx_word' id='word_1_207' title='bbox 1699 1155 1823 1191; x_wconf 86' lang='lat' dir='ltr'><strong>Multis</strong></span> <span class='ocrx_word' id='word_1_208' title='bbox 1848 1155 2007 1201; x_wconf 81' lang='lat' dir='ltr'><strong>undique</strong></span> <span class='ocrx_word' id='word_1_209' title='bbox 2028 1158 2159 1191; x_wconf 81' lang='lat' dir='ltr'><strong>natura</strong></span> <span class='ocrx_word' id='word_1_210' title='bbox 2182 1154 2400 1190; x_wconf 80' lang='lat' dir='ltr'><strong>novitatibus</strong></span> 
     </span>
    </p>

    <p class='ocr_par' dir='ltr' id='par_1_9' title="bbox 160 1199 2404 2022">
     <span class='ocr_line' id='line_1_18' title="bbox 164 1199 2401 1258; baseline 0 -23"><span class='ocrx_word' id='word_1_211' title='bbox 164 1202 407 1249; x_wconf 82' lang='grc' dir='ltr'><strong><em>νουργὴμασιν</em></strong></span> <span class='ocrx_word' id='word_1_212' title='bbox 426 1205 466 1237; x_wconf 83' lang='grc' dir='ltr'><strong>ἐν</strong></span> <span class='ocrx_word' id='word_1_213' title='bbox 481 1205 555 1237; x_wconf 77' lang='grc' dir='ltr'><strong><em>τοῖς</em></strong></span> <span class='ocrx_word' id='word_1_214' title='bbox 570 1201 755 1258; x_wconf 77' lang='grc' dir='ltr'><strong><em>πράγμασι</em></strong></span> <span class='ocrx_word' id='word_1_215' title='bbox 771 1205 937 1248; x_wconf 79' lang='grc' dir='ltr'><strong><em>χρωμένη</em></strong></span> <span class='ocrx_word' id='word_1_216' title='bbox 962 1202 1162 1247; x_wconf 78' lang='grc' dir='ltr'><strong><em>(εἰρημένον</em></strong></span> <span class='ocrx_word' id='word_1_217' title='bbox 1177 1199 1244 1245; x_wconf 79' lang='grc' dir='ltr'><strong><em>ἤδη</em></strong></span> <span class='ocrx_word' id='word_1_218' title='bbox 1314 1202 1418 1236; x_wconf 81' lang='lat' dir='ltr'><strong>utens</strong></span> <span class='ocrx_word' id='word_1_219' title='bbox 1455 1201 1603 1243; x_wconf 78' lang='lat' dir='ltr'><strong>(dictum</strong></span> <span class='ocrx_word' id='word_1_220' title='bbox 1639 1203 1694 1236; x_wconf 77' lang='lat' dir='ltr'><strong>est</strong></span> <span class='ocrx_word' id='word_1_221' title='bbox 1728 1200 1799 1235; x_wconf 85' lang='lat' dir='ltr'><strong>iam</strong></span> <span class='ocrx_word' id='word_1_222' title='bbox 1832 1201 1870 1236; x_wconf 86' lang='lat' dir='ltr'><strong>in</strong></span> <span class='ocrx_word' id='word_1_223' title='bbox 1905 1201 2043 1245; x_wconf 83' lang='lat' dir='ltr'><strong>legibus</strong></span> <span class='ocrx_word' id='word_1_224' title='bbox 2076 1201 2146 1237; x_wconf 85' lang='lat' dir='ltr'><strong>hoc</strong></span> <span class='ocrx_word' id='word_1_225' title='bbox 2181 1210 2288 1245; x_wconf 81' lang='lat' dir='ltr'><strong>saepe</strong></span> <span class='ocrx_word' id='word_1_226' title='bbox 2317 1210 2401 1245; x_wconf 86' lang='lat' dir='ltr'><strong>pro-</strong></span> 
     </span>
     <span class='ocr_line' id='line_1_19' title="bbox 164 1245 2401 1293; baseline -0 -12"><span class='ocrx_word' id='word_1_227' title='bbox 164 1249 270 1281; x_wconf 84' lang='grc' dir='ltr'><strong><em>τοῦτο</em></strong></span> <span class='ocrx_word' id='word_1_228' title='bbox 291 1246 457 1283; x_wconf 77' lang='grc' dir='ltr'><strong><em>πολλάκις</em></strong></span> <span class='ocrx_word' id='word_1_229' title='bbox 481 1249 521 1282; x_wconf 80' lang='grc' dir='ltr'><strong>ἐν</strong></span> <span class='ocrx_word' id='word_1_230' title='bbox 536 1250 609 1282; x_wconf 88' lang='grc' dir='ltr'><strong><em>τοῖς</em></strong></span> <span class='ocrx_word' id='word_1_231' title='bbox 631 1259 755 1291; x_wconf 88' lang='grc' dir='ltr'><strong><em>νομοις</em></strong></span> <span class='ocrx_word' id='word_1_232' title='bbox 778 1246 821 1282; x_wconf 83' lang='grc' dir='ltr'><strong><em>τὸ</em></strong></span> <span class='ocrx_word' id='word_1_233' title='bbox 839 1252 1040 1293; x_wconf 82' lang='grc' dir='ltr'><strong><em>προοίμιον,</em></strong></span> <span class='ocrx_word' id='word_1_234' title='bbox 1065 1246 1244 1292; x_wconf 82' lang='grc' dir='ltr'><strong><em>εἰρήσεται</em></strong></span> <span class='ocrx_word' id='word_1_235' title='bbox 1315 1245 1486 1288; x_wconf 88' lang='lat' dir='ltr'><strong>oemium,</strong></span> <span class='ocrx_word' id='word_1_236' title='bbox 1520 1245 1653 1281; x_wconf 88' lang='lat' dir='ltr'><strong>dicitur</strong></span> <span class='ocrx_word' id='word_1_237' title='bbox 1681 1249 1799 1281; x_wconf 84' lang='lat' dir='ltr'><strong>autem</strong></span> <span class='ocrx_word' id='word_1_238' title='bbox 1831 1250 1866 1282; x_wconf 85' lang='lat' dir='ltr'><strong>et</strong></span> <span class='ocrx_word' id='word_1_239' title='bbox 1896 1246 2043 1290; x_wconf 83' lang='lat' dir='ltr'><strong>iterum,</strong></span> <span class='ocrx_word' id='word_1_240' title='bbox 2073 1247 2187 1283; x_wconf 89' lang='lat' dir='ltr'><strong>donec</strong></span> <span class='ocrx_word' id='word_1_241' title='bbox 2215 1245 2277 1281; x_wconf 85' lang='lat' dir='ltr'><strong>illa</strong></span> <span class='ocrx_word' id='word_1_242' title='bbox 2309 1254 2401 1290; x_wconf 83' lang='lat' dir='ltr'><strong>quae</strong></span> 
     </span>
     <span class='ocr_line' id='line_1_20' title="bbox 164 1287 2402 1339; baseline 0 -14"><span class='ocrx_word' id='word_1_243' title='bbox 164 1290 204 1326; x_wconf 77' lang='grc' dir='ltr'><strong>δὲ</strong></span> <span class='ocrx_word' id='word_1_244' title='bbox 227 1296 285 1326; x_wconf 85' lang='grc' dir='ltr'><strong>καὶ</strong></span> <span class='ocrx_word' id='word_1_245' title='bbox 311 1287 419 1327; x_wconf 75' lang='grc' dir='ltr'><strong><em>αὖθις</em></strong></span> <span class='ocrx_word' id='word_1_246' title='bbox 449 1295 516 1328; x_wconf 77' lang='grc' dir='ltr'><strong><em>ἕως</em></strong></span> <span class='ocrx_word' id='word_1_247' title='bbox 539 1289 584 1327; x_wconf 79' lang='grc' dir='ltr'><strong>ἂν</strong></span> <span class='ocrx_word' id='word_1_248' title='bbox 608 1295 723 1337; x_wconf 82' lang='grc' dir='ltr'><strong><em>ἐκείνη</em></strong></span> <span class='ocrx_word' id='word_1_249' title='bbox 750 1291 795 1328; x_wconf 80' lang='grc' dir='ltr'><strong>τοὶ</strong></span> <span class='ocrx_word' id='word_1_250' title='bbox 820 1293 945 1336; x_wconf 83' lang='grc' dir='ltr'><strong><em>ἑαυτῆς</em></strong></span> <span class='ocrx_word' id='word_1_251' title='bbox 968 1292 1125 1339; x_wconf 84' lang='grc' dir='ltr'><strong><em>πράττῃ)</em></strong></span> <span class='ocrx_word' id='word_1_252' title='bbox 1157 1291 1243 1327; x_wconf 88' lang='grc' dir='ltr'><strong><em>πολ-</em></strong></span> <span class='ocrx_word' id='word_1_253' title='bbox 1313 1302 1379 1327; x_wconf 85' lang='lat' dir='ltr'><strong>sua</strong></span> <span class='ocrx_word' id='word_1_254' title='bbox 1403 1295 1487 1327; x_wconf 91' lang='lat' dir='ltr'><strong>sunt</strong></span> <span class='ocrx_word' id='word_1_255' title='bbox 1512 1295 1696 1336; x_wconf 86' lang='lat' dir='ltr'><strong>operatur)</strong></span> <span class='ocrx_word' id='word_1_256' title='bbox 1718 1291 1765 1326; x_wconf 83' lang='lat' dir='ltr'><strong>ad</strong></span> <span class='ocrx_word' id='word_1_257' title='bbox 1796 1301 1886 1337; x_wconf 89' lang='lat' dir='ltr'><strong>opus</strong></span> <span class='ocrx_word' id='word_1_258' title='bbox 1919 1293 2112 1328; x_wconf 85' lang='lat' dir='ltr'><strong>multarum</strong></span> <span class='ocrx_word' id='word_1_259' title='bbox 2136 1302 2203 1327; x_wconf 92' lang='lat' dir='ltr'><strong>nos</strong></span> <span class='ocrx_word' id='word_1_260' title='bbox 2227 1289 2402 1336; x_wconf 81' lang='lat' dir='ltr'><strong>pertrahit</strong></span> 
     </span>
     <span class='ocr_line' id='line_1_21' title="bbox 164 1336 2401 1386; baseline 0 -15"><span class='ocrx_word' id='word_1_261' title='bbox 164 1337 240 1372; x_wconf 80' lang='grc' dir='ltr'><strong>λῶν</strong></span> <span class='ocrx_word' id='word_1_262' title='bbox 261 1337 350 1383; x_wconf 81' lang='grc' dir='ltr'><strong><em>ἡμᾶς</em></strong></span> <span class='ocrx_word' id='word_1_263' title='bbox 374 1339 422 1373; x_wconf 86' lang='grc' dir='ltr'><strong><em>εἰς</em></strong></span> <span class='ocrx_word' id='word_1_264' title='bbox 436 1343 559 1386; x_wconf 81' lang='grc' dir='ltr'><strong><em>χρείαν</em></strong></span> <span class='ocrx_word' id='word_1_265' title='bbox 583 1338 782 1382; x_wconf 74' lang='grc' dir='ltr'><strong><em>καθίστησι</em></strong></span> <span class='ocrx_word' id='word_1_266' title='bbox 805 1337 943 1383; x_wconf 83' lang='grc' dir='ltr'><strong><em>νόμων.</em></strong></span> <span class='ocrx_word' id='word_1_267' title='bbox 991 1337 1054 1373; x_wconf 86' lang='grc' dir='ltr'><strong>τὰς</strong></span> <span class='ocrx_word' id='word_1_268' title='bbox 1068 1339 1136 1385; x_wconf 77' lang='grc' dir='ltr'><strong><em>γὰρ</em></strong></span> <span class='ocrx_word' id='word_1_269' title='bbox 1155 1337 1243 1385; x_wconf 62' lang='lat' dir='ltr'><strong>isyc—</strong></span> <span class='ocrx_word' id='word_1_270' title='bbox 1259 1340 1300 1373; x_wconf 85' lang='lat'><strong>20</strong></span> <span class='ocrx_word' id='word_1_271' title='bbox 1313 1337 1440 1382; x_wconf 86' lang='lat' dir='ltr'><strong>legum.</strong></span> <span class='ocrx_word' id='word_1_272' title='bbox 1491 1336 1685 1381; x_wconf 84' lang='lat' dir='ltr'><strong>Legitimas</strong></span> <span class='ocrx_word' id='word_1_273' title='bbox 1717 1338 1810 1372; x_wconf 89' lang='lat' dir='ltr'><strong>enim</strong></span> <span class='ocrx_word' id='word_1_274' title='bbox 1849 1340 1884 1372; x_wconf 89' lang='lat' dir='ltr'><strong>et</strong></span> <span class='ocrx_word' id='word_1_275' title='bbox 1917 1338 2124 1383; x_wconf 82' lang='lat' dir='ltr'><strong>cognativas</strong></span> <span class='ocrx_word' id='word_1_276' title='bbox 2153 1336 2401 1373; x_wconf 86' lang='lat' dir='ltr'><strong>successiones</strong></span> 
     </span>
     <span class='ocr_line' id='line_1_22' title="bbox 163 1381 2402 1431; baseline 0 -14"><span class='ocrx_word' id='word_1_277' title='bbox 163 1387 268 1427; x_wconf 83' lang='grc' dir='ltr'><strong><em>τίμας</em></strong></span> <span class='ocrx_word' id='word_1_278' title='bbox 297 1387 357 1418; x_wconf 82' lang='grc' dir='ltr'><strong>καὶ</strong></span> <span class='ocrx_word' id='word_1_279' title='bbox 380 1387 442 1418; x_wconf 85' lang='grc' dir='ltr'><strong>τὰς</strong></span> <span class='ocrx_word' id='word_1_280' title='bbox 464 1382 674 1431; x_wconf 79' lang='grc' dir='ltr'><strong><em>κογνατικὰς</em></strong></span> <span class='ocrx_word' id='word_1_281' title='bbox 697 1382 865 1426; x_wconf 80' lang='grc' dir='ltr'><strong><em>διαδοχὰς</em></strong></span> <span class='ocrx_word' id='word_1_282' title='bbox 895 1383 1036 1431; x_wconf 78' lang='grc' dir='ltr'><strong><em>λέγουσι</em></strong></span> <span class='ocrx_word' id='word_1_283' title='bbox 1065 1385 1134 1428; x_wconf 77' lang='grc' dir='ltr'><strong>μὲν</strong></span> <span class='ocrx_word' id='word_1_284' title='bbox 1160 1381 1244 1428; x_wconf 83' lang='grc' dir='ltr'><strong><em>ἡμῖν</em></strong></span> <span class='ocrx_word' id='word_1_285' title='bbox 1313 1383 1437 1418; x_wconf 87' lang='lat' dir='ltr'><strong>dicunt</strong></span> <span class='ocrx_word' id='word_1_286' title='bbox 1461 1382 1602 1426; x_wconf 86' lang='lat' dir='ltr'><strong>quidem</strong></span> <span class='ocrx_word' id='word_1_287' title='bbox 1618 1382 1722 1418; x_wconf 89' lang='lat' dir='ltr'><strong>nobis</strong></span> <span class='ocrx_word' id='word_1_288' title='bbox 1744 1385 1779 1418; x_wconf 90' lang='lat' dir='ltr'><strong>et</strong></span> <span class='ocrx_word' id='word_1_289' title='bbox 1795 1386 1932 1419; x_wconf 84' lang='lat' dir='ltr'><strong>veteres</strong></span> <span class='ocrx_word' id='word_1_290' title='bbox 1952 1388 1987 1418; x_wconf 87' lang='lat' dir='ltr'><strong>et</strong></span> <span class='ocrx_word' id='word_1_291' title='bbox 2008 1384 2069 1429; x_wconf 88' lang='lat' dir='ltr'><strong>qui</strong></span> <span class='ocrx_word' id='word_1_292' title='bbox 2088 1393 2132 1419; x_wconf 85' lang='lat' dir='ltr'><strong>ex</strong></span> <span class='ocrx_word' id='word_1_293' title='bbox 2156 1382 2402 1428; x_wconf 86' lang='lat' dir='ltr'><strong>antiquissimo</strong></span> 
     </span>
     <span class='ocr_line' id='line_1_23' title="bbox 162 1426 2403 1477; baseline 0.001 -16"><span class='ocrx_word' id='word_1_294' title='bbox 162 1432 222 1462; x_wconf 76' lang='grc' dir='ltr'><strong>καὶ</strong></span> <span class='ocrx_word' id='word_1_295' title='bbox 247 1428 283 1463; x_wconf 87' lang='grc' dir='ltr'><strong>οἱ</strong></span> <span class='ocrx_word' id='word_1_296' title='bbox 304 1427 432 1473; x_wconf 86' lang='grc' dir='ltr'><strong><em>πάλαι,</em></strong></span> <span class='ocrx_word' id='word_1_297' title='bbox 461 1433 522 1463; x_wconf 81' lang='grc' dir='ltr'><strong>καὶ</strong></span> <span class='ocrx_word' id='word_1_298' title='bbox 545 1428 582 1463; x_wconf 88' lang='grc' dir='ltr'><strong>οἱ</strong></span> <span class='ocrx_word' id='word_1_299' title='bbox 602 1431 640 1463; x_wconf 76' lang='grc' dir='ltr'><strong>ἐκ</strong></span> <span class='ocrx_word' id='word_1_300' title='bbox 664 1430 727 1473; x_wconf 82' lang='grc' dir='ltr'><strong>τῆς</strong></span> <span class='ocrx_word' id='word_1_301' title='bbox 756 1431 834 1464; x_wconf 78' lang='grc' dir='ltr'><strong>τῶν</strong></span> <span class='ocrx_word' id='word_1_302' title='bbox 857 1429 984 1475; x_wconf 84' lang='grc' dir='ltr'><strong><em>νόμων</em></strong></span> <span class='ocrx_word' id='word_1_303' title='bbox 1007 1426 1243 1477; x_wconf 80' lang='grc' dir='ltr'><strong><em>ἀρχαιότητος</em></strong></span> <span class='ocrx_word' id='word_1_304' title='bbox 1311 1428 1390 1463; x_wconf 92' lang='lat' dir='ltr'><strong>iure</strong></span> <span class='ocrx_word' id='word_1_305' title='bbox 1413 1430 1504 1463; x_wconf 87' lang='lat' dir='ltr'><strong>haec</strong></span> <span class='ocrx_word' id='word_1_306' title='bbox 1528 1430 1707 1464; x_wconf 86' lang='lat' dir='ltr'><strong>sumentes</strong></span> <span class='ocrx_word' id='word_1_307' title='bbox 1731 1428 1993 1464; x_wconf 85' lang='lat' dir='ltr'><strong>descenderunt</strong></span> <span class='ocrx_word' id='word_1_308' title='bbox 2016 1439 2130 1474; x_wconf 86' lang='lat' dir='ltr'><strong>usque</strong></span> <span class='ocrx_word' id='word_1_309' title='bbox 2153 1428 2200 1464; x_wconf 81' lang='lat' dir='ltr'><strong>ad</strong></span> <span class='ocrx_word' id='word_1_310' title='bbox 2223 1438 2308 1471; x_wconf 86' lang='lat' dir='ltr'><strong>nos,</strong></span> <span class='ocrx_word' id='word_1_311' title='bbox 2341 1427 2403 1473; x_wconf 87' lang='lat' dir='ltr'><strong>qui</strong></span> 
     </span>
     <span class='ocr_line' id='line_1_24' title="bbox 163 1473 2401 1522; baseline 0 -15"><span class='ocrx_word' id='word_1_312' title='bbox 163 1474 277 1508; x_wconf 79' lang='grc' dir='ltr'><strong><em>ταῦτα</em></strong></span> <span class='ocrx_word' id='word_1_313' title='bbox 301 1473 476 1519; x_wconf 83' lang='grc' dir='ltr'><strong><em>λαβόντες</em></strong></span> <span class='ocrx_word' id='word_1_314' title='bbox 498 1478 643 1510; x_wconf 78' lang='grc' dir='ltr'><strong><em>κατίασι</em></strong></span> <span class='ocrx_word' id='word_1_315' title='bbox 666 1478 768 1521; x_wconf 77' lang='grc' dir='ltr'><strong><em>μέχρι</em></strong></span> <span class='ocrx_word' id='word_1_316' title='bbox 792 1478 852 1522; x_wconf 66' lang='grc' dir='ltr'><strong>καὶ</strong></span> <span class='ocrx_word' id='word_1_317' title='bbox 876 1477 924 1510; x_wconf 85' lang='grc' dir='ltr'><strong><em>εἰς</em></strong></span> <span class='ocrx_word' id='word_1_318' title='bbox 946 1473 1045 1518; x_wconf 85' lang='grc' dir='ltr'><strong><em>ἡμᾶς,</em></strong></span> <span class='ocrx_word' id='word_1_319' title='bbox 1070 1474 1106 1509; x_wconf 88' lang='grc' dir='ltr'><strong>οἳ</strong></span> <span class='ocrx_word' id='word_1_320' title='bbox 1128 1473 1242 1510; x_wconf 82' lang='grc' dir='ltr'><strong><em>πολλὰ</em></strong></span> <span class='ocrx_word' id='word_1_321' title='bbox 1312 1474 1466 1519; x_wconf 83' lang='lat' dir='ltr'><strong>plurima</strong></span> <span class='ocrx_word' id='word_1_322' title='bbox 1495 1473 1623 1509; x_wconf 90' lang='lat' dir='ltr'><strong>horum</strong></span> <span class='ocrx_word' id='word_1_323' title='bbox 1656 1474 1892 1519; x_wconf 80' lang='lat' dir='ltr'><strong>correximus3</strong></span> <span class='ocrx_word' id='word_1_324' title='bbox 1920 1475 2082 1520; x_wconf 87' lang='lat' dir='ltr'><strong>pervenit</strong></span> <span class='ocrx_word' id='word_1_325' title='bbox 2112 1477 2233 1510; x_wconf 87' lang='lat' dir='ltr'><strong>autem</strong></span> <span class='ocrx_word' id='word_1_326' title='bbox 2264 1473 2310 1509; x_wconf 87' lang='lat' dir='ltr'><strong>ad</strong></span> <span class='ocrx_word' id='word_1_327' title='bbox 2334 1483 2401 1508; x_wconf 88' lang='lat' dir='ltr'><strong>nos</strong></span> 
     </span>
     <span class='ocr_line' id='line_1_25' title="bbox 161 1517 1553 1566; baseline 0.003 -15"><span class='ocrx_word' id='word_1_328' title='bbox 161 1522 221 1552; x_wconf 82' lang='grc' dir='ltr'><strong>καὶ</strong></span> <span class='ocrx_word' id='word_1_329' title='bbox 252 1517 396 1554; x_wconf 81' lang='grc' dir='ltr'><strong><em>τούτων</em></strong></span> <span class='ocrx_word' id='word_1_330' title='bbox 426 1518 770 1566; x_wconf 70' lang='grc' dir='ltr'><strong><em>ἐπηνωρθώσαμεν·</em></strong></span> <span class='ocrx_word' id='word_1_331' title='bbox 810 1519 902 1564; x_wconf 71' lang='grc' dir='ltr'><strong>ἦλθε</strong></span> <span class='ocrx_word' id='word_1_332' title='bbox 935 1518 974 1555; x_wconf 80' lang='grc' dir='ltr'><strong>δὲ</strong></span> <span class='ocrx_word' id='word_1_333' title='bbox 1006 1521 1054 1555; x_wconf 79' lang='grc' dir='ltr'><strong>εἰς</strong></span> <span class='ocrx_word' id='word_1_334' title='bbox 1090 1518 1176 1565; x_wconf 78' lang='grc' dir='ltr'><strong><em>ἡμᾶς</em></strong></span> <span class='ocrx_word' id='word_1_335' title='bbox 1206 1533 1243 1554; x_wconf 81' lang='grc' dir='ltr'><strong>τι</strong></span> <span class='ocrx_word' id='word_1_336' title='bbox 1312 1519 1359 1555; x_wconf 84' lang='lat' dir='ltr'><strong>ali</strong></span> <span class='ocrx_word' id='word_1_337' title='bbox 1384 1519 1445 1554; x_wconf 75' lang='lat' dir='ltr'><strong>uid</strong></span> <span class='ocrx_word' id='word_1_338' title='bbox 1469 1519 1553 1555; x_wconf 82' lang='lat' dir='ltr'><strong>tale.</strong></span> 
     </span>
     <span class='ocr_line' id='line_1_26' title="bbox 162 1562 2400 1613; baseline -0 -13"><span class='ocrx_word' id='word_1_339' title='bbox 162 1567 181 1600; x_wconf 95' lang='lat'>1</span> <span class='ocrx_word' id='word_1_340' title='bbox 228 1566 380 1599; x_wconf 79' lang='grc' dir='ltr'><strong><em>τοιοῦτο.</em></strong></span> <span class='ocrx_word' id='word_1_341' title='bbox 426 1562 597 1613; x_wconf 78' lang='grc' dir='ltr'><strong><em>Ἠγάγετό</em></strong></span> <span class='ocrx_word' id='word_1_342' title='bbox 623 1577 676 1600; x_wconf 77' lang='grc' dir='ltr'><strong>τις</strong></span> <span class='ocrx_word' id='word_1_343' title='bbox 698 1565 869 1612; x_wconf 80' lang='grc' dir='ltr'><strong><em>γαμετήν,</em></strong></span> <span class='ocrx_word' id='word_1_344' title='bbox 901 1570 961 1600; x_wconf 76' lang='grc' dir='ltr'><strong>καὶ</strong></span> <span class='ocrx_word' id='word_1_345' title='bbox 986 1563 1111 1600; x_wconf 77' lang='grc' dir='ltr'><strong><em>παῖδες</em></strong></span> <span class='ocrx_word' id='word_1_346' title='bbox 1143 1562 1240 1610; x_wconf 75' lang='grc' dir='ltr'><strong><em>αὐτῷ</em></strong></span> <span class='ocrx_word' id='word_1_347' title='bbox 1257 1567 1333 1601; x_wconf 82' lang='grc'><strong>251</strong></span> <span class='ocrx_word' id='word_1_348' title='bbox 1405 1565 1482 1600; x_wconf 81' lang='lat' dir='ltr'><strong>uxit</strong></span> <span class='ocrx_word' id='word_1_349' title='bbox 1505 1564 1649 1609; x_wconf 83' lang='lat' dir='ltr'><strong>quidam</strong></span> <span class='ocrx_word' id='word_1_350' title='bbox 1673 1574 1831 1608; x_wconf 85' lang='lat' dir='ltr'><strong>uxorem,</strong></span> <span class='ocrx_word' id='word_1_351' title='bbox 1857 1568 1893 1600; x_wconf 82' lang='lat' dir='ltr'><strong>et</strong></span> <span class='ocrx_word' id='word_1_352' title='bbox 1917 1563 1982 1599; x_wconf 87' lang='lat' dir='ltr'><strong>filii</strong></span> <span class='ocrx_word' id='word_1_353' title='bbox 1999 1575 2044 1600; x_wconf 82' lang='lat' dir='ltr'><strong>ex</strong></span> <span class='ocrx_word' id='word_1_354' title='bbox 2060 1564 2183 1601; x_wconf 81' lang='lat' dir='ltr'><strong>eadem</strong></span> <span class='ocrx_word' id='word_1_355' title='bbox 2199 1566 2285 1600; x_wconf 75' lang='lat' dir='ltr'><strong>sunt</strong></span> <span class='ocrx_word' id='word_1_356' title='bbox 2307 1564 2400 1608; x_wconf 79' lang='lat' dir='ltr'><strong>nati3</strong></span> 
     </span>
     <span class='ocr_line' id='line_1_27' title="bbox 160 1608 2403 1658; baseline 0 -14"><span class='ocrx_word' id='word_1_357' title='bbox 160 1609 354 1657; x_wconf 77' lang='grc' dir='ltr'><strong><em>γεγόνασιν</em></strong></span> <span class='ocrx_word' id='word_1_358' title='bbox 386 1611 424 1652; x_wconf 77' lang='grc' dir='ltr'><strong>ἐξ</strong></span> <span class='ocrx_word' id='word_1_359' title='bbox 457 1609 577 1655; x_wconf 60' lang='grc' dir='ltr'><strong><em>αὐτῆς·</em></strong></span> <span class='ocrx_word' id='word_1_360' title='bbox 612 1610 690 1645; x_wconf 80' lang='grc' dir='ltr'><strong><em>εἶτα</em></strong></span> <span class='ocrx_word' id='word_1_361' title='bbox 710 1608 940 1655; x_wconf 71' lang='grc' dir='ltr'><strong><em>ἀπελθούσης</em></strong></span> <span class='ocrx_word' id='word_1_362' title='bbox 963 1613 1097 1656; x_wconf 81' lang='grc' dir='ltr'><strong><em>ἐκείνης</em></strong></span> <span class='ocrx_word' id='word_1_363' title='bbox 1119 1609 1243 1658; x_wconf 77' lang='grc' dir='ltr'><strong><em>ἄγεται</em></strong></span> <span class='ocrx_word' id='word_1_364' title='bbox 1311 1610 1438 1647; x_wconf 85' lang='lat' dir='ltr'><strong>deinde</strong></span> <span class='ocrx_word' id='word_1_365' title='bbox 1461 1611 1635 1646; x_wconf 84' lang='lat' dir='ltr'><strong>moriente</strong></span> <span class='ocrx_word' id='word_1_366' title='bbox 1658 1610 1720 1645; x_wconf 86' lang='lat' dir='ltr'><strong>illa</strong></span> <span class='ocrx_word' id='word_1_367' title='bbox 1745 1610 1847 1645; x_wconf 86' lang='lat' dir='ltr'><strong>duxit</strong></span> <span class='ocrx_word' id='word_1_368' title='bbox 1869 1620 1993 1645; x_wconf 86' lang='lat' dir='ltr'><strong>rursus</strong></span> <span class='ocrx_word' id='word_1_369' title='bbox 2018 1609 2141 1654; x_wconf 85' lang='lat' dir='ltr'><strong>aliam,</strong></span> <span class='ocrx_word' id='word_1_370' title='bbox 2167 1620 2211 1645; x_wconf 87' lang='lat' dir='ltr'><strong>ex</strong></span> <span class='ocrx_word' id='word_1_371' title='bbox 2234 1619 2305 1655; x_wconf 83' lang='lat' dir='ltr'><strong>qua</strong></span> <span class='ocrx_word' id='word_1_372' title='bbox 2328 1610 2403 1645; x_wconf 85' lang='lat' dir='ltr'><strong>nati</strong></span> 
     </span>
     <span class='ocr_line' id='line_1_28' title="bbox 162 1653 2402 1703; baseline 0.001 -14"><span class='ocrx_word' id='word_1_373' title='bbox 162 1653 276 1690; x_wconf 86' lang='grc' dir='ltr'><strong><em>πάλιν</em></strong></span> <span class='ocrx_word' id='word_1_374' title='bbox 291 1655 430 1702; x_wconf 77' lang='grc' dir='ltr'><strong><em>ἑτέραν,</em></strong></span> <span class='ocrx_word' id='word_1_375' title='bbox 455 1656 494 1698; x_wconf 79' lang='grc' dir='ltr'><strong>ἐξ</strong></span> <span class='ocrx_word' id='word_1_376' title='bbox 509 1656 547 1699; x_wconf 76' lang='grc' dir='ltr'><strong><em>ἧς</em></strong></span> <span class='ocrx_word' id='word_1_377' title='bbox 570 1660 756 1691; x_wconf 81' lang='grc' dir='ltr'><strong><em>τίκτονται</em></strong></span> <span class='ocrx_word' id='word_1_378' title='bbox 782 1655 906 1692; x_wconf 82' lang='grc' dir='ltr'><strong><em>παῖδες</em></strong></span> <span class='ocrx_word' id='word_1_379' title='bbox 927 1654 1038 1700; x_wconf 78' lang='grc' dir='ltr'><strong><em>αὐτῷ,</em></strong></span> <span class='ocrx_word' id='word_1_380' title='bbox 1064 1660 1135 1691; x_wconf 89' lang='grc' dir='ltr'><strong><em>τοῖς</em></strong></span> <span class='ocrx_word' id='word_1_381' title='bbox 1156 1670 1241 1703; x_wconf 79' lang='grc' dir='ltr'><strong><em>προ·</em></strong></span> <span class='ocrx_word' id='word_1_382' title='bbox 1312 1659 1398 1692; x_wconf 86' lang='lat' dir='ltr'><strong>sunt</strong></span> <span class='ocrx_word' id='word_1_383' title='bbox 1418 1655 1479 1691; x_wconf 88' lang='lat' dir='ltr'><strong>filii</strong></span> <span class='ocrx_word' id='word_1_384' title='bbox 1498 1656 1542 1698; x_wconf 88' lang='lat' dir='ltr'><strong>ei,</strong></span> <span class='ocrx_word' id='word_1_385' title='bbox 1567 1655 1748 1700; x_wconf 89' lang='lat' dir='ltr'><strong>prioribus</strong></span> <span class='ocrx_word' id='word_1_386' title='bbox 1769 1656 2025 1701; x_wconf 82' lang='lat' dir='ltr'><strong>consanguinei</strong></span> <span class='ocrx_word' id='word_1_387' title='bbox 2042 1656 2168 1698; x_wconf 88' lang='lat' dir='ltr'><strong>solum,</strong></span> <span class='ocrx_word' id='word_1_388' title='bbox 2191 1666 2265 1692; x_wconf 90' lang='lat' dir='ltr'><strong>non</strong></span> <span class='ocrx_word' id='word_1_389' title='bbox 2279 1657 2402 1691; x_wconf 78' lang='lat' dir='ltr'><strong>tamen</strong></span> 
     </span>
     <span class='ocr_line' id='line_1_29' title="bbox 160 1698 2402 1748; baseline 0 -13"><span class='ocrx_word' id='word_1_390' title='bbox 160 1704 274 1746; x_wconf 80' lang='grc' dir='ltr'><strong><em>τέροις</em></strong></span> <span class='ocrx_word' id='word_1_391' title='bbox 294 1698 510 1748; x_wconf 82' lang='grc' dir='ltr'><strong><em>ὁμοπάτριοι</em></strong></span> <span class='ocrx_word' id='word_1_392' title='bbox 527 1701 656 1746; x_wconf 85' lang='grc' dir='ltr'><strong><em>μόνον,</em></strong></span> <span class='ocrx_word' id='word_1_393' title='bbox 681 1700 721 1736; x_wconf 79' lang='grc' dir='ltr'><strong>οὐ</strong></span> <span class='ocrx_word' id='word_1_394' title='bbox 737 1701 809 1746; x_wconf 77' lang='grc' dir='ltr'><strong>μὴν</strong></span> <span class='ocrx_word' id='word_1_395' title='bbox 828 1700 1041 1748; x_wconf 80' lang='grc' dir='ltr'><strong><em>ὁμομήτριοι</em></strong></span> <span class='ocrx_word' id='word_1_396' title='bbox 1053 1714 1060 1721; x_wconf 88' lang='grc'><em>·</em></span> <span class='ocrx_word' id='word_1_397' title='bbox 1085 1703 1163 1737; x_wconf 84' lang='grc' dir='ltr'><strong><em>εἶτα</em></strong></span> <span class='ocrx_word' id='word_1_398' title='bbox 1183 1705 1242 1736; x_wconf 84' lang='grc' dir='ltr'><strong>καὶ</strong></span> <span class='ocrx_word' id='word_1_399' title='bbox 1311 1702 1460 1746; x_wconf 78' lang='lat' dir='ltr'><strong>uterini;</strong></span> <span class='ocrx_word' id='word_1_400' title='bbox 1487 1702 1616 1737; x_wconf 87' lang='lat' dir='ltr'><strong>deinde</strong></span> <span class='ocrx_word' id='word_1_401' title='bbox 1633 1702 1740 1736; x_wconf 78' lang='lat' dir='ltr'><strong>etiam</strong></span> <span class='ocrx_word' id='word_1_402' title='bbox 1755 1702 1902 1737; x_wconf 78' lang='lat' dir='ltr'><strong>tertium</strong></span> <span class='ocrx_word' id='word_1_403' title='bbox 1922 1700 2123 1737; x_wconf 70' lang='lat' dir='ltr'><strong>introduxst.</strong></span> <span class='ocrx_word' id='word_1_404' title='bbox 2138 1700 2402 1737; x_wconf 76' lang='lat' dir='ltr'><strong>matrimonium</strong></span> 
     </span>
     <span class='ocr_line' id='line_1_30' title="bbox 162 1745 2403 1806; baseline 0 -25"><span class='ocrx_word' id='word_1_405' title='bbox 162 1749 285 1792; x_wconf 82' lang='grc' dir='ltr'><strong><em>τρίτον</em></strong></span> <span class='ocrx_word' id='word_1_406' title='bbox 304 1746 528 1806; x_wconf 56' lang='grc' dir='ltr'><strong><em>ἐπειςάῖεται</em></strong></span> <span class='ocrx_word' id='word_1_407' title='bbox 551 1745 666 1795; x_wconf 77' lang='grc' dir='ltr'><strong><em>γάμον</em></strong></span> <span class='ocrx_word' id='word_1_408' title='bbox 685 1751 744 1782; x_wconf 83' lang='grc' dir='ltr'><strong>καὶ</strong></span> <span class='ocrx_word' id='word_1_409' title='bbox 766 1752 923 1782; x_wconf 84' lang='grc' dir='ltr'><strong><em>ποιεῖται</em></strong></span> <span class='ocrx_word' id='word_1_410' title='bbox 945 1746 1077 1782; x_wconf 79' lang='grc' dir='ltr'><strong><em>παῖδας</em></strong></span> <span class='ocrx_word' id='word_1_411' title='bbox 1095 1746 1242 1782; x_wconf 79' lang='grc' dir='ltr'><strong><em>κάντεῦ-</em></strong></span> <span class='ocrx_word' id='word_1_412' title='bbox 1311 1747 1468 1792; x_wconf 84' lang='lat' dir='ltr'><strong>fecitque</strong></span> <span class='ocrx_word' id='word_1_413' title='bbox 1499 1747 1590 1782; x_wconf 87' lang='lat' dir='ltr'><strong>filios</strong></span> <span class='ocrx_word' id='word_1_414' title='bbox 1623 1751 1659 1783; x_wconf 80' lang='lat' dir='ltr'><strong>et</strong></span> <span class='ocrx_word' id='word_1_415' title='bbox 1690 1757 1733 1782; x_wconf 83' lang='lat' dir='ltr'><strong>ex</strong></span> <span class='ocrx_word' id='word_1_416' title='bbox 1766 1757 1819 1783; x_wconf 79' lang='lat' dir='ltr'><strong>ea.</strong></span> <span class='ocrx_word' id='word_1_417' title='bbox 1868 1747 1956 1783; x_wconf 81' lang='lat' dir='ltr'><strong>Post</strong></span> <span class='ocrx_word' id='word_1_418' title='bbox 1975 1751 2125 1783; x_wconf 83' lang='lat' dir='ltr'><strong>mortem</strong></span> <span class='ocrx_word' id='word_1_419' title='bbox 2150 1757 2231 1783; x_wconf 85' lang='lat' dir='ltr'><strong>vero</strong></span> <span class='ocrx_word' id='word_1_420' title='bbox 2257 1747 2332 1782; x_wconf 82' lang='lat' dir='ltr'><strong>eius</strong></span> <span class='ocrx_word' id='word_1_421' title='bbox 2356 1746 2403 1782; x_wconf 81' lang='lat' dir='ltr'><strong>ad</strong></span> 
     </span>
     <span class='ocr_line' id='line_1_31' title="bbox 161 1789 2404 1840; baseline 0 -14"><span class='ocrx_word' id='word_1_422' title='bbox 161 1793 242 1826; x_wconf 83' lang='grc' dir='ltr'><strong><em>θἐν.</em></strong></span> <span class='ocrx_word' id='word_1_423' title='bbox 289 1792 379 1837; x_wconf 77' lang='grc' dir='ltr'><strong><em>μετὰ</em></strong></span> <span class='ocrx_word' id='word_1_424' title='bbox 396 1790 436 1827; x_wconf 79' lang='grc' dir='ltr'><strong>δε</strong></span> <span class='ocrx_word' id='word_1_425' title='bbox 451 1792 518 1836; x_wconf 83' lang='grc' dir='ltr'><strong>τὴν</strong></span> <span class='ocrx_word' id='word_1_426' title='bbox 535 1791 644 1827; x_wconf 79' lang='grc' dir='ltr'><strong><em>αὐτοῦ</em></strong></span> <span class='ocrx_word' id='word_1_427' title='bbox 662 1792 830 1837; x_wconf 73' lang='grc' dir='ltr'><strong><em>τελευτὴν</em></strong></span> <span class='ocrx_word' id='word_1_428' title='bbox 849 1796 909 1828; x_wconf 80' lang='grc' dir='ltr'><strong>ἐπὶ</strong></span> <span class='ocrx_word' id='word_1_429' title='bbox 927 1791 1093 1840; x_wconf 75' lang='grc' dir='ltr'><strong><em>δεύτερον</em></strong></span> <span class='ocrx_word' id='word_1_430' title='bbox 1116 1789 1137 1836; x_wconf 77' lang='grc' dir='ltr'><em>ἡ</em></span> <span class='ocrx_word' id='word_1_431' title='bbox 1156 1792 1244 1839; x_wconf 80' lang='grc' dir='ltr'><strong><em>γυνὴ</em></strong></span> <span class='ocrx_word' id='word_1_432' title='bbox 1257 1796 1300 1828; x_wconf 87' lang='grc'><strong>30</strong></span> <span class='ocrx_word' id='word_1_433' title='bbox 1314 1794 1510 1829; x_wconf 84' lang='lat' dir='ltr'><strong>seeundum</strong></span> <span class='ocrx_word' id='word_1_434' title='bbox 1533 1792 1662 1828; x_wconf 83' lang='lat' dir='ltr'><strong>mulier</strong></span> <span class='ocrx_word' id='word_1_435' title='bbox 1686 1793 1869 1828; x_wconf 80' lang='lat' dir='ltr'><strong>descendIt</strong></span> <span class='ocrx_word' id='word_1_436' title='bbox 1891 1793 2014 1836; x_wconf 84' lang='lat' dir='ltr'><strong>virum,</strong></span> <span class='ocrx_word' id='word_1_437' title='bbox 2040 1803 2085 1828; x_wconf 85' lang='lat' dir='ltr'><strong>ex</strong></span> <span class='ocrx_word' id='word_1_438' title='bbox 2109 1803 2179 1838; x_wconf 86' lang='lat' dir='ltr'><strong>quo</strong></span> <span class='ocrx_word' id='word_1_439' title='bbox 2203 1792 2292 1828; x_wconf 75' lang='lat' dir='ltr'><strong>alios</strong></span> <span class='ocrx_word' id='word_1_440' title='bbox 2314 1791 2404 1828; x_wconf 78' lang='lat' dir='ltr'><strong>fecit</strong></span> 
     </span>
     <span class='ocr_line' id='line_1_32' title="bbox 161 1831 2401 1886; baseline 0.001 -15"><span class='ocrx_word' id='word_1_441' title='bbox 161 1840 270 1886; x_wconf 76' lang='grc' dir='ltr'><strong><em>χωρεῖ</em></strong></span> <span class='ocrx_word' id='word_1_442' title='bbox 298 1841 529 1881; x_wconf 79' lang='grc' dir='ltr'><strong><em>συνοικέσιον,</em></strong></span> <span class='ocrx_word' id='word_1_443' title='bbox 563 1838 601 1879; x_wconf 83' lang='grc' dir='ltr'><strong>ἐξ</strong></span> <span class='ocrx_word' id='word_1_444' title='bbox 632 1831 676 1872; x_wconf 69' lang='grc' dir='ltr'><strong>οὗ</strong></span> <span class='ocrx_word' id='word_1_445' title='bbox 708 1839 846 1884; x_wconf 74' lang='grc' dir='ltr'><strong><em>ἑτέρους</em></strong></span> <span class='ocrx_word' id='word_1_446' title='bbox 877 1837 1073 1882; x_wconf 81' lang='grc' dir='ltr'><strong><em>ἐποιήσατο</em></strong></span> <span class='ocrx_word' id='word_1_447' title='bbox 1100 1836 1242 1880; x_wconf 80' lang='grc' dir='ltr'><strong><em>παῖδας,</em></strong></span> <span class='ocrx_word' id='word_1_448' title='bbox 1311 1838 1422 1882; x_wconf 81' lang='lat' dir='ltr'><strong>filios,</strong></span> <span class='ocrx_word' id='word_1_449' title='bbox 1453 1839 1509 1874; x_wconf 81' lang='lat' dir='ltr'><strong>his</strong></span> <span class='ocrx_word' id='word_1_450' title='bbox 1534 1838 1597 1883; x_wconf 90' lang='lat' dir='ltr'><strong>qui</strong></span> <span class='ocrx_word' id='word_1_451' title='bbox 1621 1848 1664 1874; x_wconf 85' lang='lat' dir='ltr'><strong>ex</strong></span> <span class='ocrx_word' id='word_1_452' title='bbox 1688 1838 1800 1883; x_wconf 84' lang='lat' dir='ltr'><strong>priori</strong></span> <span class='ocrx_word' id='word_1_453' title='bbox 1823 1839 1899 1874; x_wconf 86' lang='lat' dir='ltr'><strong>viro</strong></span> <span class='ocrx_word' id='word_1_454' title='bbox 1923 1838 2068 1874; x_wconf 79' lang='lat' dir='ltr'><strong>fuerant</strong></span> <span class='ocrx_word' id='word_1_455' title='bbox 2091 1838 2249 1875; x_wconf 78' lang='lat' dir='ltr'><strong>uterinos</strong></span> <span class='ocrx_word' id='word_1_456' title='bbox 2274 1838 2401 1882; x_wconf 75' lang='lat' dir='ltr'><strong>solum,</strong></span> 
     </span>
     <span class='ocr_line' id='line_1_33' title="bbox 160 1880 2401 1931; baseline 0 -13"><span class='ocrx_word' id='word_1_457' title='bbox 160 1886 234 1918; x_wconf 87' lang='grc' dir='ltr'><strong><em>τοῖς</em></strong></span> <span class='ocrx_word' id='word_1_458' title='bbox 265 1885 303 1918; x_wconf 80' lang='grc' dir='ltr'><strong>ἐκ</strong></span> <span class='ocrx_word' id='word_1_459' title='bbox 331 1885 394 1918; x_wconf 84' lang='grc' dir='ltr'><strong>τοῦ</strong></span> <span class='ocrx_word' id='word_1_460' title='bbox 427 1887 602 1931; x_wconf 78' lang='grc' dir='ltr'><strong><em>προτέρου</em></strong></span> <span class='ocrx_word' id='word_1_461' title='bbox 632 1880 764 1930; x_wconf 73' lang='grc' dir='ltr'><strong><em>ἀνδρὸς</em></strong></span> <span class='ocrx_word' id='word_1_462' title='bbox 787 1882 1025 1931; x_wconf 53' lang='grc' dir='ltr'><strong><em>ὁμομητρίους</em></strong></span> <span class='ocrx_word' id='word_1_463' title='bbox 1047 1883 1173 1928; x_wconf 85' lang='grc' dir='ltr'><strong><em>μόνον,</em></strong></span> <span class='ocrx_word' id='word_1_464' title='bbox 1198 1885 1240 1918; x_wconf 71' lang='grc' dir='ltr'><strong>οὗ</strong></span> <span class='ocrx_word' id='word_1_465' title='bbox 1311 1895 1383 1920; x_wconf 91' lang='lat' dir='ltr'><strong>non</strong></span> <span class='ocrx_word' id='word_1_466' title='bbox 1417 1888 1537 1919; x_wconf 85' lang='lat' dir='ltr'><strong>tamen</strong></span> <span class='ocrx_word' id='word_1_467' title='bbox 1578 1884 1874 1928; x_wconf 84' lang='lat' dir='ltr'><strong>consanguineos.</strong></span> <span class='ocrx_word' id='word_1_468' title='bbox 1934 1883 2114 1920; x_wconf 87' lang='lat' dir='ltr'><strong>Moriente</strong></span> <span class='ocrx_word' id='word_1_469' title='bbox 2147 1884 2255 1927; x_wconf 81' lang='lat' dir='ltr'><strong>igitur</strong></span> <span class='ocrx_word' id='word_1_470' title='bbox 2288 1886 2401 1918; x_wconf 85' lang='lat' dir='ltr'><strong>matre</strong></span> 
     </span>
     <span class='ocr_line' id='line_1_34' title="bbox 160 1927 2402 1976; baseline 0 -13"><span class='ocrx_word' id='word_1_471' title='bbox 160 1929 234 1973; x_wconf 83' lang='grc' dir='ltr'><strong>μὴν</strong></span> <span class='ocrx_word' id='word_1_472' title='bbox 266 1932 326 1963; x_wconf 80' lang='grc' dir='ltr'><strong>καὶ</strong></span> <span class='ocrx_word' id='word_1_473' title='bbox 350 1927 601 1975; x_wconf 83' lang='grc' dir='ltr'><strong><em>ὁμοπατρίους.</em></strong></span> <span class='ocrx_word' id='word_1_474' title='bbox 649 1929 906 1974; x_wconf 77' lang='grc' dir='ltr'><strong><em>τελευτησάσης</em></strong></span> <span class='ocrx_word' id='word_1_475' title='bbox 933 1933 1058 1964; x_wconf 84' lang='grc' dir='ltr'><strong><em>τοίνυν</em></strong></span> <span class='ocrx_word' id='word_1_476' title='bbox 1089 1931 1150 1973; x_wconf 77' lang='grc' dir='ltr'><strong><em>τῆς</em></strong></span> <span class='ocrx_word' id='word_1_477' title='bbox 1177 1944 1240 1975; x_wconf 85' lang='grc' dir='ltr'><strong>μη·</strong></span> <span class='ocrx_word' id='word_1_478' title='bbox 1312 1931 1438 1976; x_wconf 74' lang='lat' dir='ltr'><strong>postea</strong></span> <span class='ocrx_word' id='word_1_479' title='bbox 1461 1929 1554 1966; x_wconf 82' lang='lat' dir='ltr'><strong>mori</strong></span> <span class='ocrx_word' id='word_1_480' title='bbox 1577 1940 1687 1966; x_wconf 88' lang='lat' dir='ltr'><strong>unum</strong></span> <span class='ocrx_word' id='word_1_481' title='bbox 1712 1930 1865 1965; x_wconf 77' lang='lat' dir='ltr'><strong>fratrum</strong></span> <span class='ocrx_word' id='word_1_482' title='bbox 1889 1929 2036 1975; x_wconf 74' lang='lat' dir='ltr'><strong>contigit</strong></span> <span class='ocrx_word' id='word_1_483' title='bbox 2060 1929 2136 1966; x_wconf 82' lang='lat' dir='ltr'><strong>sine</strong></span> <span class='ocrx_word' id='word_1_484' title='bbox 2158 1928 2242 1966; x_wconf 77' lang='lat' dir='ltr'><strong>filiis</strong></span> <span class='ocrx_word' id='word_1_485' title='bbox 2268 1932 2304 1965; x_wconf 77' lang='lat' dir='ltr'><strong>et</strong></span> <span class='ocrx_word' id='word_1_486' title='bbox 2326 1929 2402 1965; x_wconf 85' lang='lat' dir='ltr'><strong>Sine</strong></span> 
     </span>
     <span class='ocr_line' id='line_1_35' title="bbox 161 1972 1248 2022; baseline 0 -13"><span class='ocrx_word' id='word_1_487' title='bbox 161 1974 245 2021; x_wconf 75' lang='grc' dir='ltr'><strong><em>τρὸς</em></strong></span> <span class='ocrx_word' id='word_1_488' title='bbox 268 1978 401 2019; x_wconf 75' lang='grc' dir='ltr'><strong><em>συνέβη</em></strong></span> <span class='ocrx_word' id='word_1_489' title='bbox 427 1974 699 2018; x_wconf 77' lang='grc' dir='ltr'><strong><em>ἐπιτελευτῆσαι</em></strong></span> <span class='ocrx_word' id='word_1_490' title='bbox 723 1978 783 2009; x_wconf 84' lang='grc' dir='ltr'><strong>καὶ</strong></span> <span class='ocrx_word' id='word_1_491' title='bbox 807 1975 875 2010; x_wconf 82' lang='grc' dir='ltr'><strong>τὸν</strong></span> <span class='ocrx_word' id='word_1_492' title='bbox 892 1977 957 2010; x_wconf 74' lang='grc' dir='ltr'><strong>ἕνα</strong></span> <span class='ocrx_word' id='word_1_493' title='bbox 979 1976 1058 2010; x_wconf 81' lang='grc' dir='ltr'><strong>τῶν</strong></span> <span class='ocrx_word' id='word_1_494' title='bbox 1077 1972 1248 2022; x_wconf 78' lang='grc' dir='ltr'><strong><em>ἀδελφῶν</em></strong></span> 
     </span>
    </p>
   </div>
   <div class='ocr_carea' id='block_1_7' title="bbox 162 2067 2404 2155">
    <p class='ocr_par' dir='ltr' id='par_1_10' title="bbox 162 2067 2404 2155">
     <span class='ocr_line' id='line_1_36' title="bbox 217 2067 2404 2112; baseline 0 -11"><span class='ocrx_word' id='word_1_495' title='bbox 217 2067 302 2101; x_wconf 83' lang='grc' dir='ltr'><strong><em>Νου.</em></strong></span> <span class='ocrx_word' id='word_1_496' title='bbox 324 2067 533 2100; x_wconf 86' lang='lat' dir='ltr'><strong>LXXXIV</strong></span> <span class='ocrx_word' id='word_1_497' title='bbox 549 2067 712 2106; x_wconf 79' lang='lat' dir='ltr'><strong>(Anthent.</strong></span> <span class='ocrx_word' id='word_1_498' title='bbox 733 2067 920 2101; x_wconf 87' lang='lat' dir='ltr'>LXXXV</span> <span class='ocrx_word' id='word_1_499' title='bbox 937 2083 981 2096; x_wconf 86' lang='lat'>=</span> <span class='ocrx_word' id='word_1_500' title='bbox 1010 2068 1090 2101; x_wconf 81' lang='lat' dir='ltr'><strong>Cotl.</strong></span> <span class='ocrx_word' id='word_1_501' title='bbox 1115 2067 1168 2100; x_wconf 92' lang='lat' dir='ltr'><strong>VI</strong></span> <span class='ocrx_word' id='word_1_502' title='bbox 1188 2068 1233 2101; x_wconf 82' lang='lat' dir='ltr'><strong>tit.</strong></span> <span class='ocrx_word' id='word_1_503' title='bbox 1254 2068 1310 2101; x_wconf 84' lang='lat'><strong>12:</strong></span> <span class='ocrx_word' id='word_1_504' title='bbox 1335 2068 1448 2112; x_wconf 77' lang='lat' dir='ltr'><strong>qloss.)</strong></span> <span class='ocrx_word' id='word_1_505' title='bbox 1484 2067 1610 2102; x_wconf 82' lang='lat' dir='ltr'><strong>Graece</strong></span> <span class='ocrx_word' id='word_1_506' title='bbox 1644 2074 1731 2102; x_wconf 83' lang='lat' dir='ltr'><strong>extat</strong></span> <span class='ocrx_word' id='word_1_507' title='bbox 1763 2069 1796 2102; x_wconf 81' lang='lat' dir='ltr'><strong>in</strong></span> <span class='ocrx_word' id='word_1_508' title='bbox 1821 2067 1864 2102; x_wconf 91' lang='lat' dir='ltr'><em>M</em></span> <span class='ocrx_word' id='word_1_509' title='bbox 1895 2069 1967 2109; x_wconf 87' lang='lat' dir='ltr'><strong>(om.</strong></span> <span class='ocrx_word' id='word_1_510' title='bbox 1988 2067 2040 2106; x_wconf 88' lang='lat' dir='ltr'><strong>B;</strong></span> <span class='ocrx_word' id='word_1_511' title='bbox 2074 2067 2106 2101; x_wconf 88' lang='lat' dir='ltr'>L</span> <span class='ocrx_word' id='word_1_512' title='bbox 2131 2080 2194 2101; x_wconf 89' lang='lat' dir='ltr'><strong>non</strong></span> <span class='ocrx_word' id='word_1_513' title='bbox 2218 2068 2316 2102; x_wconf 75' lang='lat' dir='ltr'><strong>habet</strong></span> <span class='ocrx_word' id='word_1_514' title='bbox 2338 2067 2404 2101; x_wconf 72' lang='lat' dir='ltr'><strong>niet·</strong></span> 
     </span>
     <span class='ocr_line' id='line_1_37' title="bbox 162 2111 1658 2155; baseline 0 -10"><span class='ocrx_word' id='word_1_515' title='bbox 162 2114 249 2146; x_wconf 83' lang='lat' dir='ltr'><strong>rubr.</strong></span> <span class='ocrx_word' id='word_1_516' title='bbox 276 2120 306 2146; x_wconf 80' lang='lat' dir='ltr'><strong>et</strong></span> <span class='ocrx_word' id='word_1_517' title='bbox 328 2113 448 2154; x_wconf 58' lang='lat' dir='ltr'><strong>insen).</strong></span> <span class='ocrx_word' id='word_1_518' title='bbox 474 2131 518 2136; x_wconf 92' lang='lat'><strong>—</strong></span> <span class='ocrx_word' id='word_1_519' title='bbox 542 2111 634 2155; x_wconf 81' lang='lat' dir='ltr'><strong>Epit.</strong></span> <span class='ocrx_word' id='word_1_520' title='bbox 661 2112 785 2146; x_wconf 71' lang='lat' dir='ltr'><strong>Tlteod.</strong></span> <span class='ocrx_word' id='word_1_521' title='bbox 810 2114 868 2154; x_wconf 88' lang='lat'><strong>84,</strong></span> <span class='ocrx_word' id='word_1_522' title='bbox 900 2113 1023 2146; x_wconf 81' lang='lat' dir='ltr'><strong>Athan.</strong></span> <span class='ocrx_word' id='word_1_523' title='bbox 1048 2114 1079 2153; x_wconf 85' lang='lat'><strong>9,</strong></span> <span class='ocrx_word' id='word_1_524' title='bbox 1094 2120 1120 2147; x_wconf 84' lang='grc'><strong>6.</strong></span> <span class='ocrx_word' id='word_1_525' title='bbox 1169 2112 1291 2146; x_wconf 80' lang='lat' dir='ltr'><strong>Iulian.</strong></span> <span class='ocrx_word' id='word_1_526' title='bbox 1318 2120 1416 2146; x_wconf 86' lang='lat' dir='ltr'><strong>const.</strong></span> <span class='ocrx_word' id='word_1_527' title='bbox 1443 2113 1658 2150; x_wconf 83' lang='lat' dir='ltr'><strong>LXXVIII.</strong></span> 
     </span>
    </p>
   </div>
   <div class='ocr_carea' id='block_1_8' title="bbox 1140 2174 2131 2178">
    <p class='ocr_par' dir='ltr' id='par_1_11' title="bbox 1140 2174 2131 2178">
     <span class='ocr_line' id='line_1_38' title="bbox 1140 2174 2131 2178; baseline 0 0"><span class='ocrx_word' id='word_1_528' title='bbox 1140 2174 2131 2178; x_wconf 95' lang='lat' dir='ltr'><strong> </strong></span> 
     </span>
    </p>
   </div>
   <div class='ocr_carea' id='block_1_9' title="bbox 477 2174 2131 2179">
    <p class='ocr_par' dir='ltr' id='par_1_12' title="bbox 477 2174 2131 2179">
     <span class='ocr_line' id='line_1_39' title="bbox 477 2174 2131 2179; baseline 0 0"><span class='ocrx_word' id='word_1_529' title='bbox 477 2174 2131 2179; x_wconf 95' lang='lat' dir='ltr'><strong> </strong></span> 
     </span>
    </p>
   </div>
   <div class='ocr_carea' id='block_1_10' title="bbox 161 2199 2402 2384">
    <p class='ocr_par' dir='ltr' id='par_1_13' title="bbox 162 2199 2400 2282">
     <span class='ocr_line' id='line_1_40' title="bbox 162 2199 2400 2282; baseline 0 -47"><span class='ocrx_word' id='word_1_530' title='bbox 162 2200 219 2282; x_wconf 62' lang='lat' dir='ltr'><strong>det</strong></span> <span class='ocrx_word' id='word_1_531' title='bbox 236 2200 471 2280; x_wconf 44' lang='lat' dir='ltr'><strong>saantibssimtis</strong></span> <span class='ocrx_word' id='word_1_532' title='bbox 503 2200 662 2236; x_wconf 86' lang='lat' dir='ltr'><strong>ecclesiis</strong></span> <span class='ocrx_word' id='word_1_533' title='bbox 690 2201 765 2236; x_wconf 84' lang='lat' dir='ltr'><strong>sive</strong></span> <span class='ocrx_word' id='word_1_534' title='bbox 793 2200 837 2235; x_wconf 87' lang='lat' dir='ltr'><strong>de</strong></span> <span class='ocrx_word' id='word_1_535' title='bbox 869 2200 935 2236; x_wconf 87' lang='lat' dir='ltr'><strong>deo</strong></span> <span class='ocrx_word' id='word_1_536' title='bbox 967 2200 1165 2236; x_wconf 80' lang='lat' dir='ltr'><strong>carissimis</strong></span> <span class='ocrx_word' id='word_1_537' title='bbox 1196 2201 1380 2247; x_wconf 82' lang='lat' dir='ltr'><strong>episcopis</strong></span> <span class='ocrx_word' id='word_1_538' title='bbox 1413 2200 1488 2235; x_wconf 81' lang='lat' dir='ltr'><strong>sive</strong></span> <span class='ocrx_word' id='word_1_539' title='bbox 1519 2199 1564 2235; x_wconf 83' lang='lat' dir='ltr'><strong>dc</strong></span> <span class='ocrx_word' id='word_1_540' title='bbox 1587 2199 1730 2235; x_wconf 80' lang='lat' dir='ltr'><strong>clericis</strong></span> <span class='ocrx_word' id='word_1_541' title='bbox 1758 2201 1833 2236; x_wconf 85' lang='lat' dir='ltr'><strong>sive</strong></span> <span class='ocrx_word' id='word_1_542' title='bbox 1863 2200 1908 2236; x_wconf 89' lang='lat' dir='ltr'><strong>de</strong></span> <span class='ocrx_word' id='word_1_543' title='bbox 1937 2201 2124 2236; x_wconf 75' lang='lat' dir='ltr'><strong>monachis</strong></span> <span class='ocrx_word' id='word_1_544' title='bbox 2154 2212 2259 2236; x_wconf 87' lang='lat' dir='ltr'><strong>suam</strong></span> <span class='ocrx_word' id='word_1_545' title='bbox 2286 2201 2400 2246; x_wconf 84' lang='lat' dir='ltr'><strong>firmi-</strong></span> 
     </span>
     <span class='ocr_line' id='line_1_41' title="bbox 165 2250 462 2282; baseline -0.007 0"><span class='ocrx_word' id='word_1_546' title='bbox 165 2250 202 2282; x_wconf 89' lang='lat' dir='ltr'><strong>ta</strong></span> <span class='ocrx_word' id='word_1_547' title='bbox 218 2256 273 2281; x_wconf 89' lang='lat' dir='ltr'><strong>em</strong></span> <span class='ocrx_word' id='word_1_548' title='bbox 322 2257 344 2280; x_wconf 89' lang='lat' dir='ltr'><strong>a</strong></span> <span class='ocrx_word' id='word_1_549' title='bbox 368 2256 437 2281; x_wconf 87' lang='lat' dir='ltr'><strong>ean</strong></span> <span class='ocrx_word' id='word_1_550' title='bbox 453 2271 462 2281; x_wconf 91' lang='lat'><strong>.</strong></span> 
     </span>
    </p>

    <p class='ocr_par' dir='ltr' id='par_1_14' title="bbox 161 2289 2402 2384">
     <span class='ocr_line' id='line_1_42' title="bbox 299 2289 2402 2338; baseline 0 -12"><span class='ocrx_word' id='word_1_551' title='bbox 299 2290 337 2326; x_wconf 85' lang='lat' dir='ltr'><em>E</em></span> <span class='ocrx_word' id='word_1_552' title='bbox 341 2291 387 2338; x_wconf 89' lang='lat' dir='ltr'><strong>pi</strong></span> <span class='ocrx_word' id='word_1_553' title='bbox 396 2291 437 2326; x_wconf 89' lang='lat' dir='ltr'><strong>to</strong></span> <span class='ocrx_word' id='word_1_554' title='bbox 446 2301 540 2336; x_wconf 81' lang='lat' dir='ltr'><strong>qus.</strong></span> <span class='ocrx_word' id='word_1_555' title='bbox 590 2290 667 2326; x_wconf 87' lang='lat' dir='ltr'><strong>Tua</strong></span> <span class='ocrx_word' id='word_1_556' title='bbox 691 2290 804 2337; x_wconf 81' lang='lat' dir='ltr'><strong>iqitur</strong></span> <span class='ocrx_word' id='word_1_557' title='bbox 834 2290 1036 2326; x_wconf 85' lang='lat' dir='ltr'><strong>sublimitas</strong></span> <span class='ocrx_word' id='word_1_558' title='bbox 1067 2301 1162 2336; x_wconf 85' lang='lat' dir='ltr'><strong>quae</strong></span> <span class='ocrx_word' id='word_1_559' title='bbox 1193 2290 1296 2326; x_wconf 81' lang='lat' dir='ltr'><strong>nobis</strong></span> <span class='ocrx_word' id='word_1_560' title='bbox 1312 2290 1539 2336; x_wconf 85' lang='lat' dir='ltr'><strong>placuerunt</strong></span> <span class='ocrx_word' id='word_1_561' title='bbox 1571 2295 1607 2325; x_wconf 85' lang='lat' dir='ltr'><strong>et</strong></span> <span class='ocrx_word' id='word_1_562' title='bbox 1632 2301 1706 2336; x_wconf 79' lang='lat' dir='ltr'><strong>per</strong></span> <span class='ocrx_word' id='word_1_563' title='bbox 1737 2289 1831 2325; x_wconf 76' lang='lat' dir='ltr'><strong>lianc</strong></span> <span class='ocrx_word' id='word_1_564' title='bbox 1855 2301 1999 2327; x_wconf 86' lang='lat' dir='ltr'><strong>sacram</strong></span> <span class='ocrx_word' id='word_1_565' title='bbox 2028 2291 2143 2337; x_wconf 82' lang='lat' dir='ltr'><strong>leqem</strong></span> <span class='ocrx_word' id='word_1_566' title='bbox 2166 2290 2402 2329; x_wconf 76' lang='lat' dir='ltr'><strong>declarantur</strong></span> 
     </span>
     <span class='ocr_line' id='line_1_43' title="bbox 161 2335 1850 2384; baseline 0 -12"><span class='ocrx_word' id='word_1_567' title='bbox 161 2347 231 2384; x_wconf 87' lang='lat' dir='ltr'><strong>per</strong></span> <span class='ocrx_word' id='word_1_568' title='bbox 252 2336 408 2383; x_wconf 79' lang='lat' dir='ltr'><strong>propria</strong></span> <span class='ocrx_word' id='word_1_569' title='bbox 431 2335 550 2372; x_wconf 85' lang='lat' dir='ltr'><strong>edicta</strong></span> <span class='ocrx_word' id='word_1_570' title='bbox 572 2336 769 2381; x_wconf 84' lang='lat' dir='ltr'><strong>manifesta</strong></span> <span class='ocrx_word' id='word_1_571' title='bbox 793 2335 957 2372; x_wconf 83' lang='lat' dir='ltr'><strong>omnibus</strong></span> <span class='ocrx_word' id='word_1_572' title='bbox 979 2335 1099 2380; x_wconf 80' lang='lat' dir='ltr'><strong>faciat</strong></span> <span class='ocrx_word' id='word_1_573' title='bbox 1129 2338 1165 2371; x_wconf 82' lang='lat' dir='ltr'><strong>et</strong></span> <span class='ocrx_word' id='word_1_574' title='bbox 1188 2335 1226 2370; x_wconf 84' lang='lat' dir='ltr'><strong>in</strong></span> <span class='ocrx_word' id='word_1_575' title='bbox 1245 2338 1466 2382; x_wconf 82' lang='lat' dir='ltr'><strong>perpetuum</strong></span> <span class='ocrx_word' id='word_1_576' title='bbox 1490 2335 1672 2371; x_wconf 84' lang='lat' dir='ltr'><strong>custodire</strong></span> <span class='ocrx_word' id='word_1_577' title='bbox 1695 2335 1850 2372; x_wconf 80' lang='lat' dir='ltr'><strong>studeat.</strong></span> 
     </span>
    </p>
   </div>
   <div class='ocr_carea' id='block_1_11' title="bbox 465 2491 2107 2614">
    <p class='ocr_par' dir='ltr' id='par_1_15' title="bbox 465 2491 2107 2614">
     <span class='ocr_line' id='line_1_44' title="bbox 465 2491 2107 2614; baseline -0.002 0"><span class='ocrx_word' id='word_1_578' title='bbox 465 2562 568 2614; x_wconf 77' lang='lat' dir='ltr'><strong>DE</strong></span> <span class='ocrx_word' id='word_1_579' title='bbox 602 2491 1666 2614; x_wconf 43' lang='lat' dir='ltr'><em>CONSANGUINEISLJJXgs-TERINIS</em></span> <span class='ocrx_word' id='word_1_580' title='bbox 1698 2560 2107 2613; x_wconf 80' lang='lat' dir='ltr'><strong>FRATRIBUS.</strong></span> 
     </span>
    </p>
   </div>
   <div class='ocr_carea' id='block_1_12' title="bbox 210 2639 2355 2731">
    <p class='ocr_par' dir='ltr' id='par_1_16' title="bbox 210 2639 2355 2731">
     <span class='ocr_line' id='line_1_45' title="bbox 210 2639 2355 2731; baseline 0.001 -54"><span class='ocrx_word' id='word_1_581' title='bbox 210 2640 303 2688; x_wconf 87' lang='lat' dir='ltr'><strong>Imp.</strong></span> <span class='ocrx_word' id='word_1_582' title='bbox 323 2639 549 2678; x_wconf 76' lang='lat' dir='ltr'><strong>lastinianus</strong></span> <span class='ocrx_word' id='word_1_583' title='bbox 567 2643 753 2689; x_wconf 63' lang='lat' dir='ltr'><strong>Augustus</strong></span> <span class='ocrx_word' id='word_1_584' title='bbox 772 2639 931 2676; x_wconf 78' lang='lat' dir='ltr'><strong>Iohanni</strong></span> <span class='ocrx_word' id='word_1_585' title='bbox 954 2639 1637 2731; x_wconf 47' lang='grc' dir='ltr'><strong><em>φῐονίΐῗᾶῗὲιῖιινοὶορὲιὲεζῑοΐξιέσῖὶναείοήο</em></strong></span> <span class='ocrx_word' id='word_1_586' title='bbox 1655 2651 1729 2687; x_wconf 86' lang='lat' dir='ltr'><strong>per</strong></span> <span class='ocrx_word' id='word_1_587' title='bbox 1755 2640 1936 2677; x_wconf 81' lang='lat' dir='ltr'><strong>Orientem</strong></span> <span class='ocrx_word' id='word_1_588' title='bbox 1961 2641 2107 2683; x_wconf 85' lang='lat' dir='ltr'><strong>iterum,</strong></span> <span class='ocrx_word' id='word_1_589' title='bbox 2135 2651 2185 2678; x_wconf 82' lang='lat' dir='ltr'><strong>ex</strong></span> <span class='ocrx_word' id='word_1_590' title='bbox 2209 2642 2355 2679; x_wconf 78' lang='lat' dir='ltr'><strong>consule</strong></span> 
     </span>
    </p>
   </div>
   <div class='ocr_carea' id='block_1_13' title="bbox 161 2752 2401 3164">
    <p class='ocr_par' dir='ltr' id='par_1_17' title="bbox 161 2752 2401 3164">
     <span class='ocr_line' id='line_1_46' title="bbox 301 2752 2399 2800; baseline 0 -10"><span class='ocrx_word' id='word_1_591' title='bbox 301 2753 565 2800; x_wconf 83' lang='lat' dir='ltr'><strong>Praefatio.</strong></span> <span class='ocrx_word' id='word_1_592' title='bbox 614 2752 713 2796; x_wconf 78' lang='lat' dir='ltr'><strong>Quae</strong></span> <span class='ocrx_word' id='word_1_593' title='bbox 736 2754 850 2790; x_wconf 86' lang='lat' dir='ltr'><strong>multa</strong></span> <span class='ocrx_word' id='word_1_594' title='bbox 880 2753 1040 2799; x_wconf 85' lang='lat' dir='ltr'><strong>undique</strong></span> <span class='ocrx_word' id='word_1_595' title='bbox 1071 2753 1109 2788; x_wconf 84' lang='lat' dir='ltr'><strong>in</strong></span> <span class='ocrx_word' id='word_1_596' title='bbox 1129 2752 1236 2788; x_wconf 83' lang='lat' dir='ltr'><strong>rebus</strong></span> <span class='ocrx_word' id='word_1_597' title='bbox 1267 2763 1362 2789; x_wconf 83' lang='lat' dir='ltr'><strong>nova</strong></span> <span class='ocrx_word' id='word_1_598' title='bbox 1390 2753 1540 2798; x_wconf 83' lang='lat' dir='ltr'><strong>profert</strong></span> <span class='ocrx_word' id='word_1_599' title='bbox 1562 2756 1699 2788; x_wconf 88' lang='lat' dir='ltr'><strong>natura</strong></span> <span class='ocrx_word' id='word_1_600' title='bbox 1733 2752 1847 2798; x_wconf 87' lang='lat' dir='ltr'><strong>(quod</strong></span> <span class='ocrx_word' id='word_1_601' title='bbox 1869 2753 2012 2799; x_wconf 83' lang='lat' dir='ltr'><strong>quidem</strong></span> <span class='ocrx_word' id='word_1_602' title='bbox 2036 2754 2109 2789; x_wconf 87' lang='lat' dir='ltr'><strong>iam</strong></span> <span class='ocrx_word' id='word_1_603' title='bbox 2132 2764 2242 2800; x_wconf 82' lang='lat' dir='ltr'><strong>saepe</strong></span> <span class='ocrx_word' id='word_1_604' title='bbox 2263 2753 2399 2791; x_wconf 83' lang='lat' dir='ltr'><strong>dictum</strong></span> 
     </span>
     <span class='ocr_line' id='line_1_47' title="bbox 165 2797 2399 2846; baseline -0 -9"><span class='ocrx_word' id='word_1_605' title='bbox 165 2805 220 2838; x_wconf 88' lang='lat' dir='ltr'><strong>est</strong></span> <span class='ocrx_word' id='word_1_606' title='bbox 242 2801 281 2836; x_wconf 91' lang='lat' dir='ltr'><strong>in</strong></span> <span class='ocrx_word' id='word_1_607' title='bbox 306 2800 444 2846; x_wconf 83' lang='lat' dir='ltr'><strong>leqibus</strong></span> <span class='ocrx_word' id='word_1_608' title='bbox 461 2799 711 2846; x_wconf 81' lang='lat' dir='ltr'><strong>prooemium,</strong></span> <span class='ocrx_word' id='word_1_609' title='bbox 741 2799 808 2835; x_wconf 84' lang='lat' dir='ltr'><strong>sed</strong></span> <span class='ocrx_word' id='word_1_610' title='bbox 829 2798 921 2836; x_wconf 83' lang='lat' dir='ltr'><strong>idem</strong></span> <span class='ocrx_word' id='word_1_611' title='bbox 953 2800 1070 2834; x_wconf 85' lang='lat' dir='ltr'><strong>denuo</strong></span> <span class='ocrx_word' id='word_1_612' title='bbox 1101 2797 1242 2834; x_wconf 88' lang='lat' dir='ltr'><strong>dicetur</strong></span> <span class='ocrx_word' id='word_1_613' title='bbox 1272 2798 1446 2844; x_wconf 81' lang='lat' dir='ltr'><strong>quamdiu</strong></span> <span class='ocrx_word' id='word_1_614' title='bbox 1475 2797 1541 2834; x_wconf 86' lang='lat' dir='ltr'><strong>illa</strong></span> <span class='ocrx_word' id='word_1_615' title='bbox 1565 2801 1656 2844; x_wconf 77' lang='lat' dir='ltr'><strong>aqut</strong></span> <span class='ocrx_word' id='word_1_616' title='bbox 1679 2808 1774 2844; x_wconf 88' lang='lat' dir='ltr'><strong>quae</strong></span> <span class='ocrx_word' id='word_1_617' title='bbox 1797 2798 1875 2833; x_wconf 85' lang='lat' dir='ltr'><strong>eius</strong></span> <span class='ocrx_word' id='word_1_618' title='bbox 1896 2799 2053 2845; x_wconf 86' lang='lat' dir='ltr'><strong>propria</strong></span> <span class='ocrx_word' id='word_1_619' title='bbox 2074 2801 2173 2842; x_wconf 85' lang='lat' dir='ltr'><strong>sunt)</strong></span> <span class='ocrx_word' id='word_1_620' title='bbox 2205 2799 2399 2836; x_wconf 84' lang='lat' dir='ltr'><strong>multarum</strong></span> 
     </span>
     <span class='ocr_line' id='line_1_48' title="bbox 165 2843 2400 2893; baseline -0.001 -10"><span class='ocrx_word' id='word_1_621' title='bbox 165 2847 284 2893; x_wconf 84' lang='lat' dir='ltr'><strong>lequm</strong></span> <span class='ocrx_word' id='word_1_622' title='bbox 308 2845 412 2881; x_wconf 85' lang='lat' dir='ltr'><strong>nobis</strong></span> <span class='ocrx_word' id='word_1_623' title='bbox 435 2844 683 2880; x_wconf 82' lang='lat' dir='ltr'><strong>necessitatem</strong></span> <span class='ocrx_word' id='word_1_624' title='bbox 706 2845 839 2881; x_wconf 82' lang='lat' dir='ltr'><strong>attulit.</strong></span> <span class='ocrx_word' id='word_1_625' title='bbox 890 2845 1006 2890; x_wconf 82' lang='lat' dir='ltr'><strong>Atque</strong></span> <span class='ocrx_word' id='word_1_626' title='bbox 1030 2843 1210 2890; x_wconf 84' lang='lat' dir='ltr'><strong>leqitimas</strong></span> <span class='ocrx_word' id='word_1_627' title='bbox 1234 2847 1270 2879; x_wconf 84' lang='lat' dir='ltr'><strong>et</strong></span> <span class='ocrx_word' id='word_1_628' title='bbox 1293 2854 1343 2879; x_wconf 77' lang='lat' dir='ltr'><strong>ecc</strong></span> <span class='ocrx_word' id='word_1_629' title='bbox 1366 2843 1584 2889; x_wconf 84' lang='lat' dir='ltr'><strong>coqnatione</strong></span> <span class='ocrx_word' id='word_1_630' title='bbox 1606 2844 1849 2879; x_wconf 80' lang='lat' dir='ltr'><strong>successiones</strong></span> <span class='ocrx_word' id='word_1_631' title='bbox 1872 2844 1945 2879; x_wconf 87' lang='lat' dir='ltr'><strong>iam</strong></span> <span class='ocrx_word' id='word_1_632' title='bbox 1968 2847 2105 2881; x_wconf 80' lang='lat' dir='ltr'><strong>veteres</strong></span> <span class='ocrx_word' id='word_1_633' title='bbox 2129 2844 2271 2891; x_wconf 86' lang='lat' dir='ltr'><strong>quidem</strong></span> <span class='ocrx_word' id='word_1_634' title='bbox 2295 2845 2400 2882; x_wconf 85' lang='lat' dir='ltr'><strong>nobis</strong></span> 
     </span>
     <span class='ocr_line' id='line_1_49' title="bbox 167 2888 2397 2937; baseline 0 -10"><span class='ocrx_word' id='word_1_635' title='bbox 167 2891 336 2934; x_wconf 85' lang='lat' dir='ltr'><strong>tradunt,</strong></span> <span class='ocrx_word' id='word_1_636' title='bbox 370 2894 406 2927; x_wconf 85' lang='lat' dir='ltr'><strong>et</strong></span> <span class='ocrx_word' id='word_1_637' title='bbox 431 2890 494 2936; x_wconf 86' lang='lat' dir='ltr'><strong>qui</strong></span> <span class='ocrx_word' id='word_1_638' title='bbox 525 2900 574 2925; x_wconf 79' lang='lat' dir='ltr'><strong>cx</strong></span> <span class='ocrx_word' id='word_1_639' title='bbox 607 2890 725 2936; x_wconf 81' lang='lat' dir='ltr'><strong>lequm</strong></span> <span class='ocrx_word' id='word_1_640' title='bbox 757 2890 974 2936; x_wconf 82' lang='lat' dir='ltr'><strong>antiquitate</strong></span> <span class='ocrx_word' id='word_1_641' title='bbox 1005 2888 1094 2924; x_wconf 79' lang='lat' dir='ltr'><strong>haec</strong></span> <span class='ocrx_word' id='word_1_642' title='bbox 1122 2889 1309 2935; x_wconf 80' lang='lat' dir='ltr'><strong>petierunt</strong></span> <span class='ocrx_word' id='word_1_643' title='bbox 1336 2899 1451 2934; x_wconf 83' lang='lat' dir='ltr'><strong>usquc</strong></span> <span class='ocrx_word' id='word_1_644' title='bbox 1483 2888 1533 2924; x_wconf 89' lang='lat' dir='ltr'><strong>ad</strong></span> <span class='ocrx_word' id='word_1_645' title='bbox 1560 2899 1628 2923; x_wconf 89' lang='lat' dir='ltr'><strong>nos</strong></span> <span class='ocrx_word' id='word_1_646' title='bbox 1650 2888 1878 2935; x_wconf 84' lang='lat' dir='ltr'><strong>procedunt,</strong></span> <span class='ocrx_word' id='word_1_647' title='bbox 1915 2889 1980 2935; x_wconf 87' lang='lat' dir='ltr'><strong>qui</strong></span> <span class='ocrx_word' id='word_1_648' title='bbox 2010 2889 2124 2926; x_wconf 82' lang='lat' dir='ltr'><strong>multa</strong></span> <span class='ocrx_word' id='word_1_649' title='bbox 2155 2891 2193 2926; x_wconf 86' lang='lat' dir='ltr'><strong>in</strong></span> <span class='ocrx_word' id='word_1_650' title='bbox 2224 2889 2280 2926; x_wconf 75' lang='lat' dir='ltr'><strong>his</strong></span> <span class='ocrx_word' id='word_1_651' title='bbox 2309 2902 2397 2937; x_wconf 87' lang='lat' dir='ltr'><strong>quo-</strong></span> 
     </span>
     <span class='ocr_line' id='line_1_50' title="bbox 164 2933 2401 2983; baseline -0 -10"><span class='ocrx_word' id='word_1_652' title='bbox 164 2939 186 2973; x_wconf 93' lang='lat'>1</span> <span class='ocrx_word' id='word_1_653' title='bbox 232 2948 302 2983; x_wconf 90' lang='lat' dir='ltr'><strong>que</strong></span> <span class='ocrx_word' id='word_1_654' title='bbox 321 2935 557 2973; x_wconf 84' lang='lat' dir='ltr'><strong>correximus.</strong></span> <span class='ocrx_word' id='word_1_655' title='bbox 594 2934 668 2970; x_wconf 86' lang='lat' dir='ltr'><strong>Sed</strong></span> <span class='ocrx_word' id='word_1_656' title='bbox 682 2936 850 2981; x_wconf 85' lang='lat' dir='ltr'><strong>pervenit</strong></span> <span class='ocrx_word' id='word_1_657' title='bbox 872 2934 923 2970; x_wconf 92' lang='lat' dir='ltr'><strong>ad</strong></span> <span class='ocrx_word' id='word_1_658' title='bbox 940 2945 1008 2970; x_wconf 88' lang='lat' dir='ltr'><strong>nos</strong></span> <span class='ocrx_word' id='word_1_659' title='bbox 1025 2933 1168 2980; x_wconf 85' lang='lat' dir='ltr'><strong>aliquid</strong></span> <span class='ocrx_word' id='word_1_660' title='bbox 1189 2933 1443 2969; x_wconf 77' lang='lat' dir='ltr'><strong>huiuscemodi.</strong></span> <span class='ocrx_word' id='word_1_661' title='bbox 1539 2933 1660 2969; x_wconf 81' lang='lat' dir='ltr'><strong>Duxit</strong></span> <span class='ocrx_word' id='word_1_662' title='bbox 1683 2933 1831 2979; x_wconf 79' lang='lat' dir='ltr'><strong>quidam</strong></span> <span class='ocrx_word' id='word_1_663' title='bbox 1855 2945 2010 2971; x_wconf 76' lang='lat' dir='ltr'><strong>uxorem</strong></span> <span class='ocrx_word' id='word_1_664' title='bbox 2034 2947 2084 2971; x_wconf 79' lang='lat' dir='ltr'><strong>ex</strong></span> <span class='ocrx_word' id='word_1_665' title='bbox 2104 2946 2218 2981; x_wconf 86' lang='lat' dir='ltr'><strong>eaque</strong></span> <span class='ocrx_word' id='word_1_666' title='bbox 2238 2936 2345 2972; x_wconf 87' lang='lat' dir='ltr'><strong>liberi</strong></span> <span class='ocrx_word' id='word_1_667' title='bbox 2365 2938 2401 2972; x_wconf 78' lang='lat' dir='ltr'><strong>ei</strong></span> 
     </span>
     <span class='ocr_line' id='line_1_51' title="bbox 165 2978 2399 3031; baseline -0 -13"><span class='ocrx_word' id='word_1_668' title='bbox 165 2984 246 3018; x_wconf 86' lang='lat' dir='ltr'><strong>nati</strong></span> <span class='ocrx_word' id='word_1_669' title='bbox 266 2985 372 3023; x_wconf 85' lang='lat' dir='ltr'><strong>sunt;</strong></span> <span class='ocrx_word' id='word_1_670' title='bbox 407 2980 534 3016; x_wconf 86' lang='lat' dir='ltr'><strong>deinde</strong></span> <span class='ocrx_word' id='word_1_671' title='bbox 557 2979 622 3016; x_wconf 77' lang='lat' dir='ltr'><strong>illa</strong></span> <span class='ocrx_word' id='word_1_672' title='bbox 647 2980 824 3026; x_wconf 82' lang='lat' dir='ltr'><strong>defuncta</strong></span> <span class='ocrx_word' id='word_1_673' title='bbox 857 2980 968 3016; x_wconf 86' lang='lat' dir='ltr'><strong>aliam</strong></span> <span class='ocrx_word' id='word_1_674' title='bbox 999 2990 1128 3015; x_wconf 87' lang='lat' dir='ltr'><strong>rursus</strong></span> <span class='ocrx_word' id='word_1_675' title='bbox 1155 2979 1275 3022; x_wconf 84' lang='lat' dir='ltr'><strong>ducit,</strong></span> <span class='ocrx_word' id='word_1_676' title='bbox 1307 2990 1357 3015; x_wconf 77' lang='lat' dir='ltr'><strong>ex</strong></span> <span class='ocrx_word' id='word_1_677' title='bbox 1389 2990 1463 3031; x_wconf 87' lang='lat' dir='ltr'><strong>qua</strong></span> <span class='ocrx_word' id='word_1_678' title='bbox 1486 2979 1520 3014; x_wconf 83' lang='lat' dir='ltr'><strong>ei</strong></span> <span class='ocrx_word' id='word_1_679' title='bbox 1543 2985 1744 3014; x_wconf 81' lang='lat' dir='ltr'><strong>nascuntur</strong></span> <span class='ocrx_word' id='word_1_680' title='bbox 1768 2978 1889 3022; x_wconf 84' lang='lat' dir='ltr'><strong>liberi,</strong></span> <span class='ocrx_word' id='word_1_681' title='bbox 1918 2980 2108 3026; x_wconf 81' lang='lat' dir='ltr'><strong>prioribus</strong></span> <span class='ocrx_word' id='word_1_682' title='bbox 2138 2981 2399 3028; x_wconf 80' lang='lat' dir='ltr'><strong>consanquinei</strong></span> 
     </span>
     <span class='ocr_line' id='line_1_52' title="bbox 167 3023 2396 3072; baseline 0 -10"><span class='ocrx_word' id='word_1_683' title='bbox 167 3031 307 3062; x_wconf 84' lang='lat' dir='ltr'><strong>tantum</strong></span> <span class='ocrx_word' id='word_1_684' title='bbox 337 3036 453 3072; x_wconf 83' lang='lat' dir='ltr'><strong>neque</strong></span> <span class='ocrx_word' id='word_1_685' title='bbox 475 3036 560 3062; x_wconf 86' lang='lat' dir='ltr'><strong>vero</strong></span> <span class='ocrx_word' id='word_1_686' title='bbox 594 3026 729 3060; x_wconf 83' lang='lat' dir='ltr'><strong>uterini</strong></span> <span class='ocrx_word' id='word_1_687' title='bbox 739 3039 751 3068; x_wconf 94' lang='lat'><em>;</em></span> <span class='ocrx_word' id='word_1_688' title='bbox 785 3025 915 3061; x_wconf 82' lang='lat' dir='ltr'><strong>deinde</strong></span> <span class='ocrx_word' id='word_1_689' title='bbox 946 3025 1054 3061; x_wconf 81' lang='lat' dir='ltr'><strong>etiam</strong></span> <span class='ocrx_word' id='word_1_690' title='bbox 1087 3026 1214 3060; x_wconf 84' lang='lat' dir='ltr'><strong>tertias</strong></span> <span class='ocrx_word' id='word_1_691' title='bbox 1237 3023 1422 3060; x_wconf 74' lang='lat' dir='ltr'><strong>contrahit</strong></span> <span class='ocrx_word' id='word_1_692' title='bbox 1444 3023 1592 3070; x_wconf 76' lang='lat' dir='ltr'><strong>nuptias</strong></span> <span class='ocrx_word' id='word_1_693' title='bbox 1623 3027 1733 3069; x_wconf 84' lang='lat' dir='ltr'><strong>atque</strong></span> <span class='ocrx_word' id='word_1_694' title='bbox 1763 3024 1847 3060; x_wconf 86' lang='lat' dir='ltr'><strong>inde</strong></span> <span class='ocrx_word' id='word_1_695' title='bbox 1878 3035 2023 3071; x_wconf 81' lang='lat' dir='ltr'><strong>quoque</strong></span> <span class='ocrx_word' id='word_1_696' title='bbox 2052 3026 2183 3062; x_wconf 82' lang='lat' dir='ltr'><strong>liberos</strong></span> <span class='ocrx_word' id='word_1_697' title='bbox 2238 3030 2396 3063; x_wconf 78' lang='lat' dir='ltr'><strong>recreat.</strong></span> 
     </span>
     <span class='ocr_line' id='line_1_53' title="bbox 166 3070 2398 3116; baseline 0 -9"><span class='ocrx_word' id='word_1_698' title='bbox 166 3071 256 3107; x_wconf 83' lang='lat' dir='ltr'><strong>Post</strong></span> <span class='ocrx_word' id='word_1_699' title='bbox 278 3076 428 3107; x_wconf 85' lang='lat' dir='ltr'><strong>mortem</strong></span> <span class='ocrx_word' id='word_1_700' title='bbox 451 3074 569 3106; x_wconf 80' lang='lat' dir='ltr'><strong>autem</strong></span> <span class='ocrx_word' id='word_1_701' title='bbox 592 3070 669 3106; x_wconf 84' lang='lat' dir='ltr'><strong>eius</strong></span> <span class='ocrx_word' id='word_1_702' title='bbox 692 3071 742 3106; x_wconf 94' lang='lat' dir='ltr'><strong>ad</strong></span> <span class='ocrx_word' id='word_1_703' title='bbox 764 3070 959 3107; x_wconf 87' lang='lat' dir='ltr'><strong>secundum</strong></span> <span class='ocrx_word' id='word_1_704' title='bbox 983 3070 1112 3106; x_wconf 84' lang='lat' dir='ltr'><strong>mulier</strong></span> <span class='ocrx_word' id='word_1_705' title='bbox 1136 3070 1231 3106; x_wconf 86' lang='lat' dir='ltr'><strong>venit</strong></span> <span class='ocrx_word' id='word_1_706' title='bbox 1252 3070 1539 3111; x_wconf 83' lang='lat' dir='ltr'><strong>matrimonium,</strong></span> <span class='ocrx_word' id='word_1_707' title='bbox 1573 3079 1622 3104; x_wconf 78' lang='lat' dir='ltr'><strong>ex</strong></span> <span class='ocrx_word' id='word_1_708' title='bbox 1646 3079 1719 3114; x_wconf 88' lang='lat' dir='ltr'><strong>quo</strong></span> <span class='ocrx_word' id='word_1_709' title='bbox 1734 3070 1839 3104; x_wconf 83' lang='lat' dir='ltr'><strong>alios</strong></span> <span class='ocrx_word' id='word_1_710' title='bbox 1854 3071 2004 3116; x_wconf 81' lang='lat' dir='ltr'><strong>peperit</strong></span> <span class='ocrx_word' id='word_1_711' title='bbox 2027 3070 2170 3114; x_wconf 83' lang='lat' dir='ltr'><strong>liberos,</strong></span> <span class='ocrx_word' id='word_1_712' title='bbox 2217 3071 2326 3107; x_wconf 85' lang='lat' dir='ltr'><strong>iberis</strong></span> <span class='ocrx_word' id='word_1_713' title='bbox 2348 3082 2398 3108; x_wconf 75' lang='lat' dir='ltr'><strong>ex</strong></span> 
     </span>
     <span class='ocr_line' id='line_1_54' title="bbox 161 3113 2397 3164; baseline 0 -12"><span class='ocrx_word' id='word_1_714' title='bbox 161 3117 291 3164; x_wconf 86' lang='lat' dir='ltr'><strong>priore</strong></span> <span class='ocrx_word' id='word_1_715' title='bbox 314 3116 446 3151; x_wconf 87' lang='lat' dir='ltr'><strong>marito</strong></span> <span class='ocrx_word' id='word_1_716' title='bbox 471 3116 632 3151; x_wconf 86' lang='lat' dir='ltr'><strong>uterinos</strong></span> <span class='ocrx_word' id='word_1_717' title='bbox 654 3115 771 3151; x_wconf 86' lang='lat' dir='ltr'><strong>solum</strong></span> <span class='ocrx_word' id='word_1_718' title='bbox 800 3127 914 3162; x_wconf 85' lang='lat' dir='ltr'><strong>neque</strong></span> <span class='ocrx_word' id='word_1_719' title='bbox 941 3127 1024 3151; x_wconf 84' lang='lat' dir='ltr'><strong>vero</strong></span> <span class='ocrx_word' id='word_1_720' title='bbox 1053 3115 1160 3151; x_wconf 84' lang='lat' dir='ltr'><strong>etiam</strong></span> <span class='ocrx_word' id='word_1_721' title='bbox 1181 3114 1482 3161; x_wconf 81' lang='lat' dir='ltr'><strong>consanquineos.</strong></span> <span class='ocrx_word' id='word_1_722' title='bbox 1530 3113 1610 3149; x_wconf 89' lang='lat' dir='ltr'><strong>Iam</strong></span> <span class='ocrx_word' id='word_1_723' title='bbox 1632 3125 1716 3150; x_wconf 88' lang='lat' dir='ltr'><strong>vero</strong></span> <span class='ocrx_word' id='word_1_724' title='bbox 1739 3118 1855 3150; x_wconf 87' lang='lat' dir='ltr'><strong>matre</strong></span> <span class='ocrx_word' id='word_1_725' title='bbox 1879 3115 2054 3160; x_wconf 71' lang='lat' dir='ltr'><strong>cte-fimeta</strong></span> <span class='ocrx_word' id='word_1_726' title='bbox 2078 3116 2213 3152; x_wconf 83' lang='lat' dir='ltr'><strong>accidit</strong></span> <span class='ocrx_word' id='word_1_727' title='bbox 2234 3119 2275 3152; x_wconf 84' lang='lat' dir='ltr'><strong>ut</strong></span> <span class='ocrx_word' id='word_1_728' title='bbox 2289 3117 2397 3152; x_wconf 87' lang='lat' dir='ltr'><strong>etiam</strong></span> 
     </span>
    </p>
   </div>
   <div class='ocr_carea' id='block_1_14' title="bbox 166 3180 2399 3749">
    <p class='ocr_par' dir='ltr' id='par_1_18' title="bbox 166 3180 2399 3669">
     <span class='ocr_line' id='line_1_55' title="bbox 220 3180 2399 3253; baseline 0.001 -13"><span class='ocrx_word' id='word_1_729' title='bbox 220 3182 383 3241; x_wconf 42' lang='lat' dir='ltr'><strong><em>8⁴subscr.</em></strong></span> <span class='ocrx_word' id='word_1_730' title='bbox 410 3218 468 3239; x_wconf 88' lang='lat' dir='ltr'><strong>om.</strong></span> <span class='ocrx_word' id='word_1_731' title='bbox 488 3205 550 3239; x_wconf 84' lang='lat' dir='ltr'><strong>Iul.</strong></span> <span class='ocrx_word' id='word_1_732' title='bbox 578 3205 591 3250; x_wconf 89' lang='grc' dir='ltr'><strong>ΙΙ</strong></span> <span class='ocrx_word' id='word_1_733' title='bbox 620 3217 679 3239; x_wconf 71' lang='lat' dir='ltr'><strong>XV.</strong></span> <span class='ocrx_word' id='word_1_734' title='bbox 704 3208 736 3239; x_wconf 89' lang='lat' dir='ltr'><strong>k.</strong></span> <span class='ocrx_word' id='word_1_735' title='bbox 758 3183 833 3239; x_wconf 75' lang='lat' dir='ltr'><strong>Iun.</strong></span> <span class='ocrx_word' id='word_1_736' title='bbox 858 3181 1095 3248; x_wconf 43' lang='lat' dir='ltr'><strong>&gt;§Atlnfiunwl</strong></span> <span class='ocrx_word' id='word_1_737' title='bbox 1120 3205 1243 3248; x_wconf 81' lang='grc' dir='ltr'><strong><em>ἰουνίῳ</em></strong></span> <span class='ocrx_word' id='word_1_738' title='bbox 1316 3206 1418 3239; x_wconf 83' lang='lat' dir='ltr'><strong>dimus</strong></span> <span class='ocrx_word' id='word_1_739' title='bbox 1443 3217 1481 3238; x_wconf 75' lang='lat' dir='ltr'><strong>ex</strong></span> <span class='ocrx_word' id='word_1_740' title='bbox 1501 3204 1663 3238; x_wconf 84' lang='lat' dir='ltr'><strong>VBamb.</strong></span> <span class='ocrx_word' id='word_1_741' title='bbox 1679 3205 1704 3238; x_wconf 96' lang='lat' dir='ltr'><strong>I</strong></span> <span class='ocrx_word' id='word_1_742' title='bbox 1721 3180 1873 3239; x_wconf 61' lang='lat' dir='ltr'><strong>Ambrae.</strong></span> <span class='ocrx_word' id='word_1_743' title='bbox 1903 3205 1915 3248; x_wconf 85' lang='grc' dir='ltr'><strong>ΙΙ</strong></span> <span class='ocrx_word' id='word_1_744' title='bbox 1946 3207 2263 3250; x_wconf 76' lang='lat' dir='ltr'><strong>constantinopolim</strong></span> <span class='ocrx_word' id='word_1_745' title='bbox 2289 3209 2366 3242; x_wconf 83' lang='lat' dir='ltr'><strong>libri</strong></span> <span class='ocrx_word' id='word_1_746' title='bbox 2386 3214 2399 3253; x_wconf 74' lang='grc' dir='ltr'><strong>ΙΙ</strong></span> 
     </span>
     <span class='ocr_line' id='line_1_56' title="bbox 171 3249 2398 3296; baseline 0 -10"><span class='ocrx_word' id='word_1_747' title='bbox 171 3253 316 3294; x_wconf 77' lang='grc' dir='ltr'><strong><em>ΤΙιεοᾱ.)]</em></strong></span> <span class='ocrx_word' id='word_1_748' title='bbox 347 3262 406 3283; x_wconf 87' lang='lat' dir='ltr'><strong>xv.</strong></span> <span class='ocrx_word' id='word_1_749' title='bbox 428 3251 461 3284; x_wconf 88' lang='lat' dir='ltr'><strong>k.</strong></span> <span class='ocrx_word' id='word_1_750' title='bbox 480 3261 551 3294; x_wconf 86' lang='lat' dir='ltr'><strong>apr.</strong></span> <span class='ocrx_word' id='word_1_751' title='bbox 572 3252 618 3285; x_wconf 89' lang='lat' dir='ltr'><em>M</em></span> <span class='ocrx_word' id='word_1_752' title='bbox 636 3252 647 3294; x_wconf 81' lang='grc' dir='ltr'><strong>ΙΙ</strong></span> <span class='ocrx_word' id='word_1_753' title='bbox 673 3252 738 3284; x_wconf 85' lang='grc' dir='ltr'><strong>ΟΡ.</strong></span> <span class='ocrx_word' id='word_1_754' title='bbox 764 3271 808 3277; x_wconf 86' lang='grc'>-</span> <span class='ocrx_word' id='word_1_755' title='bbox 833 3262 920 3285; x_wconf 84' lang='lat' dir='ltr'><strong>cons.</strong></span> <span class='ocrx_word' id='word_1_756' title='bbox 946 3253 977 3292; x_wconf 86' lang='grc' dir='ltr'><strong>ς]</strong></span> <span class='ocrx_word' id='word_1_757' title='bbox 1010 3261 1060 3293; x_wconf 87' lang='lat' dir='ltr'><strong>cp.</strong></span> <span class='ocrx_word' id='word_1_758' title='bbox 1085 3251 1164 3293; x_wconf 83' lang='lat' dir='ltr'><strong>imp.</strong></span> <span class='ocrx_word' id='word_1_759' title='bbox 1189 3251 1244 3284; x_wconf 87' lang='lat' dir='ltr'><strong>dn.</strong></span> <span class='ocrx_word' id='word_1_760' title='bbox 1315 3251 1410 3293; x_wconf 90' lang='lat' dir='ltr'><strong>impr.</strong></span> <span class='ocrx_word' id='word_1_761' title='bbox 1430 3250 1507 3283; x_wconf 65' lang='lat' dir='ltr'><strong>don.</strong></span> <span class='ocrx_word' id='word_1_762' title='bbox 1524 3250 1600 3282; x_wconf 87' lang='lat' dir='ltr'><strong>iust.</strong></span> <span class='ocrx_word' id='word_1_763' title='bbox 1624 3250 1656 3283; x_wconf 90' lang='lat' dir='ltr'>V</span> <span class='ocrx_word' id='word_1_764' title='bbox 1676 3250 1755 3293; x_wconf 87' lang='lat' dir='ltr'><strong>imp.</strong></span> <span class='ocrx_word' id='word_1_765' title='bbox 1774 3249 1854 3283; x_wconf 82' lang='lat' dir='ltr'><strong>dnfi.</strong></span> <span class='ocrx_word' id='word_1_766' title='bbox 1874 3250 1992 3284; x_wconf 87' lang='lat' dir='ltr'><strong>iustin.</strong></span> <span class='ocrx_word' id='word_1_767' title='bbox 2012 3251 2169 3286; x_wconf 61' lang='lat' dir='ltr'><strong>Romal</strong></span> <span class='ocrx_word' id='word_1_768' title='bbox 2193 3252 2273 3296; x_wconf 87' lang='lat' dir='ltr'><strong>imp.</strong></span> <span class='ocrx_word' id='word_1_769' title='bbox 2288 3253 2398 3287; x_wconf 68' lang='lat' dir='ltr'><strong>dn‘iius</strong></span> 
     </span>
     <span class='ocr_line' id='line_1_57' title="bbox 166 3292 2398 3351; baseline 0.001 -20"><span class='ocrx_word' id='word_1_770' title='bbox 166 3298 243 3331; x_wconf 87' lang='lat' dir='ltr'><strong>iust.</strong></span> <span class='ocrx_word' id='word_1_771' title='bbox 268 3307 323 3350; x_wconf 76' lang='lat' dir='ltr'><strong>pp.</strong></span> <span class='ocrx_word' id='word_1_772' title='bbox 347 3307 430 3350; x_wconf 62' lang='lat' dir='ltr'><strong>aug3</strong></span> <span class='ocrx_word' id='word_1_773' title='bbox 450 3296 570 3350; x_wconf 76' lang='lat' dir='ltr'><strong>apione</strong></span> <span class='ocrx_word' id='word_1_774' title='bbox 587 3307 648 3351; x_wconf 69' lang='lat' dir='ltr'><strong>²uc.</strong></span> <span class='ocrx_word' id='word_1_775' title='bbox 674 3307 779 3331; x_wconf 87' lang='lat' dir='ltr'><strong>conss.</strong></span> <span class='ocrx_word' id='word_1_776' title='bbox 805 3298 861 3339; x_wconf 89' lang='lat' dir='ltr'><strong>M,</strong></span> <span class='ocrx_word' id='word_1_777' title='bbox 897 3293 1081 3350; x_wconf 49' lang='lat' dir='ltr'><strong>qaod-etas·</strong></span> <span class='ocrx_word' id='word_1_778' title='bbox 1102 3292 1245 3329; x_wconf 83' lang='grc' dir='ltr'><strong><em>Ἰονστι-</em></strong></span> <span class='ocrx_word' id='word_1_779' title='bbox 1315 3296 1393 3329; x_wconf 87' lang='lat' dir='ltr'><strong>iust.</strong></span> <span class='ocrx_word' id='word_1_780' title='bbox 1418 3295 1528 3329; x_wconf 77' lang='lat' dir='ltr'><strong>Ambr-</strong></span> <span class='ocrx_word' id='word_1_781' title='bbox 1557 3295 1569 3338; x_wconf 80' lang='grc' dir='ltr'><strong>ΙΙ</strong></span> <span class='ocrx_word' id='word_1_782' title='bbox 1600 3296 1620 3329; x_wconf 86' lang='grc'>9</span> <span class='ocrx_word' id='word_1_783' title='bbox 1644 3305 1734 3328; x_wconf 84' lang='lat' dir='ltr'><strong>anno</strong></span> <span class='ocrx_word' id='word_1_784' title='bbox 1758 3295 1857 3329; x_wconf 83' lang='lat' dir='ltr'><strong>tertio</strong></span> <span class='ocrx_word' id='word_1_785' title='bbox 1882 3295 2008 3329; x_wconf 78' lang='lat' dir='ltr'><strong>decimo</strong></span> <span class='ocrx_word' id='word_1_786' title='bbox 2033 3297 2192 3349; x_wconf 58' lang='lat' dir='ltr'><strong>Bamtal</strong></span> <span class='ocrx_word' id='word_1_787' title='bbox 2216 3298 2228 3342; x_wconf 78' lang='grc' dir='ltr'><strong>ΙΙ</strong></span> <span class='ocrx_word' id='word_1_788' title='bbox 2247 3299 2398 3350; x_wconf 33' lang='lat' dir='ltr'><strong>’appione</strong></span> 
     </span>
     <span class='ocr_line' id='line_1_58' title="bbox 167 3339 2397 3396; baseline 0.001 -20"><span class='ocrx_word' id='word_1_789' title='bbox 167 3354 293 3377; x_wconf 83' lang='grc' dir='ltr'><strong><em>νιανου</em></strong></span> <span class='ocrx_word' id='word_1_790' title='bbox 317 3355 360 3376; x_wconf 84' lang='grc' dir='ltr'><strong>το</strong></span> <span class='ocrx_word' id='word_1_791' title='bbox 387 3354 425 3396; x_wconf 58' lang='grc' dir='ltr'><strong>ιγ,</strong></span> <span class='ocrx_word' id='word_1_792' title='bbox 457 3353 565 3375; x_wconf 86' lang='grc' dir='ltr'><strong><em>υπατ.</em></strong></span> <span class='ocrx_word' id='word_1_793' title='bbox 588 3344 751 3376; x_wconf 85' lang='grc' dir='ltr'><strong><em>Απίονος</em></strong></span> <span class='ocrx_word' id='word_1_794' title='bbox 774 3343 850 3377; x_wconf 78' lang='grc' dir='ltr'><strong><em>ΔτΙι.</em></strong></span> <span class='ocrx_word' id='word_1_795' title='bbox 882 3352 945 3384; x_wconf 87' lang='grc' dir='ltr'><strong>της</strong></span> <span class='ocrx_word' id='word_1_796' title='bbox 968 3339 1151 3395; x_wconf 60' lang='grc' dir='ltr'><strong><em>βασιλείας</em></strong></span> <span class='ocrx_word' id='word_1_797' title='bbox 1174 3341 1247 3374; x_wconf 77' lang='grc' dir='ltr'><strong><em>ἔτει</em></strong></span> <span class='ocrx_word' id='word_1_798' title='bbox 1315 3352 1365 3373; x_wconf 86' lang='lat' dir='ltr'><strong>uc.</strong></span> <span class='ocrx_word' id='word_1_799' title='bbox 1393 3352 1452 3374; x_wconf 81' lang='lat' dir='ltr'><strong>css.</strong></span> <span class='ocrx_word' id='word_1_800' title='bbox 1478 3340 1638 3391; x_wconf 71' lang='lat' dir='ltr'><strong>Bamb.I</strong></span> <span class='ocrx_word' id='word_1_801' title='bbox 1665 3351 1739 3384; x_wconf 86' lang='lat' dir='ltr'><strong>app.</strong></span> <span class='ocrx_word' id='word_1_802' title='bbox 1762 3350 1813 3374; x_wconf 87' lang='lat' dir='ltr'><strong>uc.</strong></span> <span class='ocrx_word' id='word_1_803' title='bbox 1834 3351 1913 3374; x_wconf 84' lang='lat' dir='ltr'><strong>coss.</strong></span> <span class='ocrx_word' id='word_1_804' title='bbox 1932 3341 2043 3393; x_wconf 56' lang='lat' dir='ltr'><strong>Amor.</strong></span> <span class='ocrx_word' id='word_1_805' title='bbox 2067 3352 2197 3393; x_wconf 32' lang='lat' dir='ltr'><strong>*apione</strong></span> <span class='ocrx_word' id='word_1_806' title='bbox 2221 3354 2295 3377; x_wconf 80' lang='lat' dir='ltr'><strong>nice</strong></span> <span class='ocrx_word' id='word_1_807' title='bbox 2319 3355 2397 3378; x_wconf 88' lang='lat' dir='ltr'><strong>con-</strong></span> 
     </span>
     <span class='ocr_line' id='line_1_59' title="bbox 168 3383 2398 3479; baseline 0.001 -12"><span class='ocrx_word' id='word_1_808' title='bbox 168 3383 1248 3478; x_wconf 47' lang='grc' dir='ltr'><strong>ιγ’ιὲῗὲἴτῗῗιὲἷπῖἴνὲἑιηέᾗώλὶιῙ1η’ἵῖιῇῗρῑωαῖἃλῖοῑι</strong></span> <span class='ocrx_word' id='word_1_809' title='bbox 1315 3386 1446 3466; x_wconf 55' lang='grc' dir='ltr'><strong>ἳᾞῖιέ</strong></span> <span class='ocrx_word' id='word_1_810' title='bbox 1466 3385 2398 3479; x_wconf 51' lang='lat' dir='ltr'><strong>Elm1is&#39;fib33.22..-⁰335·V¹1⁷1T.13²{1²53533.§Ziiuffiffl&#39;</strong></span> 
     </span>
     <span class='ocr_line' id='line_1_60' title="bbox 167 3444 2397 3525; baseline 0 -13"><span class='ocrx_word' id='word_1_811' title='bbox 167 3444 221 3525; x_wconf 47' lang='lat'><strong>512¹</strong></span> <span class='ocrx_word' id='word_1_812' title='bbox 235 3457 463 3524; x_wconf 57' lang='lat' dir='ltr'><strong>*oqffwaptai</strong></span> <span class='ocrx_word' id='word_1_813' title='bbox 483 3478 533 3520; x_wconf 88' lang='grc' dir='ltr'><strong>Μ,</strong></span> <span class='ocrx_word' id='word_1_814' title='bbox 552 3491 609 3512; x_wconf 86' lang='lat' dir='ltr'><strong>om.</strong></span> <span class='ocrx_word' id='word_1_815' title='bbox 623 3478 656 3512; x_wconf 92' lang='lat' dir='ltr'>L</span> <span class='ocrx_word' id='word_1_816' title='bbox 671 3457 745 3522; x_wconf 44' lang='lat'><strong>{1⁶17</strong></span> <span class='ocrx_word' id='word_1_817' title='bbox 766 3458 806 3512; x_wconf 77' lang='grc' dir='ltr'><strong>ἐν</strong></span> <span class='ocrx_word' id='word_1_818' title='bbox 823 3480 896 3512; x_wconf 79' lang='grc' dir='ltr'><strong><em>τοῖς</em></strong></span> <span class='ocrx_word' id='word_1_819' title='bbox 916 3444 1100 3523; x_wconf 58' lang='grc' dir='ltr'><strong><em>πράγμῖἔσι</em></strong></span> <span class='ocrx_word' id='word_1_820' title='bbox 1121 3490 1179 3510; x_wconf 88' lang='lat' dir='ltr'><strong>om.</strong></span> <span class='ocrx_word' id='word_1_821' title='bbox 1194 3488 1213 3513; x_wconf 78' lang='grc' dir='ltr'><strong><em>ς</em></strong></span> <span class='ocrx_word' id='word_1_822' title='bbox 1236 3480 1248 3518; x_wconf 84' lang='grc' dir='ltr'><strong>ΙΙ</strong></span> <span class='ocrx_word' id='word_1_823' title='bbox 1317 3487 1354 3509; x_wconf 85' lang='lat' dir='ltr'><strong>ea</strong></span> <span class='ocrx_word' id='word_1_824' title='bbox 1377 3477 1410 3509; x_wconf 84' lang='lat' dir='ltr'><em>R</em></span> <span class='ocrx_word' id='word_1_825' title='bbox 1437 3475 1449 3515; x_wconf 82' lang='grc' dir='ltr'><strong>ΙΙ</strong></span> <span class='ocrx_word' id='word_1_826' title='bbox 1483 3454 1525 3510; x_wconf 60' lang='lat'><strong>19&#39;</strong></span> <span class='ocrx_word' id='word_1_827' title='bbox 1547 3476 1715 3518; x_wconf 83' lang='lat' dir='ltr'><strong>protrahit</strong></span> <span class='ocrx_word' id='word_1_828' title='bbox 1739 3477 1813 3510; x_wconf 78' lang='grc' dir='ltr'><strong>ΕΤ</strong></span> <span class='ocrx_word' id='word_1_829' title='bbox 1839 3475 1852 3520; x_wconf 78' lang='grc' dir='ltr'><strong>ΙΙ</strong></span> <span class='ocrx_word' id='word_1_830' title='bbox 1881 3478 1923 3511; x_wconf 87' lang='grc'><strong>20</strong></span> <span class='ocrx_word' id='word_1_831' title='bbox 1947 3478 2150 3520; x_wconf 82' lang='lat' dir='ltr'><strong>cognativas]</strong></span> <span class='ocrx_word' id='word_1_832' title='bbox 2183 3479 2239 3514; x_wconf 83' lang='lat' dir='ltr'><strong>uel</strong></span> <span class='ocrx_word' id='word_1_833' title='bbox 2268 3481 2397 3524; x_wconf 77' lang='lat' dir='ltr'><strong>cogita-</strong></span> 
     </span>
     <span class='ocr_line' id='line_1_61' title="bbox 170 3518 2397 3570; baseline 0.001 -12"><span class='ocrx_word' id='word_1_834' title='bbox 170 3524 214 3558; x_wconf 84' lang='lat'><strong>22</strong></span> <span class='ocrx_word' id='word_1_835' title='bbox 235 3527 296 3558; x_wconf 74' lang='grc' dir='ltr'><strong>καὶ</strong></span> <span class='ocrx_word' id='word_1_836' title='bbox 319 3521 367 3566; x_wconf 80' lang='grc' dir='ltr'><strong><em>οἱ]</em></strong></span> <span class='ocrx_word' id='word_1_837' title='bbox 400 3526 432 3557; x_wconf 87' lang='lat' dir='ltr'><strong>et</strong></span> <span class='ocrx_word' id='word_1_838' title='bbox 456 3523 515 3565; x_wconf 85' lang='lat' dir='ltr'><strong>qui</strong></span> <span class='ocrx_word' id='word_1_839' title='bbox 540 3525 574 3566; x_wconf 85' lang='lat' dir='ltr'><strong>(i.</strong></span> <span class='ocrx_word' id='word_1_840' title='bbox 596 3536 622 3557; x_wconf 85' lang='lat' dir='ltr'><strong>e.</strong></span> <span class='ocrx_word' id='word_1_841' title='bbox 641 3525 707 3556; x_wconf 74' lang='grc' dir='ltr'><strong>’καὶ</strong></span> <span class='ocrx_word' id='word_1_842' title='bbox 731 3523 801 3567; x_wconf 63' lang='grc' dir='ltr'><strong><em>οἳῗ)</em></strong></span> <span class='ocrx_word' id='word_1_843' title='bbox 827 3535 846 3560; x_wconf 84' lang='grc' dir='ltr'><strong><em>ς</em></strong></span> <span class='ocrx_word' id='word_1_844' title='bbox 872 3525 884 3568; x_wconf 79' lang='grc' dir='ltr'><strong>ΙΙ</strong></span> <span class='ocrx_word' id='word_1_845' title='bbox 919 3525 961 3558; x_wconf 80' lang='grc'><strong>25</strong></span> <span class='ocrx_word' id='word_1_846' title='bbox 985 3518 1084 3564; x_wconf 73' lang='grc' dir='ltr'><strong><em>αὐτῷ</em></strong></span> <span class='ocrx_word' id='word_1_847' title='bbox 1110 3535 1168 3556; x_wconf 91' lang='lat' dir='ltr'><strong>om.</strong></span> <span class='ocrx_word' id='word_1_848' title='bbox 1195 3533 1214 3558; x_wconf 83' lang='grc' dir='ltr'><strong><em>ς</em></strong></span> <span class='ocrx_word' id='word_1_849' title='bbox 1236 3520 1248 3567; x_wconf 81' lang='grc' dir='ltr'><strong>ΙΙ</strong></span> <span class='ocrx_word' id='word_1_850' title='bbox 1316 3522 1404 3554; x_wconf 85' lang='lat' dir='ltr'><strong>tiuas</strong></span> <span class='ocrx_word' id='word_1_851' title='bbox 1427 3535 1452 3554; x_wconf 87' lang='lat' dir='ltr'><strong>s.</strong></span> <span class='ocrx_word' id='word_1_852' title='bbox 1469 3534 1499 3554; x_wconf 89' lang='lat' dir='ltr'><strong>v.</strong></span> <span class='ocrx_word' id='word_1_853' title='bbox 1521 3521 1572 3554; x_wconf 61' lang='grc' dir='ltr'><strong>Τ2</strong></span> <span class='ocrx_word' id='word_1_854' title='bbox 1597 3520 1609 3565; x_wconf 87' lang='grc' dir='ltr'><strong>ΙΙ</strong></span> <span class='ocrx_word' id='word_1_855' title='bbox 1638 3522 1677 3556; x_wconf 77' lang='grc'><strong>2[</strong></span> <span class='ocrx_word' id='word_1_856' title='bbox 1703 3521 1849 3564; x_wconf 81' lang='lat' dir='ltr'><strong>quidem]</strong></span> <span class='ocrx_word' id='word_1_857' title='bbox 1874 3522 1956 3564; x_wconf 89' lang='lat' dir='ltr'><strong>quid</strong></span> <span class='ocrx_word' id='word_1_858' title='bbox 1975 3533 1995 3555; x_wconf 88' lang='lat' dir='ltr'><strong>a</strong></span> <span class='ocrx_word' id='word_1_859' title='bbox 2021 3523 2070 3556; x_wconf 84' lang='grc' dir='ltr'><strong>Τι</strong></span> <span class='ocrx_word' id='word_1_860' title='bbox 2097 3522 2109 3568; x_wconf 84' lang='grc' dir='ltr'><strong>ΙΙ</strong></span> <span class='ocrx_word' id='word_1_861' title='bbox 2132 3525 2174 3558; x_wconf 84' lang='grc'><strong>27</strong></span> <span class='ocrx_word' id='word_1_862' title='bbox 2199 3525 2230 3558; x_wconf 86' lang='lat' dir='ltr'><strong>ei</strong></span> <span class='ocrx_word' id='word_1_863' title='bbox 2249 3525 2313 3559; x_wconf 84' lang='lat' dir='ltr'><strong>filii</strong></span> <span class='ocrx_word' id='word_1_864' title='bbox 2336 3526 2397 3570; x_wconf 77' lang='lat' dir='ltr'><strong>Vss</strong></span> 
     </span>
     <span class='ocr_line' id='line_1_62' title="bbox 172 3566 2397 3614; baseline 0.001 -11"><span class='ocrx_word' id='word_1_865' title='bbox 172 3569 215 3603; x_wconf 85' lang='lat'><strong>34</strong></span> <span class='ocrx_word' id='word_1_866' title='bbox 237 3571 297 3603; x_wconf 81' lang='grc' dir='ltr'><strong>καὶ</strong></span> <span class='ocrx_word' id='word_1_867' title='bbox 321 3582 379 3602; x_wconf 89' lang='lat' dir='ltr'><strong>om.</strong></span> <span class='ocrx_word' id='word_1_868' title='bbox 398 3581 418 3606; x_wconf 82' lang='grc' dir='ltr'><strong><em>ς</em></strong></span> <span class='ocrx_word' id='word_1_869' title='bbox 1318 3568 1359 3601; x_wconf 80' lang='lat'><strong>28</strong></span> <span class='ocrx_word' id='word_1_870' title='bbox 1385 3566 1574 3599; x_wconf 87' lang='lat' dir='ltr'><strong>introduxit</strong></span> <span class='ocrx_word' id='word_1_871' title='bbox 1596 3566 1633 3599; x_wconf 90' lang='lat' dir='ltr'><strong>in</strong></span> <span class='ocrx_word' id='word_1_872' title='bbox 1657 3568 1907 3600; x_wconf 82' lang='lat' dir='ltr'><strong>matrimonium</strong></span> <span class='ocrx_word' id='word_1_873' title='bbox 1926 3567 1974 3601; x_wconf 86' lang='lat' dir='ltr'><strong>T¹</strong></span> <span class='ocrx_word' id='word_1_874' title='bbox 2000 3566 2007 3612; x_wconf 75' lang='grc' dir='ltr'>Ι</span> <span class='ocrx_word' id='word_1_875' title='bbox 2042 3570 2085 3603; x_wconf 83' lang='grc'><strong>29</strong></span> <span class='ocrx_word' id='word_1_876' title='bbox 2110 3571 2143 3602; x_wconf 83' lang='lat' dir='ltr'><strong>et</strong></span> <span class='ocrx_word' id='word_1_877' title='bbox 2166 3580 2206 3603; x_wconf 87' lang='lat' dir='ltr'><strong>ex</strong></span> <span class='ocrx_word' id='word_1_878' title='bbox 2230 3581 2268 3605; x_wconf 84' lang='lat' dir='ltr'><strong>ea</strong></span> <span class='ocrx_word' id='word_1_879' title='bbox 2288 3571 2334 3614; x_wconf 85' lang='lat' dir='ltr'><strong>V]</strong></span> <span class='ocrx_word' id='word_1_880' title='bbox 2359 3582 2397 3606; x_wconf 84' lang='lat' dir='ltr'><strong>ex</strong></span> 
     </span>
     <span class='ocr_line' id='line_1_63' title="bbox 1318 3610 2397 3669; baseline 0.005 -24"><span class='ocrx_word' id='word_1_881' title='bbox 1318 3623 1356 3645; x_wconf 83' lang='lat' dir='ltr'><strong>ea</strong></span> <span class='ocrx_word' id='word_1_882' title='bbox 1370 3612 1440 3664; x_wconf 52' lang='grc' dir='ltr'><strong>ΕῚῙ</strong></span> <span class='ocrx_word' id='word_1_883' title='bbox 1460 3622 1499 3663; x_wconf 63' lang='lat' dir='ltr'><strong>ei}</strong></span> <span class='ocrx_word' id='word_1_884' title='bbox 1523 3622 1561 3645; x_wconf 90' lang='lat' dir='ltr'><strong>eo</strong></span> <span class='ocrx_word' id='word_1_885' title='bbox 1584 3613 1670 3655; x_wconf 80' lang='lat' dir='ltr'><strong>vulq.</strong></span> <span class='ocrx_word' id='word_1_886' title='bbox 1689 3610 1703 3657; x_wconf 81' lang='grc' dir='ltr'><strong>ΙΙ</strong></span> <span class='ocrx_word' id='word_1_887' title='bbox 1727 3613 1766 3647; x_wconf 88' lang='grc'><strong>31</strong></span> <span class='ocrx_word' id='word_1_888' title='bbox 1796 3623 1835 3645; x_wconf 86' lang='lat' dir='ltr'><strong>ex</strong></span> <span class='ocrx_word' id='word_1_889' title='bbox 1858 3625 1916 3646; x_wconf 88' lang='lat' dir='ltr'><strong>om.</strong></span> <span class='ocrx_word' id='word_1_890' title='bbox 1933 3613 1985 3646; x_wconf 76' lang='grc' dir='ltr'><strong>Τι</strong></span> <span class='ocrx_word' id='word_1_891' title='bbox 2003 3613 2008 3657; x_wconf 92' lang='grc' dir='ltr'>Ι</span> <span class='ocrx_word' id='word_1_892' title='bbox 2039 3614 2182 3669; x_wconf 73' lang='lat' dir='ltr'><strong>uterinis</strong></span> <span class='ocrx_word' id='word_1_893' title='bbox 2206 3623 2236 3652; x_wconf 77' lang='lat' dir='ltr'><strong>et</strong></span> <span class='ocrx_word' id='word_1_894' title='bbox 2258 3618 2302 3652; x_wconf 82' lang='lat'><strong>32</strong></span> <span class='ocrx_word' id='word_1_895' title='bbox 2319 3623 2397 3651; x_wconf 80' lang='lat' dir='ltr'><strong>con-</strong></span> 
     </span>
    </p>

    <p class='ocr_par' dir='ltr' id='par_1_19' title="bbox 217 3657 2398 3749">
     <span class='ocr_line' id='line_1_64' title="bbox 217 3657 2398 3749; baseline 0.001 -12"><span class='ocrx_word' id='word_1_896' title='bbox 217 3699 237 3737; x_wconf 72' lang='lat'><strong>&#39;6</strong></span> <span class='ocrx_word' id='word_1_897' title='bbox 260 3707 469 3747; x_wconf 72' lang='lat' dir='ltr'><strong>programata</strong></span> <span class='ocrx_word' id='word_1_898' title='bbox 490 3706 567 3739; x_wconf 84' lang='lat' dir='ltr'><strong>libri</strong></span> <span class='ocrx_word' id='word_1_899' title='bbox 582 3704 595 3749; x_wconf 85' lang='grc' dir='ltr'><strong>ΙΙ</strong></span> <span class='ocrx_word' id='word_1_900' title='bbox 620 3705 735 3747; x_wconf 89' lang='lat' dir='ltr'><strong>propri</strong></span> <span class='ocrx_word' id='word_1_901' title='bbox 761 3705 792 3738; x_wconf 89' lang='grc' dir='ltr'><em>Τ</em></span> <span class='ocrx_word' id='word_1_902' title='bbox 800 3704 810 3724; x_wconf 88' lang='lat'><strong>¹</strong></span> <span class='ocrx_word' id='word_1_903' title='bbox 833 3704 846 3748; x_wconf 79' lang='grc' dir='ltr'><strong>ΙΙ</strong></span> <span class='ocrx_word' id='word_1_904' title='bbox 873 3705 892 3738; x_wconf 90' lang='grc'>8</span> <span class='ocrx_word' id='word_1_905' title='bbox 910 3704 1174 3747; x_wconf 74' lang='lat' dir='ltr'><strong>subscriptionem</strong></span> <span class='ocrx_word' id='word_1_906' title='bbox 1191 3705 1247 3738; x_wconf 83' lang='lat' dir='ltr'><strong>do-</strong></span> <span class='ocrx_word' id='word_1_907' title='bbox 1318 3657 1589 3739; x_wconf 50' lang='grc' dir='ltr'><strong>ῗῖοῖὶῐῖειιιέθὲῐῖῃ</strong></span> <span class='ocrx_word' id='word_1_908' title='bbox 1612 3658 1655 3692; x_wconf 73' lang='grc'><strong>32</strong></span> <span class='ocrx_word' id='word_1_909' title='bbox 1680 3659 1812 3692; x_wconf 58' lang='lat' dir='ltr'><strong>tantum</strong></span> <span class='ocrx_word' id='word_1_910' title='bbox 1833 3658 1886 3703; x_wconf 67' lang='lat' dir='ltr'><strong>T„</strong></span> <span class='ocrx_word' id='word_1_911' title='bbox 1906 3659 1948 3692; x_wconf 73' lang='lat'><strong>33</strong></span> <span class='ocrx_word' id='word_1_912' title='bbox 1971 3662 2070 3702; x_wconf 71' lang='lat' dir='ltr'><strong>mon]</strong></span> <span class='ocrx_word' id='word_1_913' title='bbox 2094 3663 2289 3696; x_wconf 60' lang='lat' dir='ltr'><strong>monentem</strong></span> <span class='ocrx_word' id='word_1_914' title='bbox 2316 3664 2363 3697; x_wconf 85' lang='lat' dir='ltr'><strong>R¹</strong></span> <span class='ocrx_word' id='word_1_915' title='bbox 2383 3663 2398 3709; x_wconf 68' lang='lat' dir='ltr'>fl</span> 
     </span>
    </p>
   </div>
   <div class='ocr_carea' id='block_1_15' title="bbox 2058 3761 2123 3797">
    <p class='ocr_par' dir='ltr' id='par_1_20' title="bbox 2058 3761 2123 3797">
     <span class='ocr_line' id='line_1_65' title="bbox 2058 3761 2123 3797; baseline -0.015 0"><span class='ocrx_word' id='word_1_916' title='bbox 2058 3761 2123 3797; x_wconf 85' lang='lat'><strong>52*</strong></span> 
     </span>
    </p>
   </div>
  </div>
 </body>
</html>
