2618 4010
243 122 351 174 Nov.
372 123 574 172 LXXXII
602 124 711 171 6-8
1310 122 1410 174 404ν
2139 145 2203 177 nn
2227 144 2452 179 moremus

241 240 369 284 μηνῶν
399 240 494 281 &sm
525 239 758 292 προθεσμίαν
790 240 830 274 ἐν
852 240 906 283 τῷ
932 238 1054 284 δρόμῳ
1084 239 1162 274 τῶν
1183 244 1317 284 κυρίων
1385 240 1503 275 dutias
1525 239 1564 275 in
1588 249 1701 277 cursu
1717 239 1879 277 fatalium
1901 241 2072 286 volumus,
2096 246 2180 289 post
2197 254 2286 289 quos
2305 253 2451 281 neeesse
2514 239 2516 241 ’

241 282 469 328 βουλόμεθα,
493 281 582 327 μεθ’
609 282 671 318 οὓς
693 283 834 331 ἀνάγκη
857 285 922 319 τὰς
944 288 1064 328 κυρίας
1086 285 1151 318 τοῦ
1175 285 1316 320 ίαυτιῦν
1385 287 1439 321 est
1462 285 1590 320 fatales
1614 294 1715 320 suum
1738 285 1908 322 incohare
1930 297 2090 331 cursum,
2122 299 2166 325 ea
2189 299 2280 334 quae
2302 293 2452 326 vocatur

242 327 430 373 ἄρξασθαι
463 325 614 373 δρόμου,
643 329 706 372 τῆς
727 327 943 373 καλουμένης
966 328 1064 373 παρὰ
1088 329 1166 363 τῶν
1189 328 1317 374 νόμων
1385 339 1409 365 a
1429 329 1566 374 legibus
1589 328 1812 374 reparatione
1841 330 1959 368 locum
1988 333 2027 370 in
2049 333 2105 370 his
2127 334 2263 371 nullum
2286 334 2451 371 habente.

243 374 486 418 reparationes
507 373 631 419 χώραν
655 375 716 409 ἐπὶ
741 373 883 410 τούτων
905 370 1076 417 οὐδεμίαν
1100 372 1253 418 ἐχούσης.

1216 463 1373 500 CAPUT
1397 464 1479 502 VII.

297 515 452 554 Οὐδενὸς
484 519 712 565 θαρροῦντος
742 522 924 564 ίκβαίνειν
955 518 1001 554 τὰ
1034 520 1093 554 ἐπὶ
1121 522 1194 554 τοῖς
1217 530 1318 565 spor·
1354 524 1374 556 5
1431 519 1612 566 Nulloque
1659 524 1882 558 raesumente
1903 525 2153 562 transcendere
2176 536 2267 572 quae
2291 526 2328 562 in
2351 536 2449 572 spor-

243 563 349 599 tulms·
371 562 395 607 ἢ
418 567 496 599 ταῖς
519 562 739 599 δικαστικαῑς
764 564 942 599 δαπάναις
965 561 1053 608 παρ’
1075 565 1179 608 ἡμῶν
1203 563 1318 600 διατι·
1387 565 1470 601 tulis
1494 569 1557 601 aut
1578 565 1615 601 in
1644 565 1702 601 itis
1726 567 1889 611 expensis
1912 577 1936 603 a
1955 569 2057 605 nobis
2080 571 2250 616 disposita
2271 575 2364 614 sunt,
2389 571 2451 607 sed

244 611 422 655 ταγμένα,
447 605 539 643 ἀλλὰ
557 609 712 644 πάντων
736 607 854 643 αὐτοῖς
878 608 1112 653 ἐμμενόντων
1135 613 1195 643 καὶ
1219 607 1319 644 εὐλα-
1387 610 1549 646 omnibus
1579 610 1615 645 in
1647 610 1702 646 his
1734 612 1910 647 contentis
1941 616 1977 648 et
1999 614 2268 652 formidantibus
2300 627 2451 662 poenam

243 657 433 698 βουμένων
461 654 530 698 τὴν
561 655 693 698 ποινὴν
723 652 769 698 ἢν
801 656 860 689 ἐπὶ
889 657 961 688 τοῖς
983 654 1158 688 τοιούτοις
1186 652 1208 698 ἡ
1233 655 1320 689 θεία
1388 665 1493 700 quam
1515 655 1553 691 in
1576 655 1708 691 talibus
1731 665 1835 692 sacra
1857 660 1982 693 nostra
2011 660 2215 696 constitutio
2238 662 2449 696 terminavit.

242 701 265 734 1
323 695 428 744 ἡμῶν
459 697 621 740 διάταξις
652 697 792 745 ὥρισεν.
869 700 949 733 Τῶν
980 699 1044 733 τὰς
1074 697 1173 734 δίκας
1204 712 1319 745 παρα·
1386 702 1407 737 1
1451 699 1518 736 His
1542 701 1601 745 qui
1626 710 1755 737 causas
1775 704 1992 747 praeparant
2016 703 2068 739 sic
2091 705 2332 749 existentibus,
2357 707 2452 742 sicut

244 743 497 786 σκευαζόντων
520 742 637 779 οὕτως
660 744 783 778 ὄντων
812 740 902 778 ὅσον
932 743 1024 778 κατὰ
1054 745 1097 778 τὸ
1127 746 1190 788 τῆς
1213 757 1319 790 στρα-
1334 748 1375 781 10
1387 748 1424 780 et
1445 746 1592 781 militiae
1615 746 1728 790 figura
1749 746 1923 782 hactenus
1943 747 2109 784 definivit.
2158 750 2377 796 Unoquoque
2396 757 2451 786 ta-

243 792 340 822 τείας
361 790 479 833 σχῆμα
500 786 571 831 [οἷς]
591 793 692 834 μέχρι
713 791 781 823 νῖυιν
802 786 1026 834 ώρίσθησαν.
1069 788 1220 823 ἑκάστου
1235 793 1317 834 μέν·
1386 800 1466 826 men
1495 791 1613 826 iudice
1644 791 1783 827 duobus
1817 791 1957 836 quidem
1987 794 2235 838 exceptoribus
2264 799 2385 831 utente
2415 798 2452 831 et

243 846 301 867 τοι
336 829 508 868 δικαστοῦ
545 833 608 868 δύο
642 836 709 878 μὲν
744 837 817 868 τοῖς
846 832 1095 880 ὑπογράφουσι
1123 838 1318 880 χρωμένου,
1387 836 1526 871 duobus
1545 846 1672 871 causas
1691 838 1988 881 praeparantibus
2008 842 2044 873 et
2059 841 2360 884 compellentibus,
2379 852 2451 876 non

245 875 310 912 δύο
331 875 371 912 δὲ
393 882 465 913 τοῖς
485 879 549 913 τὰς
568 877 666 912 δίκας
686 878 997 924 παρασκευάζουσι
1018 891 1057 912 τε
1077 883 1136 912 καὶ
1160 881 1318 927 ἐπείγου-
1386 881 1584 916 valentibus
1616 880 1668 917 eis
1692 881 1854 926 pluribus
1885 891 1991 926 quam
2014 883 2153 919 duobus
2187 886 2327 921 omnino
2350 886 2451 921 mini-

243 935 314 962 «nv,
346 919 388 957 οὗ
422 921 633 968 δυναμένων
663 925 741 958 τῶν
766 922 888 958 αὐτῶν
917 923 1059 958 πολλοῖς
1090 922 1113 967 ἢ
1143 922 1207 959 δύο
1230 927 1319 971 γοῦν
1388 928 1502 962 strare
1529 926 1717 961 iudicibus.
1765 927 1840 962 Hos
1871 929 1990 962 autem
2022 929 2162 964 omnino
2192 930 2386 974 locupletes
2415 935 2452 966 et

244 964 338 1002 ὅλως
366 966 629 1013 ὑπηρετεῖσθαι
660 967 850 1003 δικασταῖς.
898 968 1045 1003 τούτους
1075 967 1114 1002 δὲ
1136 974 1319 1004 παντοίως
1333 974 1374 1006 15
1387 971 1558 1015 probatos
1583 981 1672 1013 esse,
1703 974 1744 1006 ut
1766 981 1879 1016 neque
1898 972 1944 1007 ab
1967 973 2019 1008 eis
2044 973 2176 1018 aliquid
2199 980 2367 1019 peccetur
2389 986 2448 1011 ne—

243 1012 393 1048 πιστούς
427 1027 467 1047 τε
502 1017 561 1047 καὶ
591 1011 910 1058 δεδοκιμασμένους
946 1014 1054 1056 εἶναι,
1090 1011 1177 1049 ὥςτε
1206 1013 1319 1059 μηδὲν
1388 1026 1456 1060 que
1488 1015 1660 1060 prodatur
1694 1026 1808 1061 neque
1842 1017 1992 1062 maligne
2026 1023 2164 1062 agatur,
2197 1019 2260 1054 sed
2294 1020 2450 1065 periculo

243 1055 333 1103 παρ’
361 1055 485 1092 αὐτῶν
517 1056 591 1103 ἁμα
616 1059 797 1092 τάνεσθαι
830 1056 921 1103 μηδὲ
951 1056 1194 1104 προδίδοσθαι
1229 1059 1319 1104 μηδὲ
1387 1061 1586 1096 officiorum
1617 1064 1680 1096 aut
1711 1062 1914 1097 scholarum
1944 1065 2008 1098 aut
2037 1064 2250 1099 scriniorum
2279 1065 2451 1109 praeben-

242 1103 541 1149 κακουργεῖσθαι,
575 1100 583 1113 '
610 1103 653 1137 λὰ
678 1101 836 1147 κινδύνῳ
867 1104 945 1138 τῶν
968 1105 1109 1145 τάξεων
1131 1103 1154 1148 ἢ
1177 1105 1318 1148 σχολῶν
1387 1106 1475 1141 tium
1506 1106 1557 1141 eis
1582 1116 1690 1151 super
1713 1116 1774 1142 eos
1799 1107 2006 1143 electionem
2038 1109 2142 1143 simul
2165 1113 2202 1143 et
2223 1109 2452 1145 ministerium

242 1145 266 1191 ἢ
289 1152 462 1193 σκρινίων
492 1149 570 1182 τῶν
594 1150 831 1193 παρεχόντων
862 1146 990 1183 αὐτοὺς
1019 1150 1087 1193 τὴν
1111 1147 1170 1184 ἐπ’
1198 1148 1318 1184 αὐτοῖς
1386 1151 1510 1195 (esse),
1543 1155 1579 1185 et
1601 1151 1656 1186 vel
1686 1151 1717 1186 si
1740 1152 1824 1195 quid
1855 1153 1900 1187 ab
1925 1153 1975 1187 eis
1998 1158 2179 1198 peccatur,
2214 1156 2260 1190 ad
2282 1155 2361 1190 illos
2393 1155 2453 1200 qui

243 1191 414 1239 ἐπιλογήν
446 1207 485 1227 τε
509 1190 583 1237 ἅμα
615 1197 675 1227 καὶ
699 1192 898 1240 ὑπουργίαν
921 1193 1028 1230 εἶναι.
1053 1198 1112 1228 καὶ
1136 1193 1205 1229 κᾶν
1228 1196 1263 1229 εἴ
1281 1209 1317 1229 τι
1331 1198 1373 1230 20
1387 1198 1560 1240 deputant
1595 1205 1656 1232 eos
1690 1197 1815 1232 referri
1848 1197 1974 1233 exinde
2009 1198 2223 1242 periculum,
2261 1200 2321 1244 qui
2349 1210 2453 1235 omne

243 1234 331 1284 παρ’
366 1235 490 1272 αὐτῶν
519 1238 729 1282 πταισθειή.
760 1240 849 1284 πρὸς
879 1238 960 1273 τοὺς
983 1237 1226 1285 ἀφορίσαντας
1256 1238 1316 1273 αὖ·
1386 1241 1553 1276 damnum
1583 1251 1706 1276 eorum
1737 1251 1845 1277 causa
1874 1241 2010 1278 factum
2034 1244 2088 1278 his
2125 1245 2185 1289 qui
2215 1245 2261 1279 ab
2292 1246 2343 1280 eis
2366 1245 2454 1280 laesi

242 1283 325 1317 τοὺς
354 1284 533 1330 φέρεσθαι
567 1286 636 1317 τὸν
667 1284 809 1318 ἐκεῖθεν
843 1282 1023 1326 κίνδυνον,
1055 1286 1157 1330 οἵπερ
1192 1286 1317 1320 πᾶσαν
1387 1290 1470 1321 sunt
1486 1287 1672 1323 curabunt.
1720 1287 1977 1322 Necessitatem
1996 1289 2210 1325 habentibus
2230 1291 2336 1325 etiam
2356 1300 2451 1326 com-

244 1330 375 1372 ζημίαν
399 1329 498 1373 παρὰ
521 1328 590 1372 τὴν
614 1325 739 1363 αὑτῶν
764 1330 884 1363 αἰτίαν
905 1333 1101 1375 γενομένην
1129 1333 1201 1364 τοῖς
1224 1328 1314 1375 παρ>
1386 1331 1590 1375 petentibus
1621 1332 1810 1374 iudicibus,
1842 1332 1873 1367 si
1895 1333 1946 1369 eis
1970 1334 2209 1379 interpellatio
2233 1334 2315 1376 fiat,
2348 1345 2450 1380 prae—

243 1375 392 1407 ἐκείνων
408 1372 574 1418 βλαβεῖσι
591 1373 876 1419 θεραπεύσαιεν·
902 1371 1063 1420 ἀνάγκην
1080 1376 1240 1417 ἐχόντων
1258 1379 1316 1409 καὶ
1385 1386 1513 1420 parare
1542 1377 1655 1412 modis
1686 1377 1848 1412 omnibus
1880 1387 1941 1413 eos
1973 1379 2034 1422 qui
2062 1390 2103 1414 ex
2128 1379 2201 1414 suis
2233 1380 2360 1415 officiis
2390 1385 2454 1415 nut

242 1420 320 1452 τῶν
343 1419 556 1465 προςφόρων
585 1415 786 1464 ἀρχόντων,
816 1420 847 1453 εἰ
876 1419 1177 1465 προςελευσθεῖεν,
1202 1434 1315 1466 παρα-
1331 1423 1372 1455 25
1386 1421 1518 1456 scholis
1550 1426 1614 1456 aut
1643 1422 1781 1458 scriniis
1812 1422 1946 1466 eligunt
1969 1424 2210 1459 ministrantes
2242 1425 2325 1460 hinc
2347 1426 2453 1461 laesis

242 1463 426 1506 σκευάζειν
461 1463 609 1499 πάντως
644 1463 726 1498 τοὺς
761 1466 799 1498 ἐκ
834 1465 912 1498 τῶν
944 1465 1086 1499 οἰκείων
1122 1464 1264 1505 τάξεων
1294 1463 1318 1508 ἢ
1385 1467 1552 1501 damnum
1588 1477 1723 1503 curare.
1783 1467 1822 1503 Si
1854 1477 1938 1503 vero
1974 1468 2080 1505 iudex
2115 1470 2266 1505 senserit
2299 1471 2454 1515 aliquam

243 1507 382 1551 σχολῶν
405 1507 429 1552 ἢ
451 1513 626 1556 σκρινίων
649 1508 959 1554 προβαλλομένους
991 1511 1071 1544 τοὺς
1096 1509 1316 1557 ὑπουργοῦν-
1385 1511 1640 1556 malignitatem
1665 1514 1711 1549 ab
1733 1512 1852 1558 aliquo
1875 1513 2152 1550 ministrantium
2174 1514 2268 1557 fieri,
2299 1516 2454 1560 expellat

241 1565 306 1588 τας
334 1554 402 1597 τὴν
432 1555 608 1589 ἐντεῦθεν
638 1556 691 1597 τῷ
717 1554 890 1599 βλαβέντι
922 1555 1143 1599 θεραπεύειν
1176 1558 1315 1599 ζημίαν.
1387 1557 1528 1601 quidem
1548 1557 1724 1593 auditorio
1749 1568 1815 1593 suo
1832 1567 1892 1593 cos
1910 1558 1971 1603 qni
1991 1570 2062 1594 non
2086 1570 2166 1595 cum
2188 1560 2266 1595 utili
2288 1561 2453 1605 opinione

243 1599 273 1632 εἰ
303 1596 343 1633 δὲ
372 1596 392 1632 ὁ
429 1597 598 1643 δικαστὴς
628 1599 807 1643 αἴσθηταί
835 1613 870 1633 τι
903 1599 1110 1646 πονήρευμα
1141 1600 1240 1646 παρά
1265 1615 1316 1635 τι-
1387 1601 1505 1637 causis
1540 1606 1701 1645 utuntur,
1740 1603 1829 1639 alios
1864 1608 1984 1638 autem
2016 1604 2180 1640 instituat
2209 1606 2383 1640 sententia
2418 1610 2454 1641 et

242 1655 302 1678 νος
324 1645 403 1678 τῶν
422 1641 704 1691 ὑπουργούντων
725 1642 928 1691 γινόμενον,
962 1642 1135 1679 ἆπελάσει
1157 1648 1225 1690 μὲν
1255 1647 1317 1688 τῆς
1329 1647 1373 1680 30
1387 1647 1559 1683 electione
1578 1658 1702 1683 eorum
1718 1648 1846 1693 quibus
1862 1649 1942 1690 hoe,
1963 1649 2070 1685 sicuti
2087 1649 2339 1695 praediximus,
2358 1652 2451 1696 peri-

242 1685 446 1733 ἀκροάσεως
465 1690 527 1733 τῆς
542 1690 671 1723 ἑαυτοῦ
691 1690 777 1723 τοὺς
796 1687 838 1723 οὗ
881 1690 943 1724 ετὰ
962 1692 1114 1735 χρηστῆς
1135 1688 1240 1734 δόξης
1262 1691 1315 1733 τῷ
1387 1692 1457 1728 culi
1480 1694 1546 1728 est.

241 1735 428 1781 πράγματι
451 1738 662 1780 χρωμένους,
687 1735 825 1780 ἑτέρους
872 1737 888 1767 ἑ
911 1735 1167 1781 ἐγκαταστήσει
1190 1735 1316 1783 γνώμῃ

241 1783 301 1813 καὶ
322 1779 484 1826 προβολῇ
508 1781 584 1814 τῶν
603 1779 654 1814 οἷς
674 1782 801 1823 ταῦτα,
826 1779 996 1826 καθάπερ
1016 1780 1178 1815 εἰπόντες
1201 1782 1315 1828 ἑφθη-

239 1837 318 1870 μεν,
344 1823 621 1859 κεκινδύνευται.

1213 1904 1371 1940 CAPUT
1397 1905 1494 1943 VIII.

292 1960 338 1994 Εἰ
362 1956 405 1994 δέ
420 1970 474 1994 τις
502 1956 526 2003 ἢ
548 1959 627 1993 τῶν
650 1956 901 2000 ἐνδοξοτάτων
929 1958 953 2004 ἢ
977 1960 1053 1995 τῶν
1077 1959 1315 2007 ἐλλογιμωτά-
1329 1965 1370 1997 35
1437 1962 1475 1998 Si
1499 1961 1578 2008 quis
1601 1965 1720 1998 autem
1751 1967 1815 1999 aut
1837 1963 2169 2008 gloriosissimorum
2199 1969 2262 2001 aut
2285 1966 2452 2012 eloquen-

239 2017 318 2039 των
351 2003 456 2049 ἡμῶν
491 2003 675 2040 δικαστῶν
713 2004 894 2039 παύσαιτο
929 2006 994 2039 τοῦ
1027 2004 1186 2047 δικάζειν
1220 2005 1314 2040 καθ’
1385 2007 1602 2044 tissimorum
1635 2008 1792 2043 iudicum
1823 2014 2046 2045 removeatur
2080 2010 2239 2046 iudicare
2272 2023 2337 2057 pro
2367 2023 2452 2056 qua-

286 2109 312 2130 c.
338 2096 410 2130 VII
428 2109 457 2129 v.
472 2096 605 2131 29—34
628 2108 667 2129 ex
686 2096 723 2129 B
747 2097 843 2130 habet
864 2097 936 2130 Eel.
962 2096 1049 2130 Bas.
1074 2098 1094 2129 I.
1116 2098 1221 2130 I—X
1243 2110 1296 2141 ap.
1310 2098 1501 2132 Heimbaclz.

239 2183 394 2219 duorum
417 2183 590 2219 mensium
613 2182 822 2218 dilationem
844 2184 883 2218 in
907 2194 1016 2219 cursu
1037 2183 1212 2228 fatalium
1235 2184 1366 2220 habere
1389 2186 1570 2227 volumus,
1600 2194 1686 2232 post
1717 2197 1808 2232 quos
1838 2198 1981 2223 necesse
2009 2193 2064 2223 est
2093 2188 2170 2223 dies
2190 2189 2327 2234 fatales
2349 2201 2453 2225 suum

239 2239 384 2265 cursum
434 2238 584 2275 eraqere
607 2227 797 2279 incipiant,
821 2239 890 2264 neu
913 2228 1102 2275 reparatio
1127 2239 1221 2274 quae
1244 2240 1268 2264 a
1293 2230 1432 2275 leqibus
1454 2236 1605 2266 vocatur
1627 2231 1740 2266 ullum
1764 2231 1803 2266 in
1823 2231 1880 2266 his
1903 2232 2020 2267 locum
2044 2231 2183 2268 habeat.

427 2273 455 2309 1.
503 2273 601 2309 Neve
623 2283 815 2319 quisquam
838 2284 882 2309 ea
906 2284 1000 2320 quae
1016 2273 1060 2308 de
1076 2274 1253 2320 sportulis
1269 2280 1335 2310 aut
1349 2275 1423 2310 litis
1439 2275 1612 2322 expensis
1631 2287 1654 2311 a
1670 2275 1775 2311 nobis
1790 2277 1986 2312 constituta
2001 2282 2097 2320 sunt,
2121 2277 2296 2314 excedere
2307 2279 2453 2322 audeat,

239 2319 304 2356 sed
326 2329 449 2355 omnes
470 2318 571 2354 intra
594 2329 638 2354 ea
660 2329 699 2353 se
723 2318 930 2354 contineant
954 2323 1063 2364 atque
1082 2329 1240 2365 poenam
1264 2324 1456 2356 vereantur
1473 2331 1580 2367 quam
1600 2322 1637 2355 in.
1661 2321 1837 2356 eiusmodi
1852 2321 1958 2357 rebus
1975 2333 2083 2357 sacra
2100 2329 2226 2358 nostra
2243 2324 2453 2360 constitutio

238 2367 261 2402 1
306 2363 475 2410 definivit.
544 2362 615 2406 Qui
638 2367 757 2398 autem
774 2374 866 2409 prae
894 2370 1005 2399 arant
1028 2374 1159 2399 causas
1181 2364 1235 2399 ita
1257 2365 1331 2400 sint
1354 2367 1569 2411 comparati,
1593 2366 1890 2412 quemadmodum
1910 2367 2104 2402 secundum
2126 2368 2287 2413 sormam
2303 2369 2453 2406 militiae

239 2421 353 2457 usque
375 2408 495 2445 adhuc
516 2408 703 2445 constituti
719 2414 813 2444 sunt.
889 2409 1109 2455 nusquisque
1126 2420 1210 2445 vero
1233 2409 1348 2445 iudex
1370 2410 1510 2446 duobus
1531 2411 1788 2463 exceptoribus
1811 2416 1937 2447 utatur
1959 2417 1994 2448 et
2013 2412 2154 2448 duobus
2169 2413 2233 2459 qui
2248 2413 2329 2449 lites
2342 2425 2452 2461 prae-

266 2459 372 2491 arent
394 2459 430 2491 et
453 2454 675 2496 accelerent,·
697 2464 783 2490 neve
805 2454 932 2490 iisdem
956 2455 1062 2490 liceat
1079 2454 1253 2500 pluribus
1274 2466 1383 2501 quam
1403 2455 1544 2491 duobus
1593 2456 1708 2492 uidem
1732 2457 1876 2492 omnino
1904 2456 2082 2492 iudicibus
2104 2469 2295 2504 apparere.
2341 2460 2454 2506 Atqui

236 2467 278 2536 iii
302 2499 466 2536 omnibus
495 2499 612 2535 modis
631 2498 757 2541 fideles
783 2503 819 2534 et
833 2499 987 2546 probati
1009 2501 1102 2542 sint,
1133 2510 1179 2535 ne
1201 2500 1393 2546 quicquam
1424 2500 1469 2536 ab
1493 2501 1539 2536 iis
1561 2467 1793 2548 gelinquatur
1823 2512 1910 2537 neve
1934 2502 2122 2548 prodatur
2144 2514 2231 2538 neve
2253 2503 2339 2539 dolo
2360 2504 2453 2550 fian

238 2556 360 2582 verum
382 2545 550 2591 periculo
575 2544 783 2590 officiorum
814 2549 880 2580 aut
900 2544 1108 2580 scholarum
1136 2549 1202 2580 aut
1222 2546 1439 2581 scriniorum
1469 2557 1563 2592 quae
1592 2557 1655 2582 eos
1685 2546 1858 2582 exhibent
1880 2548 2027 2593 pariter
2051 2558 2175 2583 eorum
2206 2553 2242 2583 et
2268 2548 2395 2584 electio
2417 2554 2455 2585 et

239 2590 475 2626 ministerium
499 2590 557 2632 sit,
582 2594 618 2625 et
640 2589 696 2625 vel
717 2589 750 2624 si
774 2589 864 2636 quid
886 2589 931 2625 ab
956 2590 1001 2625 iis
1019 2594 1211 2636 peccatum
1234 2591 1293 2633 sit,
1318 2590 1367 2626 ad
1388 2602 1451 2626 eos
1500 2592 1539 2627 ui
1562 2591 1646 2627 illos
1668 2591 1907 2638 desiqnarunt
1928 2592 2130 2638 periculum
2153 2592 2236 2628 inde
2260 2594 2452 2630 oriundum

239 2635 377 2678 redeat,
401 2635 466 2682 qui
490 2645 593 2670 omne
616 2634 785 2669 damnum
808 2635 971 2681 ipsorum
995 2635 1105 2681 culpa
1126 2635 1268 2681 factum
1291 2635 1338 2670 iis
1361 2636 1424 2681 qui
1448 2602 1497 2672 ag
1517 2636 1590 2671 illis
1610 2637 1699 2672 laesi
1720 2641 1806 2672 sunt
1828 2637 2051 2672 resarciant:
2084 2642 2193 2683 atque
2215 2639 2454 2684 maqistratus

241 2692 383 2727 quoque
416 2684 658 2727 competentes
689 2690 831 2715 necesse
860 2679 1034 2722 habeant,
1065 2681 1100 2715 si
1129 2680 1319 2723 adeantur,
1350 2682 1478 2727 quovis
1507 2682 1615 2717 modo
1637 2692 1783 2723 curare,
1816 2688 1857 2717 ut
1880 2682 1943 2728 qui
1973 2693 2022 2718 ex
2045 2682 2207 2728 ipsorum
2239 2683 2376 2728 officiis
2398 2684 2454 2719 vel

239 2726 374 2762 scholis
396 2725 452 2762 vel
469 2725 615 2760 scriniis
633 2724 807 2776 eleqerint
830 2725 1100 2760 ministraturos
1122 2724 1291 2760 damnum
1320 2725 1404 2761 inde
1428 2730 1545 2762 ortum
1569 2727 1602 2762 ei
1625 2727 1688 2773 qui
1711 2727 1831 2762 laesus
1850 2727 1899 2762 sit
1921 2729 2133 2762 resarciant.
2179 2725 2221 2762 Si
2244 2727 2345 2773 quod
2366 2739 2451 2764 vero

238 2771 418 2817 flagitium
439 2770 552 2806 iudex
575 2769 620 2805 ab
644 2770 767 2816 aliquo
791 2770 1073 2806 ministrantium
1103 2770 1327 2806 commissum
1358 2782 1436 2807 esse
1458 2772 1690 2818 compererit,
1720 2770 1903 2807 auditorio
1926 2782 1993 2807 suo
2016 2771 2174 2818 expellet
2203 2783 2265 2808 eos
2293 2773 2356 2818 qui
2378 2784 2451 2809 non

241 2827 321 2852 cum
345 2816 440 2851 bona
463 2815 733 2851 existimatione
755 2815 794 2850 in
813 2826 856 2850 ea
879 2826 920 2851 re
942 2818 1145 2858 versantur,
1169 2819 1278 2862 atque
1293 2816 1386 2851 alios
1407 2816 1579 2852 inlocum
1602 2827 1727 2852 eorum
1746 2817 1940 2853 constituet
1957 2827 2007 2853 ex
2023 2817 2207 2853 voluntate
2229 2821 2263 2852 et
2280 2819 2453 2855 electione

241 2872 366 2898 eorum
390 2861 440 2896 ad
462 2871 615 2907 quorum
633 2860 849 2907 periculum,
872 2860 982 2896 sicuti
1002 2864 1087 2896 ante
1110 2859 1280 2904 diximus,
1305 2860 1394 2897 haec
1415 2862 1607 2907 pertinent.

377 2906 474 2943 VIII.
523 2905 565 2942 Si
596 2906 678 2952 quis
708 2910 826 2941 autem
858 2905 915 2942 vel
941 2905 1283 2952 qloriosissimorum
1316 2906 1372 2942 vel
1402 2907 1773 2953 eloquentissimorum
1804 2907 1961 2943 iudicum
1992 2910 2198 2942 nostrorum
2221 2918 2271 2943 ex
2294 2908 2454 2953 qualibet

300 3001 315 3032 1
347 2997 425 3031 τῶν
449 3009 507 3030 om.
532 2996 568 3030 B
596 2994 610 3040 11
636 2996 657 3029 2
686 2995 813 3029 ἑαυτοῦ
843 2997 889 3029 B⁶
918 2996 930 3034 11
961 2998 982 3031 4
1010 2996 1236 3039 reparationes
1258 2998 1313 3040 (cf.
1382 3009 1441 3029 om.
1457 2996 1728 3040 ς11*παύσοιτο
1752 2999 1829 3032 libri

247 3045 366 3078 Thwd.
382 3039 439 3076 ΒΣ
461 3054 480 3078 ς
499 3042 587 3083 Iul.)]
611 3042 814 3084 seprationos
839 3042 885 3075 M
909 3039 1170 3075 ἀνακαινίσεως
1185 3042 1230 3083 Β,
1243 3054 1268 3074 s.
1282 3054 1313 3074 υ.

244 3090 290 3123 Μ
307 3084 594 3130 ἆνακινήσεωςΕ
622 3086 634 3130 11
664 3089 683 3120 5
707 3089 779 3119 τοῖς
825 3086 1022 3120 ortulois‘lll
1040 3087 1101 3129 τῆς
1122 3086 1315 3128 συνηθείας
2011 3130 2018 3137 .
2369 3132 2376 3138 .
2427 3132 2434 3139 .

245 3134 327 3168 ΙνΒε
351 3135 428 3166 ταῖς
442 3131 652 3174 συνηθείαις
665 3131 716 3164 B!
731 3131 743 3175 11
761 3133 781 3166 6
821 3133 1070 3177 ιατεταγμένα]
1099 3132 1175 3166 Cod.
1190 3134 1221 3173 3,
1234 3138 1261 3173 2,
1275 3131 1314 3175 511
1427 3132 1446 3164 2
1471 3142 1508 3164 ea
1525 3134 1620 3173 quae]
1646 3142 1748 3173 eaque
1762 3132 1793 3164 R
1810 3131 1823 3175 11
1840 3132 1860 3166 3
1876 3132 2085 3173 reparatione
2104 3131 2209 3172 Beck]
2233 3133 2453 3184 reparationis

245 3181 263 3213 'l
289 3174 407 3212 αὐτοῖς
429 3174 567 3218 (αὐταῖς
582 3175 645 3218 ΒΓ)
671 3177 771 3218 LBc]
794 3178 867 3210 τοῖς
890 3172 1008 3209 αὐτοῖς
1022 3177 1066 3210 Μ
1076 3177 1087 3219 ΙΙ
1111 3178 1219 3211 9—11
1238 3176 1315 3210 τῶν
1382 3176 1430 3208 12¹
1442 3176 1470 3208 V
1487 3177 1653 3219 reparatio
1665 3177 1751 3210 R’T
1757 3174 1769 3221 11
1780 3175 1953 3209 habentem
1966 3175 2014 3208 R¹
2026 3175 2080 3219 Vn
2097 3177 2116 3208 5
2128 3178 2215 3209 rubr.
2232 3177 2281 3209 De
2294 3176 2452 3219 sportula

244 3243 288 3249 —-
312 3220 527 3267 ὠρίσθησαν
551 3229 581 3255 εί
601 3223 724 3263 μέντοι
755 3234 813 3255 om.
840 3221 891 3254 B!
912 3221 924 3264 11
955 3224 995 3256 10
1027 3216 1116 3255 ὅσον
1146 3220 1239 3255 κατὰ
1269 3220 1313 3254 τὸ
1382 3223 1415 3253 et
1430 3220 1539 3254 officio
1559 3221 1709 3255 iudicum
1722 3222 1791 3254 ΒΤ
1799 3223 1831 3255 in
1845 3221 2094 3264 mar9.(e:c1ul.)
2113 3219 2125 3265 11
2141 3231 2225 3262 quae
2245 3221 2316 3254 eius
2332 3221 2368 3254 iu
2391 3221 2424 3254 V

246 3269 350 3309 MBc]
374 3263 465 3301 ὅσον
479 3266 522 3300 τὸ
540 3265 632 3300 κατὰ
651 3267 682 3300 L
704 3266 792 3299 sicut
812 3268 845 3299 et
869 3279 887 3302 ς
905 3265 917 3309 11
944 3268 980 3300 11
997 3263 1046 3299 ὠς
1062 3267 1182 3309 MLB,
1197 3279 1255 3300 om.
1270 3278 1289 3302 ς
1304 3265 1316 3309 11
1383 3267 1403 3298 6
1419 3265 1475 3298 sed
1491 3266 1527 3298 in
1542 3267 1696 3299 omnibus
1710 3266 1756 3300 R·
1772 3265 1786 3310 11
1805 3268 1823 3299 7
1841 3266 2006 3299 contentis
2021 3265 2178 3309 T'vulq.]
2195 3267 2293 3300 certis
2305 3265 2429 3299 RVT²

245 3311 472 3358 ώρίσθησαν]
497 3311 647 3344 definivit
670 3323 690 3347 ς
711 3314 724 3354 ΙΙ
759 3313 798 3345 12
822 3308 886 3344 δύο
905 3312 993 3353 ΜΒ]
1010 3308 1106 3364 ’δυσὶ
1129 3311 1162 3345 L
1190 3311 1203 3353 11
1229 3308 1316 3346 ὑπο·
1384 3311 1403 3345 8
1427 3311 1574 3343 firmauit
1602 3312 1631 3344 V
1650 3311 1662 3355 11
1691 3313 1711 3346 9
1734 3310 1785 3343 hii
1799 3311 1848 3344 ΤΙ
1873 3310 1885 3354 11
1915 3313 1956 3345 10
1980 3310 2088 3343 defuit
2108 3311 2159 3344 V¹
2181 3310 2195 3355 11
2224 3312 2352 3363 tantum
2366 3308 2414 3343 Τ1

245 3357 496 3445 ἴέιίἵὶῖῖσὶᾒρη
517 3353 858 3445 5³1ff⁶ssssfflf³ss⁶ff
872 3356 932 3435 '1³5¹'
950 3358 1145 3435 2⁷:333ssss
1160 3357 1318 3445 ἶΓἼςΗΖὲ
1350 3387 1351 3391 ’
1382 3357 1923 3444 3¹13ssss{iffifflib'lsffffuzfff‘ffi‘i'
1933 3355 2370 3444 {isi'tiff'ffissnissffissssssnff
2409 3356 2449 3443 si.

248 3449 346 3481 om.L
365 3449 377 3491 11
395 3450 434 3482 1¹1
452 3428 560 3501 *μηδὲ
575 3466 615 3470 -
626 3443 728 3490 μηδὲ]
747 3445 837 3489 μήτε
850 3465 892 3471 -
904 3445 994 3489 μήτε
1008 3446 1085 3480 libri
1099 3447 1112 3491 11
1131 3448 1172 3480 19
1190 3441 1317 3480 αὐτοὺς
1386 3448 1426 3480 19
1451 3457 1517 3478 esse
1543 3449 1619 3495 add.
1634 3446 1728 3481 Beck
1743 3445 1757 3490 ῃ
1773 3445 1862 3487 illos]
1887 3445 1970 3478 alios
1995 3446 2028 3479 Τ
2034 3447 2043 3466 ¹
2067 3444 2109 3477 al.
2131 3455 2185 3478 eos
2210 3443 2262 3477 T²
2272 3456 2299 3476 e.
2312 3443 2372 3495 ”gii
2390 3445 2448 3485 qui

249 3492 446 3533 Zachariae]
472 3493 590 3525 αυτοῖς
607 3492 683 3525 libri
697 3491 710 3535 11
728 3493 770 3526 20
784 3493 844 3524 καὶ
859 3489 938 3532 κᾶν]
955 3493 1015 3524 καὶ
1031 3505 1089 3525 om.
1103 3492 1154 3525 B⁶
1170 3491 1183 3535 11
1201 3493 1242 3526 23
1257 3488 1316 3524 αὐ·
1382 3491 1556 3534 deputant]
1580 3491 1714 3533 quidem
1729 3494 1850 3534 putant
1871 3491 1917 3524 V·
1934 3490 1947 3534 11
1971 3491 2013 3525 20
2032 3499 2160 3541 omnem
2174 3487 2224 3522 Τι
2240 3487 2253 3531 11
2279 3488 2317 3522 21
2338 3498 2365 3520 is
2385 3488 2419 3521 V
2434 3491 2446 3528 11

247 3535 325 3569 τῶν
350 3538 425 3570 libri
449 3537 462 3580 11
490 3538 682 3582 γινομένην
706 3537 775 3570 LB
803 3539 815 3579 ΙΙ
850 3537 893 3570 24
922 3535 1202 3581 &apamenam
1234 3547 1316 3570 συν-
1383 3536 1426 3570 23
1450 3540 1642 3579 praeparate
1675 3536 1724 3570 1⁷²
1751 3536 1765 3581 fl
1801 3537 1844 3571 24
1868 3535 2021 3587 omnibus
2043 3533 2147 3584 modis
2172 3532 2206 3566 T
2225 3530 2239 3575 11
2269 3541 2322 3565 eas
2346 3532 2403 3566 Β*
2435 3534 2448 3578 11

249 3582 308 3612 ενέ
328 3593 427 3614 καιεν
440 3581 490 3614 13⁶
508 3583 520 3622 11
536 3583 578 3616 28
593 3582 646 3623 τῷ
663 3579 849 3625 βλαβέντι]
874 3581 969 3614 laesis
981 3593 1000 3617 ς
1017 3582 1029 3625 11
1047 3584 1089 3616 30
1102 3577 1317 3615 &nomam
1383 3582 1425 3614 25
1444 3583 1580 3614 scrineis
1596 3583 1628 3615 Τ
1646 3582 1761 3615 eriniis
1783 3582 1814 3614 V
1832 3580 1845 3624 11
1871 3581 1925 3613 hio
1947 3577 2003 3625 V}
2026 3579 2068 3612 28
2085 3576 2217 3619 quidam
2241 3577 2295 3620 Vi!
2311 3588 2365 3610 eos
2388 3591 2445 3631 om.

251 3624 282 3657 L
297 3625 303 3666 1
328 3626 364 3657 31
393 3625 519 3658 ἑαυτοῦ
533 3627 614 3667 LB]
639 3624 746 3659 αὐτοῦ
761 3627 803 3660 Μ
814 3627 826 3665 ΙΙ
844 3626 897 3668 ’τῷ
920 3625 1118 3672 πράγματι]
1143 3627 1250 3660 oannis
1274 3627 1318 3671 efl
1381 3626 1489 3666 R¹T¹,
1511 3634 1585 3669 post
1600 3627 1734 3669 quidem
1749 3627 1865 3677 inserit
1878 3625 1911 3658 T
1915 3623 1957 3668 Ἰ
1985 3623 2072 3664 oum]
2086 3631 2168 3673 ‘eum
2194 3621 2226 3654 T
2227 3622 2237 3642 ¹
2255 3621 2267 3664 11
2291 3623 2333 3656 30
2359 3634 2445 3666 peri-

250 3670 293 3703 33
311 3667 471 3702 εἰπόντος
494 3683 552 3702 om.
566 3672 637 3704 Ecl.
655 3671 667 3714 11
686 3672 729 3705 34
751 3668 994 3704 κινδυνεύεται
1013 3671 1064 3705 B!
1079 3675 1092 3711 ΙΙ
1107 3673 1150 3705 35
1175 3668 1315 3711 ἐνδοξο-
1381 3670 1456 3704 culo
1472 3671 1521 3704 1¹¹
1537 3671 1551 3715 11
1568 3674 1610 3706 35
1619 3674 1705 3706 rubr.
1729 3671 1780 3704 De
1795 3668 1961 3702 iudicibus
1979 3669 2112 3701 remotis
2128 3666 2275 3707 qualibet
2291 3667 2330 3700 de
2348 3678 2446 3702 causa

248 3710 374 3746 τάτων
386 3714 494 3754 MBe]
518 3711 766 3753 ἐνδοξοτάτων
784 3711 972 3759 ἀρχόντων
984 3717 1013 3750 L
1026 3716 1106 3758 (ΒΓ)
1120 3717 1136 3760 fl
1152 3717 1196 3751 36
1211 3713 1316 3759 ἡμῶν
1381 3715 1450 3749 RT
1458 3717 1491 3750 in
1503 3729 1605 3761 mar-q.
1627 3716 1642 3760 Ι
1664 3717 1775 3750 autem
1796 3727 1855 3749 om.
1869 3713 1922 3747 T¹
