<?xml version="1.0" encoding="UTF-8"?>
<!DOCTYPE html PUBLIC "-//W3C//DTD XHTML 1.0 Transitional//EN"
    "http://www.w3.org/TR/xhtml1/DTD/xhtml1-transitional.dtd">
<html xmlns="http://www.w3.org/1999/xhtml" xml:lang="en" lang="en">
 <head>
  <title>
</title>
<meta http-equiv="Content-Type" content="text/html;charset=utf-8" />
  <meta name='ocr-system' content='tesseract 3.04.00' />
  <meta name='ocr-capabilities' content='ocr_page ocr_carea ocr_par ocr_line ocrx_word'/>
</head>
<body>
  <div class='ocr_page' id='page_1' title='image "./corpusiuriscivil03krueuoft_0746.png"; bbox 0 0 2580 4022; ppageno 0'>
   <div class='ocr_carea' id='block_1_1' title="bbox 194 159 615 203">
    <p class='ocr_par' dir='ltr' id='par_1_1' title="bbox 194 159 615 203">
     <span class='ocr_line' id='line_1_1' title="bbox 194 159 615 203; baseline -0.01 -1"><span class='ocrx_word' id='word_1_1' title='bbox 194 160 299 202; x_wconf 90' lang='lat' dir='ltr'><strong>Nov.</strong></span> <span class='ocrx_word' id='word_1_2' title='bbox 331 159 501 203; x_wconf 83' lang='lat' dir='ltr'>CXLVI</span> <span class='ocrx_word' id='word_1_3' title='bbox 533 162 567 198; x_wconf 86' lang='lat'><strong>1.</strong></span> <span class='ocrx_word' id='word_1_4' title='bbox 590 161 615 199; x_wconf 86' lang='lat'>2</span> 
     </span>
    </p>
   </div>
   <div class='ocr_carea' id='block_1_2' title="bbox 189 265 1275 682">
    <p class='ocr_par' dir='ltr' id='par_1_2' title="bbox 189 265 1275 682">
     <span class='ocr_line' id='line_1_2' title="bbox 191 265 1272 316; baseline -0.003 -13"><span class='ocrx_word' id='word_1_5' title='bbox 191 267 341 316; x_wconf 63' lang='grc' dir='ltr'><em>μεγάλου</em></span> <span class='ocrx_word' id='word_1_6' title='bbox 375 270 465 303; x_wconf 72' lang='grc' dir='ltr'><em>θεοῦ</em></span> <span class='ocrx_word' id='word_1_7' title='bbox 497 271 557 302; x_wconf 84' lang='grc' dir='ltr'><strong>καὶ</strong></span> <span class='ocrx_word' id='word_1_8' title='bbox 590 269 750 313; x_wconf 76' lang='grc' dir='ltr'><em>σωτῆρος</em></span> <span class='ocrx_word' id='word_1_9' title='bbox 779 265 884 313; x_wconf 78' lang='grc' dir='ltr'><em>ἡμῶν</em></span> <span class='ocrx_word' id='word_1_10' title='bbox 905 265 1017 311; x_wconf 80' lang='grc' dir='ltr'>Ἰησοῦ</span> <span class='ocrx_word' id='word_1_11' title='bbox 1039 267 1198 312; x_wconf 76' lang='grc' dir='ltr'><strong><em>Χριστοῦ</em></strong></span> <span class='ocrx_word' id='word_1_12' title='bbox 1217 279 1272 313; x_wconf 75' lang='grc' dir='ltr'><em>γε-</em></span> 
     </span>
     <span class='ocr_line' id='line_1_3' title="bbox 190 311 1274 360; baseline -0.002 -13"><span class='ocrx_word' id='word_1_13' title='bbox 190 313 332 360; x_wconf 71' lang='grc' dir='ltr'><em>γονότες</em></span> <span class='ocrx_word' id='word_1_14' title='bbox 364 311 462 358; x_wconf 80' lang='grc' dir='ltr'><em>ὅμως</em></span> <span class='ocrx_word' id='word_1_15' title='bbox 490 315 631 356; x_wconf 74' lang='grc' dir='ltr'><em>ἐκείνην</em></span> <span class='ocrx_word' id='word_1_16' title='bbox 657 312 856 356; x_wconf 83' lang='grc' dir='ltr'><em>μέλλουσαν</em></span> <span class='ocrx_word' id='word_1_17' title='bbox 887 311 1003 358; x_wconf 79' lang='grc' dir='ltr'><em>ὥςπερ</em></span> <span class='ocrx_word' id='word_1_18' title='bbox 1026 312 1183 358; x_wconf 82' lang='grc' dir='ltr'><em>ὁρῶντες</em></span> <span class='ocrx_word' id='word_1_19' title='bbox 1205 314 1274 355; x_wconf 84' lang='grc' dir='ltr'><strong>τὴν</strong></span> 
     </span>
     <span class='ocr_line' id='line_1_4' title="bbox 191 356 1274 413; baseline -0.002 -21"><span class='ocrx_word' id='word_1_20' title='bbox 191 360 267 392; x_wconf 77' lang='grc' dir='ltr'><strong>τῶν</strong></span> <span class='ocrx_word' id='word_1_21' title='bbox 291 358 397 403; x_wconf 80' lang='grc' dir='ltr'><em>ἱερῶν</em></span> <span class='ocrx_word' id='word_1_22' title='bbox 420 357 563 402; x_wconf 80' lang='grc' dir='ltr'><em>βίβλων</em></span> <span class='ocrx_word' id='word_1_23' title='bbox 580 356 785 403; x_wconf 84' lang='grc' dir='ltr'><em>παράδοσιν</em></span> <span class='ocrx_word' id='word_1_24' title='bbox 802 358 1031 400; x_wconf 72' lang='grc' dir='ltr'><em>ἐποιήσαντο,</em></span> <span class='ocrx_word' id='word_1_25' title='bbox 1055 358 1274 413; x_wconf 85' lang='grc' dir='ltr'><em>προφητικῆς</em></span> 
     </span>
     <span class='ocr_line' id='line_1_5' title="bbox 191 401 1274 448; baseline 0 -12"><span class='ocrx_word' id='word_1_26' title='bbox 191 401 306 447; x_wconf 74' lang='grc' dir='ltr'><em>ὥςπερ</em></span> <span class='ocrx_word' id='word_1_27' title='bbox 336 402 477 448; x_wconf 78' lang='grc' dir='ltr'><em>χάριτος</em></span> <span class='ocrx_word' id='word_1_28' title='bbox 505 401 777 447; x_wconf 78' lang='grc' dir='ltr'><em>περιλαμψάσης</em></span> <span class='ocrx_word' id='word_1_29' title='bbox 810 402 956 446; x_wconf 75' lang='grc' dir='ltr'><em>αὐτούςς</em></span> <span class='ocrx_word' id='word_1_30' title='bbox 987 405 1047 436; x_wconf 79' lang='grc' dir='ltr'><strong>καὶ</strong></span> <span class='ocrx_word' id='word_1_31' title='bbox 1070 415 1185 448; x_wconf 85' lang='grc' dir='ltr'><em>ταυτῃ</em></span> <span class='ocrx_word' id='word_1_32' title='bbox 1206 404 1274 446; x_wconf 84' lang='grc' dir='ltr'><strong>μὲν</strong></span> 
     </span>
     <span class='ocr_line' id='line_1_6' title="bbox 190 444 1273 493; baseline -0.002 -11"><span class='ocrx_word' id='word_1_33' title='bbox 190 446 384 493; x_wconf 74' lang='grc' dir='ltr'><em>χρήσονται</em></span> <span class='ocrx_word' id='word_1_34' title='bbox 399 447 558 492; x_wconf 84' lang='grc' dir='ltr'><em>μάλιστα</em></span> <span class='ocrx_word' id='word_1_35' title='bbox 575 448 724 482; x_wconf 76' lang='grc' dir='ltr'><em>πάντες·</em></span> <span class='ocrx_word' id='word_1_36' title='bbox 738 447 835 491; x_wconf 89' lang='grc' dir='ltr'><em>πλὴν</em></span> <span class='ocrx_word' id='word_1_37' title='bbox 852 444 926 481; x_wconf 82' lang='grc' dir='ltr'><em>ἀλλ’</em></span> <span class='ocrx_word' id='word_1_38' title='bbox 946 445 993 480; x_wconf 72' lang='grc' dir='ltr'><strong>οἷς</strong></span> <span class='ocrx_word' id='word_1_39' title='bbox 1006 445 1054 482; x_wconf 78' lang='grc' dir='ltr'><strong>ἄν</strong></span> <span class='ocrx_word' id='word_1_40' title='bbox 1065 446 1114 491; x_wconf 80' lang='grc' dir='ltr'><strong>μὴ</strong></span> <span class='ocrx_word' id='word_1_41' title='bbox 1128 448 1191 481; x_wconf 84' lang='grc' dir='ltr'><strong>τὰς</strong></span> <span class='ocrx_word' id='word_1_42' title='bbox 1206 446 1273 480; x_wconf 92' lang='grc' dir='ltr'><em>λοι-</em></span> 
     </span>
     <span class='ocr_line' id='line_1_7' title="bbox 191 490 1274 536; baseline -0.001 -10"><span class='ocrx_word' id='word_1_43' title='bbox 191 494 261 527; x_wconf 76' lang='grc' dir='ltr'><em>πιὶς</em></span> <span class='ocrx_word' id='word_1_44' title='bbox 284 491 403 527; x_wconf 76' lang='grc' dir='ltr'><em>αὐτοῖς</em></span> <span class='ocrx_word' id='word_1_45' title='bbox 425 490 628 528; x_wconf 75' lang='grc' dir='ltr'><em>ἀποκλείειν</em></span> <span class='ocrx_word' id='word_1_46' title='bbox 650 492 912 536; x_wconf 70' lang='grc' dir='ltr'><em>νομισθείημεν</em></span> <span class='ocrx_word' id='word_1_47' title='bbox 928 493 1123 536; x_wconf 84' lang='grc' dir='ltr'><em>ἑρμηνείας,</em></span> <span class='ocrx_word' id='word_1_48' title='bbox 1147 490 1274 526; x_wconf 82' lang='grc' dir='ltr'><em>ἄδειαν</em></span> 
     </span>
     <span class='ocr_line' id='line_1_8' title="bbox 191 534 1275 585; baseline -0.001 -14"><span class='ocrx_word' id='word_1_49' title='bbox 191 536 338 581; x_wconf 82' lang='grc' dir='ltr'><em>δίδομεν</em></span> <span class='ocrx_word' id='word_1_50' title='bbox 367 541 426 571; x_wconf 83' lang='grc' dir='ltr'><strong>καὶ</strong></span> <span class='ocrx_word' id='word_1_51' title='bbox 454 539 498 585; x_wconf 83' lang='grc' dir='ltr'><em>τῇ</em></span> <span class='ocrx_word' id='word_1_52' title='bbox 520 534 665 571; x_wconf 78' lang='grc' dir='ltr'><em>Ἀκύλου</em></span> <span class='ocrx_word' id='word_1_53' title='bbox 689 538 899 581; x_wconf 74' lang='grc' dir='ltr'><em>κεχρῆσθαι,</em></span> <span class='ocrx_word' id='word_1_54' title='bbox 931 537 1000 570; x_wconf 79' lang='grc' dir='ltr'><strong>κᾶν</strong></span> <span class='ocrx_word' id='word_1_55' title='bbox 1023 538 1054 571; x_wconf 81' lang='grc' dir='ltr'><strong>εἰ</strong></span> <span class='ocrx_word' id='word_1_56' title='bbox 1078 534 1275 583; x_wconf 76' lang='grc' dir='ltr'><em>ἀλλόφυλος</em></span> 
     </span>
     <span class='ocr_line' id='line_1_9' title="bbox 190 581 1273 628; baseline 0 -13"><span class='ocrx_word' id='word_1_57' title='bbox 190 584 320 616; x_wconf 81' lang='grc' dir='ltr'><em>ἐκεῖνος</em></span> <span class='ocrx_word' id='word_1_58' title='bbox 351 586 410 616; x_wconf 76' lang='grc' dir='ltr'><strong>καὶ</strong></span> <span class='ocrx_word' id='word_1_59' title='bbox 442 581 482 616; x_wconf 80' lang='grc' dir='ltr'><em>οὐ</em></span> <span class='ocrx_word' id='word_1_60' title='bbox 512 586 664 627; x_wconf 81' lang='grc' dir='ltr'><em>μετρίαν</em></span> <span class='ocrx_word' id='word_1_61' title='bbox 696 584 758 616; x_wconf 80' lang='grc' dir='ltr'><strong>ἐπί</strong></span> <span class='ocrx_word' id='word_1_62' title='bbox 785 595 900 616; x_wconf 85' lang='grc' dir='ltr'><em>τινων</em></span> <span class='ocrx_word' id='word_1_63' title='bbox 935 581 1065 622; x_wconf 80' lang='grc' dir='ltr'><em>λέξεων</em></span> <span class='ocrx_word' id='word_1_64' title='bbox 1094 585 1155 628; x_wconf 79' lang='grc' dir='ltr'><strong>ἔχῃ</strong></span> <span class='ocrx_word' id='word_1_65' title='bbox 1185 581 1273 627; x_wconf 83' lang='grc' dir='ltr'><em>πρὸς</em></span> 
     </span>
     <span class='ocr_line' id='line_1_10' title="bbox 189 624 1270 682; baseline 0 -21"><span class='ocrx_word' id='word_1_66' title='bbox 189 628 213 663; x_wconf 83' lang='lat'><strong>2</strong></span> <span class='ocrx_word' id='word_1_67' title='bbox 260 627 342 661; x_wconf 71' lang='grc' dir='ltr'><em>τοὺς</em></span> <span class='ocrx_word' id='word_1_68' title='bbox 377 626 626 672; x_wconf 80' lang='grc' dir='ltr'><em>ἑβδομήκοντα</em></span> <span class='ocrx_word' id='word_1_69' title='bbox 656 627 724 670; x_wconf 84' lang='grc' dir='ltr'><strong>τὴν</strong></span> <span class='ocrx_word' id='word_1_70' title='bbox 756 625 973 682; x_wconf 69' lang='grc' dir='ltr'><em>διαφωνίαν.</em></span> <span class='ocrx_word' id='word_1_71' title='bbox 1020 626 1089 670; x_wconf 88' lang='grc' dir='ltr'><strong>τὴν</strong></span> <span class='ocrx_word' id='word_1_72' title='bbox 1117 629 1157 661; x_wconf 78' lang='grc' dir='ltr'><strong>δὲ</strong></span> <span class='ocrx_word' id='word_1_73' title='bbox 1187 624 1270 671; x_wconf 79' lang='grc' dir='ltr'><em>παρ’</em></span> 
     </span>
    </p>
   </div>
   <div class='ocr_carea' id='block_1_3' title="bbox 1270 154 1352 200">
    <p class='ocr_par' dir='ltr' id='par_1_3' title="bbox 1270 154 1352 200">
     <span class='ocr_line' id='line_1_11' title="bbox 1270 154 1352 200; baseline 0.012 -1"><span class='ocrx_word' id='word_1_74' title='bbox 1270 154 1352 200; x_wconf 83' lang='grc'><strong>716</strong></span> 
     </span>
    </p>
   </div>
   <div class='ocr_carea' id='block_1_4' title="bbox 1651 171 2424 205">
    <p class='ocr_par' dir='ltr' id='par_1_4' title="bbox 1651 171 2424 205">
     <span class='ocr_line' id='line_1_12' title="bbox 1651 171 2424 205; baseline 0.005 -4"><span class='ocrx_word' id='word_1_75' title='bbox 1651 172 1710 202; x_wconf 82' lang='lat' dir='ltr'><strong>UT</strong></span> <span class='ocrx_word' id='word_1_76' title='bbox 1739 171 1902 203; x_wconf 84' lang='lat' dir='ltr'>LICEAT</span> <span class='ocrx_word' id='word_1_77' title='bbox 1931 171 2151 204; x_wconf 82' lang='lat' dir='ltr'><strong>HEBRAEIS</strong></span> <span class='ocrx_word' id='word_1_78' title='bbox 2180 173 2424 205; x_wconf 82' lang='lat' dir='ltr'>SECUNDUM</span> 
     </span>
    </p>
   </div>
   <div class='ocr_carea' id='block_1_5' title="bbox 1310 267 2427 673">
    <p class='ocr_par' dir='ltr' id='par_1_5' title="bbox 1341 267 2427 451">
     <span class='ocr_line' id='line_1_13' title="bbox 1341 267 2425 312; baseline 0.006 -10"><span class='ocrx_word' id='word_1_79' title='bbox 1341 267 1459 312; x_wconf 85' lang='lat' dir='ltr'><strong>magni</strong></span> <span class='ocrx_word' id='word_1_80' title='bbox 1489 268 1546 304; x_wconf 87' lang='lat' dir='ltr'><strong>dei</strong></span> <span class='ocrx_word' id='word_1_81' title='bbox 1576 271 1613 304; x_wconf 86' lang='lat' dir='ltr'><strong>et</strong></span> <span class='ocrx_word' id='word_1_82' title='bbox 1636 269 1821 306; x_wconf 86' lang='lat' dir='ltr'><strong>salvatoris</strong></span> <span class='ocrx_word' id='word_1_83' title='bbox 1845 271 1959 306; x_wconf 89' lang='lat' dir='ltr'><strong>nostri</strong></span> <span class='ocrx_word' id='word_1_84' title='bbox 1981 271 2062 307; x_wconf 89' lang='lat' dir='ltr'><strong>Iesu</strong></span> <span class='ocrx_word' id='word_1_85' title='bbox 2087 271 2221 307; x_wconf 83' lang='lat' dir='ltr'><strong>Christi</strong></span> <span class='ocrx_word' id='word_1_86' title='bbox 2241 272 2425 308; x_wconf 88' lang='lat' dir='ltr'><strong>constituti</strong></span> 
     </span>
     <span class='ocr_line' id='line_1_14' title="bbox 1342 313 2425 359; baseline 0.005 -12"><span class='ocrx_word' id='word_1_87' title='bbox 1342 317 1460 348; x_wconf 84' lang='lat' dir='ltr'><strong>tamen</strong></span> <span class='ocrx_word' id='word_1_88' title='bbox 1488 313 1586 349; x_wconf 90' lang='lat' dir='ltr'><strong>illam</strong></span> <span class='ocrx_word' id='word_1_89' title='bbox 1609 313 1766 349; x_wconf 88' lang='lat' dir='ltr'><strong>futuram</strong></span> <span class='ocrx_word' id='word_1_90' title='bbox 1789 317 1972 359; x_wconf 77' lang='lat' dir='ltr'><strong>tamquam</strong></span> <span class='ocrx_word' id='word_1_91' title='bbox 1993 316 2152 352; x_wconf 84' lang='lat' dir='ltr'><strong>videntes</strong></span> <span class='ocrx_word' id='word_1_92' title='bbox 2177 327 2360 352; x_wconf 88' lang='lat' dir='ltr'><strong>sacrorum</strong></span> <span class='ocrx_word' id='word_1_93' title='bbox 2382 317 2425 352; x_wconf 91' lang='lat' dir='ltr'><strong>li-</strong></span> 
     </span>
     <span class='ocr_line' id='line_1_15' title="bbox 1342 358 2426 406; baseline 0.005 -14"><span class='ocrx_word' id='word_1_94' title='bbox 1342 359 1487 393; x_wconf 90' lang='lat' dir='ltr'><strong>brorum</strong></span> <span class='ocrx_word' id='word_1_95' title='bbox 1522 358 1752 394; x_wconf 81' lang='lat' dir='ltr'><strong>traditionem</strong></span> <span class='ocrx_word' id='word_1_96' title='bbox 1787 359 1966 401; x_wconf 85' lang='lat' dir='ltr'><strong>fecerunt,</strong></span> <span class='ocrx_word' id='word_1_97' title='bbox 2001 363 2182 406; x_wconf 83' lang='lat' dir='ltr'><strong>tamquam</strong></span> <span class='ocrx_word' id='word_1_98' title='bbox 2216 362 2426 406; x_wconf 76' lang='lat' dir='ltr'><strong>prophetiae</strong></span> 
     </span>
     <span class='ocr_line' id='line_1_16' title="bbox 1342 403 2427 451; baseline 0.004 -13"><span class='ocrx_word' id='word_1_99' title='bbox 1342 403 1458 447; x_wconf 85' lang='lat' dir='ltr'><strong>gratia</strong></span> <span class='ocrx_word' id='word_1_100' title='bbox 1488 403 1780 448; x_wconf 82' lang='lat' dir='ltr'><strong>circumfulgente</strong></span> <span class='ocrx_word' id='word_1_101' title='bbox 1810 405 1897 440; x_wconf 79' lang='lat' dir='ltr'><strong>eos?</strong></span> <span class='ocrx_word' id='word_1_102' title='bbox 1937 406 1985 441; x_wconf 85' lang='lat' dir='ltr'><strong>Et</strong></span> <span class='ocrx_word' id='word_1_103' title='bbox 2014 407 2084 441; x_wconf 86' lang='lat' dir='ltr'><strong>hac</strong></span> <span class='ocrx_word' id='word_1_104' title='bbox 2116 407 2257 451; x_wconf 92' lang='lat' dir='ltr'><strong>quidem</strong></span> <span class='ocrx_word' id='word_1_105' title='bbox 2282 411 2427 442; x_wconf 90' lang='lat' dir='ltr'><strong>utentur</strong></span> 
     </span>
    </p>

    <p class='ocr_par' dir='ltr' id='par_1_6' title="bbox 1310 449 2427 673">
     <span class='ocr_line' id='line_1_17' title="bbox 1310 449 2426 496; baseline 0.005 -14"><span class='ocrx_word' id='word_1_106' title='bbox 1310 451 1328 482; x_wconf 89' lang='lat'>5</span> <span class='ocrx_word' id='word_1_107' title='bbox 1343 449 1536 493; x_wconf 83' lang='lat' dir='ltr'><strong>praecipue</strong></span> <span class='ocrx_word' id='word_1_108' title='bbox 1558 458 1693 484; x_wconf 88' lang='lat' dir='ltr'><strong>omnes.</strong></span> <span class='ocrx_word' id='word_1_109' title='bbox 1741 449 1823 485; x_wconf 88' lang='lat' dir='ltr'><strong>Non</strong></span> <span class='ocrx_word' id='word_1_110' title='bbox 1845 454 1965 485; x_wconf 85' lang='lat' dir='ltr'><strong>tamen</strong></span> <span class='ocrx_word' id='word_1_111' title='bbox 1987 453 2168 496; x_wconf 78' lang='lat' dir='ltr'><strong>tamquam</strong></span> <span class='ocrx_word' id='word_1_112' title='bbox 2191 453 2242 487; x_wconf 90' lang='lat' dir='ltr'><strong>eis</strong></span> <span class='ocrx_word' id='word_1_113' title='bbox 2266 452 2426 488; x_wconf 83' lang='lat' dir='ltr'><strong>residuas</strong></span> 
     </span>
     <span class='ocr_line' id='line_1_18' title="bbox 1342 493 2425 539; baseline 0.005 -12"><span class='ocrx_word' id='word_1_114' title='bbox 1342 493 1532 528; x_wconf 83' lang='lat' dir='ltr'><strong>excludere</strong></span> <span class='ocrx_word' id='word_1_115' title='bbox 1562 494 1782 530; x_wconf 82' lang='lat' dir='ltr'><strong>sanxerimus</strong></span> <span class='ocrx_word' id='word_1_116' title='bbox 1806 495 2128 539; x_wconf 77' lang='lat' dir='ltr'><strong>interpretationes,</strong></span> <span class='ocrx_word' id='word_1_117' title='bbox 2159 496 2338 532; x_wconf 82' lang='lat' dir='ltr'><strong>licentiam</strong></span> <span class='ocrx_word' id='word_1_118' title='bbox 2362 497 2425 532; x_wconf 88' lang='lat' dir='ltr'><strong>da-</strong></span> 
     </span>
     <span class='ocr_line' id='line_1_19' title="bbox 1342 539 2427 582; baseline 0.005 -9"><span class='ocrx_word' id='word_1_119' title='bbox 1342 549 1419 574; x_wconf 91' lang='lat' dir='ltr'><strong>mus</strong></span> <span class='ocrx_word' id='word_1_120' title='bbox 1449 541 1485 573; x_wconf 89' lang='lat' dir='ltr'><strong>et</strong></span> <span class='ocrx_word' id='word_1_121' title='bbox 1508 539 1659 582; x_wconf 84' lang='lat' dir='ltr'><strong>Aquilae</strong></span> <span class='ocrx_word' id='word_1_122' title='bbox 1679 540 1751 582; x_wconf 85' lang='lat' dir='ltr'><strong>uti,</strong></span> <span class='ocrx_word' id='word_1_123' title='bbox 1781 540 1837 574; x_wconf 88' lang='lat' dir='ltr'><strong>vel</strong></span> <span class='ocrx_word' id='word_1_124' title='bbox 1866 541 1897 574; x_wconf 88' lang='lat' dir='ltr'><strong>si</strong></span> <span class='ocrx_word' id='word_1_125' title='bbox 1919 540 2055 576; x_wconf 86' lang='lat' dir='ltr'><strong>alienae</strong></span> <span class='ocrx_word' id='word_1_126' title='bbox 2077 541 2193 577; x_wconf 87' lang='lat' dir='ltr'><strong>tribus</strong></span> <span class='ocrx_word' id='word_1_127' title='bbox 2216 542 2276 577; x_wconf 88' lang='lat' dir='ltr'><strong>ille</strong></span> <span class='ocrx_word' id='word_1_128' title='bbox 2299 544 2336 577; x_wconf 92' lang='lat' dir='ltr'><strong>et</strong></span> <span class='ocrx_word' id='word_1_129' title='bbox 2355 552 2427 577; x_wconf 91' lang='lat' dir='ltr'><strong>non</strong></span> 
     </span>
     <span class='ocr_line' id='line_1_20' title="bbox 1343 584 2426 632; baseline 0.004 -13"><span class='ocrx_word' id='word_1_130' title='bbox 1343 585 1601 628; x_wconf 87' lang='lat' dir='ltr'><strong>competentem</strong></span> <span class='ocrx_word' id='word_1_131' title='bbox 1618 584 1655 618; x_wconf 91' lang='lat' dir='ltr'><strong>in</strong></span> <span class='ocrx_word' id='word_1_132' title='bbox 1673 584 1850 629; x_wconf 86' lang='lat' dir='ltr'><strong>aliquibus</strong></span> <span class='ocrx_word' id='word_1_133' title='bbox 1879 586 2100 621; x_wconf 83' lang='lat' dir='ltr'><strong>sermonibus</strong></span> <span class='ocrx_word' id='word_1_134' title='bbox 2121 587 2262 622; x_wconf 89' lang='lat' dir='ltr'><strong>habeta</strong></span> <span class='ocrx_word' id='word_1_135' title='bbox 2282 591 2426 632; x_wconf 88' lang='lat' dir='ltr'><strong>septua-</strong></span> 
     </span>
     <span class='ocr_line' id='line_1_21' title="bbox 1341 629 2045 673; baseline 0.004 -11"><span class='ocrx_word' id='word_1_136' title='bbox 1341 629 1440 670; x_wconf 74' lang='lat' dir='ltr'><strong>ginta</strong></span> <span class='ocrx_word' id='word_1_137' title='bbox 1464 629 1755 673; x_wconf 85' lang='lat' dir='ltr'><strong>interpretatione</strong></span> <span class='ocrx_word' id='word_1_138' title='bbox 1778 629 2045 666; x_wconf 83' lang='lat' dir='ltr'><strong>dissonantiam.</strong></span> 
     </span>
    </p>
   </div>
   <div class='ocr_carea' id='block_1_6' title="bbox 191 669 2426 727">
    <p class='ocr_par' dir='ltr' id='par_1_7' title="bbox 191 669 2426 727">
     <span class='ocr_line' id='line_1_22' title="bbox 191 669 2426 727; baseline 0.003 -22"><span class='ocrx_word' id='word_1_139' title='bbox 191 669 310 706; x_wconf 74' lang='grc' dir='ltr'><em>αὐτοῖς</em></span> <span class='ocrx_word' id='word_1_140' title='bbox 331 672 524 719; x_wconf 79' lang='grc' dir='ltr'><em>λεγομένην</em></span> <span class='ocrx_word' id='word_1_141' title='bbox 549 671 765 727; x_wconf 62' lang='grc' dir='ltr'><em>ὃευτέρωσιν</em></span> <span class='ocrx_word' id='word_1_142' title='bbox 789 673 1061 718; x_wconf 78' lang='grc' dir='ltr'><em>απαγορεύομεν</em></span> <span class='ocrx_word' id='word_1_143' title='bbox 1076 672 1272 710; x_wconf 80' lang='grc' dir='ltr'><em>παντελῶς,</em></span> <span class='ocrx_word' id='word_1_144' title='bbox 1291 675 1366 709; x_wconf 78' lang='lat'><strong>102</strong></span> <span class='ocrx_word' id='word_1_145' title='bbox 1413 674 1505 708; x_wconf 82' lang='lat' dir='ltr'><strong>Eam</strong></span> <span class='ocrx_word' id='word_1_146' title='bbox 1535 684 1618 710; x_wconf 82' lang='lat' dir='ltr'><strong>vero</strong></span> <span class='ocrx_word' id='word_1_147' title='bbox 1651 685 1742 719; x_wconf 77' lang='lat' dir='ltr'><strong>quae</strong></span> <span class='ocrx_word' id='word_1_148' title='bbox 1766 675 1811 710; x_wconf 79' lang='lat' dir='ltr'><strong>ab</strong></span> <span class='ocrx_word' id='word_1_149' title='bbox 1836 675 1886 710; x_wconf 80' lang='lat' dir='ltr'><strong>eis</strong></span> <span class='ocrx_word' id='word_1_150' title='bbox 1910 675 2039 710; x_wconf 81' lang='lat' dir='ltr'><strong>dicitur</strong></span> <span class='ocrx_word' id='word_1_151' title='bbox 2062 676 2219 711; x_wconf 76' lang='lat' dir='ltr'><strong>secunda</strong></span> <span class='ocrx_word' id='word_1_152' title='bbox 2241 676 2347 712; x_wconf 77' lang='lat' dir='ltr'><strong>editio</strong></span> <span class='ocrx_word' id='word_1_153' title='bbox 2371 677 2426 711; x_wconf 84' lang='lat' dir='ltr'><strong>in-</strong></span> 
     </span>
    </p>
   </div>
   <div class='ocr_carea' id='block_1_7' title="bbox 190 715 1275 901">
    <p class='ocr_par' dir='ltr' id='par_1_8' title="bbox 190 715 1275 901">
     <span class='ocr_line' id='line_1_23' title="bbox 190 715 1275 762; baseline 0 -12"><span class='ocrx_word' id='word_1_154' title='bbox 190 716 238 751; x_wconf 75' lang='grc' dir='ltr'><strong>ιὸς</strong></span> <span class='ocrx_word' id='word_1_155' title='bbox 270 721 347 751; x_wconf 89' lang='grc' dir='ltr'><em>ταῖς</em></span> <span class='ocrx_word' id='word_1_156' title='bbox 376 720 444 762; x_wconf 84' lang='grc' dir='ltr'><strong>μὲν</strong></span> <span class='ocrx_word' id='word_1_157' title='bbox 477 718 583 762; x_wconf 77' lang='grc' dir='ltr'><em>ἱεραῖς</em></span> <span class='ocrx_word' id='word_1_158' title='bbox 613 730 655 751; x_wconf 89' lang='grc' dir='ltr'><strong>ου</strong></span> <span class='ocrx_word' id='word_1_159' title='bbox 676 717 1007 762; x_wconf 86' lang='grc' dir='ltr'><em>ουνανειλημμένην</em></span> <span class='ocrx_word' id='word_1_160' title='bbox 1029 718 1168 762; x_wconf 77' lang='grc' dir='ltr'><em>βίβλοις</em></span> <span class='ocrx_word' id='word_1_161' title='bbox 1192 715 1275 750; x_wconf 73' lang='grc' dir='ltr'><em>οὐδὲ</em></span> 
     </span>
     <span class='ocr_line' id='line_1_24' title="bbox 190 761 1275 808; baseline 0.001 -13"><span class='ocrx_word' id='word_1_162' title='bbox 190 761 343 796; x_wconf 68' lang='grc' dir='ltr'><em>ἄνωθεν</em></span> <span class='ocrx_word' id='word_1_163' title='bbox 375 761 672 808; x_wconf 80' lang='grc' dir='ltr'><em>παραδεδομένην</em></span> <span class='ocrx_word' id='word_1_164' title='bbox 703 765 741 795; x_wconf 78' lang='grc' dir='ltr'><strong>ἐκ</strong></span> <span class='ocrx_word' id='word_1_165' title='bbox 765 764 842 797; x_wconf 80' lang='grc' dir='ltr'><strong>τῶν</strong></span> <span class='ocrx_word' id='word_1_166' title='bbox 865 763 1075 808; x_wconf 79' lang='grc' dir='ltr'><em>προφητῶν,</em></span> <span class='ocrx_word' id='word_1_167' title='bbox 1097 762 1275 808; x_wconf 75' lang='grc' dir='ltr'><em>ἐξεύρεσιν</em></span> 
     </span>
     <span class='ocr_line' id='line_1_25' title="bbox 192 802 1275 854; baseline 0 -14"><span class='ocrx_word' id='word_1_168' title='bbox 192 805 232 840; x_wconf 79' lang='grc' dir='ltr'><strong>δὲ</strong></span> <span class='ocrx_word' id='word_1_169' title='bbox 262 802 376 841; x_wconf 66' lang='grc' dir='ltr'><em>οὖσαν</em></span> <span class='ocrx_word' id='word_1_170' title='bbox 408 805 556 853; x_wconf 78' lang='grc' dir='ltr'><em>ἀνδρῶν</em></span> <span class='ocrx_word' id='word_1_171' title='bbox 586 810 624 840; x_wconf 83' lang='grc' dir='ltr'><strong>ἐκ</strong></span> <span class='ocrx_word' id='word_1_172' title='bbox 654 806 766 851; x_wconf 90' lang='grc' dir='ltr'><em>μόνης</em></span> <span class='ocrx_word' id='word_1_173' title='bbox 799 806 1010 842; x_wconf 74' lang='grc' dir='ltr'><em>λαλούντων</em></span> <span class='ocrx_word' id='word_1_174' title='bbox 1041 809 1103 850; x_wconf 82' lang='grc' dir='ltr'><strong>τῆς</strong></span> <span class='ocrx_word' id='word_1_175' title='bbox 1134 808 1197 854; x_wconf 77' lang='grc' dir='ltr'><em>γῆς</em></span> <span class='ocrx_word' id='word_1_176' title='bbox 1215 810 1275 841; x_wconf 83' lang='grc' dir='ltr'><strong>καὶ</strong></span> 
     </span>
     <span class='ocr_line' id='line_1_26' title="bbox 190 849 1274 901; baseline 0.001 -16"><span class='ocrx_word' id='word_1_177' title='bbox 190 853 296 886; x_wconf 76' lang='grc' dir='ltr'><em>θεῖον</em></span> <span class='ocrx_word' id='word_1_178' title='bbox 328 854 368 886; x_wconf 82' lang='grc' dir='ltr'><strong>ἐν</strong></span> <span class='ocrx_word' id='word_1_179' title='bbox 403 850 522 901; x_wconf 73' lang='grc' dir='ltr'><em>αὐτοῖς</em></span> <span class='ocrx_word' id='word_1_180' title='bbox 557 852 716 895; x_wconf 80' lang='grc' dir='ltr'><em>ἑχόντων</em></span> <span class='ocrx_word' id='word_1_181' title='bbox 752 849 867 887; x_wconf 74' lang='grc' dir='ltr'><em>οὐδέν.</em></span> <span class='ocrx_word' id='word_1_182' title='bbox 915 856 975 886; x_wconf 81' lang='grc' dir='ltr'><strong>καὶ</strong></span> <span class='ocrx_word' id='word_1_183' title='bbox 1010 851 1121 887; x_wconf 71' lang='grc' dir='ltr'><em>αὐτὰς</em></span> <span class='ocrx_word' id='word_1_184' title='bbox 1157 851 1195 886; x_wconf 82' lang='grc' dir='ltr'><strong>δὲ</strong></span> <span class='ocrx_word' id='word_1_185' title='bbox 1231 850 1274 895; x_wconf 75' lang='grc' dir='ltr'><strong>δὴ</strong></span> 
     </span>
    </p>
   </div>
   <div class='ocr_carea' id='block_1_8' title="bbox 1343 718 2428 901">
    <p class='ocr_par' dir='ltr' id='par_1_9' title="bbox 1343 718 2428 901">
     <span class='ocr_line' id='line_1_27' title="bbox 1343 718 2427 766; baseline 0.004 -13"><span class='ocrx_word' id='word_1_186' title='bbox 1343 718 1559 762; x_wconf 79' lang='lat' dir='ltr'><strong>terdicimuS‚</strong></span> <span class='ocrx_word' id='word_1_187' title='bbox 1583 721 1709 764; x_wconf 89' lang='lat' dir='ltr'><strong>utpote</strong></span> <span class='ocrx_word' id='word_1_188' title='bbox 1731 720 1845 755; x_wconf 88' lang='lat' dir='ltr'><strong>sacris</strong></span> <span class='ocrx_word' id='word_1_189' title='bbox 1868 730 1939 755; x_wconf 92' lang='lat' dir='ltr'><strong>non</strong></span> <span class='ocrx_word' id='word_1_190' title='bbox 1957 720 2183 756; x_wconf 89' lang='lat' dir='ltr'><strong>coniunctam</strong></span> <span class='ocrx_word' id='word_1_191' title='bbox 2197 721 2296 757; x_wconf 88' lang='lat' dir='ltr'><strong>libris</strong></span> <span class='ocrx_word' id='word_1_192' title='bbox 2312 731 2427 766; x_wconf 90' lang='lat' dir='ltr'><strong>neque</strong></span> 
     </span>
     <span class='ocr_line' id='line_1_28' title="bbox 1344 764 2426 810; baseline 0.003 -11"><span class='ocrx_word' id='word_1_193' title='bbox 1344 765 1496 808; x_wconf 87' lang='lat' dir='ltr'><strong>desuper</strong></span> <span class='ocrx_word' id='word_1_194' title='bbox 1519 764 1686 799; x_wconf 85' lang='lat' dir='ltr'><strong>traditam</strong></span> <span class='ocrx_word' id='word_1_195' title='bbox 1710 765 1753 800; x_wconf 93' lang='lat' dir='ltr'><strong>de</strong></span> <span class='ocrx_word' id='word_1_196' title='bbox 1775 765 1971 810; x_wconf 87' lang='lat' dir='ltr'><strong>prophetis,</strong></span> <span class='ocrx_word' id='word_1_197' title='bbox 1997 766 2058 801; x_wconf 90' lang='lat' dir='ltr'><strong>sed</strong></span> <span class='ocrx_word' id='word_1_198' title='bbox 2083 766 2318 802; x_wconf 86' lang='lat' dir='ltr'><strong>inventionem</strong></span> <span class='ocrx_word' id='word_1_199' title='bbox 2341 777 2426 802; x_wconf 89' lang='lat' dir='ltr'><strong>con-</strong></span> 
     </span>
     <span class='ocr_line' id='line_1_29' title="bbox 1344 809 2426 855; baseline 0.003 -12"><span class='ocrx_word' id='word_1_200' title='bbox 1344 809 1505 844; x_wconf 88' lang='lat' dir='ltr'><strong>stitutam</strong></span> <span class='ocrx_word' id='word_1_201' title='bbox 1535 809 1711 852; x_wconf 89' lang='lat' dir='ltr'><strong>virorum,</strong></span> <span class='ocrx_word' id='word_1_202' title='bbox 1742 819 1787 845; x_wconf 87' lang='lat' dir='ltr'><strong>ex</strong></span> <span class='ocrx_word' id='word_1_203' title='bbox 1814 810 1891 846; x_wconf 89' lang='lat' dir='ltr'><strong>sola</strong></span> <span class='ocrx_word' id='word_1_204' title='bbox 1913 810 2139 855; x_wconf 84' lang='lat' dir='ltr'><strong>loquentibus</strong></span> <span class='ocrx_word' id='word_1_205' title='bbox 2162 814 2259 846; x_wconf 89' lang='lat' dir='ltr'><strong>terra</strong></span> <span class='ocrx_word' id='word_1_206' title='bbox 2281 815 2318 846; x_wconf 91' lang='lat' dir='ltr'><strong>et</strong></span> <span class='ocrx_word' id='word_1_207' title='bbox 2340 812 2426 847; x_wconf 87' lang='lat' dir='ltr'><strong>divi-</strong></span> 
     </span>
     <span class='ocr_line' id='line_1_30' title="bbox 1344 854 2428 901; baseline 0.003 -12"><span class='ocrx_word' id='word_1_208' title='bbox 1344 865 1430 889; x_wconf 91' lang='lat' dir='ltr'><strong>num</strong></span> <span class='ocrx_word' id='word_1_209' title='bbox 1456 855 1493 889; x_wconf 89' lang='lat' dir='ltr'><strong>in</strong></span> <span class='ocrx_word' id='word_1_210' title='bbox 1516 854 1605 899; x_wconf 91' lang='lat' dir='ltr'><strong>ipsis</strong></span> <span class='ocrx_word' id='word_1_211' title='bbox 1628 854 1842 890; x_wconf 87' lang='lat' dir='ltr'><strong>habentibus</strong></span> <span class='ocrx_word' id='word_1_212' title='bbox 1866 855 1964 890; x_wconf 91' lang='lat' dir='ltr'><strong>nihil.</strong></span> <span class='ocrx_word' id='word_1_213' title='bbox 2012 856 2062 890; x_wconf 88' lang='lat' dir='ltr'><strong>Et</strong></span> <span class='ocrx_word' id='word_1_214' title='bbox 2084 856 2181 900; x_wconf 84' lang='lat' dir='ltr'><strong>ipsas</strong></span> <span class='ocrx_word' id='word_1_215' title='bbox 2203 865 2285 901; x_wconf 86' lang='lat' dir='ltr'><strong>ergo</strong></span> <span class='ocrx_word' id='word_1_216' title='bbox 2306 866 2428 892; x_wconf 87' lang='lat' dir='ltr'><strong>sacras</strong></span> 
     </span>
    </p>
   </div>
   <div class='ocr_carea' id='block_1_9' title="bbox 189 894 2424 952">
    <p class='ocr_par' dir='ltr' id='par_1_10' title="bbox 189 894 2424 952">
     <span class='ocr_line' id='line_1_31' title="bbox 189 894 2424 952; baseline 0.003 -22"><span class='ocrx_word' id='word_1_217' title='bbox 189 900 254 952; x_wconf 62' lang='grc' dir='ltr'><em>’ξάς</em></span> <span class='ocrx_word' id='word_1_218' title='bbox 284 897 378 944; x_wconf 82' lang='grc' dir='ltr'><em>ἱερὰς</em></span> <span class='ocrx_word' id='word_1_219' title='bbox 413 897 535 943; x_wconf 78' lang='grc' dir='ltr'><em>φωνὰς</em></span> <span class='ocrx_word' id='word_1_220' title='bbox 569 895 846 950; x_wconf 72' lang='grc' dir='ltr'><em>ἅναγνώσονται</em></span> <span class='ocrx_word' id='word_1_221' title='bbox 881 898 946 932; x_wconf 79' lang='grc' dir='ltr'><strong>τὰς</strong></span> <span class='ocrx_word' id='word_1_222' title='bbox 983 897 1128 942; x_wconf 75' lang='grc' dir='ltr'><em>βίβλους</em></span> <span class='ocrx_word' id='word_1_223' title='bbox 1166 894 1275 951; x_wconf 62' lang='grc' dir='ltr'><em>αὐτὰς</em></span> <span class='ocrx_word' id='word_1_224' title='bbox 1291 900 1330 932; x_wconf 88' lang='grc'><strong>15</strong></span> <span class='ocrx_word' id='word_1_225' title='bbox 1344 909 1448 934; x_wconf 86' lang='lat' dir='ltr'><strong>voces</strong></span> <span class='ocrx_word' id='word_1_226' title='bbox 1464 900 1631 942; x_wconf 83' lang='lat' dir='ltr'><strong>legentes,</strong></span> <span class='ocrx_word' id='word_1_227' title='bbox 1655 900 1754 944; x_wconf 90' lang='lat' dir='ltr'><strong>ipsos</strong></span> <span class='ocrx_word' id='word_1_228' title='bbox 1771 900 1911 935; x_wconf 86' lang='lat' dir='ltr'><strong>codices</strong></span> <span class='ocrx_word' id='word_1_229' title='bbox 1927 904 2144 945; x_wconf 86' lang='lat' dir='ltr'><strong>respuentes,</strong></span> <span class='ocrx_word' id='word_1_230' title='bbox 2170 901 2233 936; x_wconf 88' lang='lat' dir='ltr'><strong>sed</strong></span> <span class='ocrx_word' id='word_1_231' title='bbox 2254 911 2325 936; x_wconf 89' lang='lat' dir='ltr'><strong>non</strong></span> <span class='ocrx_word' id='word_1_232' title='bbox 2341 902 2424 937; x_wconf 88' lang='lat' dir='ltr'><strong>abs-</strong></span> 
     </span>
    </p>
   </div>
   <div class='ocr_carea' id='block_1_10' title="bbox 189 940 1276 1132">
    <p class='ocr_par' dir='ltr' id='par_1_11' title="bbox 189 940 1276 1132">
     <span class='ocr_line' id='line_1_32' title="bbox 190 940 1265 987; baseline 0.001 -13"><span class='ocrx_word' id='word_1_233' title='bbox 190 941 496 985; x_wconf 83' lang='grc' dir='ltr'><em>αναπτύσσοντες,</em></span> <span class='ocrx_word' id='word_1_234' title='bbox 521 940 612 976; x_wconf 84' lang='grc' dir='ltr'><em>ἀλλὰ</em></span> <span class='ocrx_word' id='word_1_235' title='bbox 635 956 684 986; x_wconf 89' lang='grc' dir='ltr'><strong>μη</strong></span> <span class='ocrx_word' id='word_1_236' title='bbox 710 942 1021 987; x_wconf 78' lang='grc' dir='ltr'><em>κατακρύπτοντες</em></span> <span class='ocrx_word' id='word_1_237' title='bbox 1042 945 1110 987; x_wconf 81' lang='grc' dir='ltr'><strong>μὲν</strong></span> <span class='ocrx_word' id='word_1_238' title='bbox 1133 942 1180 976; x_wconf 87' lang='grc' dir='ltr'><em>τὰ</em></span> <span class='ocrx_word' id='word_1_239' title='bbox 1196 955 1265 976; x_wconf 82' lang='grc' dir='ltr'><strong>κατ</strong></span> 
     </span>
     <span class='ocr_line' id='line_1_33' title="bbox 191 983 1276 1032; baseline 0.001 -12"><span class='ocrx_word' id='word_1_240' title='bbox 191 983 301 1021; x_wconf 76' lang='grc' dir='ltr'><em>αὐτὰς</em></span> <span class='ocrx_word' id='word_1_241' title='bbox 339 989 523 1031; x_wconf 88' lang='grc' dir='ltr'><em>εἰρημένα,</em></span> <span class='ocrx_word' id='word_1_242' title='bbox 564 986 628 1021; x_wconf 82' lang='grc' dir='ltr'><strong>τὰς</strong></span> <span class='ocrx_word' id='word_1_243' title='bbox 665 987 810 1027; x_wconf 73' lang='grc' dir='ltr'><em>ἔξωθεν</em></span> <span class='ocrx_word' id='word_1_244' title='bbox 850 986 890 1021; x_wconf 82' lang='grc' dir='ltr'><strong>δὲ</strong></span> <span class='ocrx_word' id='word_1_245' title='bbox 928 987 1276 1032; x_wconf 79' lang='grc' dir='ltr'><em>παραλαμβάνοντες</em></span> 
     </span>
     <span class='ocr_line' id='line_1_34' title="bbox 190 1028 1273 1079; baseline -0.001 -13"><span class='ocrx_word' id='word_1_246' title='bbox 190 1030 371 1078; x_wconf 70' lang='grc' dir='ltr'><em>ἀγράφους</em></span> <span class='ocrx_word' id='word_1_247' title='bbox 394 1036 615 1079; x_wconf 86' lang='grc' dir='ltr'><em>κενοφωνίας</em></span> <span class='ocrx_word' id='word_1_248' title='bbox 635 1033 725 1078; x_wconf 81' lang='grc' dir='ltr'><em>πρὸς</em></span> <span class='ocrx_word' id='word_1_249' title='bbox 749 1032 817 1076; x_wconf 82' lang='grc' dir='ltr'><strong>τὴν</strong></span> <span class='ocrx_word' id='word_1_250' title='bbox 840 1035 918 1067; x_wconf 77' lang='grc' dir='ltr'><strong>τῶν</strong></span> <span class='ocrx_word' id='word_1_251' title='bbox 935 1030 1195 1078; x_wconf 76' lang='grc' dir='ltr'><em>ἁπλουστέρων</em></span> <span class='ocrx_word' id='word_1_252' title='bbox 1211 1028 1273 1066; x_wconf 80' lang='grc' dir='ltr'><strong>αὗ-</strong></span> 
     </span>
     <span class='ocr_line' id='line_1_35' title="bbox 189 1074 1276 1132; baseline 0.001 -22"><span class='ocrx_word' id='word_1_253' title='bbox 189 1080 562 1132; x_wconf 39' lang='grc' dir='ltr'><em>τοῖςὶέπινενοημένας</em></span> <span class='ocrx_word' id='word_1_254' title='bbox 586 1074 783 1112; x_wconf 77' lang='grc' dir='ltr'><em>ἀπώλειαν.</em></span> <span class='ocrx_word' id='word_1_255' title='bbox 822 1075 909 1112; x_wconf 67' lang='lat' dir='ltr'><strong>diere</strong></span> <span class='ocrx_word' id='word_1_256' title='bbox 931 1077 1063 1132; x_wconf 69' lang='grc' dir='ltr'><em>ταύτης</em></span> <span class='ocrx_word' id='word_1_257' title='bbox 1088 1076 1276 1122; x_wconf 77' lang='grc' dir='ltr'><em>δεδομένης</em></span> 
     </span>
    </p>
   </div>
   <div class='ocr_carea' id='block_1_11' title="bbox 1343 944 2429 1125">
    <p class='ocr_par' dir='ltr' id='par_1_12' title="bbox 1343 944 2429 1125">
     <span class='ocr_line' id='line_1_36' title="bbox 1345 944 2427 990; baseline 0.004 -11"><span class='ocrx_word' id='word_1_258' title='bbox 1345 944 1538 980; x_wconf 85' lang='lat' dir='ltr'><strong>condentes</strong></span> <span class='ocrx_word' id='word_1_259' title='bbox 1571 944 1712 989; x_wconf 89' lang='lat' dir='ltr'><strong>quidem</strong></span> <span class='ocrx_word' id='word_1_260' title='bbox 1747 955 1838 989; x_wconf 90' lang='lat' dir='ltr'><strong>quae</strong></span> <span class='ocrx_word' id='word_1_261' title='bbox 1861 956 1925 990; x_wconf 92' lang='lat' dir='ltr'><strong>per</strong></span> <span class='ocrx_word' id='word_1_262' title='bbox 1949 955 2009 981; x_wconf 90' lang='lat' dir='ltr'><strong>eos</strong></span> <span class='ocrx_word' id='word_1_263' title='bbox 2034 945 2131 980; x_wconf 82' lang='lat' dir='ltr'><strong>dicta</strong></span> <span class='ocrx_word' id='word_1_264' title='bbox 2154 949 2247 988; x_wconf 88' lang='lat' dir='ltr'><strong>sunt,</strong></span> <span class='ocrx_word' id='word_1_265' title='bbox 2275 946 2427 983; x_wconf 82' lang='lat' dir='ltr'><strong>exterio-</strong></span> 
     </span>
     <span class='ocr_line' id='line_1_37' title="bbox 1344 989 2426 1035; baseline 0.002 -11"><span class='ocrx_word' id='word_1_266' title='bbox 1344 989 1442 1025; x_wconf 87' lang='lat' dir='ltr'><strong>ribus</strong></span> <span class='ocrx_word' id='word_1_267' title='bbox 1474 999 1557 1024; x_wconf 90' lang='lat' dir='ltr'><strong>vero</strong></span> <span class='ocrx_word' id='word_1_268' title='bbox 1589 989 1729 1025; x_wconf 85' lang='lat' dir='ltr'><strong>traditis</strong></span> <span class='ocrx_word' id='word_1_269' title='bbox 1754 990 1831 1025; x_wconf 91' lang='lat' dir='ltr'><strong>sine</strong></span> <span class='ocrx_word' id='word_1_270' title='bbox 1853 991 1996 1035; x_wconf 87' lang='lat' dir='ltr'><strong>scriptis</strong></span> <span class='ocrx_word' id='word_1_271' title='bbox 2019 1001 2131 1026; x_wconf 87' lang='lat' dir='ltr'><strong>novae</strong></span> <span class='ocrx_word' id='word_1_272' title='bbox 2155 991 2252 1026; x_wconf 84' lang='lat' dir='ltr'><strong>vocis</strong></span> <span class='ocrx_word' id='word_1_273' title='bbox 2276 991 2322 1026; x_wconf 87' lang='lat' dir='ltr'><strong>ad</strong></span> <span class='ocrx_word' id='word_1_274' title='bbox 2345 992 2426 1027; x_wconf 87' lang='lat' dir='ltr'><strong>sim-</strong></span> 
     </span>
     <span class='ocr_line' id='line_1_38' title="bbox 1343 1034 2429 1080; baseline 0.002 -11"><span class='ocrx_word' id='word_1_275' title='bbox 1343 1034 1486 1079; x_wconf 87' lang='lat' dir='ltr'><strong>plicium</strong></span> <span class='ocrx_word' id='word_1_276' title='bbox 1509 1034 1597 1080; x_wconf 88' lang='lat' dir='ltr'><strong>ipsis</strong></span> <span class='ocrx_word' id='word_1_277' title='bbox 1621 1034 1890 1079; x_wconf 86' lang='lat' dir='ltr'><strong>intelligentium</strong></span> <span class='ocrx_word' id='word_1_278' title='bbox 1913 1036 2163 1080; x_wconf 88' lang='lat' dir='ltr'><strong>perditionem:</strong></span> <span class='ocrx_word' id='word_1_279' title='bbox 2189 1040 2230 1070; x_wconf 90' lang='lat' dir='ltr'><strong>ut</strong></span> <span class='ocrx_word' id='word_1_280' title='bbox 2252 1036 2320 1071; x_wconf 83' lang='lat' dir='ltr'><strong>hac</strong></span> <span class='ocrx_word' id='word_1_281' title='bbox 2344 1037 2429 1072; x_wconf 89' lang='lat' dir='ltr'><strong>data</strong></span> 
     </span>
     <span class='ocr_line' id='line_1_39' title="bbox 1344 1079 2429 1125; baseline 0.002 -11"><span class='ocrx_word' id='word_1_282' title='bbox 1344 1090 1366 1114; x_wconf 92' lang='lat' dir='ltr'><strong>a</strong></span> <span class='ocrx_word' id='word_1_283' title='bbox 1396 1079 1500 1114; x_wconf 88' lang='lat' dir='ltr'><strong>nobis</strong></span> <span class='ocrx_word' id='word_1_284' title='bbox 1531 1080 1675 1114; x_wconf 89' lang='lat' dir='ltr'><strong>licentia</strong></span> <span class='ocrx_word' id='word_1_285' title='bbox 1705 1090 1822 1125; x_wconf 88' lang='lat' dir='ltr'><strong>neque</strong></span> <span class='ocrx_word' id='word_1_286' title='bbox 1845 1081 1983 1116; x_wconf 87' lang='lat' dir='ltr'><strong>damnis</strong></span> <span class='ocrx_word' id='word_1_287' title='bbox 2006 1081 2184 1125; x_wconf 87' lang='lat' dir='ltr'><strong>aliquibus</strong></span> <span class='ocrx_word' id='word_1_288' title='bbox 2208 1081 2429 1116; x_wconf 86' lang='lat' dir='ltr'><strong>subicientur</strong></span> 
     </span>
    </p>
   </div>
   <div class='ocr_carea' id='block_1_12' title="bbox 190 1120 2427 1171">
    <p class='ocr_par' dir='ltr' id='par_1_13' title="bbox 190 1120 2427 1171">
     <span class='ocr_line' id='line_1_40' title="bbox 190 1120 2427 1171; baseline 0.002 -15"><span class='ocrx_word' id='word_1_289' title='bbox 190 1135 265 1167; x_wconf 81' lang='grc' dir='ltr'><strong>παρ</strong></span> <span class='ocrx_word' id='word_1_290' title='bbox 300 1122 407 1167; x_wconf 75' lang='grc' dir='ltr'><em>ἡμῶν</em></span> <span class='ocrx_word' id='word_1_291' title='bbox 430 1125 493 1166; x_wconf 84' lang='grc' dir='ltr'><strong>τῆς</strong></span> <span class='ocrx_word' id='word_1_292' title='bbox 516 1120 634 1157; x_wconf 79' lang='grc' dir='ltr'><em>ἆὸείας</em></span> <span class='ocrx_word' id='word_1_293' title='bbox 657 1122 738 1156; x_wconf 80' lang='grc' dir='ltr'><em>οὗτε</em></span> <span class='ocrx_word' id='word_1_294' title='bbox 764 1125 903 1168; x_wconf 78' lang='grc' dir='ltr'><em>ζημίαις</em></span> <span class='ocrx_word' id='word_1_295' title='bbox 924 1126 1022 1157; x_wconf 83' lang='grc' dir='ltr'><em>τισὶν</em></span> <span class='ocrx_word' id='word_1_296' title='bbox 1038 1123 1274 1166; x_wconf 73' lang='grc' dir='ltr'><em>υπαχθήσον-</em></span> <span class='ocrx_word' id='word_1_297' title='bbox 1289 1125 1330 1158; x_wconf 87' lang='grc'><strong>20</strong></span> <span class='ocrx_word' id='word_1_298' title='bbox 1345 1124 1487 1160; x_wconf 84' lang='lat' dir='ltr'><strong>omniuo</strong></span> <span class='ocrx_word' id='word_1_299' title='bbox 1513 1125 1572 1169; x_wconf 84' lang='lat' dir='ltr'><strong>qui</strong></span> <span class='ocrx_word' id='word_1_300' title='bbox 1597 1125 1770 1160; x_wconf 79' lang='lat' dir='ltr'><strong>Graecam</strong></span> <span class='ocrx_word' id='word_1_301' title='bbox 1793 1136 1914 1161; x_wconf 87' lang='lat' dir='ltr'><strong>vocem</strong></span> <span class='ocrx_word' id='word_1_302' title='bbox 1945 1129 1981 1161; x_wconf 79' lang='lat' dir='ltr'><strong>et</strong></span> <span class='ocrx_word' id='word_1_303' title='bbox 2011 1126 2100 1161; x_wconf 82' lang='lat' dir='ltr'><strong>alias</strong></span> <span class='ocrx_word' id='word_1_304' title='bbox 2133 1125 2281 1161; x_wconf 84' lang='lat' dir='ltr'><strong>tradunt</strong></span> <span class='ocrx_word' id='word_1_305' title='bbox 2311 1137 2427 1171; x_wconf 86' lang='lat' dir='ltr'><strong>neque</strong></span> 
     </span>
    </p>
   </div>
   <div class='ocr_carea' id='block_1_13' title="bbox 190 1167 1276 1360">
    <p class='ocr_par' dir='ltr' id='par_1_14' title="bbox 190 1167 1276 1360">
     <span class='ocr_line' id='line_1_41' title="bbox 190 1167 1276 1213; baseline 0.002 -13"><span class='ocrx_word' id='word_1_306' title='bbox 190 1181 250 1200; x_wconf 86' lang='grc' dir='ltr'><strong>ται</strong></span> <span class='ocrx_word' id='word_1_307' title='bbox 281 1167 468 1202; x_wconf 79' lang='grc' dir='ltr'><em>παντελῶς</em></span> <span class='ocrx_word' id='word_1_308' title='bbox 498 1168 534 1202; x_wconf 86' lang='grc' dir='ltr'><em>οἱ</em></span> <span class='ocrx_word' id='word_1_309' title='bbox 557 1169 625 1210; x_wconf 82' lang='grc' dir='ltr'><strong>τὴν</strong></span> <span class='ocrx_word' id='word_1_310' title='bbox 659 1167 827 1210; x_wconf 67' lang='grc' dir='ltr'><em>ἑλληνιῗδα</em></span> <span class='ocrx_word' id='word_1_311' title='bbox 848 1168 976 1213; x_wconf 80' lang='grc' dir='ltr'><em>φωνην</em></span> <span class='ocrx_word' id='word_1_312' title='bbox 999 1172 1058 1202; x_wconf 83' lang='grc' dir='ltr'><strong>καὶ</strong></span> <span class='ocrx_word' id='word_1_313' title='bbox 1080 1169 1143 1202; x_wconf 87' lang='grc' dir='ltr'><strong>τὰς</strong></span> <span class='ocrx_word' id='word_1_314' title='bbox 1167 1167 1276 1202; x_wconf 80' lang='grc' dir='ltr'><em>ἄλλας</em></span> 
     </span>
     <span class='ocr_line' id='line_1_42' title="bbox 191 1210 1274 1258; baseline 0 -11"><span class='ocrx_word' id='word_1_315' title='bbox 191 1212 546 1257; x_wconf 80' lang='grc' dir='ltr'><em>παραλαμβάνοντες,</em></span> <span class='ocrx_word' id='word_1_316' title='bbox 578 1212 662 1247; x_wconf 70' lang='grc' dir='ltr'><em>οὔτε</em></span> <span class='ocrx_word' id='word_1_317' title='bbox 694 1210 777 1258; x_wconf 74' lang='grc' dir='ltr'><em>παρ’</em></span> <span class='ocrx_word' id='word_1_318' title='bbox 803 1212 1011 1248; x_wconf 80' lang='grc' dir='ltr'><em>οὑτινοςοῦν</em></span> <span class='ocrx_word' id='word_1_319' title='bbox 1041 1213 1274 1256; x_wconf 72' lang='grc' dir='ltr'><em>κωλυθήσον·</em></span> 
     </span>
     <span class='ocr_line' id='line_1_43' title="bbox 190 1255 1275 1305; baseline 0 -14"><span class='ocrx_word' id='word_1_320' title='bbox 190 1270 267 1291; x_wconf 89' lang='grc' dir='ltr'><em>ται·</em></span> <span class='ocrx_word' id='word_1_321' title='bbox 293 1256 378 1291; x_wconf 80' lang='grc' dir='ltr'><em>οὐδὲ</em></span> <span class='ocrx_word' id='word_1_322' title='bbox 402 1256 529 1292; x_wconf 80' lang='grc' dir='ltr'><em>ἄδειαν</em></span> <span class='ocrx_word' id='word_1_323' title='bbox 553 1258 695 1298; x_wconf 74' lang='grc' dir='ltr'><em>ἕξουσιν</em></span> <span class='ocrx_word' id='word_1_324' title='bbox 716 1257 750 1291; x_wconf 87' lang='grc' dir='ltr'><em>οἱ</em></span> <span class='ocrx_word' id='word_1_325' title='bbox 767 1255 850 1303; x_wconf 77' lang='grc' dir='ltr'><em>παρ’</em></span> <span class='ocrx_word' id='word_1_326' title='bbox 873 1256 992 1293; x_wconf 80' lang='grc' dir='ltr'><em>αὐτοῖς</em></span> <span class='ocrx_word' id='word_1_327' title='bbox 1009 1258 1275 1305; x_wconf 83' lang='grc' dir='ltr'><em>ἀρχιφερεκῖται</em></span> 
     </span>
     <span class='ocr_line' id='line_1_44' title="bbox 190 1299 1276 1360; baseline 0 -24"><span class='ocrx_word' id='word_1_328' title='bbox 190 1299 214 1344; x_wconf 80' lang='grc' dir='ltr'><em>ἢ</em></span> <span class='ocrx_word' id='word_1_329' title='bbox 246 1302 484 1349; x_wconf 85' lang='grc' dir='ltr'><em>πρεσβύτεροι</em></span> <span class='ocrx_word' id='word_1_330' title='bbox 515 1302 671 1360; x_wconf 53' lang='lat' dir='ltr'><strong>&#39;cvzbv’r&#39;i</strong></span> <span class='ocrx_word' id='word_1_331' title='bbox 696 1301 908 1338; x_wconf 80' lang='grc' dir='ltr'><em>διδάσκαλοι</em></span> <span class='ocrx_word' id='word_1_332' title='bbox 932 1305 1170 1350; x_wconf 76' lang='grc' dir='ltr'><em>προςαγορευό</em></span> <span class='ocrx_word' id='word_1_333' title='bbox 1201 1316 1276 1337; x_wconf 90' lang='grc' dir='ltr'><em>ενοι</em></span> 
     </span>
    </p>
   </div>
   <div class='ocr_carea' id='block_1_14' title="bbox 1344 1170 2428 1351">
    <p class='ocr_par' dir='ltr' id='par_1_15' title="bbox 1344 1170 2428 1351">
     <span class='ocr_line' id='line_1_45' title="bbox 1344 1170 2428 1214; baseline 0.001 -9"><span class='ocrx_word' id='word_1_334' title='bbox 1344 1170 1390 1205; x_wconf 87' lang='lat' dir='ltr'><strong>ab</strong></span> <span class='ocrx_word' id='word_1_335' title='bbox 1414 1170 1534 1214; x_wconf 86' lang='lat' dir='ltr'><strong>aliquo</strong></span> <span class='ocrx_word' id='word_1_336' title='bbox 1558 1170 1812 1214; x_wconf 87' lang='lat' dir='ltr'><strong>prohibentur;</strong></span> <span class='ocrx_word' id='word_1_337' title='bbox 1844 1181 1959 1214; x_wconf 90' lang='lat' dir='ltr'><strong>neque</strong></span> <span class='ocrx_word' id='word_1_338' title='bbox 1982 1171 2161 1206; x_wconf 89' lang='lat' dir='ltr'><strong>licentiam</strong></span> <span class='ocrx_word' id='word_1_339' title='bbox 2184 1171 2368 1206; x_wconf 89' lang='lat' dir='ltr'><strong>habebunt</strong></span> <span class='ocrx_word' id='word_1_340' title='bbox 2391 1171 2428 1206; x_wconf 91' lang='lat' dir='ltr'><strong>hi</strong></span> 
     </span>
     <span class='ocr_line' id='line_1_46' title="bbox 1345 1215 2427 1261; baseline 0.002 -12"><span class='ocrx_word' id='word_1_341' title='bbox 1345 1215 1406 1259; x_wconf 90' lang='lat' dir='ltr'><strong>qui</strong></span> <span class='ocrx_word' id='word_1_342' title='bbox 1421 1215 1465 1249; x_wconf 92' lang='lat' dir='ltr'><strong>ab</strong></span> <span class='ocrx_word' id='word_1_343' title='bbox 1483 1215 1534 1250; x_wconf 91' lang='lat' dir='ltr'><strong>eis</strong></span> <span class='ocrx_word' id='word_1_344' title='bbox 1546 1215 1699 1251; x_wconf 89' lang='lat' dir='ltr'><strong>maiores</strong></span> <span class='ocrx_word' id='word_1_345' title='bbox 1712 1216 1875 1251; x_wconf 87' lang='lat' dir='ltr'><strong>omnibus</strong></span> <span class='ocrx_word' id='word_1_346' title='bbox 1888 1216 2194 1260; x_wconf 86' lang='lat' dir='ltr'><strong>archipherecitae</strong></span> <span class='ocrx_word' id='word_1_347' title='bbox 2205 1217 2268 1250; x_wconf 92' lang='lat' dir='ltr'><strong>aut</strong></span> <span class='ocrx_word' id='word_1_348' title='bbox 2279 1217 2427 1261; x_wconf 85' lang='lat' dir='ltr'><strong>presby-</strong></span> 
     </span>
     <span class='ocr_line' id='line_1_47' title="bbox 1344 1259 2428 1306; baseline 0.003 -12"><span class='ocrx_word' id='word_1_349' title='bbox 1344 1260 1412 1295; x_wconf 90' lang='lat' dir='ltr'><strong>teri</strong></span> <span class='ocrx_word' id='word_1_350' title='bbox 1435 1259 1587 1295; x_wconf 86' lang='lat' dir='ltr'><strong>forsitan</strong></span> <span class='ocrx_word' id='word_1_351' title='bbox 1610 1263 1673 1294; x_wconf 88' lang='lat' dir='ltr'><strong>aut</strong></span> <span class='ocrx_word' id='word_1_352' title='bbox 1692 1261 1852 1305; x_wconf 86' lang='lat' dir='ltr'><strong>magistri</strong></span> <span class='ocrx_word' id='word_1_353' title='bbox 1868 1261 2039 1305; x_wconf 88' lang='lat' dir='ltr'><strong>appellati</strong></span> <span class='ocrx_word' id='word_1_354' title='bbox 2057 1260 2233 1305; x_wconf 87' lang='lat' dir='ltr'><strong>perinoeis</strong></span> <span class='ocrx_word' id='word_1_355' title='bbox 2251 1261 2428 1306; x_wconf 86' lang='lat' dir='ltr'><strong>aliquibus</strong></span> 
     </span>
     <span class='ocr_line' id='line_1_48' title="bbox 1344 1305 2426 1351; baseline 0.003 -12"><span class='ocrx_word' id='word_1_356' title='bbox 1344 1308 1407 1340; x_wconf 91' lang='lat' dir='ltr'><strong>aut</strong></span> <span class='ocrx_word' id='word_1_357' title='bbox 1429 1305 1734 1341; x_wconf 87' lang='lat' dir='ltr'><strong>anathematismis</strong></span> <span class='ocrx_word' id='word_1_358' title='bbox 1759 1308 1829 1341; x_wconf 92' lang='lat' dir='ltr'><strong>hoc</strong></span> <span class='ocrx_word' id='word_1_359' title='bbox 1845 1307 2044 1351; x_wconf 90' lang='lat' dir='ltr'><strong>prohibere.</strong></span> <span class='ocrx_word' id='word_1_360' title='bbox 2070 1305 2139 1341; x_wconf 89' lang='lat' dir='ltr'><strong>nisi</strong></span> <span class='ocrx_word' id='word_1_361' title='bbox 2154 1305 2264 1341; x_wconf 83' lang='lat' dir='ltr'><strong>velint</strong></span> <span class='ocrx_word' id='word_1_362' title='bbox 2278 1308 2426 1351; x_wconf 88' lang='lat' dir='ltr'><strong>propter</strong></span> 
     </span>
    </p>
   </div>
   <div class='ocr_carea' id='block_1_15' title="bbox 191 1349 2427 1396">
    <p class='ocr_par' dir='ltr' id='par_1_16' title="bbox 191 1349 2427 1396">
     <span class='ocr_line' id='line_1_49' title="bbox 191 1349 2427 1396; baseline 0.001 -13"><span class='ocrx_word' id='word_1_363' title='bbox 191 1352 389 1392; x_wconf 73' lang='grc' dir='ltr'><em>περινοίαις</em></span> <span class='ocrx_word' id='word_1_364' title='bbox 426 1352 524 1382; x_wconf 80' lang='grc' dir='ltr'><em>τισὶν</em></span> <span class='ocrx_word' id='word_1_365' title='bbox 562 1363 583 1391; x_wconf 86' lang='grc' dir='ltr'><em>η</em></span> <span class='ocrx_word' id='word_1_366' title='bbox 621 1349 931 1393; x_wconf 71' lang='grc' dir='ltr'><em>οναθεματισμοῖς</em></span> <span class='ocrx_word' id='word_1_367' title='bbox 967 1362 1075 1383; x_wconf 70' lang='grc' dir='ltr'><em>τουτο</em></span> <span class='ocrx_word' id='word_1_368' title='bbox 1112 1362 1164 1383; x_wconf 80' lang='grc' dir='ltr'><strong>κω</strong></span> <span class='ocrx_word' id='word_1_369' title='bbox 1189 1349 1275 1392; x_wconf 82' lang='grc' dir='ltr'><em>ύειν,</em></span> <span class='ocrx_word' id='word_1_370' title='bbox 1289 1351 1330 1383; x_wconf 83' lang='grc'><strong>25</strong></span> <span class='ocrx_word' id='word_1_371' title='bbox 1345 1360 1406 1386; x_wconf 91' lang='lat' dir='ltr'><strong>eos</strong></span> <span class='ocrx_word' id='word_1_372' title='bbox 1441 1349 1605 1394; x_wconf 84' lang='lat' dir='ltr'><strong>castigati</strong></span> <span class='ocrx_word' id='word_1_373' title='bbox 1638 1351 1799 1395; x_wconf 88' lang='lat' dir='ltr'><strong>corporis</strong></span> <span class='ocrx_word' id='word_1_374' title='bbox 1823 1352 1948 1396; x_wconf 89' lang='lat' dir='ltr'><strong>poenis</strong></span> <span class='ocrx_word' id='word_1_375' title='bbox 1971 1354 2007 1386; x_wconf 91' lang='lat' dir='ltr'><strong>et</strong></span> <span class='ocrx_word' id='word_1_376' title='bbox 2029 1351 2177 1395; x_wconf 85' lang='lat' dir='ltr'><strong>insuper</strong></span> <span class='ocrx_word' id='word_1_377' title='bbox 2200 1352 2289 1386; x_wconf 88' lang='lat' dir='ltr'><strong>haec</strong></span> <span class='ocrx_word' id='word_1_378' title='bbox 2312 1352 2427 1396; x_wconf 88' lang='lat' dir='ltr'><strong>priva-</strong></span> 
     </span>
    </p>
   </div>
   <div class='ocr_carea' id='block_1_16' title="bbox 191 1390 1277 1573">
    <p class='ocr_par' dir='ltr' id='par_1_17' title="bbox 191 1390 1277 1573">
     <span class='ocr_line' id='line_1_50' title="bbox 191 1390 1276 1439; baseline 0.001 -12"><span class='ocrx_word' id='word_1_379' title='bbox 191 1392 288 1436; x_wconf 79' lang='grc' dir='ltr'><em>πλὴν</em></span> <span class='ocrx_word' id='word_1_380' title='bbox 310 1394 341 1426; x_wconf 86' lang='grc' dir='ltr'><strong>εἰ</strong></span> <span class='ocrx_word' id='word_1_381' title='bbox 363 1393 411 1436; x_wconf 89' lang='grc' dir='ltr'><strong>μὴ</strong></span> <span class='ocrx_word' id='word_1_382' title='bbox 436 1393 628 1437; x_wconf 84' lang='grc' dir='ltr'><em>βούλοιντο</em></span> <span class='ocrx_word' id='word_1_383' title='bbox 653 1390 696 1427; x_wconf 81' lang='grc' dir='ltr'><em>δι’</em></span> <span class='ocrx_word' id='word_1_384' title='bbox 724 1391 847 1428; x_wconf 79' lang='grc' dir='ltr'><em>αὐτῶν</em></span> <span class='ocrx_word' id='word_1_385' title='bbox 872 1393 1182 1439; x_wconf 81' lang='grc' dir='ltr'><em>σωφρονιζόμενοι</em></span> <span class='ocrx_word' id='word_1_386' title='bbox 1199 1395 1276 1428; x_wconf 80' lang='grc' dir='ltr'><strong>τῶν</strong></span> 
     </span>
     <span class='ocr_line' id='line_1_51' title="bbox 192 1434 1275 1485; baseline 0.002 -14"><span class='ocrx_word' id='word_1_387' title='bbox 192 1439 239 1471; x_wconf 85' lang='grc' dir='ltr'><strong>εἰς</strong></span> <span class='ocrx_word' id='word_1_388' title='bbox 270 1439 373 1482; x_wconf 80' lang='grc' dir='ltr'><em>σῶμα</em></span> <span class='ocrx_word' id='word_1_389' title='bbox 404 1439 546 1472; x_wconf 81' lang='grc' dir='ltr'><em>ποινῶν</em></span> <span class='ocrx_word' id='word_1_390' title='bbox 575 1442 635 1472; x_wconf 84' lang='grc' dir='ltr'><strong>καὶ</strong></span> <span class='ocrx_word' id='word_1_391' title='bbox 658 1438 748 1484; x_wconf 82' lang='grc' dir='ltr'><em>πρός</em></span> <span class='ocrx_word' id='word_1_392' title='bbox 771 1452 811 1485; x_wconf 80' lang='grc' dir='ltr'><strong>γε</strong></span> <span class='ocrx_word' id='word_1_393' title='bbox 834 1436 1094 1484; x_wconf 69' lang='grc' dir='ltr'><em>ἀφαιρούμενοι</em></span> <span class='ocrx_word' id='word_1_394' title='bbox 1118 1440 1196 1473; x_wconf 81' lang='grc' dir='ltr'><strong>τῶν</strong></span> <span class='ocrx_word' id='word_1_395' title='bbox 1219 1434 1275 1472; x_wconf 74' lang='grc' dir='ltr'><em>οὗ·</em></span> 
     </span>
     <span class='ocr_line' id='line_1_52' title="bbox 192 1482 1277 1531; baseline 0.002 -15"><span class='ocrx_word' id='word_1_396' title='bbox 192 1484 284 1516; x_wconf 81' lang='grc' dir='ltr'><em>σιῶν</em></span> <span class='ocrx_word' id='word_1_397' title='bbox 307 1483 453 1517; x_wconf 72' lang='grc' dir='ltr'><em>ἄκοντες</em></span> <span class='ocrx_word' id='word_1_398' title='bbox 474 1482 659 1518; x_wconf 79' lang='grc' dir='ltr'><em>ἐνδιδόναι</em></span> <span class='ocrx_word' id='word_1_399' title='bbox 682 1483 852 1518; x_wconf 75' lang='grc' dir='ltr'><em>καλλίονα</em></span> <span class='ocrx_word' id='word_1_400' title='bbox 876 1497 916 1518; x_wconf 74' lang='grc' dir='ltr'><strong>τε</strong></span> <span class='ocrx_word' id='word_1_401' title='bbox 939 1488 999 1518; x_wconf 81' lang='grc' dir='ltr'><em>καὶ</em></span> <span class='ocrx_word' id='word_1_402' title='bbox 1015 1484 1277 1531; x_wconf 75' lang='grc' dir='ltr'><em>θεοφιλέστερα</em></span> 
     </span>
     <span class='ocr_line' id='line_1_53' title="bbox 191 1527 910 1573; baseline 0.003 -12"><span class='ocrx_word' id='word_1_403' title='bbox 191 1527 420 1573; x_wconf 75' lang='grc' dir='ltr'><em>βουλομένοις</em></span> <span class='ocrx_word' id='word_1_404' title='bbox 442 1541 482 1563; x_wconf 84' lang='grc' dir='ltr'><strong>τε</strong></span> <span class='ocrx_word' id='word_1_405' title='bbox 504 1527 592 1573; x_wconf 75' lang='grc' dir='ltr'><em>ἡμῖν</em></span> <span class='ocrx_word' id='word_1_406' title='bbox 614 1533 674 1562; x_wconf 85' lang='grc' dir='ltr'><strong>καὶ</strong></span> <span class='ocrx_word' id='word_1_407' title='bbox 698 1528 910 1563; x_wconf 82' lang='grc' dir='ltr'><em>κελεύουσιν.</em></span> 
     </span>
    </p>
   </div>
   <div class='ocr_carea' id='block_1_17' title="bbox 1344 1395 2427 1478">
    <p class='ocr_par' dir='ltr' id='par_1_18' title="bbox 1344 1395 2427 1478">
     <span class='ocr_line' id='line_1_54' title="bbox 1344 1395 2427 1439; baseline 0.001 -9"><span class='ocrx_word' id='word_1_408' title='bbox 1344 1396 1476 1431; x_wconf 89' lang='lat' dir='ltr'><strong>tionem</strong></span> <span class='ocrx_word' id='word_1_409' title='bbox 1505 1395 1719 1430; x_wconf 85' lang='lat' dir='ltr'><strong>facultatum</strong></span> <span class='ocrx_word' id='word_1_410' title='bbox 1751 1397 1911 1431; x_wconf 88' lang='lat' dir='ltr'><strong>nolentes</strong></span> <span class='ocrx_word' id='word_1_411' title='bbox 1945 1396 2140 1439; x_wconf 87' lang='lat' dir='ltr'><strong>sustinere,</strong></span> <span class='ocrx_word' id='word_1_412' title='bbox 2171 1396 2318 1431; x_wconf 87' lang='lat' dir='ltr'><strong>meliora</strong></span> <span class='ocrx_word' id='word_1_413' title='bbox 2344 1406 2427 1432; x_wconf 86' lang='lat' dir='ltr'><strong>vero</strong></span> 
     </span>
     <span class='ocr_line' id='line_1_55' title="bbox 1345 1440 2352 1478; baseline 0.001 -2"><span class='ocrx_word' id='word_1_414' title='bbox 1345 1443 1382 1476; x_wconf 91' lang='lat' dir='ltr'><strong>et</strong></span> <span class='ocrx_word' id='word_1_415' title='bbox 1406 1441 1472 1477; x_wconf 90' lang='lat' dir='ltr'><strong>deo</strong></span> <span class='ocrx_word' id='word_1_416' title='bbox 1495 1440 1704 1476; x_wconf 90' lang='lat' dir='ltr'><strong>amabiliora</strong></span> <span class='ocrx_word' id='word_1_417' title='bbox 1727 1442 1928 1478; x_wconf 86' lang='lat' dir='ltr'><strong>volentibus</strong></span> <span class='ocrx_word' id='word_1_418' title='bbox 1952 1441 2055 1478; x_wconf 89' lang='lat' dir='ltr'><strong>nobis</strong></span> <span class='ocrx_word' id='word_1_419' title='bbox 2079 1444 2116 1476; x_wconf 86' lang='lat' dir='ltr'><strong>et</strong></span> <span class='ocrx_word' id='word_1_420' title='bbox 2137 1441 2352 1477; x_wconf 88' lang='lat' dir='ltr'><strong>iubentibus.</strong></span> 
     </span>
    </p>
   </div>
   <div class='ocr_carea' id='block_1_18' title="bbox 237 1597 2428 1719">
    <p class='ocr_par' dir='ltr' id='par_1_19' title="bbox 237 1597 2428 1719">
     <span class='ocr_line' id='line_1_56' title="bbox 1198 1597 1426 1634; baseline 0 -1"><span class='ocrx_word' id='word_1_421' title='bbox 1198 1597 1356 1634; x_wconf 89' lang='lat' dir='ltr'>CAPUT</span> <span class='ocrx_word' id='word_1_422' title='bbox 1379 1598 1426 1633; x_wconf 90' lang='lat' dir='ltr'><strong>II.</strong></span> 
     </span>
     <span class='ocr_line' id='line_1_57' title="bbox 237 1660 2428 1719; baseline 0.003 -23"><span class='ocrx_word' id='word_1_423' title='bbox 237 1664 290 1697; x_wconf 82' lang='grc' dir='ltr'><strong>Εἴ</strong></span> <span class='ocrx_word' id='word_1_424' title='bbox 314 1674 408 1698; x_wconf 81' lang='grc' dir='ltr'><em>τινες</em></span> <span class='ocrx_word' id='word_1_425' title='bbox 439 1661 479 1697; x_wconf 75' lang='grc' dir='ltr'><strong>δὲ</strong></span> <span class='ocrx_word' id='word_1_426' title='bbox 509 1660 591 1708; x_wconf 81' lang='grc' dir='ltr'><em>παρ’</em></span> <span class='ocrx_word' id='word_1_427' title='bbox 609 1661 746 1718; x_wconf 58' lang='grc' dir='ltr'><strong>Ἀοιιξνιοῖς</strong></span> <span class='ocrx_word' id='word_1_428' title='bbox 770 1668 992 1718; x_wconf 52' lang='grc' dir='ltr'><em>κενοφξυνίας</em></span> <span class='ocrx_word' id='word_1_429' title='bbox 1015 1662 1145 1719; x_wconf 51' lang='grc' dir='ltr'><em>ἀθέους</em></span> <span class='ocrx_word' id='word_1_430' title='bbox 1165 1666 1272 1700; x_wconf 77' lang='grc' dir='ltr'><em>ἐπεις-</em></span> <span class='ocrx_word' id='word_1_431' title='bbox 1289 1668 1332 1700; x_wconf 84' lang='grc'><strong>30</strong></span> <span class='ocrx_word' id='word_1_432' title='bbox 1390 1665 1428 1700; x_wconf 85' lang='lat' dir='ltr'><strong>Si</strong></span> <span class='ocrx_word' id='word_1_433' title='bbox 1460 1665 1601 1709; x_wconf 87' lang='lat' dir='ltr'><strong>quidam</strong></span> <span class='ocrx_word' id='word_1_434' title='bbox 1629 1675 1712 1701; x_wconf 89' lang='lat' dir='ltr'><strong>vero</strong></span> <span class='ocrx_word' id='word_1_435' title='bbox 1743 1666 1841 1710; x_wconf 83' lang='lat' dir='ltr'><strong>apud</strong></span> <span class='ocrx_word' id='word_1_436' title='bbox 1865 1675 1926 1701; x_wconf 86' lang='lat' dir='ltr'><strong>eos</strong></span> <span class='ocrx_word' id='word_1_437' title='bbox 1949 1675 2062 1702; x_wconf 82' lang='lat' dir='ltr'><strong>vanae</strong></span> <span class='ocrx_word' id='word_1_438' title='bbox 2080 1665 2178 1701; x_wconf 89' lang='lat' dir='ltr'><strong>vocis</strong></span> <span class='ocrx_word' id='word_1_439' title='bbox 2202 1665 2344 1711; x_wconf 88' lang='lat' dir='ltr'><strong>eloquia</strong></span> <span class='ocrx_word' id='word_1_440' title='bbox 2366 1666 2428 1702; x_wconf 91' lang='lat' dir='ltr'><strong>im-</strong></span> 
     </span>
    </p>
   </div>
   <div class='ocr_carea' id='block_1_19' title="bbox 193 1708 1276 1889">
    <p class='ocr_par' dir='ltr' id='par_1_20' title="bbox 193 1708 1276 1889">
     <span class='ocr_line' id='line_1_58' title="bbox 193 1708 1276 1756; baseline 0.003 -16"><span class='ocrx_word' id='word_1_441' title='bbox 193 1708 296 1753; x_wconf 77' lang='grc' dir='ltr'><em>οίγειν</em></span> <span class='ocrx_word' id='word_1_442' title='bbox 320 1708 573 1754; x_wconf 80' lang='grc' dir='ltr'><em>ἐγχειρήσαιεν,</em></span> <span class='ocrx_word' id='word_1_443' title='bbox 602 1722 623 1750; x_wconf 88' lang='grc' dir='ltr'><em>η</em></span> <span class='ocrx_word' id='word_1_444' title='bbox 648 1709 851 1742; x_wconf 85' lang='grc' dir='ltr'><em>ανάστασιν</em></span> <span class='ocrx_word' id='word_1_445' title='bbox 875 1724 896 1751; x_wconf 90' lang='grc' dir='ltr'><em>η</em></span> <span class='ocrx_word' id='word_1_446' title='bbox 922 1713 1040 1754; x_wconf 83' lang='grc' dir='ltr'><em>κρίσιν</em></span> <span class='ocrx_word' id='word_1_447' title='bbox 1063 1710 1276 1756; x_wconf 83' lang='grc' dir='ltr'><em>αρνούμενοι</em></span> 
     </span>
     <span class='ocr_line' id='line_1_59' title="bbox 193 1750 1276 1800; baseline 0.001 -14"><span class='ocrx_word' id='word_1_448' title='bbox 193 1750 217 1795; x_wconf 80' lang='grc' dir='ltr'><em>ἢ</em></span> <span class='ocrx_word' id='word_1_449' title='bbox 250 1753 294 1786; x_wconf 87' lang='grc' dir='ltr'><em>τὸ</em></span> <span class='ocrx_word' id='word_1_450' title='bbox 331 1757 468 1796; x_wconf 86' lang='grc' dir='ltr'><em>ποίημα</em></span> <span class='ocrx_word' id='word_1_451' title='bbox 502 1754 566 1786; x_wconf 84' lang='grc' dir='ltr'><strong>τοῦ</strong></span> <span class='ocrx_word' id='word_1_452' title='bbox 600 1753 691 1787; x_wconf 76' lang='grc' dir='ltr'><em>θεοῦ</em></span> <span class='ocrx_word' id='word_1_453' title='bbox 725 1756 786 1786; x_wconf 81' lang='grc' dir='ltr'><strong>καὶ</strong></span> <span class='ocrx_word' id='word_1_454' title='bbox 821 1758 954 1796; x_wconf 80' lang='grc' dir='ltr'><em>κτίσμα</em></span> <span class='ocrx_word' id='word_1_455' title='bbox 989 1753 1071 1787; x_wconf 79' lang='grc' dir='ltr'><em>τοὺς</em></span> <span class='ocrx_word' id='word_1_456' title='bbox 1110 1752 1276 1800; x_wconf 75' lang='grc' dir='ltr'><em>ἀγγέλους</em></span> 
     </span>
     <span class='ocr_line' id='line_1_60' title="bbox 195 1795 1276 1842; baseline 0.002 -12"><span class='ocrx_word' id='word_1_457' title='bbox 195 1795 379 1842; x_wconf 70' lang='grc' dir='ltr'><em>ὑπάρχειν,</em></span> <span class='ocrx_word' id='word_1_458' title='bbox 405 1795 551 1831; x_wconf 77' lang='grc' dir='ltr'><em>τούτους</em></span> <span class='ocrx_word' id='word_1_459' title='bbox 567 1801 626 1830; x_wconf 80' lang='grc' dir='ltr'><strong>καὶ</strong></span> <span class='ocrx_word' id='word_1_460' title='bbox 643 1795 918 1832; x_wconf 75' lang='grc' dir='ltr'><em>ἀπελαύνεσθαι</em></span> <span class='ocrx_word' id='word_1_461' title='bbox 934 1797 1145 1842; x_wconf 74' lang='grc' dir='ltr'><em>βουλόμεθα</em></span> <span class='ocrx_word' id='word_1_462' title='bbox 1160 1796 1276 1833; x_wconf 87' lang='grc' dir='ltr'><em>τόπου</em></span> 
     </span>
     <span class='ocr_line' id='line_1_61' title="bbox 194 1840 1276 1889; baseline 0 -13"><span class='ocrx_word' id='word_1_463' title='bbox 194 1843 331 1877; x_wconf 80' lang='grc' dir='ltr'><em>παντὸς</em></span> <span class='ocrx_word' id='word_1_464' title='bbox 361 1845 421 1876; x_wconf 83' lang='grc' dir='ltr'><strong>καὶ</strong></span> <span class='ocrx_word' id='word_1_465' title='bbox 450 1841 501 1886; x_wconf 86' lang='grc' dir='ltr'><strong>μὴ</strong></span> <span class='ocrx_word' id='word_1_466' title='bbox 533 1840 680 1887; x_wconf 75' lang='grc' dir='ltr'><em>ἀφιέναι</em></span> <span class='ocrx_word' id='word_1_467' title='bbox 712 1843 840 1887; x_wconf 85' lang='grc' dir='ltr'><em>φωνὴν</em></span> <span class='ocrx_word' id='word_1_468' title='bbox 863 1840 1076 1889; x_wconf 81' lang='grc' dir='ltr'><em>βλάσφημον</em></span> <span class='ocrx_word' id='word_1_469' title='bbox 1100 1840 1197 1877; x_wconf 72' lang='grc' dir='ltr'><em>οὕτω</em></span> <span class='ocrx_word' id='word_1_470' title='bbox 1217 1846 1276 1876; x_wconf 84' lang='grc' dir='ltr'><strong>καὶ</strong></span> 
     </span>
    </p>
   </div>
   <div class='ocr_carea' id='block_1_20' title="bbox 1342 1710 2430 1889">
    <p class='ocr_par' dir='ltr' id='par_1_21' title="bbox 1342 1710 2430 1889">
     <span class='ocr_line' id='line_1_62' title="bbox 1344 1710 2430 1755; baseline 0.002 -10"><span class='ocrx_word' id='word_1_471' title='bbox 1344 1710 1404 1754; x_wconf 89' lang='lat' dir='ltr'><strong>pia</strong></span> <span class='ocrx_word' id='word_1_472' title='bbox 1437 1710 1571 1746; x_wconf 86' lang='lat' dir='ltr'><strong>inferre</strong></span> <span class='ocrx_word' id='word_1_473' title='bbox 1604 1710 1928 1755; x_wconf 90' lang='lat' dir='ltr'><strong>praesumpserint,</strong></span> <span class='ocrx_word' id='word_1_474' title='bbox 1964 1714 2027 1746; x_wconf 90' lang='lat' dir='ltr'><strong>aut</strong></span> <span class='ocrx_word' id='word_1_475' title='bbox 2060 1711 2358 1747; x_wconf 88' lang='lat' dir='ltr'><strong>resurrectionem</strong></span> <span class='ocrx_word' id='word_1_476' title='bbox 2394 1714 2430 1747; x_wconf 89' lang='lat' dir='ltr'><strong>et</strong></span> 
     </span>
     <span class='ocr_line' id='line_1_63' title="bbox 1342 1754 2429 1798; baseline 0.002 -9"><span class='ocrx_word' id='word_1_477' title='bbox 1342 1754 1512 1790; x_wconf 88' lang='lat' dir='ltr'><strong>iudicium</strong></span> <span class='ocrx_word' id='word_1_478' title='bbox 1544 1765 1674 1798; x_wconf 85' lang='lat' dir='ltr'><strong>negare</strong></span> <span class='ocrx_word' id='word_1_479' title='bbox 1704 1757 1768 1790; x_wconf 92' lang='lat' dir='ltr'><strong>aut</strong></span> <span class='ocrx_word' id='word_1_480' title='bbox 1801 1756 1978 1790; x_wconf 86' lang='lat' dir='ltr'><strong>facturam</strong></span> <span class='ocrx_word' id='word_1_481' title='bbox 2002 1756 2060 1790; x_wconf 89' lang='lat' dir='ltr'><strong>dei</strong></span> <span class='ocrx_word' id='word_1_482' title='bbox 2083 1758 2119 1791; x_wconf 89' lang='lat' dir='ltr'><strong>et</strong></span> <span class='ocrx_word' id='word_1_483' title='bbox 2143 1759 2342 1791; x_wconf 88' lang='lat' dir='ltr'><strong>creaturam</strong></span> <span class='ocrx_word' id='word_1_484' title='bbox 2365 1766 2429 1792; x_wconf 90' lang='lat' dir='ltr'><strong>an·</strong></span> 
     </span>
     <span class='ocr_line' id='line_1_64' title="bbox 1343 1799 2430 1845; baseline 0.003 -12"><span class='ocrx_word' id='word_1_485' title='bbox 1343 1799 1442 1843; x_wconf 87' lang='lat' dir='ltr'><strong>gelos</strong></span> <span class='ocrx_word' id='word_1_486' title='bbox 1473 1799 1688 1842; x_wconf 85' lang='lat' dir='ltr'><strong>subsistere,</strong></span> <span class='ocrx_word' id='word_1_487' title='bbox 1722 1800 1788 1834; x_wconf 90' lang='lat' dir='ltr'><strong>hos</strong></span> <span class='ocrx_word' id='word_1_488' title='bbox 1819 1803 1854 1835; x_wconf 89' lang='lat' dir='ltr'><strong>et</strong></span> <span class='ocrx_word' id='word_1_489' title='bbox 1885 1800 2013 1845; x_wconf 87' lang='lat' dir='ltr'><strong>expelli</strong></span> <span class='ocrx_word' id='word_1_490' title='bbox 2041 1801 2203 1835; x_wconf 88' lang='lat' dir='ltr'><strong>volumus</strong></span> <span class='ocrx_word' id='word_1_491' title='bbox 2230 1801 2310 1835; x_wconf 92' lang='lat' dir='ltr'><strong>loco</strong></span> <span class='ocrx_word' id='word_1_492' title='bbox 2334 1801 2430 1836; x_wconf 90' lang='lat' dir='ltr'><strong>omni</strong></span> 
     </span>
     <span class='ocr_line' id='line_1_65' title="bbox 1344 1844 2430 1889; baseline 0.001 -10"><span class='ocrx_word' id='word_1_493' title='bbox 1344 1848 1381 1879; x_wconf 89' lang='lat' dir='ltr'><strong>et</strong></span> <span class='ocrx_word' id='word_1_494' title='bbox 1412 1854 1483 1878; x_wconf 93' lang='lat' dir='ltr'><strong>non</strong></span> <span class='ocrx_word' id='word_1_495' title='bbox 1513 1844 1664 1888; x_wconf 88' lang='lat' dir='ltr'><strong>relinqui</strong></span> <span class='ocrx_word' id='word_1_496' title='bbox 1694 1854 1817 1879; x_wconf 87' lang='lat' dir='ltr'><strong>vocem</strong></span> <span class='ocrx_word' id='word_1_497' title='bbox 1849 1845 2092 1889; x_wconf 86' lang='lat' dir='ltr'><strong>blasphemam</strong></span> <span class='ocrx_word' id='word_1_498' title='bbox 2122 1848 2158 1879; x_wconf 92' lang='lat' dir='ltr'><strong>et</strong></span> <span class='ocrx_word' id='word_1_499' title='bbox 2187 1855 2209 1879; x_wconf 89' lang='lat' dir='ltr'><strong>a</strong></span> <span class='ocrx_word' id='word_1_500' title='bbox 2240 1845 2296 1880; x_wconf 88' lang='lat' dir='ltr'><strong>dei</strong></span> <span class='ocrx_word' id='word_1_501' title='bbox 2321 1846 2430 1880; x_wconf 89' lang='lat' dir='ltr'><strong>semel</strong></span> 
     </span>
    </p>
   </div>
   <div class='ocr_carea' id='block_1_21' title="bbox 195 1884 2429 1936">
    <p class='ocr_par' dir='ltr' id='par_1_22' title="bbox 195 1884 2429 1936">
     <span class='ocr_line' id='line_1_66' title="bbox 195 1884 2429 1936; baseline 0.003 -17"><span class='ocrx_word' id='word_1_502' title='bbox 195 1884 304 1930; x_wconf 70' lang='grc' dir='ltr'><em>αὐτῆς</em></span> <span class='ocrx_word' id='word_1_503' title='bbox 335 1888 397 1930; x_wconf 78' lang='grc' dir='ltr'><strong>τῆς</strong></span> <span class='ocrx_word' id='word_1_504' title='bbox 426 1891 508 1932; x_wconf 80' lang='grc' dir='ltr'><em>περὶ</em></span> <span class='ocrx_word' id='word_1_505' title='bbox 540 1887 632 1921; x_wconf 70' lang='grc' dir='ltr'><em>θεοῦ</em></span> <span class='ocrx_word' id='word_1_506' title='bbox 660 1886 840 1927; x_wconf 67' lang='grc' dir='ltr'><em>καθάπαξ</em></span> <span class='ocrx_word' id='word_1_507' title='bbox 864 1885 1159 1931; x_wconf 74' lang='grc' dir='ltr'><em>ἐξολισθήσασαν</em></span> <span class='ocrx_word' id='word_1_508' title='bbox 1180 1889 1273 1934; x_wconf 58' lang='lat' dir='ltr'><strong>yme—</strong></span> <span class='ocrx_word' id='word_1_509' title='bbox 1289 1891 1330 1923; x_wconf 87' lang='lat'><strong>35</strong></span> <span class='ocrx_word' id='word_1_510' title='bbox 1344 1890 1480 1934; x_wconf 88' lang='lat' dir='ltr'><strong>lapsam</strong></span> <span class='ocrx_word' id='word_1_511' title='bbox 1503 1888 1642 1924; x_wconf 88' lang='lat' dir='ltr'><strong>notitia.</strong></span> <span class='ocrx_word' id='word_1_512' title='bbox 1678 1888 1950 1924; x_wconf 88' lang='lat' dir='ltr'><strong>Praesumentes</strong></span> <span class='ocrx_word' id='word_1_513' title='bbox 1975 1889 2066 1924; x_wconf 91' lang='lat' dir='ltr'><strong>enim</strong></span> <span class='ocrx_word' id='word_1_514' title='bbox 2090 1899 2151 1925; x_wconf 87' lang='lat' dir='ltr'><strong>eos</strong></span> <span class='ocrx_word' id='word_1_515' title='bbox 2171 1889 2273 1924; x_wconf 87' lang='lat' dir='ltr'><strong>affari</strong></span> <span class='ocrx_word' id='word_1_516' title='bbox 2296 1890 2429 1936; x_wconf 88' lang='lat' dir='ltr'><strong>aliquid</strong></span> 
     </span>
    </p>
   </div>
   <div class='ocr_carea' id='block_1_22' title="bbox 701 1975 818 1980">
    <p class='ocr_par' dir='ltr' id='par_1_23' title="bbox 701 1975 818 1980">
     <span class='ocr_line' id='line_1_67' title="bbox 701 1975 818 1980; baseline 0 0"><span class='ocrx_word' id='word_1_517' title='bbox 701 1975 818 1980; x_wconf 95' lang='lat' dir='ltr'><strong> </strong></span> 
     </span>
    </p>
   </div>
   <div class='ocr_carea' id='block_1_23' title="bbox 820 1975 973 1980">
    <p class='ocr_par' dir='ltr' id='par_1_24' title="bbox 820 1975 973 1980">
     <span class='ocr_line' id='line_1_68' title="bbox 820 1975 973 1980; baseline 0 0"><span class='ocrx_word' id='word_1_518' title='bbox 820 1975 973 1980; x_wconf 95' lang='lat' dir='ltr'><strong> </strong></span> 
     </span>
    </p>
   </div>
   <div class='ocr_carea' id='block_1_24' title="bbox 1448 1976 1647 1981">
    <p class='ocr_par' dir='ltr' id='par_1_25' title="bbox 1448 1976 1647 1981">
     <span class='ocr_line' id='line_1_69' title="bbox 1448 1976 1647 1981; baseline 0 0"><span class='ocrx_word' id='word_1_519' title='bbox 1448 1976 1647 1981; x_wconf 95' lang='lat' dir='ltr'><strong> </strong></span> 
     </span>
    </p>
   </div>
   <div class='ocr_carea' id='block_1_25' title="bbox 1951 1976 2118 1981">
    <p class='ocr_par' dir='ltr' id='par_1_26' title="bbox 1951 1976 2118 1981">
     <span class='ocr_line' id='line_1_70' title="bbox 1951 1976 2118 1981; baseline 0 0"><span class='ocrx_word' id='word_1_520' title='bbox 1951 1976 2118 1981; x_wconf 95' lang='lat' dir='ltr'><strong> </strong></span> 
     </span>
    </p>
   </div>
   <div class='ocr_carea' id='block_1_26' title="bbox 192 2030 2435 2752">
    <p class='ocr_par' dir='ltr' id='par_1_27' title="bbox 192 2030 2433 2618">
     <span class='ocr_line' id='line_1_71' title="bbox 194 2030 2429 2083; baseline 0.001 -16"><span class='ocrx_word' id='word_1_521' title='bbox 194 2032 426 2078; x_wconf 74' lang='lat' dir='ltr'><strong>apparitione</strong></span> <span class='ocrx_word' id='word_1_522' title='bbox 450 2032 574 2077; x_wconf 73' lang='lat' dir='ltr'><strong>maqni</strong></span> <span class='ocrx_word' id='word_1_523' title='bbox 598 2031 656 2067; x_wconf 90' lang='lat' dir='ltr'><strong>dei</strong></span> <span class='ocrx_word' id='word_1_524' title='bbox 679 2035 714 2067; x_wconf 88' lang='lat' dir='ltr'><strong>et</strong></span> <span class='ocrx_word' id='word_1_525' title='bbox 735 2032 930 2067; x_wconf 85' lang='lat' dir='ltr'><strong>servatoris</strong></span> <span class='ocrx_word' id='word_1_526' title='bbox 953 2032 1073 2067; x_wconf 80' lang='lat' dir='ltr'><strong>nostri</strong></span> <span class='ocrx_word' id='word_1_527' title='bbox 1095 2030 1179 2066; x_wconf 88' lang='lat' dir='ltr'><strong>Iesu</strong></span> <span class='ocrx_word' id='word_1_528' title='bbox 1205 2030 1339 2067; x_wconf 80' lang='lat' dir='ltr'><strong>Christi</strong></span> <span class='ocrx_word' id='word_1_529' title='bbox 1363 2035 1479 2067; x_wconf 89' lang='lat' dir='ltr'><strong>tamen</strong></span> <span class='ocrx_word' id='word_1_530' title='bbox 1505 2042 1583 2067; x_wconf 88' lang='lat' dir='ltr'><strong>eam</strong></span> <span class='ocrx_word' id='word_1_531' title='bbox 1605 2032 1772 2083; x_wconf 85' lang='lat' dir='ltr'><strong>suturam</strong></span> <span class='ocrx_word' id='word_1_532' title='bbox 1796 2034 1901 2078; x_wconf 86' lang='lat' dir='ltr'><strong>quasi</strong></span> <span class='ocrx_word' id='word_1_533' title='bbox 1925 2033 2040 2069; x_wconf 89' lang='lat' dir='ltr'><strong>oculis</strong></span> <span class='ocrx_word' id='word_1_534' title='bbox 2063 2033 2220 2069; x_wconf 86' lang='lat' dir='ltr'><strong>videntes</strong></span> <span class='ocrx_word' id='word_1_535' title='bbox 2241 2045 2429 2077; x_wconf 75' lang='lat' dir='ltr'><strong>sacrorum</strong></span> 
     </span>
     <span class='ocr_line' id='line_1_72' title="bbox 193 2075 2429 2127; baseline 0.001 -15"><span class='ocrx_word' id='word_1_536' title='bbox 193 2077 367 2114; x_wconf 88' lang='lat' dir='ltr'><strong>librorum</strong></span> <span class='ocrx_word' id='word_1_537' title='bbox 401 2077 629 2112; x_wconf 82' lang='lat' dir='ltr'><strong>traditionem</strong></span> <span class='ocrx_word' id='word_1_538' title='bbox 649 2077 897 2123; x_wconf 79' lang='lat' dir='ltr'><strong>perfecerunt,</strong></span> <span class='ocrx_word' id='word_1_539' title='bbox 932 2080 1112 2121; x_wconf 83' lang='lat' dir='ltr'><strong>tamquam</strong></span> <span class='ocrx_word' id='word_1_540' title='bbox 1133 2075 1349 2127; x_wconf 80' lang='lat' dir='ltr'><strong>prophetica</strong></span> <span class='ocrx_word' id='word_1_541' title='bbox 1372 2076 1495 2121; x_wconf 72' lang='lat' dir='ltr'><strong>qratia</strong></span> <span class='ocrx_word' id='word_1_542' title='bbox 1515 2086 1576 2111; x_wconf 89' lang='lat' dir='ltr'><strong>eos</strong></span> <span class='ocrx_word' id='word_1_543' title='bbox 1598 2076 1828 2112; x_wconf 76' lang='lat' dir='ltr'><strong>illustrante?</strong></span> <span class='ocrx_word' id='word_1_544' title='bbox 1875 2076 1925 2113; x_wconf 87' lang='lat' dir='ltr'><strong>Et</strong></span> <span class='ocrx_word' id='word_1_545' title='bbox 1946 2077 2015 2113; x_wconf 87' lang='lat' dir='ltr'><strong>lzac</strong></span> <span class='ocrx_word' id='word_1_546' title='bbox 2039 2078 2181 2124; x_wconf 83' lang='lat' dir='ltr'><strong>quidem</strong></span> <span class='ocrx_word' id='word_1_547' title='bbox 2203 2080 2429 2125; x_wconf 72' lang='lat' dir='ltr'><strong>potissimum</strong></span> 
     </span>
     <span class='ocr_line' id='line_1_73' title="bbox 193 2121 2430 2168; baseline 0 -10"><span class='ocrx_word' id='word_1_548' title='bbox 193 2133 314 2158; x_wconf 86' lang='lat' dir='ltr'><strong>omnes</strong></span> <span class='ocrx_word' id='word_1_549' title='bbox 346 2125 512 2157; x_wconf 85' lang='lat' dir='ltr'><strong>utentur.-</strong></span> <span class='ocrx_word' id='word_1_550' title='bbox 550 2132 768 2167; x_wconf 82' lang='lat' dir='ltr'><strong>quamquam</strong></span> <span class='ocrx_word' id='word_1_551' title='bbox 803 2132 848 2155; x_wconf 90' lang='lat' dir='ltr'><strong>ne</strong></span> <span class='ocrx_word' id='word_1_552' title='bbox 883 2125 1022 2156; x_wconf 86' lang='lat' dir='ltr'><strong>ceteras</strong></span> <span class='ocrx_word' id='word_1_553' title='bbox 1056 2121 1101 2156; x_wconf 86' lang='lat' dir='ltr'><strong>iis</strong></span> <span class='ocrx_word' id='word_1_554' title='bbox 1130 2121 1448 2167; x_wconf 68' lang='lat' dir='ltr'><strong>interpretationes</strong></span> <span class='ocrx_word' id='word_1_555' title='bbox 1480 2121 1720 2157; x_wconf 77' lang='lat' dir='ltr'><strong>intercludere</strong></span> <span class='ocrx_word' id='word_1_556' title='bbox 1777 2125 1927 2164; x_wconf 87' lang='lat' dir='ltr'><strong>utemur,</strong></span> <span class='ocrx_word' id='word_1_557' title='bbox 1960 2122 2176 2168; x_wconf 82' lang='lat' dir='ltr'><strong>facultatem</strong></span> <span class='ocrx_word' id='word_1_558' title='bbox 2206 2124 2430 2160; x_wconf 79' lang='lat' dir='ltr'><strong>concedimus</strong></span> 
     </span>
     <span class='ocr_line' id='line_1_74' title="bbox 193 2165 2430 2221; baseline 0.001 -18"><span class='ocrx_word' id='word_1_559' title='bbox 193 2170 300 2204; x_wconf 87' lang='lat' dir='ltr'><strong>etiam</strong></span> <span class='ocrx_word' id='word_1_560' title='bbox 323 2167 478 2212; x_wconf 84' lang='lat' dir='ltr'><strong>Aquilae</strong></span> <span class='ocrx_word' id='word_1_561' title='bbox 501 2167 662 2202; x_wconf 77' lang='lat' dir='ltr'><strong>versione</strong></span> <span class='ocrx_word' id='word_1_562' title='bbox 686 2165 820 2208; x_wconf 84' lang='lat' dir='ltr'><strong>utendi,</strong></span> <span class='ocrx_word' id='word_1_563' title='bbox 841 2167 910 2201; x_wconf 85' lang='lat' dir='ltr'><strong>etsi</strong></span> <span class='ocrx_word' id='word_1_564' title='bbox 930 2165 991 2201; x_wconf 82' lang='lat' dir='ltr'><strong>ille</strong></span> <span class='ocrx_word' id='word_1_565' title='bbox 1014 2166 1176 2201; x_wconf 76' lang='lat' dir='ltr'><strong>diversae</strong></span> <span class='ocrx_word' id='word_1_566' title='bbox 1196 2166 1316 2212; x_wconf 73' lang='lat' dir='ltr'><strong>qentis</strong></span> <span class='ocrx_word' id='word_1_567' title='bbox 1336 2166 1453 2212; x_wconf 83' lang='lat' dir='ltr'><strong>fuerit</strong></span> <span class='ocrx_word' id='word_1_568' title='bbox 1477 2170 1512 2201; x_wconf 88' lang='lat' dir='ltr'><strong>et</strong></span> <span class='ocrx_word' id='word_1_569' title='bbox 1535 2167 1572 2201; x_wconf 88' lang='lat' dir='ltr'><strong>in</strong></span> <span class='ocrx_word' id='word_1_570' title='bbox 1596 2165 1742 2202; x_wconf 86' lang='lat' dir='ltr'><strong>lectioni</strong></span> <span class='ocrx_word' id='word_1_571' title='bbox 1765 2177 1807 2201; x_wconf 87' lang='lat' dir='ltr'><strong>us</strong></span> <span class='ocrx_word' id='word_1_572' title='bbox 1828 2177 1901 2202; x_wconf 88' lang='lat' dir='ltr'><strong>non</strong></span> <span class='ocrx_word' id='word_1_573' title='bbox 1925 2167 2137 2203; x_wconf 81' lang='lat' dir='ltr'><strong>mediocrem</strong></span> <span class='ocrx_word' id='word_1_574' title='bbox 2158 2179 2182 2203; x_wconf 92' lang='lat' dir='ltr'><strong>a</strong></span> <span class='ocrx_word' id='word_1_575' title='bbox 2198 2170 2430 2221; x_wconf 76' lang='lat' dir='ltr'><strong>septuaqinta</strong></span> 
     </span>
     <span class='ocr_line' id='line_1_75' title="bbox 192 2210 2430 2259; baseline 0.001 -11"><span class='ocrx_word' id='word_1_576' title='bbox 192 2214 216 2248; x_wconf 84' lang='lat'>2</span> <span class='ocrx_word' id='word_1_577' title='bbox 262 2212 518 2258; x_wconf 63' lang='lat' dir='ltr'><strong>interpretibus</strong></span> <span class='ocrx_word' id='word_1_578' title='bbox 546 2211 677 2247; x_wconf 79' lang='lat' dir='ltr'><strong>babeat</strong></span> <span class='ocrx_word' id='word_1_579' title='bbox 708 2211 916 2246; x_wconf 81' lang='lat' dir='ltr'><strong>dissensum.</strong></span> <span class='ocrx_word' id='word_1_580' title='bbox 966 2210 1183 2247; x_wconf 88' lang='lat' dir='ltr'><strong>Deuterosin</strong></span> <span class='ocrx_word' id='word_1_581' title='bbox 1213 2211 1478 2253; x_wconf 81' lang='lat' dir='ltr'><strong>(secundariam</strong></span> <span class='ocrx_word' id='word_1_582' title='bbox 1503 2211 1746 2254; x_wconf 82' lang='lat' dir='ltr'><strong>traditionem)</strong></span> <span class='ocrx_word' id='word_1_583' title='bbox 1771 2222 1856 2247; x_wconf 86' lang='lat' dir='ltr'><strong>vero</strong></span> <span class='ocrx_word' id='word_1_584' title='bbox 1905 2223 1973 2248; x_wconf 90' lang='lat' dir='ltr'><strong>uae</strong></span> <span class='ocrx_word' id='word_1_585' title='bbox 1992 2212 2095 2259; x_wconf 86' lang='lat' dir='ltr'><strong>apud</strong></span> <span class='ocrx_word' id='word_1_586' title='bbox 2116 2223 2179 2249; x_wconf 85' lang='lat' dir='ltr'><strong>eos</strong></span> <span class='ocrx_word' id='word_1_587' title='bbox 2202 2213 2334 2249; x_wconf 73' lang='lat' dir='ltr'><strong>dicitur</strong></span> <span class='ocrx_word' id='word_1_588' title='bbox 2357 2226 2430 2250; x_wconf 89' lang='lat' dir='ltr'><strong>om-</strong></span> 
     </span>
     <span class='ocr_line' id='line_1_76' title="bbox 193 2255 2430 2309; baseline 0.001 -17"><span class='ocrx_word' id='word_1_589' title='bbox 193 2258 280 2292; x_wconf 88' lang='lat' dir='ltr'><strong>nino</strong></span> <span class='ocrx_word' id='word_1_590' title='bbox 304 2255 560 2299; x_wconf 84' lang='lat' dir='ltr'><strong>interdicimus,</strong></span> <span class='ocrx_word' id='word_1_591' title='bbox 585 2261 626 2292; x_wconf 89' lang='lat' dir='ltr'><strong>ut</strong></span> <span class='ocrx_word' id='word_1_592' title='bbox 649 2267 742 2302; x_wconf 85' lang='lat' dir='ltr'><strong>quae</strong></span> <span class='ocrx_word' id='word_1_593' title='bbox 765 2257 881 2291; x_wconf 86' lang='lat' dir='ltr'><strong>sacris</strong></span> <span class='ocrx_word' id='word_1_594' title='bbox 905 2255 1006 2291; x_wconf 80' lang='lat' dir='ltr'><strong>librt‘s</strong></span> <span class='ocrx_word' id='word_1_595' title='bbox 1029 2266 1101 2292; x_wconf 91' lang='lat' dir='ltr'><strong>non</strong></span> <span class='ocrx_word' id='word_1_596' title='bbox 1126 2255 1384 2302; x_wconf 76' lang='lat' dir='ltr'><strong>comprehensa</strong></span> <span class='ocrx_word' id='word_1_597' title='bbox 1408 2267 1474 2291; x_wconf 88' lang='lat' dir='ltr'><strong>nec</strong></span> <span class='ocrx_word' id='word_1_598' title='bbox 1497 2256 1668 2291; x_wconf 87' lang='lat' dir='ltr'><strong>divinitus</strong></span> <span class='ocrx_word' id='word_1_599' title='bbox 1682 2267 1755 2309; x_wconf 86' lang='lat' dir='ltr'><strong>per</strong></span> <span class='ocrx_word' id='word_1_600' title='bbox 1770 2267 1869 2303; x_wconf 84' lang='lat' dir='ltr'><strong>prop</strong></span> <span class='ocrx_word' id='word_1_601' title='bbox 1897 2261 1975 2292; x_wconf 86' lang='lat' dir='ltr'><strong>etas</strong></span> <span class='ocrx_word' id='word_1_602' title='bbox 2000 2257 2147 2300; x_wconf 87' lang='lat' dir='ltr'><strong>tradita,</strong></span> <span class='ocrx_word' id='word_1_603' title='bbox 2171 2258 2235 2294; x_wconf 90' lang='lat' dir='ltr'><strong>sed</strong></span> <span class='ocrx_word' id='word_1_604' title='bbox 2248 2259 2430 2295; x_wconf 85' lang='lat' dir='ltr'><strong>inventum</strong></span> 
     </span>
     <span class='ocr_line' id='line_1_77' title="bbox 192 2300 2432 2348; baseline 0 -10"><span class='ocrx_word' id='word_1_605' title='bbox 192 2303 240 2338; x_wconf 89' lang='lat' dir='ltr'><strong>sit</strong></span> <span class='ocrx_word' id='word_1_606' title='bbox 263 2303 422 2338; x_wconf 89' lang='lat' dir='ltr'><strong>virorum</strong></span> <span class='ocrx_word' id='word_1_607' title='bbox 446 2313 495 2338; x_wconf 78' lang='lat' dir='ltr'><strong>ex</strong></span> <span class='ocrx_word' id='word_1_608' title='bbox 517 2302 596 2337; x_wconf 88' lang='lat' dir='ltr'><strong>sola</strong></span> <span class='ocrx_word' id='word_1_609' title='bbox 621 2306 720 2337; x_wconf 84' lang='lat' dir='ltr'><strong>terra</strong></span> <span class='ocrx_word' id='word_1_610' title='bbox 744 2300 965 2347; x_wconf 85' lang='lat' dir='ltr'><strong>loquentium</strong></span> <span class='ocrx_word' id='word_1_611' title='bbox 989 2311 1055 2336; x_wconf 88' lang='lat' dir='ltr'><strong>nec</strong></span> <span class='ocrx_word' id='word_1_612' title='bbox 1077 2301 1269 2347; x_wconf 83' lang='lat' dir='ltr'><strong>quicquam</strong></span> <span class='ocrx_word' id='word_1_613' title='bbox 1293 2301 1405 2337; x_wconf 88' lang='lat' dir='ltr'><strong>divini</strong></span> <span class='ocrx_word' id='word_1_614' title='bbox 1426 2302 1465 2336; x_wconf 86' lang='lat' dir='ltr'><strong>in</strong></span> <span class='ocrx_word' id='word_1_615' title='bbox 1487 2311 1525 2336; x_wconf 80' lang='lat' dir='ltr'><strong>se</strong></span> <span class='ocrx_word' id='word_1_616' title='bbox 1549 2300 1764 2337; x_wconf 71' lang='lat' dir='ltr'><strong>habentium.</strong></span> <span class='ocrx_word' id='word_1_617' title='bbox 1794 2300 1874 2336; x_wconf 88' lang='lat' dir='ltr'><strong>Iam</strong></span> <span class='ocrx_word' id='word_1_618' title='bbox 1897 2302 1999 2348; x_wconf 82' lang='lat' dir='ltr'><strong>ipsas</strong></span> <span class='ocrx_word' id='word_1_619' title='bbox 2022 2302 2164 2348; x_wconf 84' lang='lat' dir='ltr'><strong>quidem</strong></span> <span class='ocrx_word' id='word_1_620' title='bbox 2187 2314 2313 2339; x_wconf 88' lang='lat' dir='ltr'><strong>sacras</strong></span> <span class='ocrx_word' id='word_1_621' title='bbox 2328 2313 2432 2340; x_wconf 88' lang='lat' dir='ltr'><strong>voces</strong></span> 
     </span>
     <span class='ocr_line' id='line_1_78' title="bbox 194 2346 2431 2394; baseline 0.001 -12"><span class='ocrx_word' id='word_1_622' title='bbox 194 2348 314 2393; x_wconf 73' lang='lat' dir='ltr'><strong>leyent</strong></span> <span class='ocrx_word' id='word_1_623' title='bbox 345 2347 457 2383; x_wconf 88' lang='lat' dir='ltr'><strong>libros</strong></span> <span class='ocrx_word' id='word_1_624' title='bbox 486 2348 585 2394; x_wconf 88' lang='lat' dir='ltr'><strong>ipsos</strong></span> <span class='ocrx_word' id='word_1_625' title='bbox 615 2346 827 2388; x_wconf 83' lang='lat' dir='ltr'><strong>evolventes,</strong></span> <span class='ocrx_word' id='word_1_626' title='bbox 859 2356 925 2381; x_wconf 88' lang='lat' dir='ltr'><strong>nec</strong></span> <span class='ocrx_word' id='word_1_627' title='bbox 955 2356 1039 2382; x_wconf 85' lang='lat' dir='ltr'><strong>vero</strong></span> <span class='ocrx_word' id='word_1_628' title='bbox 1070 2348 1291 2381; x_wconf 84' lang='lat' dir='ltr'><strong>occultantes</strong></span> <span class='ocrx_word' id='word_1_629' title='bbox 1322 2357 1416 2391; x_wconf 82' lang='lat' dir='ltr'><strong>quae</strong></span> <span class='ocrx_word' id='word_1_630' title='bbox 1445 2346 1484 2380; x_wconf 87' lang='lat' dir='ltr'><strong>in</strong></span> <span class='ocrx_word' id='word_1_631' title='bbox 1516 2347 1563 2380; x_wconf 86' lang='lat' dir='ltr'><strong>iis</strong></span> <span class='ocrx_word' id='word_1_632' title='bbox 1592 2346 1770 2389; x_wconf 85' lang='lat' dir='ltr'><strong>dicuntur,</strong></span> <span class='ocrx_word' id='word_1_633' title='bbox 1802 2347 2089 2392; x_wconf 85' lang='lat' dir='ltr'><strong>vaniloquentias</strong></span> <span class='ocrx_word' id='word_1_634' title='bbox 2113 2352 2231 2384; x_wconf 87' lang='lat' dir='ltr'><strong>autem</strong></span> <span class='ocrx_word' id='word_1_635' title='bbox 2253 2358 2431 2394; x_wconf 84' lang='lat' dir='ltr'><strong>nusquam</strong></span> 
     </span>
     <span class='ocr_line' id='line_1_79' title="bbox 192 2390 2432 2438; baseline 0.001 -11"><span class='ocrx_word' id='word_1_636' title='bbox 192 2394 350 2438; x_wconf 83' lang='lat' dir='ltr'><strong>scriptas</strong></span> <span class='ocrx_word' id='word_1_637' title='bbox 384 2393 612 2428; x_wconf 83' lang='lat' dir='ltr'><strong>extrinsecus</strong></span> <span class='ocrx_word' id='word_1_638' title='bbox 643 2391 870 2427; x_wconf 85' lang='lat' dir='ltr'><strong>adsumentes</strong></span> <span class='ocrx_word' id='word_1_639' title='bbox 901 2390 951 2426; x_wconf 89' lang='lat' dir='ltr'><strong>ad</strong></span> <span class='ocrx_word' id='word_1_640' title='bbox 978 2391 1238 2436; x_wconf 77' lang='lat' dir='ltr'><strong>simpliciorum</strong></span> <span class='ocrx_word' id='word_1_641' title='bbox 1259 2390 1459 2436; x_wconf 84' lang='lat' dir='ltr'><strong>perniciem</strong></span> <span class='ocrx_word' id='word_1_642' title='bbox 1491 2390 1535 2426; x_wconf 90' lang='lat' dir='ltr'><strong>ab</strong></span> <span class='ocrx_word' id='word_1_643' title='bbox 1560 2391 1650 2437; x_wconf 87' lang='lat' dir='ltr'><strong>ipsis</strong></span> <span class='ocrx_word' id='word_1_644' title='bbox 1672 2391 1913 2437; x_wconf 73' lang='lat' dir='ltr'><strong>excoqitatas.</strong></span> <span class='ocrx_word' id='word_1_645' title='bbox 1961 2391 2092 2437; x_wconf 83' lang='lat' dir='ltr'><strong>Itaque</strong></span> <span class='ocrx_word' id='word_1_646' title='bbox 2116 2393 2184 2427; x_wconf 81' lang='lat' dir='ltr'><strong>bac</strong></span> <span class='ocrx_word' id='word_1_647' title='bbox 2205 2393 2386 2438; x_wconf 84' lang='lat' dir='ltr'><strong>facultate</strong></span> <span class='ocrx_word' id='word_1_648' title='bbox 2408 2405 2432 2429; x_wconf 88' lang='lat' dir='ltr'><strong>a</strong></span> 
     </span>
     <span class='ocr_line' id='line_1_80' title="bbox 193 2436 2433 2488; baseline 0.001 -17"><span class='ocrx_word' id='word_1_649' title='bbox 193 2437 297 2472; x_wconf 87' lang='lat' dir='ltr'><strong>nobis</strong></span> <span class='ocrx_word' id='word_1_650' title='bbox 327 2448 495 2473; x_wconf 86' lang='lat' dir='ltr'><strong>concessa</strong></span> <span class='ocrx_word' id='word_1_651' title='bbox 526 2448 642 2483; x_wconf 81' lang='lat' dir='ltr'><strong>neque</strong></span> <span class='ocrx_word' id='word_1_652' title='bbox 672 2436 814 2471; x_wconf 86' lang='lat' dir='ltr'><strong>damnis</strong></span> <span class='ocrx_word' id='word_1_653' title='bbox 845 2436 930 2471; x_wconf 87' lang='lat' dir='ltr'><strong>ullis</strong></span> <span class='ocrx_word' id='word_1_654' title='bbox 962 2437 1108 2471; x_wconf 90' lang='lat' dir='ltr'><strong>omnino</strong></span> <span class='ocrx_word' id='word_1_655' title='bbox 1138 2436 1359 2471; x_wconf 83' lang='lat' dir='ltr'><strong>subicientur</strong></span> <span class='ocrx_word' id='word_1_656' title='bbox 1391 2436 1454 2481; x_wconf 80' lang='lat' dir='ltr'><strong>qui</strong></span> <span class='ocrx_word' id='word_1_657' title='bbox 1482 2446 1651 2481; x_wconf 76' lang='lat' dir='ltr'><strong>qraecam</strong></span> <span class='ocrx_word' id='word_1_658' title='bbox 1684 2436 1846 2482; x_wconf 75' lang='lat' dir='ltr'><strong>linquam</strong></span> <span class='ocrx_word' id='word_1_659' title='bbox 1870 2440 2078 2488; x_wconf 80' lang='lat' dir='ltr'><strong>ceterasque</strong></span> <span class='ocrx_word' id='word_1_660' title='bbox 2102 2436 2296 2473; x_wconf 86' lang='lat' dir='ltr'><strong>adsumunt</strong></span> <span class='ocrx_word' id='word_1_661' title='bbox 2317 2449 2433 2484; x_wconf 84' lang='lat' dir='ltr'><strong>neque</strong></span> 
     </span>
     <span class='ocr_line' id='line_1_81' title="bbox 194 2479 2431 2529; baseline 0 -11"><span class='ocrx_word' id='word_1_662' title='bbox 194 2484 238 2518; x_wconf 90' lang='lat' dir='ltr'><strong>ab</strong></span> <span class='ocrx_word' id='word_1_663' title='bbox 263 2483 338 2518; x_wconf 87' lang='lat' dir='ltr'><strong>ullo</strong></span> <span class='ocrx_word' id='word_1_664' title='bbox 363 2483 605 2529; x_wconf 85' lang='lat' dir='ltr'><strong>impedientur</strong></span> <span class='ocrx_word' id='word_1_665' title='bbox 613 2494 628 2523; x_wconf 91' lang='lat'><em>;</em></span> <span class='ocrx_word' id='word_1_666' title='bbox 655 2492 771 2527; x_wconf 79' lang='lat' dir='ltr'><strong>neque</strong></span> <span class='ocrx_word' id='word_1_667' title='bbox 794 2481 857 2527; x_wconf 84' lang='lat' dir='ltr'><strong>qui</strong></span> <span class='ocrx_word' id='word_1_668' title='bbox 880 2481 981 2527; x_wconf 88' lang='lat' dir='ltr'><strong>apud</strong></span> <span class='ocrx_word' id='word_1_669' title='bbox 1003 2491 1064 2516; x_wconf 91' lang='lat' dir='ltr'><strong>eos</strong></span> <span class='ocrx_word' id='word_1_670' title='bbox 1087 2479 1396 2527; x_wconf 76' lang='lat' dir='ltr'><strong>archipherecitae</strong></span> <span class='ocrx_word' id='word_1_671' title='bbox 1424 2480 1480 2516; x_wconf 84' lang='lat' dir='ltr'><strong>vel</strong></span> <span class='ocrx_word' id='word_1_672' title='bbox 1493 2481 1706 2527; x_wconf 78' lang='lat' dir='ltr'><strong>presbyteri</strong></span> <span class='ocrx_word' id='word_1_673' title='bbox 1724 2482 1826 2526; x_wconf 84' lang='lat' dir='ltr'><strong>forte</strong></span> <span class='ocrx_word' id='word_1_674' title='bbox 1848 2481 1905 2516; x_wconf 89' lang='lat' dir='ltr'><strong>vel</strong></span> <span class='ocrx_word' id='word_1_675' title='bbox 1926 2482 2092 2527; x_wconf 73' lang='lat' dir='ltr'><strong>maqistri</strong></span> <span class='ocrx_word' id='word_1_676' title='bbox 2115 2486 2290 2517; x_wconf 87' lang='lat' dir='ltr'><strong>vocantur</strong></span> <span class='ocrx_word' id='word_1_677' title='bbox 2310 2483 2431 2529; x_wconf 87' lang='lat' dir='ltr'><strong>facul-</strong></span> 
     </span>
     <span class='ocr_line' id='line_1_82' title="bbox 196 2525 2432 2572; baseline 0 -10"><span class='ocrx_word' id='word_1_678' title='bbox 196 2532 304 2563; x_wconf 84' lang='lat' dir='ltr'><strong>tatem</strong></span> <span class='ocrx_word' id='word_1_679' title='bbox 337 2527 520 2563; x_wconf 81' lang='lat' dir='ltr'><strong>habebunt</strong></span> <span class='ocrx_word' id='word_1_680' title='bbox 550 2526 876 2562; x_wconf 79' lang='lat' dir='ltr'><strong>machinationibus</strong></span> <span class='ocrx_word' id='word_1_681' title='bbox 907 2526 992 2560; x_wconf 87' lang='lat' dir='ltr'><strong>ultis</strong></span> <span class='ocrx_word' id='word_1_682' title='bbox 1022 2529 1088 2561; x_wconf 88' lang='lat' dir='ltr'><strong>aut</strong></span> <span class='ocrx_word' id='word_1_683' title='bbox 1117 2525 1405 2561; x_wconf 77' lang='lat' dir='ltr'><strong>anathematibus</strong></span> <span class='ocrx_word' id='word_1_684' title='bbox 1435 2525 1504 2560; x_wconf 77' lang='lat' dir='ltr'><strong>lzoc</strong></span> <span class='ocrx_word' id='word_1_685' title='bbox 1535 2525 1770 2572; x_wconf 86' lang='lat' dir='ltr'><strong>impediendi,</strong></span> <span class='ocrx_word' id='word_1_686' title='bbox 1800 2526 1871 2561; x_wconf 89' lang='lat' dir='ltr'><strong>nisi</strong></span> <span class='ocrx_word' id='word_1_687' title='bbox 1897 2527 2000 2572; x_wconf 83' lang='lat' dir='ltr'><strong>sorte</strong></span> <span class='ocrx_word' id='word_1_688' title='bbox 2027 2527 2157 2572; x_wconf 88' lang='lat' dir='ltr'><strong>poenis</strong></span> <span class='ocrx_word' id='word_1_689' title='bbox 2179 2527 2432 2572; x_wconf 84' lang='lat' dir='ltr'><strong>corporalibus</strong></span> 
     </span>
     <span class='ocr_line' id='line_1_83' title="bbox 195 2569 2430 2618; baseline -0.001 -11"><span class='ocrx_word' id='word_1_690' title='bbox 195 2573 365 2618; x_wconf 76' lang='lat' dir='ltr'><strong>castiqati</strong></span> <span class='ocrx_word' id='word_1_691' title='bbox 393 2575 429 2608; x_wconf 87' lang='lat' dir='ltr'><strong>et</strong></span> <span class='ocrx_word' id='word_1_692' title='bbox 462 2572 612 2618; x_wconf 79' lang='lat' dir='ltr'><strong>insuper</strong></span> <span class='ocrx_word' id='word_1_693' title='bbox 636 2572 738 2607; x_wconf 89' lang='lat' dir='ltr'><strong>bonis</strong></span> <span class='ocrx_word' id='word_1_694' title='bbox 758 2571 898 2617; x_wconf 83' lang='lat' dir='ltr'><strong>privati</strong></span> <span class='ocrx_word' id='word_1_695' title='bbox 919 2571 1044 2606; x_wconf 81' lang='lat' dir='ltr'><strong>cedere</strong></span> <span class='ocrx_word' id='word_1_696' title='bbox 1066 2571 1171 2607; x_wconf 81' lang='lat' dir='ltr'><strong>inviti</strong></span> <span class='ocrx_word' id='word_1_697' title='bbox 1192 2569 1295 2605; x_wconf 87' lang='lat' dir='ltr'><strong>nobis</strong></span> <span class='ocrx_word' id='word_1_698' title='bbox 1318 2571 1427 2606; x_wconf 87' lang='lat' dir='ltr'><strong>velint</strong></span> <span class='ocrx_word' id='word_1_699' title='bbox 1449 2570 1600 2605; x_wconf 85' lang='lat' dir='ltr'><strong>meliora</strong></span> <span class='ocrx_word' id='word_1_700' title='bbox 1624 2574 1660 2606; x_wconf 88' lang='lat' dir='ltr'><strong>et</strong></span> <span class='ocrx_word' id='word_1_701' title='bbox 1682 2570 1749 2607; x_wconf 86' lang='lat' dir='ltr'><strong>deo</strong></span> <span class='ocrx_word' id='word_1_702' title='bbox 1774 2571 1921 2606; x_wconf 87' lang='lat' dir='ltr'><strong>cariora</strong></span> <span class='ocrx_word' id='word_1_703' title='bbox 1944 2571 2142 2607; x_wconf 83' lang='lat' dir='ltr'><strong>volentibus</strong></span> <span class='ocrx_word' id='word_1_704' title='bbox 2163 2575 2200 2607; x_wconf 86' lang='lat' dir='ltr'><strong>et</strong></span> <span class='ocrx_word' id='word_1_705' title='bbox 2221 2572 2430 2607; x_wconf 85' lang='lat' dir='ltr'><strong>iubentibus.</strong></span> 
     </span>
    </p>

    <p class='ocr_par' dir='ltr' id='par_1_28' title="bbox 194 2615 2435 2752">
     <span class='ocr_line' id='line_1_84' title="bbox 328 2615 2435 2663; baseline 0 -11"><span class='ocrx_word' id='word_1_706' title='bbox 328 2618 375 2652; x_wconf 93' lang='lat' dir='ltr'><strong>II.</strong></span> <span class='ocrx_word' id='word_1_707' title='bbox 424 2616 466 2652; x_wconf 87' lang='lat' dir='ltr'><strong>Si</strong></span> <span class='ocrx_word' id='word_1_708' title='bbox 497 2619 562 2663; x_wconf 81' lang='lat' dir='ltr'><strong>qui</strong></span> <span class='ocrx_word' id='word_1_709' title='bbox 591 2621 709 2652; x_wconf 91' lang='lat' dir='ltr'><strong>autem</strong></span> <span class='ocrx_word' id='word_1_710' title='bbox 741 2615 842 2662; x_wconf 87' lang='lat' dir='ltr'><strong>apud</strong></span> <span class='ocrx_word' id='word_1_711' title='bbox 869 2626 930 2651; x_wconf 86' lang='lat' dir='ltr'><strong>eos</strong></span> <span class='ocrx_word' id='word_1_712' title='bbox 953 2615 1243 2661; x_wconf 85' lang='lat' dir='ltr'><strong>vaniloquentias</strong></span> <span class='ocrx_word' id='word_1_713' title='bbox 1265 2616 1397 2662; x_wconf 85' lang='lat' dir='ltr'><strong>impias</strong></span> <span class='ocrx_word' id='word_1_714' title='bbox 1421 2615 1649 2651; x_wconf 86' lang='lat' dir='ltr'><strong>introducere</strong></span> <span class='ocrx_word' id='word_1_715' title='bbox 1675 2616 1935 2662; x_wconf 85' lang='lat' dir='ltr'><strong>temptaverint,</strong></span> <span class='ocrx_word' id='word_1_716' title='bbox 1959 2617 2033 2652; x_wconf 88' lang='lat' dir='ltr'><strong>sive</strong></span> <span class='ocrx_word' id='word_1_717' title='bbox 2055 2617 2354 2652; x_wconf 86' lang='lat' dir='ltr'><strong>resurrectionem</strong></span> <span class='ocrx_word' id='word_1_718' title='bbox 2377 2617 2435 2652; x_wconf 82' lang='lat' dir='ltr'><strong>vel</strong></span> 
     </span>
     <span class='ocr_line' id='line_1_85' title="bbox 194 2660 2432 2708; baseline -0 -10"><span class='ocrx_word' id='word_1_719' title='bbox 194 2662 365 2698; x_wconf 86' lang='lat' dir='ltr'><strong>iudicium</strong></span> <span class='ocrx_word' id='word_1_720' title='bbox 396 2662 469 2698; x_wconf 86' lang='lat' dir='ltr'><strong>sive</strong></span> <span class='ocrx_word' id='word_1_721' title='bbox 500 2662 559 2698; x_wconf 88' lang='lat' dir='ltr'><strong>dei</strong></span> <span class='ocrx_word' id='word_1_722' title='bbox 591 2673 684 2708; x_wconf 88' lang='lat' dir='ltr'><strong>opus</strong></span> <span class='ocrx_word' id='word_1_723' title='bbox 714 2665 750 2696; x_wconf 86' lang='lat' dir='ltr'><strong>et</strong></span> <span class='ocrx_word' id='word_1_724' title='bbox 780 2665 986 2696; x_wconf 87' lang='lat' dir='ltr'><strong>creaturam</strong></span> <span class='ocrx_word' id='word_1_725' title='bbox 1020 2661 1171 2707; x_wconf 75' lang='lat' dir='ltr'><strong>anqelos</strong></span> <span class='ocrx_word' id='word_1_726' title='bbox 1201 2670 1278 2696; x_wconf 86' lang='lat' dir='ltr'><strong>esse</strong></span> <span class='ocrx_word' id='word_1_727' title='bbox 1306 2665 1497 2706; x_wconf 76' lang='lat' dir='ltr'><strong>neqantcs,</strong></span> <span class='ocrx_word' id='word_1_728' title='bbox 1529 2671 1591 2696; x_wconf 90' lang='lat' dir='ltr'><strong>eos</strong></span> <span class='ocrx_word' id='word_1_729' title='bbox 1621 2660 1711 2696; x_wconf 86' lang='lat' dir='ltr'><strong>adeo</strong></span> <span class='ocrx_word' id='word_1_730' title='bbox 1745 2661 1881 2707; x_wconf 76' lang='lat' dir='ltr'><strong>expelli</strong></span> <span class='ocrx_word' id='word_1_731' title='bbox 1911 2661 2074 2697; x_wconf 87' lang='lat' dir='ltr'><strong>volumus</strong></span> <span class='ocrx_word' id='word_1_732' title='bbox 2098 2661 2195 2697; x_wconf 87' lang='lat' dir='ltr'><strong>omni</strong></span> <span class='ocrx_word' id='word_1_733' title='bbox 2215 2660 2295 2697; x_wconf 92' lang='lat' dir='ltr'><strong>loco</strong></span> <span class='ocrx_word' id='word_1_734' title='bbox 2317 2672 2432 2708; x_wconf 84' lang='lat' dir='ltr'><strong>neque</strong></span> 
     </span>
     <span class='ocr_line' id='line_1_86' title="bbox 194 2704 2430 2752; baseline -0 -9"><span class='ocrx_word' id='word_1_735' title='bbox 194 2719 315 2743; x_wconf 83' lang='lat' dir='ltr'><strong>vocem</strong></span> <span class='ocrx_word' id='word_1_736' title='bbox 346 2708 506 2743; x_wconf 87' lang='lat' dir='ltr'><strong>emittere</strong></span> <span class='ocrx_word' id='word_1_737' title='bbox 539 2711 611 2743; x_wconf 89' lang='lat' dir='ltr'><strong>tam</strong></span> <span class='ocrx_word' id='word_1_738' title='bbox 641 2706 851 2741; x_wconf 88' lang='lat' dir='ltr'><strong>maledicam</strong></span> <span class='ocrx_word' id='word_1_739' title='bbox 883 2709 919 2741; x_wconf 88' lang='lat' dir='ltr'><strong>et</strong></span> <span class='ocrx_word' id='word_1_740' title='bbox 949 2706 994 2741; x_wconf 83' lang='lat' dir='ltr'><strong>ab</strong></span> <span class='ocrx_word' id='word_1_741' title='bbox 1023 2706 1104 2752; x_wconf 86' lang='lat' dir='ltr'><strong>ipsa</strong></span> <span class='ocrx_word' id='word_1_742' title='bbox 1132 2704 1190 2740; x_wconf 87' lang='lat' dir='ltr'><strong>dei</strong></span> <span class='ocrx_word' id='word_1_743' title='bbox 1213 2705 1418 2750; x_wconf 73' lang='lat' dir='ltr'><strong>coquitione</strong></span> <span class='ocrx_word' id='word_1_744' title='bbox 1435 2704 1550 2751; x_wconf 87' lang='lat' dir='ltr'><strong>plane</strong></span> <span class='ocrx_word' id='word_1_745' title='bbox 1573 2704 1824 2750; x_wconf 83' lang='lat' dir='ltr'><strong>deflectentem.</strong></span> <span class='ocrx_word' id='word_1_746' title='bbox 1871 2705 1965 2740; x_wconf 86' lang='lat' dir='ltr'><strong>Nam</strong></span> <span class='ocrx_word' id='word_1_747' title='bbox 1989 2706 2020 2740; x_wconf 87' lang='lat' dir='ltr'><strong>si</strong></span> <span class='ocrx_word' id='word_1_748' title='bbox 2044 2706 2133 2751; x_wconf 84' lang='lat' dir='ltr'><strong>quid</strong></span> <span class='ocrx_word' id='word_1_749' title='bbox 2155 2706 2330 2742; x_wconf 88' lang='lat' dir='ltr'><strong>eiusmodi</strong></span> <span class='ocrx_word' id='word_1_750' title='bbox 2347 2717 2430 2752; x_wconf 87' lang='lat' dir='ltr'><strong>pro-</strong></span> 
     </span>
    </p>
   </div>
   <div class='ocr_carea' id='block_1_27' title="bbox 1106 2791 1276 2796">
    <p class='ocr_par' dir='ltr' id='par_1_29' title="bbox 1106 2791 1276 2796">
     <span class='ocr_line' id='line_1_87' title="bbox 1106 2791 1276 2796; baseline 0 0"><span class='ocrx_word' id='word_1_751' title='bbox 1106 2791 1276 2796; x_wconf 95' lang='lat' dir='ltr'><strong> </strong></span> 
     </span>
    </p>
   </div>
   <div class='ocr_carea' id='block_1_28' title="bbox 241 2796 346 2800">
    <p class='ocr_par' dir='ltr' id='par_1_30' title="bbox 241 2796 346 2800">
     <span class='ocr_line' id='line_1_88' title="bbox 241 2796 346 2800; baseline 0 0"><span class='ocrx_word' id='word_1_752' title='bbox 241 2796 346 2800; x_wconf 95' lang='lat' dir='ltr'><strong> </strong></span> 
     </span>
    </p>
   </div>
   <div class='ocr_carea' id='block_1_29' title="bbox 427 2795 579 2799">
    <p class='ocr_par' dir='ltr' id='par_1_31' title="bbox 427 2795 579 2799">
     <span class='ocr_line' id='line_1_89' title="bbox 427 2795 579 2799; baseline 0 0"><span class='ocrx_word' id='word_1_753' title='bbox 427 2795 579 2799; x_wconf 95' lang='lat' dir='ltr'><strong> </strong></span> 
     </span>
    </p>
   </div>
   <div class='ocr_carea' id='block_1_30' title="bbox 582 2795 651 2798">
    <p class='ocr_par' dir='ltr' id='par_1_32' title="bbox 582 2795 651 2798">
     <span class='ocr_line' id='line_1_90' title="bbox 582 2795 651 2798; baseline 0 0"><span class='ocrx_word' id='word_1_754' title='bbox 582 2795 651 2798; x_wconf 95' lang='lat' dir='ltr'><strong> </strong></span> 
     </span>
    </p>
   </div>
   <div class='ocr_carea' id='block_1_31' title="bbox 1420 2791 1584 2796">
    <p class='ocr_par' dir='ltr' id='par_1_33' title="bbox 1420 2791 1584 2796">
     <span class='ocr_line' id='line_1_91' title="bbox 1420 2791 1584 2796; baseline 0 0"><span class='ocrx_word' id='word_1_755' title='bbox 1420 2791 1584 2796; x_wconf 95' lang='lat' dir='ltr'><strong> </strong></span> 
     </span>
    </p>
   </div>
   <div class='ocr_carea' id='block_1_32' title="bbox 1879 2791 2056 2796">
    <p class='ocr_par' dir='ltr' id='par_1_34' title="bbox 1879 2791 2056 2796">
     <span class='ocr_line' id='line_1_92' title="bbox 1879 2791 2056 2796; baseline 0 0"><span class='ocrx_word' id='word_1_756' title='bbox 1879 2791 2056 2796; x_wconf 95' lang='lat' dir='ltr'><strong> </strong></span> 
     </span>
    </p>
   </div>
   <div class='ocr_carea' id='block_1_33' title="bbox 2057 2791 2269 2796">
    <p class='ocr_par' dir='ltr' id='par_1_35' title="bbox 2057 2791 2269 2796">
     <span class='ocr_line' id='line_1_93' title="bbox 2057 2791 2269 2796; baseline 0 0"><span class='ocrx_word' id='word_1_757' title='bbox 2057 2791 2269 2796; x_wconf 95' lang='lat' dir='ltr'><strong> </strong></span> 
     </span>
    </p>
   </div>
   <div class='ocr_carea' id='block_1_34' title="bbox 2270 2792 2424 2797">
    <p class='ocr_par' dir='ltr' id='par_1_36' title="bbox 2270 2792 2424 2797">
     <span class='ocr_line' id='line_1_94' title="bbox 2270 2792 2424 2797; baseline 0 0"><span class='ocrx_word' id='word_1_758' title='bbox 2270 2792 2424 2797; x_wconf 95' lang='lat' dir='ltr'><strong> </strong></span> 
     </span>
    </p>
   </div>
   <div class='ocr_carea' id='block_1_35' title="bbox 193 2848 1280 3657">
    <p class='ocr_par' dir='ltr' id='par_1_37' title="bbox 193 2848 1280 3657">
     <span class='ocr_line' id='line_1_95' title="bbox 239 2848 1277 2894; baseline -0.004 -8"><span class='ocrx_word' id='word_1_759' title='bbox 239 2855 260 2887; x_wconf 88' lang='grc'><strong>6</strong></span> <span class='ocrx_word' id='word_1_760' title='bbox 291 2851 421 2893; x_wconf 77' lang='grc' dir='ltr'><em>αὗτοῖς]</em></span> <span class='ocrx_word' id='word_1_761' title='bbox 446 2854 518 2886; x_wconf 86' lang='grc' dir='ltr'><em>τοῖς</em></span> <span class='ocrx_word' id='word_1_762' title='bbox 539 2848 658 2885; x_wconf 76' lang='grc' dir='ltr'><em>αὐτοῖς</em></span> <span class='ocrx_word' id='word_1_763' title='bbox 681 2852 844 2885; x_wconf 70' lang='grc' dir='ltr'><em>Νοηιοε.”“</em></span> <span class='ocrx_word' id='word_1_764' title='bbox 865 2850 877 2894; x_wconf 81' lang='grc' dir='ltr'><strong>ΙΙ</strong></span> <span class='ocrx_word' id='word_1_765' title='bbox 902 2863 944 2884; x_wconf 88' lang='grc' dir='ltr'><strong>νο</strong></span> <span class='ocrx_word' id='word_1_766' title='bbox 974 2850 1178 2893; x_wconf 75' lang='grc' dir='ltr'><em>ισθείημεν]</em></span> <span class='ocrx_word' id='word_1_767' title='bbox 1202 2859 1277 2882; x_wconf 81' lang='lat' dir='ltr'><strong>san-</strong></span> 
     </span>
     <span class='ocr_line' id='line_1_96' title="bbox 193 2892 1278 2942; baseline -0.003 -12"><span class='ocrx_word' id='word_1_768' title='bbox 193 2899 338 2931; x_wconf 82' lang='lat' dir='ltr'><strong>xerimus</strong></span> <span class='ocrx_word' id='word_1_769' title='bbox 359 2910 378 2934; x_wconf 83' lang='grc' dir='ltr'><em>ς</em></span> <span class='ocrx_word' id='word_1_770' title='bbox 403 2898 416 2942; x_wconf 79' lang='grc' dir='ltr'><strong>ΙΙ</strong></span> <span class='ocrx_word' id='word_1_771' title='bbox 447 2900 465 2930; x_wconf 76' lang='grc'><strong>’7</strong></span> <span class='ocrx_word' id='word_1_772' title='bbox 491 2894 638 2940; x_wconf 82' lang='grc' dir='ltr'><em>δίδομεν</em></span> <span class='ocrx_word' id='word_1_773' title='bbox 663 2910 720 2929; x_wconf 85' lang='lat' dir='ltr'><strong>om.</strong></span> <span class='ocrx_word' id='word_1_774' title='bbox 746 2897 796 2929; x_wconf 56' lang='grc' dir='ltr'><strong>ΒΟ</strong></span> <span class='ocrx_word' id='word_1_775' title='bbox 823 2896 835 2939; x_wconf 85' lang='grc' dir='ltr'><strong>ΙΙ</strong></span> <span class='ocrx_word' id='word_1_776' title='bbox 865 2892 932 2928; x_wconf 85' lang='grc' dir='ltr'><em>οἷκύ</em></span> <span class='ocrx_word' id='word_1_777' title='bbox 958 2908 981 2928; x_wconf 92' lang='grc' dir='ltr'><strong>α</strong></span> <span class='ocrx_word' id='word_1_778' title='bbox 1006 2895 1168 2940; x_wconf 74' lang='grc' dir='ltr'><em>χρῆσθαι</em></span> <span class='ocrx_word' id='word_1_779' title='bbox 1192 2894 1243 2928; x_wconf 79' lang='lat' dir='ltr'><strong>B⁶</strong></span> <span class='ocrx_word' id='word_1_780' title='bbox 1266 2893 1278 2937; x_wconf 85' lang='grc' dir='ltr'><strong>ΙΙ</strong></span> 
     </span>
     <span class='ocr_line' id='line_1_97' title="bbox 195 2936 1277 2984; baseline -0.004 -8"><span class='ocrx_word' id='word_1_781' title='bbox 195 2943 237 2984; x_wconf 86' lang='grc' dir='ltr'><em>εἰ]</em></span> <span class='ocrx_word' id='word_1_782' title='bbox 270 2942 322 2984; x_wconf 84' lang='grc' dir='ltr'><strong>εἴη</strong></span> <span class='ocrx_word' id='word_1_783' title='bbox 347 2941 511 2984; x_wconf 59' lang='lat' dir='ltr'><strong>Nomocfl,</strong></span> <span class='ocrx_word' id='word_1_784' title='bbox 545 2955 602 2975; x_wconf 88' lang='lat' dir='ltr'><strong>om.</strong></span> <span class='ocrx_word' id='word_1_785' title='bbox 629 2942 679 2975; x_wconf 68' lang='grc' dir='ltr'><strong>Βο</strong></span> <span class='ocrx_word' id='word_1_786' title='bbox 710 2942 755 2983; x_wconf 85' lang='lat' dir='ltr'><strong>(in</strong></span> <span class='ocrx_word' id='word_1_787' title='bbox 779 2941 941 2975; x_wconf 61' lang='lat' dir='ltr'><strong>Nemean</strong></span> <span class='ocrx_word' id='word_1_788' title='bbox 963 2945 1063 2974; x_wconf 85' lang='lat' dir='ltr'><strong>verba</strong></span> <span class='ocrx_word' id='word_1_789' title='bbox 1087 2936 1218 2973; x_wconf 77' lang='grc' dir='ltr'><em>ἀκύλου</em></span> <span class='ocrx_word' id='word_1_790' title='bbox 1235 2958 1277 2963; x_wconf 95' lang='grc'><strong>-</strong></span> 
     </span>
     <span class='ocr_line' id='line_1_98' title="bbox 195 2982 1278 3033; baseline -0.004 -12"><span class='ocrx_word' id='word_1_791' title='bbox 195 2985 392 3033; x_wconf 76' lang='grc' dir='ltr'><em>ἀλλόφυλος</em></span> <span class='ocrx_word' id='word_1_792' title='bbox 421 2989 567 3031; x_wconf 76' lang='lat' dir='ltr'><strong>muryine</strong></span> <span class='ocrx_word' id='word_1_793' title='bbox 591 2988 717 3020; x_wconf 83' lang='lat' dir='ltr'><strong>absciso</strong></span> <span class='ocrx_word' id='word_1_794' title='bbox 742 2987 858 3019; x_wconf 77' lang='lat' dir='ltr'><strong>hausta</strong></span> <span class='ocrx_word' id='word_1_795' title='bbox 882 2987 967 3028; x_wconf 83' lang='lat' dir='ltr'><strong>sunt)</strong></span> <span class='ocrx_word' id='word_1_796' title='bbox 985 2985 997 3029; x_wconf 84' lang='grc' dir='ltr'><strong>ΙΙ</strong></span> <span class='ocrx_word' id='word_1_797' title='bbox 1014 2982 1278 3030; x_wconf 69' lang='grc' dir='ltr'><em>ἀλλόφυλλοςΕ</em></span> 
     </span>
     <span class='ocr_line' id='line_1_99' title="bbox 193 3027 1278 3078; baseline -0.006 -11"><span class='ocrx_word' id='word_1_798' title='bbox 193 3033 205 3078; x_wconf 79' lang='grc' dir='ltr'><strong>ΙΙ</strong></span> <span class='ocrx_word' id='word_1_799' title='bbox 221 3037 240 3067; x_wconf 86' lang='grc'><strong>9</strong></span> <span class='ocrx_word' id='word_1_800' title='bbox 264 3033 333 3075; x_wconf 80' lang='grc' dir='ltr'><strong>τὴν</strong></span> <span class='ocrx_word' id='word_1_801' title='bbox 357 3030 564 3077; x_wconf 83' lang='grc' dir='ltr'><em>διαφωνίαν</em></span> <span class='ocrx_word' id='word_1_802' title='bbox 588 3045 645 3065; x_wconf 82' lang='grc' dir='ltr'><em>οηι.</em></span> <span class='ocrx_word' id='word_1_803' title='bbox 671 3032 702 3064; x_wconf 88' lang='lat' dir='ltr'><em>L</em></span> <span class='ocrx_word' id='word_1_804' title='bbox 721 3035 734 3076; x_wconf 79' lang='grc' dir='ltr'><strong>ΙΙ</strong></span> <span class='ocrx_word' id='word_1_805' title='bbox 754 3033 793 3064; x_wconf 88' lang='grc'><strong>10</strong></span> <span class='ocrx_word' id='word_1_806' title='bbox 817 3027 1087 3076; x_wconf 79' lang='grc' dir='ltr'><em>ἇπαγορεύομεν</em></span> <span class='ocrx_word' id='word_1_807' title='bbox 1108 3031 1188 3071; x_wconf 86' lang='grc' dir='ltr'><em>Μς]</em></span> <span class='ocrx_word' id='word_1_808' title='bbox 1219 3030 1278 3062; x_wconf 84' lang='grc' dir='ltr'><strong>καὶ</strong></span> 
     </span>
     <span class='ocr_line' id='line_1_100' title="bbox 197 3072 1278 3123; baseline -0.003 -13"><span class='ocrx_word' id='word_1_809' title='bbox 197 3075 469 3123; x_wconf 74' lang='grc' dir='ltr'><em>(Ξπαγορεύομεν</em></span> <span class='ocrx_word' id='word_1_810' title='bbox 494 3078 563 3111; x_wconf 83' lang='lat' dir='ltr'><strong>LB</strong></span> <span class='ocrx_word' id='word_1_811' title='bbox 587 3077 600 3115; x_wconf 96' lang='grc' dir='ltr'><strong>ΙΙ</strong></span> <span class='ocrx_word' id='word_1_812' title='bbox 624 3075 811 3110; x_wconf 82' lang='grc' dir='ltr'><em>παντελῶς</em></span> <span class='ocrx_word' id='word_1_813' title='bbox 831 3089 889 3109; x_wconf 87' lang='lat' dir='ltr'><strong>om.</strong></span> <span class='ocrx_word' id='word_1_814' title='bbox 915 3087 935 3112; x_wconf 83' lang='grc' dir='ltr'><em>ς</em></span> <span class='ocrx_word' id='word_1_815' title='bbox 953 3079 964 3118; x_wconf 85' lang='grc' dir='ltr'><strong>ΙΙ</strong></span> <span class='ocrx_word' id='word_1_816' title='bbox 983 3078 1021 3109; x_wconf 90' lang='grc'><strong>11</strong></span> <span class='ocrx_word' id='word_1_817' title='bbox 1046 3072 1278 3117; x_wconf 85' lang='grc' dir='ltr'><em>συνανειλημ·</em></span> 
     </span>
     <span class='ocr_line' id='line_1_101' title="bbox 195 3117 1277 3167; baseline -0.004 -13"><span class='ocrx_word' id='word_1_818' title='bbox 195 3125 307 3166; x_wconf 55' lang='grc' dir='ltr'><em>μένα*</em></span> <span class='ocrx_word' id='word_1_819' title='bbox 328 3124 377 3155; x_wconf 82' lang='lat' dir='ltr'><strong>La</strong></span> <span class='ocrx_word' id='word_1_820' title='bbox 395 3122 407 3166; x_wconf 84' lang='grc' dir='ltr'><strong>ΙΙ</strong></span> <span class='ocrx_word' id='word_1_821' title='bbox 426 3124 466 3156; x_wconf 84' lang='grc'><strong>15</strong></span> <span class='ocrx_word' id='word_1_822' title='bbox 492 3119 781 3167; x_wconf 76' lang='grc' dir='ltr'><em>ἀναγνώσονται]</em></span> <span class='ocrx_word' id='word_1_823' title='bbox 806 3121 952 3162; x_wconf 89' lang='lat' dir='ltr'><strong>legentes</strong></span> <span class='ocrx_word' id='word_1_824' title='bbox 967 3133 986 3157; x_wconf 81' lang='grc' dir='ltr'><em>ς</em></span> <span class='ocrx_word' id='word_1_825' title='bbox 1002 3121 1014 3165; x_wconf 73' lang='grc' dir='ltr'><strong>ΙΙ</strong></span> <span class='ocrx_word' id='word_1_826' title='bbox 1036 3122 1076 3154; x_wconf 89' lang='grc'><strong>16</strong></span> <span class='ocrx_word' id='word_1_827' title='bbox 1092 3117 1277 3154; x_wconf 80' lang='grc' dir='ltr'><em>ἀναπτύσ-</em></span> 
     </span>
     <span class='ocr_line' id='line_1_102' title="bbox 196 3163 1280 3209; baseline -0.005 -8"><span class='ocrx_word' id='word_1_828' title='bbox 196 3170 328 3209; x_wconf 83' lang='grc' dir='ltr'><em>σοντες]</em></span> <span class='ocrx_word' id='word_1_829' title='bbox 355 3170 545 3209; x_wconf 78' lang='lat' dir='ltr'><strong>respuentes</strong></span> <span class='ocrx_word' id='word_1_830' title='bbox 569 3169 602 3207; x_wconf 70' lang='lat' dir='ltr'><strong>(i.</strong></span> <span class='ocrx_word' id='word_1_831' title='bbox 621 3180 646 3200; x_wconf 86' lang='lat' dir='ltr'><strong>e.</strong></span> <span class='ocrx_word' id='word_1_832' title='bbox 671 3163 931 3207; x_wconf 80' lang='grc' dir='ltr'><em>ἀναπτύοντες)</em></span> <span class='ocrx_word' id='word_1_833' title='bbox 957 3178 975 3202; x_wconf 83' lang='grc' dir='ltr'><em>ς</em></span> <span class='ocrx_word' id='word_1_834' title='bbox 992 3166 1004 3208; x_wconf 85' lang='grc' dir='ltr'><strong>ΙΙ</strong></span> <span class='ocrx_word' id='word_1_835' title='bbox 1031 3168 1070 3199; x_wconf 84' lang='grc'><strong>17</strong></span> <span class='ocrx_word' id='word_1_836' title='bbox 1097 3165 1280 3208; x_wconf 86' lang='grc' dir='ltr'><em>εἰρημένας</em></span> 
     </span>
     <span class='ocr_line' id='line_1_103' title="bbox 196 3210 1280 3256; baseline -0.005 -11"><span class='ocrx_word' id='word_1_837' title='bbox 196 3214 228 3245; x_wconf 92' lang='lat' dir='ltr'><em>L</em></span> <span class='ocrx_word' id='word_1_838' title='bbox 244 3214 255 3254; x_wconf 76' lang='grc' dir='ltr'><strong>ΙΙ</strong></span> <span class='ocrx_word' id='word_1_839' title='bbox 275 3211 632 3256; x_wconf 76' lang='grc' dir='ltr'><em>παραλαμβάνοντες]</em></span> <span class='ocrx_word' id='word_1_840' title='bbox 650 3211 783 3244; x_wconf 84' lang='lat' dir='ltr'><strong>traditis</strong></span> <span class='ocrx_word' id='word_1_841' title='bbox 800 3223 819 3247; x_wconf 83' lang='grc' dir='ltr'><em>ς</em></span> <span class='ocrx_word' id='word_1_842' title='bbox 835 3210 846 3254; x_wconf 92' lang='grc' dir='ltr'><strong>ΙΙ</strong></span> <span class='ocrx_word' id='word_1_843' title='bbox 868 3213 907 3244; x_wconf 89' lang='grc'><strong>18</strong></span> <span class='ocrx_word' id='word_1_844' title='bbox 925 3212 1158 3254; x_wconf 85' lang='grc' dir='ltr'><em>κενοφωνίας]</em></span> <span class='ocrx_word' id='word_1_845' title='bbox 1177 3218 1280 3242; x_wconf 81' lang='lat' dir='ltr'><strong>novae</strong></span> 
     </span>
     <span class='ocr_line' id='line_1_104' title="bbox 196 3254 1279 3301; baseline -0.002 -13"><span class='ocrx_word' id='word_1_846' title='bbox 196 3258 285 3290; x_wconf 85' lang='lat' dir='ltr'><strong>vocis</strong></span> <span class='ocrx_word' id='word_1_847' title='bbox 309 3259 331 3290; x_wconf 80' lang='lat' dir='ltr'><strong>i.</strong></span> <span class='ocrx_word' id='word_1_848' title='bbox 348 3271 372 3290; x_wconf 87' lang='lat' dir='ltr'><strong>e.</strong></span> <span class='ocrx_word' id='word_1_849' title='bbox 399 3259 642 3301; x_wconf 87' lang='grc' dir='ltr'><em>καινοφωνίας</em></span> <span class='ocrx_word' id='word_1_850' title='bbox 665 3268 684 3292; x_wconf 85' lang='grc' dir='ltr'><em>ς</em></span> <span class='ocrx_word' id='word_1_851' title='bbox 708 3258 763 3299; x_wconf 69' lang='lat' dir='ltr'><strong>“f-</strong></span> <span class='ocrx_word' id='word_1_852' title='bbox 789 3257 834 3288; x_wconf 81' lang='lat' dir='ltr'><strong>ad</strong></span> <span class='ocrx_word' id='word_1_853' title='bbox 852 3257 908 3296; x_wconf 89' lang='lat'><strong>30)</strong></span> <span class='ocrx_word' id='word_1_854' title='bbox 935 3255 948 3300; x_wconf 79' lang='lat' dir='ltr'>ss</span> <span class='ocrx_word' id='word_1_855' title='bbox 982 3258 1021 3290; x_wconf 83' lang='lat'><strong>19</strong></span> <span class='ocrx_word' id='word_1_856' title='bbox 1054 3254 1279 3297; x_wconf 82' lang='grc' dir='ltr'><em>ἐπινενοημέ-</em></span> 
     </span>
     <span class='ocr_line' id='line_1_105' title="bbox 197 3297 1280 3344; baseline -0.003 -10"><span class='ocrx_word' id='word_1_857' title='bbox 197 3304 272 3343; x_wconf 89' lang='grc' dir='ltr'><em>νας]</em></span> <span class='ocrx_word' id='word_1_858' title='bbox 299 3303 562 3343; x_wconf 79' lang='lat' dir='ltr'><strong>intelligentium</strong></span> <span class='ocrx_word' id='word_1_859' title='bbox 587 3304 620 3342; x_wconf 84' lang='lat' dir='ltr'><strong>(i.</strong></span> <span class='ocrx_word' id='word_1_860' title='bbox 640 3314 666 3334; x_wconf 83' lang='lat' dir='ltr'><strong>e.</strong></span> <span class='ocrx_word' id='word_1_861' title='bbox 683 3300 1012 3344; x_wconf 68' lang='grc' dir='ltr'><em>ἐπινενοημένωνῖ)</em></span> <span class='ocrx_word' id='word_1_862' title='bbox 1027 3312 1047 3337; x_wconf 80' lang='grc' dir='ltr'><em>ς</em></span> <span class='ocrx_word' id='word_1_863' title='bbox 1065 3300 1077 3344; x_wconf 73' lang='grc' dir='ltr'><strong>Ι]</strong></span> <span class='ocrx_word' id='word_1_864' title='bbox 1094 3297 1240 3342; x_wconf 82' lang='grc' dir='ltr'><em>ὃιδομέν</em></span> <span class='ocrx_word' id='word_1_865' title='bbox 1265 3307 1280 3330; x_wconf 84' lang='grc' dir='ltr'><strong>ς</strong></span> 
     </span>
     <span class='ocr_line' id='line_1_106' title="bbox 197 3310 1279 3395; baseline -0.001 -17"><span class='ocrx_word' id='word_1_866' title='bbox 197 3347 228 3378; x_wconf 91' lang='lat' dir='ltr'><em>L</em></span> <span class='ocrx_word' id='word_1_867' title='bbox 256 3347 267 3389; x_wconf 94' lang='grc' dir='ltr'><strong>ΙΙ</strong></span> <span class='ocrx_word' id='word_1_868' title='bbox 288 3349 339 3380; x_wconf 71' lang='grc'><strong>’20</strong></span> <span class='ocrx_word' id='word_1_869' title='bbox 363 3343 474 3379; x_wconf 61' lang='grc' dir='ltr'><em>*ουδὲ</em></span> <span class='ocrx_word' id='word_1_870' title='bbox 499 3347 624 3379; x_wconf 78' lang='lat' dir='ltr'><em>MLB⁶</em></span> <span class='ocrx_word' id='word_1_871' title='bbox 654 3346 665 3388; x_wconf 88' lang='grc' dir='ltr'><strong>ΙΙ</strong></span> <span class='ocrx_word' id='word_1_872' title='bbox 693 3345 969 3387; x_wconf 62' lang='grc' dir='ltr'><em>ἐνταχθήσονται</em></span> <span class='ocrx_word' id='word_1_873' title='bbox 990 3346 1036 3378; x_wconf 90' lang='grc' dir='ltr'><strong>Μ</strong></span> <span class='ocrx_word' id='word_1_874' title='bbox 1056 3346 1068 3388; x_wconf 76' lang='grc' dir='ltr'><strong>ΙΙ</strong></span> <span class='ocrx_word' id='word_1_875' title='bbox 1099 3346 1141 3378; x_wconf 87' lang='grc'><strong>22</strong></span> <span class='ocrx_word' id='word_1_876' title='bbox 1167 3310 1279 3395; x_wconf 50' lang='lat' dir='ltr'><strong>*virgi</strong></span> 
     </span>
     <span class='ocr_line' id='line_1_107' title="bbox 197 3386 1278 3434; baseline -0.002 -11"><span class='ocrx_word' id='word_1_877' title='bbox 197 3392 333 3428; x_wconf 60' lang='lat' dir='ltr'><em>MLBcz</em></span> <span class='ocrx_word' id='word_1_878' title='bbox 350 3392 361 3433; x_wconf 84' lang='grc' dir='ltr'><strong>ΙΙ</strong></span> <span class='ocrx_word' id='word_1_879' title='bbox 394 3393 434 3425; x_wconf 88' lang='grc'><strong>23</strong></span> <span class='ocrx_word' id='word_1_880' title='bbox 469 3390 504 3424; x_wconf 86' lang='grc' dir='ltr'><em>οἱ</em></span> <span class='ocrx_word' id='word_1_881' title='bbox 527 3386 609 3434; x_wconf 72' lang='grc' dir='ltr'><em>παρ’</em></span> <span class='ocrx_word' id='word_1_882' title='bbox 638 3388 767 3431; x_wconf 75' lang='grc' dir='ltr'><em>αὐτοῖς]</em></span> <span class='ocrx_word' id='word_1_883' title='bbox 793 3390 852 3431; x_wconf 85' lang='lat' dir='ltr'><strong>qui</strong></span> <span class='ocrx_word' id='word_1_884' title='bbox 876 3390 916 3422; x_wconf 86' lang='lat' dir='ltr'><strong>ab</strong></span> <span class='ocrx_word' id='word_1_885' title='bbox 941 3390 987 3423; x_wconf 89' lang='lat' dir='ltr'><strong>eis</strong></span> <span class='ocrx_word' id='word_1_886' title='bbox 1010 3390 1149 3422; x_wconf 87' lang='lat' dir='ltr'><strong>maiores</strong></span> <span class='ocrx_word' id='word_1_887' title='bbox 1173 3399 1278 3422; x_wconf 90' lang='lat' dir='ltr'><strong>omm-</strong></span> 
     </span>
     <span class='ocr_line' id='line_1_108' title="bbox 197 3433 1279 3479; baseline 0 -13"><span class='ocrx_word' id='word_1_888' title='bbox 197 3435 259 3467; x_wconf 81' lang='lat' dir='ltr'><strong>bus</strong></span> <span class='ocrx_word' id='word_1_889' title='bbox 284 3448 302 3471; x_wconf 82' lang='grc' dir='ltr'><em>ς</em></span> <span class='ocrx_word' id='word_1_890' title='bbox 330 3436 342 3477; x_wconf 80' lang='grc' dir='ltr'><strong>ΙΙ</strong></span> <span class='ocrx_word' id='word_1_891' title='bbox 372 3438 414 3470; x_wconf 88' lang='grc'><strong>28</strong></span> <span class='ocrx_word' id='word_1_892' title='bbox 446 3434 598 3468; x_wconf 79' lang='grc' dir='ltr'><em>ἄκοντας</em></span> <span class='ocrx_word' id='word_1_893' title='bbox 622 3437 673 3468; x_wconf 78' lang='lat' dir='ltr'><strong>L“</strong></span> <span class='ocrx_word' id='word_1_894' title='bbox 699 3435 710 3479; x_wconf 80' lang='grc' dir='ltr'><strong>ΙΙ</strong></span> <span class='ocrx_word' id='word_1_895' title='bbox 740 3433 890 3468; x_wconf 81' lang='grc' dir='ltr'><em>καλιόνα</em></span> <span class='ocrx_word' id='word_1_896' title='bbox 918 3447 959 3467; x_wconf 85' lang='grc' dir='ltr'><strong>τε</strong></span> <span class='ocrx_word' id='word_1_897' title='bbox 978 3435 1010 3467; x_wconf 89' lang='lat' dir='ltr'><em>L</em></span> <span class='ocrx_word' id='word_1_898' title='bbox 1039 3434 1178 3467; x_wconf 86' lang='lat' dir='ltr'><strong>meliora</strong></span> <span class='ocrx_word' id='word_1_899' title='bbox 1201 3443 1279 3467; x_wconf 83' lang='lat' dir='ltr'><strong>vero</strong></span> 
     </span>
     <span class='ocr_line' id='line_1_109' title="bbox 197 3476 1280 3524; baseline -0.001 -12"><span class='ocrx_word' id='word_1_900' title='bbox 197 3481 231 3518; x_wconf 83' lang='grc' dir='ltr'><em>(ι’.</em></span> <span class='ocrx_word' id='word_1_901' title='bbox 249 3493 274 3512; x_wconf 88' lang='lat' dir='ltr'><strong>e.</strong></span> <span class='ocrx_word' id='word_1_902' title='bbox 300 3478 349 3520; x_wconf 82' lang='grc' dir='ltr'><strong>δὲ)</strong></span> <span class='ocrx_word' id='word_1_903' title='bbox 375 3492 394 3515; x_wconf 86' lang='grc' dir='ltr'><em>ς</em></span> <span class='ocrx_word' id='word_1_904' title='bbox 422 3481 435 3523; x_wconf 80' lang='grc' dir='ltr'><strong>ΙΙ</strong></span> <span class='ocrx_word' id='word_1_905' title='bbox 461 3482 503 3513; x_wconf 87' lang='lat'><strong>30</strong></span> <span class='ocrx_word' id='word_1_906' title='bbox 528 3491 580 3513; x_wconf 89' lang='grc' dir='ltr'><strong>τις</strong></span> <span class='ocrx_word' id='word_1_907' title='bbox 605 3481 655 3513; x_wconf 59' lang='lat' dir='ltr'><strong>La</strong></span> <span class='ocrx_word' id='word_1_908' title='bbox 678 3480 690 3523; x_wconf 72' lang='lat' dir='ltr'>ss</span> <span class='ocrx_word' id='word_1_909' title='bbox 721 3481 761 3514; x_wconf 88' lang='lat'><strong>31</strong></span> <span class='ocrx_word' id='word_1_910' title='bbox 788 3477 808 3521; x_wconf 81' lang='grc' dir='ltr'>ἢ</span> <span class='ocrx_word' id='word_1_911' title='bbox 831 3482 961 3524; x_wconf 80' lang='grc' dir='ltr'><em>κρίσιν]</em></span> <span class='ocrx_word' id='word_1_912' title='bbox 984 3481 1017 3512; x_wconf 85' lang='lat' dir='ltr'><strong>et</strong></span> <span class='ocrx_word' id='word_1_913' title='bbox 1038 3479 1201 3512; x_wconf 87' lang='lat' dir='ltr'><strong>iudicium</strong></span> <span class='ocrx_word' id='word_1_914' title='bbox 1225 3490 1244 3515; x_wconf 84' lang='grc' dir='ltr'><em>ς</em></span> <span class='ocrx_word' id='word_1_915' title='bbox 1268 3476 1280 3522; x_wconf 78' lang='grc' dir='ltr'><strong>ΙΙ</strong></span> 
     </span>
     <span class='ocr_line' id='line_1_110' title="bbox 199 3519 1279 3567; baseline 0 -11"><span class='ocrx_word' id='word_1_916' title='bbox 199 3525 241 3556; x_wconf 88' lang='grc'><strong>32</strong></span> <span class='ocrx_word' id='word_1_917' title='bbox 265 3519 286 3564; x_wconf 78' lang='grc' dir='ltr'><em>ἢ</em></span> <span class='ocrx_word' id='word_1_918' title='bbox 310 3524 367 3564; x_wconf 87' lang='grc' dir='ltr'><em>τὸ]</em></span> <span class='ocrx_word' id='word_1_919' title='bbox 391 3522 471 3566; x_wconf 78' lang='grc' dir='ltr'><em>ἤτοι</em></span> <span class='ocrx_word' id='word_1_920' title='bbox 494 3526 681 3558; x_wconf 79' lang='lat' dir='ltr'><strong>Zachariae</strong></span> <span class='ocrx_word' id='word_1_921' title='bbox 706 3538 767 3557; x_wconf 84' lang='lat' dir='ltr'><strong>non</strong></span> <span class='ocrx_word' id='word_1_922' title='bbox 792 3533 874 3558; x_wconf 83' lang='lat' dir='ltr'><strong>recte</strong></span> <span class='ocrx_word' id='word_1_923' title='bbox 890 3524 902 3567; x_wconf 75' lang='lat' dir='ltr'>H</span> <span class='ocrx_word' id='word_1_924' title='bbox 929 3526 973 3557; x_wconf 89' lang='lat'><strong>34</strong></span> <span class='ocrx_word' id='word_1_925' title='bbox 997 3520 1094 3557; x_wconf 68' lang='grc' dir='ltr'><em>οὕτω</em></span> <span class='ocrx_word' id='word_1_926' title='bbox 1120 3532 1149 3556; x_wconf 85' lang='lat' dir='ltr'><strong>et</strong></span> <span class='ocrx_word' id='word_1_927' title='bbox 1172 3520 1279 3565; x_wconf 73' lang='grc' dir='ltr'><em>αὐτῆς</em></span> 
     </span>
     <span class='ocr_line' id='line_1_111' title="bbox 200 3567 1277 3612; baseline 0.004 -14"><span class='ocrx_word' id='word_1_928' title='bbox 200 3580 257 3598; x_wconf 85' lang='lat' dir='ltr'><strong>om.</strong></span> <span class='ocrx_word' id='word_1_929' title='bbox 282 3580 300 3603; x_wconf 86' lang='grc' dir='ltr'><em>ς</em></span> <span class='ocrx_word' id='word_1_930' title='bbox 319 3569 330 3611; x_wconf 83' lang='grc' dir='ltr'><strong>ΙΙ</strong></span> <span class='ocrx_word' id='word_1_931' title='bbox 348 3572 388 3601; x_wconf 81' lang='grc'><strong>35</strong></span> <span class='ocrx_word' id='word_1_932' title='bbox 410 3570 471 3610; x_wconf 78' lang='grc' dir='ltr'><strong>τῆς</strong></span> <span class='ocrx_word' id='word_1_933' title='bbox 495 3582 552 3601; x_wconf 86' lang='lat' dir='ltr'><strong>om.</strong></span> <span class='ocrx_word' id='word_1_934' title='bbox 578 3571 626 3602; x_wconf 61' lang='grc' dir='ltr'><strong>[β</strong></span> <span class='ocrx_word' id='word_1_935' title='bbox 643 3573 655 3612; x_wconf 77' lang='grc' dir='ltr'><strong>ΙΙ</strong></span> <span class='ocrx_word' id='word_1_936' title='bbox 675 3567 998 3608; x_wconf 71' lang='grc' dir='ltr'><em>ἐξολισθαίναντας</em></span> <span class='ocrx_word' id='word_1_937' title='bbox 1013 3570 1065 3602; x_wconf 79' lang='lat' dir='ltr'><strong>La</strong></span> <span class='ocrx_word' id='word_1_938' title='bbox 1089 3567 1277 3611; x_wconf 71' lang='grc' dir='ltr'><em>ἐξολισθὴ-</em></span> 
     </span>
     <span class='ocr_line' id='line_1_112' title="bbox 201 3609 754 3657; baseline 0.009 -16"><span class='ocrx_word' id='word_1_939' title='bbox 201 3622 332 3644; x_wconf 89' lang='grc' dir='ltr'><em>σαντας</em></span> <span class='ocrx_word' id='word_1_940' title='bbox 353 3612 399 3644; x_wconf 69' lang='lat' dir='ltr'><strong>Ll&#39;</strong></span> <span class='ocrx_word' id='word_1_941' title='bbox 414 3614 427 3655; x_wconf 76' lang='lat' dir='ltr'>ss</span> <span class='ocrx_word' id='word_1_942' title='bbox 445 3609 683 3657; x_wconf 73' lang='grc' dir='ltr'><em>ἀναγνώσεως</em></span> <span class='ocrx_word' id='word_1_943' title='bbox 709 3615 754 3646; x_wconf 87' lang='lat' dir='ltr'><em>M</em></span> 
     </span>
    </p>
   </div>
   <div class='ocr_carea' id='block_1_36' title="bbox 246 3699 1276 3745">
    <p class='ocr_par' dir='ltr' id='par_1_38' title="bbox 246 3699 1276 3745">
     <span class='ocr_line' id='line_1_113' title="bbox 246 3699 1276 3745; baseline 0.004 -14"><span class='ocrx_word' id='word_1_944' title='bbox 246 3699 267 3731; x_wconf 87' lang='lat'>4</span> <span class='ocrx_word' id='word_1_945' title='bbox 292 3700 433 3731; x_wconf 87' lang='lat' dir='ltr'><strong>utuntur</strong></span> <span class='ocrx_word' id='word_1_946' title='bbox 453 3702 602 3743; x_wconf 76' lang='lat' dir='ltr'><strong>rTvulq.</strong></span> <span class='ocrx_word' id='word_1_947' title='bbox 628 3703 758 3733; x_wconf 87' lang='lat' dir='ltr'><strong>utentes</strong></span> <span class='ocrx_word' id='word_1_948' title='bbox 776 3702 810 3734; x_wconf 91' lang='lat' dir='ltr'><strong><em>V</em></strong></span> <span class='ocrx_word' id='word_1_949' title='bbox 826 3703 976 3742; x_wconf 84' lang='lat' dir='ltr'><strong>(utantur</strong></span> <span class='ocrx_word' id='word_1_950' title='bbox 993 3703 1098 3744; x_wconf 79' lang='lat' dir='ltr'><strong>Beck)</strong></span> <span class='ocrx_word' id='word_1_951' title='bbox 1116 3702 1128 3745; x_wconf 84' lang='grc' dir='ltr'><strong>ΙΙ</strong></span> <span class='ocrx_word' id='word_1_952' title='bbox 1147 3704 1165 3735; x_wconf 88' lang='lat'>5</span> <span class='ocrx_word' id='word_1_953' title='bbox 1182 3713 1276 3744; x_wconf 87' lang='lat' dir='ltr'><strong>prae-</strong></span> 
     </span>
    </p>
   </div>
   <div class='ocr_carea' id='block_1_37' title="bbox 1342 2847 2436 3746">
    <p class='ocr_par' dir='ltr' id='par_1_39' title="bbox 1342 2847 2436 3746">
     <span class='ocr_line' id='line_1_114' title="bbox 1342 2847 2434 2894; baseline 0.002 -13"><span class='ocrx_word' id='word_1_954' title='bbox 1342 2860 1408 2891; x_wconf 90' lang='lat' dir='ltr'><strong>pue</strong></span> <span class='ocrx_word' id='word_1_955' title='bbox 1430 2849 1487 2894; x_wconf 71' lang='lat' dir='ltr'><strong>Vll</strong></span> <span class='ocrx_word' id='word_1_956' title='bbox 1503 2852 1521 2883; x_wconf 82' lang='lat'><strong>7</strong></span> <span class='ocrx_word' id='word_1_957' title='bbox 1547 2848 1673 2890; x_wconf 87' lang='lat' dir='ltr'><strong>aquilie</strong></span> <span class='ocrx_word' id='word_1_958' title='bbox 1699 2847 1755 2893; x_wconf 88' lang='grc' dir='ltr'><strong>ΤΙΙ</strong></span> <span class='ocrx_word' id='word_1_959' title='bbox 1784 2850 1803 2883; x_wconf 89' lang='grc'>8</span> <span class='ocrx_word' id='word_1_960' title='bbox 1830 2848 1930 2881; x_wconf 91' lang='lat' dir='ltr'><strong>habet</strong></span> <span class='ocrx_word' id='word_1_961' title='bbox 1949 2858 1968 2880; x_wconf 87' lang='lat' dir='ltr'><strong>a</strong></span> <span class='ocrx_word' id='word_1_962' title='bbox 1992 2849 2184 2889; x_wconf 82' lang='lat' dir='ltr'><strong>Heimbaclz]</strong></span> <span class='ocrx_word' id='word_1_963' title='bbox 2210 2848 2329 2881; x_wconf 88' lang='lat' dir='ltr'><strong>habita</strong></span> <span class='ocrx_word' id='word_1_964' title='bbox 2356 2849 2434 2883; x_wconf 82' lang='lat' dir='ltr'><strong>libri</strong></span> 
     </span>
     <span class='ocr_line' id='line_1_115' title="bbox 1343 2892 2433 2939; baseline -0.001 -11"><span class='ocrx_word' id='word_1_965' title='bbox 1343 2895 1410 2938; x_wconf 79' lang='grc'><strong>1110</strong></span> <span class='ocrx_word' id='word_1_966' title='bbox 1436 2894 1577 2927; x_wconf 81' lang='lat' dir='ltr'><strong>secunde</strong></span> <span class='ocrx_word' id='word_1_967' title='bbox 1601 2893 1684 2926; x_wconf 86' lang='lat' dir='ltr'><strong>ditio</strong></span> <span class='ocrx_word' id='word_1_968' title='bbox 1705 2894 1759 2936; x_wconf 78' lang='lat' dir='ltr'><strong>Vss</strong></span> <span class='ocrx_word' id='word_1_969' title='bbox 1781 2896 1818 2928; x_wconf 91' lang='lat'><strong>11</strong></span> <span class='ocrx_word' id='word_1_970' title='bbox 1843 2904 1911 2927; x_wconf 86' lang='lat' dir='ltr'><strong>uon</strong></span> <span class='ocrx_word' id='word_1_971' title='bbox 1931 2906 1989 2927; x_wconf 88' lang='lat' dir='ltr'><strong>om.</strong></span> <span class='ocrx_word' id='word_1_972' title='bbox 2013 2894 2045 2927; x_wconf 88' lang='grc' dir='ltr'><em>Τ</em></span> <span class='ocrx_word' id='word_1_973' title='bbox 2059 2892 2072 2936; x_wconf 85' lang='grc' dir='ltr'><strong>ΙΙ</strong></span> <span class='ocrx_word' id='word_1_974' title='bbox 2091 2895 2132 2927; x_wconf 87' lang='grc'><strong>12</strong></span> <span class='ocrx_word' id='word_1_975' title='bbox 2155 2894 2332 2937; x_wconf 85' lang='lat' dir='ltr'><strong>prophetes</strong></span> <span class='ocrx_word' id='word_1_976' title='bbox 2358 2894 2404 2927; x_wconf 78' lang='lat' dir='ltr'><strong>V“</strong></span> <span class='ocrx_word' id='word_1_977' title='bbox 2420 2893 2433 2939; x_wconf 80' lang='grc' dir='ltr'>Η</span> 
     </span>
     <span class='ocr_line' id='line_1_116' title="bbox 1346 2938 2433 2983; baseline 0 -11"><span class='ocrx_word' id='word_1_978' title='bbox 1346 2940 1561 2972; x_wconf 80' lang='lat' dir='ltr'><strong>constitutam</strong></span> <span class='ocrx_word' id='word_1_979' title='bbox 1584 2940 1682 2982; x_wconf 61' lang='grc' dir='ltr'><em>ναῖς]</em></span> <span class='ocrx_word' id='word_1_980' title='bbox 1705 2938 1963 2983; x_wconf 86' lang='lat' dir='ltr'><strong>constitutorum</strong></span> <span class='ocrx_word' id='word_1_981' title='bbox 1987 2939 2243 2980; x_wconf 73' lang='lat' dir='ltr'><strong>(constitueram</strong></span> <span class='ocrx_word' id='word_1_982' title='bbox 2269 2939 2329 2981; x_wconf 71' lang='lat' dir='ltr'><strong>Ta)</strong></span> <span class='ocrx_word' id='word_1_983' title='bbox 2355 2939 2433 2973; x_wconf 80' lang='lat' dir='ltr'><strong>libri</strong></span> 
     </span>
     <span class='ocr_line' id='line_1_117' title="bbox 1345 2983 2429 3028; baseline 0 -10"><span class='ocrx_word' id='word_1_984' title='bbox 1345 2984 1355 3027; x_wconf 91' lang='grc' dir='ltr'><strong>ΙΙ</strong></span> <span class='ocrx_word' id='word_1_985' title='bbox 1371 2987 1412 3019; x_wconf 91' lang='grc'><strong>13</strong></span> <span class='ocrx_word' id='word_1_986' title='bbox 1432 2995 1471 3017; x_wconf 83' lang='lat' dir='ltr'><strong>ex</strong></span> <span class='ocrx_word' id='word_1_987' title='bbox 1490 2985 1592 3028; x_wconf 53' lang='lat' dir='ltr'><strong>vala]</strong></span> <span class='ocrx_word' id='word_1_988' title='bbox 1617 2986 1650 3016; x_wconf 89' lang='lat' dir='ltr'><strong>et</strong></span> <span class='ocrx_word' id='word_1_989' title='bbox 1675 2985 1751 3017; x_wconf 82' lang='lat' dir='ltr'><strong>libri</strong></span> <span class='ocrx_word' id='word_1_990' title='bbox 1764 2984 1776 3026; x_wconf 76' lang='lat' dir='ltr'><strong>{l</strong></span> <span class='ocrx_word' id='word_1_991' title='bbox 1794 2984 2004 3025; x_wconf 87' lang='lat' dir='ltr'><strong>loquentium</strong></span> <span class='ocrx_word' id='word_1_992' title='bbox 2021 2991 2051 3016; x_wconf 82' lang='lat' dir='ltr'><strong>et</strong></span> <span class='ocrx_word' id='word_1_993' title='bbox 2072 2984 2114 3017; x_wconf 86' lang='lat'><strong>14</strong></span> <span class='ocrx_word' id='word_1_994' title='bbox 2129 2983 2321 3016; x_wconf 81' lang='lat' dir='ltr'><strong>habentium</strong></span> <span class='ocrx_word' id='word_1_995' title='bbox 2338 2984 2429 3027; x_wconf 73' lang='lat' dir='ltr'><strong>vuly.</strong></span> 
     </span>
     <span class='ocr_line' id='line_1_118' title="bbox 1344 3027 2431 3074; baseline 0 -13"><span class='ocrx_word' id='word_1_996' title='bbox 1344 3028 1356 3074; x_wconf 80' lang='grc' dir='ltr'><strong>ΙΙ</strong></span> <span class='ocrx_word' id='word_1_997' title='bbox 1368 3031 1456 3062; x_wconf 87' lang='lat' dir='ltr'><strong>terra</strong></span> <span class='ocrx_word' id='word_1_998' title='bbox 1478 3031 1575 3074; x_wconf 58' lang='lat' dir='ltr'><strong>vulgi-J</strong></span> <span class='ocrx_word' id='word_1_999' title='bbox 1599 3030 1722 3061; x_wconf 86' lang='lat' dir='ltr'><strong>terram</strong></span> <span class='ocrx_word' id='word_1_1000' title='bbox 1742 3029 1776 3062; x_wconf 91' lang='lat' dir='ltr'><strong><em>V</em></strong></span> <span class='ocrx_word' id='word_1_1001' title='bbox 1792 3031 1924 3062; x_wconf 88' lang='lat' dir='ltr'><strong>terrena</strong></span> <span class='ocrx_word' id='word_1_1002' title='bbox 1947 3029 2000 3061; x_wconf 89' lang='lat' dir='ltr'><strong>rT</strong></span> <span class='ocrx_word' id='word_1_1003' title='bbox 2019 3028 2032 3072; x_wconf 87' lang='grc' dir='ltr'><strong>ΙΙ</strong></span> <span class='ocrx_word' id='word_1_1004' title='bbox 2059 3031 2098 3062; x_wconf 84' lang='grc'><strong>15</strong></span> <span class='ocrx_word' id='word_1_1005' title='bbox 2119 3028 2268 3069; x_wconf 84' lang='lat' dir='ltr'><strong>legenter</strong></span> <span class='ocrx_word' id='word_1_1006' title='bbox 2288 3028 2322 3062; x_wconf 90' lang='lat' dir='ltr'><strong><em>V</em></strong></span> <span class='ocrx_word' id='word_1_1007' title='bbox 2340 3027 2353 3072; x_wconf 85' lang='grc' dir='ltr'><strong>ΙΙ</strong></span> <span class='ocrx_word' id='word_1_1008' title='bbox 2378 3038 2431 3061; x_wconf 84' lang='lat' dir='ltr'><strong>re-</strong></span> 
     </span>
     <span class='ocr_line' id='line_1_119' title="bbox 1346 3073 2429 3116; baseline 0.001 -10"><span class='ocrx_word' id='word_1_1009' title='bbox 1346 3077 1518 3116; x_wconf 84' lang='lat' dir='ltr'><strong>spuentem</strong></span> <span class='ocrx_word' id='word_1_1010' title='bbox 1542 3088 1560 3107; x_wconf 91' lang='lat' dir='ltr'><strong>r</strong></span> <span class='ocrx_word' id='word_1_1011' title='bbox 1579 3086 1643 3116; x_wconf 65' lang='lat' dir='ltr'><strong>pr„</strong></span> <span class='ocrx_word' id='word_1_1012' title='bbox 1667 3074 1903 3116; x_wconf 83' lang='lat' dir='ltr'><strong>respondentes</strong></span> <span class='ocrx_word' id='word_1_1013' title='bbox 1924 3073 1978 3116; x_wconf 76' lang='lat' dir='ltr'><strong>VH</strong></span> <span class='ocrx_word' id='word_1_1014' title='bbox 2001 3075 2041 3107; x_wconf 87' lang='grc'><strong>16</strong></span> <span class='ocrx_word' id='word_1_1015' title='bbox 2065 3073 2124 3114; x_wconf 92' lang='lat' dir='ltr'><strong>qui</strong></span> <span class='ocrx_word' id='word_1_1016' title='bbox 2145 3073 2200 3116; x_wconf 70' lang='lat' dir='ltr'><strong>Vll</strong></span> <span class='ocrx_word' id='word_1_1017' title='bbox 2219 3084 2271 3106; x_wconf 85' lang='lat' dir='ltr'><strong>eas</strong></span> <span class='ocrx_word' id='word_1_1018' title='bbox 2288 3073 2340 3105; x_wconf 64' lang='lat' dir='ltr'><strong>Tu</strong></span> <span class='ocrx_word' id='word_1_1019' title='bbox 2357 3073 2369 3116; x_wconf 91' lang='grc' dir='ltr'><strong>ΙΙ</strong></span> <span class='ocrx_word' id='word_1_1020' title='bbox 2389 3075 2429 3107; x_wconf 83' lang='grc'><strong>17</strong></span> 
     </span>
     <span class='ocr_line' id='line_1_120' title="bbox 1346 3117 2430 3163; baseline -0.002 -12"><span class='ocrx_word' id='word_1_1021' title='bbox 1346 3120 1416 3151; x_wconf 89' lang='lat' dir='ltr'><strong>siue</strong></span> <span class='ocrx_word' id='word_1_1022' title='bbox 1431 3120 1487 3163; x_wconf 74' lang='lat' dir='ltr'><strong>Vll</strong></span> <span class='ocrx_word' id='word_1_1023' title='bbox 1504 3119 1609 3160; x_wconf 86' lang='lat' dir='ltr'><strong>vocis]</strong></span> <span class='ocrx_word' id='word_1_1024' title='bbox 1632 3118 1715 3161; x_wconf 79' lang='lat' dir='ltr'><strong>legis</strong></span> <span class='ocrx_word' id='word_1_1025' title='bbox 1733 3120 1764 3151; x_wconf 89' lang='lat' dir='ltr'><em>T</em></span> <span class='ocrx_word' id='word_1_1026' title='bbox 1775 3120 1786 3161; x_wconf 91' lang='grc' dir='ltr'><strong>ΙΙ</strong></span> <span class='ocrx_word' id='word_1_1027' title='bbox 1808 3121 1848 3153; x_wconf 91' lang='grc'><strong>19</strong></span> <span class='ocrx_word' id='word_1_1028' title='bbox 1872 3118 2081 3151; x_wconf 85' lang='lat' dir='ltr'><strong>subiciantur</strong></span> <span class='ocrx_word' id='word_1_1029' title='bbox 2095 3118 2183 3161; x_wconf 76' lang='lat' dir='ltr'><strong>vuly.</strong></span> <span class='ocrx_word' id='word_1_1030' title='bbox 2202 3117 2214 3160; x_wconf 80' lang='grc' dir='ltr'><strong>ΙΙ</strong></span> <span class='ocrx_word' id='word_1_1031' title='bbox 2233 3119 2275 3151; x_wconf 88' lang='grc'><strong>20</strong></span> <span class='ocrx_word' id='word_1_1032' title='bbox 2291 3117 2430 3150; x_wconf 89' lang='lat' dir='ltr'><strong>omnino</strong></span> 
     </span>
     <span class='ocr_line' id='line_1_121' title="bbox 1345 3162 2436 3207; baseline -0.002 -11"><span class='ocrx_word' id='word_1_1033' title='bbox 1345 3166 1445 3207; x_wconf 81' lang='lat' dir='ltr'><strong>val9.]</strong></span> <span class='ocrx_word' id='word_1_1034' title='bbox 1470 3174 1566 3197; x_wconf 89' lang='lat' dir='ltr'><strong>omne</strong></span> <span class='ocrx_word' id='word_1_1035' title='bbox 1589 3164 1649 3196; x_wconf 89' lang='lat' dir='ltr'><strong>rV</strong></span> <span class='ocrx_word' id='word_1_1036' title='bbox 1666 3173 1795 3195; x_wconf 89' lang='lat' dir='ltr'><strong>omnem</strong></span> <span class='ocrx_word' id='word_1_1037' title='bbox 1810 3164 1842 3197; x_wconf 98' lang='lat' dir='ltr'><em>T</em></span> <span class='ocrx_word' id='word_1_1038' title='bbox 1861 3165 1986 3204; x_wconf 87' lang='lat' dir='ltr'><strong>(omnes</strong></span> <span class='ocrx_word' id='word_1_1039' title='bbox 2011 3164 2203 3204; x_wconf 79' lang='lat' dir='ltr'><strong>Heimbach)</strong></span> <span class='ocrx_word' id='word_1_1040' title='bbox 2220 3162 2232 3205; x_wconf 84' lang='grc' dir='ltr'><strong>ΙΙ</strong></span> <span class='ocrx_word' id='word_1_1041' title='bbox 2249 3172 2383 3204; x_wconf 85' lang='lat' dir='ltr'><strong>gregam</strong></span> <span class='ocrx_word' id='word_1_1042' title='bbox 2402 3162 2436 3195; x_wconf 93' lang='lat' dir='ltr'><strong><em>V</em></strong></span> 
     </span>
     <span class='ocr_line' id='line_1_122' title="bbox 1345 3206 2431 3252; baseline -0.001 -11"><span class='ocrx_word' id='word_1_1043' title='bbox 1345 3220 1463 3251; x_wconf 84' lang='lat' dir='ltr'><strong>graeca</strong></span> <span class='ocrx_word' id='word_1_1044' title='bbox 1483 3223 1500 3243; x_wconf 90' lang='lat' dir='ltr'><strong>r</strong></span> <span class='ocrx_word' id='word_1_1045' title='bbox 1515 3209 1527 3252; x_wconf 87' lang='grc' dir='ltr'><strong>ΙΙ</strong></span> <span class='ocrx_word' id='word_1_1046' title='bbox 1545 3218 1627 3241; x_wconf 86' lang='lat' dir='ltr'><strong>uoce</strong></span> <span class='ocrx_word' id='word_1_1047' title='bbox 1646 3209 1698 3241; x_wconf 91' lang='lat' dir='ltr'><strong>rT</strong></span> <span class='ocrx_word' id='word_1_1048' title='bbox 1712 3208 1724 3252; x_wconf 75' lang='lat' dir='ltr'>ss</span> <span class='ocrx_word' id='word_1_1049' title='bbox 1740 3209 1821 3241; x_wconf 88' lang='lat' dir='ltr'><strong>aliat</strong></span> <span class='ocrx_word' id='word_1_1050' title='bbox 1839 3209 1872 3242; x_wconf 88' lang='lat' dir='ltr'><em>T</em></span> <span class='ocrx_word' id='word_1_1051' title='bbox 1884 3208 1896 3251; x_wconf 88' lang='grc' dir='ltr'><strong>ΙΙ</strong></span> <span class='ocrx_word' id='word_1_1052' title='bbox 1915 3209 1955 3242; x_wconf 90' lang='grc'><strong>21</strong></span> <span class='ocrx_word' id='word_1_1053' title='bbox 1981 3207 2034 3248; x_wconf 85' lang='lat' dir='ltr'><strong>ab]</strong></span> <span class='ocrx_word' id='word_1_1054' title='bbox 2050 3218 2111 3249; x_wconf 86' lang='lat' dir='ltr'><strong>pro</strong></span> <span class='ocrx_word' id='word_1_1055' title='bbox 2127 3220 2144 3239; x_wconf 93' lang='lat' dir='ltr'><strong>r</strong></span> <span class='ocrx_word' id='word_1_1056' title='bbox 2159 3207 2172 3250; x_wconf 81' lang='grc' dir='ltr'><strong>ΙΙ</strong></span> <span class='ocrx_word' id='word_1_1057' title='bbox 2189 3207 2344 3248; x_wconf 78' lang='lat' dir='ltr'><strong>*aliqqu</strong></span> <span class='ocrx_word' id='word_1_1058' title='bbox 2362 3206 2431 3240; x_wconf 90' lang='lat' dir='ltr'><strong>alio</strong></span> 
     </span>
     <span class='ocr_line' id='line_1_123' title="bbox 1348 3252 2431 3299; baseline -0.004 -12"><span class='ocrx_word' id='word_1_1059' title='bbox 1348 3256 1424 3287; x_wconf 85' lang='lat' dir='ltr'><strong>libri</strong></span> <span class='ocrx_word' id='word_1_1060' title='bbox 1438 3254 1450 3299; x_wconf 78' lang='grc' dir='ltr'><strong>ΙΙ</strong></span> <span class='ocrx_word' id='word_1_1061' title='bbox 1468 3253 1708 3297; x_wconf 79' lang='lat' dir='ltr'><strong>prohibeantur</strong></span> <span class='ocrx_word' id='word_1_1062' title='bbox 1730 3254 1818 3296; x_wconf 75' lang='lat' dir='ltr'><strong>vulq.</strong></span> <span class='ocrx_word' id='word_1_1063' title='bbox 1835 3253 1848 3296; x_wconf 87' lang='grc' dir='ltr'><strong>ΙΙ</strong></span> <span class='ocrx_word' id='word_1_1064' title='bbox 1865 3253 1915 3285; x_wconf 84' lang='lat' dir='ltr'><strong>hii</strong></span> <span class='ocrx_word' id='word_1_1065' title='bbox 1939 3253 1972 3285; x_wconf 90' lang='lat' dir='ltr'><em>T</em></span> <span class='ocrx_word' id='word_1_1066' title='bbox 1984 3252 1996 3291; x_wconf 93' lang='grc' dir='ltr'><strong>ΙΙ</strong></span> <span class='ocrx_word' id='word_1_1067' title='bbox 2015 3253 2057 3285; x_wconf 88' lang='grc'><strong>22</strong></span> <span class='ocrx_word' id='word_1_1068' title='bbox 2080 3252 2220 3284; x_wconf 87' lang='lat' dir='ltr'><strong>maiores</strong></span> <span class='ocrx_word' id='word_1_1069' title='bbox 2235 3253 2336 3294; x_wconf 80' lang='lat' dir='ltr'><strong>vul9.]</strong></span> <span class='ocrx_word' id='word_1_1070' title='bbox 2362 3262 2431 3283; x_wconf 87' lang='lat' dir='ltr'><strong>ma-</strong></span> 
     </span>
     <span class='ocr_line' id='line_1_124' title="bbox 1346 3296 2431 3341; baseline -0.004 -10"><span class='ocrx_word' id='word_1_1071' title='bbox 1346 3299 1426 3331; x_wconf 84' lang='lat' dir='ltr'><strong>ioris</strong></span> <span class='ocrx_word' id='word_1_1072' title='bbox 1443 3312 1460 3331; x_wconf 86' lang='lat' dir='ltr'><strong>r</strong></span> <span class='ocrx_word' id='word_1_1073' title='bbox 1471 3299 1577 3331; x_wconf 89' lang='lat' dir='ltr'><strong>maior</strong></span> <span class='ocrx_word' id='word_1_1074' title='bbox 1587 3299 1649 3331; x_wconf 89' lang='lat' dir='ltr'><strong>VT</strong></span> <span class='ocrx_word' id='word_1_1075' title='bbox 1657 3297 1669 3341; x_wconf 87' lang='grc' dir='ltr'><strong>ΙΙ</strong></span> <span class='ocrx_word' id='word_1_1076' title='bbox 1682 3298 1911 3331; x_wconf 84' lang='lat' dir='ltr'><strong>arehiferecite</strong></span> <span class='ocrx_word' id='word_1_1077' title='bbox 1924 3311 1940 3330; x_wconf 87' lang='lat' dir='ltr'><strong>r</strong></span> <span class='ocrx_word' id='word_1_1078' title='bbox 1950 3296 2216 3330; x_wconf 85' lang='lat' dir='ltr'><strong>Varchiferetite</strong></span> <span class='ocrx_word' id='word_1_1079' title='bbox 2232 3297 2264 3329; x_wconf 90' lang='lat' dir='ltr'><em>T</em></span> <span class='ocrx_word' id='word_1_1080' title='bbox 2278 3296 2431 3339; x_wconf 79' lang='lat' dir='ltr'><strong>upresby-</strong></span> 
     </span>
     <span class='ocr_line' id='line_1_125' title="bbox 1347 3341 2429 3387; baseline -0.004 -12"><span class='ocrx_word' id='word_1_1081' title='bbox 1347 3343 1423 3376; x_wconf 90' lang='lat' dir='ltr'><strong>terii</strong></span> <span class='ocrx_word' id='word_1_1082' title='bbox 1439 3343 1493 3387; x_wconf 72' lang='lat' dir='ltr'><strong>Vll</strong></span> <span class='ocrx_word' id='word_1_1083' title='bbox 1513 3344 1555 3377; x_wconf 86' lang='lat'><strong>23</strong></span> <span class='ocrx_word' id='word_1_1084' title='bbox 1578 3342 1723 3385; x_wconf 79' lang='lat' dir='ltr'><strong>petineis</strong></span> <span class='ocrx_word' id='word_1_1085' title='bbox 1749 3344 1825 3377; x_wconf 81' lang='lat' dir='ltr'><strong>libri</strong></span> <span class='ocrx_word' id='word_1_1086' title='bbox 1839 3344 1851 3385; x_wconf 79' lang='grc' dir='ltr'><strong>ΙΙ</strong></span> <span class='ocrx_word' id='word_1_1087' title='bbox 1870 3344 1914 3376; x_wconf 88' lang='grc'><strong>24</strong></span> <span class='ocrx_word' id='word_1_1088' title='bbox 1938 3341 2226 3374; x_wconf 85' lang='lat' dir='ltr'><strong>enathematisenis</strong></span> <span class='ocrx_word' id='word_1_1089' title='bbox 2243 3341 2275 3374; x_wconf 92' lang='lat' dir='ltr'><strong><em>V</em></strong></span> <span class='ocrx_word' id='word_1_1090' title='bbox 2289 3341 2429 3373; x_wconf 86' lang='lat' dir='ltr'><strong>anathe-</strong></span> 
     </span>
     <span class='ocr_line' id='line_1_126' title="bbox 1345 3384 2429 3431; baseline -0.004 -11"><span class='ocrx_word' id='word_1_1091' title='bbox 1345 3389 1442 3420; x_wconf 88' lang='lat' dir='ltr'><strong>matis</strong></span> <span class='ocrx_word' id='word_1_1092' title='bbox 1460 3390 1492 3422; x_wconf 92' lang='lat' dir='ltr'><em>T</em></span> <span class='ocrx_word' id='word_1_1093' title='bbox 1503 3388 1515 3431; x_wconf 82' lang='grc' dir='ltr'><strong>ΙΙ</strong></span> <span class='ocrx_word' id='word_1_1094' title='bbox 1533 3390 1575 3423; x_wconf 88' lang='grc'><strong>25</strong></span> <span class='ocrx_word' id='word_1_1095' title='bbox 1592 3387 1745 3429; x_wconf 80' lang='lat' dir='ltr'><strong>castigati</strong></span> <span class='ocrx_word' id='word_1_1096' title='bbox 1761 3388 1806 3428; x_wconf 94' lang='lat' dir='ltr'><strong>V]</strong></span> <span class='ocrx_word' id='word_1_1097' title='bbox 1825 3387 1981 3429; x_wconf 88' lang='lat' dir='ltr'><strong>castigari</strong></span> <span class='ocrx_word' id='word_1_1098' title='bbox 1994 3387 2047 3419; x_wconf 90' lang='lat' dir='ltr'><strong>rT</strong></span> <span class='ocrx_word' id='word_1_1099' title='bbox 2059 3387 2143 3429; x_wconf 76' lang='lat' dir='ltr'><strong>vuly.</strong></span> <span class='ocrx_word' id='word_1_1100' title='bbox 2162 3386 2175 3428; x_wconf 78' lang='grc' dir='ltr'><strong>ΙΙ</strong></span> <span class='ocrx_word' id='word_1_1101' title='bbox 2192 3386 2284 3426; x_wconf 88' lang='lat' dir='ltr'><strong>haec]</strong></span> <span class='ocrx_word' id='word_1_1102' title='bbox 2303 3384 2405 3417; x_wconf 81' lang='lat' dir='ltr'><strong>neoV</strong></span> <span class='ocrx_word' id='word_1_1103' title='bbox 2417 3384 2429 3426; x_wconf 81' lang='grc' dir='ltr'><strong>ΙΙ</strong></span> 
     </span>
     <span class='ocr_line' id='line_1_127' title="bbox 1345 3430 2428 3476; baseline -0.006 -11"><span class='ocrx_word' id='word_1_1104' title='bbox 1345 3433 1534 3476; x_wconf 87' lang='lat' dir='ltr'><strong>priuatione</strong></span> <span class='ocrx_word' id='word_1_1105' title='bbox 1557 3432 1769 3465; x_wconf 83' lang='lat' dir='ltr'><strong>facultatium</strong></span> <span class='ocrx_word' id='word_1_1106' title='bbox 1790 3432 1847 3476; x_wconf 80' lang='lat' dir='ltr'><strong>Vss</strong></span> <span class='ocrx_word' id='word_1_1107' title='bbox 1864 3434 1906 3466; x_wconf 89' lang='grc'><strong>26</strong></span> <span class='ocrx_word' id='word_1_1108' title='bbox 1932 3431 2070 3463; x_wconf 87' lang='lat' dir='ltr'><strong>meliora</strong></span> <span class='ocrx_word' id='word_1_1109' title='bbox 2094 3430 2220 3473; x_wconf 77' lang='lat' dir='ltr'><strong>om.V{1</strong></span> <span class='ocrx_word' id='word_1_1110' title='bbox 2238 3431 2278 3463; x_wconf 85' lang='lat'><strong>27</strong></span> <span class='ocrx_word' id='word_1_1111' title='bbox 2302 3438 2428 3460; x_wconf 86' lang='lat' dir='ltr'><strong>amma-</strong></span> 
     </span>
     <span class='ocr_line' id='line_1_128' title="bbox 1345 3475 2429 3523; baseline -0.006 -13"><span class='ocrx_word' id='word_1_1112' title='bbox 1345 3478 1467 3510; x_wconf 85' lang='lat' dir='ltr'><strong>biliora</strong></span> <span class='ocrx_word' id='word_1_1113' title='bbox 1491 3491 1507 3510; x_wconf 89' lang='lat' dir='ltr'><strong>r</strong></span> <span class='ocrx_word' id='word_1_1114' title='bbox 1522 3477 1534 3522; x_wconf 80' lang='grc' dir='ltr'><strong>ΙΙ</strong></span> <span class='ocrx_word' id='word_1_1115' title='bbox 1553 3477 1648 3510; x_wconf 86' lang='lat' dir='ltr'><strong>nobis</strong></span> <span class='ocrx_word' id='word_1_1116' title='bbox 1669 3490 1726 3510; x_wconf 91' lang='lat' dir='ltr'><strong>om.</strong></span> <span class='ocrx_word' id='word_1_1117' title='bbox 1751 3478 1857 3521; x_wconf 74' lang='grc' dir='ltr'><strong>ν1131)</strong></span> <span class='ocrx_word' id='word_1_1118' title='bbox 1881 3486 1987 3509; x_wconf 85' lang='lat' dir='ltr'><strong>uanae</strong></span> <span class='ocrx_word' id='word_1_1119' title='bbox 2010 3476 2103 3508; x_wconf 88' lang='lat' dir='ltr'><strong>uocis</strong></span> <span class='ocrx_word' id='word_1_1120' title='bbox 2119 3475 2165 3515; x_wconf 93' lang='lat' dir='ltr'><strong>V]</strong></span> <span class='ocrx_word' id='word_1_1121' title='bbox 2190 3483 2294 3507; x_wconf 84' lang='lat' dir='ltr'><strong>uanae</strong></span> <span class='ocrx_word' id='word_1_1122' title='bbox 2317 3482 2429 3523; x_wconf 67' lang='lat' dir='ltr'><strong>nouae</strong></span> 
     </span>
     <span class='ocr_line' id='line_1_129' title="bbox 1346 3516 2428 3568; baseline -0.006 -14"><span class='ocrx_word' id='word_1_1123' title='bbox 1346 3524 1437 3555; x_wconf 85' lang='lat' dir='ltr'><strong>uocis</strong></span> <span class='ocrx_word' id='word_1_1124' title='bbox 1461 3523 1513 3556; x_wconf 89' lang='lat' dir='ltr'><strong>rT</strong></span> <span class='ocrx_word' id='word_1_1125' title='bbox 1531 3524 1620 3566; x_wconf 60' lang='grc' dir='ltr'><em>ναῖς.</em></span> <span class='ocrx_word' id='word_1_1126' title='bbox 1638 3522 1650 3566; x_wconf 90' lang='grc' dir='ltr'><strong>ΙΙ</strong></span> <span class='ocrx_word' id='word_1_1127' title='bbox 1677 3522 1789 3564; x_wconf 87' lang='lat' dir='ltr'><strong>eloqui</strong></span> <span class='ocrx_word' id='word_1_1128' title='bbox 1812 3536 1829 3555; x_wconf 90' lang='lat' dir='ltr'><strong>r</strong></span> <span class='ocrx_word' id='word_1_1129' title='bbox 1846 3521 1859 3566; x_wconf 81' lang='grc' dir='ltr'><strong>ΙΙ</strong></span> <span class='ocrx_word' id='word_1_1130' title='bbox 1877 3523 1916 3555; x_wconf 90' lang='grc'><strong>31</strong></span> <span class='ocrx_word' id='word_1_1131' title='bbox 1944 3519 2202 3563; x_wconf 84' lang='lat' dir='ltr'><strong>praesumpserit</strong></span> <span class='ocrx_word' id='word_1_1132' title='bbox 2225 3531 2242 3550; x_wconf 83' lang='lat' dir='ltr'><strong>r</strong></span> <span class='ocrx_word' id='word_1_1133' title='bbox 2258 3517 2270 3560; x_wconf 83' lang='grc' dir='ltr'><strong>ΙΙ</strong></span> <span class='ocrx_word' id='word_1_1134' title='bbox 2288 3518 2320 3548; x_wconf 89' lang='lat' dir='ltr'><strong>et</strong></span> <span class='ocrx_word' id='word_1_1135' title='bbox 2339 3516 2428 3568; x_wconf 75' lang='lat' dir='ltr'><strong>iudi-</strong></span> 
     </span>
     <span class='ocr_line' id='line_1_130' title="bbox 1345 3560 2426 3609; baseline -0.001 -9"><span class='ocrx_word' id='word_1_1136' title='bbox 1345 3568 1445 3608; x_wconf 84' lang='lat' dir='ltr'><strong>cium]</strong></span> <span class='ocrx_word' id='word_1_1137' title='bbox 1470 3569 1528 3600; x_wconf 84' lang='lat' dir='ltr'><strong>aut</strong></span> <span class='ocrx_word' id='word_1_1138' title='bbox 1551 3567 1714 3599; x_wconf 87' lang='lat' dir='ltr'><strong>iudicium</strong></span> <span class='ocrx_word' id='word_1_1139' title='bbox 1737 3581 1755 3600; x_wconf 89' lang='lat' dir='ltr'><strong>r</strong></span> <span class='ocrx_word' id='word_1_1140' title='bbox 1773 3566 1785 3609; x_wconf 86' lang='grc' dir='ltr'><strong>ΙΙ</strong></span> <span class='ocrx_word' id='word_1_1141' title='bbox 1801 3567 1844 3600; x_wconf 88' lang='grc'><strong>32</strong></span> <span class='ocrx_word' id='word_1_1142' title='bbox 1863 3566 2058 3607; x_wconf 87' lang='lat' dir='ltr'><strong>angelorum</strong></span> <span class='ocrx_word' id='word_1_1143' title='bbox 2083 3565 2116 3597; x_wconf 89' lang='lat' dir='ltr'><em>T</em></span> <span class='ocrx_word' id='word_1_1144' title='bbox 2127 3563 2139 3606; x_wconf 92' lang='grc' dir='ltr'><strong>ΙΙ</strong></span> <span class='ocrx_word' id='word_1_1145' title='bbox 2157 3563 2198 3596; x_wconf 86' lang='grc'><strong>33</strong></span> <span class='ocrx_word' id='word_1_1146' title='bbox 2223 3563 2255 3593; x_wconf 76' lang='lat' dir='ltr'><strong>et</strong></span> <span class='ocrx_word' id='word_1_1147' title='bbox 2278 3560 2361 3603; x_wconf 79' lang='lat' dir='ltr'><strong>pelll</strong></span> <span class='ocrx_word' id='word_1_1148' title='bbox 2389 3561 2426 3599; x_wconf 72' lang='lat' dir='ltr'><strong>V·</strong></span> 
     </span>
     <span class='ocr_line' id='line_1_131' title="bbox 1345 3606 2435 3655; baseline -0.008 -10"><span class='ocrx_word' id='word_1_1149' title='bbox 1345 3616 1377 3645; x_wconf 91' lang='lat' dir='ltr'><strong>et</strong></span> <span class='ocrx_word' id='word_1_1150' title='bbox 1401 3625 1458 3645; x_wconf 89' lang='lat' dir='ltr'><strong>om.</strong></span> <span class='ocrx_word' id='word_1_1151' title='bbox 1483 3626 1500 3645; x_wconf 88' lang='lat' dir='ltr'><strong>r</strong></span> <span class='ocrx_word' id='word_1_1152' title='bbox 1526 3613 1538 3655; x_wconf 82' lang='grc' dir='ltr'><strong>ΙΙ</strong></span> <span class='ocrx_word' id='word_1_1153' title='bbox 1570 3613 1673 3653; x_wconf 90' lang='lat' dir='ltr'><strong>omni]</strong></span> <span class='ocrx_word' id='word_1_1154' title='bbox 1697 3613 1807 3645; x_wconf 88' lang='lat' dir='ltr'><strong>tamen</strong></span> <span class='ocrx_word' id='word_1_1155' title='bbox 1833 3612 1866 3644; x_wconf 94' lang='lat' dir='ltr'><em>T</em></span> <span class='ocrx_word' id='word_1_1156' title='bbox 1885 3610 1898 3654; x_wconf 87' lang='grc' dir='ltr'><strong>ΙΙ</strong></span> <span class='ocrx_word' id='word_1_1157' title='bbox 1928 3612 1972 3644; x_wconf 88' lang='grc'><strong>34</strong></span> <span class='ocrx_word' id='word_1_1158' title='bbox 1991 3619 2072 3642; x_wconf 85' lang='lat' dir='ltr'><strong>uoce</strong></span> <span class='ocrx_word' id='word_1_1159' title='bbox 2088 3608 2123 3641; x_wconf 93' lang='lat' dir='ltr'><strong><em>V</em></strong></span> <span class='ocrx_word' id='word_1_1160' title='bbox 2138 3606 2152 3650; x_wconf 79' lang='lat' dir='ltr'>fl</span> <span class='ocrx_word' id='word_1_1161' title='bbox 2177 3606 2365 3648; x_wconf 86' lang='lat' dir='ltr'><strong>blasphema</strong></span> <span class='ocrx_word' id='word_1_1162' title='bbox 2401 3606 2435 3638; x_wconf 90' lang='lat' dir='ltr'><strong><em>V</em></strong></span> 
     </span>
     <span class='ocr_line' id='line_1_132' title="bbox 1344 3651 2426 3701; baseline -0.006 -11"><span class='ocrx_word' id='word_1_1163' title='bbox 1344 3657 1581 3699; x_wconf 86' lang='lat' dir='ltr'><strong>blasphemiam</strong></span> <span class='ocrx_word' id='word_1_1164' title='bbox 1608 3657 1663 3701; x_wconf 84' lang='grc' dir='ltr'><strong>ΤΙΙ</strong></span> <span class='ocrx_word' id='word_1_1165' title='bbox 1681 3658 1713 3698; x_wconf 88' lang='lat' dir='ltr'><strong>a]</strong></span> <span class='ocrx_word' id='word_1_1166' title='bbox 1736 3657 1777 3688; x_wconf 87' lang='lat' dir='ltr'><strong>ad</strong></span> <span class='ocrx_word' id='word_1_1167' title='bbox 1807 3654 1859 3700; x_wconf 91' lang='grc' dir='ltr'><strong>ΤΙΙ</strong></span> <span class='ocrx_word' id='word_1_1168' title='bbox 1879 3656 1920 3688; x_wconf 82' lang='lat'><strong>35</strong></span> <span class='ocrx_word' id='word_1_1169' title='bbox 1944 3653 2099 3686; x_wconf 86' lang='lat' dir='ltr'><strong>notitiam</strong></span> <span class='ocrx_word' id='word_1_1170' title='bbox 2123 3652 2208 3693; x_wconf 83' lang='lat' dir='ltr'><strong>libri,</strong></span> <span class='ocrx_word' id='word_1_1171' title='bbox 2233 3663 2316 3686; x_wconf 88' lang='lat' dir='ltr'><strong>corr.</strong></span> <span class='ocrx_word' id='word_1_1172' title='bbox 2334 3651 2426 3697; x_wconf 76' lang='lat' dir='ltr'><strong>vulq.</strong></span> 
     </span>
     <span class='ocr_line' id='line_1_133' title="bbox 1343 3703 1549 3746; baseline 0 -12"><span class='ocrx_word' id='word_1_1173' title='bbox 1343 3703 1481 3746; x_wconf 77' lang='lat' dir='ltr'><strong>fleorum</strong></span> <span class='ocrx_word' id='word_1_1174' title='bbox 1506 3703 1549 3734; x_wconf 72' lang='lat' dir='ltr'><strong>&#39;I‘&#39;</strong></span> 
     </span>
    </p>
   </div>
  </div>
 </body>
</html>
