2586 3990
174 172 229 202 ΕΤ
258 169 542 202 EMPHYTEOSI

173 282 202 306 π
225 270 419 305 οεστώτων
459 269 525 303 τοῦ
560 268 726 303 τοιούτου
770 266 917 315 εὐαγοῦς
951 268 1048 303 οἴκου
1090 271 1151 303 καὶ
1192 269 1258 303 τοῦ

174 284 336 351 πλείονος
368 317 492 371 μέρους
525 315 604 348 τῶν
639 316 679 348 ἐν
714 311 815 357 αὐτῷ
851 314 1168 360 λειτουργούντων,
1208 311 1256 348 αἷς

174 360 257 396 οὔτε
287 374 381 396 κατα
404 357 606 406 προδοσίαν
639 358 721 394 οὔτε
745 359 834 405 πρὸς
857 360 962 406 χάριν
994 359 1017 404 ἢ
1041 357 1260 402 οἱανδήποτε

175 403 437 462 περιγραφὴνή
458 406 639 448 ἐκποίησις
654 409 805 452 γίνεται,
823 402 914 439 ἀλλὰ
933 403 991 439 διὰ
1011 405 1053 440 τὸ
1073 404 1259 451 φυλαχθῆ-

174 465 235 486 ναι
259 464 301 486 το
327 449 484 495 ἀβλαβὲς
514 453 567 494 τῷ
594 448 692 494 αὐτῷ
723 448 842 495 εὖαγεῖ
864 451 962 494 οἴκῳ.

174 496 296 540 νόμοις
319 499 379 530 καὶ
403 494 597 539 διοικηταῖς
622 500 681 530 καὶ
704 496 971 542 χαρτουλαριόις
1003 497 1080 531 τῶν
1104 493 1258 539 ὁπουδή-

175 555 262 578 ποτε
287 540 410 576 ὄντων
434 539 577 588 εὖαγιῦν
601 542 712 576 οἴκων
735 545 881 576 καὶτοῖς
906 539 1030 576 αὐτῶν
1053 543 1200 588 γονεῦσί
1222 555 1261 586 τε

173 591 233 621 καὶ
256 590 361 622 παισὶ
392 590 453 621 καὶ
476 591 548 622 τοῖς
573 587 691 622 ἄλλοις
722 590 795 621 τοῖς
826 586 847 630 ἢ
871 586 963 621 κατὰ
987 590 1089 634 γένος
1120 585 1142 629 ἢ
1167 589 1258 621 κατὰ

175 632 330 687 γαμικὸν
362 630 504 686 δίκαιον
537 630 656 667 αὐτοῖς
687 635 972 677 συναπτομένοις
1005 632 1208 676 μισθώσεις
1238 630 1260 675 ἢ

1248 152 1333 201 587

1011 453 1082 485 τοῖς
1107 449 1146 485 δὲ
1169 451 1259 484 οἰκο-
1297 454 1315 485 5
1330 450 1519 485 venerabili
1544 450 1674 485 domui.

2030 154 2137 199 Nov.
2168 153 2287 198 CXX
2318 157 2355 197 7.
2386 156 2410 197 8

1329 267 1495 313 praeside
1538 267 1697 303 eiusdem
1740 266 1950 302 venerabilis
1995 266 2121 303 domus
2163 268 2200 302 et
2243 265 2414 311 ampliore

1326 317 1427 358 parte
1451 313 1488 348 in
1511 323 1554 349 ea
1578 312 1869 355 deservientium,
1896 312 1990 358 quod
2013 321 2130 357 neque
2153 322 2218 357 per
2241 311 2413 357 proditio-

1329 369 1410 393 nem
1442 368 1557 404 neque
1582 368 1645 403 per
1668 359 1819 403 gratiam
1849 362 1912 393 aut
1937 358 2131 403 quamlibet
2161 357 2413 403 praescriptio-

1329 414 1409 438 nem
1434 405 1602 439 alienatio
1628 404 1702 448 fiat,
1736 404 1799 439 sed
1823 406 1863 439 ut
1888 408 2049 438 servetur
2072 403 2277 438 immunitas
2303 402 2415 437 eidem

1724 449 1936 485 Oeconomis
1968 459 2051 484 vero
2085 451 2120 483 et
2149 448 2414 483 ordinatoribus

1330 498 1366 529 et
1386 495 1588 530 cartulariis
1609 495 1824 539 ubicumque
1845 494 2101 530 vencrabilium
2123 494 2308 529 domorum
2329 504 2414 528 con-

1330 541 1536 576 stitutarum
1577 543 1612 575 et
1650 540 1860 585 parentibus
1900 550 2024 574 eorum
2064 543 2101 574 et
2135 539 2216 574 filiis
2256 542 2291 573 et
2322 538 2414 580 aliis,

1330 586 1390 630 qui
1415 586 1611 621 secundum
1642 595 1754 629 genus
1789 589 1853 619 aut
1876 586 2072 620 secundum
2096 584 2313 619 matrimonii
2336 585 2416 619 iura

1330 631 1382 666 eis
1419 632 1691 674 coniunguntur,
1735 630 1933 665 locationes
1974 632 2038 665 aut
2074 630 2312 674 emphyteosis
2352 630 2417 663 aut

174 679 403 731 ἐμφυτευσεις
422 676 655 733 ηὶάγορασίας
677 677 699 722 ἦ
716 677 907 732 ὑποθήκας
930 677 1163 732 πραχμάτων(
1184 674 1259 711 oini-
1278 681 1316 712 10
1331 677 1526 721 emptiones
1565 678 1629 711 aut
1657 675 1875 720 hypothecas
1908 685 2025 710 rerum
2061 675 2293 709 immobilium
2328 674 2416 719 ipsis

174 736 296 765 νητων
320 727 393 758 τοῖς
418 727 539 759 αυτοῖς
562 727 727 771 ευαγέσιν
743 725 850 758 οῖκοις
875 734 1131 769 προςηκοντων
1146 734 1259 757 υπεις-

174 771 266 802 ιε’ναι
282 764 303 811 ἢ
322 766 373 802 δι’
393 769 534 803 ἑαυτῶν
554 768 576 813 ἢ
593 767 653 803 διὰ
674 770 905 815 παρενθξτου
929 767 1131 812 προςώπου,
1158 768 1260 801 καθὰ

174 816 234 846 καὶ
257 817 331 847 τοῖς
352 816 394 868 ἐν
418 816 461 860 τῇ
479 813 641 859 βασιλίδι
666 813 770 850 πόλει
794 817 910 859 οὖσιν,
944 815 1003 849 ἐπὶ
1027 817 1105 848 ταῖς
1138 810 1262 848 αὐταῖς

175 862 317 894 ποιναῖς
341 860 623 906 απαγορεύομεν.

1329 722 1592 757 venerabilibus
1624 721 1787 756 domibus
1813 720 2090 765 competentium
2114 719 2235 755 subire
2266 723 2329 755 aut
2353 729 2417 764 per

1330 778 1369 802 se
1394 771 1458 802 aut
1489 777 1552 812 per
1575 767 1824 810 interpositam
1857 776 2066 809 personam,
2100 765 2298 800 secundum
2323 763 2417 809 quod

1330 812 1528 894 ffiblgilsmcgui
1549 813 1586 847 in
1610 812 1708 856 regia
1733 811 1874 847 civitate
1900 814 1995 854 sunt,
2026 810 2158 846 eisdem
2183 810 2307 855 poenis
2331 819 2416 854 pro·

1155 972 1314 1007 CAPUT
1342 972 1440 1009 VIII.

243 1041 291 1074 Εἰ
324 1039 364 1074 δέ
394 1053 448 1097 τις3
478 1040 500 1086 ἢ
530 1042 724 1098 Διιισθωτὴς
755 1039 778 1086 ἢ
802 1043 843 1087 ἐμ
875 1042 1020 1085 υτευτὴς
1051 1041 1261 1097 πραγματος
1277 1043 1316 1075 15

175 1084 409 1132 διαφέροντος
433 1086 455 1131 ἠ
471 1089 515 1135 τῇ
537 1101 725 1135 αγιωτατῃ
749 1087 839 1133 μενά
866 1102 886 1134 ῃ
912 1086 1080 1130 ἐκκλησία
1103 1100 1124 1129 η
1149 1089 1209 1120 ετέ
1231 1099 1259 1129 ῳ

175 1128 295 1178 εὖαγεῖ
322 1133 408 1176 οἴκῳ
442 1135 481 1167 ἐν
505 1132 709 1177 οἱῳδήποτε
737 1134 842 1177 τόπῳ
871 1134 934 1176 τῆς
958 1129 1129 1178 ἡμετέρας
1161 1145 1208 1167 πο
1233 1146 1261 1165 ι-

174 1182 270 1211 τείας
301 1181 452 1222 κειμένῳ
483 1178 507 1222 ἢ
534 1182 654 1225 χεῖρον
678 1179 820 1223 ποιήσει
851 1178 894 1213 τὸ
925 1179 1091 1224 πρᾶγμα,
1123 1172 1215 1223 ὅπερ
1240 1174 1262 1220 ἢ

175 1223 308 1267 ἔλαβεν
327 1222 350 1267 ἢ
370 1224 460 1268 μετὰ
485 1226 602 1279 ταυτα
631 1222 755 1280 λᾴβοι,
787 1222 809 1268 ἢ
832 1226 893 1259 ἐπὶ
918 1222 1056 1258 διετίαν
1079 1223 1128 1268 μὴ
1153 1235 1261 1257 κατα-

1399 1040 1437 1076 Si
1460 1050 1543 1076 vero
1568 1039 1647 1084 quis
1679 1041 1743 1074 aut
1762 1039 1903 1074 locator
1925 1040 1989 1075 aut
2013 1039 2242 1085 emphyteota
2264 1036 2419 1073 alicuius

1331 1086 1383 1120 rei
1404 1085 1639 1130 competentis
1660 1089 1725 1120 aut
1745 1084 1991 1120 sanctissimae
2014 1085 2140 1120 maiori
2160 1084 2336 1120 ecclesiae
2357 1085 2420 1118 aut

1332 1131 1436 1167 alteri
1459 1130 1652 1166 venerabili
1679 1130 1800 1166 domui
1831 1131 1868 1165 in
1892 1130 2053 1175 quolibet
2076 1131 2156 1165 loco
2181 1133 2327 1165 nostrae
2350 1127 2418 1163 rei-

1332 1177 1498 1222 publicae
1518 1177 1736 1212 constitutae
1756 1179 1820 1211 aut
1842 1176 2051 1212 deteriorem
2074 1175 2186 1211 faciat
2203 1185 2287 1218 rem,
2314 1183 2421 1218 quam

1332 1222 1452 1267 [quod]
1478 1225 1541 1258 aut
1565 1222 1706 1266 accepit
1731 1224 1795 1257 aut
1818 1226 1900 1266 post
1925 1222 2013 1257 haec
2038 1221 2234 1266 acceperit,
2267 1224 2332 1254 aut
2354 1229 2421 1264 per

174 1267 269 1315 βάλῃ
294 1268 362 1303 τὸν
387 1266 477 1316 παρ’
505 1271 614 1324 αυτοῦ
648 1270 925 1316 ομολογηθέντα
958 1269 1216 1324 ἐμφυτευτικὸν
1240 1266 1317 1311 ἢ2Ο
1334 1268 1514 1303 biennium
1546 1278 1619 1302 non
1649 1267 1809 1302 intulerit
1839 1267 1935 1312 quod
1967 1267 2012 1302 ab
2045 1277 2086 1303 eo
2119 1266 2335 1311 promissum
2367 1267 2422 1300 est

174 1315 411 1358 μισθροτικὸν
435 1329 593 1360 κανονα,
619 1314 767 1359 δίδομεν
790 1314 917 1349 ἄδειαν
945 1329 997 1358 τῳ
1023 1318 1143 1360 ευαγεῖ
1164 1315 1262 1357 οἴκῳ,

176 1359 214 1399 ἐξ
244 1359 286 1394 οὗ
323 1356 345 1403 ἦ
375 1362 560 1405 μίσθωσις
594 1360 618 1405 ἢ
651 1359 673 1405 ἡ
706 1359 919 1408 ἐμφύτευσις
948 1364 1088 1407 γέγονε,
1125 1362 1184 1394 καὶ
1216 1360 1262 1393 τὰ

176 1402 396 1461 ὀφειλόμενα
416 1408 548 1460 τοῦτον
570 1404 662 1453 ὑπὲρ
686 1408 751 1442 τοῦ
774 1405 1025 1452 προλαβόντος
1049 1406 1179 1451 χρόνου
1204 1408 1262 1439 καὶ

175 1464 242 1494 την
265 1455 421 1496 αρχαίαν
452 1464 679 1487 καταστασιν
710 1454 774 1487 τοῦ
806 1453 1068 1497 μισθωθέντος
1099 1451 1179 1494 ἦτοι
1204 1453 1263 1494 ἐμ-

1332 1313 1634 1358 emphyteoticum
1655 1316 1719 1347 aut
1738 1313 1928 1348 locationis
1950 1323 2134 1355 canonem,
2161 1312 2286 1347 damus
2308 1311 2419 1346 licen-

1332 1360 1419 1394 tiam
1436 1358 1631 1394 venerabili
1649 1358 1780 1401 domui,
1805 1368 1850 1393 ex
1867 1368 1937 1402 qua
1953 1359 2083 1393 locatio
2101 1360 2164 1392 aut
2180 1356 2421 1402 emphyteosis

1331 1405 1429 1440 facta
1449 1408 1514 1447 est,
1541 1407 1576 1439 et
1592 1413 1682 1448 quae
1707 1404 1882 1439 debentur
1899 1403 1976 1439 sola
2000 1414 2065 1449 pro
2083 1402 2315 1448 praecedenti
2330 1404 2419 1437 tem-

1331 1460 1419 1495 pore
1449 1453 1486 1485 et
1508 1450 1695 1494 antiquum
1719 1452 1850 1485 statum
1877 1449 2017 1485 locatae
2041 1449 2114 1486 sive
2137 1447 2422 1494 emphyteoticae

177 1497 420 1541 φυτευθέντος
451 1496 659 1544 πράγματος
690 1495 859 1534 ἀπαιτεῖν
896 1501 954 1531 καὶ
988 1496 1173 1541 ἐκβάλλειν
1202 1497 1264 1539 τῆς
1278 1498 1318 1530 25
1332 1496 1385 1532 rei
1410 1495 1502 1540 exigi
1533 1499 1569 1531 et
1600 1495 1666 1530 eici
1697 1495 1741 1530 de
1765 1495 1986 1540 emphyteosi
2017 1494 2091 1531 sive
2119 1494 2316 1536 locatione,
2348 1502 2422 1528 non

177 1543 424 1588 ἐμφυτεύσεως
441 1542 520 1585 ἤτοι
540 1544 777 1587 μισθώσεως,
801 1543 850 1588 μὴ
872 1541 1073 1588 δυνάμενον
1098 1545 1180 1588 περὶ
1205 1543 1263 1586 ἐμ-

176 1586 400 1632 πονημάτων
433 1585 581 1636 ἀγωγήν
616 1603 701 1624 τινα
736 1590 828 1624 κατὰ
862 1590 939 1624 τῶν
974 1586 1116 1635 εὖαγιῦν
1152 1588 1263 1622 οἴκων

176 1637 298 1667 κινεῖν.
347 1635 377 1667 εἰ
407 1632 447 1667 δὲ
468 1634 517 1678 μὴ
542 1633 734 1679 βούλοιντο
763 1634 799 1669 οἱ
826 1634 970 1669 τούτων
1001 1632 1177 1678 διοικηταὶ
1210 1635 1263 1666 ἑκ-

175 1678 325 1723 βάλλειν
348 1680 491 1721 τοῦτον,
518 1676 760 1715 ἀπαιτεῖσθαι
789 1682 858 1725 μὲν
882 1677 994 1715 αὐτὸν
1024 1678 1264 1725 παρακελευό-

1332 1542 1473 1577 valente
1499 1541 1542 1575 de
1561 1541 1814 1585 emponematis
1840 1541 2016 1576 actionem
2041 1541 2195 1585 aliquam
2220 1542 2344 1575 contra
2365 1548 2420 1573 ve-

1334 1587 1511 1622 nerabiles
1535 1586 1659 1622 domos
1681 1596 1831 1622 movere.
1880 1586 1918 1622 Si
1938 1596 2021 1622 vero
2043 1586 2225 1622 noluerint
2248 1582 2423 1629 praedicti

1335 1633 1557 1669 ordinatores
1582 1632 1760 1677 expellere
1785 1642 1882 1674 eum,
1916 1632 2009 1676 exigi
2040 1632 2182 1677 quidem
2214 1640 2295 1666 eum
2319 1639 2423 1674 prae-

1336 1679 1487 1724 cipimus
1513 1687 1605 1723 quae
1628 1688 1694 1723 pro
1719 1678 1899 1713 locatione
1932 1677 2004 1713 sive
2029 1676 2270 1723 emphysteosi
2294 1675 2425 1711 debere

174 1724 276 1769 μεθα
301 1720 394 1770 ἅπερ
427 1726 464 1758 ἐκ
493 1726 556 1769 τῆς
582 1726 804 1770 μισθώσεως
827 1725 1177 1781 ητοιῐέμφυτεύσεως
1202 1727 1263 1759 ὲπ-
1279 1726 1320 1759 30
1336 1724 1575 1769 cognoscitur,
1608 1733 1721 1768 usque
1753 1723 1799 1758 ad
1823 1722 2009 1758 definitum
2040 1733 2123 1759 vero
2156 1726 2297 1767 tempus
2328 1731 2423 1756 com-

176 1768 332 1815 οφείλειν
354 1782 590 1816 γινωσκεται,
622 1774 725 1818 μέχρι
750 1771 788 1806 δὲ
813 1771 881 1807 τὸν
906 1772 1109 1817 ορισθέντα
1131 1770 1265 1816 χρόνον

176 1816 384 1861 περαιώσει,
408 1816 451 1850 τὸ
475 1814 668 1861 δεδομένον
688 1814 788 1861 αὐτῷ
811 1818 960 1863 πρᾶγμα
984 1820 1128 1860 κρατεῖν
1151 1814 1265 1851 αὐτὸν

176 1865 236 1895 καὶ
257 1861 304 1896 τὰ
328 1859 558 1902 συνδόξαντα
589 1861 742 1897 διδόναι.
791 1863 821 1897 εἰ
846 1861 886 1897 δὲ
910 1860 1104 1909 ἀποφύγοι,
1137 1860 1263 1896 ἄδειαν

177 1909 379 1953 παρέχομεν
402 1910 475 1942 τοῖς
498 1909 704 1954 προεστῶσι
728 1909 806 1943 τῶν
831 1905 954 1943 αὐτῶν
978 1905 1121 1956 ε’ὗαγῶν
1136 1906 1267 1943 τόπων

1335 1771 1471 1816 pletum
1501 1769 1621 1804 datam
1651 1769 1720 1805 sibi
1748 1778 1824 1804 rem
1849 1771 1972 1804 tenere
2005 1779 2085 1804 eum
2115 1770 2151 1804 et
2175 1777 2267 1812 quae
2291 1766 2424 1812 placita

1336 1818 1421 1851 sunt
1453 1815 1550 1851 dare.
1599 1814 1636 1849 Si
1666 1825 1750 1850 vero
1786 1814 1959 1858 refugiat,
1997 1815 2176 1850 licentiam
2212 1814 2424 1858 praebemus

1334 1861 1550 1908 praepositis
1574 1859 1767 1897 eorundem
1790 1860 2043 1897 venerabilium
2067 1861 2230 1897 locorum
2249 1857 2420 1895 indemni-

335 2012 366 2032 υ.
393 2002 504 2033 5—14
530 2008 638 2034 extant
663 2001 712 2033 Β*
732 2003 768 2034 Ε
791 2003 843 2043 11,
862 2009 876 2035 7
903 2009 931 2034 et
956 2000 1108 2034 Nomoc.‘⁷l
1127 2000 1227 2033 XIV
1242 2001 1287 2033 tit.
1307 2001 1338 2041 8,
1356 2007 1397 2033 13.

247 2056 273 2077 c.
295 2044 387 2078 VIII
407 2047 561 2088 epitomen
586 2046 684 2078 habet
703 2047 890 2090 Anonymas
903 2047 1110 2079 Bodleianus
1134 2048 1173 2080 17
1200 2046 1402 2087 (Zachariae
1425 2040 1558 2077 Ἀνέκδ.
1576 2057 1612 2087 p.
1629 2044 1719 2085 218),
1744 2056 1895 2077 summam
1922 2039 2016 2076 Ῥοπ.
2039 2044 2154 2084 25,19.

179 2145 306 2171 sacras
328 2134 532 2180 scripturas
555 2135 581 2169 ii
605 2135 668 2180 qui
686 2138 866 2181 praesunt
898 2135 962 2170 tali
987 2134 1181 2170 venerabili
1213 2134 1335 2169 domui
1366 2137 1401 2168 et
1425 2133 1543 2167 maior
1560 2143 1656 2178 pars
1680 2143 1805 2166 eorum
1838 2133 1901 2183 qui
1925 2132 1963 2166 in
1986 2142 2030 2166 ea
2054 2131 2256 2165 ministeria
2282 2130 2424 2173 obeunt,

180 2192 295 2216 necue
317 2190 387 2226 per
408 2179 655 2226 proditionem
681 2191 797 2226 neque
821 2179 870 2215 ad
892 2181 1052 2225 yratiam
1077 2183 1142 2214 aut
1164 2179 1213 2214 ad
1236 2178 1347 2213 ullam
1371 2177 1744 2223 circumseriptionem
1765 2177 1849 2222 sieri
1875 2176 2152 2218 alienationem,
2177 2175 2243 2211 sed
2266 2180 2307 2211 ut
2324 2187 2426 2212 vene-

180 2238 224 2261 ra
249 2225 289 2261 ili
312 2225 435 2260 domui
458 2225 676 2260 indemnitas
699 2230 871 2261 servetur.
924 2224 1146 2260 Oeconomos
1170 2227 1289 2259 autem
1314 2227 1350 2259 et
1373 2223 1692 2258 administratores
1716 2226 1752 2257 et
1777 2222 2024 2257 chartularios
2050 2220 2307 2257 venerabilium
2331 2232 2427 2266 quae

181 2272 313 2317 ubique
336 2275 423 2307 sunt
446 2270 617 2306 domuum
642 2282 838 2316 eorumque
855 2275 1033 2317 parentes
1057 2274 1092 2305 et
1112 2269 1247 2305 liberos
1270 2274 1307 2305 et
1330 2273 1470 2304 ceteros
1500 2267 1564 2314 qui
1588 2266 1644 2303 vel
1667 2267 1887 2312 coynatione
1914 2267 1971 2302 vel
1995 2266 2183 2312 affinitate
2206 2266 2253 2301 iis
2277 2266 2425 2302 coniun-

181 2321 319 2364 quntur
343 2316 543 2352 locationes
568 2317 624 2353 vel
646 2316 896 2362 emphyteuses
920 2316 975 2351 vel
999 2316 1198 2361 emptiones
1223 2314 1280 2350 vel
1301 2312 1528 2361 hypothecas
1552 2323 1674 2347 rerum
1698 2311 1932 2347 immobilium
1964 2311 2013 2347 ad
2035 2311 2179 2347 easdem
2203 2311 2426 2347 venerabiles

182 2363 308 2398 domos
324 2362 589 2409 pertinentium
621 2362 676 2396 vel
698 2373 766 2407 per
790 2372 829 2396 se
862 2361 916 2397 vel
933 2372 1005 2407 per
1029 2360 1280 2407 intetpositam
1303 2370 1500 2406 personam
1524 2358 1664 2400 subire,
1694 2358 1803 2393 sicuti
1827 2358 1935 2393 etiam
1960 2367 2022 2393 eos
2055 2357 2119 2402 qui
2151 2357 2189 2391 in
2212 2357 2317 2402 reyia
2341 2358 2426 2393 civi-

184 2412 257 2444 tate
280 2413 377 2448 sunt,
402 2408 467 2442 sub
492 2407 617 2443 iisdem
638 2407 768 2453 poenis
793 2411 961 2442 vetamus.

326 2453 422 2489 VIII.
481 2453 522 2487 Si
553 2453 617 2499 qui
652 2457 772 2488 autem
804 2452 1004 2487 conductor
1038 2451 1093 2487 vel
1122 2450 1354 2497 emphyteuta
1388 2450 1444 2484 rei
1472 2459 1566 2494 quae
1597 2448 1756 2494 pertinet
1791 2448 1846 2483 vel
1875 2447 1925 2483 ad
1955 2447 2221 2483 sanctissimam
2253 2447 2428 2483 maiorem

182 2499 369 2536 ecclesiam
401 2499 456 2535 vel
488 2498 538 2533 ad
566 2498 677 2533 aliam
707 2497 944 2534 venerabilem
974 2497 1118 2532 domum
1150 2506 1376 2543 quocumque
1408 2495 1488 2530 loco
1521 2493 1575 2529 rei
1598 2493 1772 2540 publicae
1803 2497 1951 2528 nostrae
1979 2493 2086 2528 sitam
2117 2497 2180 2527 aut
2212 2493 2428 2529 deteriorem

183 2545 383 2581 reddiderit
409 2555 485 2579 rem
510 2555 618 2589 quam
651 2547 715 2578 aut
744 2543 885 2589 accepit
915 2548 980 2579 aut
1006 2547 1138 2589 postea
1169 2553 1253 2578 acce
1283 2546 1386 2577 turus
1416 2544 1485 2581 est,
1518 2542 1583 2574 aut
1608 2550 1679 2585 per
1704 2539 1884 2574 biennium
1916 2537 2219 2584 emphyteuticum
2250 2538 2307 2573 vel
2329 2538 2427 2574 loca-

185 2591 293 2627 tionis
328 2601 501 2625 canonem
540 2601 563 2624 a
594 2600 633 2625 se
659 2590 881 2635 promissum
916 2599 990 2623 non
1024 2588 1193 2630 solverit,
1250 2586 1445 2622 acultatem
1480 2584 1609 2619 danius
1641 2583 1838 2620 venerabili
1870 2583 2012 2625 domui,
2048 2595 2071 2619 a
2103 2595 2177 2629 qua
2208 2583 2341 2619 locatio
2372 2583 2430 2619 vel

183 2635 426 2682 emphyteusis
448 2635 555 2680 facta
579 2638 644 2677 est,
677 2638 711 2670 et
735 2645 777 2670 ea
802 2645 896 2679 quae
921 2645 996 2679 pro
1023 2638 1181 2679 tempore
1206 2632 1411 2679 praeterito
1442 2630 1616 2666 debentur
1647 2634 1757 2675 atque
1781 2633 1934 2675 veterem
1958 2632 2092 2664 statum
2124 2629 2180 2664 rei
2204 2629 2346 2665 locatae
2372 2628 2430 2665 vel

183 2682 221 2716 in
253 2680 502 2726 emphyteusin
538 2680 646 2715 datae
682 2681 726 2716 ab
763 2680 827 2714 illo
864 2679 1037 2724 exiyendi
1072 2684 1107 2714 et
1142 2677 1350 2724 expellendi
1384 2687 1464 2713 eum
1499 2675 1544 2711 de
1575 2675 1800 2721 emphyteusi
1834 2674 1891 2710 vel
1921 2674 2118 2716 locatione,
2154 2678 2194 2710 ut
2229 2674 2274 2710 de
2305 2674 2428 2710 melio-

184 2727 388 2762 rationibus
427 2730 584 2771 nequeat
618 2725 730 2760 ullam
766 2725 944 2760 actionem
981 2729 1110 2759 contra
1147 2722 1366 2760 venerabiles
1406 2721 1531 2756 domos
1565 2731 1716 2767 movere.
1777 2719 1918 2763 Quodsi
1950 2719 2268 2756 administratores
2302 2730 2428 2754 earum

185 2772 302 2807 nolint
332 2782 413 2808 eum
439 2770 640 2817 expellere,
669 2770 918 2817 praecipimus
947 2774 987 2805 ut
1011 2769 1055 2804 ab
1080 2780 1122 2804 eo
1147 2770 1346 2815 eoeiyantur
1377 2778 1471 2813 quae
1503 2777 1553 2802 ea:
1582 2766 1763 2801 locatione
1793 2765 1849 2801 vel
1875 2764 2104 2811 emphyteusi
2132 2764 2260 2801 debere
2290 2764 2428 2801 intelle-

184 2818 296 2864 yitur‚
327 2817 442 2852 donec
473 2821 593 2851 autem
627 2821 767 2862 tempus
796 2815 983 2860 definitum
1015 2814 1263 2861 praeterierit,
1294 2824 1370 2850 rem
1402 2812 1474 2858 ipsi
1506 2811 1629 2847 datam
1662 2811 1817 2846 retineat
1846 2821 1960 2856 eaque
1991 2810 2035 2845 de
2059 2810 2190 2856 quibus
2222 2811 2430 2846 convenerit

183 2865 353 2910 praestet.
405 2861 542 2905 Quodsi
562 2861 760 2907 refuqerit,
791 2861 1010 2906 facultatem
1037 2860 1252 2906 praebemus
1274 2857 1503 2905 praepositis
1532 2856 1728 2892 eorundem
1752 2856 2009 2892 venerabilium
2042 2855 2222 2898 locorum,
2255 2855 2429 2891 indemni-

251 2956 271 2987 2
298 2950 416 2986 αὐτοῖς
441 2954 472 2985 L
498 2953 510 2996 ss
539 2954 558 2986 3
584 2949 695 2986 *οὐδὲ
720 2972 762 2976 —
787 2949 871 2985 οὐδὲ
896 2953 973 2986 libri
997 2952 1009 2995 ΙΙ
1033 2949 1056 2994 ἢ
1081 2965 1137 2985 om.
1158 2953 1271 2992 Cv.l.‚

184 3007 258 3043 post
281 2995 501 3039 οἱανδήποτε
524 2999 596 3031 coll.
616 2999 644 3031 0
660 3010 741 3030 unus
758 2997 770 3041 ΙΙ
797 3000 818 3031 4
841 2995 862 3039 ἡ
888 3011 946 3030 om.
972 2998 1039 3030 Cv.
1054 3001 1073 3031 l.
1093 2996 1106 3040 ss
1129 2998 1148 3030 5
1171 2994 1270 3039 αὐτῷ

188 3058 245 3078 om.
275 3045 304 3077 Ο
331 3043 343 3087 ΙΙ
371 3045 390 3076 (i
416 3039 645 3085 ὁπουδήποτε
669 3040 804 3083 ὄντων]
837 3040 1063 3085 οἱωνδήποτε
1088 3042 1119 3075 L
1148 3041 1160 3085 ΙΙ
1190 3045 1208 3075 ’7
1233 3054 1272 3074 τε

188 3103 245 3123 om.
272 3090 302 3122 L
322 3090 334 3130 ΙΙ
357 3090 375 3122 8
400 3090 472 3120 τοῖς
495 3085 527 3128 ἢ]
551 3090 624 3121 τοῖς
649 3101 707 3120 om.
732 3087 896 3129 Nomocfl,
921 3085 944 3129 ἢ
969 3101 1026 3120 οηι.
1053 3099 1071 3122 ς
1090 3087 1102 3128 11
1128 3089 1169 3121 12
1193 3087 1270 3120 ἑαυ-

187 3134 251 3168 τοῦ
278 3133 331 3178 ΟΙΙ
353 3135 391 3167 13
417 3134 489 3166 τοῖς
514 3146 572 3166 om.
589 3134 654 3166 Cv.
670 3136 689 3166 l.
710 3132 721 3175 ΙΙ
740 3134 780 3166 15
806 3130 827 3174 ἢ
852 3146 908 3166 om.
925 3134 953 3165 L
973 3133 984 3175 ΙΙ
1001 3131 1191 3175 μισθωτὴς
1206 3133 1276 3165 BC

188 3181 264 3213 Atlz.
277 3180 397 3212 Theod.
414 3179 446 3219 (ς
460 3178 548 3219 Iul.)]
567 3175 759 3220 μισθωτὸς
773 3179 844 3210 ML
863 3178 874 3221 ΙΙ
892 3178 1113 3223 πράγματος]
1132 3178 1274 3210 alicuius

188 3226 236 3258 rei
262 3236 280 3260 ς
307 3223 319 3262 ΙΙ
352 3225 392 3257 18
418 3219 549 3268 ποιήσῃ
575 3224 678 3255 Anon.
706 3224 824 3261 Bodl,
850 3236 917 3256 eum
944 3224 1128 3266 Scrimyero
1152 3225 1238 3267 vulq.
1262 3222 1274 3267 Η

190 3266 277 3313 ὅπερ
302 3266 336 3310 ἢ]
362 3266 384 3310 ἢ
409 3281 467 3301 om.
486 3268 554 3301 C'v.
567 3269 642 3309 1.‚L
667 3268 679 3310 ΙΙ
711 3270 752 3302 20
779 3264 877 3301 αὐτῶ
903 3269 934 3300 L
960 3268 971 3311 ΙΙ
1002 3267 1273 3313 ἐμφυτευτικὸν]

189 3313 211 3357 ἢ
232 3311 491 3358 ἑμφυτευτικὸν
521 3314 585 3347 Ου.
602 3313 651 3356 ἰμΙΙ
670 3315 712 3346 22
734 3310 756 3355 ἢ
780 3309 814 3354 ἡ]
839 3311 860 3354 ἦ
883 3326 940 3346 om.
956 3314 986 3346 L
1006 3312 1017 3353 ΙΙ
1035 3315 1077 3346 23
1098 3313 1228 3346 τοῦτον
1243 3314 1274 3346 L

189 3362 292 3402 (Iul.)]
314 3357 457 3392 τούτων
477 3359 505 3392 C'
523 3356 643 3400 τούτῳ
658 3359 735 3391 ΜΒ
760 3358 830 3390 sola
847 3370 865 3394 ς
883 3358 894 3402 ΙΙ
914 3360 955 3392 26
973 3361 1067 3403 περὶ]
1088 3355 1180 3401 μηδὲ
1193 3361 1275 3403 περὶ

194 3407 221 3459 L
236 3407 290 3449 (cf.
311 3407 356 3437 ad
374 3405 450 3444 588,
466 3403 494 3444 2)
513 3403 525 3446 ΙΙ
544 3405 584 3437 28
610 3404 651 3443 εἰ]
676 3401 712 3436 οἱ
735 3404 780 3436 Μ
799 3403 811 3446 ΙΙ
834 3402 884 3447 μὴ
911 3417 967 3437 om.
988 3406 1015 3436 C
1034 3405 1046 3446 ΙΙ
1075 3402 1112 3438 οἱ
1132 3402 1275 3437 τούτων

191 3448 379 3493 διοικηταὶ]
399 3449 563 3491 praedicti
581 3449 788 3481 ordinatores
809 3460 828 3484 ς
847 3449 858 3492 ΙΙ
876 3446 1040 3490 ἐκβαλεῖν
1062 3449 1091 3483 Ο
1098 3462 1126 3483 υ.
1137 3452 1168 3492 l.‚
1182 3450 1252 3482 LB
1265 3448 1276 3494 Η
1308 3482 1309 3485 ,

192 3497 234 3530 30
255 3496 294 3529 ἐκ
320 3495 446 3535 MLB]
478 3491 568 3538 ὑπὲρ
598 3494 654 3529 Os-
683 3494 695 3536 ll
725 3496 766 3527 32
788 3493 973 3540 περαιιάσῃ
999 3507 1066 3527 cam
1091 3495 1275 3538 Scrimyero
1308 3490 1309 3518 5

191 3543 277 3584 vuly.
293 3540 306 3584 ΙΙ
326 3537 518 3583 διδόμενον
540 3540 570 3571 L
587 3536 611 3581 ss'
626 3541 669 3573 34
694 3535 817 3572 αὐτῶν
843 3552 901 3572 om.
922 3541 985 3573 Cv.
1000 3542 1032 3580 l.,
1047 3539 1083 3572 B
1100 3539 1111 3583 ΙΙ
1134 3538 1275 3580 τόπων]

192 3585 302 3618 οἴκων
326 3585 456 3618 τόπων
477 3587 549 3626 (sic)
571 3585 602 3616 L

241 3678 255 3708 1
276 3674 473 3718 *praesento
489 3676 573 3718 libri,
591 3675 790 3718 praepositis
807 3675 1037 3718 Osenbriiyyen
1049 3672 1060 3717 Η
1076 3674 1277 3707 uenerabili-

193 3720 255 3754 bus
278 3721 332 3754 Va
351 3722 362 3761 ΙΙ
379 3721 494 3753 domus
519 3734 576 3754 om.
598 3720 673 3763 V¹11
703 3722 722 3754 2
747 3719 965 3753 desei-uitium
987 3720 1034 3752 V¹
1055 3719 1066 3762 ΙΙ
1088 3720 1278 3761 proditione

194 3765 243 3798 R²
274 3765 495 3807 perditionem
523 3767 569 3799 T¹
597 3766 607 3809 ΙΙ
638 3767 657 3798 3
683 3768 751 3806 aut]
785 3767 842 3797 aut
866 3775 924 3806 por
947 3765 979 3797 R
1002 3765 1013 3807 ΙΙ
1042 3766 1063 3797 4
1086 3764 1279 3797 imminutas
1311 3800 1314 3807 Δ

1341 2950 1446 2983 eidem
1470 2949 1656 2982 uenerabili
1689 2948 1767 2982 VR²
1802 2948 1908 2980 eidem
1932 2947 2119 2981 uenerabili
2142 2948 2335 2980 immunitas
2360 2949 2393 2981 T
2418 2947 2430 2993 ΙΙ

1341 2997 1361 3029 6
1376 2995 1636 3028 constitutorum
1655 2994 1687 3027 V
1698 2993 1711 3033 ΙΙ
1730 2995 1747 3026 7
1765 2994 1798 3026 et
1811 2994 1917 3034 Beck]
1934 2995 1974 3025 ut
1986 2994 2055 3026 ΒΤ
2070 2995 2130 3026 aut
2151 2993 2270 3036 Vvuly.
2283 2991 2295 3037 Η
2308 2994 2340 3025 et
2354 2992 2430 3025 aliis

1342 3054 1400 3073 om.
1414 3040 1448 3072 R
1463 3041 1475 3082 {l
1496 3041 1515 3073 8
1541 3039 1638 3081 *qui]
1664 3039 1786 3080 quibus
1811 3038 1864 3079 (de
1882 3037 2005 3079 quibus
2023 3038 2088 3079 Ta)
2115 3039 2192 3071 libri
2207 3037 2220 3081 ΙΙ
2243 3039 2263 3071 9
2282 3038 2352 3070 eius
2379 3039 2426 3070 Τι

1342 3086 1372 3118 ei
1389 3083 1444 3129 RH
1457 3084 1675 3126 coniungitur
1696 3084 1759 3117 VT
1772 3083 1784 3127 ΙΙ
1803 3083 2023 3126 emphyteosis
2046 3084 2089 3124 V]
2108 3083 2328 3125 emphiteosin
2342 3082 2430 3126 RTn

1344 3134 1385 3165 10
1403 3130 1602 3171 emptionem
1621 3130 1652 3162 T
1666 3129 1678 3172 ll
1698 3131 1735 3162 11
1757 3128 2021 3170 competentibus
2040 3129 2126 3168 libri,
2143 3140 2227 3160 corr.
2242 3129 2329 3171 valy.
2347 3127 2359 3170 ΙΙ
2388 3129 2428 3161 13

1341 3178 1404 3216 his]
1426 3175 1507 3218 ipsis
1524 3176 1556 3207 R
1574 3174 1585 3217 ΙΙ
1604 3175 1662 3215 qui
1679 3174 1778 3215 vuly]
1803 3183 1887 3214 quae
1909 3173 1987 3206 libri
2002 3173 2014 3216 ΙΙ
2033 3172 2156 3205 eisdem
2174 3173 2288 3214 poenis
2310 3173 2347 3212 V,
2369 3185 2428 3205 om.

1344 3221 1528 3263 RJ'vul9.;
1563 3220 1623 3252 sub
1648 3219 1767 3251 iisdem
1791 3218 1907 3261 poenis
1931 3218 2025 3251 Beck
2055 3217 2067 3261 ΙῙ
2098 3220 2139 3251 15
2165 3217 2351 3260 enphiteoti
2378 3217 2430 3250 Τι

1343 3265 1598 3308 emphiteotieus
1624 3264 1656 3296 R
1685 3264 1697 3306 ΙΙ
1726 3263 1868 3295 alicuius
1892 3264 1992 3305 vul9.]
2024 3262 2119 3295 cuius
2142 3263 2213 3303 (om.
2230 3263 2293 3304 T¹J
2320 3263 2398 3295 libri
2419 3262 2430 3305 ΙΙ

1346 3314 1386 3346 16
1403 3309 1666 3353 competentibus
1684 3308 1732 3341 R¹
1748 3308 1759 3352 ΙΙ
1788 3310 1828 3342 17
1846 3308 1991 3340 adulteri
2007 3308 2055 3340 R¹
2074 3308 2086 3350 ΙΙ
2106 3309 2147 3341 19
2169 3307 2270 3349 quod]
2295 3307 2430 3349 quidem

1343 3357 1442 3399 valy„
1468 3356 1529 3388 del.
1545 3355 1640 3387 Beck
1662 3354 1674 3396 ll
1705 3356 1746 3387 20
1772 3356 1851 3394 non]
1885 3349 1917 3387 ni
1938 3354 1958 3386 i.
1980 3366 2005 3386 e.
2031 3352 2116 3385 mihi
2139 3353 2172 3385 R
2202 3352 2214 3396 ΙΙ
2242 3352 2302 3394 qui
2326 3353 2366 3385 ab
2391 3363 2430 3385 eo

1345 3402 1523 3444 promissus
1548 3402 1596 3432 est
1616 3400 1724 3438 Βαίας
1750 3399 1839 3440 quod
1864 3405 1892 3431 et
1916 3400 1964 3431 est
1989 3399 2050 3431 del.
2068 3398 2247 3431 Heimbach
2264 3398 2275 3440 Η
2296 3399 2336 3431 21
2364 3408 2430 3430 ern-

1344 3446 1543 3490 phyteoticis
1564 3444 1655 3478 V³T
1663 3444 1671 3463 ¹
1696 3443 1951 3486 emphiteoticus
1976 3443 2008 3475 R
2033 3442 2045 3485 11
2074 3453 2233 3475 canonem
2257 3442 2351 3483 VT2]
2377 3453 2430 3475 ca-

1345 3502 1430 3525 none
1445 3490 1556 3523 R¹T¹
1580 3500 1687 3522 canon
1700 3489 1750 3522 R²
1766 3490 1777 3531 ll
1797 3489 1948 3522 dabimus
1962 3488 2008 3521 R¹
2027 3488 2039 3532 ΙΙ
2058 3489 2099 3521 23
2124 3488 2194 3520 sola
2215 3488 2293 3528 VT]
2315 3488 2384 3520 solo
2399 3488 2430 3520 R

1346 3538 1453 3570 solum
1477 3537 1562 3579 valy.
1582 3535 1594 3578 ΙΙ
1611 3545 1671 3576 pro
1692 3534 1913 3576 praecedenti]
1938 3532 2133 3575 procedenti
2153 3532 2230 3576 R111
2255 3534 2298 3566 24
2323 3533 2431 3566 locare

1355 3582 1417 3624 Vll
1443 3583 1485 3614 25
1511 3581 1560 3613 rei
1584 3593 1643 3614 οηι.
1662 3580 1712 3612 R²
1736 3580 1747 3623 ΙΙ
1773 3580 1825 3621 egi
1851 3579 1898 3612 R²
1923 3579 1935 3622 ΙΙ
1960 3579 2045 3611 deici
2070 3577 2120 3611 R2
2144 3577 2156 3621 ΙΙ
2182 3578 2263 3620 sive]
2288 3578 2344 3611 uel
2369 3578 2431 3619 T2,

1347 3641 1404 3661 om.
1421 3627 1453 3659 T
1462 3627 1472 3646 ¹
1491 3626 1503 3669 ΙΙ
1519 3627 1562 3659 26
1576 3625 1739 3657 valentem
1759 3626 1846 3667 vuly.
1865 3624 1877 3667 ss
1896 3624 1935 3656 de
1952 3623 2184 3667 emponimatis
2205 3623 2239 3657 V
2253 3623 2293 3656 de
2310 3623 2432 3666 epdne-

1347 3672 1444 3705 matis
1470 3672 1502 3704 R
1537 3671 1762 3712 deponematis
1786 3670 1834 3703 Τ1
1864 3670 1876 3712 ΙΙ
1905 3669 2131 3702 uenerabilem
2155 3668 2289 3702 domum
2315 3669 2374 3712 ΤΗ
2390 3670 2432 3702 28

1348 3718 1481 3760 quidem
1498 3718 1584 3756 eum]
1611 3726 1686 3748 eum
1711 3729 1768 3748 om.
1783 3716 1815 3748 lt
1839 3714 1851 3759 ΙΙ
1883 3716 1924 3749 29
1950 3715 2029 3756 sive]
2062 3725 2120 3747 sue
2145 3714 2178 3746 R
2203 3714 2214 3757 ΙΙ
2244 3715 2285 3748 30
2312 3724 2432 3755 cogno-

1348 3764 1494 3796 sceretur
1520 3763 1573 3794 Ra
1592 3761 1603 3803 ΙΙ
1628 3761 1848 3793 diffinitiuum
1876 3760 1907 3793 T
1929 3760 1940 3803 ΙΙ
1966 3762 2006 3794 33
2030 3759 2264 3792 indemnitates
2292 3760 2323 3792 T

2099 3816 2163 3848 74*
