2618 4010
265 125 373 168 Nov.
404 124 482 167 VII
519 125 543 167 3

1352 121 1407 170 56
2011 139 2073 172 nn
2099 140 2191 174 son
2219 139 2488 174 Anmmums

266 235 507 270 συνεστώτων
526 232 745 289 ,οἰκημάτων
779 235 839 268 καὶ
870 239 1099 280 προαστείων
1133 239 1193 270 καὶ
1222 233 1346 283 ἀγρῶν
1414 237 1562 272 urbanis
1587 238 1623 271 et
1651 235 1766 272 hortis
1795 241 1831 273 et
1853 239 1966 284 agris,
1998 240 2062 276 sed
2089 241 2195 277 etiam
2227 251 2335 286 super
2363 242 2487 284 ruinis,

265 283 325 313 καὶ
349 278 487 323 κήπων,
515 278 604 313 αλλὰ
636 283 695 313 καὶ
719 281 902 327 ἐρειπίων,
933 281 1004 315 εἴτε
1033 279 1107 315 ἀπὸ
1135 279 1245 326 πυρὸς
1275 282 1346 315 εἴτε
1414 282 1486 317 sive
1509 291 1555 317 ex
1583 281 1664 325 igne
1694 280 1767 316 sive
1797 292 1843 318 ex
1871 287 1990 320 terrae
2021 289 2119 322 motu
2143 287 2216 323 sive
2240 297 2283 322 ex
2307 286 2378 322 alia
2400 297 2488 332 qna·

263 323 337 359 ἀπὸ
361 326 506 369 σεισμοῦ
528 325 598 358 εἴτε
621 324 659 365 ἐξ
679 323 785 368 ἄλλης
806 323 1016 369 οἱαςδὴποτε
1043 326 1157 359 αἰτίας
1184 324 1227 360 τὸ
1259 327 1344 373 έρεί·

264 383 351 404 πιον
373 371 442 413 εἴη·
477 367 568 403 ἀλλὰ
591 372 651 404 καὶ
675 372 735 406 ἐπὶ
758 371 836 405 τῶν
867 374 1050 405 παντοίως
1079 371 1345 417 καθῃρημένων

1413 327 1501 362 libet
1525 336 1634 361 causa
1657 326 1761 361 ruina
1785 327 1848 363 sit:
1878 328 1942 364 sed
1963 330 2069 366 etiam
2089 331 2126 366 in
2150 332 2206 367 his
2228 341 2319 377 quae
2345 332 2488 368 omnino

1414 371 1596 407 destructa
1627 376 1711 406 sunt
1741 375 1778 406 et
1805 372 1843 407 in
1879 374 2079 418 pavimento
2110 376 2247 419 iacent,
2283 377 2357 412 sive
2384 377 2489 412 etiam

263 418 325 448 καὶ
348 415 395 449 εἰς
415 412 546 460 &Scupos
567 418 745 460 κειμένων
759 416 831 450 εἴτε
849 419 908 449 καὶ
931 414 1053 461 ψιλῶν
1078 417 1259 462 ἐρειπίων,
1280 430 1344 460 μη·
1379 421 1398 452 5
1414 416 1512 460 puris
1525 416 1637 451 ruinis
1650 415 1786 450 nullum
1805 416 2017 455 habentibus
2031 420 2229 457 aedificium
2245 431 2359 467 neque
2375 424 2488 457 mate-

264 458 394 512 Befu'av
415 457 576 501 ἐχόντων
598 458 807 504 οἰκοδομίαν
827 458 918 504 μηδὲ
939 458 1029 503 ὕλην
1052 463 1228 504 κειμένην.
1263 459 1346 495 οὐδὲ
1413 461 1501 495 riam
1524 461 1710 496 iacentem.
1758 460 1840 496 Non
1865 462 1957 498 enim
1980 464 2017 499 in
2039 466 2109 501 illis
2133 467 2382 502 alienationem
2411 466 2488 502 fleri

262 518 330 551 γαρ
357 502 419 539 ἐπ’
451 506 597 539 ἐκείνοις
627 505 695 549 τὴν
724 507 910 549 ἐκποίησιν
939 505 1111 559 γίνεσθαι
1145 508 1344 553 συγχωροῦ-

262 563 340 593 μεν,
365 548 460 593 πλὴν
484 551 516 584 εἰ
541 549 591 595 μὴ
620 552 680 586 ἐπὶ
709 550 819 595 μόνης
847 553 1092 597 ἐμφυτευσεως
1121 555 1345 598 προςκαίρου,

262 593 353 647 κατὰ
377 593 420 629 τὸ
448 596 660 651 ἔμπροσθεν
685 594 769 640 ἡμῖν
797 596 993 643 εἰρημένον,
1025 597 1086 651 ἐπὶ
1117 599 1213 643 τρισὶ
1244 607 1346 643 προς·

1415 505 1652 550 permittimus
1675 506 1745 541 nisi
1768 506 1804 540 in
1835 507 1913 542 sola
1944 509 2163 562 emphyteosi
2193 512 2400 557 temporali,
2432 522 2488 547 se-

1415 550 1570 585 cundum
1594 551 1689 596 quod
1714 551 1846 586 dudum
1874 562 1896 586 a
1928 553 2031 589 nobis
2054 555 2185 592 dictum
2209 562 2279 599 est,
2313 558 2351 592 in
2374 557 2488 592 tribus

1415 596 1576 639 personis
1601 596 1751 637 talibus,
1784 597 1905 641 quales
1937 598 2185 642 praediximus.
2232 601 2281 637 Et
2311 606 2352 637 ut
2373 612 2489 647 neque

263 651 376 694 ωποις
402 640 593 682 τοιούτοις,
627 645 734 676 οποῖα
764 642 931 687 πρόσθεν
959 641 1166 686 εἰρηκαμεν·
1202 644 1261 674 καὶ
1286 642 1346 675 ἵνα
1361 644 1402 677 10
1417 641 1488 675 ulla
1513 641 1794 686 circumscriptio
1819 652 1933 687 neque
1956 642 1993 678 in
2015 644 2147 681 talibus
2170 646 2243 691 fiat,
2268 647 2406 683 duobus
2426 657 2490 692 per

261 698 311 729 μη
333 696 389 738 τις
410 685 613 740 περιγραφὴ
635 684 726 742 μηδὲ
754 688 814 721 ἐπὶ
837 683 1149 741 τούτῳῇγένηται,
1181 683 1245 720 δύο
1268 687 1347 721 τῶν
1414 688 1576 731 tempora
1606 687 1817 732 primatibus
1842 687 2055 724 mechanicis
2078 692 2142 726 aut
2164 692 2385 734 architectis,
2416 692 2489 727 sive

261 743 354 764 κατα
369 744 495 776 καιρον
514 743 780 784 πρωτευοντων
796 743 1007 785 μηγανικων
1024 744 1045 773 η
1068 730 1345 778 αρχιτεκτόνων,

1413 730 1450 766 in
1474 732 1543 767 hac
1566 733 1665 777 regia
1684 736 1720 767 et
1739 732 1894 767 maxima
1910 732 2051 768 civitate
2067 745 2138 770 una
2163 746 2242 771 cum
2264 737 2331 773 deo
2355 738 2489 772 amabi-

263 775 334 809 εἴτε
366 775 459 810 κατὰ
486 789 554 819 την
587 774 759 820 βασιλίδα
789 789 927 819 ταυτην
958 778 1018 809 καὶ
1048 775 1207 822 μεγάλην
1238 776 1346 811 πόλιν
1413 776 1506 812 libus
1538 778 1740 813 oeconomis
1773 783 1807 812 et
1837 778 1992 823 quinque
2020 780 2315 817 reverentissimis
2342 783 2489 828 presby·
2507 812 2514 825 ,

261 818 337 876 ἅμα
371 824 459 875 rote!
479 820 774 866 θεοφιλεστάτοις
807 819 1006 900 οἰκονόμοις
1036 824 1103 876 καὶ,
1127 825 1236 856 πέντε
1267 823 1346 857 τῶν
1413 822 1500 875 teris
1525 826 1560 876 et
1583 822 2279 877 duobus·diaconis,'praesente-quoque
2301 826 2368 863 deo
2392 837 2489 863 ama-

262 864 539 910 ευλαβεστατων
561 869 816 911 πρεσβυτέρων
835 868 894 900 καὶ
938 879 980 900 vo
1002 864 1194 909 ὃιακονων,
1210 866 1344 915 παρόν·
1360 871 1400 903 15
1413 867 1475 902 blll
1496 877 1676 913 epmcopo,
1702 878 1774 904 Sive
1794 870 1900 903 etlam
1917 880 1953 903 111
1973 879 2158 913 provmcla
2182 870 2320 908 duobus
2345 872 2489 917 insigni-

262 922 320 945 τος
348 914 408 944 καὶ
438 913 502 945 τοῦ
534 910 819 957 θεοφιλεστάτου
849 909 1148 956 ἀρχιεπισκόπου,
1184 913 1255 947 εἴτε
1285 915 1344 947 καὶ

261 954 352 990 κατὰ
381 954 505 1002 χώραν
535 954 598 990 δύο
630 958 708 990 τῶν
736 955 924 999 ἐπισήμων
954 959 1165 1001 μηχανικῶν
1196 955 1218 1002 ἢ
1248 955 1344 1006 ἀρχι·

261 1000 453 1042 τεκτόνων,
490 998 512 1044 ἣ
541 1005 600 1034 καὶ
632 1000 726 1043 ἑνός,
762 1003 793 1035 εἰ
825 1004 890 1036 ἕνα
924 1000 1039 1047 μόνον
1070 1002 1091 1045 ἦ
1125 1002 1228 1039 πόλις
1258 1005 1343 1046 ἔχοι,

263 1049 548 1101 παραγινρμένου
569 1050 641 1080 τοῖς
664 1046 806 1081 τόποις·
843 1045 930 1082 ὥςτε
951 1049 1030 1082 τῶν
1053 1047 1173 1103 θείων
1201 1062 1342 1096 προκει-

1412 912 1480 948 bus
1511 914 1724 949 mechanicis
1756 918 1820 948 aut
1850 914 2074 958 architectis,
2107 917 2171 950 aut
2200 916 2307 951 etiam
2336 927 2427 961 uno,
2460 918 2491 952 si

1413 969 1523 993 unum
1547 958 1661 994 solum
1686 958 1810 994 civitas
1843 959 1991 1002 habeat,
2022 959 2338 997 intervenientibus
2359 962 2398 997 in
2419 962 2490 998 illis

1413 1003 1519 1045 locis,
1552 1004 1791 1039 sacrosanctis
1824 1004 1949 1049 positis
1981 1004 2192 1049 evangeliis,
2226 1005 2414 1042 definiatur
2444 1008 2490 1042 ab

1413 1048 1628 1089 architectis,
1654 1053 1825 1093 quantum
1850 1053 2027 1094 competat
2050 1060 2115 1094 pro
2141 1050 2208 1086 hoc
2228 1050 2318 1086 solvi
2341 1052 2490 1088 sanctis·

260 1094 381 1146 μένων
401 1090 617 1148 ευαγγςλίων
637 1088 836 1146 ὁρισθῆναι
855 1092 954 1145 παρὰ
970 1094 1048 1127 τῶν
1066 1092 1343 1148 αρζιτςκτόνων,
1357 1097 1399 1130 20
1414 1093 1525 1128 simae
1557 1093 1729 1129 ecclesiae
1761 1094 1956 1130 secundum
1987 1095 2129 1131 modum
2161 1095 2419 1141 emphyteosin,
2454 1099 2492 1132 et

260 1133 346 1170 όσον
370 1148 546 1184 προςηκον
570 1139 671 1171 ἐστιν
689 1139 780 1185 υπὲρ
802 1151 931 1172 τουτου
953 1137 1069 1173 τελεῖν
1092 1152 1137 1187 τῃ
1158 1137 1343 1186 αγιωτάτῃ

260 1180 428 1224 ἐκκλησίᾳ
451 1180 542 1216 κατὰ
573 1181 712 1230 τρόπον
735 1182 1000 1229 ἐμφυτεύσεως,
1031 1187 1092 1218 καὶ
1116 1187 1177 1220 ἐπὶ
1205 1183 1344 1220 τούτοις

261 1226 520 1272 ἐμφυτευτικὴν
543 1227 752 1275 συγγραφὴν
776 1229 825 1263 εἰς
852 1226 965 1264 αὐτὸν
995 1230 1167 1276 γίνεσθαι
1191 1229 1282 1264 κατὰ
1300 1229 1343 1264 τὸ

259 1273 377 1316 σχῆμα
396 1271 439 1306 τὸ
471 1273 685 1320 ἔμπροσθεν
713 1275 910 1329 εἰρημένον.
957 1273 1023 1308 τὸν
1049 1273 1090 1308 δὲ
1117 1278 1177 1309 καὶ
1210 1273 1343 1309 οἰκοδο-

1412 1139 1450 1174 in
1475 1139 1530 1174 his
1555 1140 1851 1185 emphyteoticam
1871 1140 2171 1185 conscriptionem
2190 1141 2228 1176 in
2253 1151 2296 1176 eo
2320 1141 2492 1177 celebrari

1413 1184 1609 1219 secundum
1633 1184 1781 1229 figuram
1804 1185 1904 1229 prius
1922 1185 2063 1221 dictam.
2101 1186 2205 1221 Illum
2228 1196 2311 1222 vero
2336 1188 2374 1222 et
2395 1186 2492 1222 aedi·

1412 1228 1523 1264 ficare
1547 1232 1583 1265 et
1605 1230 1658 1264 uti
1681 1230 1906 1273 materiebus,
1928 1230 1959 1266 si
1978 1231 2145 1266 materias
2171 1232 2290 1274 habet,
2314 1236 2351 1267 et
2373 1234 2491 1268 trans·

1412 1274 1551 1310 mittere
1591 1275 1836 1320 emphyteosin
1871 1286 1983 1320 usque
2018 1277 2065 1311 ad
2105 1277 2195 1312 duas
2235 1277 2491 1320 successiones,

258 1330 340 1361 μειν
363 1319 424 1351 καὶ
451 1318 651 1366 κεχρῆσθαι
674 1322 751 1353 ταῖς
773 1318 891 1360 ὕλαις,
926 1319 1026 1375 εἴπερ
1048 1316 1135 1355 ὕλας
1161 1321 1253 1363 ἔχοι,
1283 1322 1343 1373 καὶ
1357 1322 1397 1355 25
1412 1319 1506 1354 sicut
1529 1319 1664 1355 dictum
1698 1324 1770 1361 est,
1803 1324 1838 1355 et
1861 1321 1912 1356 sic
1936 1322 2065 1356 reverti
2087 1326 2170 1366 post
2192 1322 2299 1357 trium
2322 1332 2491 1367 persona-

259 1365 518 1417 παραπέμπειν
541 1362 609 1408 τὴν
633 1363 849 1410 ἐμφύτευσιν
870 1363 951 1411 ἄχρι
975 1363 1040 1399 δυό
1070 1363 1264 1408 διαδόχων,
1297 1376 1344 1399 ως

259 1408 408 1463 εἴρηται,
429 1420 527 1443 ουτω
547 1422 587 1443 τε
610 1411 799 1463 ἐπανιέναι
821 1410 913 1455 μετὰ
927 1408 994 1454 τὴν
1009 1410 1087 1444 τῶν
1102 1413 1217 1456 τριῶν
1231 1422 1342 1465 Ἀπρος-

1412 1374 1493 1399 rum
1515 1369 1665 1400 mortem
1690 1365 1735 1400 ad
1767 1365 2027 1401 sanctissimam
2050 1367 2237 1402 ecclesiam
2260 1371 2324 1403 aut
2346 1378 2491 1403 venera-

1413 1409 1520 1444 bilem
1555 1410 1716 1454 domum,
1752 1421 1795 1445 ex
1829 1420 1899 1455 qua
1933 1410 2032 1446 facta
2066 1415 2122 1447 est
2158 1413 2418 1459 emphyteusis:
2457 1417 2492 1448 et

261 1465 377 1487 ωπων
398 1451 568 1497 τελευτὴν
591 1455 653 1489 ἐπὶ
681 1453 749 1499 τὴν
771 1453 979 1502 αγιροτάτην
1004 1454 1194 1500 ἐκκλησίαν
1226 1470 1247 1499 η
1278 1454 1344 1490 τὸν
1412 1454 1531 1490 valere
1555 1455 1662 1490 etiam
1683 1456 1791 1491 talem
1810 1458 2045 1501 contractum,
2070 1461 2193 1502 utpote
2217 1459 2398 1503 praesenti
2419 1469 2493 1494 non

260 1496 502 1546 εὖαγέστατον
536 1499 646 1542 οἷκον,
678 1497 768 1547 παρ’
806 1499 848 1534 οὗ
882 1504 1028 1548 γέγονεν
1064 1498 1086 1544 ἡ
1122 1499 1342 1547 ἐμφύτευσις.
1412 1504 1669 1545 repugnantem
1691 1501 1771 1546 legi.

258 1547 319 1578 καὶ
337 1544 528 1591 ἐρρῶσθαι
547 1547 607 1579 καὶ
623 1543 665 1580 τὸ
686 1547 829 1580 τοιοῦτο
849 1544 1091 1593 συνάλλαγμα,
1111 1544 1158 1581 ὠς
1178 1547 1232 1590 τῷ
1254 1558 1344 1591 παρ·
1358 1548 1399 1580 30

257 1588 284 1625 8
328 1587 409 1624 όντι
439 1589 489 1634 μὴ
518 1588 724 1634 μαχόμενον
754 1588 868 1635 νόμῳ.
979 1589 1072 1626 Οὐδὲ
1106 1593 1241 1626 ἐκείνου
1279 1592 1343 1625 τοῦ
1411 1590 1436 1626 3
1482 1590 1607 1636 Neque
1642 1591 1750 1635 illud,
1788 1591 1882 1636 quod
1917 1591 2092 1628 hactenus
2123 1596 2248 1629 contra
2279 1592 2369 1629 tales
2407 1603 2492 1628 con-

257 1637 360 1680 μέχρι
391 1636 460 1668 νῦν
490 1635 582 1669 κατὰ
612 1637 690 1670 τῶν
720 1634 898 1670 τοιούτων
928 1635 1237 1684 συναλλαγμάτων
1267 1638 1344 1671 ἐπι·
1412 1639 1549 1672 tractus
1580 1637 1763 1681 agebatur,
1799 1638 1918 1672 valere
1951 1638 2227 1682 permittendum
2264 1641 2320 1673 est
2350 1638 2395 1674 de
2429 1639 2492 1674 ad-

258 1680 456 1723 νοηθέντος
478 1683 624 1726 κρατεῖν
647 1685 949 1727 συγχωρουμένου,
980 1683 1045 1716 τοῦ
1073 1682 1344 1729 προςτίθεσθαι
1411 1681 1584 1724 iectione,
1627 1686 1668 1717 ut
1706 1683 1762 1718 vel
1803 1682 1833 1718 si
1872 1682 2022 1718 duorum
2062 1683 2234 1719 heredum
2274 1683 2495 1736 compleatur

260 1722 348 1760 ω”ςτε
373 1721 441 1759 κᾶν
467 1726 498 1759 εἰ
523 1722 543 1760 ό
565 1727 644 1760 τῶν
668 1724 732 1761 δύο
759 1724 995 1773 κληρονόμων
1018 1726 1234 1774 πληρωθείη
1264 1725 1344 1775 χρό·
1412 1730 1570 1771 tempus,
1594 1728 1740 1763 licentia
1763 1727 1810 1763 sit
1833 1727 1903 1772 eis,
1935 1727 1997 1772 qui
2024 1731 2108 1773 post
2130 1729 2210 1764 illos
2235 1732 2336 1771 sunt,
2359 1739 2397 1764 m
2420 1739 2493 1764 em-

257 1781 328 1811 νος,
348 1768 475 1804 ἄδειαν
496 1770 588 1805 εἶναι
603 1775 676 1806 τοῖς
696 1769 777 1817 μετ’
801 1774 951 1807 ἐκείνους
968 1770 1236 1818 ἐμφυτεύεσθαι
1253 1770 1341 1806 αὐτὸ
1357 1775 1398 1808 35
1413 1772 1602 1817 phyteosin
1626 1773 1713 1809 dare
1736 1773 1772 1808 id
1797 1773 1892 1808 unde
1916 1773 2041 1817 agitur,
2075 1776 2113 1809 et
2141 1783 2283 1820 semper
2305 1783 2366 1810 eos
2389 1784 2493 1819 prae-

258 1818 318 1850 καὶ
346 1812 402 1850 ἀεὶ
433 1817 698 1872 προκρίνεσθαι
721 1819 799 1852 τῶν
821 1816 953 1852 ἄλλων.
1000 1819 1108 1853 τοῦτο
1139 1817 1207 1866 γὰρ
1239 1815 1344 1852 οὐδὲν
1412 1817 1497 1862 poni
1529 1818 1626 1853 aliis:
1665 1818 1727 1861 [in]
1759 1818 1829 1854 hoc
1854 1817 1945 1854 enim
1969 1818 2058 1854 nihil
2087 1819 2184 1854 aliud
2214 1822 2269 1855 est
2292 1829 2398 1864 quam
2429 1828 2494 1864 per

258 1859 382 1908 ἕτερόν
405 1863 506 1896 ἐστιν
528 1876 551 1906 η
581 1862 674 1897 κατὰ
699 1861 870 1910 περίοδον
893 1866 952 1897 καὶ
983 1862 1147 1907 μηχανὴν
1171 1861 1343 1907 διηνεκεῖς
1411 1862 1666 1899 revolutionem
1699 1866 1736 1899 et
1771 1863 2072 1899 machinationem
2107 1868 2298 1910 perpetuas
2334 1864 2386 1900 eis
2421 1875 2493 1899 em·

259 1903 319 1941 έπ’
351 1903 470 1942 αὐτοῖς
499 1908 747 1953 έμφυτεύσεις,
781 1907 919 1953 μᾶλλον
952 1907 992 1942 δὲ
1026 1907 1229 1955 ἀφαιρέσεις
1263 1909 1343 1942 τῶν
1410 1908 1615 1962 phyteosis‚
1648 1909 1760 1953 magis
1785 1912 1904 1944 autem
1927 1909 2144 1954 privationes
2169 1909 2493 1946 ecclesiasticarum

259 1950 566 1996 ἐκκλησιαστικοῦν
589 1952 810 2000 ἐργάζεσθαι
833 1953 1069 2010 πραγμάτων.
1107 1951 1197 1988 ἀλλά
1219 1950 1287 1987 κᾶν
1311 1952 1348 1987 εἴ
1411 1962 1469 1997 agl
1492 1963 1624 1989 rerum.
1673 1954 1744 1990 Sed
1768 1958 1804 1990 et
1828 1954 1858 1989 si
1881 1954 1967 1999 quid
1994 1954 2130 1990 factum
2154 1959 2208 1991 est
2238 1955 2328 1998 tale,
2359 1955 2493 1990 nullam

258 2011 295 2032 τι
313 2000 437 2045 γέγονε
452 1999 630 2041 τοιοῦτον,
652 1997 834 2044 μηδεμίαν
855 1999 1016 2046 ανάγκην
1032 1999 1126 2034 εἶναι
1145 2001 1220 2033 τοῖς
1242 1996 1341 2032 εὖλα-
1355 2001 1397 2033 40
1411 1999 1660 2034 necessitatem
1684 2009 1762 2035 esse
1793 1999 2085 2035 reverentissimis
2115 2000 2319 2036 oeconomis
2353 1999 2494 2036 duobus

258 2041 665 2132 βεστάτοιὲηοίκοιὲόμέοις
683 2046 761 2079 τῶν
781 2042 846 2079 δύο
866 2043 1102 2091 κληρονόμων
1123 2046 1342 2089 παυομένων
1411 2043 1601 2080 heredibus
1628 2044 1850 2080 cessantibus
1876 2045 2004 2080 ceteris
2028 2044 2181 2081 tradere.

259 2091 333 2123 τοῖς
363 2090 426 2135 έφε
454 2089 487 2122 ’ς
509 2090 548 2122 ἐκ
573 2103 584 2123 ι
609 2087 704 2124 όναι.

258 2202 439 2239 stantibus
458 2207 494 2238 et
521 2201 739 2238 suburbanis
760 2207 797 2238 et
825 2203 927 2249 aqris
952 2207 988 2239 et
1013 2202 1148 2246 hortis,
1176 2214 1299 2239 verum
1323 2204 1432 2239 etiam
1454 2204 1494 2238 in
1516 2204 1653 2246 ruinis,
1682 2203 1758 2239 sive
1784 2203 1952 2239 incendio
1974 2203 2049 2240 sive
2078 2207 2198 2239 terrae
2219 2207 2320 2239 motu
2345 2203 2420 2239 sive
2441 2215 2492 2239 ex

259 2249 335 2284 alia
357 2248 612 2295 qualicumque
631 2259 742 2283 causa
764 2248 875 2284 ruina
896 2249 1079 2284 extiterit:
1127 2248 1191 2283 uin
1210 2249 1249 2283 in
1268 2248 1315 2283 iis
1363 2258 1500 2294 uoque,
1524 2259 1619 2294 quae
1634 2247 1751 2295 plane
1771 2248 1955 2284 destructa
1978 2251 2065 2284 sunt
2082 2252 2120 2284 et
2137 2248 2178 2283 in
2197 2248 2278 2284 solo
2296 2248 2418 2284 iacent
2436 2252 2490 2283 at·

259 2305 329 2340 que
357 2293 449 2329 adeo
475 2293 515 2328 in
537 2293 648 2328 meris
674 2292 865 2329 ruderibus
890 2293 1027 2329 nullam
1057 2293 1106 2329 ha
1129 2293 1270 2329 entibus
1293 2305 1337 2329 ae
1362 2293 1581 2338 ificationem
1607 2303 1673 2329 nec
1702 2293 1892 2329 materiam
1925 2294 2110 2329 iacentem.
2156 2292 2253 2329 Nam
2273 2304 2318 2329 ne
2346 2294 2386 2328 in
2417 2293 2492 2329 illis

285 2338 404 2375 uidem
421 2338 506 2384 fieri
521 2338 777 2374 alienationem
794 2339 1050 2419 {ermittimua
1072 2350 1163 2375 exce
1190 2342 1227 2374 ta
1250 2338 1333 2374 sola
1352 2337 1578 2385 emphyteusi
1600 2337 1650 2374 ad
1673 2341 1812 2384 tempus
1833 2339 1951 2385 facta,
1982 2337 2179 2374 secundum
2197 2337 2239 2390 id
2284 2337 2359 2375 uod
2377 2349 2421 2374 su
2467 2349 2491 2373 a

259 2351 393 2420 {ictum
417 2395 440 2419 a
463 2383 567 2419 nobis
589 2388 662 2426 est,
692 2384 731 2419 in
756 2388 801 2420 trz
827 2395 871 2419 us
896 2384 1066 2430 personis
1089 2384 1155 2420 tali
1178 2395 1222 2419 us
1241 2383 1369 2430 quales
1392 2388 1500 2419 antea
1523 2383 1695 2420 diximus.
1743 2382 1795 2419 Et
1816 2394 1862 2419 ne
1910 2395 1979 2419 uae
1996 2383 2108 2429 fraus
2130 2393 2177 2419 ne
2195 2393 2235 2418 m
2307 2393 2328 2419 c
2349 2393 2374 2430 q
2405 2383 2414 2391 '

260 2441 301 2466 re
332 2429 590 2472 committatur,
620 2429 692 2464 duo
722 2440 772 2465 ex
794 2429 989 2482 primariis
1017 2440 1084 2465 suo
1116 2440 1261 2482 quoque
1291 2433 1452 2476 tempore
1482 2428 1700 2471 mechanicis
1729 2432 1796 2464 aut
1823 2439 1888 2464 arc
1914 2428 2031 2464 itectis
2061 2428 2136 2464 sive
2165 2428 2204 2464 in
2231 2427 2302 2464 hac
2323 2428 2429 2475 reyia
2457 2432 2494 2464 ct

259 2486 395 2522 maqna
416 2474 506 2510 urbe
529 2485 609 2510 cum
633 2474 700 2510 deo
726 2475 923 2510 carissimis
947 2485 1153 2510 oeconomis
1171 2479 1208 2511 et
1228 2474 1387 2527 quinque
1409 2474 1693 2521 reliqiosissimis
1713 2473 1942 2520 presbyteris
1961 2477 1998 2510 et
2022 2472 2163 2509 duobus
2184 2473 2361 2516 diaconis,
2385 2484 2492 2526 prae·

259 2524 359 2557 sente
380 2519 490 2556 simul
511 2519 578 2556 deo
601 2520 789 2556 carissimo
813 2519 918 2556 archi
965 2520 1110 2567 iscopo,
1131 2520 1207 2557 sive
1226 2531 1266 2555 m
1279 2519 1479 2572 provincia
1501 2518 1575 2555 duo
1593 2519 1756 2566 insiynes
1777 2518 1976 2555 mechanici
1995 2522 2062 2554 aut
2083 2517 2283 2562 architecti,
2306 2519 2363 2555 vel
2384 2522 2493 2555 etnam

259 2576 373 2609 unus,
395 2566 429 2601 si
454 2576 566 2601 unum
591 2565 709 2600 solum
733 2565 860 2602 civitas
883 2565 930 2600 ha
954 2569 1030 2608 eat,
1058 2565 1149 2612 ipsis
1172 2565 1262 2601 locis
1284 2565 1544 2601 interveniant:
1571 2568 1614 2600 ut
1637 2564 1755 2600 sacris
1779 2563 1975 2616 evanqeliis
2024 2562 2262 2615 ropositispb
2286 2562 2493 2617 architectis

260 2611 469 2657 definiatur,
488 2614 662 2657 quantum
684 2611 933 2646 sanctissimae
956 2611 1127 2647 ecclesiae
1146 2621 1222 2658 pro
1242 2609 1313 2646 hoc
1327 2609 1421 2646 solvi
1442 2608 1638 2646 secundum
1658 2608 1902 2656 emphyteusis
1920 2619 1978 2644 mo
2005 2619 2064 2644 um
2114 2619 2159 2643 ar
2173 2611 2233 2650 sit,
2254 2612 2364 2655 atque
2380 2607 2426 2645 de
2446 2619 2493 2644 ns

260 2655 562 2703 emphyteuticum
578 2656 854 2692 instrumentum
870 2655 1044 2692 adversus
1061 2667 1140 2692 eum
1156 2655 1351 2692 secundum
1386 2665 1524 2691 ormam
1535 2665 1651 2701 supra
1662 2653 1800 2706 dictam
1813 2653 2038 2700 conficiatur.
2098 2653 2146 2689 lle
2165 2663 2250 2706 vero
2269 2659 2307 2690 et
2324 2653 2493 2706 aedificet

261 2706 297 2737 et
315 2701 480 2744 materia,
498 2701 531 2736 si
549 2699 681 2736 habeat
699 2701 898 2744 materiam,
919 2705 1058 2745 utatur,
1081 2705 1119 2737 et
1136 2712 1251 2748 usque
1269 2700 1320 2736 ad
1363 2711 1432 2736 uos
1443 2710 1681 2742 successores,
1700 2703 1743 2734 ut
1760 2699 1895 2735 dictum
1909 2703 1974 2743 est,
1995 2697 2244 2750 emphyteusin
2258 2702 2491 2742 transmittat,

265 2751 374 2793 atque
403 2747 458 2782 ita
479 2749 568 2793 post
591 2746 698 2782 trium
719 2757 961 2793 personarum
982 2751 1134 2783 mortem
1162 2746 1212 2782 ad
1235 2746 1500 2782 sanctissimam
1522 2744 1707 2781 ecclesiam
1731 2743 1788 2780 vel
1817 2743 1961 2780 domum
1992 2743 2247 2796 venerabilem,
2277 2755 2302 2779 a
2323 2754 2398 2791 qua
2420 2754 2491 2780 cm-

258 2791 450 2839 phyteusis
473 2791 671 2827 constituta
693 2795 766 2835 est,
796 2791 940 2828 redeat:
974 2792 1095 2839 viyeat
1120 2803 1165 2828 ue
1193 2792 1278 2828 talis
1301 2802 1372 2838 quo
1400 2801 1446 2827 ue
1475 2793 1704 2833 contractus,
1736 2793 1778 2825 ut
1807 2789 1871 2835 qui
1902 2789 2089 2836 praesenti
2107 2788 2184 2840 leqt·
2200 2798 2275 2841 non
2297 2792 2490 2841 repuqnet.

260 2837 286 2873 3
330 2838 380 2873 At
403 2847 449 2872 ne
470 2835 564 2872 illud
585 2836 747 2889 quidem,
777 2836 877 2884 quod
902 2848 1017 2884 usque
1040 2838 1090 2873 ad
1114 2848 1159 2873 uc
1179 2841 1309 2873 contra
1334 2802 1425 2872 tales
1444 2839 1656 2887 contractus
1673 2833 1897 2886 aqitabatur,
1927 2834 2049 2871 valere
2068 2836 2321 2886 permittimus,
2351 2839 2393 2871 ut
2410 2833 2489 2887 adt·-

262 2883 394 2925 ciatur,
418 2882 526 2918 licere
548 2886 657 2918 etiam
679 2882 827 2929 impleto
852 2882 1007 2918 duorum
1030 2882 1200 2920 heredum
1222 2886 1383 2929 tempore
1404 2879 1673 2933 successoribus
1693 2890 1818 2916 eorum
1841 2890 1880 2915 tn
1903 2878 2154 2932 emphyteusin
2175 2889 2251 2914 rem
2273 2877 2489 2934 illamam-3,

261 2938 394 2974 eosque
406 2928 535 2963 ceteris
551 2938 692 2974 semper
710 2928 892 2975 anteponi.
930 2927 1014 2964 Hoc
1025 2928 1118 2964 enim
1130 2926 1223 2964 nihil
1233 2926 1336 2963 aliud
1351 2931 1407 2963 est
1425 2926 1494 2961 nist
1513 2936 1588 2973 per
1601 2924 1772 2973 ambaqes
1788 2928 1825 2961 ct
1841 2923 2145 2976 machinationem
2160 2928 2362 2977 perpetuas
2380 2935 2420 2961 m
2437 2934 2490 2960 eas

261 2972 368 3009 rebus
392 2971 658 3020 emphyteuses,
687 2973 794 3009 immo
818 2983 903 3009 vero
926 2972 1172 3010 detractiones
1193 2983 1317 3010 rerum
1339 2971 1666 3009 ecclesiasticarum
1694 2981 1814 3017 aqere.
1870 2969 2001 3022 Verum
2024 2968 2109 3006 lucet
2131 2969 2204 3005 tale
2230 2969 2320 3022 quid
2345 2969 2489 3016 facttcm

260 3019 328 3062 sit,
344 3017 461 3100 hnulla
481 3017 981 3099 mcci-{tusdreliqiosissimis
1004 3019 1210 3056 oeconomis
1229 3016 1430 3061 incumbat,
1458 3017 1492 3053 si
1513 3016 1586 3053 duo
1605 3016 1663 3052 illi
1689 3014 1838 3052 heredes
1856 3014 2047 3061 deficiant,
2076 3014 2344 3051 successoribus
2365 3025 2488 3051 eorum

262 3074 341 3112 emp
367 3063 512 3111 yteusin
537 3067 571 3100 tr
621 3074 665 3099 en
691 3063 714 3099 i.

309 3181 327 3212 3
351 3178 586 3219 εἴτεκαιεεᾼ
601 3178 613 3223 n
632 3181 652 3212 4
676 3178 728 3220 εἴη
742 3180 783 3219 A]
802 3171 908 3226 ᾗΜιι
924 3181 943 3213 s
967 3179 999 3212 ει
1021 3177 1070 3223 μὴ
1087 3178 1259 3223 om.A119
1284 3179 1344 3212 επὶ

263 3226 357 3270 τρισὶ
379 3221 589 3269 προσώποις
608 3231 682 3257 ante
695 3222 785 3257 κατὰ
797 3222 840 3258 τὸ
853 3225 937 3267 coll„
965 3227 1005 3258 10
1022 3220 1343 3269 τοιούτοις-εἰρή-

264 3281 375 3312 καμεν
390 3282 448 3303 om.
462 3269 494 3302 A
508 3268 521 3314 Ι]
542 3271 579 3303 11
605 3265 697 3312 μηδὲ
713 3281 771 3302 οηι.
787 3270 818 3302 A
833 3270 846 3314 ss
864 3269 923 3303 ἐπὶ
946 3265 1078 3312 τούτῳ]
1101 3270 1139 3303 in
1162 3268 1287 3302 talibus
1299 3280 1319 3305 ς
1331 3265 1344 3314 ΙΙ

269 3316 307 3347 13
374 3312 572 3360 γαλόπολιν
594 3315 626 3348 A
648 3313 662 3358 ΙΙ
689 3317 730 3348 16
755 3315 906 3357 episcopo
928 3326 947 3351 ς
971 3315 984 3356 ΙΙ
1009 3317 1047 3349 18
1073 3311 1094 3357 ἢ
1116 3315 1177 3347 καὶ
1199 3311 1279 3348 ἑνὸς
1300 3314 1342 3355 εἰ]

265 3358 295 3390 εἰ
337 3359 354 3391 ἒ
371 3361 428 3391 καὶ
443 3360 501 3402 Au
523 3362 562 3394 19
586 3356 877 3406 παραγινόμενον
891 3360 936 3399 A;
967 3360 1026 3404 leq.
1040 3359 1343 3406 παραγινομένων

266 3403 334 3443 ‹;)?
352 3404 365 3447 u
383 3404 422 3435 ἐν
443 3406 516 3438 τοῖς
535 3403 659 3438 τόποις
678 3406 710 3438 A
732 3405 769 3438 in
794 3404 864 3438 illis
886 3404 967 3438 locis
987 3404 1034 3450 ςΙΙ
1053 3401 1160 3447 ὥστε]
1182 3401 1283 3439 ὅπως
1302 3405 1342 3446 A,

267 3460 325 3480 mn.
335 3450 441 3491 efort.
452 3458 534 3483 recte
549 3450 561 3493 ΙΙ
580 3452 621 3485 21
635 3445 734 3492 ὅσον]
747 3447 862 3485 πόσον
871 3448 1109 3492 (ποσὸνΑα)Α
1127 3453 1140 3492 n
1154 3449 1222 3492 τὴν
1235 3445 1342 3495 ἇγιω·

267 3489 378 3534 τὰτην
397 3491 628 3534 ἐκκλησίανΑ
643 3495 656 3540 ΙΙ
675 3497 716 3530 25
742 3494 854 3542 εἴπερ]
878 3494 978 3540 εἴπερ
995 3497 1054 3528 καὶ
1068 3496 1096 3528 A
1115 3494 1128 3540 ΙΙ
1142 3492 1215 3537 ἔχει
1230 3495 1317 3536 Ast)
1330 3494 1341 3536 ΙΙ

266 3539 309 3571 ’26
339 3534 420 3582 ἄχρι
443 3540 502 3570 καὶ
525 3536 587 3572 δύο
610 3538 702 3574 κατὰ
725 3537 897 3583 διαδοχὴν
928 3537 977 3574 οὖς
1001 3539 1139 3585 εἴρηται
1163 3553 1203 3571 0·
1237 3538 1342 3583 (κατὰ

266 3585 426 3622 eracumr)
451 3579 640 3626 διαδόχων,
671 3583 785 3619 οὕτως
807 3587 838 3619 A
867 3584 881 3630 fl
906 3581 1099 3626 διαδόχων]
1123 3585 1343 3619 successiones

265 3628 308 3667 (v.
330 3628 376 3659 ad
397 3629 457 3668 55,
482 3630 527 3668 21)
549 3639 568 3664 ς
587 3628 600 3673 ΙΙ
627 3632 668 3663 30
698 3632 758 3663 καὶ
781 3629 982 3675 ἐρρῶσθαι]
1006 3630 1164 3675 ἔρρωται
1186 3628 1228 3677 y*
1276 3631 1308 3663 A

265 3672 333 3714 τῷ]
356 3669 399 3704 τὸ
426 3671 493 3724 ΜὶΙΙ
509 3674 546 3705 31
574 3672 623 3716 μὴ
643 3675 701 3716 Μ]
725 3672 798 3709 οὗΔ
817 3676 830 3720 ΙΙ
846 3672 949 3717 Οὐδὲ]
971 3672 1087 3709 ἄλλως
1108 3687 1149 3709 τε
1171 3641 1255 3709 0635
1276 3675 1306 3708 A

267 3720 309 3753 33
338 3717 414 3759 τοῦ]
440 3729 482 3752 το
506 3715 565 3762 All
584 3720 626 3753 34
652 3716 746 3753 ὥστε
765 3733 823 3753 om.
843 3721 875 3754 A
893 3722 905 3765 {1
921 3721 964 3763 εἰ]
985 3720 1017 3755 εἰ
1038 3722 1098 3755 καὶ
1114 3722 1146 3755 A
1166 3720 1179 3766 Ι
1203 3717 1341 3768 χρόνος]

1411 3174 1580 3257 (ἑΒχρόνος
1597 3178 1627 3232 54
1647 3175 1716 3263 [ἶὸ
1729 3175 1910 3254 “rutel-va}
1927 3177 1957 3208 A
1973 3175 1986 3219 ΙΙ
2005 3171 2106 3217 αὐτὸ]
2130 3174 2166 3208 id
2188 3175 2277 3208 unde
2299 3175 2412 3217 agitur
2434 3185 2454 3210 ς
2476 3174 2489 3217 11

1498 3234 1527 3257 π
1566 3232 1684 3256 αυτοις
1720 3231 1857 3255 cava-oce

1411 3315 1476 3392 κθ
1513 3312 1690 3391 Μὶἓῖἳ
1712 3311 1765 3365 ³²¹
1819 3314 1856 3376 1⁵
1890 3310 2099 3390 Y‘ffiimff„
2111 3310 2173 3389 '¹12⁷
2183 3307 2486 3399 ni¹i=5⁰¹3¹03¹¹1i¹2¹⁸

1414 3406 1454 3438 10
1474 3357 1609 3437 ii'laeullg
1634 3368 1776 3447 ῃθιῖἓὲιῖο
1799 3360 1916 3444 1)]Ιιιο
1935 3401 1968 3435 R
1993 3401 2069 3441 (del.
2089 3398 2153 3441 1³²)
2176 3409 2284 3441 neque
2306 3396 2455 3451 quod-T

1410 3459 1472 3492 pro
1491 3450 1637 3490 tempore
1659 3448 1746 3493 vulq.
1765 3446 1779 3493 ss
1796 3449 1837 3482 13
1881 3445 2056 3490 resbyterin
2070 3443 2121 3480 12⁸
2140 3445 2174 3478 in
2193 3456 2262 3478 rae.
2281 3444 2369 3478 4—5
2389 3443 2449 3494 lin.

1414 3496 1454 3528 14
1478 3493 1609 3526 ‹lu-bus
1622 3492 1660 3526 V
1667 3493 1677 3514 ²
1695 3492 1708 3538 ΙΙ
1724 3493 1857 3526 diaconi
1879 3501 1918 3525 nn
1934 3489 2059 3534 RVTfl
2076 3488 2137 3522 deo
2149 3500 2209 3522 om.
2223 3487 2285 3532 Ru
2306 3488 2482 3539 lectiam]

1410 3541 1443 3573 ot
1466 3539 1501 3572 R
1518 3538 1612 3580 uduo
1637 3537 1675 3572 V
1682 3538 1693 3559 ¹
1715 3537 1728 3581 11
1755 3539 1794 3572 19
1819 3538 1983 3581 competat
2006 3535 2165 3578 qnantum
2185 3532 2232 3566 1²²
2249 3531 2377 3576 flsolm]
2399 3530 2483 3564 soho

1410 3583 1458 3618 Β*
1470 3581 1538 3629 {120
1563 3585 1596 3616 et
1614 3595 1673 3617 om.
1681 3581 1751 3617 RV
1763 3581 1777 3628 Ι
1795 3584 1837 3616 22
1860 3581 1939 3615 Ilud
1950 3578 2082 3615 Rillud
2095 3577 2150 3622 Τῇ
2167 3578 2211 3612 23
2235 3579 2268 3609 et
2286 3583 2363 3620 post
2385 3575 2484 3609 habet

1410 3641 1469 3663 om.
1483 3627 1532 3661 1³¹
1548 3626 1561 3671 ΙΙ
1580 3629 1623 3662 24
1647 3639 1665 3661 e
1698 3627 1928 3671 phyteoseoein
1942 3625 1990 3661 V¹
2034 3625 2077 3659 25
2098 3630 2313 3666 personarum
2337 3633 2396 3656 on.
2409 3620 2484 3666 R¹1

1409 3675 1452 3708 28
1475 3674 1627 3716 utputem
1648 3638 1698 3707 ffl
1724 3666 1739 3716 fl
1763 3673 1807 3706 34
1831 3671 1956 3705 *illum
1979 3669 2006 3704 1·
2048 3669 2058 3679 ’
2081 3666 2095 3712 Ι
2116 3668 2207 3708 sunt]
2233 3676 2298 3700 ou·
2325 3665 2357 3701 V
2362 3666 2374 3687 ¹
2396 3665 2483 3701 flunt

1410 3718 1448 3755 V
1449 3717 1491 3765 Ἰ
1509 3720 1551 3754 36
1572 3718 1609 3751 in
1632 3717 1752 3754 seclusi
1769 3715 1783 3764 Ι
1801 3718 1843 3753 38
1869 3715 2090 3763 privationem
2114 3711 2152 3750 V
2162 3750 2167 3755 ,
