2618 4010
147 138 206 167 DE
235 134 569 167 DEFENSORIBUS
600 134 846 166 CIVITATUM

147 234 300 278 πόλεως,
325 232 414 269 ἀλλὰ
434 237 495 268 καὶ
516 236 556 268 έν
578 236 652 268 τοῖς
675 233 746 274 ἔξω
771 232 987 280 φυλάττοιτο
1015 230 1149 275 τόποις,
1174 234 1227 276 τῷ

146 278 304 328 δεσπότῃ
338 281 416 315 τῶν
445 276 541 314 ὅλων
574 279 654 323 θεῷ
687 277 770 314 ἀντῖ
808 278 913 323 ἄλλης
949 279 1044 315 τινος
1080 276 1230 313 εὐωδίας

146 326 415 372 προςαγόμενος.

191 372 274 407 Dat.
299 372 336 408 k.
360 371 448 406 Dec.
473 370 542 407 GP.
568 370 741 406 Belisario
766 382 796 406 v.
824 382 855 407 c.
881 382 978 407 cons.
1078 374 1123 413 [a.
1139 373 1227 412 535.]

666 557 710 599 Ε

314 633 492 685 ΠΕΡΙ
531 632 679 685 ΤΩΝ
711 632 1056 686 ΕΚΛΙΚῼΝ.

282 780 370 824 Imp.
396 780 614 815 Iustinianus
638 780 728 824 Aug.
764 779 913 814 Iohanni
944 777 1087 824 pp.<II.>

187 848 268 903 <119
278 861 297 881 o
307 861 326 881 ο
335 851 380 892 lu
388 863 400 882 ι
409 862 427 881 ο
436 848 486 892 ν.)
533 849 578 881 Εἰ
597 846 646 892 μὴ
666 848 808 899 θ’ἇττρν
833 843 1077 900 ἐπανᾴγοιμεν
1101 849 1161 879 καὶ
1185 846 1226 881 τὸ

1229 118 1302 164 109

1056 174 1352 186 .-.--ὰ........-.-,.1ὴ.

2071 120 2179 162 Nov.
2213 118 2292 159 XV
2322 131 2382 172 pr.

1298 233 1366 268 hac
1397 232 1601 269 felicissima
1626 232 1786 275 civitate,
1819 232 1882 267 sed
1914 231 2020 267 etiam
2049 231 2085 266 in
2117 230 2381 276 provinciarum

1300 279 1522 314 custodiatur
1545 277 1644 320 locis,
1670 277 1812 312 domino
1837 277 1992 312 omnium
2017 276 2082 312 deo
2108 287 2172 322 pro
2198 275 2268 311 alio
2294 286 2380 320 quo-

1299 324 1380 359 dam
1402 323 1510 359 odore
1533 323 1718 359 suavitatis
1739 323 1871 358 oblata.

1340 370 1423 404 Dat.
1448 370 1484 404 k.
1509 370 1595 405 Dec.
1622 368 1691 404 CP.
1713 368 1886 403 Belisario
1911 379 1942 403 v.
1969 379 2000 403 c.
2026 378 2124 403 cons.

1800 560 1868 596 XV
2084 560 2171 595 Coll.
2198 561 2249 595 111
2280 561 2333 596 tit.
2361 564 2380 595 2

1292 634 1345 682 R
1405 634 1496 681 DE
1551 630 2071 681 DEFENSORIBUS
2128 630 2379 680 CIVITA-

1721 699 1868 749 TUM
1898 699 1964 747 R.

1410 777 1498 822 Imp.
1526 776 1749 812 Iustinianus
1771 776 1816 811 A.
1842 775 1995 811 Iohanni
2018 786 2078 821 pp.
2105 776 2272 811 secundo.

1340 844 1619 891 <Praefatio>
1655 844 1734 880 Nisi
1757 844 1925 880 velociter
1948 853 2154 879 revocemus
2179 855 2301 880 curam
2320 845 2379 880 de-

145 906 349 948 φροντισμα
372 895 449 927 τῶν
481 891 634 927 ἐκδίκων
658 893 705 927 εἰς
737 905 804 944 την
835 902 1081 944 προςηιςουσαν
1111 890 1225 932 τάξιν,
1245 895 1282 926 10
1296 890 1477 925 sensorum
1501 901 1565 935 per
1583 893 1789 935 competens
1808 890 1978 931 officium,
2004 900 2071 925 nec
2091 890 2207 935 ipsam
2232 891 2381 926 ulterius

143 937 225 972 οὐδὲ
251 950 358 982 αυτης
382 941 436 972 ἔτι
460 940 522 982 τῆς
548 940 626 972 τῶν
658 935 827 972 παλαιων
854 937 1048 981 ὀνοματων
1078 932 1224 981 εὐπορή-

143 997 253 1028 σομεν
279 983 463 1027 ἀληθείας.
510 982 626 1017 ἄλλοις
649 984 716 1027 μὲν
742 981 810 1028 γὰρ
839 981 927 1015 ἄλλα
959 980 1104 1015 δέδοται
1127 981 1226 1028 παρὰ

143 1031 203 1072 τῆς
220 1028 459 1072 παλαιότητος
476 1027 639 1073 ὀνόματα
659 1027 861 1070 σημαντικὰ
878 1028 1005 1072 σαφῶς
1018 1028 1095 1060 τῶν
1114 1039 1224 1073 πραγ-

142 1073 280 1118 μάτων,
305 1078 404 1108 τουτὶ
428 1072 468 1108 δὲ
489 1073 531 1107 τὸ
557 1074 634 1107 τῶν
659 1072 811 1106 ἑκδίκων
835 1073 1010 1117 καθαρῶς
1031 1069 1226 1118 ἀποφαίνει

1296 936 1522 979 antiquorum
1547 936 1728 970 nominum
1749 936 1958 971 habebimus
1983 935 2176 971 veritatem.
2216 935 2307 971 Aliis
2333 936 2380 970 si-

1297 981 1437 1024 quidem
1461 981 1531 1015 alia
1556 981 1640 1016 data
1672 985 1756 1016 sunt
1786 981 1831 1016 ab
1860 980 2074 1025 antiquitate
2098 981 2241 1016 nomina
2271 981 2379 1025 signi-

1295 1026 1439 1060 ficativa
1463 1029 1585 1070 aperte
1611 1036 1742 1070 rerum,
1767 1027 1835 1061 hoc
1860 1029 1979 1061 autem
1999 1025 2228 1062 defensorum
2252 1037 2379 1062 nomen

1295 1081 1384 1115 pure
1416 1071 1635 1107 demonstrat
1671 1073 1918 1116 antiquitatem
1954 1072 2093 1125 aliquos
2127 1073 2380 1116 praeposuisse

148 1134 184 1153 ιο
215 1134 281 1163 την
304 1116 520 1173 ἅρχαιότητά
547 1130 648 1171 τινας
679 1118 871 1168 ἐπιστῆσαι
901 1121 974 1151 τοῖς1
1006 1116 1225 1164 πράγμασιν,
1244 1122 1281 1153 15
1296 1117 1419 1159 rebus,
1453 1120 1630 1161 quatenus
1661 1126 1704 1151 ex
1734 1117 1830 1152 omni
1859 1128 1920 1153 eas
1952 1117 2126 1152 imustitia
2158 1117 2381 1153 vindicarent

144 1167 245 1210 οἱπερ
269 1167 307 1198 ἐκ
337 1175 452 1207 πασης
482 1163 572 1197 αὔτα
603 1164 663 1205 τῆς
693 1159 831 1196 ἀδικίας
861 1161 1107 1206 ἐκδικήσουσιν
1132 1161 1224 1196 ἐλεύ-

144 1211 248 1255 θερα.
295 1210 486 1256 τοιγαροῦν
507 1212 565 1242 καὶ
590 1206 648 1242 διὰ
672 1209 779 1242 τοῦτο
804 1209 848 1255 τῇ
873 1213 1017 1254 πατρίῳ
1042 1209 1146 1253 φωνῆ
1171 1206 1224 1241 δε-

143 1259 328 1302 φένσωρας
367 1252 494 1287 αὐτοὺς
528 1252 716 1298 καλοῦμεν,
756 1250 856 1287 ὅπως
895 1250 941 1287 ἂν
980 1245 1226 1294 ἀπαλλάξαιμεν

142 1300 264 1334 κακῶν
286 1298 367 1333 τοὺς
397 1296 655 1342 ἀδικουμένους.
702 1300 783 1334 Νῦν
814 1297 852 1332 δὲ
876 1297 920 1342 δὴ
944 1300 1050 1333 τοῦτο
1077 1298 1119 1332 τὸ
1147 1300 1225 1333 τῶν

1295 1162 1438 1197 liberas.
1487 1161 1669 1206 Siquidem
1699 1166 1734 1197 et
1765 1166 1912 1207 propter
1942 1163 2010 1198 hoc
2034 1167 2184 1207 paterna
2206 1174 2294 1198 voce
2319 1163 2377 1198 de-

1294 1207 1456 1242 fensores
1489 1217 1549 1242 eos
1577 1218 1765 1248 vocamus,
1798 1211 1975 1252 quatenus
2007 1208 2161 1252 eripiant
2191 1209 2291 1244 malis
2324 1209 2377 1244 in-

1294 1252 1468 1287 iustitiam
1503 1252 1690 1296 patientes.
1750 1253 1856 1288 Nunc
1891 1257 2011 1288 autem
2047 1254 2116 1289 hoc
2153 1254 2379 1289 defensorum

1294 1298 1397 1333 valde
1429 1298 1680 1333 conculcatum
1713 1303 1767 1333 est
1796 1298 1867 1343 <in>
1890 1298 2010 1333 multis
2041 1303 2184 1334 nostrae
2209 1300 2377 1344 reipubli-

142 1344 293 1379 έκὸίκων
317 1343 407 1380 πολὺ
440 1342 483 1387 δὴ
515 1347 771 1389 πεπατημένον
796 1346 896 1397 ἐστὶν
921 1346 961 1377 ἐν
990 1342 1135 1378 πολλοῖς
1165 1345 1226 1387 τῆς
1239 1347 1280 1379 20
1295 1354 1358 1378 cae
1382 1343 1564 1388 partibus,
1591 1348 1625 1378 et
1648 1343 1699 1378 ita
1724 1346 1983 1388 contemptum,
2016 1347 2056 1378 ut
2085 1345 2122 1379 in
2146 1345 2277 1380 iniuria
2302 1345 2379 1389 qui-

140 1387 309 1436 ἡμετέρας
333 1389 514 1425 πολιτείας
542 1393 664 1436 μέρεσι
694 1393 753 1423 καὶ
783 1403 878 1423 ουτω
910 1393 1224 1436 καταπεφρονημέ-

141 1449 217 1477 νον,
242 1432 289 1469 ὡς
310 1438 348 1469 ἐν
372 1433 473 1480 ὕβρει
495 1434 630 1479 μᾶλλον
653 1434 743 1481 ἤπερ
767 1437 808 1468 ἔν
832 1449 906 1469 τινι
928 1435 1075 1468 κεῖσθαι
1100 1432 1223 1479 σεμνό-

141 1494 232 1523 τητι.
280 1482 471 1527 τοιγαροῦν
491 1485 656 1527 γίνονται
679 1483 747 1524 μὲν
768 1479 895 1525 ἄνδρες
918 1478 1075 1526 ἀφανεῖς,
1101 1479 1162 1515 τὰς
1186 1479 1226 1514 δὲ

142 1524 202 1559 ἐπ’
229 1523 348 1560 αὐτοῖς
379 1525 517 1571 ψήφους
530 1527 648 1578 ,οἴκτῳ
673 1524 813 1579 μᾶλλον
835 1527 925 1571 ἤπερ
948 1524 1095 1572 ἑπιλογῆ
1125 1530 1223 1572 πορί-

1295 1389 1373 1424 dem
1406 1389 1526 1433 potius
1550 1399 1655 1432 quam
1684 1389 1720 1424 in
1745 1389 1903 1433 qualibet
1930 1389 2047 1424 iaceat
2077 1389 2275 1425 honestate.
2325 1390 2378 1425 Si-

1295 1435 1437 1479 quidem
1461 1434 1551 1468 fiunt
1575 1435 1716 1478 quidem
1736 1435 1801 1470 viri
1818 1434 1973 1476 obscuri,
1999 1434 2142 1470 decreta
2162 1445 2245 1470 vero
2271 1447 2379 1480 super

1295 1480 1345 1514 eis
1369 1479 1612 1515 misericordia
1643 1480 1755 1524 magis
1785 1490 1890 1524 quam
1924 1480 2097 1515 electione
2129 1481 2378 1516 conficiuntur.

1295 1526 1431 1569 Quibus
1464 1525 1557 1560 enim
1582 1536 1652 1560 non
1687 1528 1742 1561 est
1765 1526 1881 1560 victus
1913 1529 1950 1560 et
1981 1525 2055 1560 vita
2087 1525 2287 1568 sufficiens,
2319 1526 2380 1561 isti

142 1574 274 1625 ζρυσιν.
321 1577 371 1605 οῖς
400 1585 468 1617 γαρ
500 1585 563 1604 ουκ
594 1574 672 1606 ἔστι
704 1584 818 1616 τροφη
850 1575 909 1605 καὶ
939 1575 1015 1615 βίος
1039 1562 1224 1618 αῧτάρκης,
1238 1574 1278 1606 25
1295 1570 1522 1606 defensorum
1546 1571 1809 1607 emendicantes
1833 1571 2091 1606 ordinationem
2123 1571 2169 1606 ad
2201 1571 2296 1606 hanc
2319 1582 2379 1607 ac-

141 1630 240 1650 ουτοι
267 1615 329 1650 τὰς
358 1619 436 1650 τῶν
468 1615 620 1650 ἑκδίκων
644 1616 905 1671 ἐρανιζόμενοι)
923 1620 1140 1672 χειροτονίας
1165 1619 1224 1651 ἐπὶ

1295 1617 1426 1652 cedunt
1446 1626 1580 1659 curam,
1604 1619 1639 1652 et
1661 1627 1726 1661 pro
1748 1617 1817 1651 alio
1840 1617 1993 1660 quodam
2016 1617 2098 1651 lusu
2121 1616 2278 1652 iudicum
2295 1618 2379 1652 sub-

1293 1661 1412 1697 iacent
1435 1662 1691 1697 voluntatibus.
1739 1662 1902 1706 Denique
1926 1664 2107 1697 removent
2131 1672 2211 1704 eos,
2237 1663 2379 1707 quando

141 1711 311 1753 παιγνίου
333 1710 410 1741 ταῖς
434 1708 512 1741 τῶν
535 1721 724 1752 αρχοντων
742 1709 920 1741 ἔκκεινται
964 1704 1110 1751 νώμαις.
1143 1705 1223 1751 ἆμέ-
1293 1707 1478 1750 voluerint‚
1505 1711 1568 1742 aut
1591 1708 1679 1742 nihil
1704 1711 1767 1742 aut
1790 1707 2039 1752 parvissimum
2063 1707 2318 1752 delinquentes,
2344 1712 2379 1743 et

143 1751 194 1786 λει
218 1751 375 1788 παύουσί
394 1765 434 1787 τε
459 1750 584 1786 αὐτοὺς
607 1750 713 1796 ἡνίκα
744 1750 789 1786 ἂν
815 1751 925 1797 βουλη
961 1756 1041 1794 εἶεν,
1073 1750 1095 1795 ἢ
1117 1750 1224 1787 οὐδὲν
1293 1753 1382 1788 alios
1407 1753 1445 1788 in
1468 1753 1610 1787 illorum
1642 1753 1842 1798 provehunt
1867 1753 2041 1795 officium,
2078 1754 2180 1798 quasi
2210 1754 2281 1788 loci
2304 1765 2377 1789 ser-

141 1795 163 1840 ἢ
182 1796 402 1844 σμικρότατα
426 1796 688 1844 ἐγκαλέσαντες,
713 1796 836 1832 ἄλλους
854 1811 895 1832 τε
914 1800 961 1832 εἰς
983 1797 1051 1840 τὴν
1075 1800 1224 1832 ἐκείνων
1239 1802 1280 1834 30
1293 1802 1434 1834 vatores
1466 1809 1527 1834 eos
1561 1798 1787 1834 defensorum
1817 1799 2009 1841 facientes,
2047 1802 2082 1833 et
2113 1799 2182 1834 hoc
2213 1799 2250 1834 in
2283 1810 2376 1835 anno

142 1844 373 1888 έμβιβάζουσι
389 1842 504 1886 τάξιν,
529 1842 774 1889 τοποτηρητὰς
792 1842 908 1887 δῆθεν
927 1842 1054 1878 αὐτοὺς
1071 1842 1226 1878 ἑκδίκων

140 1663 247 1696 τοῦτο
279 1666 431 1708 παρίασι
461 1661 503 1696 τὸ
535 1660 759 1718 φρόντισμα,
796 1665 857 1695 καὶ
886 1675 955 1696 αντ
995 1660 1102 1695 ἄλλου
1126 1661 1225 1696 τινος

186 1935 271 1968 Νυυ.
297 1936 375 1968 XV
395 1937 452 1977 (ε
480 1936 557 1968 Coll.
583 1936 647 1968 III
668 1937 712 1968 tit.
739 1937 777 1969 2:
802 1936 913 1979 yloss.)
943 1936 1069 1969 Graece
1093 1943 1181 1970 emat
1205 1937 1238 1970 in
1264 1937 1348 1977 ML,
1374 1949 1446 1979 cap.
1465 1938 1549 1971 l—6
1574 1937 1608 1969 in
1628 1937 1664 1969 Β
1684 1938 1716 1979 6,
1738 1944 1781 1970 18.
1803 1955 1847 1959 -
1871 1937 1960 1980 Epic.
1988 1937 2110 1970 Theod.
2138 1939 2189 1979 15,
2214 1937 2376 1971 Athanas.

142 1982 173 2019 4,
200 1988 244 2014 ⁴24.
291 1981 412 2013 Iulian.
438 1988 536 2013 const.
562 1981 689 2013 XXX.

142 2069 210 2149 Ibaeac
243 2069 346 2150 Gallici
385 2069 490 2112 urbe,
530 2069 595 2105 sed
631 2070 738 2105 etiam
782 2071 819 2105 in
856 2071 946 2106 locis
981 2072 1144 2107 externis
1179 2072 1406 2107 custodiatur
1441 2071 1584 2107 domino
1621 2072 1871 2107 universorum
1908 2071 1976 2107 deo
2012 2083 2088 2119 pro
2133 2073 2215 2108 aliis
2256 2074 2377 2109 odori-

168 2126 209 2149 as
234 2126 254 2149 0
293 2121 365 2150 ata.

915 2318 1017 2367 DE
1053 2251 1595 2369 DEFE‘iisomBes.

674 2406 767 2452 Imp.
794 2406 1019 2441 lastinianus
1042 2408 1083 2442 Α.
1106 2406 1264 2442 Iohanni
1280 2409 1476 2454 praesecto
1493 2410 1686 2455 praetorio
1708 2409 1846 2445 iterum.

282 2473 533 2519 Praefatio.
576 2473 657 2508 Nisi
673 2474 906 2519 defensorum
928 2487 1073 2521 quoqne
1090 2486 1219 2510 munus
1236 2476 1275 2510 in
1293 2475 1453 2511 ordinem
1471 2476 1638 2511 idoneum
1655 2477 1726 2512 cito
1744 2477 1964 2528 rediqcmms,
1988 2490 2031 2513 ne
2050 2479 2130 2524 ipsa
2150 2480 2292 2525 quidem
2311 2493 2375 2517 no-

143 2520 277 2555 minum
290 2520 522 2565 antiquorum
536 2519 669 2554 veritas
688 2519 843 2565 antplius
857 2526 1011 2567 praesto
1033 2521 1137 2555 nobis
1153 2522 1230 2556 erit.
1265 2520 1409 2556 Etenim
1422 2532 1500 2556 cum
1514 2521 1597 2556 aliis
1611 2522 1685 2556 alia
1697 2522 1741 2557 ab
1758 2523 1976 2568 antiquitate
1992 2525 2108 2559 indita
2120 2530 2203 2559 sunt
2216 2527 2374 2570 nomina,

143 2565 272 2611 quibus
299 2575 359 2600 res
381 2564 537 2599 dilucide
559 2564 822 2610 siqnilicentur,
860 2570 933 2600 tum
959 2566 1027 2601 leoc
1046 2566 1279 2611 defensorum
1303 2577 1432 2601 nomen
1456 2567 1651 2612 manifesto
1677 2567 1901 2603 demonstrat
1924 2569 2175 2614 antiquitatem
2199 2572 2374 2616 quosdam

141 2609 364 2656 praefecisse
387 2609 505 2650 rebus,
531 2610 594 2655 qui
618 2621 681 2644 eas
705 2609 749 2644 ab
775 2612 873 2645 omni
896 2611 1034 2646 iniuria
1059 2612 1191 2647 liberas
1210 2611 1445 2658 vindicarent.
1494 2611 1625 2658 Itaque
1678 2617 1804 2659 ropter
1825 2613 1864 2648 id
1882 2614 1998 2659 ipsum
2016 2626 2078 2650 eos
2095 2616 2225 2661 patria
2250 2617 2374 2661 linqua

143 2656 356 2701 defensores
379 2665 560 2701 vocamus,
585 2659 625 2689 ut
649 2666 712 2689 eos
734 2655 798 2700 qui
820 2656 956 2691 iniuria
980 2657 1198 2701 afficiuntur
1221 2667 1270 2691 ex
1293 2657 1399 2691 malis
1422 2658 1590 2704 eripiant.
1676 2669 1746 2693 unc
1764 2670 1849 2694 vero
1869 2659 1940 2694 ista
1958 2659 2192 2706 defensorum
2210 2656 2374 2698 condicio

142 2701 180 2734 in
209 2699 330 2735 multis
353 2699 572 2747 reipublicae
595 2704 744 2735 nostrae
761 2701 931 2746 partibus
955 2701 1148 2737 admodum
1173 2702 1386 2737 conculcata
1409 2707 1462 2737 est
1482 2706 1517 2738 et
1540 2702 1631 2738 adeo
1650 2707 1866 2750 contempta,
1891 2708 1932 2739 ut
1951 2706 1988 2739 in
2013 2706 2229 2742 contumelia
2247 2709 2374 2754 potius

142 2756 251 2791 quam
269 2745 308 2779 in
327 2744 505 2796 diqnitate
522 2745 648 2790 aliqua
667 2749 845 2791 ponatur.
883 2745 1015 2793 Itaque
1032 2752 1068 2782 et
1090 2747 1233 2782 obscuri
1257 2746 1418 2782 homines
1438 2748 1534 2792 fiunt
1552 2748 1776 2793 defensores,
1798 2753 1833 2784 et
1855 2749 2038 2795 suffraqia
2057 2751 2101 2786 de
2120 2763 2163 2786 ea
2181 2763 2221 2787 re
2239 2753 2373 2788 miseri—

142 2790 269 2825 cordia
292 2795 421 2835 potius
449 2800 558 2835 quam
589 2790 761 2826 electione
788 2797 935 2836 parant.
985 2792 1079 2827 Nam
1105 2792 1233 2838 quibus
1264 2803 1337 2827 non
1366 2796 1421 2827 est
1451 2793 1660 2829 alimentum
1687 2800 1723 2829 et
1745 2794 1859 2830 victus
1882 2795 2089 2840 sufficiens,
2120 2797 2175 2831 illi
2207 2797 2374 2844 defenso-

141 2847 220 2870 rum
252 2835 443 2870 electiones
473 2835 736 2870 emendicantes
760 2836 809 2871 ad
839 2836 908 2871 lzoc
933 2849 1063 2872 munus
1089 2837 1280 2879 accedunt,
1311 2841 1347 2872 ct
1370 2848 1446 2883 pro
1479 2838 1553 2873 alio
1585 2839 1706 2874 nescio
1739 2851 1811 2885 quo
1845 2839 1925 2875 lusu
1958 2841 2137 2877 voluntati
2164 2844 2374 2894 praesidum

139 2880 281 2927 proditi
295 2884 389 2915 sunt.
427 2879 604 2914 Nimirum
622 2880 660 2915 ta·
679 2885 715 2916 et
733 2885 914 2917 removent
937 2894 1000 2918 eos
1022 2883 1168 2934 quando
1190 2882 1378 2924 voluerint,
1403 2887 1468 2918 aut
1490 2883 1582 2918 nihil
1601 2888 1666 2919 aut
1683 2885 1831 2920 minima
1850 2886 2041 2928 criminati,
2066 2890 2101 2922 et
2120 2884 2212 2923 alios
2234 2889 2272 2923 in
2295 2889 2374 2924 illo-

141 2937 220 2960 rum
245 2925 363 2960 locum
380 2924 611 2966 substituunt,
637 2936 717 2960 cum
742 2937 804 2960 eos
828 2927 971 2971 quidem
995 2929 1152 2963 vicarios
1173 2928 1405 2972 defensorum
1429 2928 1584 2963 reddant
1607 2929 1715 2975 idque
1738 2930 1885 2976 saepius
1902 2942 1974 2977 per
1994 2943 2128 2966 annum
2148 2933 2186 2967 in
2207 2934 2375 2979 pluribus

190 3042 202 3072 l
230 3036 403 3083 φυλάττοι
429 3035 552 3071 τόποις
575 3040 622 3072 Μ
640 3038 652 3083 11
675 3041 694 3072 2
724 3038 816 3073 θεὸν
841 3041 888 3074 L¹
913 3040 925 3083 11
949 3043 968 3075 3
1002 3040 1223 3087 προσαγόμε-

141 3097 205 3117 νον
231 3085 261 3116 L
278 3084 288 3126 11
308 3086 328 3116 4
353 3085 385 3115 k.
411 3083 479 3116 dec.
502 3085 547 3116 M
563 3084 651 3126 Atta„
675 3087 762 3127 μηνὶ
783 3083 985 3129 δεκεμβρίω
1006 3087 1126 3120 leeod.
1151 3089 1222 3128 (om.

140 3132 261 3162 subscr.
281 3129 361 3170 lul.)
384 3128 396 3171 11
415 3128 508 3160 Bilis.
538 3129 582 3161 M
599 3128 610 3172 11
638 3132 658 3163 6
683 3133 766 3176 περὶ
791 3128 944 3164 ἐκδίκων
973 3133 1102 3173 ΤΙιεοά.,
1128 3134 1224 3165 index

142 3176 261 3207 Athan.
296 3175 348 3215 (p.
379 3182 418 3207 CI
427 3182 446 3206 V
467 3174 608 3215 Heimb.)
642 3174 681 3207 de
711 3176 937 3208 defensoribus
961 3177 1134 3209 civitatum
1159 3178 1222 3210 Iul.

142 3232 160 3255 ς
182 3221 193 3261 ΙΙ
219 3221 238 3252 8
271 3219 348 3260 imp.
371 3219 584 3250 uustinianus
598 3243 605 3250 .
620 3230 694 3261 aug.
721 3222 758 3262 (s.
780 3234 810 3254 υ.
830 3218 1035 3266 αὖγουστος)
1054 3247 1061 3254 .
1082 3220 1224 3255 iwo'znmr

1295 3045 1403 3084 monn.)
1429 3041 1440 3086 11
1471 3045 1491 3076 4
1515 3045 1637 3076 subscr.
1662 3045 1806 3077 dedimus
1829 3058 1868 3078 ez·
1888 3046 1925 3086 V,
1951 3047 2070 3079 Bamb.
2096 3047 2153 3089 II,
2183 3049 2343 3082 Orielensi
2363 3049 2375 3094 11

1295 3088 1372 3128 CR]
1400 3088 1480 3130 Cap.
1503 3088 1540 3129 V,
1560 3089 1658 3130 capit.
1686 3090 1798 3131 Oriel„
1820 3103 1877 3123 om.
1892 3091 2012 3124 Bamb.
2030 3091 2042 3135 11
2062 3092 2218 3124 Bilisario
2244 3094 2373 3130 Bamb,

1294 3133 1465 3165 Bilisiario
1482 3133 1516 3166 V
1530 3134 1660 3166 Bisario
1689 3134 1788 3168 Oriel.
1805 3134 1817 3178 11
1836 3136 1900 3168 uic.
1926 3147 2015 3169 cons.
2027 3138 2061 3170 V
2078 3137 2208 3170 consuli
2220 3138 2343 3172 Bamb.
2362 3139 2374 3181 11

1294 3181 1313 3211 6
1338 3179 1386 3211 De
1409 3191 1466 3211 om.
1489 3178 1530 3211 V¹
1553 3178 1564 3220 11
1591 3180 1610 3212 8
1635 3179 1780 3212 secundo
1805 3181 1874 3213 ΒΤ
1892 3192 1916 3213 s.
1939 3182 1973 3215 V
1990 3181 2002 3225 11
2025 3183 2045 3216 9
2070 3182 2279 3215 defensorum
2302 3187 2372 3226 per]

1290 3235 1366 3255 rum
1394 3233 1453 3265 per
1475 3224 1582 3266 suppl.
1604 3224 1655 3257 V2
1681 3226 1713 3257 in
1737 3232 1820 3267 spat.
1845 3238 1914 3259 vac.
1943 3226 1955 3270 11
1988 3229 2028 3260 10
2061 3227 2175 3269 ipsam]
2207 3228 2313 3270 ipsam
2337 3230 2371 3261 in

141 3287 213 3329 prai
231 3276 259 3320 ἦ
279 3287 325 3319 M
342 3286 419 3327 imp.
442 3281 658 3325 iunttinianus
678 3283 815 3330 ἰ’ωᾶννη
836 3299 890 3330 pp.
908 3289 939 3322 L
955 3288 967 3332 11
986 3291 1012 3343 ‚9
1038 3287 1221 3343 ἐπαγάγω·
1292 3269 1343 3346 {gg
1364 3267 1382 3355 ΙΙΙΙ
1410 3270 1454 3347 1125
1479 3269 1686 3346 ἓίᾞίἰέἒῐέζῖ
1711 3268 1933 3359 ῌίὲὲωᾶἷξήιῗ
1954 3272 1993 3350 11}
2020 3271 2120 3358 118ίὲἷί
2122 3274 2373 3360 ᾱῖὲΐῗρέῗίξὲἓξ

140 3345 207 3385 ‘¹1⁸²‘
229 3334 288 3385 καλ
312 3331 422 3383 τῶ,[’
452 3330 463 3374 H
498 3333 531 3363 Η
573 3327 850 3384 ῗεύπορῇσθμεν
882 3334 939 3374 (⁰⁷²
959 3345 1224 3388 ⁸²²⁷²⁰9⁷7⁶⁰5⁶¹¹⁴⁸²¹
1293 3360 1324 3391 R
1343 3358 1354 3402 11
1382 3361 1418 3391 17
1445 3358 1552 3398 malis]
1578 3358 1668 3391 malu
1690 3360 1738 3392 13¹
1771 3371 1790 3392 a
1818 3361 1914 3393 malis
1936 3361 1987 3394 V³
2010 3363 2085 3401 vulo
2124 3362 2135 3403 11
2162 3365 2202 3396 18
2227 3365 2289 3397 hoc
2313 3378 2360 3398 om

142 3379 506 3454 “²12)]⁶P⁷‘⁰9⁷s‘f⁰3‘‚⁸²⁷
523 3377 831 3427 ⁴1H¹h³⁴beb²musg
848 3378 982 3431 '¹,¹3⁸q·
998 3391 1223 3434 πραχματων
1299 3403 1333 3437 V
1357 3403 1369 3446 11
1400 3396 1619 3444 defensorum]
1651 3415 1771 3437 nomen
1924 3408 1970 3439 dd
2004 3387 2097 3440 RVfi
2170 3411 2209 3442 19
2236 3410 2243 3416 ’
2317 3390 2370 3443 ἀεὶ.

141 3435 218 3455 ww
239 3419 402 3474 τ’)ὃεετθ
450 3434 467 3453 ⁶
495 3434 573 3480 ‘⁶5⁰²‘
597 3421 655 3479 ΕΠ
678 3424 723 3475 17,
741 3434 904 3475 ’Ξαῖρωω
929 3424 960 3457 L
979 3421 1223 3479 npeqmggopqg
1291 3449 1376 3491 may.
1394 3448 1405 3491 ιι
1426 3450 1467 3481 20
1487 3450 1592 3490 partis
1614 3450 1664 3481 Ra
1683 3448 1694 3493 11
1711 3453 1749 3482 ut
1772 3419 1820 3490 iffi
1845 3419 1881 3483 ²5²1}
1900 3407 2136 3485 ‘Zmszwsr's'
2160 3453 2172 3496 ι·
2195 3420 2372 3488 21mia⁶lffii

144 3467 209 3511 M!
232 3470 270 3500 19
293 3463 340 3523 §⁷2
363 3480 420 3499 om·
446 3468 477 3499 L
494 3466 505 3509 ΙΙ
527 3469 567 3500 24
593 3467 639 3519 ξπ
659 3479 790 3523 ,αέηἱς
813 3470 847 3523 L,
866 3469 877 3510 Η
904 3470 946 3503 ²5
971 3471 1046 3510 ⁰²³²]
1074 3482 1137 3528 ‘3⁷³²'
1161 3482 1223 3503 ‘²²²²‘
1300 3494 1350 3527 V¹
1366 3493 1377 3536 ιι
1396 3495 1438 3526 22
1462 3493 1549 3525 θη.
1574 3494 1622 3527 V¹
1645 3495 1772 3527 fuerint
1794 3495 1844 3528 Va
1869 3496 1881 3539 11
1904 3497 2036 3537 quidem
2061 3498 2129 3530 uiri
2152 3466 2185 3531 1⁸2
2205 3500 2272 3532 uiri
2320 3502 2371 3533 ui-

145 3513 173 3545 L
189 3511 194 3557 1
221 3513 262 3546 28
288 3523 424 3545 εκειντο
445 3512 476 3545 L
493 3511 504 3556 11
525 3513 565 3545 29
591 3524 612 3553 η
631 3509 735 3545 ουδεν
757 3515 790 3555 ⁷7]
816 3525 846 3546 ει
867 3515 898 3546 L
913 3513 926 3557 11
946 3515 987 3547 30
1013 3515 1152 3557 ἐκεινην
1175 3516 1222 3548 [¹¹
1292 3539 1365 3570 dem
1378 3539 1474 3582 vuly„
1500 3539 1632 3580 quidem
1650 3541 1783 3573 om.VT
1797 3540 1808 3581 11
1824 3552 1922 3583 super
1944 3542 2001 3583 eis]
2026 3544 2189 3585 supereris
2202 3545 2251 3578 R¹
2274 3511 2371 3588 sdlper

1292 3584 1362 3616 eius
1384 3584 1432 3616 V¹
1459 3582 1471 3628 11
1502 3585 1544 3618 24
1568 3586 1612 3625 et]
1635 3585 1670 3617 in
1693 3586 1726 3618 V
1747 3585 1759 3627 11
1789 3586 1852 3618 isto
1874 3587 1924 3619 Β*
1948 3586 1959 3631 11
1987 3589 2029 3622 26
2053 3588 2166 3630 aliquo
2188 3590 2238 3623 V2
2261 3589 2274 3635 11
2297 3591 2370 3623 luso

1292 3628 1377 3662 R¹T
1393 3628 1464 3661 lus*
1488 3629 1535 3662 V¹
1555 3629 1566 3671 11
1583 3631 1624 3663 27
1647 3630 1876 3671 uoluptatibus
1898 3631 1952 3676 VH
1972 3633 2012 3667 28
2035 3633 2182 3667 uoluerit
2202 3635 2237 3668 R
2253 3635 2267 3725 ΙΙ
2283 3636 2369 3669 nihil

1292 3675 1361 3714 aut]
1387 3673 1474 3706 nihil
1496 3673 1587 3707 aliud
1608 3675 1658 3709 V²
1679 3675 1693 3719 11
1723 3677 1765 3709 29
1797 3675 1862 3709 loci
1881 3677 1977 3718 quasi
2000 3680 2184 3712 seruatores
2201 3681 2235 3714 V
2297 3681 2369 3714 loco

1293 3718 1342 3751 Ε1
1358 3719 1371 3763 11
1390 3720 1432 3753 30
1457 3719 1665 3753 defensorum
1689 3733 1748 3755 om.
1769 3721 1804 3755 V

190 3628 205 3659 1
238 3627 348 3667 etiam]
381 3628 413 3659 et
441 3627 475 3660 V
500 3626 513 3668 11
540 3628 620 3669 2sq.
650 3626 890 3667 quodammodo
917 3627 1127 3661 resuauitatis
1158 3630 1222 3668 (re-

146 3670 317 3704 fuanitatis
333 3673 380 3712 V)
404 3673 481 3705 RV
500 3671 513 3716 11
545 3674 563 3705 3
589 3671 711 3712 oblata]
738 3672 1018 3714 constantinopoli
1044 3674 1120 3706 add.
1139 3674 1172 3707 V
1192 3676 1224 3706 et

149 3716 180 3748 in
202 3728 261 3758 my.
288 3716 336 3749 12³
367 3720 433 3759 (pp,
460 3717 829 3759 constantinopolitanis
852 3717 980 3750 civibus
1004 3719 1125 3751 nostris
1150 3720 1221 3752 edd.
