2580 4022
182 152 290 199 Nov.
312 150 480 198 CXLVI
511 165 570 207 pr.

181 264 407 309 προτεθῆναι
435 263 563 296 τοῖτον
589 259 680 294 κατὰ
709 259 775 294 τὰς
805 258 926 295 πόλεις
956 259 1025 293 τὸν
1056 260 1171 303 νόμον
1202 264 1261 294 καὶ

181 312 268 344 πᾶσι
292 307 382 349 ὃῆλα
399 307 575 353 γενέσθαι
591 305 637 339 τὰ
654 304 746 339 κατὰ
764 304 900 347 ται’την
916 301 1002 348 ἡμῖν
1018 303 1261 349 παραστάντα

179 353 247 396 τὴν
271 351 468 399 πρόφασιν.
507 351 589 386 Dat.
606 349 669 385 VI.
685 349 732 384 id.
753 350 856 384 Febr.
884 349 951 383 GP.
974 348 1058 394 imp.
1077 349 1134 384 dn.
1153 349 1257 384 Iusti—

1249 144 1332 195 714

1644 163 1705 195 UT
1733 164 1894 195 LICEAT
1923 163 2140 194 HEBRAEIS
2170 162 2411 196 SECUNDUM

1326 350 1408 384 Dat.
1433 348 1481 384 id.
1506 349 1593 385 Feb.
1621 349 1689 385 ΟΡ.
1714 349 1797 394 imp.
1824 350 1882 385 dn.
1908 350 2097 387 Iustiniani
2120 361 2181 398 pp.
2202 354 2291 397 Aug.
2317 362 2410 388 anno

178 399 275 433 niani
298 408 356 442 pp.
377 397 468 441 Aug.
493 405 587 431 anuo
610 394 741 431 XXVI.
766 405 823 440 po.
842 393 966 430 Basilii
985 404 1037 430 vc.
1063 403 1157 430 anno
1181 394 1262 481 Xg.
1288 393 1479 482 {253210Xw
1499 404 1557 440 pc.
1583 394 1707 431 Basilii
1730 405 1784 431 vc.
1810 405 1904 431 anno
1928 395 2009 431 XII.

672 609 759 650 PMg

520 679 635 713 unm
670 676 898 712 ΕΒΡΑῙΩΝ.

176 968 214 1006 ‘0
237 968 345 1005 αὗτὸς
368 969 533 1015 βασιλεῖς
543 966 760 1014 Ἆρεοβίι.’ὃῳ
786 969 838 1012 τῷ
865 962 1091 1009 ἐνδοξοτάτῳ
1114 963 1257 1010 ἐπάρχῳ

591 1018 837 1060 πραιτωρίων.

186 1126 196 1139 ³
221 1085 333 1139 (17ρο
342 1096 360 1118 o
371 1087 418 1126 ίμ-
429 1098 439 1116 ι
451 1095 469 1116 ο
479 1083 535 1128 ν.)
578 1078 707 1126 Ἐχρῆν
737 1083 805 1126 μὲν
827 1077 1010 1124 Ἑβραίους
1040 1080 1118 1114 τῶν
1152 1078 1260 1123 ἱερῶν

1793 608 1950 644 CXLVI.
2126 610 2236 646 Auth.
2252 608 2410 646 CXXIV.

1328 675 1368 719 ῆι
1405 674 1468 710 UT
1504 674 1683 710 LICEAT
1719 674 1963 711 HEBRAEIS
1999 675 2260 712 SECUNDUM
2297 677 2411 711 TRA-

1326 719 1571 755 DITIONEM
1594 720 1794 756 LEGERE
1812 720 1993 756 SACRAS
2014 720 2308 757 SCRIPTURAS
2326 721 2409 756 LA-

1327 764 1444 800 TINE
1467 765 1565 801 VEL
1601 765 1797 800 GRAECE
1821 765 1921 801 VEL
1955 765 2072 800 ALIA
2109 766 2311 808 LINGUA,
2347 765 2412 800 ET

1272 811 1314 844 10
1326 809 1392 845 UT
1415 809 1480 844 DE
1504 809 1640 845 LOCIS
1665 809 1766 844 SUIS
1791 809 2155 846 EXPELLANTUR
2177 811 2276 846 NON
2300 810 2412 845 CRE-

1326 854 1523 890 DENTES
1561 854 1787 890 IUDICIUM
1825 854 1924 890 VEL
1963 855 2413 891 RESURRECTIONEM

1424 899 1523 937 VEL
1547 899 1773 935 ANGELOS
1797 899 1915 935 ESSE
1940 900 2243 936 CREATURAM
2268 902 2309 947 Β(

1606 966 1703 1002 Idem
1727 967 1818 1012 Aug.
1835 967 2060 1004 Areobindae
2083 978 2142 1013 pp.

1372 1078 1424 1125 <P
1435 1079 1666 1124 metatio.)
1689 1079 1940 1115 Necessarium
1965 1079 2106 1124 quidem
2129 1081 2206 1114 erat
2230 1078 2412 1114 Hebraeos

176 1140 372 1163 azovowms
415 1127 545 1182 2132.th
559 1127 613 1179 μὴἱ
628 1126 744 1172 ψιλοῖς
762 1128 1036 1180 προςτετηκένοξι
1053 1127 1125 1158 τοῖς
1148 1123 1259 1170 γράμ·
1275 1126 1313 1158 15
1330 1134 1450 1159 sacros
1484 1124 1595 1159 libros
1629 1125 1814 1160 audientes
1843 1135 1915 1159 non
1945 1124 2030 1160 solis
2054 1124 2180 1160 litteris
2205 1124 2411 1166 adhaerere,

175 1186 298 1219 μασιν,
331 1170 374 1206 ἀλ
398 1173 420 1206 ὰ
454 1184 552 1219 προς
574 1183 637 1206 τας
669 1173 946 1214 ἐιάποκειμείιας
980 1172 1099 1204 αυτοῖς
1123 1181 1259 1215 προφη-

176 1223 271 1253 τείας
307 1216 409 1263 ὁρᾶν,
442 1216 484 1252 δι’
520 1218 573 1251 ιὺν
597 1218 664 1251 τὸν
687 1220 800 1262 μέγαν
824 1215 917 1250 θεὸν
940 1218 999 1248 καὶ
1023 1216 1171 1258 σωτῆρα
1195 1214 1259 1248 τοῦ

175 1266 251 1298 τῶν
284 1260 502 1308 ἀνθρώπων
527 1265 650 1318 γένους
672 1259 807 1304 Ἰησοῦν
837 1260 905 1295 τὸν
933 1260 1098 1306 Χριστὸν
1128 1271 1260 1305 καταγ-

175 1308 357 1356 γέλλουσι·
390 1307 485 1351 πλὴν
517 1305 599 1341 αλλ’
620 1307 650 1340 εἰ
679 1309 737 1340 καὶ
771 1303 914 1352 ἀλόγοις
937 1306 1030 1351 σφᾶς
1055 1302 1182 1338 αὐτοὺς
1205 1305 1259 1348 έρ-

1329 1169 1392 1204 sed
1415 1169 1461 1205 ad
1484 1169 1688 1205 reconditas
1713 1170 1764 1205 eis
1788 1169 1995 1215 prophetias
2017 1169 2207 1214 respicere,
2234 1178 2298 1213 per
2323 1178 2411 1213 quas

1328 1224 1494 1258 magnum
1526 1215 1630 1250 deum
1661 1217 1698 1250 et
1732 1215 1942 1250 salvatorem
1966 1215 2102 1258 generis
2126 1214 2272 1249 humani
2294 1213 2412 1249 Iesum

1330 1259 1510 1295 Christum
1540 1260 1764 1295 adnuntiant.
1812 1259 1883 1295 Sed
1911 1258 2051 1295 etiamsi
2078 1259 2270 1294 insensatis
2301 1261 2412 1294 semet

1328 1304 1426 1349 ipsos
1450 1304 1803 1350 interpretationibus
1826 1304 2008 1340 tradentes
2036 1314 2058 1339 a
2073 1307 2172 1339 recta
2188 1312 2300 1349 usque
2315 1313 2411 1338 nune

176 1358 335 1396 ,ιιηνείαις
366 1351 590 1388 ἐπιδιδόντες
623 1353 685 1395 τῆς
709 1349 824 1395 ὀρθῆς
847 1350 926 1395 ἄχρι
951 1353 1009 1384 καὶ
1034 1351 1101 1384 νῦν
1125 1346 1258 1383 ἀποπε-
1274 1351 1316 1384 20
1329 1349 1441 1392 gloria
1472 1349 1650 1390 aberrant,
1682 1352 1801 1385 tamen
1822 1349 1955 1385 certari
1978 1349 2024 1384 ad
2048 1348 2197 1384 invicem
2220 1359 2293 1384 non
2316 1358 2411 1384 com-

175 1399 379 1442 πλιὶνηνται
415 1397 537 1440 δόξης,
572 1394 668 1439 ὅμως
700 1393 934 1442 ἇμφιςβητεῖν
966 1395 1056 1440 πρὸς
1089 1392 1261 1437 ἀλλήλους

174 1443 360 1488 μαθόντες
391 1440 519 1477 αὐτοὺς
549 1439 612 1476 οὐκ
642 1441 929 1486 ἐκαρτερήσαμεν
965 1439 1115 1485 ἄκριτον
1139 1437 1262 1473 αὐτοῖς

1330 1394 1598 1440 prehenderunt
1627 1394 1704 1431 sine
1734 1394 1865 1431 iudicio
1895 1394 1946 1430 eis
1976 1393 2175 1439 relinquere
2206 1393 2409 1429 tumultum.

312 1536 396 1569 Νου.
419 1534 514 1568 CXL
527 1534 576 1566 VI
595 1533 650 1574 (=
668 1533 818 1566 Authent.
838 1532 1014 1574 CXXIV)
1050 1532 1175 1566 Graece
1207 1537 1294 1564 extat
1326 1532 1358 1563 in
1385 1531 1468 1571 ML,
1500 1544 1525 1564 c.
1547 1533 1633 1565 1-—3
1661 1532 1693 1564 in
1720 1531 1769 1564 Β6
1796 1532 1869 1572 1,1,
1885 1539 1919 1565 57
1938 1533 1996 1571 [53‚
2021 1532 2063 1573 cs.
2090 1530 2277 1563 Zachariae
2301 1530 2409 1565 Beitr.

175 1594 203 1614 2.
231 1581 342 1614 Kritik
366 1593 395 1613 u.
422 1580 615 1612 Restitution
638 1579 694 1611 der
721 1578 904 1619 Busiliken,
930 1577 980 1610 St.
1007 1576 1200 1619 Petersburq
1229 1576 1312 1610 1877
1332 1588 1368 1619 p.
1385 1577 1416 1610 4.
1444 1578 1510 1617 15].
1535 1594 1576 1600 -
1600 1576 1689 1620 Epic.
1717 1576 1838 1610 Theou.
1867 1577 1940 1616 146,
1966 1576 2085 1609 Atlzan.
2111 1576 2143 1617 3,
2167 1576 2186 1608 5
2213 1575 2300 1617 (inde
2329 1575 2408 1609 Colt.

176 1624 277 1659 const.
302 1625 376 1658 eccl.
394 1624 459 1658 III
471 1625 501 1665 3,
521 1624 564 1662 5).

177 1757 227 1793 ad
256 1757 453 1793 eivitatium
485 1755 685 1801 episcopos,
717 1758 758 1789 ut
788 1759 823 1789 et
842 1758 1074 1801 proponatur
1104 1753 1193 1790 haee
1223 1755 1285 1790 lex
1316 1756 1353 1789 in
1387 1755 1591 1790 civitatibus
1620 1758 1657 1790 et
1687 1754 1849 1789 omnibus
1881 1754 2077 1799 manifesta
2104 1753 2200 1799 fiant
2229 1764 2323 1799 quae
2339 1764 2412 1800 per

178 1803 272 1838 hane
294 1811 440 1838 causam
465 1800 566 1836 nobis
587 1799 817 1846 placuerunt.

1218 1967 1311 2004 CXL
1322 1966 1384 2004 VI.

1107 2033 1181 2070 DE
1215 2034 1251 2069 H
1254 2032 1492 2069 EBRAEIS.

668 2100 767 2138 Idem
791 2102 977 2148 Auqustus
1000 2101 1204 2137 Areobindo
1227 2100 1493 2147 qloriosissimo
1515 2099 1708 2146 praefecto
1728 2099 1930 2145 praetorio.

312 2171 573 2219 Praefatio.
625 2169 823 2217 Oportebat
854 2169 996 2215 quidem
1022 2168 1208 2205 Hebraeos
1237 2178 1365 2204 saeros
1388 2167 1501 2203 libros
1523 2167 1710 2203 audae'entes
1732 2178 1806 2203 non
1830 2167 1938 2202 nudis
1962 2166 2091 2203 titteris
2113 2166 2318 2211 inhaerere,
2348 2169 2413 2204 sed

176 2220 226 2255 ad
254 2219 439 2256 recondita
475 2218 513 2252 in
549 2217 594 2252 iis
628 2215 798 2251 vaticinia
831 2214 1028 2261 respicere,
1061 2225 1129 2260 per
1163 2224 1257 2260 quae
1291 2223 1461 2259 maqnum
1490 2212 1594 2247 deum
1625 2218 1661 2248 et
1689 2215 1908 2248 servatorem
1941 2211 2089 2247 humani
2119 2213 2262 2259 yeneris
2293 2213 2411 2249 Iesum

179 2265 356 2301 Christum
389 2263 616 2299 adnuntiant.
663 2260 776 2307 Atqui

176 2310 359 2356 hucusque
388 2309 616 2349 aberrarunt,
650 2310 769 2342 tamen
797 2270 1000 2351 J'sceptare
1031 2315 1094 2340 eos
1124 2304 1219 2339 inter
1247 2313 1287 2340 se
1309 2314 1330 2339 e

224 2482 239 2514 1
266 2477 516 2522 προστεθῆναι
543 2477 581 2508 Μ
597 2479 608 2519 ss
636 2480 655 2508 2
680 2474 772 2507 κατὰ
796 2472 934 2514 ταύτην
959 2474 1160 2513 Zachariae]
1181 2468 1258 2505 κατ’

177 2521 290 2566 αὐτὴν
315 2524 386 2556 *ML
404 2523 416 2566 ΙΙ
434 2524 454 2556 3
470 2524 591 2555 subscr.
616 2520 682 2552 dat.
698 2519 780 2552 ΧΠ.
798 2520 932 2562 reliquis
949 2519 1072 2551 omissis
1090 2517 1132 2550 M
1150 2518 1262 2560 priore

175 2572 253 2611 vice,
271 2570 357 2612 quod
371 2581 410 2601 ez·
428 2567 664 2609 subscriptione
677 2564 902 2608 praecedentis
917 2576 988 2596 nov.
1001 2562 1125 2597 CXLI
1130 2562 1262 2605 V(quae

178 2622 280 2648 tamen
297 2616 329 2647 in
348 2614 394 2646 M
403 2625 466 2645 non
487 2611 665 2655 praecedit,
689 2610 748 2642 sed
770 2610 852 2642 inter
866 2609 987 2641 Iustini
1002 2608 1146 2640 novellas
1161 2606 1261 2647 extat)

177 2659 367 2692 translatum
381 2665 478 2701 putat
494 2657 681 2690 Zachariae
699 2654 711 2697 ΙΙ
727 2654 802 2687 Dat.
813 2653 871 2686 VI.
889 2653 935 2686 id.
949 2652 1048 2686 Febr.
1067 2653 1196 2686 Contius
1210 2648 1262 2684 ‘ex

178 2705 320 2747 antiquis
343 2699 475 2745 mss.'(‘?)
495 2703 551 2743 (cs.
565 2702 686 2733 subscr.
703 2711 773 2731 nov.
792 2699 886 2732 CXL
898 2698 975 2739 VI)]
993 2698 1069 2730 Dat.
1081 2697 1125 2729 id.
1146 2695 1226 2729 Feb.
1243 2707 1262 2732 ς

176 2749 207 2781 d.
223 2749 268 2781 IV
284 2748 328 2780 id.
345 2750 428 2790 sept.
442 2747 483 2780 M
505 2747 592 2778 Δατ.
606 2742 637 2790 γ’
656 2746 735 2776 IIII.
753 2740 784 2776 ὃ.
803 2745 946 2786 νοεμβρ.
963 2744 997 2783 (ἰ.
1015 2755 1040 2775 e.
1060 2742 1113 2774 ΙΙΙ
1129 2741 1261 2775 velIIII

176 2794 222 2826 id.
239 2792 448 2832 Novembris)
464 2792 540 2824 Am.
557 2787 774 2834 έξεφωνήθη
789 2790 876 2831 μηνὶ
893 2789 1120 2832 φεβρουαρίῳ
1141 2787 1260 2819 ΤΙιεοᾶ.

175 2837 187 2883 ΙΙ
205 2837 470 2870 CP.—XXV1.
497 2837 622 2869 Biener
653 2835 708 2877 (cf.
740 2836 861 2867 subscr.
887 2845 959 2867 nov.
981 2833 1077 2866 CXL
1088 2831 1168 2873 VI)]
1194 2831 1259 2864 ΟΡ.

176 2895 255 2936 imp.
281 2894 335 2926 dn.
361 2891 543 2925 Iustiniani
566 2901 619 2933 pp.
646 2892 730 2931 Aug.
755 2899 843 2921 anno
866 2887 1006 2934 <X>XV
1024 2899 1044 2924 ς
1067 2888 1142 2920 ΟΡς
1155 2889 1260 2930 βασι-

177 2937 271 2972 λείας
292 2935 546 2971 Ἰουστινιανοῦ
578 2934 621 2967 τὸ
652 2932 699 2967 κε’
727 2936 802 2968 ΑιῙι.
834 2936 907 2966 ἔτει
938 2930 985 2966 λε’
1010 2934 1090 2975 (pro
1115 2931 1177 2973 κε’)
1199 2931 1262 2974 τῆς

177 2981 359 3027 βασιλείας
385 2983 505 3015 Theoti.
546 2980 611 3013 GP.
636 2979 690 3011 dn.
715 2979 792 3012 iust.
818 2990 872 3022 pp.
899 2989 974 3019 aug.
995 2979 1035 3011 M
1053 2977 1065 3021 ΙΙ
1081 2979 1102 3010 4
1126 2988 1177 3020 Ρο.
1194 2978 1261 3009 Ba-

177 3028 247 3061 silii
278 3037 441 3061 vo..anno
464 3026 535 3058 XII
561 3027 591 3066 ς]
628 3022 717 3065 μετὰ
755 3022 823 3066 τὴν
858 3020 1038 3056 ὑπατείαν
1070 3019 1261 3055 Βασιλείου

177 3073 220 3105 τὸ
246 3071 280 3114 β’
307 3078 402 3113 (corr.
430 3069 493 3115 ιβ’)
517 3072 592 3103 Ach.
618 3066 774 3110 ὑπατείᾳ
798 3066 986 3101 Βασιλειόυ
1007 3066 1048 3101 τὸ
1074 3066 1119 3112 ιγ’
1142 3067 1260 3099 Theod.

177 3118 303 3150 bilisar.
328 3127 379 3150 uo.
404 3127 510 3149 conss.
537 3116 582 3148 M
603 3114 616 3158 ΙΙ
645 3117 662 3147 7
696 3115 784 3156 Περὶ
817 3113 975 3156 ἑβραίων
1007 3111 1085 3145 πῶς
1113 3108 1169 3144 δεῖ
1197 3109 1262 3144 τὰς

179 3161 316 3206 γραφὰς
339 3160 603 3206 ἀναγινώσκειν
627 3160 659 3192 L
681 3154 792 3191 ιὨστε
816 3156 942 3190 ἄδειαν
968 3156 1058 3189 εἶναι
1083 3158 1156 3189 τοῖς
1178 3158 1260 3199 βου-

178 3205 336 3249 λομένοις
358 3203 535 3248 Ἑβραίοις
560 3205 599 3237 ἐν
622 3205 699 3236 ταῖς
722 3205 944 3247 συναγωγαῖς
969 3198 1091 3234 αὐτῶν
1114 3197 1175 3233 διὰ
1199 3200 1261 3242 τῆς

180 3249 359 3292 ἑλληνικῆς
382 3248 575 3293 (ἑλληνίὸος
599 3251 706 3290 index)
731 3247 854 3292 φωνῆς
871 3244 893 3289 ἢ
909 3249 968 3279 καὶ
985 3248 1057 3283 (καὶ
1074 3259 1132 3279 om.
1152 3247 1260 3285 index)

179 3296 241 3335 τῆς
275 3293 432 3337 ἰταλικῆς
468 3290 489 3336 ἢ
524 3296 582 3327 καὶ
619 3289 655 3335 (ἢ
687 3296 746 3325 καὶ
778 3305 835 3325 om.
862 3293 969 3331 infler)
999 3288 1060 3324 διὰ
1091 3290 1152 3332 τῆς
1183 3291 1261 3323 τῶν

180 3337 303 3372 ἄλλων
332 3338 491 3384 γλώττης
523 3335 903 3381 συμμεταβαλλολιιένης
926 3338 998 3369 τοῖς
1021 3335 1147 3368 τόποις
1171 3332 1257 3367 ἀνα-

179 3383 369 3427 γινώσκειν
403 3383 467 3417 τάς
503 3382 598 3428 ἱεριῖς
631 3381 769 3427 γραφάς
805 3383 977 3423 (bucusque
1010 3381 1117 3421 index)
1166 3374 1260 3412 ὥστε

181 3429 317 3460 ἐννοεῖν
335 3430 444 3467 (νοεῖν
467 3429 544 3462 Call.
565 3436 660 3459 'tonsu
684 3429 773 3467 eccl.)
797 3425 878 3459 τοὺς
902 3426 1176 3469 συνερχομένους
1191 3423 1260 3465 τὴν

181 3468 356 3515 ἀκρόασιν
386 3472 478 3504 κατὰ
507 3470 574 3514 τὴν
606 3471 682 3504 τῶν
714 3470 742 3503 o'
776 3473 834 3503 καὶ
871 3467 939 3512 τὴν
966 3466 1110 3502 ’stublon
1146 3468 1258 3512 παρά-

182 3512 293 3557 δοσιν,
325 3518 384 3548 καὶ
412 3512 506 3549 ὥστε
529 3515 595 3557 τὴν
619 3512 701 3561 παρ’
727 3512 903 3559 (Εβραιόις
926 3513 1120 3558 λεγομένην
1145 3511 1259 3545 δευτέ-

182 3570 295 3601 ρωσιν
325 3557 373 3592 ὠς
399 3560 449 3602 μὴ
472 3563 543 3592 τοῖς
568 3559 670 3603 ἱεροῖς
700 3558 1077 3602 <συν>ανιιλιμμένην
1108 3556 1262 3601 βιβλίοις

182 3601 393 3644 κωλυθῆναι
417 3602 566 3637 τελείως.
596 3607 654 3636 καὶ
679 3601 773 3636 ὥστε
796 3603 877 3636 τοὺς
892 3604 941 3646 μὴ
961 3602 1128 3648 λέγοντας
1143 3605 1261 3646 κρίσιν

182 3642 206 3688 ἢ
237 3641 439 3680 ἀνάστασιν
470 3645 609 3681 παντὸς
640 3643 913 3680 ἆπελατ’νεσθαι
943 3647 1076 3688 τόπον,
1110 3643 1186 3689 ἅμα
1222 3645 1261 3678 δὲ

183 3692 243 3723 καὶ
278 3688 359 3722 τοῖς
391 3690 439 3733 μὴ
476 3688 735 3736 ὁμολογοῦντας
770 3694 901 3734 κτίσμα
932 3691 1022 3725 θεοῦ
1057 3691 1145 3724 dvm
1182 3689 1260 3723 τοὺς

835 2270 1025 2305 uamquam
1052 2259 1221 2295 absurdis
1253 2256 1613 2338 ιἠτοιᾶρνείαίίοιιίὺιιε
1644 2257 1813 2308 sejpsos
1846 2256 2027 2293 tradentes
2053 2268 2076 2292 a
2105 2262 2206 2293 recta
2235 2260 2411 2294 sententia

1355 2303 1428 2338 octi
1448 2312 1522 2338 non
1545 2303 1780 2338 sustinuimus
1803 2302 1929 2339 turbas
1958 2302 2005 2337 iis
2027 2301 2231 2348 relinquere
2254 2313 2328 2339 non
2361 2303 2413 2338 di-

1331 2467 1496 2516 ἀγγέλους
1531 2471 1605 2503 ΑἱῘι.
1642 2471 1698 2508 (cf.
1727 2474 1759 2509 ς)
1805 2472 1891 2514 ΙΙερὶ
1931 2470 1995 2503 τοῦ
2032 2465 2297 2514 ἀναγινα’σκειν
2333 2470 2413 2504 τοὺς

1330 2513 1513 2560 Ἐβραίους
1535 2513 1598 2548 τὰς
1621 2514 1759 2558 γραφὰς
1783 2513 1961 2556 ἑλληνιστὶ
1980 2516 2038 2546 καὶ
2056 2513 2230 2558 ἑβραϊστί,
2255 2517 2313 2546 καὶ
2331 2518 2412 2559 περὶ

1331 2559 1547 2615 α’ναιρίσεως
1576 2559 1639 2601 τῆς
1665 2557 1920 2604 δευτερώσεως,
1952 2561 2012 2592 καὶ
2043 2561 2124 2603 περὶ
2153 2559 2230 2592 τῶν
2253 2558 2302 2601 μὴ
2328 2558 2411 2603 ὁμο-

1330 2603 1536 2651 λογουντων
1559 2607 1678 2649 κρίσιν
1701 2600 1722 2646 ἢ
1746 2603 1949 2637 ἀνάστασιν
1964 2601 1987 2646 ἢ
2002 2603 2084 2637 τοὺς
2099 2600 2264 2649 ἀγγέλους
2279 2607 2413 2647 κτίσμα

1331 2650 1421 2683 θεοῦ
1457 2649 1549 2683 εἶναι
1581 2651 1699 2683 Tbeod.
1729 2649 1741 2692 ΙΙ
1771 2650 1930 2693 ἐβραίων
1965 2652 2009 2687 (et
2038 2651 2086 2682 sic
2118 2651 2310 2691 constanter)
2346 2650 2387 2682 M
2401 2647 2413 2693 Η

1334 2697 1374 2729 12
1399 2691 1599 2740 οἷρεοβίνὸᾳ
1622 2695 1698 2727 Aeh.
1716 2694 1729 2739 ΙΙ
1746 2694 1824 2727 τῶν
1847 2695 1879 2727 L
1896 2694 1908 2736 ΙΙ
1930 2695 1970 2727 14
1988 2692 2068 2736 Χρὴ
2089 2695 2138 2726 cit.
2156 2694 2232 2727 Ath.
2250 2696 2321 2727 cod.
2340 2693 2352 2737 ΙΙ
2370 2695 2411 2727 15

1329 2738 1471 2783 βίβλων
1500 2736 1695 2773 ἀκούοντας
1720 2742 1771 2772 cit.
1796 2739 1884 2776 Ati..
1913 2734 2109 2771 ἀκούοντας
2139 2735 2282 2780 βίβλων
2306 2739 2412 2772 Halo-

1330 2787 1432 2818 ander
1455 2787 1511 2829 (cf
1537 2786 1583 2817 ad
1606 2786 1680 2822 715,
1699 2786 1728 2824 4)
1755 2783 1767 2824 ss
1798 2780 1912 2827 ψιλῶς
1935 2783 1967 2815 L
1997 2782 2009 2826 ΙΙ
2039 2778 2247 2836 πράγμασιν
2271 2783 2303 2815 L
2329 2782 2341 2826 ΙΙ
2372 2785 2412 2816 16

1330 2826 1449 2863 αὐτοῖς
1472 2830 1699 2874 προφητείας]
1725 2824 1843 2861 αὐτοῖς
1862 2828 1892 2860 L
1907 2827 1918 2847 ²
1942 2828 2080 2860 ἑννοίας
2105 2828 2226 2859 amate
2242 2827 2274 2859 L
2291 2839 2329 2860 m.
2348 2840 2411 2860 rec.

1327 2873 1338 2918 ΙΙ
1360 2877 1397 2908 19
1422 2871 1576 2919 ἀλόγοις]
1601 2869 1768 2914 ἀλλήλους
1791 2874 1822 2905 L
1847 2872 1859 2916 ΙΙ
1885 2873 1927 2906 22
1950 2870 2136 2915 μαθόντες
2160 2869 2287 2904 αὐτοὺς
2310 2884 2367 2905 om.
2392 2882 2413 2908 ς

1327 2919 1339 2964 ΙΙ
1354 2915 1418 2952 οὐκ
1442 2916 1740 2965 ἐκαρτερήσαμεν]
1766 2928 1833 2951 non
1857 2917 2179 2960 comprehenderunt
2199 2927 2218 2952 ς

1375 3066 1394 3098 3
1408 3065 1669 3107 subscriptionem
1678 3070 1852 3106 praestant
1865 3076 1882 3095 r
1896 3062 2014 3095 Pistor.
2025 3062 2139 3093 Escor.
2153 3061 2199 3094 id.
2209 3062 2240 3093 k.
2255 3061 2307 3093 i'cb
2332 3062 2411 3094 Pist-

1328 3109 1389 3149 (VI
1405 3109 1450 3142 id.
1468 3109 1532 3142 feb.
1551 3109 1682 3142 Cautius
1694 3103 1747 3140 ‘ez'
1762 3108 1904 3149 antiquis
1920 3102 2016 3146 mss.')
2033 3105 2088 3138 dn.
2106 3105 2199 3138 iusti.
2215 3105 2296 3138 Pisi.
2314 3105 2410 3137 donn.

1328 3156 1406 3187 iust.
1424 3168 1440 3187 r
1464 3154 1519 3186 dn.
1545 3153 1650 3186 nostri
1674 3152 1736 3184 iut.
1754 3153 1868 3185 Escor.
1889 3151 1900 3193 ΙΙ
1917 3161 1986 3191 cog.
2004 3150 2053 3184 ain.
2073 3150 2136 3182 XV
2152 3152 2229 3184 libri
2243 3150 2256 3191 ΙΙ
2274 3152 2294 3183 4
2318 3150 2411 3184 basil.

1329 3200 1409 3232 Pist.
1433 3198 1500 3231 bas.
1518 3199 1632 3231 Excor.
1650 3196 1662 3239 ΙΙ
1681 3198 1699 3229 ’7
1725 3209 1794 3230 nov.
1816 3197 1911 3230 CXL
1923 3196 1972 3229 Vl
1984 3211 2028 3224 =--
2043 3195 2141 3228 Auth.
2163 3195 2321 3229 CXXIV
2332 3196 2413 3228 inter

1330 3250 1582 3287 extravaqantes
1606 3244 1638 3275 in
1664 3242 1842 3284 appendice
1870 3243 1910 3273 ab
1936 3241 2002 3273 alio
2026 3241 2161 3273 librario
2185 3242 2338 3282 scriptam
2361 3252 2413 3272 ex-

1329 3290 1415 3322 hibet
1439 3289 1515 3331 Tf.
1543 3289 1634 3328 1812
1660 3287 1730 3319 item
1754 3287 1818 3328 rs.
1845 3287 1903 3319 87²·
1927 3284 1939 3327 11
1965 3287 2052 3317 rubr.
2079 3297 2136 3317 om.
2160 3284 2214 3327 Vss
2234 3284 2372 3316 hebreos
2395 3296 2413 3316 r

1327 3333 1338 3377 ss
1354 3333 1578 3373 traditionem]
1603 3341 1728 3364 sacram
1753 3330 1966 3362 traditionem
1988 3342 2005 3360 r
2026 3330 2037 3370 ΙΙ
2064 3330 2083 3362 8
2109 3328 2194 3370 legis
2223 3330 2255 3361 T
2271 3328 2283 3371 ΙΙ
2308 3327 2412 3360 latine

1328 3390 1385 3410 om.
1411 3391 1429 3410 r
1452 3377 1463 3420 ΙΙ
1492 3379 1532 3412 10
1557 3379 1595 3409 ut
1619 3376 1670 3416 de]
1697 3375 1783 3407 unde
1813 3376 1843 3408 T
1862 3376 1873 3417 11
1898 3373 2065 3417 expellant
2090 3374 2121 3405 T
2142 3373 2154 3416 ss
2182 3375 2219 3407 11
2250 3373 2411 3405 iudicium

1327 3422 1379 3455 vel
1403 3435 1461 3455 om.
1486 3435 1503 3455 r
1521 3422 1533 3465 ΙΙ
1552 3422 1592 3455 12
1613 3422 1798 3453 creaturam
1825 3420 1857 3452 T
1876 3420 1974 3460 vul9.]
2000 3420 2165 3450 creaturas
2189 3418 2249 3450 rV
2263 3419 2317 3459 (cf
2334 3416 2409 3448 Alli.

1330 3468 1450 3500 Theod.
1484 3474 1512 3500 et
1536 3467 1696 3507 716‚32);
1732 3465 1784 3497 dei
1817 3465 1893 3496 odd.
1922 3465 2010 3507 vulq.
2037 3463 2049 3506 ΙΙ
2085 3464 2124 3496 13
2149 3460 2320 3494 ariobinde
2345 3459 2415 3492 TV

1327 3511 1510 3544 ariobunde
1535 3525 1551 3544 r
1586 3509 1776 3543 Areobindo
1799 3510 1885 3552 vuty.
1906 3507 1917 3551 ΙΙ
1933 3518 1987 3550 pp.
2014 3520 2072 3540 om.
2091 3506 2147 3549 Vss
2167 3507 2207 3539 14
2230 3505 2341 3537 ebreos
2365 3505 2411 3541 (et

1328 3559 1374 3590 ita
1389 3558 1532 3598 saepius)
1551 3556 1607 3598 Vn
1627 3557 1667 3589 15
1688 3554 1767 3587 solis
1782 3554 1879 3597 vuty]
1895 3552 2002 3585 solitis
2015 3566 2032 3585 r
2046 3551 2153 3584 solum
2171 3549 2233 3582 VT
2245 3549 2257 3592 ΙΙ
2274 3548 2407 3589 litteris]

1328 3600 1425 3634 terris
1449 3600 1572 3633 littoris
1592 3601 1645 3633 Ta
1661 3598 1673 3643 ss
1695 3601 1735 3632 16
1759 3598 1800 3630 ad
1823 3608 1874 3630 res
1898 3597 2046 3630 conditas
2069 3594 2116 3627 eis
2135 3593 2362 3636 pr0h1bentias
2380 3594 2413 3625 Τ

1327 3647 1396 3690 1118
1421 3645 1551 3677 etiamsi
1575 3645 1672 3687 vulo]
1698 3643 1795 3676 etiam
1821 3643 1898 3675 libri
1925 3641 1937 3685 ΙΙ
1965 3642 2007 3674 20
2031 3639 2168 3672 aberant
2191 3637 2223 3670 T
2245 3636 2258 3681 ss
2289 3637 2408 3671 certari

1336 3691 1393 3732 Vr]
1419 3692 1543 3722 crearet.
1568 3690 1612 3732 T3
1639 3690 1764 3720 certare
1788 3687 1875 3729 vuly.
