2618 4010
227 110 335 154 NoV.
356 110 502 154 XXIII
532 112 643 152 2-4

1314 110 1391 158 188

1950 128 2012 160 DE
2040 126 2456 161 firmanomnua

1228 267 1387 306 CAPUT
1409 268 1457 305 11.

361 334 419 370 Ad
442 335 514 371 hoc
537 335 727 379 sancimus,
760 335 791 372 si
815 336 956 381 quando
988 336 1032 372 lis
1065 337 1232 380 speratur
1255 336 1293 372 in
1315 339 1478 373 nostrum
1500 335 1626 372 inferri
1647 335 1906 383 consistorium,
1929 337 1961 376 si
1979 336 2075 375 forte
2098 338 2285 384 contigerit
2299 337 2454 385 impera·

226 379 357 416 toriam
386 380 611 416 maiestatem
646 383 859 427 occupatam
892 381 1045 426 publicis
1082 381 1201 417 causis
1234 391 1280 417 ex
1311 381 1501 417 mundanis
1537 380 1801 426 provisionibus
1836 391 1911 419 non
1944 393 2052 436 posse
2085 393 2285 420 convocare
2319 386 2454 429 patres,

228 427 403 470 quatenus
427 435 538 461 causa
560 425 726 470 agitetur,
756 437 829 462 non
860 436 905 461 ex
935 426 1003 461 hoc
1035 425 1134 460 litem
1162 426 1371 471 periclitari.

1429 425 1533 470 Quod
1557 425 1652 461 enim
1674 426 1798 462 vitium
1827 429 1884 462 est
1912 427 2136 474 litigantium,
2169 429 2201 464 si
2225 428 2365 464 culmen
2389 429 2453 464 im·

226 470 445 515 paratorium
475 471 698 516 occupetur?
742 471 798 507 vel
830 472 910 515 quis
940 474 1062 506 tantae
1094 474 1149 506 est
1180 471 1426 513 auctoritatis,
1463 474 1503 506 ut
1534 471 1712 506 nolentem
1747 471 1946 517 principem
1978 473 2094 519 possit
2127 473 2175 509 ad
2205 473 2454 511 convocandos

228 517 352 560 patres
377 517 588 561 ceterosque
610 526 779 562 proceres
804 516 990 551 coartare?
1038 514 1107 550 Sed
1132 516 1164 551 si
1187 516 1274 562 quid
1297 517 1369 552 tale
1394 515 1559 559 evenerit,
1584 525 1695 551 causa
1717 516 1855 552 intacta
1877 520 2095 564 permaneat,
2123 518 2236 555 donec
2259 519 2456 564 imperator
2478 523 2498 555 5

227 560 384 597 monitus
417 571 484 597 sua
514 565 641 607 sponte
675 566 712 598 et
743 561 932 597 convocari
962 570 1133 606 proceres
1163 560 1309 597 iusserit
1343 563 1380 597 et
1408 561 1506 597 litem
1536 560 1659 596 inferri
1690 560 1851 606 patiatur
1881 563 1919 597 et
1947 562 2067 598 omnia
2097 563 2293 600 secundum
2321 573 2456 600 morem

226 605 431 651 procedere.

1225 695 1383 732 CAPUT
1411 695 1477 732 111.

363 762 457 799 Illud
481 763 586 799 etiam
610 763 648 798 in
672 763 778 798 tertio
804 761 961 815 capitulo
987 761 1246 815 disponendum
1271 766 1336 807 est,
1361 764 1456 809 quod
1481 762 1676 815 antiquitas
1698 764 1790 801 bene
1818 763 1955 806 statuit,
1983 762 2121 800 novitas
2145 766 2265 801 autem
2288 765 2456 810 neglexit.

229 807 319 844 Cum
342 808 436 844 enim
459 808 661 844 veneranda
684 811 872 843 vetustatis
897 810 1094 843 auctoritas
1118 811 1169 843 ita
1191 808 1423 852 magistratus
1447 808 1603 853 digessit,
1635 812 1676 844 ut
1698 808 1761 844 alii
1784 809 1955 850 maiores,
1979 807 2043 843 alii
2063 809 2186 854 medii,
2212 810 2275 846 alii
2300 811 2456 847 minores

229 853 319 896 sint,
351 855 388 888 et
419 853 675 907 appellationes
699 862 722 887 a
745 852 941 887 minoribus
965 851 1145 888 iudicibus
1177 863 1249 889 non
1281 854 1398 889 solum
1421 854 1468 889 ad
1492 853 1665 889 maximos
1695 853 1832 889 iudices
1855 853 2130 896 remitterentur,
2158 855 2222 892 sed
2244 856 2292 892 ad
2314 860 2454 901 specta-
2483 857 2523 890 10

228 898 354 934 bilium
380 898 537 934 iudicum
562 898 730 941 tribunal,
757 900 934 942 quatenus
959 901 995 932 et
1018 897 1086 942 ipsi
1111 907 1214 933 sacro
1238 898 1415 935 auditorio
1439 898 1602 935 adhibito
1626 898 1724 934 litem
1748 901 1967 940 exercerent,
1996 897 2135 934 novitas
2159 902 2277 936 autem
2300 900 2370 937 hoc
2394 900 2454 937 de-

228 943 386 988 reliquit:
419 944 555 985 evenit,
587 946 629 978 ut
660 952 768 987 super
799 942 951 978 minimis
985 942 1102 978 causis
1131 943 1274 979 maximi
1304 944 1418 980 nostri
1440 943 1578 990 iudices
1601 943 1845 988 inquietentur
1875 946 1911 979 et
1941 942 2101 978 homines
2123 946 2271 989 propter
2292 945 2456 982 minimas

231 998 361 1024 causas
384 988 521 1033 magnis
545 987 740 1032 fatigentur
764 987 972 1032 dispendiis,
1005 991 1045 1022 ut
1069 987 1219 1023 forsitan
1244 989 1357 1024 totius
1379 989 1452 1024 litis
1476 989 1676 1025 aestimatio
1701 989 1747 1024 ad
1771 993 1934 1034 sumptus
1959 988 2144 1024 iudiciales
2167 999 2241 1024 non
2262 989 2454 1027 sufficeret.

228 1033 384 1078 Ideoque
408 1033 598 1075 sancimus,
623 1033 653 1068 si
677 1032 819 1077 quando
844 1042 889 1067 ex
912 1032 1132 1078 Aegyptiaco
1157 1037 1278 1069 tractu
1302 1034 1356 1070 vel
1380 1034 1551 1071 adiuncta
1574 1035 1607 1070 ei
1630 1037 1783 1079 utraque
1800 1034 1915 1080 Libya
1935 1033 2141 1079 provocatio
2162 1036 2328 1079 speratur
2343 1045 2456 1080 usque

229 1078 276 1113 ad
300 1077 423 1114 decem
446 1078 619 1113 librarum
642 1078 720 1112 auri
744 1077 997 1122 quantitatem,
1031 1088 1104 1114 non
1126 1078 1165 1114 in
1188 1079 1282 1114 hanc
1305 1079 1438 1123 regiam
1459 1080 1582 1114 urbem
1610 1088 1688 1115 eam
1712 1079 1851 1122 venire,
1884 1080 1947 1115 sed
1971 1078 2017 1113 ad
2040 1078 2265 1123 praefectum
2287 1083 2455 1124 augusta·
2483 1082 2523 1115 15

228 1122 314 1164 lem,
348 1123 410 1168 qui
432 1122 556 1158 audiat
579 1126 615 1157 et
639 1132 785 1158 causam
808 1122 951 1157 dirimat
973 1123 1049 1158 vice
1072 1123 1167 1159 sacri
1191 1124 1403 1169 cognitoris,
1435 1123 1536 1159 nulla
1566 1124 1600 1160 ei
1623 1126 1708 1169 post
1730 1124 1947 1160 definitivam
1978 1124 2191 1159 sententiam
2217 1124 2458 1169 appellatione

183 1171 205 1205 1
228 1167 452 1213 porrigenda.
523 1167 706 1212 Similique
735 1167 840 1203 modo
871 1168 1012 1212 quoties
1035 1168 1074 1203 in
1097 1169 1233 1204 Asiana
1259 1169 1394 1205 diocesi
1425 1170 1480 1206 vel
1504 1169 1654 1204 Pontica
1677 1170 1750 1204 tale
1774 1169 1910 1213 aliquid
1933 1169 2116 1204 emerserit
2146 1179 2260 1214 usque
2284 1169 2331 1205 ad
2353 1179 2457 1214 prae-

230 1213 362 1247 dictam
386 1212 622 1258 quantitatem
647 1213 770 1248 decem
792 1213 964 1248 librarum
988 1213 1084 1257 auri,
1117 1223 1163 1258 ap
1191 1214 1377 1250 ellationes
1401 1214 1447 1250 ad
1471 1214 1565 1250 viros
1590 1214 1823 1259 spectabiles,
1857 1213 2004 1250 comites
2028 1213 2123 1249 forte
2146 1214 2199 1250 vel
2223 1215 2458 1259 proconsules

227 1258 284 1293 vel
307 1263 491 1303 praetores
524 1258 579 1293 vel
601 1257 856 1301 moderatores,
891 1258 1019 1302 quibus
1043 1259 1165 1303 specia
1180 1260 1248 1295 iter
1277 1260 1420 1295 easdem
1450 1259 1531 1295 lites
1557 1259 1778 1304 peragendas
1804 1259 1846 1294 de
1874 1259 2067 1302 utavimus‚
2099 1259 2336 1303 remittantur,
2369 1270 2456 1305 qua-

227 1306 333 1339 tenus
364 1307 401 1339 et
423 1303 462 1338 hi
484 1303 530 1338 ad
555 1303 819 1339 similitudinem
849 1302 1023 1348 praefecti
1052 1304 1250 1348 augustalis
1275 1305 1351 1340 vice
1375 1305 1470 1340 sacri
1495 1305 1686 1349 cognitoris
1715 1305 1850 1340 interce
1875 1306 1939 1339 ant
1967 1308 2004 1339 et
2027 1314 2157 1340 causas
2189 1304 2266 1340 sine
2290 1314 2355 1350 spe
2378 1304 2456 1350 qui-
2481 1305 2525 1338 20

228 1347 308 1383 dem
340 1348 608 1402 appellationis,
641 1348 699 1384 dei
726 1352 846 1383 tamen
878 1352 913 1384 et
945 1348 1061 1392 legum
1095 1349 1222 1385 timore
1256 1349 1440 1395 perferant
1475 1349 1701 1386 decidendas.
1746 1349 1963 1385 Orientalem
1992 1352 2111 1384 autem
2141 1352 2298 1384 tractum
2330 1359 2459 1385 causas

228 1393 683 1474 appelfflmq‘t‘tsuspeffi
705 1396 741 1429 et
757 1403 870 1474 gsque
879 1393 936 1474 (fid
952 1393 1074 1474 {ecem
1098 1393 1271 1474 ltibglarum
1291 1395 1373 1447 auri
1394 1394 1630 1474 quantitatem
1647 1394 1819 1431 limitatas
1840 1394 1886 1430 ad
1909 1394 2025 1430 virum
2044 1395 2276 1440 spectabilem
2296 1394 2460 1431 comitem

262 1449 338 1475 rien
408 1449 456 1474 nn
490 1448 549 1475 ere
573 1449 590 1474 s
700 1449 757 1474 mo
785 1448 805 1474 0
830 1448 878 1474 au
917 1448 1050 1474 eniam
1080 1448 1099 1474 e
1190 1450 1245 1475 em
1268 1450 1319 1476 e1s
1342 1450 1471 1485 imposi
1491 1450 1602 1476 urum.

1221 1573 1378 1610 CAPUT
1407 1574 1469 1611 IV.

362 1640 432 1678 Dio
455 1641 620 1677 videlicet
643 1641 876 1684 observando,
908 1645 949 1676 ut
972 1642 1038 1677 viri
1062 1653 1079 1678 s
1106 1643 1276 1678 ectabiles
1299 1641 1434 1678 iudices
1459 1652 1530 1678 non
1554 1641 1601 1677 ad
1625 1642 1715 1678 alios
1739 1641 1862 1677 eadem
1894 1641 2160 1687 spectabilitate
2191 1642 2380 1678 decoratos
2404 1642 2458 1678 iu-

228 1686 327 1723 dices
351 1697 436 1723 suas
459 1687 704 1722 transmittant
727 1687 987 1732 appellationes
1020 1687 1058 1722 in
1099 1688 1206 1723 'tibus
1230 1690 1539 1732 quantaecumque
1562 1687 1782 1732 quantitatis,
1817 1697 1897 1722 cum
1921 1698 1994 1722 non
2016 1689 2182 1732 oporteat
2204 1687 2252 1724 ad
2274 1697 2460 1733 compares
2482 1686 2525 1719 25

227 1731 366 1768 iudices
389 1742 435 1777 ap
463 1732 650 1768 ellationes
674 1732 812 1776 referri,
838 1733 900 1768 sed
924 1742 947 1767 a
970 1733 1106 1768 minore
1128 1733 1260 1770 iudicio
1285 1732 1322 1767 in
1344 1732 1459 1768 maius
1483 1732 1641 1768 tribunal
1665 1732 1867 1768 ascendere.
1909 1731 1978 1768 Sed
1997 1732 2043 1767 ad
2061 1731 2338 1768 illustrissimam
2355 1742 2458 1778 prae·

227 1776 406 1813 secturam
432 1778 440 1785 “
455 1778 572 1814 lorum
594 1778 863 1822 appellationes,
888 1777 1145 1823 cuiuscumque
1171 1779 1243 1813 sint
1267 1778 1497 1823 quantitatis,
1531 1782 1572 1813 ut
1595 1777 1731 1812 dictum
1753 1781 1818 1819 est,
1850 1777 2060 1821 dirigantur,
2090 1778 2153 1823 qui
2176 1787 2248 1813 una
2279 1788 2360 1813 cum
2383 1778 2459 1813 viro

229 1823 372 1858 excelso
392 1833 469 1904 lptzo
497 1827 659 1868 tempore
689 1826 879 1868 quaestore
908 1832 970 1858 eas
995 1823 1155 1867 dirimat;
1191 1828 1342 1868 utroque
1374 1822 1493 1858 officio
1525 1823 1835 1865 subministrante,
1867 1822 1903 1857 id
1928 1826 1983 1858 est
2011 1826 2086 1858 tam
2116 1832 2160 1857 ex
2185 1823 2297 1858 sacris
2318 1822 2459 1858 scriniis

229 1878 328 1904 more
351 1878 391 1903 so

229 1913 308 1955 bus,
333 1913 463 1965 quibus
502 1917 589 1956 orte,
615 1914 683 1948 etsi
706 1912 834 1958 privati
859 1912 948 1956 sint,
981 1913 1174 1958 imperialis
1199 1913 1368 1948 maiestas
1392 1922 1520 1948 causas
1544 1913 1752 1953 iniunxerit,
1787 1912 1980 1957 appellatio
2009 1912 2056 1948 ad
2079 1917 2293 1948 memoratos
2316 1916 2457 1958 specta-
2483 1911 2526 1944 30

228 1957 320 1994 biles
343 1957 481 1993 iudices
507 1962 639 2000 currat,
664 1968 709 1993 ne
736 1967 846 1993 causa
877 1968 948 1993 non
978 1957 1153 2002 gradatim
1178 1958 1388 2003 procedere,
1423 1957 1485 1992 sed
1508 1967 1695 2010 perperam
1718 1957 1897 1992 videatur:
1936 1957 1998 1992 sed
2022 1967 2044 1992 a
2067 1957 2290 2002 praesidibus
2315 1957 2458 2002 quidem

254 2003 491 2039 rovinciarum
515 2006 551 2039 et
574 2003 752 2039 iudicibus
777 2013 800 2037 a
823 2003 927 2038 nobis
952 2003 1058 2045 datis,
1092 2004 1122 2038 si
1147 2014 1218 2039 non
1244 2003 1316 2038 sint
1340 2003 1553 2055 spectabiles
1577 2002 1726 2045 mdices,
1758 2003 1854 2037 intra
1878 2006 2110 2037 memoratam
2141 2003 2377 2048 quantitatem
2400 2013 2458 2038 re-

244 2050 372 2084 eretur.
433 2049 470 2083 Si
493 2051 613 2083 autem
641 2049 697 2084 vel
720 2048 877 2083 illustres
910 2048 983 2083 sint
1014 2048 1088 2082 dati
1119 2058 1142 2083 a
1171 2048 1275 2084 nobis
1299 2047 1432 2083 iudices
1465 2048 1594 2092 quibus
1624 2048 1743 2092 apices
1774 2047 1985 2091 dignitatum
2020 2057 2129 2092 super
2159 2047 2458 2092 spectabilitatem

230 2096 325 2137 sunt,
356 2094 411 2129 vel
435 2093 545 2129 duces
568 2094 628 2139 qui
651 2092 855 2129 omnimodo
876 2093 1140 2141 spectabilitate
1164 2097 1249 2129 sunt
1273 2093 1448 2135 decorati,
1480 2093 1536 2128 vel
1559 2093 1596 2127 hi
1620 2092 1681 2137 qui
1703 2102 1726 2127 a
1749 2092 1911 2138 principe
1944 2092 2096 2136 delegati
2120 2096 2205 2128 sunt
2226 2093 2457 2138 spectabilem

228 2137 388 2174 habeant
410 2138 631 2183 dignitatem,
662 2149 787 2174 eorum
811 2138 1071 2183 appellationes
1096 2139 1164 2174 sub
1190 2148 1415 2182 quacumque
1439 2137 1639 2183 quantitate
1661 2137 1698 2173 in
1721 2137 1815 2172 hanc
1839 2137 1972 2181 regiam
1995 2137 2119 2172 urbem
2143 2137 2190 2172 ad
2213 2139 2458 2182 competentes
2482 2137 2525 2170 35

227 2184 375 2229 antiquo
398 2194 498 2220 more
520 2183 656 2219 iudices
680 2183 896 2219 referuntur.
959 2183 1133 2219 Omnibus
1157 2184 1254 2226 aliis,
1286 2193 1379 2228 quae
1402 2183 1442 2218 in
1465 2182 1765 2227 appellationibus
1790 2186 1927 2218 statuta
1950 2185 2034 2217 sunt
2057 2183 2111 2218 vel
2134 2183 2180 2218 ab
2203 2183 2353 2228 antiqua
2374 2193 2458 2228 pro-

228 2229 332 2274 sapia
361 2230 416 2265 vel
447 2230 493 2264 ab
523 2229 738 2264 auctoritate
769 2229 989 2263 anteriorum
1021 2228 1318 2264 constitutionum
1349 2228 1405 2263 vel
1437 2237 1460 2262 a
1490 2230 1615 2263 nostra
1644 2227 1881 2269 humanitate,
1913 2227 2057 2263 intactis
2088 2227 2306 2272 illibatisque
2337 2230 2457 2264 custo-

228 2274 376 2310 diendis.
469 2274 553 2310 Dat.
575 2285 631 2310 111.
657 2284 739 2310 non.
764 2273 841 2309 Ian.
866 2273 937 2308 CP.
962 2276 1045 2318 post
1070 2284 1168 2309 cons.
1193 2272 1361 2309 Belisarii
1382 2283 1415 2308 v.
1441 2283 1473 2308 c.
2309 2276 2354 2316 [a.
2379 2272 2458 2318 536]

505 1878 587 1903 uam
610 1867 863 1913 praefectorio.
923 1867 980 1903 Ita
1003 1872 1123 1903 tamen
1146 1868 1234 1904 haec
1258 1867 1456 1911 sancimus,
1488 1871 1530 1903 ut
1553 1878 1618 1902 nec
1641 1878 1663 1902 a
1687 1867 1839 1903 ducibus
1871 1868 1927 1903 vel
1950 1867 2028 1903 aliis
2050 1868 2307 1912 spectabilibus
2330 1867 2456 1904 iudici-

1379 2409 1440 2442 alii
1463 2409 1659 2452 spectabiles
1681 2410 1768 2453 ναῖς.
1791 2411 1845 2451 (ex
1867 2422 1897 2443 v.
1919 2410 1971 2443 29.
1991 2409 2043 2443 33.
2080 2411 2125 2452 cs.
2148 2409 2270 2443 Iulian.
2295 2421 2322 2443 c.
2339 2410 2384 2444 94
2405 2410 2458 2443 sin

1379 2457 1490 2488 autem
1525 2455 1701 2488 antedictis
1734 2453 1970 2497 spectabilibus
2004 2453 2259 2497 proconsulibus
2295 2454 2349 2488 vel
2383 2454 2460 2490 aliis

1379 2500 1571 2533 huiusmodi
1594 2499 1762 2534 iudicibus
1784 2500 1976 2542 porrigatur
2000 2498 2182 2543 appellatio
2206 2499 2308 2543 εεο.)11
2333 2499 2461 2534 iudices

1381 2558 1439 2579 om.
1468 2546 1626 2580 Gratiani
1648 2546 1740 2579 codd.
1755 2545 1903 2578 nonnulli
1928 2543 1940 2588 11
1971 2555 2038 2577 ιιοιι
2062 2563 2106 2568 -
2130 2545 2174 2578 26
2196 2544 2324 2577 iudices
2346 2545 2459 2588 appel-

1379 2590 1522 2623 lationes
1538 2603 1600 2624 scr.
1614 2590 1665 2624 ΒΞ
1680 2592 1712 2624 in
1725 2603 1791 2623 ras.
1802 2591 1975 2623 aversatum
1992 2588 2005 2634 11
2024 2591 2065 2623 25
2087 2591 2373 2631 quantaecumque
2390 2591 2460 2623 sint

1380 2635 1579 2677 quantitatis
1604 2636 1763 2670 Gratiani
1780 2636 1874 2668 codd.
1886 2636 1997 2678 pauci,
2019 2635 2114 2678 vulqo
2133 2633 2146 2678 11
2169 2635 2211 2668 26
2235 2633 2459 2668 illustrissima

1712 2680 1753 2713 27
1778 2679 1847 2712 sint
1867 2679 2043 2721 dignitatis
2068 2678 2123 2712 uel
2146 2679 2344 2721 quantitatis
2371 2680 2458 2715 Gra-

274 2413 290 2445 1
317 2411 399 2444 haec
413 2411 500 2454 ναῖς.
519 2409 655 2455 flnostri
665 2410 715 2444 R¹
734 2409 747 2454 11
763 2411 783 2444 2
806 2409 1073 2453 prouissionibus
1092 2408 1150 2453 1711
1168 2410 1187 2442 3
1208 2409 1310 2451 quod]

227 2466 313 2498 quae
325 2455 404 2500 R¹fl
421 2455 601 2498 ligantium
622 2456 673 2489 V*
692 2455 705 2500 11
721 2458 742 2490 4
761 2455 865 2498 possit
887 2455 1019 2499 Vvuly]
1034 2456 1145 2497 posset
1156 2454 1275 2488 RTal.
1298 2454 1310 2499 11

226 2503 248 2535 6
272 2501 420 2534 monitus
444 2502 550 2542 codd]
582 2503 691 2534 motus
717 2501 888 2541 Gratiam,
910 2501 997 2543 vuly.
1027 2499 1041 2543 11
1070 2500 1090 2534 8
1123 2499 1311 2541 antiquitus

226 2546 276 2579 R*
295 2546 308 2591 11
335 2547 356 2580 9
381 2547 569 2579 veneranda
593 2559 652 2580 om.
679 2546 710 2579 R
732 2545 744 2589 11
775 2545 928 2588 disgessit
949 2545 985 2578 R
1010 2544 1023 2588 11
1057 2547 1097 2578 10
1121 2555 1141 2577 a
1164 2544 1311 2577 moribus

227 2590 288 2635 Ru
306 2592 374 2633 sed]
397 2591 455 2624 sed
479 2594 512 2624 et
534 2593 585 2625 vel
606 2591 663 2624 sed
686 2591 787 2624 etiam
815 2591 976 2625 Gratiani
998 2590 1091 2622 codd.
1109 2589 1121 2633 11
1153 2591 1191 2623 11
1219 2590 1310 2622 dere-

225 2636 337 2679 liquid
360 2636 459 2680 RVn
486 2638 528 2670 12
552 2635 671 2681 nostri]
696 2637 764 2670 nisi
789 2635 869 2680 R¹u
895 2636 936 2669 13
961 2635 1102 2676 magnis]
1126 2629 1181 2667 ‘aL
1206 2635 1310 2667 maxi-

227 2678 303 2715 mis'
336 2681 498 2724 C'ontiusss
521 2681 575 2723 ad]
600 2684 640 2714 ut
661 2682 710 2715 12¹
730 2682 742 2723 11
765 2679 933 2713 iudicialis
957 2680 1006 2713 13¹
1032 2679 1044 2722 11
1076 2682 1118 2714 14
1142 2680 1311 2723 egeptiaco

227 2726 371 2769 (egtiaoo
382 2726 445 2768 R1)
469 2728 579 2759 tractu
595 2726 626 2759 R
651 2726 784 2770 egyptia
795 2728 969 2759 contractu
991 2725 1042 2758 Va
1058 2724 1070 2770 11
1089 2724 1172 2758 libia
1184 2727 1278 2759 codd.
1299 2724 1311 2768 11

226 2773 566 2815 prouocatusperatnr
589 2773 621 2805 R
646 2771 658 2815 11
687 2774 728 2805 15
750 2771 861 2804 decem
885 2770 1047 2803 librarum
1072 2771 1148 2803 auri
1172 2767 1208 2811 (ι’
1229 2782 1309 2815 χρυ-

228 2819 308 2850 σίου
327 2814 465 2862 λιτρῶν
476 2816 580 2859 ΑιΙι.)]
605 2817 868 2859 quingentorum
888 2826 1066 2848 aureorum
1088 2815 1212 2849 Iulian.
1225 2828 1252 2850 c.
1266 2817 1306 2850 91

226 2862 301 2904 (sed
319 2875 345 2895 c.
359 2862 413 2895 92.
430 2862 473 2895 93
497 2862 579 2895 idem
599 2861 710 2895 decem
727 2862 802 2894 auri
823 2861 950 2902 libras).
987 2862 1030 2904 cs.
1048 2860 1174 2894 Bienor
1193 2860 1309 2895 Gesclu.

229 2907 261 2941 d.
286 2906 371 2941 Nov.
394 2919 429 2950 p.
454 2908 517 2940 511
550 2914 580 2940 et
601 2907 789 2941 Zachariae
813 2907 899 2941 Nov.
923 2906 948 2939 Ι
971 2918 1007 2950 p.
1027 2906 1092 2940 237
1117 2913 1182 2940 noe.
1211 2904 1225 2950 11
1253 2905 1311 2939 sed

229 2964 288 2985 om.
304 2952 354 2985 Ra
373 2951 386 2995 11
404 2952 445 2985 16
468 2951 540 2993 qui]
561 2951 650 2994 quod
667 2953 714 2986 V·
730 2953 743 2995 11
762 2952 808 2984 eis
825 2952 976 2986 Gratian.
1002 2950 1031 2984 ei
1045 2951 1179 2993 penitus
1191 2952 1278 2995 vulq.
1299 2950 1310 2995 11

228 2997 447 3030 diffinitiuam
471 2997 549 3031 libri
576 2996 589 3041 11
615 2997 849 3040 appellatione]
874 2995 1056 3040 appellatio
1077 2999 1125 3029 est
1152 2996 1312 3030 Gratiani

228 3043 323 3076 codd.
332 3043 482 3211 {orique
500 3040 514 3086 fl
534 3044 570 3076 17
595 3042 829 3085 porrigendam
854 3042 903 3075 R'
919 3041 932 3086 11
950 3042 999 3082 in]
1025 3040 1126 3074 etiam
1150 3040 1198 3074 R¹
1215 3039 1228 3086 11
1245 3040 1309 3082 vel]

1379 2680 1587 2724 praefectura
1606 2680 1655 2714 R¹
1671 2679 1684 2725 11

1381 2727 1466 2760 ziani
1477 2726 1570 2760 codd.
1580 2738 1674 2759 nonn.
1691 2724 1704 2769 ss
1723 2724 1793 2766 qui]
1814 2735 1879 2766 que
1899 2726 1935 2765 (ι’.
1949 2737 1974 2758 e.
1988 2725 2086 2766 quae)
2107 2723 2260 2758 Gratiam
2279 2725 2291 2766 ΙΙ
2307 2725 2350 2759 28
2370 2735 2459 2759 sum-

1379 2771 1589 2803 ministrante
1602 2770 1636 2803 R
1654 2769 1667 2814 11
1683 2771 1726 2804 29
1750 2769 1982 2812 praefectorio]
2001 2768 2168 2812 praefecto
2187 2769 2355 2812 praetorio
2371 2770 2459 2804 Gra-

1381 2817 1466 2850 tiani
1475 2816 1569 2849 codd.
1580 2816 1694 2859 pauci,
1713 2816 1799 2859 vuly.
1824 2812 1838 2859 11
1861 2815 1983 2854 tamen]
2008 2817 2080 2846 tum
2105 2813 2152 2846 R¹
2172 2815 2183 2855 11
2206 2813 2294 2854 aliis]
2318 2814 2359 2847 ab
2383 2814 2459 2848 aliis

1383 2859 1565 2905 Gratiamss
1591 2860 1759 2894 iudicibus
1783 2872 1842 2893 om.
1865 2858 1927 2903 Ru
1957 2860 1999 2893 30
2024 2858 2097 2900 etsi]
2121 2858 2150 2892 si
2173 2858 2222 2892 Β*
2238 2857 2251 2903 11
2276 2861 2357 2892 sunt
2378 2860 2414 2893 R
2445 2860 2459 2904 11

1380 2907 1421 2941 31
1447 2907 1502 2947 ne]
1529 2916 1589 2938 nec
1613 2906 1647 2939 R
1675 2905 1687 2949 11
1716 2915 1829 2938 causas
1852 2903 1901 2937 Β*
1928 2903 1942 2948 fl
1972 2904 2015 2938 32
2044 2904 2172 2936 iudices
2196 2905 2270 2945 etc]
2302 2904 2390 2938 dices
2413 2924 2457 2929 —

1380 2952 1422 2985 34
1444 2951 1504 2993 qui
1524 2961 1544 2983 a
1561 2951 1671 2994 princi
1683 2963 1744 2984 scr.
1755 2950 1806 2983 Β*
1819 2951 1851 2983 in
1864 2962 1930 2983 ras.
1941 2950 1959 2983 3
1975 2961 2056 2983 vers.
2076 2947 2089 2993 11
2105 2950 2147 2983 33
2167 2947 2382 2982 stabilitatem
2399 2950 2433 2983 V

1380 2997 1424 3030 34
1447 2996 1584 3029 omnino
1609 2997 1641 3030 R
1660 2996 1672 3038 11
1693 2996 1744 3028 hii
1767 2995 1801 3028 R
1823 2994 1836 3038 11
1865 2996 1907 3028 36
1931 2993 2119 3027 referantur
2147 2994 2312 3037 Gratiam,
2335 2995 2421 3038 vuly.

1379 3041 1428 3082 in]
1452 3041 1492 3074 de
1516 3039 1603 3085 vuly.
1627 3040 1640 3085 11
1669 3040 1711 3073 ab
1734 3040 1873 3082 antiqua
1895 3039 2059 3081 prosapia]
2083 3039 2223 3080 antiqua
2246 3039 2398 3082 prosapie

1378 3087 1537 3128 antiquae
1580 3085 1729 3129 rosapiae
1751 3086 1910 3120 Gratiani
1927 3085 2019 3118 codd.
2035 3096 2130 3117 nonn.
2146 3083 2160 3128 11
2179 3085 2220 3117 37
2245 3083 2399 3117 intrantis
2430 3085 2461 3117 V

1379 3132 1521 3164 intactos
1544 3097 1594 3164 13¹
1614 3130 1628 3175 11
1653 3132 1695 3166 38
1719 3141 1763 3163 ιιι
1786 3139 1889 3162 nonas
1912 3128 2060 3162 ianuarii
2088 3129 2123 3163 V
2147 3139 2188 3161 ιιι
2213 3131 2264 3162 iffi
2288 3129 2457 3164 ianuarias

1378 3175 1460 3210 Inest
1484 3176 1600 3221 τριῶν
1619 3187 1708 3209 νων.
1727 3172 1933 3221 (τριώννων
1954 3174 1999 3207 L¹
2022 3173 2136 3219 τριῶν
2152 3172 2275 3208 vos-om
2291 3174 2354 3215 L')
2377 3173 2454 3207 ἴαν·

1378 3224 1559 3267 νουαρίων
1579 3222 1669 3263 Aeli„
1686 3222 1731 3263 L]
1755 3230 1833 3254 non.
1854 3219 1922 3252 ian.
1943 3219 2030 3252 Iul.'0
2043 3220 2104 3258 aL:
2130 3218 2176 3252 kl.
2196 3219 2262 3253 Iul.
2285 3219 2319 3254 T
2336 3217 2383 3252 kl.
2403 3227 2453 3251 ιιι

1378 3266 1476 3309 april.
1501 3267 1572 3300 cod.
1590 3266 1700 3299 Paris.
1717 3265 1730 3311 11
1749 3263 2041 3307 Constantinopoli
2062 3264 2096 3297 T
2120 3273 2190 3307 cap.
2212 3264 2251 3306 V,
2275 3275 2333 3297 om.
2349 3269 2418 3296 ceu.
2439 3262 2456 3316 11

1377 3314 1452 3354 post
1471 3310 1597 3344 consul.
1617 3310 1781 3344 bilisiario
1805 3310 1870 3343 uio.
1894 3310 1927 3343 V
1944 3320 1995 3353 po.
2022 3308 2167 3342 bilisarii
2184 3308 2273 3342 Iul!
2284 3308 2340 3349 aL,
2362 3318 2453 3350 μετα

1378 3353 1444 3399 τὴν
1465 3353 1645 3389 ὑπατείαν
1667 3353 1873 3409 βελισαρίου
1894 3355 1970 3389 Aeli.
1983 3354 2028 3396 L]
2058 3353 2206 3404 bilasarii
2229 3351 2304 3385 uiro
2327 3351 2451 3385 clariss.

1377 3401 1502 3433 consul.
1520 3402 1551 3434 T
1568 3401 1626 3434 bil.
1641 3412 1706 3434 uio.
1721 3402 1791 3435 cod.
1806 3400 1933 3439 Paris-3
1958 3409 2047 3433 cons.
2062 3397 2204 3431 nilinrii
2217 3395 2299 3431 Iul!
2314 3396 2452 3438 (subscr.

1378 3458 1436 3479 om.
1452 3447 1589 3489 Theod.)

229 3090 263 3120 et
284 3088 318 3121 R
371 3086 564 3120 demerserit
584 3088 638 3121 V‘*
653 3088 665 3130 11
693 3089 733 3121 19
758 3087 1007 3131 deportauimus
1029 3086 1080 3120 V*
1098 3087 1110 3129 11
1135 3087 1177 3120 20
1203 3086 1251 3119 hii
1277 3086 1309 3118 R

227 3132 277 3165 ibi
298 3132 333 3166 V
371 3131 539 3174 augustali
562 3131 616 3176 Vn
634 3133 706 3165 vice
730 3145 789 3166 om.
812 3131 869 3177 Vfl
885 3134 919 3165 et
936 3132 1007 3165 sine
1027 3141 1142 3165 causas
1161 3130 1232 3164 sine
1252 3141 1308 3174 spe

229 3176 319 3219 quod
375 3177 387 3198 ¹
405 3176 418 3220 Ι
434 3178 474 3211 21
500 3179 623 3218 tamen]
644 3180 774 3210 tantum
800 3178 996 3212 TGratian.
1013 3176 1025 3220 Ι
1043 3176 1232 3219 praeferant
1252 3176 1282 3210 V
1297 3175 1309 3219 11

229 3221 408 3255 orientales
438 3223 549 3255 autem
584 3223 709 3255 tractus
750 3223 799 3256 Τ2
826 3223 978 3257 Gratian.
1018 3220 1214 3254 orientalem
1249 3224 1309 3254 aut

230 3269 340 3300 tractu
357 3266 406 3300 R¹
424 3265 437 3311 Ι
461 3268 504 3302 22
529 3266 770 3312 appellationes
789 3268 839 3301 R¹
863 3266 1097 3311 appellationis
1115 3266 1192 3310 R'll
1219 3265 1307 3299 limi·

229 3314 315 3344 tatas
331 3312 496 3356 Gratiam,
509 3314 608 3358 vulq]
628 3312 789 3346 lunitatas
804 3312 835 3345 R
859 3311 1049 3345 limitandas
1071 3312 1124 3354 Vn
1143 3311 1186 3345 23
1210 3311 1307 3344 modo

229 3356 332 3389 simili
355 3357 388 3389 R
406 3356 418 3400 1
434 3359 478 3399 et]
502 3358 539 3391 in
563 3355 719 3403 R¹fleis1
745 3358 817 3390 eius
840 3358 889 3391 13¹
912 3367 946 3390 se
974 3356 1031 3402 Vn
1050 3358 1092 3391 24
1112 3355 1199 3390 illud
1230 3356 1262 3390 V
1295 3354 1309 3399 11

230 3400 434 3434 obseruando
447 3402 499 3435 R⁰
514 3402 527 3444 11
545 3404 612 3436 uiri
626 3402 822 3445 spectabiles
833 3402 867 3435 R
877 3402 1084 3443 VGrati‘an.]
1101 3401 1168 3435 uiri
1181 3403 1307 3444 specta-

231 3443 315 3477 biles
344 3445 399 3478 uel
428 3447 488 3480 alii
519 3447 713 3492 spectabiles
737 3448 771 3482 T
804 3447 868 3481 viri
898 3446 1094 3490 spectabiles
1125 3447 1225 3480 duces
1254 3445 1307 3479 vel
