2618 4010
238 117 346 161 Nov.
376 118 474 160 LIX
504 119 543 160 3.
574 120 600 160 4
1317 116 1402 163 320
1839 132 1899 164 nn
1928 132 2143 164 EXPENSIS
2171 131 2292 170 QUAE
2319 131 2456 163 mul-1¹1·

238 227 331 263 κατὰ
360 226 487 282 καιρὸν
519 224 588 279 τὴν
620 224 816 280 ᾑγεμονίαν
828 270 837 281 ἱ
851 222 975 263 αὐτῶν
1005 229 1313 275 ἐγχειριζομενοις·
1382 231 1556 281 praesunt
1574 229 1626 266 eIs
1647 232 1684 265 et
1699 230 1828 275 quibus
1846 242 1911 277 per
1929 235 2001 268 tem
2028 242 2070 268 us
2086 231 2315 277 praesulatus
2334 239 2457 266 earum

242 271 330 308 ὥςτε
358 270 395 306 δι
437 284 559 306 αυτων
587 283 658 325 την
688 270 865 316 διανομην
886 273 1060 320 γίνεσθαι
1083 276 1160 307 ταῖς
1183 272 1316 319 προδη-
1387 274 1630 316 committitur,
1661 276 1703 310 ut
1723 285 1790 320 per
1811 285 1873 311 eos
1897 276 1999 313 distri
2025 276 2099 312 utic
2122 276 2188 311 fiat
2210 274 2457 321 praedeclara-

240 317 427 361 λουμέναις
449 319 510 350 καὶ
532 313 585 350 ὑπ
621 312 749 369 αὐτοὺς
771 315 954 352 τελούσαις
971 315 1176 363 ἀσκητρίαις
1197 331 1239 352 τε
1257 321 1318 352 καὶ
1386 319 1434 355 tis
1458 322 1495 355 et
1519 319 1585 355 sub
1616 318 1668 354 eis
1701 319 1902 356 constitutis
1924 321 2087 358 ascetriis
2119 324 2156 357 et
2181 320 2360 357 canonicis
2391 330 2459 356 nec

239 363 442 395 κανονικαῖς
471 363 532 395 καὶ
563 372 653 407 προς
680 374 723 408 γε
752 364 813 396 καὶ
842 365 916 397 τοῖς
938 359 1160 398 ἀκολούθοις.
1208 363 1255 397 Εἰ
1278 361 1319 397 δὲ
1385 374 1459 399 non
1483 370 1520 399 et
1542 363 1732 400 acoluthis.
1773 363 1812 399 Si
1833 374 1917 401 vero
1941 368 2036 402 retro
2060 366 2211 402 fecerint
2235 366 2332 401 circa
2351 364 2460 400 talem

239 403 394 441 κατόπιν
412 407 575 452 γένοιντο
583 409 676 460 ’περὶ
691 405 760 450 τὴν
775 405 947 450 τοιαύτην
961 406 1165 460 καταβολὴν
1179 406 1217 441 οἱ
1232 407 1318 442 19⁸0-
1354 411 1373 443 5
1387 408 1600 444 solutionem
1635 408 1701 443 deo
1737 408 1907 445 amabiles
1937 412 2139 454 oeconomi,
2175 413 2211 446 et
2241 411 2310 446 hoc
2341 409 2460 455 palam

241 449 451 496 φιλέστατοι
473 451 673 504 οἰκονομοι,
704 453 764 485 καὶ
794 452 902 486 τοῦτο
934 464 1094 498 φανερον
1116 456 1318 495 κατασταίη
1385 453 1450 488 fiat
1473 453 1568 488 intra
1591 462 1655 489 sex
1677 463 1815 489 menses
1837 453 1876 488 in
1900 455 2057 490 secundo
2080 459 2250 491 semestre
2268 455 2459 495 venientes,

240 496 326 530 εἴσω
350 495 389 536 ἒξ
411 496 540 539 μηνῶν
570 501 681 530 κατα·
690 496 758 539 τὴν
778 494 950 542 δευτέραν
973 496 1151 539 ἑξάμηνον
1183 495 1317 544 διερχο-
1387 497 1419 533 si
1441 498 1576 533 nullam
1599 497 1750 533 fecerint
1774 498 1998 541 solutionem,
2021 502 2108 536 tunc
2131 510 2234 536 omne
2257 500 2353 546 quod
2376 502 2461 544 post

239 543 362 585 μένων
385 541 417 574 εἰ
439 538 596 586 μηδεμία
625 543 768 588 γε’νοιτο
796 539 991 586 καταβολή,
1020 543 1220 584 τηνικαῦτα
1243 543 1319 578 πᾶν
1412 543 1540 578 rimum
1563 546 1734 579 semestre
1758 542 1907 578 debetur
1937 543 2030 588 exigi
2060 554 2197 590 semper
2227 556 2250 581 a
2272 545 2338 581 deo
2362 555 2458 579 ama-

239 584 283 620 τό
306 583 396 629 μετὰ
410 585 486 640 τὴν
509 588 692 633 προτέραν
719 585 899 640 ἑξάμηνον
930 583 1095 640 ὀφληθὲν
1118 586 1319 633 εῑςπράττε-
1386 554 1516 623 ΒίΙίὴιιε
1541 587 1743 624 oeconomis
1772 598 1852 623 cum
1868 598 1980 623 usura
2002 590 2131 625 tertiae
2149 590 2262 635 partis
2286 590 2461 634 legitimae

240 631 335 664 σθαι
358 641 442 665 τους
463 633 519 665 αεὶ
542 629 844 677 θιοφιλεστατους
866 631 1071 675 οἰκονομους
1096 630 1188 675 μετὰ
1210 630 1318 667 τόκου
1333 635 1374 668 10
1388 632 1601 668 centesimae
1622 637 1708 678 post
1731 636 1900 668 semestre
1924 636 2082 678 tempus3
2114 635 2369 679 providentiam
2392 634 2459 668 hu-

239 676 303 710 τοῦ
337 676 466 711 tertiae
492 676 607 721 partis
642 676 704 719 τῆς
732 679 882 720 νομίμης
912 675 1104 719 ἑκατοστῆς
1134 678 1196 710 τοῦ
1226 675 1319 722 μετὰ
1387 677 1443 712 ius
1466 681 1623 723 ponente
1645 688 1710 722 per
1733 680 1874 722 tempus
1898 678 2122 714 sanctissimo
2147 679 2313 724 episcopo
2337 683 2374 715 et
2397 689 2459 723 pa-

239 721 308 763 την
331 719 508 766 ἑξάμηνον
532 718 780 775 διατρέχοντος
802 720 941 774 χρόνον.
989 718 1166 768 πρόνοιαν
1189 721 1318 756 τούτου
1387 723 1546 758 triarcha
1568 722 1682 758 felicis
1707 722 1814 758 huius
1838 722 1936 758 urbis
1960 723 2205 760 sanctissimae
2235 724 2379 761 maioris
2403 734 2461 759 ec-

239 765 436 810 τιθεμένου
459 767 524 800 τοῦ
548 779 640 801 κατα
661 765 789 812 καιρὸν
811 765 1012 800 οσιωτάτου
1036 762 1318 812 ἀρχιεπισκὸπου
1388 767 1528 803 clesiae.

240 813 301 844 καὶ
324 809 545 856 πατριάρχου
575 811 637 854 τῆς
659 810 752 845 κατὰ
781 810 849 853 τὴν
872 808 1069 856 εὐδαίμονα
1092 808 1228 855 ταύτην
1251 810 1318 847 πό-

240 853 300 890 λιν
322 853 524 903 ἁγιωτάτης
545 855 698 903 μεγάλης
721 854 914 899 ἐκκλησίας.
1334 861 1375 893 15

1235 935 1391 971 CAPUT
1413 937 1474 972 IV.

298 993 330 1027 εί
358 991 399 1027 δε
428 996 488 1026 καὶ
511 994 629 1038 ἕτερος
659 991 821 1026 ἐνιαυτὸς
849 990 1031 1037 παρέλθοι
1059 994 1119 1026 καὶ
1149 990 1240 1036 μηδὲ
1262 988 1319 1026 οὗ·
1431 992 1470 1027 Si
1491 995 1612 1028 autem
1635 991 1743 1027 etiam
1774 991 1865 1027 alter
1888 1002 2002 1027 annus
2024 994 2186 1027 transeat
2214 995 2251 1027 et
2274 1001 2387 1036 neque
2410 992 2462 1027 sic

241 1050 313 1073 τως
334 1051 371 1072 τι
393 1035 655 1082 καταβάλλοιεν
679 1036 715 1071 οἱ
730 1035 1010 1082 θεοφιλεστατοι
1033 1035 1151 1072 οἰκονό
1201 1052 1213 1072 ι
1242 1039 1320 1072 ταῖς
1387 1037 1523 1082 aliquid
1545 1038 1731 1073 exsolvant
1754 1037 1820 1073 deo
1844 1037 2016 1072 amabiles
2043 1036 2229 1073 oeconomi
2252 1036 2459 1071 reverentis-

242 1082 518 1127 εὗλαβεστάταις
551 1082 717 1128 γυναιξὶν
751 1080 774 1125 ἢ
808 1084 882 1116 τοῖς
915 1083 1110 1127 εἰρημένοις
1149 1050 1319 1123 gnava&
1388 1083 1484 1118 simis
1514 1082 1722 1118 mulieribus
1757 1085 1822 1117 aut
1851 1082 2056 1117 memoratis
2086 1082 2248 1126 decanis,
2283 1080 2463 1116 licentiam

240 1126 368 1161 ἄδειαν
398 1127 491 1162 εἶναι
522 1128 577 1171 τῷ
612 1128 704 1161 κατὰ
733 1126 861 1173 καιρὸν
891 1125 1082 1174 ἁγιωτάτῳ
1115 1126 1318 1173 πατριάρχῃ
1388 1137 1466 1163 esse
1497 1138 1561 1173 per
1585 1131 1724 1172 tempus
1748 1127 1973 1163 sanctissimo
1996 1127 2225 1173 patriarchae
2253 1136 2325 1162 non
2348 1126 2463 1161 solum

240 1171 289 1217 μὴ
310 1170 426 1217 μόνον
460 1171 629 1207 ἀπαιτεῖν
664 1171 746 1206 τούς
779 1170 1082 1218 θεοφιλεστάτους
1116 1170 1320 1216 οἰκονόμους
1334 1174 1376 1206 20
1389 1172 1529 1217 exigere
1552 1173 1618 1208 deo
1643 1173 1813 1208 amabiles
1837 1182 2051 1208 oeconomos
2076 1171 2235 1207 debitum
2263 1181 2344 1206 cum
2367 1170 2465 1206 dicta

241 1216 284 1252 τὸ
315 1214 549 1263 ὀφειλόμενον
571 1215 663 1261 μετὰ
692 1218 757 1251 τοῦ
782 1217 966 1263 εἰρημένου
989 1217 1111 1260 τόκου,
1142 1215 1233 1251 ἀλλὰ
1259 1220 1319 1250 καὶ
1388 1227 1517 1262 usura,
1552 1217 1615 1253 sed
1639 1218 1746 1252 etiam
1771 1227 1897 1262 cogere
1928 1227 1989 1253 eos
2014 1217 2101 1252 dare
2129 1217 2249 1252 omnia
2272 1225 2464 1261 quaecum-

241 1259 456 1309 ἀναγκάζειν
481 1260 607 1297 αὐτοὺς
630 1259 774 1297 διδόναι
796 1259 919 1297 πάντα
943 1258 1011 1296 ὅσα
1033 1260 1223 1308 διώρισται
1247 1265 1317 1304 καὶ,
1387 1273 1456 1307 que
1476 1262 1620 1298 decreta
1649 1265 1735 1298 sunt
1755 1265 1807 1305 et,
1839 1263 1869 1298 si
1901 1263 2053 1298 voluerit
2085 1262 2329 1297 sanctissimus
2353 1261 2463 1306 patri-

241 1309 342 1353 εἴπερ
365 1306 563 1352 βουληθείη
587 1305 607 1341 ὁ
627 1304 829 1353 εἱγιώτατος
852 1307 1082 1354 πατριάρχης,
1113 1311 1173 1341 καὶ
1197 1307 1319 1347 έξεοῦν
1386 1308 1499 1343 archa
1521 1308 1697 1352 expellere
1720 1317 1782 1343 eos
1806 1317 1829 1342 a
1851 1308 2106 1351 gubernatione
2129 1306 2377 1352 praediorum,
2402 1316 2463 1341 ex-

242 1351 376 1387 αὐτοὺς
391 1354 452 1396 τῆς
476 1350 667 1398 φροντίδος
693 1353 771 1387 τῶν
801 1356 947 1399 χωρίων
969 1356 1029 1386 καὶ
1052 1350 1221 1388 ἀπαιτεῖν
1251 1350 1318 1395 τὴν
1385 1352 1481 1396 igere
1500 1352 1629 1388 horum
1650 1352 1779 1387 faciem
1802 1363 1929 1397 puram
1953 1353 1999 1388 ab
2017 1353 2067 1388 eis
2089 1352 2203 1397 qualis
2227 1355 2300 1396 θεῖς
2337 1351 2463 1387 horum

241 1397 385 1432 τούτων
422 1395 511 1444 ὄψιν
541 1396 643 1431 καθὰ
673 1399 741 1432 νῦν
764 1395 854 1443 παρ’
891 1393 1009 1431 αὐτοῖς
1039 1399 1127 1432 ἐστι.
1175 1396 1318 1431 τούτων
1332 1399 1374 1432 25
1388 1398 1545 1439 omnium
1567 1397 1840 1433 sollicitudinem
1873 1402 2028 1441 ponente
2058 1408 2124 1442 pro
2148 1401 2219 1432 tem
2246 1406 2307 1432 ore
2329 1396 2461 1431 beatis-

240 1440 419 1478 ἁπάντων
438 1440 617 1489 φροντίδα
638 1443 832 1487 τιθεμένου
855 1443 919 1476 τοῦ
937 1442 1031 1476 κατὰ
1053 1442 1179 1488 καιρὸν
1203 1455 1317 1486 μακα-
1388 1442 1476 1478 simo
1497 1442 1771 1487 archiepiscopo
1789 1446 1826 1477 et
1849 1442 2041 1477 universali
2063 1442 2220 1487 patriarc
2247 1452 2278 1484 a,
2303 1442 2371 1477 sub
2392 1451 2463 1486 quo

241 1485 421 1534 ριωτάτου
445 1485 726 1534 ἀρχιεπισκόπου
745 1491 806 1521 καὶ
823 1488 1066 1530 οἰκουμενικοῦ
1087 1486 1318 1534 πατριάρχου,
1387 1492 1472 1522 sunt
1503 1490 1540 1523 et
1570 1487 1635 1522 deo
1665 1487 1838 1522 amabiles
1861 1487 2046 1522 oeconomi
2075 1491 2111 1522 et
2142 1487 2255 1522 omnis
2288 1486 2405 1522 clerus
2429 1490 2465 1521 et

241 1531 306 1579 ὑφ’
333 1530 377 1568 ὃν
399 1531 542 1568 τελοῦσι
572 1536 633 1567 καὶ
655 1531 691 1566 οἱ
712 1531 990 1578 θεοφιλέστατοι
1013 1531 1195 1577 οἰκονόμοι
1218 1535 1278 1566 καὶ
1301 1531 1320 1565 ὁ
1388 1533 1576 1568 universus
1601 1532 1848 1568 sanctissimae
1872 1532 2043 1567 ecclesiae
2067 1534 2194 1567 status.

242 1579 311 1614 πᾶς
333 1577 458 1624 κλῆρος
485 1581 547 1612 καὶ
569 1575 592 1621 ἡ
615 1577 789 1622 σύμπασα
819 1578 881 1620 τῆς
903 1573 1105 1623 ἁγιωτάτης
1136 1576 1320 1620 ἐκκλησίας

241 1626 264 1660 1
309 1624 537 1658 κατάστασις.
590 1621 735 1657 Τούτων
767 1621 807 1656 δὲ
837 1618 934 1656 οὕτω
957 1626 1160 1668 γινομένων
1183 1620 1321 1666 μηδένα
1332 1624 1375 1657 30
1388 1625 1410 1659 1
1454 1622 1521 1658 His
1545 1623 1598 1657 ita
1620 1622 1726 1658 factis
1750 1622 1886 1658 nullum
1908 1622 2052 1667 penitus
2076 1622 2122 1657 ab
2145 1621 2255 1657 invito
2306 1621 2465 1665 ercipere

242 1667 431 1705 παντελῶς
454 1667 553 1715 παρὰ
576 1666 723 1702 ἄκοντος
745 1666 962 1712 κομίζεσθαι
985 1664 1076 1714 ὑπὲρ
1099 1669 1225 1714 νεκροῦ
1250 1666 1319 1701 ‹rai-
1388 1678 1456 1713 pro
1489 1672 1631 1703 mortuo
1670 1678 1818 1712 corpore
1854 1671 1977 1703 curato
2013 1667 2213 1712 quicquam.
2294 1668 2310 1700 t
2344 1668 2465 1700 autem

241 1725 354 1758 ματος
382 1711 616 1757 κηδευομένου
645 1710 732 1757 μηδ’
764 1711 896 1746 ὁτιοῦν.
935 1709 1041 1746 Ὥςτε
1073 1710 1118 1746 δὲ
1143 1711 1226 1746 διακ
1250 1716 1319 1746 ίνε-
1389 1713 1545 1748 discreta
1575 1713 1647 1748 sint
1677 1713 1815 1756 omnia,
1850 1712 2030 1748 sancimus
2061 1712 2202 1756 singulo
2233 1712 2326 1747 lecto
2353 1710 2465 1756 gratis

242 1758 337 1793 σθαι
360 1757 403 1793 τὸ
429 1760 514 1800 πᾶν,
539 1758 696 1800 θεσπίζο
725 1771 764 1791 εν
787 1754 918 1803 ἑκάστῃ
942 1756 1045 1804 κλίνῃ
1069 1760 1201 1803 προῖκα
1225 1726 1320 1792 §130—
1390 1758 1472 1793 dato
1497 1768 1608 1793 unum
1632 1757 1847 1793 asceterium
1871 1757 1948 1793 dari
1970 1757 2204 1793 ascetriarum
2230 1759 2295 1791 aut
2318 1755 2464 1791 canoni-

241 1807 331 1851 μένῃ
353 1806 394 1838 ἓν
413 1801 629 1849 ἀσκητὴριον
649 1801 687 1837 ὃί
709 1803 824 1836 οσθαι
842 1799 1048 1848 ἀσκητριῶν
1066 1802 1087 1845 ἢ
1105 1804 1320 1844 κανονικῶν,
1390 1813 1532 1845 carum,
1574 1813 1646 1838 non
1683 1803 1798 1838 minus
1838 1805 1920 1838 octo
1956 1802 2142 1837 mulierum
2180 1800 2465 1846 praecedentium

241 1849 291 1893 μὴ
313 1847 467 1883 ἔλαττον
490 1846 588 1883 ὀκτώ
610 1848 794 1894 γυναικῶν
817 1845 1027 1893 ἡγουμένων
1041 1848 1103 1890 τῆς
1123 1846 1241 1901 κλίνης
1261 1850 1320 1880 καὶ
1333 1850 1376 1883 35
1390 1848 1522 1883 lectum
1545 1852 1582 1883 et
1605 1848 1850 1892 psallentium,
1873 1851 1910 1883 et
1932 1848 2048 1882 tribus
2072 1847 2265 1890 acoluthis,
2290 1846 2352 1891 qui
2375 1845 2462 1881 nihil

242 1892 461 1939 ψαλλουσιῦν
490 1896 551 1927 καὶ
572 1893 689 1940 τριῶν
711 1890 939 1934 ἀκολούθων,
969 1893 1072 1938 οἵπερ
1095 1890 1172 1926 οὐδ’
1198 1893 1321 1927 οτιοῦν
1389 1893 1532 1938 penitus
1556 1893 1744 1937 accipient.
1792 1893 1830 1928 Si
1853 1896 1974 1928 tamen
1997 1892 2124 1936 aliquis
2148 1892 2299 1927 voluerit
2324 1901 2463 1934 compe-

243 1937 430 1974 παντελῶς
465 1937 655 1984 λήψονται.
713 1938 761 1971 Εἰ
794 1940 920 1981 μέντοι
954 1948 1008 1971 τις
1041 1935 1208 1981 βούλοιτο
1243 1938 1321 1971 τῶν
1389 1938 1540 1973 tentium
1564 1937 1733 1973 defuncto
1757 1941 1794 1972 et
1814 1937 1984 1982 exequias
2007 1937 2213 1972 facientium
2236 1937 2314 1982 ipse
2338 1940 2466 1980 sponte

243 1982 499 2027 προςηκόντων
521 1984 582 2026 τῷ
600 1981 855 2025 τελευτήσαντι
886 1985 946 2016 καὶ
969 1981 1037 2024 τὴν
1060 1981 1218 2028 ἐκφορὰν
1241 1995 1320 2017 ποι·
1392 1987 1540 2027 cogente
1563 1983 1663 2018 nullo
1688 1986 1724 2017 et
1746 1982 1845 2017 aliud
1868 1983 2080 2018 asceterium
2103 1993 2214 2017 unum
2238 1981 2294 2017 vel
2313 1981 2383 2016 duo
2404 1983 2466 2015 aut

243 2032 407 2072 ουμένων
430 2024 535 2062 αὐτὸς
558 2027 654 2062 ἑκὼν
673 2025 936 2074 ἀναγκάζοντος
952 2023 1096 2061 οὐδενὸς
1119 2030 1179 2061 καὶ
1199 2028 1322 2073 ἕτερον
1390 2028 1497 2063 etiam
1521 2028 1673 2072 amplius
1698 2037 1889 2069 assumere,
1922 2028 1990 2062 hoc
2015 2027 2062 2062 sit
2085 2027 2225 2071 quidem
2249 2026 2326 2062 eius
2351 2025 2464 2060 muni-

242 2071 459 2121 άσκητήριον
488 2075 528 2108 ἓν
550 2070 572 2117 ἢ
595 2071 660 2107 δύο
688 2070 711 2116 ἢ
740 2075 801 2106 καὶ
824 2070 938 2106 πλείω
963 2071 1186 2118 προςλαβεῖν,
1212 2075 1320 2106 τοῦτο
1335 2075 1378 2107 40
1391 2073 1566 2115 ficentiae‚
1591 2075 1712 2108 tamen
1735 2082 1801 2107 nec
1829 2072 1898 2108 hoc
1921 2072 2143 2107 indefinitum
2165 2071 2406 2115 relinquimus,
2430 2074 2466 2104 et

242 2121 339 2154 ἔστω
373 2120 440 2163 μὲν
474 2119 536 2161 τῆς
571 2114 678 2152 αὐτοῦ
714 2116 935 2164 φιλοτιμίας,
970 2115 1065 2159 πλὴν
1096 2114 1180 2151 οὐδὲ
1212 2118 1321 2151 τοῦτο
1389 2118 1448 2152 hic
1484 2118 1631 2153 eandem
1664 2127 1867 2153 mensuram
1903 2126 1980 2152 esse
2015 2117 2176 2153 volumus
2213 2117 2339 2151 harum
2374 2125 2465 2160 quae

242 2162 412 2209 ἀόριστον
435 2161 710 2207 καταλείπομεν,
733 2159 927 2196 κάνταῦθα
949 2160 991 2196 τὸ
1013 2160 1101 2208 αὐτὸ
1123 2164 1256 2206 μέτρον
1275 2162 1320 2195 εἶ-

242 2222 306 2243 ναι
335 2207 548 2253 βουλόμενοι
577 2209 656 2242 τῶν
686 2207 778 2242 κατὰ
808 2205 1018 2251 φιλοτιμίαν
1052 2205 1323 2252 προσλαμβανο-

293 2291 325 2312 υ.
347 2280 450 2321 3sqq.
473 2289 596 2310 summa
619 2284 707 2310 extat
727 2273 854 2308 ‘Ponat
876 2276 930 2316 19,
944 2282 960 2308 6
986 2275 1055 2316 (ubi
1076 2276 1195 2308 citatur
1216 2273 1327 2317 νεαρὰ
1350 2272 1406 2316 νὴ)

241 2325 2339 2337 ffl———ss-m-

243 2367 341 2393 nunc
348 2359 532 2403 praesunt
545 2358 582 2390 et
598 2354 643 2388 iis
663 2354 729 2400 qui
739 2363 812 2400 pro
830 2356 988 2399 tempore
1002 2352 1301 2405 gubernationem
1321 2363 1446 2388 eorum
1465 2352 1611 2387 nacturi
1626 2356 1729 2387 sunt:
1759 2355 1800 2387 ut
1811 2362 1885 2398 per
1900 2361 1962 2387 eos
1977 2350 2182 2386 distributio
2199 2351 2270 2397 fiat
2288 2352 2360 2387 illis
2375 2363 2467 2398 quas

243 2406 329 2438 ante
343 2400 618 2437 memoravimus
636 2399 701 2435 sub
717 2398 809 2445 ipsis
824 2397 1028 2433 constitutis
1048 2397 1214 2433 ascetriis
1232 2401 1268 2433 et
1283 2397 1468 2433 canonicis
1487 2407 1538 2432 ac.
1544 2400 1736 2443 praeterea
1756 2396 1944 2432 acoluthis.
1991 2395 2127 2439 Quodsi
2140 2396 2315 2432 solutioni
2328 2408 2466 2433 moram

241 2447 401 2493 fecerint
415 2446 483 2482 deo
500 2444 679 2481 carissimi
694 2442 880 2479 oeconomi
903 2441 1012 2488 idque
1031 2442 1264 2487 manifestum
1283 2442 1332 2479 sit
1352 2442 1452 2478 intra
1474 2453 1544 2477 sex
1559 2453 1696 2477 menses
1708 2452 1783 2488 per
1804 2440 1998 2477 secundum
2017 2445 2186 2477 semestre
2202 2441 2349 2488 elapsos
2364 2442 2467 2478 nulla

243 2492 423 2528 solutione
436 2491 554 2537 facta,
579 2493 653 2525 tum
667 2500 771 2524 omne
793 2487 892 2534 quod
907 2491 998 2534 post
1019 2487 1129 2534 prius
1151 2491 1319 2523 semestre
1343 2487 1491 2523 debetur
1513 2498 1537 2522 a
1558 2488 1623 2522 deo
1642 2486 1837 2522 carissimis
1859 2487 1925 2532 qui
1938 2496 2013 2532 pro
2033 2490 2192 2532 tempore
2210 2491 2295 2522 sunt
2315 2498 2465 2523 oecono-

244 2537 312 2572 mis
326 2537 502 2582 eoeiqatur
521 2545 602 2570 cum
618 2534 740 2570 usuris
757 2533 884 2569 tertiae
896 2533 1022 2579 partis
1037 2532 1218 2578 leqitimae
1233 2533 1446 2568 centesimae
1463 2532 1634 2578 temporis
1646 2536 1733 2578 post
1746 2537 1916 2566 semestre
1930 2531 2131 2572 currentis,·
2154 2542 2198 2566 ac
2208 2532 2420 2584 prospiciat
2433 2534 2467 2568 ei

244 2582 298 2618 rei
320 2581 569 2617 sanctissimus
585 2590 661 2626 pro
683 2583 843 2625 tempore
860 2577 1156 2624 archiepiscopus
1174 2581 1211 2613 et
1222 2576 1442 2623 patriarcha
1459 2576 1706 2612 sanctissimae
1726 2587 1880 2622 maynae
1902 2575 2072 2611 ecclesiae
2091 2575 2198 2611 huius
2213 2576 2337 2621 felicis
2354 2576 2464 2613 urbis.

379 2626 441 2663 IV.
489 2624 531 2661 Si
553 2635 638 2661 vero
662 2624 756 2660 alter
779 2633 922 2674 quoque
946 2633 1064 2657 annus
1088 2626 1253 2657 transeat
1282 2627 1317 2658 et
1338 2633 1384 2659 ne
1408 2627 1482 2658 tum
1513 2621 1654 2668 quidem
1685 2620 1752 2656 deo
1775 2620 1952 2655 carissimi
1977 2621 2164 2655 oeconomi
2185 2621 2466 2667 reliqiosissimis

242 2672 393 2719 feminis
414 2671 471 2708 vel
492 2670 637 2706 decanis
660 2680 753 2716 quos
776 2668 937 2704 diximus
959 2667 1153 2713 quicquam
1172 2667 1327 2710 solvant,
1361 2667 1468 2703 liceat
1483 2665 1709 2702 sanctissimo
1726 2676 1803 2711 pro
1826 2669 1984 2712 tempore
1996 2664 2238 2710 patriarchae
2259 2676 2334 2701 non
2348 2666 2466 2702 solum

245 2730 270 2754 a
292 2717 359 2754 deo
383 2715 578 2752 carissimis
602 2713 805 2750 oeconomis
827 2712 984 2748 debitum
1008 2723 1088 2747 cum
1110 2722 1225 2748 usura
1247 2723 1355 2759 quam
1376 2712 1537 2748 diximus
1559 2711 1719 2757 exiqere,
1750 2720 1872 2745 verum
1903 2709 2011 2744 etiam
2034 2720 2164 2760 coqere
2186 2720 2250 2745 eos
2279 2715 2321 2745 ut
2345 2712 2466 2746 omnia

245 2772 492 2809 quaecumque
515 2759 664 2805 definita
684 2762 771 2794 sunt
785 2762 989 2804 praestent,
1021 2761 1131 2803 atque
1153 2756 1243 2793 adeo
1268 2757 1314 2800 (si
1335 2756 1478 2803 quidem
1503 2755 1655 2792 voluerit
1676 2755 1924 2790 sanctissimus
1945 2754 2174 2800 patriarcha)
2198 2754 2382 2801 expellere
2405 2768 2467 2792 eos

245 2819 271 2843 a
293 2817 384 2843 cura
405 2804 641 2853 praediorum
672 2807 709 2840 et
738 2804 867 2839 horum
896 2802 1032 2849 faciem
1062 2802 1211 2848 exiqere
1235 2802 1355 2848 qualis
1383 2812 1479 2837 nunc
1509 2800 1611 2848 apud
1632 2810 1694 2836 eos
1717 2803 1780 2836 est.
1827 2800 1946 2846 Atque
1968 2798 2025 2834 his
2055 2799 2219 2834 omnibus
2252 2810 2377 2836 curam
2401 2801 2464 2836 ad-

247 2852 368 2889 hibeat
390 2849 614 2887 beatissimus
629 2859 705 2896 pro
726 2852 885 2901 tempore
907 2847 1202 2894 archiepiscopus
1224 2851 1261 2883 et
1277 2846 1493 2883 universalis
1507 2844 1828 2898 patriarcha4sub
1849 2855 1923 2891 quo
1942 2848 1978 2879 et
1998 2843 2065 2879 deo
2086 2844 2264 2895 carissimi
2283 2846 2467 2896 oeconomi

245 2901 268 2934 1
319 2895 506 2933 constituti
533 2898 620 2930 sunt
647 2898 683 2930 et
710 2904 825 2929 omnis
853 2893 973 2928 clerus
1001 2896 1111 2938 atque
1137 2892 1325 2928 universus
1351 2892 1599 2927 sanctissimae
1628 2889 1799 2926 ecclesiae
1819 2893 1947 2925 status.
2042 2887 2111 2923 Has
2133 2893 2252 2924 autem
2281 2893 2335 2925 uta
2352 2890 2467 2935 sactis

247 2945 358 2979 nemo'
381 2940 527 2977 omnino
584 2939 751 2985 uicquam
787 2937 832 2974 ab
862 2938 973 2974 invito
1004 2948 1080 2984 pro
1112 2936 1288 2973 cadavere
1320 2936 1527 2988 sepeliendo
1556 2935 1715 2981 auferat.
1768 2936 1886 2981 Atque
1915 2938 1957 2969 ut
1989 2944 2048 2969 res
2085 2934 2199 2969 omnis
2227 2933 2466 2979 discernatur,

246 2987 429 3024 sancimus
450 2985 557 3031 sinqu
573 2985 605 3019 is
617 2985 769 3030 feretris
790 2983 908 3029 qratis
931 2982 1062 3018 dandis
1085 2993 1195 3017 unum
1218 2986 1430 3018 asceterium
1453 2981 1535 3016 dari
1557 2980 1793 3015 ascetriarum
1817 2979 1873 3015 vel
1894 2978 2163 3020 canonicarum,
2187 2983 2227 3014 ut
2250 2990 2325 3015 non
2347 2981 2466 3016 minus

247 3043 357 3080 quam
380 3035 460 3067 octo
481 3030 648 3065 mulieres
668 3030 847 3075 feretrum
862 3027 1093 3075 praecedant
1114 3031 1150 3062 et
1164 3026 1344 3073 psallant,
1376 3030 1411 3062 et
1435 3029 1507 3061 tres
1530 3024 1710 3061 acoluthi:
1745 3024 1809 3071 qui
1831 3023 1974 3071 quidem
1997 3022 2090 3058 nihil
2112 3023 2257 3074 omnino
2281 3026 2467 3071 accepturi

246 3079 329 3114 sint.
383 3075 520 3120 Quodsi
550 3075 632 3120 quis
670 3085 711 3110 co
739 3076 908 3109 natorum
942 3072 1107 3118 defuncti
1145 3071 1209 3117 qui
1241 3071 1358 3117 funus
1390 3071 1537 3116 faciunt
1570 3074 1702 3116 sponte
1737 3080 1806 3105 sua
1836 3068 1975 3104 nemine
2007 3073 2158 3114 coqente
2189 3068 2292 3103 aliud
2325 3080 2467 3116 quoque

248 3121 459 3158 asceterium
482 3131 593 3155 unum
616 3119 673 3156 vel
721 3130 767 3154 uo
789 3118 846 3154 vel
868 3118 976 3154 etiam
991 3117 1108 3163 plura
1133 3115 1301 3152 adhibere
1325 3116 1424 3157 velit,
1454 3115 1495 3151 id
1517 3116 1659 3162 quidem
1683 3113 1912 3151 liberalitatis
1934 3113 2050 3160 ipsius
2073 3117 2170 3155 esto,·
2206 3113 2278 3148 nisi
2300 3114 2400 3160 quod
2420 3125 2467 3151 nc

248 3168 317 3204 hoc
332 3166 474 3214 quidem
493 3164 715 3210 indefinitum
734 3163 980 3209 relinquimus,
1005 3173 1084 3197 cum
1108 3161 1167 3196 hic
1184 3172 1327 3207 quoque
1350 3160 1498 3196 eandem
1521 3172 1598 3196 esse
1613 3170 1818 3196 mensuram
1838 3158 1984 3195 velimus
2005 3169 2129 3193 earum
2154 3169 2248 3204 quae
2267 3169 2317 3194 ex
2336 3159 2463 3195 libera-

293 3261 313 3293 3
339 3232 462 3291 αὐτον
482 3257 514 3289 L
533 3256 545 3300 n
565 3231 794 3299 ἀσκητήριαιε
817 3254 849 3286 L
864 3252 877 3297 l!
903 3255 922 3286 5
945 3227 1175 3298 yiv'mffln
1200 3254 1218 3285 7
1244 3250 1321 3291 ιεα-
1434 3253 1449 3284 1
1465 3249 1954 3295 possuntrnzdepraeo1aratis
1971 3247 2243 3300 vusasoisteriis
2256 3247 2466 3298 Vas-oiseii„

248 3302 373 3358 μηνων
396 3303 430 3336 L
459 3300 472 3346 ΙΙ
500 3303 538 3336 11
564 3299 627 3333 τοῦ
653 3299 900 3352 tertiae'partis
919 3298 983 3353 Μ]
1015 3297 1078 3330 τοῦ
1106 3293 1185 3351 ἀπὸ,
1199 3299 1323 3342 τρίτου
1391 3295 1430 3340 νΙΙ
1443 3306 1503 3349 nec
1517 3307 1583 3329 non
1597 3295 1762 3373 οηιζῐῖμῖι
1775 3295 1886 3328 deo—
1896 3297 1915 3328 7
1925 3293 2123 3327 solutionem
2137 3306 2194 3327 om.
2205 3306 2223 3326 r
2234 3292 2247 3338 ΙΙ
2259 3295 2279 3327 6
2289 3293 2465 3343 *ueniente

249 3358 376 3424 5⁶⁰w⁶¹
395 3347 528 3388 M³'²’''
542 3344 602 3400 '⁴¹¹¹
618 3355 797 3430 Twwffif‘
819 3355 889 3421 ἵζε
909 3342 1087 3420 {2¹23ss
1103 3341 1323 3422 t‘51i“'1‘12⁷⁹<¹³'
1391 3341 1715 3430 ²1²3r2tH0⁷mf3⁰⁰j1nt17
1740 3337 2396 3428 afleissoffiissilrffsn2i⁷ss¹1fgssss¹ffffi¹gss
2411 3336 2465 3423 '1⁷3¹

254 3402 618 3480 lgazssffizzicdfrffii
643 3435 795 3477 episcopo
814 3399 839 3469 ξ
876 3433 889 3477 ss
923 3434 965 3466 19
990 3397 1200 3477 πατριάρχΞι
1226 3432 1276 3464 L⁰
1392 3431 1481 3472 libri]
1507 3434 1539 3463 et
1563 3411 1693 3473 exigere
1716 3430 1803 3474 ναῖς.
1819 3429 1831 3473 ΙΙ
1851 3431 1894 3463 24
1918 3429 1959 3462 ab
1983 3429 2041 3471 eis]
2067 3427 2179 3460 habeis
2199 3426 2234 3459 V
2273 3425 2314 3458 25
2338 3435 2464 3467 ponen-

253 3482 295 3514 23
318 3483 377 3513 καὶ
401 3495 459 3515 om.
477 3493 496 3517 ς
520 3481 532 3523 ΙΙ
558 3479 680 3519 ἐξεοῦν
700 3480 757 3523 (cf.
771 3478 931 3520 Dindorf.
953 3479 985 3511 in
1009 3478 1102 3511 Thes.
1126 3479 1145 3510 l.
1165 3490 1216 3520 qr.
1237 3475 1329 3509 VIII
1391 3479 1457 3508 tem
1475 3489 1493 3508 r
1507 3475 1520 3517 ll
1539 3477 1582 3510 30
1594 3476 1653 3517 ita]
1670 3476 1784 3526 itaque
1804 3487 1822 3508 r
1833 3474 1848 3526 fl
1866 3472 2109 3526 factaeVssssl.
2123 3473 2230 3504 tutata
2299 3469 2312 3513 ΙΙ
2330 3471 2373 3520 {32
2386 3473 2465 3521 sunt

249 3538 284 3568 p.
295 3526 395 3567 2001)
410 3527 493 3567 ML]
511 3523 641 3565 ἐξελεῖν
654 3524 737 3558 male
748 3524 833 3568 vuly.
850 3522 863 3567 ΙΙ
889 3524 933 3556 24
946 3523 1005 3555 καὶ
1022 3534 1081 3555 om.
1092 3534 1111 3558 ς
1127 3522 1139 3563 ΙΙ
1165 3523 1208 3556 25
1223 3517 1324 3554 καθὰ
1402 3520 1435 3552 V
1445 3520 1457 3563 ΙΙ
1473 3521 1561 3562 grati
1582 3521 1639 3563 Vn
1656 3521 1698 3554 33
1712 3521 1901 3553 asciterium
1914 3519 1986 3552 dan
1999 3519 2206 3550 asciti-iarum
2220 3514 2260 3565 ‘V
2277 3517 2464 3565 assisti-mm

253 3568 320 3619 νῆν
332 3569 423 3614 παρ’
440 3567 557 3603 αὐτοῖς
573 3570 662 3611 ἐστι]
686 3578 805 3612 puram
816 3567 858 3601 ab
877 3567 924 3600 eis
937 3566 1044 3608 qualis
1056 3570 1105 3599 est
1122 3567 1157 3607 (i.
1166 3579 1193 3599 e.
1208 3564 1325 3620 uasta:
1393 3563 1465 3597 dari
1485 3566 1724 3618 assqistriarum
1746 3578 1764 3598 r
1781 3564 1794 3608 ΙΙ
1818 3565 1862 3598 34
1882 3565 1961 3605 non]
1983 3565 2022 3595 nt
2035 3575 2062 3595 ⁴r
2083 3559 2097 3603 Ι
2119 3558 2381 3610 praecidentium
2403 3559 2434 3592 V
2452 3559 2466 3604 ΙΙ

254 3625 322 3658 ραν
330 3610 596 3700 ἶῖρᾷοαῗτῗαῖ]
607 3613 806 3692 οἷὲιῗξῖἶίῖτῖ
819 3624 847 3702 ἶ
859 3612 902 3691 4¹⁸3
917 3609 1034 3700 ‘2'AE
1046 3623 1149 3698 ⁰m‘05
1171 3605 1325 3689 310322112232
1392 3610 1619 3695 ῗιῗῑῖἶιῖἳὲῗ
1631 3608 2001 3697 εἶῖᾞῗέἕᾞὶῗιὲξξι
2014 3606 2065 3683 ¹?
2089 3603 2329 3682 εέἛιιῘΞὛ
2319 3614 2387 3692 1⁷⁸1?
2389 3603 2463 3683 ‘2¹31

255 3670 338 3745 ἷζε.
362 3671 583 3745 scampinam)
606 3715 626 3738 ς
751 3683 758 3691 ’
1033 3669 1101 3700 W
1391 3681 1529 3733 ateriae
1550 3701 1584 3734 V
1600 3681 1784 3733 ἐιιῑιιιὶιιω
1807 3710 1825 3731 r

1612 3778 1627 3796 ἱ
