2612 4016
261 172 367 227 App,
388 172 425 214 v
1319 158 1402 205 798
2199 172 2263 202 nm:
2287 170 2476 203 ΜΕΤΑΧΑ

391 280 417 315 2
463 276 636 313 Καθόλου
665 274 707 310 δὲ
730 276 819 310 πᾶσι
842 273 1074 320 προαγορεύει
1097 270 1119 314 ἦ
1151 269 1314 310 διάταξις
1337 272 1398 305 ἐπὶ
1421 269 1648 316 προφάσεσιν
1671 268 1868 304 ἰδιωτικαῖς
1890 269 2132 313 στρατιώταις
2153 269 2204 315 μὴ
2228 270 2428 315 κεχρῆσθαι
2451 268 2473 314 ἢ

524 321 594 363 τὴν
623 319 770 354 οἱανοῦν
799 316 845 353 δι’
878 315 1004 351 αὐτῶν
1031 318 1226 362 ἐπαγαγεῖν
1255 313 1458 359 μεθοδείαν
1488 318 1604 349 τισίν·
1639 313 1795 349 εἰδότων
1817 316 1896 349 τῶν
1919 313 2062 349 τοιοῦτό
2086 328 2124 350 τι
2147 314 2322 361 πράττειν
2345 317 2474 358 ἐπιχει-

522 365 699 410 ρούντων,
729 361 778 397 ὥς
796 366 856 396 καὶ
883 361 1000 403 πάσης
1024 358 1177 406 ἀγωγῆς,
1200 355 1247 402 ἢν
1271 359 1319 394 ἄν
1341 358 1389 394 οἷς
1411 359 1502 396 εἰκὸς
1525 356 1545 394 ὃ
1568 359 1677 404 νόμος
1701 357 1820 394 αὐτοῖς
1843 357 1962 394 ἐδίδου
1985 358 2080 394 κατὰ
2101 361 2179 395 τῶν
2204 357 2476 405 ιύθυνομένων,

521 412 548 446 3
598 410 836 444 ἐκπεσοῦνται
868 404 912 440 δι’
947 404 1062 447 αὐτὴν
1092 407 1152 438 καὶ
1181 404 1298 448 μόνην
1323 404 1392 448 τὴν
1422 406 1630 451 ἐγχείρησιν.
1685 402 1770 439 Τοὺς
1800 402 1840 438 δὲ
1869 401 2143 450 ἄφοριζομένους
2173 415 2219 440 στ
2244 405 2399 440 attonitae
2428 406 2476 439 εἰς

519 451 690 495 ἐξάνυσιν
727 450 914 495 δημοσίων
947 448 1230 494 παρακελεύεται
1259 447 1377 492 πάσης
1406 448 1645 496 σπορτούλων
1673 447 1878 504 ἀπέχεσθαι
1907 448 2049 493 λήψεως
2077 453 2139 484 καὶ
2168 463 2216 494 μη
2242 452 2282 484 ὲν
2312 449 2475 485 καθόλου

522 500 548 535 4
593 497 694 544 παρά
717 507 814 531 τινος
837 494 1051 539 λαμβάνειν,
1074 492 1163 528 ἀλλὰ
1182 496 1261 529 ταῖς
1282 495 1428 529 οἰκείαις
1452 493 1647 538 ἀρκεῖσθαι
1670 505 1867 537 σιτησεσιν.
1907 494 1981 538 Τὴν.
2002 492 2041 528 δὲ
2062 495 2141 529 τῶν
2164 495 2363 541 εἰρημνων
2383 493 2474 530 πάν-

525 555 603 578 των
625 539 890 587 παραφυλακὴν
912 542 986 574 τοῖς
1009 538 1102 574 κατὰ
1126 538 1243 574 τόπον
1266 537 1477 574 ἐπισκόποις
1499 551 1539 573 τε
1563 542 1623 573 καὶ
1646 538 1818 583 ἄρχουσιν
1841 541 2039 594 ἐπιτρέπει.

391 590 416 627 5
461 587 555 635 Πρὸς
586 585 724 621 τούτοις
755 583 972 631 ἀπαγορεύει
1002 586 1077 618 τοῖς
1107 582 1255 630 ἄρχουσι
1282 587 1342 618 καὶ
1366 587 1479 619 παντὶ
1507 584 1617 630 ἑτέρῳ
1649 583 1748 619 οἶκόν
1779 595 1875 618 τινος
1898 597 1948 628 μη
1979 581 2172 619 καταλύειν
2202 584 2381 630 προφάσει
2412 585 2476 618 τοῦ

518 632 714 674 άνανεῆσαι
743 629 837 664 κατὰ
868 630 932 663 τοῦ
963 626 1140 664 δεσπότου
1170 630 1234 662 τοῦ
1264 629 1372 670 οἴκου,
1400 627 1483 671 δίχα
1513 631 1639 673 μέντοι
1663 632 1892 672 καινοτομίας
1915 626 2008 663 καθ’
2034 629 2156 675 ἑτέρου
2179 632 2385 676 γενομένης·
2422 629 2476 671 τῷ

523 677 631 712 τοῦτο
655 674 835 720 πράξαντι
857 673 926 717 τὴν
950 674 1044 708 κατὰ
1067 674 1110 708 τὸ
1133 671 1328 708 διπλάσιον
1351 675 1489 708 ἔκτισιν
1508 674 1571 717 τῆς
1595 675 1721 718 ζημίας
1744 674 1808 716 τῆς
1829 676 2019 720 γενομένης
2040 675 2094 717 τῷ
2120 672 2279 722 δεσπότῃ
2294 675 2359 709 τοῦ
2378 674 2477 708 οἴκου

521 724 582 755 καὶ
612 720 746 764 ποινὴν
777 717 863 754 δέκα
892 722 1036 764 χρυσίου
1060 717 1194 763 λιτρῶν
1216 717 1467 797 (ἐπιτιθεῖσαέ
1489 721 1549 752 καὶ
1572 717 1764 762 βασιλικὴν
1788 715 2053 763 ἀγανάκτησιν·
2077 718 2221 754 τούτων
2245 717 2478 766 παραφυλατ-

523 769 688 812 τομένων
710 761 782 800 ὑπό
806 776 846 799 τε
868 765 946 800 τῶν
968 760 1161 809 ἀρχόντων
1184 766 1244 798 καὶ
1264 764 1343 799 τῶν
1365 763 1414 798 τὰ
1461 761 1595 808 ημόσια
1619 763 1873 810 πραττόντων.
1921 761 2078 810 Ἐγράφη
2149 789 2157 798 .
2171 789 2180 799 .

1066 1021 1246 1075 ΠΕΡΙ
1295 953 1689 1075 ΜΞΤΑΞΗΣ.

389 1103 472 1149 Χρὴ
495 1108 564 1147 την
586 1101 743 1148 μέταξον
762 1101 842 1137 τοὺς
866 1112 1059 1146 κομμερκια
1085 1103 1156 1135 ιὀυς
1179 1098 1268 1145 πρὸς
1291 1099 1373 1135 τοὺς
1394 1098 1599 1144 βαρβάρους
1628 1098 1951 1146 πραγματεύεσθαι
1976 1099 2015 1133 ιε’
2041 1101 2238 1144 νομίσμασι
2261 1098 2331 1143 τὴν
2355 1097 2480 1145 λίτραν

522 1150 583 1183 καὶ
612 1146 842 1192 μεταπωλεῖν
871 1149 944 1182 τοῖς
973 1113 1203 1191 μεταὲαρίοις
1232 1142 1255 1188 ἢ
1283 1147 1357 1180 τοῖς
1388 1143 1508 1179 ἄλλοις
1538 1143 1580 1178 οὔ
1613 1143 1724 1179 πλέον
1755 1143 1928 1190 καθαρὰν
1959 1142 2040 1188 δίχα
2064 1143 2304 1190 σφηκώματος
2327 1141 2348 1188 ἢ
2373 1143 2481 1187 ἄλλης

523 1192 736 1237 προσθήκης
763 1191 787 1233 ἢ
820 1192 948 1238 ῥύπου.
995 1190 1041 1225 Εἰ
1072 1188 1115 1224 δέ
1143 1201 1197 1225 τις
1228 1188 1321 1235 πρὸς
1350 1188 1556 1235 βαρβάρους
1578 1189 1627 1233 μὴ
1648 1186 1703 1224 ὢν
1723 1189 1999 1235 κομμερκιάριοε·
2015 1189 2339 1237 πραγματεύσηταί
2359 1203 2396 1224 τι
2420 1191 2481 1223 καὶ

550 1238 678 1278 ε’ταξον
707 1237 850 1272 ἐκεῖθεν
879 1233 1009 1290 ἀγάγῃ,
1041 1232 1195 1270 δύναται
1227 1235 1344 1278 αὐτὴν
1374 1232 1616 1289 ἀφαιρεῖσθαι
1643 1233 1663 1268 ὁ
1688 1234 1967 1281 κομμερκιάριος,
1991 1237 2051 1268 καὶ
2074 1232 2093 1268 ὁ
2116 1233 2480 1290 πραγματευσάμενος

540 1282 710 1327 ημεύεται
728 1285 790 1318 καὶ
812 1280 984 1325 διηνεκως
1008 1280 1213 1326 ἐξορίζεται.
1261 1281 1307 1314 Εἰ
1327 1277 1366 1314 δὲ
1388 1293 1408 1315 ο
1432 1277 1702 1325 κομμερκιάριος
1725 1277 1749 1323 ἢ
1768 1280 1788 1314 ὅ
1811 1278 2025 1326 μεταξάριος
2047 1278 2137 1325 ὑπὲρ
2160 1292 2203 1314 το
2227 1279 2345 1326 ῥηθὲν
2365 1278 2482 1315 ποσὸν

523 1326 674 1372 πωλήση
698 1329 721 1371 ἢ
745 1325 919 1373 α’γοράση,
943 1324 1078 1370 ὁμοίως
1100 1327 1322 1369 τιμωρεῖται.
1691 1335 1694 1339 ·

392 1372 472 1419 Χρὴ
506 1371 546 1408 δὲ
576 1363 663 1407 τούξ
686 1363 962 1419 πραγματεύτάς
989 1371 1068 1405 τῶν
1099 1370 1280 1405 τοιούτων
1301 1367 1428 1417 ἐγγύας
1451 1367 1597 1404 διδόναι
1620 1370 1665 1417 τῇ
1689 1368 1894 1414 πολιαρχίᾳ,
1925 1366 1974 1404 ὦς
1997 1366 2038 1403 οὐ
2059 1368 2221 1404 πωλοῦσι
2245 1368 2364 1415 κρύφα
2389 1367 2481 1403 ἀλλὰ

523 1417 678 1462 δημοσίᾳ
701 1419 824 1453 πᾶσαν
847 1414 894 1460 ἣν
915 1417 1035 1459 ἔχουσι
1059 1418 1330 1463 πραγματείαν·
1355 1417 1433 1450 ἐπεὶ
1455 1415 1712 1460 τιμωροῦνται.
1760 1415 1841 1462 Χρὴ
1874 1412 1915 1449 δὲ
1937 1413 2030 1448 κατὰ
2054 1415 2170 1449 ταῦτα
2193 1413 2405 1460 λογίζεσθαι
2429 1414 2482 1458 τῷ

523 1461 686 1507 δημοσίῳ
716 1461 784 1507 τὴν
814 1460 926 1507 τιμὴν
957 1461 1093 1496 παντὸς
1120 1461 1187 1495 τοῦ
1212 1458 1421 1506 ὁλοσηρίκου
1445 1459 1546 1506 παρὰ
1570 1460 1635 1494 τοῦ
1659 1459 1811 1504 κόμητος
1835 1460 1913 1495 τῶν
1937 1457 2179 1506 λαργιτιόνων
2202 1461 2266 1494 τοῦ
2291 1457 2482 1504 διδομένου

526 1507 611 1554 παρ’
637 1507 749 1542 αὐτοῦ
779 1507 835 1551 τῷ
866 1505 910 1549 δη
937 1510 1037 1549 οσίῳ.
1084 1504 1121 1540 Ὁ
1144 1504 1184 1540 δὲ
1213 1503 1393 1552 ἀγοράσας
1415 1503 1507 1550 ὑπὲρ
1530 1505 1573 1540 τὸ
1598 1505 1740 1548 ταχθὲν
1762 1502 2051 1552 ἀναγκαζόμενος
2075 1502 2202 1539 δοῦναι
2225 1503 2481 1552 προσαγγέλλει

523 1554 577 1598 τῷ
602 1553 723 1601 πράτῃ
746 1555 806 1587 καὶ
827 1551 872 1587 τὸ
897 1520 1053 1586 δῗπλοῦν
1076 1548 1321 1597 ἀναπράττει·
1346 1550 1476 1586 λοιπὸν
1498 1549 1566 1597 γὰρ
1589 1549 1609 1584 ὖ
1634 1550 1769 1597 πράτης
1789 1551 1836 1585 τὰ
1858 1549 2038 1593 λεχθέντα
2061 1552 2236 1586 πείσεται.

345 1643 494 1723 ἳῖρέθῐζ.
531 1646 703 1689 Epitomen
733 1644 878 1678 servavit
907 1655 1005 1677 anon.
1035 1643 1105 1677 cod.
1130 1642 1233 1676 Bodl.
1259 1642 1348 1676 3399
1369 1643 1437 1685 sol.
1463 1643 1517 1684 58,
1549 1654 1646 1686 quam
1676 1642 1726 1676 ed.
1754 1638 1940 1675 Zachariae
1972 1641 2085 1675 anecd.
2108 1641 2174 1676 263
2205 1641 2280 1675 adn.
2306 1641 2350 1675 46
2374 1647 2406 1675 et
2434 1641 2483 1674 ed.

257 1701 328 1722 nov.
484 1714 492 1722 .

391 1831 416 1867 2
465 1829 616 1867 Omnino
643 1832 763 1865 autem
794 1839 917 1864 omnes
945 1831 1044 1865 vetat
1075 1828 1282 1864 constitutio
1314 1827 1358 1863 ob
1388 1828 1598 1864 occasiones
1626 1828 1793 1874 privatas
1819 1827 1991 1863 militibus
2014 1829 2068 1863 uti
2090 1831 2155 1864 aut
2177 1828 2290 1864 ullum
2313 1829 2483 1875 cuiquam

257 1886 325 1921 per
351 1885 414 1911 eos
444 1874 566 1911 dolum
593 1884 753 1921 parare;
785 1873 979 1910 scientibus
1009 1873 1072 1919 qui
1099 1873 1170 1908 tale
1193 1871 1336 1925 aliquid
1355 1872 1482 1917 facere
1503 1877 1683 1908 conantur
1702 1882 1741 1907 se
1764 1873 1871 1907 etiam
1896 1872 1995 1907 omni
2018 1872 2159 1908 actione
2183 1883 2292 1918 quam
2313 1874 2397 1919 fere
2420 1873 2483 1910 lex

258 1921 283 1957 3
327 1920 379 1957 eis
401 1919 515 1956 dabat
536 1923 665 1955 contra
688 1918 867 1954 debitores
916 1918 1071 1954 rivatum
1093 1917 1144 1952 iri
1166 1917 1210 1954 ob
1235 1927 1352 1963 ipsum
1374 1917 1491 1952 solum
1515 1920 1695 1953 conatum.
1742 1915 1878 1953 Milites
1908 1921 2026 1952 autem
2050 1916 2100 1952 ad
2117 1917 2344 1954 exactionem
2360 1918 2483 1966 publi-

258 1975 383 2001 corum
406 1964 593 2011 delegatos
623 1963 721 1999 iubet
749 1966 878 2010 spor-tu
895 1963 926 1998 is
955 1962 1176 2010 accipiendis
1207 1962 1353 1998 omnino
1385 1961 1566 1997 abstinere
1593 1972 1637 1997 ac
1668 1960 1762 1996 nihil
1789 1961 1934 2012 omnino
1958 1972 1981 1996 a
2005 1971 2187 2013 quoquam
2210 1963 2387 2014 accipere,
2419 1963 2484 1999 sed

257 2010 284 2046 4
323 2009 491 2056 propriis
521 2011 707 2044 contentos
737 2018 815 2043 esse
843 2007 1011 2044 annonis.
1064 2006 1204 2042 Eorum
1236 2009 1354 2041 autem
1385 2016 1480 2051 quae
1510 2005 1609 2041 dicta
1639 2009 1723 2041 sunt
1754 2016 1910 2041 omnium
1942 2005 2143 2042 custodiam
2174 2010 2210 2042 et
2238 2008 2418 2054 episcopis
2448 2012 2483 2044 et

258 2053 531 2101 maqistratibus
553 2052 716 2088 locorum
740 2051 938 2087 committit.

391 2098 416 2134 ὅ
462 2097 659 2133 Praeterea
689 2099 785 2132 vetat
822 2096 1061 2141 maqistratus
1091 2098 1126 2130 et
1156 2098 1295 2130 ceteros
1327 2104 1449 2130 omnes
1480 2093 1622 2128 domum
1652 2094 1865 2175 cuiusguam
1897 2094 2081 2131 destruere
2111 2095 2185 2130 nisi
2202 2098 2411 2142 propterea,
2443 2100 2485 2133 ut

258 2153 338 2179 cum
362 2142 489 2179 domus
511 2141 655 2177 domino
677 2141 888 2183 renovet(?)‚
913 2140 966 2175 ita
990 2143 1108 2176 tamen
1131 2142 1173 2175 ut
1195 2149 1287 2175 novo
1309 2149 1418 2185 opere
1441 2138 1536 2174 alius
1558 2149 1631 2174 non
1648 2139 1745 2185 offen
1772 2143 1855 2175 atur
1862 2152 1878 2182 ,·
1900 2139 1934 2176 ei
1948 2140 2012 2186 qui
2026 2138 2095 2175 hoc
2109 2139 2203 2186 fecit
2217 2139 2344 2176 damni
2356 2140 2485 2176 domus

258 2188 402 2224 domino
431 2187 527 2222 illati
544 2196 620 2238 per
648 2185 799 2233 duplum
829 2184 1093 2221 restitutionem
1122 2187 1159 2220 et
1184 2194 1343 2231 poenam
1370 2183 1489 2220 decem
1521 2183 1696 2219 librarum
1727 2185 1811 2220 auri
1841 2184 2030 2232 imponens
2052 2188 2089 2221 et
2111 2185 2343 2232 imperatoris
2365 2186 2485 2228 iram;

258 2233 315 2269 his
338 2230 570 2270 observandis
590 2235 625 2268 et
648 2242 672 2268 a
694 2229 968 2277 maqistratibus
990 2233 1027 2267 et
1049 2229 1094 2266 ab
1117 2229 1166 2265 iis
1188 2229 1252 2275 qui
1274 2228 1422 2276 publica
1446 2232 1618 2265 tractant.
1664 2228 1812 2277 Scripta
1836 2233 1891 2267 est
1912 2254 1923 2266 .
1936 2256 1946 2266 .
1960 2255 1972 2266 .

1148 2484 1250 2536 DE
1292 2417 1598 2537 M2TAXA.

395 2564 547 2613 Oportet
568 2568 750 2604 mataxam
773 2563 1064 2602 commerciarios
1087 2575 1110 2601 a
1134 2564 1299 2600 barbaris
1322 2575 1437 2600 emere
1459 2564 1662 2611 quindecim
1681 2564 1811 2601 solidis
1835 2565 1964 2602 libram
1989 2568 2024 2602 et
2047 2576 2178 2602 rursus
2196 2566 2348 2604 vendere
2371 2569 2482 2603 meta-

258 2611 379 2647 oeariis
407 2615 471 2647 aut
501 2612 629 2647 ceteris
658 2621 733 2646 non
761 2610 881 2665 pluris
910 2620 1044 2656 puram
1074 2609 1154 2646 sine
1183 2607 1410 2656 sphecomate
1441 2613 1505 2645 aut
1535 2610 1611 2646 alia
1641 2610 1843 2663 appendice
1873 2615 1939 2647 aut
1968 2611 2144 2648 sordibus.
2197 2611 2239 2648 Si
2261 2611 2343 2658 quis
2361 2613 2482 2647 autem

260 2657 323 2702 qui
353 2667 428 2692 non
451 2660 506 2692 est
527 2656 817 2692 commerciarius
840 2666 864 2690 a
887 2654 1054 2691 barbaris
1076 2658 1173 2690 emat
1196 2652 1284 2700 quid
1303 2658 1558 2700 metaxamque
1579 2654 1664 2691 inde
1685 2659 1869 2702 importet,
1886 2659 2012 2702 potest
2034 2667 2114 2692 eam
2136 2657 2287 2703 auferre
2309 2666 2480 2692 commer-

260 2701 394 2736 ciarius
417 2704 452 2736 et
473 2705 612 2747 emptor
636 2701 739 2737 bonis
761 2700 940 2746 ademptis
962 2700 1001 2734 in
1018 2710 1070 2752 pe
1117 2703 1238 2736 etuum
1261 2698 1473 2745 expellitur.
1512 2698 1580 2735 Sin
1603 2703 1725 2736 autem
1740 2701 2032 2737 commerciarius
2046 2704 2111 2737 aut
2127 2702 2353 2738 metant-arius
2366 2711 2482 2747 supra

259 2746 391 2781 dictam
439 2746 653 2782 uantitatem
676 2745 808 2781 vendat
830 2747 978 2787 ematve,
1002 2745 1083 2780 simi
1098 2745 1167 2780 iter
1189 2742 1404 2780 vindicatur.

423 2794 547 2836 portet
576 2794 695 2826 autem
728 2789 854 2826 talium
877 2790 1124 2836 neqotiatores
1146 2788 1256 2825 vades
1278 2787 1369 2824 dare
1385 2788 1649 2835 praefecturae
1672 2789 1781 2832 urbis,
1804 2800 1844 2826 se
1865 2800 1940 2825 non
1963 2790 2056 2825 clam
2078 2789 2144 2826 sed
2162 2790 2306 2835 publice
2328 2789 2483 2826 vendere

260 2835 380 2870 omnia
439 2845 647 2881 uaecumque
674 2835 833 2871 vendunt
840 2847 856 2876 ;
878 2834 1092 2914 funiuntur
1120 2834 1224 2870 enim.
1339 2837 1433 2869 ortet
1461 2838 1580 2870 autem
1605 2833 1800 2870 secundum
1829 2833 1918 2870 haec
1944 2834 2026 2879 fisci
2055 2834 2260 2870 rationibus
2289 2833 2425 2879 inferri
2458 2845 2482 2869 a

260 2879 387 2916 comite
430 2880 650 2925 arqitionum
683 2880 799 2915 omnis
829 2879 876 2915 Ιιο
891 2879 1021 2915 oserici
1048 2879 1207 2925 pretium
1231 2888 1303 2924 quo
1352 2877 1396 2913 ab
1420 2888 1462 2913 eo
1483 2878 1572 2924 fisco
1597 2878 1716 2915 datur.
1764 2877 1917 2925 Emptor
1939 2883 2058 2915 autem
2082 2879 2147 2923 qui
2166 2889 2281 2926 supra
2304 2881 2480 2914 statutum

260 2923 349 2960 dare
377 2928 522 2960 coactus
552 2927 606 2960 est
635 2924 732 2961 litem
755 2923 910 2960 intendit
932 2923 1109 2960 venditori
1131 2927 1167 2960 et
1189 2922 1340 2970 duplum
1363 2924 1524 2969 reposcit
1529 2935 1544 2966 ;
1576 2927 1648 2960 tum
1668 2924 1761 2960 enim
1782 2923 1945 2960 venditor
1968 2934 2062 2970 quae
2079 2924 2177 2960 dicta
2199 2926 2285 2960 sunt
2299 2923 2478 2970 patietur.

309 3093 323 3125 1
350 3102 379 3125 π
401 3089 588 3135 οφεύσεσιν
612 3092 681 3125 cod.
697 3090 711 3133 ss
729 3092 750 3124 2
772 3087 955 3134 μεθοδιὰν
976 3089 1075 3134 cod-ss
1101 3091 1122 3123 3
1147 3085 1192 3132 ἣν
1215 3086 1263 3123 ἂν
1286 3085 1335 3124 οὖς
1402 3092 1456 3124 vel
1478 3089 1663 3138 ἐπάγουσα
1685 3092 1893 3134 ΗείηιόασῙιΙ
1919 3088 1943 3125 ά
1967 3089 2158 3126 ανάκτισιν
2181 3091 2253 3125 cod.
2269 3089 2283 3134 ΙΙ
2302 3092 2343 3125 12
2371 3092 2481 3125 eodem

261 3133 350 3169 εἰκὸς
402 3137 485 3176 ach]
509 3131 533 3177 ἢ
556 3132 757 3169 ἀνανεώσει
780 3145 839 3169 κος
858 3137 928 3169 cod.
955 3133 971 3179 ss
1003 3137 1024 3169 4
1047 3135 1139 3180 ἔγχει
1164 3137 1238 3168 ίσιν
1262 3136 1333 3168 cod.
1391 3138 1470 3180 fere
1495 3145 1632 3180 tempore
1653 3150 1715 3181 quo
1732 3149 1804 3172 nov.
1826 3138 1894 3172 CX
1900 3137 1934 3171 V
1963 3139 2072 3171 datam
2098 3148 2165 3170 esse
2179 3143 2274 3180 putat
2290 3134 2481 3170 Zachariae

260 3180 273 3224 [1
295 3182 315 3214 5
346 3177 602 3224 σπορτούλλων
632 3182 702 3214 eod.
737 3178 752 3225 ΙΙ
782 3181 802 3214 6
826 3175 1020 3224 σητῆσεσιν
1047 3181 1116 3213 cod.
1193 3181 1213 3213 9
1247 3179 1334 3213 locus
1399 3179 1413 3225 ss
1429 3183 1468 3215 16
1486 3180 1718 3226 σφικιόμα-τος
1731 3183 1832 3217 Bodl.
1849 3182 1862 3226 ΙΙ
1880 3183 1923 3216 22
1940 3195 1982 3215 an
1998 3181 2133 3215 ἐπείτοι
2157 3182 2198 3214 a?
2215 3180 2229 3224 ΙΙ
2246 3181 2288 3215 23
2305 3176 2480 3225 ὁλοσηρή-

262 3233 429 3268 corruptus
437 3236 452 3265 ;
473 3221 722 3268 ἀγανακτῆσαι
747 3222 849 3258 ΖαοῘι.
875 3225 916 3260 cl.
939 3219 1214 3267 ‘Euantiophane’
1241 3226 1274 3258 in
1296 3224 1334 3258 B
1401 3237 1464 3258 κου
1480 3226 1583 3260 Bodl.
1603 3224 1882 3272 Ηλαργητιόνων
1898 3227 2000 3261 Bodl.
2018 3226 2031 3270 ss
2049 3228 2091 3260 25
2138 3233 2208 3260 nter
2232 3237 2334 3260 annos
2359 3227 2424 3259 540
2451 3232 2482 3258 et

2501 452 2520 484 5

2504 676 2544 709 10

2506 1101 2546 1135 15

2505 1326 2548 1358 20

2506 1547 2548 1580 25

261 3269 286 3302 I
297 3270 363 3303 812
381 3269 447 3303 Hb.
474 3265 708 3314 ἆνερευνῆσαι
733 3269 883 3304 Skutsch.
932 3270 1045 3303 Possis
1067 3268 1117 3313 <ei
1138 3267 1210 3312 μὴ)
1222 3279 1332 3313 nymp-
1403 3272 1466 3304 547
1490 3272 1588 3314 leyem
1614 3284 1634 3305 a
1649 3272 1832 3306 Iustiniana
1856 3272 1955 3305 latam
1972 3283 2039 3305 esse
2052 3273 2172 3314 probat
2189 3268 2374 3305 Zachariae
2389 3274 2480 3303 mem.
2538 3270 2540 3273 ’

262 3312 325 3345 τοῦ
349 3308 555 3347 ἆνανεῶσαι
577 3312 668 3354 μετὰ
682 3325 712 3347 τ.
727 3310 758 3346 δ.
776 3313 996 3390 ΙΙῖενομενης
1010 3311 1125 3354 ΖασΙι.]
1141 3315 1333 3367 γενομένου
1402 3316 1442 3349 de
1474 3316 1599 3350 l’acad.
1624 3317 1663 3351 de
1687 3317 1736 3351 St.
1761 3316 1978 3362 Pe'tersbourq
2000 3316 2074 3351 VII
2084 3316 2104 3350 9
2128 3315 2243 3359 (1865)
2266 3327 2298 3349 n.
2315 3315 2346 3349 6.

265 3358 334 3391 cod.
373 3358 423 3400 Cf.
442 3370 512 3392 nov.
531 3358 668 3392 CLXV
688 3360 702 3401 11
728 3361 766 3393 11
814 3358 1005 3393 πιτιθεισα
1028 3359 1187 3403 supplevi,
1209 3358 1334 3403 επαγει
