2586 3990
172 172 232 202 nn
262 171 517 206 nnnnnfflns
545 172 604 203 AB
631 172 880 205 INTESTATO
1251 155 1336 204 567
1943 159 2052 203 Nov.
2083 157 2261 202 CXVIII
2289 170 2350 214 pr.
2369 160 2403 199 .1

678 300 750 342 1⁸³OE
1683 303 1844 341 CXVIII.
1869 303 1980 340 Auth.
1995 303 2124 340 CXIII.
2147 304 2236 341 coll.
2247 304 2299 340 IX
2315 304 2370 341 tit.
2387 306 2404 341 1

295 374 650 438 ,ΔΙΑΤΑΞΙΣ
688 375 1124 429 ΑΝΑΙΡΟῩΣΑ
1554 360 1735 424 R'DE
1770 373 2166 424 HEREDIBUS

170 441 268 494 TA
306 443 768 498 ADGNATIKA
811 443 1073 497 AIKAIA
1113 438 1253 495 ΚΑΙ
1321 443 1410 492 ΑΒ
1454 440 1862 493 INTESTATO
1898 439 2404 492 VENIENTIBUS

169 508 515 563 ΤΥΠΟΥΣΑ
539 509 1256 631 ΙΊξῇξέΙὲΔΙΑΘΕΤΟΥ,
1288 512 1412 622 5ΕΤ
1448 512 1543 560 DE
1578 507 2014 627 Aenffiffing
2055 510 2222 560 luen
2259 508 2406 560 SUB-

202 653 240 689 Ὁ
263 651 372 690 αὐτὸς
394 655 561 701 βασιλεὺς
585 661 714 705 Πέτρῳ
737 659 790 702 τῷ
816 655 1044 700 ἐνδοξοτάτῳ
1070 657 1216 702 ἐπάρχῳ
1642 654 1740 691 Idem
1771 656 1861 700 Aug.
1893 654 2000 690 Petro
2031 665 2093 700 pp.

393 703 471 737 τῶν
496 702 603 749 ἱερῶν
625 705 689 747 τῆς
711 704 761 737 ἕω
785 706 1032 748 πραιτωρίων.
2040 708 2045 712 ’

224 768 531 813 (Προοίμιον.)
576 769 736 806 Πολλοὺς
758 773 819 804 καὶ
843 767 1036 816 διαφόρους
1059 765 1190 814 νόμους
1213 770 1254 803 ἐν
1378 768 1669 815 (Praefatio.)
1719 767 1897 803 Plurimus
1921 770 1959 803 et
1981 766 2140 803 diversas
2163 767 2258 812 leges
2278 766 2405 802 veteri-

168 815 240 846 τοῖς
257 812 505 860 παλαιοτέροις
523 816 665 861 χρόνοις
682 817 1001 861 ἐκπεφωνημένους
1021 810 1253 859 εὑρίσκοντες,
1322 815 1389 849 bus
1413 816 1484 850 tem
1513 814 1636 850 oribus
1663 813 1825 859 prolatas
1855 812 2086 855 invenientes,
2118 822 2182 858 per
2214 821 2302 857 quas
2332 821 2406 847 non

170 854 223 890 δι)
250 857 304 893 ὠν
328 855 369 893 οὐ
395 858 542 895 δικαίως
566 860 722 907 διαφορὰ
753 862 815 903 τῆς
846 860 884 901 ἐξ
908 858 1108 894 ἀδιαθέτου
1132 857 1252 894 διαδο-
1268 860 1416 895 10iuste
1436 859 1470 894 di
1497 859 1633 895 erentia
1652 859 1698 894 ab
1714 859 1883 894 intestato
1903 857 2141 894 successionis
2159 857 2255 893 inter
2274 867 2406 901 cogna-

168 904 230 945 χῆς
245 904 380 947 μεταξὺ
400 907 478 940 τῶν
494 907 678 953 συγγενῶν
702 906 741 946 ἐξ
763 904 928 951 ἀρρένων
951 918 990 940 τε
1011 908 1071 939 καὶ
1091 904 1254 948 θηλειῶν
1323 907 1380 940 tos
1410 915 1454 940 ex
1484 904 1653 941 masculis
1678 905 1714 939 et
1736 903 1877 939 feminis
1905 902 2112 939 introducta
2134 907 2208 947 est,
2241 911 2405 938 necessa-

170 948 422 993 εἰςενήνεκται,
447 949 647 998 ἀναγκαῖον
670 952 763 986 εἶναι
784 949 994 994 συνείδομεν
1019 949 1138 985 πάσας
1162 948 1253 995 ὁμοῦ
1322 950 1414 985 rium
1452 960 1530 986 esse
1566 949 1812 996 perspeximus
1847 959 1970 984 omnes
2008 947 2114 984 simul
2151 948 2197 983 ab
2234 948 2406 983 intestato

169 993 233 1027 τὰς
265 994 304 1034 ἐξ
335 991 535 1030 ἄὸιαθέτου
565 998 629 1040 τῆς
661 1000 863 1043 συγγενείας
895 994 1063 1038 διαδοχὰς
1097 993 1157 1030 διὰ
1188 995 1252 1030 τοῦ
1324 995 1575 1038 cognationum
1592 994 1838 1030 successiones
1859 1004 1924 1039 per
1939 997 2166 1039 praesentem
2182 993 2292 1038 legem
2309 993 2407 1028 clara.

170 1038 350 1083 παρόντος
373 1039 485 1085 νόμου
510 1045 619 1088 σαφεῖ
646 1045 707 1075 καὶ
731 1039 901 1085 συντόμῳ
931 1039 1101 1086 διαιρέσει
1133 1038 1253 1075 διατυ-
1324 1040 1648 1086 compendiosaque
1671 1040 1842 1076 divisione
1863 1039 2062 1084 disponere,
2086 1039 2206 1084 Itaque
2226 1038 2406 1084 prioribus

170 1084 309 1125 παῖσαι,
335 1082 423 1120 dign
446 1088 524 1121 τῶν
547 1089 736 1132 προτέρων
759 1084 887 1131 νόμων
914 1088 992 1121 τῶν
1016 1084 1107 1131 ὑπὲρ
1122 1084 1254 1127 ταύτης
1271 1087 1309 1119 15
1323 1085 1460 1129 legibus
1491 1096 1557 1130 pro
1590 1087 1659 1121 hac
1684 1095 1794 1120 causa
1823 1085 1948 1130 positis
1974 1084 2185 1120 vacantibus
2218 1084 2261 1120 de
2286 1086 2406 1119 cetero

169 1130 231 1171 τῆς
259 1130 375 1164 αἰτίας
405 1132 631 1176 τεθειμένων
661 1130 875 1178 ἀργούντων
898 1133 963 1165 τοῦ
987 1130 1114 1166 λοιποῦ
1139 1131 1255 1165 ταῦτα
1325 1140 1368 1165 ea
1391 1130 1470 1166 sola
1493 1131 1627 1166 servari
1650 1141 1742 1176 quae
1766 1141 1863 1166 nunc
1889 1130 2150 1165 constItuimus.
2188 1129 2278 1174 Quia
2298 1128 2408 1174 igitur

168 1174 263 1218 μόνα
278 1176 630 1222 παραφυλάττεσθαι
642 1174 734 1222 ἅπερ
747 1178 815 1212 νῦν
828 1176 1083 1221 διατυποῦμεν.
1108 1173 1252 1219 Ἐπειδὴ
1322 1175 1435 1211 omnis
1456 1176 1595 1220 generis
1620 1176 1666 1211 ab
1683 1176 1852 1211 intestato
1878 1175 2058 1211 successio
2082 1175 2198 1210 tribus
2221 1173 2406 1219 cognosci·

169 1223 293 1254 τοίνυν
317 1223 419 1255 πᾰσα
439 1220 461 1265 ἡ
478 1224 543 1256 τοῦ
558 1226 678 1269 γένους
703 1223 742 1263 ἐξ
761 1220 962 1257 ἀδιαθέτου
986 1220 1133 1265 διαδοχὴ
1157 1224 1254 1267 τρισὶ
1322 1223 1382 1256 tur
1413 1221 1602 1264 gradibus,
1635 1221 1704 1256 hoc
1736 1225 1791 1256 est
1822 1221 2090 1256 ascendentium
2124 1222 2160 1255 et
2189 1219 2406 1255 descenden-

168 1267 384 1311 γνωρίζεται
405 1265 545 1311 τάξεσι,
570 1271 734 1302 τουτέστι
758 1269 802 1314 τῇ
827 1281 865 1302 τε
889 1269 966 1302 τῶν
984 1265 1171 1301 ἀνιόντων
1193 1269 1254 1300 καὶ
1321 1266 1410 1301 tium
1434 1269 1471 1301 et
1494 1276 1537 1300 ex
1561 1266 1688 1308 latere,
1722 1276 1813 1311 quae
1843 1266 1881 1300 in
1904 1269 2055 1310 agnatos
2088 1268 2330 1310 cognatosque
2354 1264 2406 1299 di-

169 1311 213 1356 τῇ
237 1312 315 1345 τῶν
339 1311 546 1348 κατιόντων
575 1317 635 1347 καὶ
659 1315 704 1360 τῇ
727 1314 806 1347 τῶν
838 1315 876 1346 ἐκ
906 1312 1074 1359 πλαγίου,
1105 1308 1183 1356 ἥτις
1206 1312 1254 1346 εἰς
1266 1312 1309 1345 20
1322 1311 1465 1354 viditur‚
1490 1311 1639 1357 primam
1664 1321 1743 1348 esse
1764 1311 1986 1356 disponimus
2011 1310 2301 1347 descendentium
2325 1320 2406 1346 suc-

170 1356 360 1399 adgnatovs
375 1361 435 1391 καὶ
453 1362 641 1403 cognatave
658 1357 865 1403 διαιρεῖται,
891 1359 1042 1403 πρωτην
1064 1358 1157 1392 εἶναι
1177 1355 1253 1392 δια·
1322 1356 1527 1393 sessionem.

169 1402 353 1446 τυποῦμεν
376 1402 445 1446 τὴν
467 1406 545 1439 τῶν
569 1405 775 1438 κατιόντων
799 1401 980 1447 διαδοχήν.

1171 1515 1331 1551 CAPUT
1355 1515 1383 1551 Ι.

227 1582 280 1616 Εἴ
297 1594 351 1617 τις
373 1586 497 1617 τοίνυν
520 1585 597 1617 τῶν
622 1581 830 1618 κατιόντων
853 1579 958 1625 ὑπείη
984 1583 1037 1626 τῷ
1064 1579 1254 1627 ἀδιαθέτῳ
1392 1582 1432 1618 Si
1463 1582 1542 1627 quis
1571 1581 1680 1626 igitur
1703 1580 1993 1617 descendentium
2025 1580 2136 1617 fuerit
2167 1581 2199 1616 ei
2228 1580 2290 1626 qui
2316 1581 2407 1616 inte-

169 1626 424 1671 τελευτήσαντι
455 1626 668 1671 οἱαςδήποτε
700 1627 841 1674 φύσεως
872 1626 895 1672 ἢ
925 1629 1089 1673 βαθμοῦ,
1121 1628 1193 1662 εἴτε
1216 1629 1255 1668 ἐξ
1325 1630 1441 1663 status
1465 1627 1617 1663 morItur
1640 1626 1832 1662 cuiuslibet
1855 1629 2006 1662 naturae
2029 1630 2092 1661 aut
2107 1626 2248 1671 gradus,
2274 1627 2347 1662 sive
2364 1636 2409 1662 ex

170 1669 423 1719 ἇρρενογονίας
445 1673 517 1707 εἴτε
533 1675 572 1707 ἐκ
588 1672 807 1720 θηλυγονίας
830 1674 1083 1720 καταγόμενος,
1107 1677 1168 1708 καὶ
1183 1674 1255 1708 εἴτε
1269 1675 1310 1708 25
1324 1673 1566 1708 masculorum
1596 1681 1726 1717 genere
1762 1672 1836 1707 sive
1867 1682 1910 1707 ex
1934 1672 2145 1708 feminarum
2177 1671 2409 1715 descendens,

171 1717 398 1759 αὖτεξούσιος
419 1719 490 1752 εἴτε
513 1716 722 1759 ὑπεξούσιος
746 1720 816 1762 εἴη,
848 1718 1004 1754 πάντων
1031 1720 1109 1753 τῶν
1133 1716 1254 1753 ἀνιόν-
1325 1722 1361 1754 et
1384 1718 1457 1754 sive
1481 1727 1568 1753 suae
1591 1717 1780 1762 potestatis
1805 1717 1878 1752 sive
1903 1717 1969 1752 sub
1993 1721 2171 1762 potestate
2195 1717 2260 1759 sit,
2295 1716 2407 1752 omni-

168 1776 247 1798 των
269 1767 330 1797 καὶ
349 1765 426 1798 τῶν
447 1765 484 1797 ἐκ
506 1763 658 1811 πλαγίου
677 1766 862 1810 συγγενῶν
887 1761 1145 1810 προξιμάσθω.
1185 1761 1255 1799 κᾶν
1324 1764 1391 1799 bus
1416 1762 1692 1799 ascendentibus
1718 1764 1754 1798 et
1774 1773 1819 1798 ex
1838 1762 1950 1798 latere
1970 1762 2131 1807 cognatis
2152 1764 2406 1808 praeponatur.

111 1833 114 1835 -
168 1808 236 1854 γὰρ
266 1807 286 1842 o‘
320 1806 531 1852 τελευτήσας
562 1811 682 1853 ἑτέρου
717 1808 926 1850 ὑπεξούσιος
958 1811 1013 1852 ἦν,
1046 1805 1145 1854 ὅμως
1175 1810 1256 1844 τοὺς
1325 1809 1428 1844 Licet
1459 1809 1554 1844 enim
1586 1808 1774 1843 defunctus
1807 1807 1874 1843 sub
1906 1808 2053 1843 alterius
2082 1809 2262 1852 potestate
2289 1806 2408 1850 fuerit,

171 1850 281 1888 αὐτοῦ
307 1853 448 1895 παῖδας,
481 1852 694 1898 οἱαςδήποτε
719 1852 767 1889 ἂν
788 1849 857 1889 ὦσι
882 1854 1022 1900 φύσεως
1045 1851 1068 1898 ἢ
1091 1855 1255 1899 βαθμοῦ,
1324 1858 1443 1890 tamen
1474 1855 1550 1889 eius
1582 1853 1694 1894 filios,
1730 1853 1921 1888 cuiuslibet
1945 1863 2052 1889 sexus
2077 1853 2147 1888 sint
2178 1854 2243 1889 aut
2264 1852 2408 1898 gradus,

169 1901 230 1932 καὶ
261 1897 385 1934 αὐτῶν
415 1900 493 1934 τῶν
522 1903 661 1947 γονέων
692 1901 948 1945 προτιμᾶσθαι
979 1898 1167 1944 κελεύομεν
1198 1892 1252 1934 ὦν
1267 1902 1309 1935 30
1324 1899 1430 1935 etiam
1449 1899 1538 1945 ipsis
1555 1898 1765 1943 parentibus
1786 1898 1961 1944 praeponi
1979 1898 2234 1944 praecipimus,
2258 1908 2408 1943 quorum

239 1989 323 2023 Νου.
342 1990 506 2024 CXVIII
525 1991 688 2033 (Anthent.
707 1992 835 2026 CXIII
842 2009 887 2021 ---
904 1991 982 2025 Coll.
995 1992 1058 2025 IX
1070 1993 1116 2025 tit.
1133 1994 1165 2026 1:
1189 1991 1302 2035 qlosS.)
1330 1986 1455 2024 Graece
1479 1998 1566 2024 extat
1590 1991 1623 2024 in
1647 1991 1736 2031 ML,
1760 2003 1813 2034 pr.
1831 1997 1909 2024 extr.
1934 1990 1990 2032 (17
2010 1985 2157 2033 Ἐπειδὴ
2181 1990 2284 2024 πᾶσα
2298 2013 2394 2023 .....
2398 1990 2410 2031 )

172 2042 202 2068 et
225 2036 355 2069 c.1—4
379 2036 411 2068 in
436 2036 472 2068 B
490 2037 543 2076 45,
557 2044 615 2077 3,8
640 2038 703 2079 (Βε
731 2039 767 2069 K
790 2038 843 2078 16,
856 2044 891 2070 39
914 2049 949 2079 p.
966 2038 1033 2070 426
1057 2037 1192 2078 Zach.);
1225 2049 1250 2070 e.
1273 2038 1292 2069 5
1307 2037 1380 2078 suit
1404 2036 1439 2069 B
1457 2035 1512 2078 37,
1528 2043 1613 2076 4,1o.
1637 2054 1684 2061 —
1706 2036 1799 2079 Epit.
1826 2036 1946 2069 Theou.
1975 2037 2039 2070 118
2064 2036 2151 2077 (inde
2175 2034 2250 2076 ΒΣ,
2273 2035 2410 2068 Ρνοοὴί-

172 2093 229 2113 ron
256 2081 310 2120 30,
327 2087 354 2113 2.
374 2087 400 2114 6.
420 2088 516 2114 8-10.
542 2082 598 2124 36,
616 2090 644 2123 8,
674 2082 880 2125 Epanayoqe
906 2082 958 2122 33,
977 2089 1019 2116 14.
1038 2089 1079 2115 16.
1097 2088 1211 2116 19-21.
1235 2082 1290 2122 38,
1310 2083 1362 2122 11),
1391 2081 1514 2114 ΑιΙιαη.
1535 2083 1566 2122 9,
1584 2088 1629 2122 10,
1660 2082 1847 2125 Anonymus
1870 2081 2076 2115 Bodleianus
2110 2081 2200 2124 apud
2222 2080 2410 2114 Zachariae

170 2121 360 2158 Ἀνέκδοτα
385 2127 450 2159 208
463 2138 510 2169 sq.
558 2127 679 2160 Iulian.
706 2135 802 2160 const.
832 2127 927 2160 C'IX.

241 2184 267 2203 c.
281 2171 303 2203 I
320 2170 371 2203 Εἴ
391 2180 444 2203 τις
466 2171 544 2204 τῶν
566 2169 774 2205 κατιόντων
796 2190 838 2195 —
864 2173 937 2211 568,
953 2179 969 2204 6
995 2166 1224 2216 φυλάττομεν
1245 2183 1284 2204 ex
1306 2171 1343 2204 B
1368 2171 1465 2204 habet
1481 2170 1657 2204 Tractatus
1682 2171 1721 2203 de
1742 2172 1880 2214 peculiis
1900 2172 1923 2205 4
1947 2183 2000 2213 ap.
2015 2170 2195 2204 Heimbaclz
2217 2165 2410 2204 Ἀνέοιδοτα

170 2215 216 2293 ,IAI
237 2217 317 2293 25δ1ς
353 2217 517 2294 αὲἰὶίξηιαν
544 2230 684 2251 summae
716 2230 754 2250 ex
781 2218 950 2261 Symbatio
982 2224 1011 2249 et
1043 2217 1213 2250 Theodoro
1244 2223 1423 2259 ezcerptae.
1473 2216 1633 2259 Anonymi
1655 2216 1840 2250 Bodleiani
1867 2228 2019 2250 summam
2047 2222 2199 2259 praestat
2221 2215 2409 2250 Zachariae

209 2273 268 2294 νεκ
295 2286 301 2292 .
323 2274 358 2304 p.
443 2285 449 2292 .

1203 2380 1381 2418 CXVIII.

242 2449 695 2500 CONSTITUTJO
734 2449 919 2510 QUAE
944 2449 1116 2500 JURA
1153 2448 1637 2500 ADGNATORIJM
1672 2448 1932 2500 TOLLIT
1959 2448 2053 2500 ET
2081 2448 2345 2502 SUCCES-

713 2516 970 2569 SIONES
1001 2517 1099 2568 AB
1136 2516 1523 2568 INTESTATO
1557 2515 1870 2569 DEFINJT.

491 2594 592 2631 Idem
615 2595 802 2642 Auqustus
826 2596 936 2631 Petro
961 2595 1221 2642 qloriosissimo
1242 2596 1435 2642 praefecto
1458 2606 1566 2631 sacro
1589 2606 1663 2643 per
1689 2594 1868 2632 Orientem
1886 2597 2091 2642 praetorio.

310 2663 578 2709 Praefatio,
628 2662 713 2699 Cum
737 2663 868 2699 multas
891 2667 926 2699 et
949 2663 1111 2700 diversas
1133 2663 1231 2710 leqes
1254 2662 1521 2710 antiquioribus
1553 2663 1773 2710 temporibus
1795 2663 2054 2711 promulqatas
2077 2664 2311 2707 inveniamus,
2340 2675 2410 2712 per

175 2720 268 2757 quas
291 2721 364 2745 non
388 2709 482 2744 iuste
505 2708 751 2754 discrepantia
774 2709 1010 2744 successionis
1041 2709 1086 2744 ab
1117 2708 1286 2744 intestato
1317 2709 1412 2756 inter
1443 2712 1618 2754 coenatos
1648 2719 1697 2744 ex
1728 2708 1899 2744 masculis
1921 2714 1956 2745 et
1976 2709 2126 2755 feminis
2156 2709 2411 2746 descendentes

175 2755 383 2791 introducta
406 2758 471 2796 est,
504 2754 745 2790 necessarium
769 2764 845 2790 esse
869 2754 1113 2790 intelleximus
1144 2764 1268 2790 omnes
1289 2753 1398 2789 simut
1426 2753 1656 2800 coqnalionis
1686 2754 1732 2790 ab
1755 2754 1925 2790 intestato
1948 2755 2193 2791 successiones
2213 2765 2283 2804 per
2302 2766 2408 2802 prae-

175 2805 309 2836 sentem
330 2800 443 2846 leqem
464 2798 566 2834 clara
584 2802 619 2834 et
635 2799 906 2844 compendiaria
930 2799 1160 2835 distinctione
1177 2799 1339 2844 definire,
1363 2802 1405 2834 ut
1426 2798 1649 2834 cessantibus
1697 2798 1856 2834 rioribus
1875 2798 2012 2851 leqibus
2035 2811 2129 2846 quae
2147 2800 2217 2835 hac
2237 2800 2282 2835 de
2298 2810 2410 2836 causa

175 2846 273 2882 latae
299 2850 385 2880 sunt
414 2845 453 2879 in
476 2848 665 2890 posterum
700 2855 744 2879 ea
778 2844 859 2879 sola
891 2844 1121 2880 observentur
1157 2855 1251 2890 quae
1284 2855 1380 2879 stunc
1411 2843 1609 2889 definimus.
1690 2844 1834 2880 uoniam
1865 2844 1981 2890 iqztur
2013 2845 2128 2880 omnis
2161 2845 2206 2881 ab
2237 2847 2408 2882 intestato

175 2891 319 2937 qeneris
342 2890 521 2925 successio
554 2889 667 2924 tribus
692 2888 880 2924 ordinibus
904 2889 1171 2931 internoscitur,
1201 2889 1241 2924 id
1262 2893 1315 2925 est
1347 2892 1383 2925 et
1402 2887 1668 2924 ascendentium
1699 2893 1735 2924 et
1758 2888 2046 2925 descendentium
2077 2893 2112 2926 et
2143 2900 2192 2926 ex
2217 2890 2330 2926 latere
2354 2901 2408 2927 ve·

176 2935 367 2977 nientium,
417 2935 457 2969 ui
478 2935 513 2969 in
540 2934 723 2979 adonatos
746 2938 781 2969 et
804 2938 981 2980 coquatos
1004 2933 1188 2977 dividitur,
1203 2935 1365 2981 primam
1389 2944 1466 2969 esse
1489 2933 1737 2969 constituimus
1759 2933 2046 2970 descendentium
2069 2935 2339 2971 successionem.

311 2980 340 3014 Ι.
418 2979 430 3013 i
454 2979 535 3024 quis
558 2979 672 3024 iqitur
694 2978 982 3015 descendentium
1011 2979 1170 3025 supersit
1200 2979 1233 3015 ei
1263 2980 1329 3025 qui
1354 2979 1545 3014 intestatus
1572 2977 1721 3014 decessit
1752 2979 2007 3025 cuiuscumque
2029 2989 2142 3015 sexus
2171 2983 2236 3015 aut
2256 2980 2408 3026 aradus,

176 3025 250 3060 sive
273 3035 322 3060 ex
346 3023 546 3058 masculina
567 3023 743 3069 proqenie
772 3024 846 3059 sive
869 3035 919 3060 ecc
940 3024 1119 3069 feminina
1139 3024 1344 3071 profectus,
1376 3027 1410 3059 et
1433 3023 1507 3059 sive
1529 3023 1589 3058 sui
1610 3023 1702 3059 iuris
1733 3023 1807 3059 sive
1830 3023 1868 3058 in
1885 3027 2069 3070 potestate
2091 3024 2158 3067 sit,
2189 3024 2222 3059 is
2245 3024 2409 3060 omnibus

178 3068 450 3104 ascendentibus
473 3071 508 3103 et
530 3078 580 3104 ex
605 3067 718 3103 latere
738 3069 904 3114 coqnalis
921 3073 1188 3116 praeponatur.
1235 3069 1338 3105 Licet
1358 3069 1451 3104 enim
1475 3068 1539 3114 qui
1562 3067 1757 3113 defunctus
1779 3068 1890 3104 estin
1907 3067 2058 3103 alterius
2073 3072 2258 3121 potestate
2277 3069 2407 3115 fuerit,

180 3121 298 3150 tamen
321 3113 398 3149 eius
422 3112 566 3154 liberos,
598 3113 852 3159 cuiuscumque
882 3114 954 3149 sint
976 3124 1089 3150 sexus
1119 3117 1185 3150 aut
1205 3114 1353 3161 gradus,
1385 3113 1493 3149 etiam
1517 3112 1606 3159 ipsis
1624 3112 1848 3159 parentibus,
1879 3123 2034 3157 quorum
2065 3124 2102 3148 m
2119 3116 2305 3160 potestate
2327 3117 2409 3150 erat

225 3205 347 3237 2rub1·.
373 3205 462 3247 Περὶ
486 3199 651 3244 ἰσότητος
674 3203 866 3244 αςιιαῐικιῦν
890 3205 950 3236 καὶ
975 3204 1188 3246 cognatm&
1206 3201 1259 3238 ὃι-
1374 3204 1395 3238 2
1417 3203 1660 3237 hereditatibus
1685 3203 1742 3247 ΤΙΙ
1766 3206 1788 3238 4
1810 3204 1941 3237 sublato
1963 3203 2037 3237 iure
2059 3203 2112 3248 Vll
2131 3206 2151 3238 6
2175 3205 2259 3247 Imp.
2285 3214 2315 3237 a.
2342 3204 2375 3237 T
2391 3203 2404 3248 ΙΙ

179 3251 296 3282 καίων
322 3246 472 3291 Theod.ss
498 3246 670 3287 Διάταξις
694 3249 778 3290 ML,
804 3250 901 3281 index
924 3250 1014 3290 Am]
1036 3244 1079 3281 ‘H
1102 3246 1262 3290 διάταξις
1329 3251 1349 3284 9
1372 3248 1519 3291 prolatas
1542 3249 1574 3282 T
1582 3250 1681 3291 nuta]
1705 3249 1859 3291 probatas
1876 3249 1967 3292 RVl
1994 3251 2036 3283 10
2059 3248 2244 3282 differentie
2265 3249 2316 3283 Va
2330 3247 2344 3293 11
2361 3249 2404 3281 ad

179 3295 256 3327 Act.
282 3295 314 3326 in
341 3300 426 3326 textu
443 3297 456 3335 ss
480 3295 499 3326 3
523 3291 570 3325 τὰ
595 3306 653 3326 om.
670 3294 768 3327 index
782 3293 813 3326 L
831 3292 844 3336 ΙΙ
867 3289 1045 3327 ἀὸνατικὰ
1069 3290 1259 3340 (ἆγνατικὰ
1329 3296 1361 3328 R
1377 3294 1389 3339 ΙΙ
1409 3293 1605 3327 successoris
1627 3294 1660 3327 V
1675 3294 1896 3327 successiones
1909 3294 1956 3327 Β*
1994 3295 2034 3328 12
2046 3295 2282 3336 perspeximus]
2299 3291 2404 3327 corri-

181 3340 261 3381 ind.)
284 3339 361 3371 Atlz.
393 3336 578 3379 adgnatiuo‘c
601 3337 772 3378 (aonatixo't
798 3339 879 3381 ind.)
906 3340 967 3371 καὶ
991 3336 1171 3381 cognatimi
1195 3340 1227 3373 L
1250 3338 1262 3383 u
1328 3349 1404 3381 gere
1429 3340 1506 3372 add.
1522 3339 1555 3371 T
1578 3339 1634 3371 Set
1652 3338 1849 3372 feminarum
1875 3339 1950 3372 add.
2003 3337 2041 3383 ἸΙ
2060 3337 2152 3372 simil
2173 3339 2220 3372 R¹
2237 3339 2250 3382 ΙΙ
2269 3340 2309 3373 13
2329 3349 2403 3371 suc·-

181 3381 304 3418 δίκαια
327 3396 386 3416 om.
403 3383 478 3415 Am.
496 3384 529 3416 in
548 3390 632 3415 textu
649 3382 661 3426 ΙΙ
681 3385 698 3416 7
719 3380 810 3416 ἐώας
834 3384 865 3416 L
884 3383 896 3426 ΙΙ
917 3386 938 3418 9
963 3384 1263 3430 ἐκπεφωνημένας
1329 3384 1506 3417 cessionem
1534 3383 1581 3416 T¹
1607 3382 1619 3427 ΙΙ
1645 3394 1724 3425 prae
1744 3384 1796 3418 Va
1820 3383 1833 3427 ΙΙ
1863 3385 1904 3417 14
1929 3383 2159 3426 compendiosa
2181 3384 2250 3417 ΕΤ
2265 3383 2278 3428 ΙΙ
2304 3384 2404 3427 depo-

181 3430 233 3462 L⁸
251 3430 262 3468 ΙΙ
282 3430 321 3462 13
338 3427 399 3469 τῆς
415 3430 628 3473 συγγενείας]
654 3428 891 3469 cognationum
911 3440 930 3465 ς
950 3429 963 3473 ΙΙ
991 3431 1031 3463 19
1053 3441 1093 3463 τε
1115 3442 1173 3463 om.
1189 3430 1240 3463 ΒΓ
1251 3429 1263 3475 ΙΙ
1329 3440 1407 3462 nere
1432 3429 1482 3462 Τ1
1512 3438 1708 3471 componere
1731 3428 1765 3462 R
1782 3427 1795 3473 ΙΙ
1821 3430 1860 3462 15
1885 3428 2084 3461 uocantibus
2107 3429 2192 3462 R¹T
2199 3429 2207 3448 ¹
2225 3430 2237 3468 ΙΙ
2267 3430 2304 3462 16
2325 3439 2404 3461 con-

182 3475 224 3507 20
238 3473 282 3519 τῇ
296 3473 373 3507 τῶν
385 3474 424 3506 ἐκ
435 3471 587 3518 πλαγίου
598 3473 658 3514 Βε]
675 3473 719 3518 τῇ
737 3486 795 3506 om.
807 3473 935 3506 MLBr
946 3475 958 3516 ΙΙ
976 3469 1104 3516 ἥτις-
1117 3475 1155 3509 21
1171 3471 1262 3508 διαι-
1329 3473 1498 3507 stituimus
1521 3483 1612 3506 nunc
1634 3474 1668 3507 R
1696 3473 1709 3517 ΙΙ
1740 3476 1778 3508 17
1803 3483 1909 3515 genus
1932 3473 1981 3506 13¹
2009 3473 2022 3516 ΙΙ
2054 3475 2095 3508 18
2119 3474 2182 3506 hoc
2203 3475 2252 3506 est
2279 3472 2334 3515 (ab
2357 3473 2404 3506 ite

183 3519 298 3562 ρεῖται
314 3531 372 3553 om.
384 3518 420 3551 B
438 3518 450 3561 ΙΙ
468 3519 506 3552 21
526 3518 689 3559 adgn‘atus
704 3519 765 3551 καὶ
780 3520 961 3560 cognatave
978 3519 1023 3551 M
1040 3519 1187 3561 adgnata
1202 3522 1262 3553 καὶ
1329 3520 1392 3552 hoc
1417 3520 1467 3552 est
1484 3519 1552 3562 pr.)
1585 3518 1835 3551 ascendentium
1864 3518 2133 3552 descendentium
2158 3528 2195 3550 ex
2219 3517 2325 3552 latere
2352 3518 2405 3552 V²

183 3565 388 3605 naccognatn
411 3564 483 3605 (sic)
509 3564 540 3596 L
566 3563 578 3606 ΙΙ
602 3562 695 3596 εἶναι
718 3563 796 3596 τῶν
818 3561 1026 3597 κατιόντων
1048 3563 1117 3606 τὴν
1141 3562 1261 3598 διαδο-
1330 3566 1363 3598 in
1387 3577 1453 3598 ras.
1475 3565 1488 3597 1
1515 3576 1562 3596 vs.
1581 3561 1594 3607 ss
1619 3565 1659 3598 19
1682 3563 1771 3597 inter
1796 3563 1848 3597 Τ2
1865 3564 1877 3605 ΙΙ
1901 3565 1942 3597 20
1967 3563 2074 3605 prima
2099 3563 2133 3596 V
2150 3562 2163 3607 ΙΙ
2186 3564 2228 3597 23
2241 3566 2331 3597 rubr.
2353 3563 2406 3597 De

182 3605 1264 3698 2115?n233.‘{;i.}322522³35¹33⁶2'3⁰3712¹37¹¹3.⁵.÷{‘’5‡.⁰⁷÷'3'555
1329 3608 1735 3698 Ῑίιῗῖῗῆῗέἒίἷῗιῖἳθφῗῗι
1753 3608 2141 3697 {3²5⁵1‘22t332‘20f33333:
2162 3609 2202 3686 ἔξ
2214 3609 2406 3698 stiriae&

186 3698 226 3730 de
245 3710 316 3741 pec.
333 3697 346 3741 ΙΙ
364 3700 406 3732 29
431 3696 642 3742 οἱανδήποτε
666 3693 715 3732 ἂν
737 3691 806 3731 ὦσι
829 3666 981 3743 βαθμιζῦ
1009 3699 1117 3734 Tract.
1329 3700 1470 3779 ἔδυιιιῖρῖ]
1484 3698 1569 3777 2fuit
1589 3698 1665 3733 RV
1685 3698 1698 3743 ΙΙ
1728 3701 1770 3734 29
1794 3699 1839 3732 tffi
1861 3698 1893 3732 R
1922 3698 1935 3743 ΙΙ
1963 3698 2049 3732 filios
2072 3699 2178 3739 Beck]
2209 3698 2272 3732 filii
2296 3699 2374 3733 libri
2391 3697 2406 3746 ΙΙ

1393 3755 1458 3787 1951
1508 3745 1516 3758 ‘
