2618 4010
136 154 196 186 DE
225 152 458 184 PRAs'ronn
488 151 682 183 P1s1D1An
1215 137 1292 184 189
1948 141 2054 185 Nov.
2077 140 2218 185 XXIV
2249 154 2308 198 pr.
2345 145 2361 185 1

646 312 701 355 ΙῙᾸ
1761 320 1880 358 XXIV

272 388 450 442 ΠΕΡΙ
480 388 1073 510 ἯΞΙἯΑᾸΞΙΤῼΡΟΣ
1330 392 1382 441 n
1413 393 1505 442 DE
1540 349 1903 441 PRAETORF}
1940 390 2238 441 Pismnm
2269 393 2323 443 R

130 531 378 582 Αὐτοκράτωρ
400 532 650 571 Ἰουστινιανὸς
670 535 877 583 Αὔγουστος
899 533 1049 582 Ἰωάννῃ
1079 538 1133 579 τῷ
1159 538 1212 570 ἐν·
1418 537 1617 582 Imperator
1641 535 1863 571 Iustinianus
1888 534 1979 578 Aug.
2005 535 2156 571 Iohanni
2179 548 2241 583 pp.

132 577 316 624 δοξοτάτῳ
340 578 483 627 ἐπάρχῳ
507 582 586 616 τῶν
604 580 712 627 ἱερῶν
736 582 797 624 τῆς
815 578 889 615 ‘'E'w
912 585 1150 627 πραιτωρίων
1170 581 1212 615 τὸ
1249 585 1268 618 5

296 624 472 671 δεύτερον,
497 623 568 661 ἀπὸ
594 624 747 662 ὑπάτων
771 629 829 660 καὶ
855 630 1044 672 πατρικίῳ.

174 693 479 740 (Προοίμιον.)
534 697 607 728 Καὶ
636 693 716 729 τοὺς
746 693 857 729 πάλαι
887 691 1078 737 Ῥωμαίους
1107 707 1212 729 πεπι-
1327 695 1481 740 <Praef
1490 694 1618 739 atio.)
1673 693 1722 729 Et
1745 693 1912 738 antiquos
1938 693 2120 729 Romanos
2154 694 2367 732 credidimus

130 737 329 783 οτεύκαμεν
348 736 411 773 οὐκ
428 738 474 773 ἄν
493 752 581 774 ποτε
603 738 809 784 δυνηθῆναι
826 737 1007 782 τοσαύτην
1027 737 1214 774 πολιτείαν
1282 751 1474 784 numquam
1512 740 1674 785 potuisse
1709 741 1846 775 tantam
1878 739 2135 783 rempublicam
2173 749 2218 774 ex
2246 741 2367 784 parvis

130 785 169 816 ἐκ
199 785 341 831 μικρῶν
376 787 436 818 καὶ
473 783 673 827 ἐλαχίστων
705 781 827 830 ἀρχῶν
862 783 1118 826 συστήσασθαι
1153 787 1213 817 καὶ
1282 785 1488 829 exiguisque
1525 784 1711 830 principiis
1745 784 1964 820 constituere
2002 786 2039 819 et
2074 794 2214 819 omnem
2249 795 2294 819 ex
2325 795 2368 820 ea

131 830 254 863 πᾶσαν
286 829 324 871 ἐξ
355 826 463 872 αὐτῆς
492 830 559 873 τὴν
583 831 803 875 οἰκουμένην,
837 826 884 863 ὠς
907 830 1032 871 εἰπεῖν,
1063 828 1210 875 προςλα-
1228 833 1268 865 10
1282 831 1403 865 orbem
1436 835 1611 865 terrarum
1643 831 1694 864 ita
1726 829 1912 865 dicendum
1944 839 2072 874 capere
2103 839 2146 864 ac
2170 829 2366 874 possidere,

129 877 209 917 βεῖν
231 887 272 908 τε
295 877 355 908 καὶ
379 873 701 918 καταστήσασθαι,
733 876 764 908 εἰ
787 872 837 919 μὴ
859 876 1020 919 μείζοσιν
1043 872 1212 919 ἄρχουσιν
1282 875 1353 910 nisi
1389 876 1583 911 maioribus
1620 875 1797 911 iudicibus
1837 885 1901 919 per
1937 874 2140 920 provincias
2179 874 2366 910 destinatis

129 921 170 952 ἐν
202 922 278 953 ταῖς
309 920 495 964 ἐπαρχίαις
525 924 765 965 πεμπομένοις
796 918 1008 964 σεμνότεροί
1031 932 1071 953 τε
1096 920 1210 952 ἐντεῦ-
1281 920 1506 964 gloriosiores
1544 921 1626 955 hinc
1658 921 1864 956 viderentur
1899 923 1935 954 et
1966 920 2181 964 praeberent
2217 920 2268 955 eis
2328 931 2366 956 o-

130 964 202 998 θεν
232 963 420 1010 ἐφάνησαν
450 968 510 999 καὶ
539 969 720 1012 παρέσχον
745 961 865 998 αὐτοῖς
897 964 1062 1004 ἐξουσίαν
1086 959 1212 998 ὅπλων
1281 967 1446 1000 testatem
1477 976 1656 1001 armorum
1689 968 1725 1001 et
1756 965 1872 1009 legum
1904 967 1941 1000 et
1971 966 2017 1001 ad
2042 967 2232 1010 utrumque
2255 966 2303 1000 ha
2330 976 2366 1001 e-

129 1022 169 1043 τε
194 1013 253 1043 καὶ
277 1009 413 1054 νόμων,
444 1014 503 1044 καὶ
536 1011 625 1056 πρὸς
656 1009 823 1055 ἑκάτερον
854 1009 948 1052 εἶχον
981 1007 1109 1042 αὐτοὺς
1135 1010 1211 1044 ἐπι·
1281 1014 1360 1045 rent
1397 1021 1457 1045 eos
1495 1014 1720 1055 opportunos
1763 1015 1799 1045 et
1840 1010 1963 1054 dignos
2002 1010 2209 1046 existentes.
2269 1010 2366 1055 Quos

131 1053 289 1098 τηὸείους
317 1068 357 1089 τε
386 1058 445 1088 καὶ
477 1053 673 1102 ἀξιοχρέους
704 1055 952 1088 καθεστῶτας.
1001 1050 1059 1087 οὓς
1084 1052 1127 1096 δὴ
1152 1057 1266 1090 καὶ15
1282 1056 1388 1090 etiam
1423 1060 1609 1099 praetores
1641 1056 1838 1099 vocabant,
1876 1066 1917 1091 eo
1950 1055 2045 1099 quod
2075 1056 2258 1100 praeirent
2287 1056 2367 1091 aliis

130 1103 339 1147 πραίτωρας
363 1097 510 1134 ἐκάλουν
533 1102 570 1133 ἐκ
594 1101 658 1134 τοῦ
683 1098 753 1145 πρὸ
784 1100 862 1133 τῶν
889 1097 1010 1133 ἄλλων
1034 1097 1211 1133 ἁπάντων
1282 1101 1446 1135 omnibus
1473 1102 1509 1135 et
1534 1100 1628 1135 acies
1655 1101 1863 1135 ordinarent
1895 1101 1987 1135 hanc
2018 1101 2068 1135 eis
2093 1101 2220 1136 dantes
2243 1102 2366 1146 appel-

71 1182 81 1192 .
130 1146 222 1178 ἰέναι
254 1148 314 1179 καὶ
345 1145 648 1191 παρατάττεσθαι
680 1143 818 1187 ταύτην
849 1141 968 1178 αὐτοῖς
998 1142 1120 1178 δόντες
1143 1143 1211 1186 τὴν
1280 1145 1458 1188 lationem,
1486 1148 1522 1180 et
1548 1146 1814 1181 committentes
1834 1146 1885 1180 eis
1912 1150 1947 1181 et
1968 1146 2084 1180 civilia
2107 1146 2308 1190 gubernare
2332 1149 2368 1181 et

131 1194 378 1236 προςηγορίαν,
415 1192 673 1237 ἐπιτρέψαντες
707 1202 747 1223 τε
782 1187 901 1223 αὐτοῖς
935 1191 995 1223 καὶ
1031 1188 1077 1222 τὰ
1109 1188 1210 1224 πολε·
1281 1191 1324 1226 de
1344 1191 1481 1234 legibus
1509 1191 1677 1225 scribere.
1725 1190 1828 1226 Unde
1852 1191 2036 1226 iudicialia
2062 1201 2202 1235 quoque
2226 1191 2366 1227 habita-

130 1235 216 1279 μικὰ
240 1234 387 1269 διοικεῖν
411 1238 470 1269 καὶ
493 1235 539 1268 τὰ
563 1238 644 1279 περὶ
667 1236 746 1269 τῶν
770 1233 897 1279 νόμων
913 1232 1076 1281 γράφειν.
1118 1231 1211 1268 ὅθεν
1281 1236 1363 1270 cula
1383 1235 1563 1280 praetoria
1579 1235 1701 1270 vocari
1722 1235 1987 1280 disposuerunt,
2013 1238 2048 1271 et
2069 1237 2216 1280 copiosa
2239 1236 2298 1272 lex
2323 1247 2365 1271 ex

130 1283 190 1314 καὶ
219 1280 265 1314 τὰ
296 1278 481 1314 ὃικαστικά
505 1277 715 1327 καταγώγια
746 1278 954 1327 πραιτώρια
983 1278 1106 1314 καλεῖν
1130 1282 1209 1314 ἔτα-
1225 1283 1266 1314 20
1280 1284 1487 1326 praetorum
1505 1283 1591 1316 nata
1612 1283 1667 1315 est
1687 1291 1783 1323 voce,
1807 1281 1981 1325 multi'que
2001 1285 2185 1324 praetores
2206 1281 2266 1316 alii
2288 1282 2364 1325 qui-

130 1325 213 1368 ξαν,
248 1328 308 1359 καὶ
338 1323 446 1359 πολὺς
476 1322 583 1369 νόμος
614 1327 652 1359 ἐκ
684 1326 744 1368 τῆς
775 1326 853 1359 τῶν
885 1324 1109 1371 πραιτώριον
1141 1325 1210 1365 ἐξε-
1281 1327 1360 1361 dem
1385 1326 1556 1369 Siciliam,
1589 1326 1650 1360 alii
1683 1336 1765 1361 vero
1799 1325 1985 1360 Sardiniae
2008 1326 2181 1368 insulam,
2216 1326 2277 1360 alii
2302 1327 2364 1360 Hi-

128 1370 220 1412 χέθη
252 1371 388 1415 φωνῆς,
420 1368 549 1405 πολλοί
579 1384 618 1404 τε
649 1374 850 1416 πραίτιορες
882 1370 918 1404 οἱ
947 1372 1014 1414 μὲν
1042 1369 1211 1404 Σικελίαν
1282 1371 1456 1415 spaniam,
1478 1371 1538 1406 alii
1556 1371 1660 1405 aliam
1678 1374 1715 1406 et
1735 1370 2005 1415 adquisiverunt
2024 1374 2059 1407 et
2074 1373 2368 1416 gubernaverunt

128 1414 164 1449 οἱ
194 1413 234 1449 δὲ
261 1413 396 1462 Σαρδὼ
424 1414 492 1458 τὴν
523 1417 634 1458 νῆσον
671 1414 706 1449 οἱ
738 1414 776 1449 δὲ
805 1415 992 1451 Ἱσπανίαν
1025 1414 1062 1450 οἱ
1093 1414 1132 1448 δὲ
1155 1415 1212 1449 (U.-
1283 1427 1381 1452 mare
1404 1428 1448 1452 ac
1471 1420 1616 1452 terram.

130 1459 196 1503 λην
228 1459 496 1503 κατεκτήσαντό
527 1474 567 1495 τε
599 1464 658 1495 καὶ
690 1459 918 1504 ὃιῳκήσαντο
948 1459 1143 1495 θάλαττάν
1175 1474 1214 1495 τε

129 1508 190 1540 καὶ
210 1506 289 1552 γῆν.
1230 1509 1271 1542 25

1143 1620 1300 1656 CAPUT
1329 1620 1357 1656 Ι.

180 1688 299 1721 Ταῦτα
319 1688 524 1722 ἐννοοῦντες
544 1685 650 1731 ἡμεῖς,
675 1691 734 1721 καὶ
757 1686 825 1731 τὴν
846 1685 1075 1731 παλαιότητα
1100 1688 1210 1723 πάλιν
1325 1688 1426 1723 Haec
1452 1688 1721 1723 consitlerantes
1747 1699 1823 1730 nos,
1856 1688 2106 1731 antiquitatem
2134 1699 2260 1725 rursus
2289 1701 2369 1724 cum

129 1731 219 1776 μετὰ
243 1734 406 1777 μείζονος
429 1731 565 1767 ἄνθους
589 1734 637 1766 εἰς
660 1732 727 1776 τὴν
752 1732 939 1768 πολιτείαν
964 1733 1211 1780 ἐπαναγαγόν-
1281 1733 1408 1769 maiori
1431 1733 1519 1768 flore
1543 1733 1589 1768 ad
1613 1734 1870 1778 rempublicam
1895 1734 2109 1769 reducentes
2129 1737 2166 1769 et
2185 1733 2367 1770 Romano-

130 1789 186 1812 τες
209 1781 268 1811 καὶ
292 1777 334 1812 τὸ
359 1774 546 1820 Ῥωμαίων
576 1777 817 1822 σεμνύναντες
849 1777 975 1821 ὄνομα,
1007 1781 1067 1812 καὶ
1100 1777 1211 1826 ὁρῶν·
1282 1790 1361 1814 rum
1385 1778 1615 1813 nobilitantes
1640 1789 1781 1819 nomen,
1808 1782 1842 1813 et
1865 1779 2023 1814 videntes
2057 1779 2141 1823 quia
2163 1779 2200 1814 in
2225 1780 2367 1824 provin-

129 1834 185 1857 τες
221 1820 268 1857 ὥς
304 1824 343 1857 ἐν
378 1826 455 1857 ταῖς
490 1824 568 1857 τῶν
601 1825 787 1868 ἐπαρχιῶν
822 1827 1053 1871 τραχυτε’ραις
1086 1822 1212 1867 διπλῆς
1283 1825 1347 1859 ciis
1373 1824 1614 1869 asperioribus
1639 1824 1747 1868 dupla
1771 1824 1924 1868 quadam
1945 1824 2119 1859 hactenus
2141 1824 2366 1860 administra-

130 1867 227 1902 τινὸς
255 1871 358 1912 μέχρι
389 1870 457 1902 νῦν
481 1867 715 1913 στελλομένης
747 1868 852 1914 ἀρχῆς
876 1866 1025 1912 οὐδεμία
1050 1868 1137 1916 πρὸς
1160 1872 1214 1903 τέ-
1230 1872 1271 1904 30
1284 1869 1382 1905 tione
1414 1869 1523 1904 missa
1553 1869 1651 1904 nulla
1683 1869 1729 1903 ad
1760 1869 1958 1914 perfectum
1991 1869 2173 1905 sufficiens
2199 1869 2367 1914 quodam-

130 1912 226 1947 λειον
250 1910 426 1959 αὐτάρκης
449 1925 503 1948 τις
526 1915 582 1957 ἦν,
618 1912 678 1947 διὰ
701 1915 808 1948 τοῦτο
839 1915 892 1959 ἔνυ
904 1926 1001 1948 τισιν
1026 1916 1212 1960 ἐπαρχίαις
1281 1915 1386 1950 modo
1408 1918 1497 1958 erat,
1516 1918 1709 1959 propterea
1728 1914 1763 1948 in
1781 1915 1993 1959 quibusdam
2011 1915 2217 1959 <provinciis
2235 1915 2368 1950 nostris

130 1956 243 2001 ἡμῶν,
281 1960 320 1992 ἐν
352 1957 405 1992 αἷς
435 1957 557 2004 ἅρχων
589 1972 628 1993 τε
661 1958 842 1994 πολιτικὸς
871 1960 915 2002 ὴν
946 1963 1006 1992 καὶ
1038 1971 1213 2005 στρατιω-
1284 1960 1321 1995 in
1354 1959 1499 2004 quibus>
1533 1963 1569 1994 et
1598 1960 1705 1994 iudex
1744 1960 1856 1995 civilis
1889 1963 1967 1994 erat
2003 1965 2039 1994 et
2068 1960 2233 1995 militaris
2265 1960 2367 2004 alter,

130 2002 226 2038 τικὸς
255 2002 373 2045 ἄλλος,
411 2000 465 2037 ἀεὶ
496 2006 564 2048 μὲν
600 2004 687 2047 πρὸς
718 2002 888 2047 ἀλλήλους
919 2004 1213 2049 φιλονεικοῦντες,
1285 2015 1425 2050 semper
1449 2004 1590 2049 quidem
1613 2005 1813 2040 adinvicem
1836 2005 2103 2047 contendentem,
2129 2015 2267 2050 semper
2285 2015 2368 2041 vero

130 2047 184 2082 ἀεὶ
217 2047 257 2083 δὲ
286 2047 498 2093 μαχόμενοι,
531 2048 594 2092 οὐχ
623 2048 723 2084 ὅπως
753 2064 789 2083 τι
814 2049 990 2095 πράξαιεν
1022 2049 1103 2084 τοὺς
1127 2047 1215 2093 ὑπη-
1285 2051 1485 2095 litigantes,
1522 2061 1594 2085 non
1627 2053 1668 2085 ut
1703 2050 1837 2093 aliquid
1871 2054 2019 2094 agerent
2056 2050 2153 2085 circa
2187 2050 2369 2086 subiectos

130 2093 228 2128 κὸους
251 2091 408 2141 ἀγαθόν,
441 2090 523 2128 ἀλλ’
551 2091 650 2129 ὅπως
684 2092 729 2128 ἂν
763 2093 887 2129 πλεῖον
919 2094 1047 2129 αὐτοὺς
1079 2098 1214 2140 ἐπιτρί-
1229 2099 1269 2131 35
1284 2096 1428 2137 bonum,
1454 2095 1514 2130 sed
1536 2098 1714 2140 quatenus
1736 2095 1890 2139 amplius
1916 2105 1976 2130 eos
1999 2098 2235 2137 contererent,
2262 2096 2368 2131 aesti-

131 2151 250 2185 ψαιεν,
276 2136 454 2184 ᾠήθημεν
476 2141 603 2186 χρῆναι
627 2138 715 2188 πρὸς
739 2142 779 2174 ἕν
803 2153 840 2174 τι
862 2141 980 2184 σχῆμα
1001 2144 1215 2188 συναγαγεῖν
1285 2141 1456 2175 mavimus
1483 2143 1647 2183 oportere
1679 2141 1726 2176 ad
1755 2151 1862 2175 unam
1887 2141 2062 2184 quandam
2095 2140 2243 2183 figuram
2269 2141 2367 2176 colli-

175 2232 260 2265 Nov.
274 2231 415 2264 XXIV
437 2231 562 2265 Graece
588 2238 676 2264 extat
700 2233 733 2265 in
755 2232 844 2272 ML,
870 2233 944 2264 inde
970 2245 991 2264 a
1015 2245 1085 2275 cap.
1107 2236 1114 2265 1
1143 2231 1204 2264 Ἐν
1229 2243 1327 2265 τισιν
1349 2231 1481 2274 (Ἴσμεν
1498 2233 1539 2263 ἔν
1554 2241 1652 2264 τισιν
1667 2233 1768 2275 vuly.)
1789 2232 1976 2276 ἐπαρχίαις
2000 2228 2105 2274 ἡμῶν
2125 2233 2216 2273 (189,
2230 2238 2274 2269 31)
2293 2257 2300 2266 .
2315 2255 2324 2265 .
2338 2257 2345 2264 .
2360 2258 2370 2267 .

131 2278 164 2311 in
186 2277 221 2310 Β
240 2278 271 2319 6,
287 2284 315 2309 8.
337 2295 381 2299 —
406 2276 497 2319 Epic.
525 2276 645 2308 Tlteod.
672 2277 733 2317 24,
765 2278 886 2309 Athan.
914 2278 950 2317 4,
979 2282 1007 2308 4.
1055 2277 1177 2310 Iulian.
1203 2286 1301 2311 const.
1327 2277 1453 2310 XVII.

808 2465 910 2515 DE
940 2397 1322 2516 ΡΕΑΕΤέΞΈ
1346 2465 1693 2517 PJSJJJJAE.

281 2556 373 2605 Imp.
401 2555 629 2592 lastinianus
652 2557 840 2603 Achustus
864 2555 1026 2591 Iohanni
1048 2556 1313 2635 ¹qloriosiissz'ntzo
1334 2556 1531 2635 ptraefecto
1558 2567 1661 2591 sacro
1689 2554 1846 2591 Orientis
1867 2556 2057 2601 praetorio
2082 2557 2222 2598 iterum,

1033 2612 1224 2637 exconsul
1250 2613 1269 2636 e
1306 2613 1356 2647 pa
1373 2612 1471 2636 νιοιο.

268 2670 530 2716 Praefatio.
596 2670 739 2705 Veteres
768 2670 955 2706 Romanos
980 2680 1198 2716 persuasum
1229 2669 1399 2705 habemus
1432 2672 1566 2705 tantam
1592 2668 1850 2716 rempublicam
1874 2679 1923 2704 ex
1945 2669 2072 2714 parvis
2095 2673 2130 2706 et
2153 2670 2370 2705 tenuissimis

133 2717 247 2752 initiis
271 2717 488 2751 constituere
519 2719 556 2750 at
584 2727 628 2751 ue
658 2726 708 2751 cx·
732 2726 776 2750 ea
806 2718 916 2750 totum
943 2718 1122 2750 terrarum
1147 2714 1283 2756 orbem,
1317 2718 1360 2750 ut
1381 2715 1432 2750 ita
1456 2715 1637 2756 dicamus,
1673 2714 1868 2759 adquirere
1900 2718 1935 2748 et
1959 2714 2130 2750 ordinare
2160 2726 2232 2750 non
2254 2716 2370 2761 facile

128 2762 307 2809 potuisse,
331 2761 401 2795 nisi
425 2762 558 2796 maiori
583 2772 623 2795 us
648 2761 923 2807 maqistratibus
947 2761 984 2795 in
1006 2760 1217 2806 provincias
1241 2760 1359 2794 missis
1381 2760 1598 2795 illustriores
1629 2759 1712 2795 inde
1735 2758 1995 2805 apparuissent
2018 2759 2134 2810 iisque
2156 2764 2368 2806 potestatem

133 2812 169 2843 et
197 2817 381 2842 armorum
413 2810 447 2841 et
479 2806 596 2851 lequm
622 2806 881 2841 concessissent
910 2809 1019 2851 atque
1042 2805 1167 2840 iisdem
1199 2804 1248 2839 ad
1278 2808 1471 2850 utrumque
1502 2805 1559 2839 usi
1591 2807 1711 2840 essent
1740 2805 1837 2850 aptis
1866 2807 1901 2838 et
1923 2807 2107 2849 spectatis.
2170 2803 2268 2847 Quos
2292 2806 2370 2851 qui—

134 2852 213 2887 dem
241 2856 428 2897 praetores
460 2851 654 2892 vocabant,
689 2862 738 2886 ecc
767 2862 808 2885 eo
842 2850 940 2896 quod
970 2850 1120 2896 reliquis
1150 2849 1312 2884 omnibus
1336 2851 1528 2894 praeirent
1559 2850 1637 2885 acie
1669 2850 1844 2884 instructa
1876 2848 1982 2884 istam
2013 2850 2059 2884 iis
2090 2850 2370 2896 aipellationem

135 2897 261 2932 dantes
292 2896 489 2942 iisdemque
526 2896 802 2937 committentes,
839 2900 879 2931 ut
910 2899 945 2930 et
977 2906 1035 2930 res
1068 2895 1214 2930 bellicas
1246 2894 1542 2929 administrarent
1572 2898 1607 2930 et
1639 2894 1735 2939 leqes
1767 2893 1972 2929 scriberent.
2048 2893 2100 2929 Un
2128 2906 2147 2930 e
2179 2895 2286 2930 etiam
2318 2896 2371 2930 iu-

134 2942 308 2978 diciarias
338 2941 440 2976 sedes
490 2941 651 2976 raetoria
675 2941 797 2975 vocari
821 2941 1018 2983 iusserunt,
1050 2952 1094 2975 ae
1126 2951 1260 2985 maqna
1291 2939 1398 2985 copia
1423 2940 1541 2985 lequm
1565 2950 1614 2974 ex
1632 2942 1847 2984 praetorum
1882 2950 1944 2973 ore
1968 2941 2166 2983 emanavit,
2197 2941 2371 2986 multique

130 2992 325 3034 praetores
355 2986 422 3021 alii
472 2986 606 3020 icitiam
638 2985 705 3020 alii
726 2985 935 3020 Sardiniam
961 2986 1114 3020 insulam
1147 2986 1210 3019 alii
1238 2984 1453 3030 Hispaniam
1487 2984 1553 3019 alii
1581 2984 1690 3019 aliam
1723 2989 1840 3019 terrae
1870 2984 2025 3020 marisve
2048 2985 2278 3031 provinciam
2310 2985 2370 3019 ob-

136 3034 319 3067 tinuerunt
342 3035 375 3065 et
398 3031 708 3065 administrarant.

270 3076 298 3110 Ι.
349 3075 450 3110 Haec
470 3086 538 3110 nos
561 3086 641 3110 cum
662 3075 939 3117 consideremus,
965 3075 1028 3121 qui
1049 3075 1298 3120 antiquitatem
1319 3084 1447 3109 rursus
1471 3074 1606 3108 maiore
1631 3084 1710 3110 cum
1728 3073 1856 3108 decore
1880 3074 1917 3107 in
1939 3074 2195 3120 rempublicam
2219 3074 2369 3109 reduxi-

136 3132 216 3156 mus
239 3124 275 3155 et
299 3122 543 3155 Romanorum
568 3131 696 3155 nomen
721 3120 939 3162 ornavimus,
973 3131 1052 3156 cum
1078 3120 1259 3155 videamus
1283 3120 1321 3154 in
1345 3118 1591 3165 asperioribus
1607 3118 1811 3165 provinciis
1844 3117 1987 3163 duplice
2010 3119 2227 3164 maqistratu
2256 3130 2371 3198 usque

139 3166 230 3202 adeo
254 3166 362 3200 misso
389 3170 555 3200 neutrum
584 3164 633 3199 ad
656 3165 807 3211 plenum
839 3176 968 3200 munus
991 3176 1032 3200 su
1068 3165 1197 3200 ecisse:
1230 3168 1428 3211 propterea
1460 3164 1496 3197 in
1522 3162 1735 3209 quibusdam
1768 3163 1968 3208 provinciis
1991 3164 2143 3206 nostris,
2179 3164 2217 3197 in
2242 3164 2304 3209 qui
2328 3175 2371 3198 us

137 3216 174 3247 et
191 3210 307 3246 civilis
330 3210 570 3255 maqistratus
588 3215 667 3245 erat
692 3214 727 3245 et
745 3210 914 3245 militaris
939 3209 983 3245 ab
1004 3210 1031 3244 il
1048 3221 1068 3245 ο
1090 3210 1263 3252 diversus,
1290 3210 1352 3255 qui
1373 3209 1516 3254 quidem
1539 3219 1680 3254 semper
1700 3208 1795 3243 inter
1817 3218 1856 3242 se
1877 3208 2138 3243 contendebant
2160 3219 2372 3255 semperque

138 3256 337 3296 certabant,
361 3265 435 3289 non
455 3255 508 3288 uti
527 3254 613 3289 boni
633 3254 773 3300 aliquid
794 3255 833 3288 in
853 3254 1017 3290 subditos
1041 3255 1266 3299 conferrent,
1291 3254 1355 3289 sed
1379 3265 1450 3299 quo
1471 3254 1588 3298 neaqis
1612 3263 1673 3288 eos
1690 3256 1896 3293 attererent,
1921 3253 1959 3286 in
1984 3264 2092 3287 imam
2112 3253 2265 3299 speciem
2286 3263 2369 3287 con-

186 3372 205 3402 2
225 3369 288 3402 τοῦ
308 3371 514 3414 πραίτωρος
529 3368 562 3400 Β
581 3369 698 3401 leeod.
713 3368 787 3400 Atk.
804 3369 834 3407 ς]
852 3367 914 3399 τοῦ
930 3364 1098 3411 ἄρχοντος
1114 3365 1221 3413 ἤγουν
1346 3369 1360 3400 1
1394 3367 1640 3400 constitutiones
1660 3366 2002 3399 XXIV—XXXII
2025 3367 2058 3398 in
2083 3366 2115 3398 R
2140 3367 2326 3398 omittuntur
2360 3364 2372 3411 11

141 3414 205 3447 τοῦ
231 3417 436 3458 πραίτωρος
457 3414 502 3446 M
520 3412 584 3445 τοῦ
608 3411 778 3458 (ἵρχοντος
799 3413 830 3444 L
855 3412 908 3451 (de
929 3413 1039 3445 officio
1059 3413 1221 3454 praetoris
1291 3413 1311 3445 2
1336 3415 1422 3445 rubr.
1464 3412 1513 3443 De
1544 3417 1675 3452 pretore
1707 3410 1832 3443 Pisidie
1865 3411 2010 3443 XXIIII
2043 3409 2082 3455 R:
2114 3406 2174 3443 κδ’
2289 3411 2323 3444 V
2361 3413 2372 3452 11

140 3459 322 3491 Iustiniani
334 3459 480 3491 Pisidiae
505 3459 582 3494 Iul.)
600 3457 648 3500 115
677 3453 822 3500 ἐπάρχῳ
838 3457 924 3497 Aut]
950 3453 1100 3501 ὑπάρχῳ
1117 3456 1222 3541 ΜΕὲΙ
1293 3459 1311 3489 8
1338 3457 1499 3499 potuisset
1533 3457 1563 3487 V
1583 3454 1595 3498 11
1628 3458 1667 3489 10
1692 3455 1842 3488 ordinem
1876 3455 1925 3488 V²
1951 3455 1963 3498 11
1994 3457 2034 3489 12
2059 3455 2138 3487 huic
2170 3455 2223 3498 171
2257 3457 2303 3488 eis
2326 3475 2371 3480 ——

135 3500 210 3536 ‘'E'w
226 3505 284 3544 M]
312 3502 424 3536 αἱιόας
448 3504 479 3536 L
497 3502 509 3546 11
528 3505 545 3536 7
571 3499 770 3545 Ῥωμαίους]
795 3499 923 3543 νόμους
945 3503 1066 3535 Theod.
1085 3502 1097 3546 11
1119 3505 1157 3536 10
1183 3503 1200 3534 ἐ
1295 3503 1334 3535 13
1361 3502 1520 3533 haberent
1541 3513 1598 3534 om.
1615 3501 1648 3534 T
1662 3499 1673 3544 11
1693 3502 1732 3534 13
1758 3511 1923 3532 armarum
1945 3504 1977 3532 et
1995 3500 2036 3532 ad
2057 3502 2171 3533 utrum
2191 3504 2224 3532 et
2244 3500 2370 3542 legum-

143 3545 268 3582 αὐτῶν
293 3549 479 3582 Zachariae
507 3548 519 3591 11
552 3550 591 3581 18
617 3545 791 3590 πολεμικὰ
817 3547 1022 3589 Haloander]
1053 3545 1220 3581 πολιτικὰ
1293 3558 1355 3588 que
1389 3547 1422 3579 V
1439 3546 1451 3589 11
1481 3547 1522 3579 16
1546 3546 1646 3578 acties
1675 3545 1730 3589 Vn
1748 3546 1808 3578 hac
1839 3546 1892 3587 Vll
1919 3547 1956 3578 17
1983 3546 2029 3578 eis
2053 3548 2085 3578 et
2108 3545 2233 3586 civilia]
2259 3546 2370 3588 appel-

145 3595 222 3627 libri
238 3594 250 3635 11
283 3595 320 3628 19
345 3595 427 3638 περὶ
451 3591 517 3627 τὸν
540 3590 652 3634 νόμον
676 3593 707 3624 L
733 3592 745 3635 11
776 3594 814 3625 21
838 3593 897 3623 καὶ
922 3589 1073 3626 πολλοὺς
1094 3590 1222 3635 νόμους
1270 3592 1449 3624 -lationem
1471 3590 1524 3635 Vll
1545 3592 1586 3624 20
1610 3591 1774 3633 praetoris
1798 3590 1927 3631 aliquid
1952 3596 1969 3623 e
1993 3590 2134 3623 siciliam
2165 3590 2220 3634 Vn
2239 3592 2278 3624 21
2306 3601 2372 3623 sar-

144 3639 182 3671 ἐκ
205 3638 266 3680 τῆς
290 3638 367 3672 τῶν
391 3642 628 3683 πραιτωρίων
653 3636 849 3679 ἐνεχθῆναι
873 3637 994 3680 φωνῆς
1018 3637 1049 3670 L
1066 3636 1078 3679 11
1097 3638 1138 3670 23
1163 3635 1221 3670 ἄλ·
1292 3637 1404 3677 digine
1427 3635 1482 3678 Vll
1501 3637 1542 3669 22
1567 3635 1679 3675 aliam]
1694 3635 1821 3667 italiam
1840 3635 1901 3668 VT
1915 3635 2028 3668 taliam
2042 3636 2206 3679 Neoburq.
2228 3639 2260 3668 et
2273 3635 2371 3668 aliam

145 3681 200 3716 λοι
214 3684 243 3715 L
259 3682 272 3727 11
291 3685 333 3718 26
358 3686 418 3716 καὶ
443 3697 499 3716 om.
515 3695 534 3719 ς
550 3684 560 3726 11
581 3684 622 3716 32
648 3684 698 3722 τε]
724 3694 764 3714 τε
784 3683 843 3713 καὶ
864 3683 911 3713 Βὓ
928 3681 940 3725 11
959 3684 1001 3715 34
1024 3676 1078 3714 ἀεὶ
1104 3679 1143 3714 δὲ
1161 3684 1220 3714 καὶ
1292 3683 1385 3724 vulyo
1405 3680 1417 3724 11
1441 3682 1483 3713 29
1509 3680 1604 3722 dupli
1624 3681 1688 3714 VT
1702 3680 1713 3723 11
1730 3680 1889 3721 quaedam
1922 3679 1980 3724 Vn
1997 3683 2035 3714 31
2051 3694 2100 3724 sq.
2124 3681 2306 3723 provinciis
2331 3700 2371 3707 -ψ-

144 3726 339 3771 μαχόμενοι
363 3729 394 3763 L
411 3730 422 3771 11
440 3740 476 3762 τι
500 3726 675 3774 πράξαιεν
700 3747 741 3751 --
767 3722 847 3760 ἀλλ’
876 3721 973 3760 ὅπως
999 3740 1056 3760 om.
1080 3727 1130 3760 B⁶
1293 3726 1413 3767 quibus
1438 3727 1568 3759 addidit
1591 3726 1686 3758 Beck
1713 3725 1724 3769 11
1758 3727 1799 3759 35
1824 3735 1878 3757 eos
1902 3726 1947 3767 T]
1973 3738 2031 3759 om.
2056 3726 2091 3761 V
