2580 4022
1310 131 1395 178 748
1416 179 1423 183 ,

252 245 505 291 βεβαιοῦσθαι,
530 246 562 279 εἴ
585 243 624 278 δὲ
647 241 909 290 ἀνεμφάνιστοι
931 247 1102 287 μείναιεν,
1125 241 1379 288 ὑπερβαίνοιεν
1395 241 1434 277 δὲ
1449 246 1492 277 τὸ
1514 245 1646 288 μέτρον
1661 242 1704 277 τὸ
1729 241 1899 287 δεόμενον
1915 246 2148 290 ἐμφανίσεως,
2170 247 2272 291 μέχρι
2294 244 2466 280 τοσούτου

251 291 361 335 μόνου
394 288 501 324 αὐτὰς
530 290 737 334 ἐρρῶσθαι,
766 292 884 333 μέχρις
914 283 956 322 οὗ
988 291 1047 321 καὶ
1077 286 1364 333 ἀνεμφανίστους
1396 287 1460 322 τὰς
1494 285 1630 333 δωρεὰς
1654 288 1796 334 ἰσχυρὰς
1818 288 1910 323 εἶναι
1932 287 2016 336 παρ’
2041 287 2146 334 ἡμῶν
2170 290 2466 333 νενομοθέτηται.

252 336 359 368 τοῦτο
388 333 457 380 γὰρ
487 335 526 368 ἐν
550 331 689 381 ὑστέρῳ
713 333 1026 377 νομοθετήσαντες
1054 336 1198 379 κρατεῖν
1223 332 1310 367 αὐτὸ
1341 330 1563 377 βουλόμεθα,
1594 335 1654 366 καὶ
1682 332 1730 376 μὴ
1760 331 1818 366 διὰ
1848 333 1915 374 τὴν
1945 334 2155 390 προςθηκην
2177 337 2238 378 τῆς
2269 334 2468 376 ποσότητος

252 377 462 413 διαπίπτειν
491 381 551 411 καὶ
581 378 624 412 τὸ
654 376 777 423 ὀρθῶς
801 380 895 420 ἔχειν
925 376 1135 420 δυνάμενον,
1167 373 1256 432 ὅπερ
1287 381 1346 411 καὶ
1377 379 1436 412 ἐπὶ
1466 378 1544 411 τῶν
1575 375 1736 410 καθόλου
1767 375 1917 422 δωρεῶν
1946 376 2011 421 ἤδη
2040 391 2147 422 νομος
2177 376 2341 423 ἡμέτερρς
2365 378 2466 425 λέγει.

250 424 392 457 τούτων
411 421 642 467 κρατούντων
666 420 706 456 οὗ
728 421 842 466 μόνον
866 423 927 457 ἐπὶ
948 421 1114 468 γυναικὸς
1143 425 1203 456 καὶ
1232 421 1376 468 ανδρός,
1407 419 1494 455 ἀλλὰ
1526 425 1586 455 καὶ
1616 423 1677 456 ἐπὶ
1707 422 1785 457 τῶν
1809 421 1932 457 ἄλλων
1960 423 2172 468 προςώπων,
2203 421 2254 469 ἐφ’
2282 423 2336 458 ὠν
2359 424 2397 457 αἱ
2428 426 2468 458 ἐν

249 467 372 514 γάμοις
394 466 527 513 δωρεαὶ
549 465 777 502 κεκώλυνται.

254 138 362 182 Nov.
393 138 546 182 CLXII
579 138 683 177 1-3
2146 147 2287 179 SAGRA
2313 148 2464 180 Pomm

1247 534 1403 570 CAPUT
1426 534 1472 570 ΙΙ.

386 600 562 647 Δεύτερον
585 599 626 635 δὲ
653 604 709 635 ἔτι
740 597 936 645 κεφάλαιον
959 599 1060 646 παρὰ
1089 601 1150 641 τῆς
1181 601 1245 643 σῆς
1273 598 1445 646 ὑπεροχῆς
1468 598 1720 647 ἧρωτήθημεν,
1749 601 1781 634 εἰ
1810 599 1901 644 μετὰ
1923 599 1990 644 τὴν
2013 599 2179 642 διάταξιν
2201 601 2269 645 τὴν
2292 599 2468 648 ἡμετέραν

250 646 320 691 τὴν
343 646 566 691 βουλομένην
591 646 630 687 ἐξ
654 645 844 690 ἐλευθέρας
866 647 925 679 καὶ
949 643 1201 691 ἐναπογράφου
1224 648 1451 688 τικτομένους
1473 644 1574 680 τινὰς
1597 646 1674 680 εἶτα
1698 644 1905 690 ἐλευθέρους
1929 644 1990 680 διὰ
2013 646 2080 687 τὴν
2095 647 2155 689 τῆς
2177 646 2308 692 μητρὸς
2331 648 2468 692 αἵρεσιν

249 691 358 726 ὄντας
391 690 446 726 δεῖ
476 693 637 733 νομίζειν
658 689 706 725 ως
737 691 768 723 εἰ
797 692 856 723 καὶ
886 688 935 733 μὴ
964 688 1157 736 γεγόνασιν
1181 690 1429 742 ἐναπόγραφοι
1451 689 1543 724 κατὰ
1566 689 1609 725 τὸ
1633 689 1798 732 παλαιόν,
1828 687 1902 723 ἀλλ’
1926 683 1990 724 οῦν
2013 688 2105 724 ὅλως
2133 690 2284 725 κολωνοὶ
2306 695 2469 737 γίνονται

250 735 310 770 διὰ
329 734 372 771 τὸ
396 735 465 780 τὴν
489 734 599 779 ἄλλην
621 735 726 779 ἡμῶν
751 733 916 775 διάταξιν
941 737 999 768 καὶ
1031 734 1111 769 τους
1142 736 1219 769 τῶν
1242 737 1415 770 κολωνῶν
1439 734 1570 770 παῖδας
1599 733 1640 769 οὗ
1670 738 1865 781 συγχωρεῖν
1889 733 2159 779 ἀπολιμπάνειν
2182 735 2248 779 τὴν
2271 738 2351 783 γῆν,
2380 735 2469 770 ἀλλὰ

248 785 370 826 μένειν
393 778 582 824 κολωνούς,
612 783 673 814 καὶ
696 779 817 823 πολλῷ
844 778 981 823 μᾶλλον
1004 781 1111 814 τοῦτο
1136 778 1211 814 δεῖν
1234 780 1337 823 εἶναι,
1367 782 1514 825 ἐπείπερ
1544 781 1644 814 ἐστὶν
1669 781 1708 814 ἐν
1732 779 1870 814 τούτοις
1900 783 1973 814 τοῖς
2000 778 2201 824 προςιόποις
2224 778 2316 815 ὅλως
2339 783 2468 815 ἐναπο-

248 825 401 874 γράφων
417 825 546 871 σπορά.
579 826 696 860 ταῦτα
713 826 779 869 μὲν
798 817 862 858 οῦν
886 825 946 859 ἐπὶ
969 826 1031 865 τῆς
1051 824 1258 869 ἐρωτήσεως
1280 818 1326 868 ἦν
1348 826 1411 868 τῆς
1434 826 1493 867 σῆς
1513 824 1604 858 κατὰ
1627 824 1668 858 τὸ
1693 825 1810 868 ῥηθὲν
1831 822 2034 870 κεφάλαιον.
2067 825 2132 870 χρὴ
2156 823 2196 858 δὲ
2217 824 2285 860 τὸν
2300 825 2470 870 ἡμέτερον

250 872 546 906 ἀνασκοποῦντας
569 872 657 904 νοῦν
680 868 883 916 γινώσκειν,
914 867 960 903 ὥς
991 867 1226 904 οὐδεπώποτε
1256 868 1353 914 ἡμεῖς
1376 869 1571 917 ἐλευθέραν
1593 874 1751 916 γαστέρα
1773 873 1908 904 τίκτειν
1933 869 2187 917 ἐναπόγραφον
2211 871 2470 917 συγχωροῦμεν,

249 914 339 950 ἀλλὰ
363 916 404 951 τὸ
430 914 612 960 σύμβολον
635 913 680 958 δὴ
704 915 810 949 τοῦτο
834 917 893 948 καὶ
917 917 1061 958 σημεῖον
1086 915 1294 949 ἐπικεῖσθαι
1325 914 1379 949 δεῖ
1408 916 1460 959 τῷ
1492 917 1715 961 γεγενημένῳ
1745 914 1835 958 μετὰ
1862 914 1927 949 τὸν
1949 917 2146 958 τηνικαῦτα
2176 915 2334 949 τεθέντα
2357 913 2470 958 νόμον

249 964 272 997 1
295 961 338 995 τὸ
363 959 508 995 πάντως
530 959 597 1003 τὴν
621 959 832 1004 ἐλευθερίαν
856 961 1053 1003 ἐμπρέπειν
1075 963 1148 994 τοῖς
1171 959 1211 1000 ἐξ
1234 959 1424 1005 ἐλευθέρας
1445 963 1643 1005 γινομένοις
1666 959 1807 1005 μητρός.
1854 959 1885 992 εἰ
1907 962 2031 994 τοίνυν
2055 960 2093 1000 ἐξ
2123 958 2313 1006 ἐλευθέρας
2335 971 2388 994 τις
2411 961 2470 993 καὶ

249 1005 499 1053 ἐναπογράφου
529 1005 688 1048 τεχθείη,
718 1007 816 1047 μένει
844 1006 913 1047 μὲν
937 1002 1123 1048 ἐλεύθερος
1155 1007 1214 1038 καὶ
1242 1004 1308 1048 τὴν
1330 1004 1508 1051 μητρικὴν
1531 1002 1594 1038 οὐκ
1624 1002 1822 1048 ἀποβάλλει
1853 1001 1928 1038 κατ’
1955 1001 2084 1038 οὐδένα
2109 1003 2247 1049 τρόπον
2278 1000 2471 1052 εὐγένειαν,

249 1051 405 1085 δείκνυσι
434 1049 474 1084 δὲ
496 1047 518 1092 ἡ
542 1047 625 1095 παρ’
651 1047 754 1092 ἡμῶν
775 1048 927 1084 τεθεῖσα
951 1047 1119 1090 διάταξις,
1151 1047 1199 1083 ως
1221 1049 1389 1093 βούλεται
1413 1048 1493 1083 τοὺς
1516 1048 1695 1084 τοιούτους
1719 1048 1902 1095 οἰκήτορας
1924 1051 2001 1084 ταῖν
2025 1054 2169 1094 χωρίων
2199 1048 2382 1094 διαμένειν
2410 1052 2470 1083 καὶ

248 1097 328 1130 τῶν
345 1093 467 1151 ἀγρῶν
485 1094 644 1141 ἐργάτας,
669 1093 727 1128 οἶα
750 1096 861 1128 ἐκεῖσε
883 1095 1145 1140 γεννηθέντας·
1169 1095 1275 1129 τοῦτο
1299 1094 1365 1141 γὰρ
1391 1093 1433 1137 δὴ
1452 1093 1493 1129 τὸ
1517 1096 1580 1128 τοῦ
1604 1094 1763 1128 κολωνοῦ
1785 1094 1953 1150 βοιίλεται
1977 1093 2169 1139 πρόςρημα.
2204 1092 2244 1128 οὗ
2269 1098 2471 1138 παρέχομεν

248 1134 312 1174 οὖν
337 1143 454 1174 αυτοῖς
485 1139 611 1174 ἄδειαν
634 1135 899 1181 ἀπολιμπάνειν
922 1140 989 1183 μὲν
1012 1139 1054 1173 τὸ
1084 1142 1217 1184 χωρίον
1241 1140 1288 1173 εἰς
1319 1141 1423 1187 ἕτερα
1455 1137 1495 1173 δὲ
1524 1138 1744 1184 τρέπεσθαι·
1774 1137 1847 1173 αλλ’
1875 1139 1973 1186 εἴπερ
2005 1139 2095 1174 ὅλως
2125 1139 2292 1182 τεχθεῖέν
2313 1150 2406 1174 τινες
2430 1140 2470 1172 ἔν

248 1198 322 1220 τινι
352 1189 484 1230 χωρίῳ,
515 1186 547 1219 εἰ
575 1186 643 1238 μὲν
667 1184 705 1224 ἐξ
729 1182 981 1230 ἐναπογράφου
998 1183 1141 1230 μητρός,
1172 1182 1353 1228 πρόδηλον
1376 1182 1423 1218 ὠς
1448 1185 1594 1218 ἔσονται
1618 1181 1764 1219 πάντως
1787 1184 2042 1230 ἐναπόγραφοι,
2073 1185 2105 1218 εἰ
2135 1182 2174 1217 δὲ
2203 1184 2241 1224 ἐξ
2270 1183 2469 1229 ἐλευθέρας,

247 1230 395 1274 μενοῦσι
416 1232 484 1274 μὲν
509 1229 692 1274 έλευθεροι
715 1232 775 1263 καὶ
798 1228 844 1262 τὰ
868 1226 950 1275 παρ’
975 1228 1099 1263 αὐτῶν
1115 1229 1300 1271 κτηθέντα
1323 1225 1384 1264 ὑπ’
1410 1227 1530 1263 αὐτοῖς
1553 1230 1656 1263 ἔσται
1679 1231 1738 1262 καὶ
1762 1226 1802 1263 οὗ
1827 1228 2013 1264 πεκούλιον
2033 1228 2221 1276 γενήσεται
2242 1231 2319 1263 τῶν
2343 1227 2470 1264 δεσπο-

247 1276 332 1319 τῶν,
356 1273 419 1309 οὐκ
445 1273 690 1315 ἐξελεύσονται
714 1272 754 1307 δὲ
776 1275 839 1308 τοῦ
863 1277 1005 1319 χωρίου,
1029 1270 1119 1308 ἀλλὰ
1135 1276 1241 1308 τοῦτο
1257 1274 1532 1320 γεωργήσουσιν,
1557 1271 1639 1308 οῦδὲ
1661 1276 1764 1308 ἔσται
1788 1271 1905 1309 αὐτοῖς
1927 1273 2029 1308 ἄδεια
2051 1276 2158 1309 τοῦτο
2181 1276 2247 1318 μὲν
2267 1271 2470 1318 ἀπολιμπά-

247 1334 325 1354 νειν
348 1322 451 1364 ἕτερα
483 1318 523 1353 δὲ
552 1322 777 1364 περινοστεῖν
800 1316 979 1363 ἀλλότρια,
1012 1317 1107 1362 πλὴν
1130 1319 1161 1352 εἰ
1191 1319 1240 1362 μὴ
1270 1317 1384 1365 κύριοι
1413 1322 1575 1365 γένοιντο
1606 1316 1763 1362 κτήσεώς
1785 1331 1880 1354 τινος
1905 1317 2005 1362 ἰδίας,
2037 1319 2157 1362 ἱκανῆς
2181 1318 2285 1361 οὔσης
2308 1317 2471 1362 ἀσχολεῖν

248 1361 376 1399 αὐτοὺς
399 1368 481 1409 περὶ
507 1362 618 1406 αὐτὴν
641 1367 701 1397 καὶ
723 1362 773 1408 μὴ
797 1363 1045 1410 συγχωρούσης
1067 1367 1127 1397 καὶ
1149 1366 1253 1408 ἕτερα
1272 1367 1454 1410 γεωργεῖν,
1479 1365 1525 1397 εἰς
1550 1366 1689 1406 ἐκείνην
1705 1376 1744 1397 τε
1766 1368 1995 1406 μετασταῖεν·
2020 1366 2195 1411 ἐπείτοιγε
2214 1365 2303 1399 πᾶσι
2325 1363 2471 1408 τρόποις

249 1407 374 1444 αὖτοὺς
397 1412 519 1453 μένειν
539 1409 762 1452 θεσπίζομεν
786 1410 846 1442 ἐπὶ
871 1410 934 1443 τοῦ
958 1412 1100 1455 χωρίου,
1133 1408 1339 1455 ἐλευθέρους
1369 1411 1436 1453 μὲν
1465 1410 1713 1451 καθεστῶτας,
1745 1406 1819 1444 ἀπὸ
1851 1407 1891 1443 δὲ
1919 1410 1981 1453 τῆς
2009 1408 2178 1453 οἰκήσεως
2208 1412 2469 1453 κατεχομένους.

247 1457 307 1488 καὶ
329 1455 436 1489 τοῦτο
458 1456 525 1498 μὲν
545 1451 631 1501 τῇδε
655 1451 896 1496 διατετάχθω.

1234 1521 1389 1558 CAPUT
1410 1521 1473 1557 III.

383 1586 455 1625 Οὔκ
484 1587 556 1625 ἅπο
587 1587 628 1624 δέ
655 1588 793 1632 τρόπου
823 1587 948 1630 ἔδοξεν
970 1586 1056 1633 ἡμῖν
1079 1585 1219 1623 κάκεῖνο
1251 1589 1412 1632 ζητηθέν
1435 1588 1606 1634 ἡμετέρας
1636 1587 1845 1633 διακρίσεως
1867 1585 2031 1628 ἀξιῶσαι.
2079 1587 2110 1621 εἰ
2128 1585 2199 1643 γὰρ
2223 1586 2472 1633 ἐναπόγραφος

245 1633 335 1682 γυνὴ
359 1634 447 1680 πρὸς
471 1632 724 1681 ἐναπογράφου
746 1635 847 1669 τινὸς
870 1635 980 1679 ἑτέρῳ
1001 1631 1239 1678 προςήκοντος
1261 1633 1367 1668 ἔλθοι
1391 1636 1572 1688 συζυγίαν,
1594 1633 1754 1677 ἐζητήθη
1779 1637 1861 1680 περὶ
1885 1634 1947 1676 τῆς
1968 1632 2083 1685 γονῆς,
2107 1645 2138 1666 ει
2154 1630 2277 1667 παῖδες
2293 1632 2332 1672 ἐξ
2349 1630 2472 1667 αὐτῶν

247 1683 423 1726 γένοιντο,
455 1677 613 1725 πότερον
636 1679 810 1725 προςῆκόν
832 1680 910 1713 ἐστι
937 1680 990 1722 τῷ
1021 1675 1178 1725 δεσπότῃ
1208 1679 1272 1714 τοῦ
1302 1676 1431 1726 ἀνδρὸς
1459 1693 1482 1723 η
1513 1679 1567 1723 τῷ
1597 1677 1756 1726 δεσπότῃ
1785 1680 1846 1722 τῆς
1866 1689 2033 1724 γυναικος
2056 1675 2239 1724 διαφέρειν
2259 1676 2325 1720 τὴν
2347 1675 2469 1724 γονήν.

384 1782 411 1803 c.
427 1769 492 1803 III
511 1781 663 1803 summam
688 1769 808 1802 Theod.
833 1770 946 1812 repetit
969 1768 1026 1801 ΒΣ
1041 1770 1096 1810 48,
1117 1775 1165 1810 26,
1182 1777 1207 1803 3.

247 1939 382 1972 nuatae
409 1935 562 1981 fuerint,
592 1945 656 1971 eae
686 1935 847 1970 omnibus
875 1933 990 1969 modis
1018 1934 1159 1970 silentio
1183 1935 1450 1979 confirmentur,
1474 1934 1531 1969 sin
1554 1938 1671 1970 autem
1699 1935 1776 1970 sine
1799 1935 2041 1971 insinuatione
2062 1935 2269 1977 manserint,
2293 1934 2474 1971 excedant

249 1985 368 2017 autem
397 1979 557 2021 modum,
588 1979 652 2024 qui
682 1979 925 2015 insinuatione
956 1978 1137 2024 indiqeat,
1168 1990 1282 2025 usque
1312 1979 1362 2013 ad
1392 1989 1470 2014 eam
1502 1978 1695 2015 dumtaxat
1725 1979 1960 2025 quantitatem
1984 1979 2138 2021 valeant,
2163 1984 2340 2025 quatenus
2363 1980 2471 2015 etiam

247 2037 320 2061 non
343 2025 546 2060 insinuatas
569 2023 782 2059 donationes
800 2024 928 2067 firmas
951 2034 1028 2058 esse
1051 2035 1074 2058 a
1092 2024 1195 2059 nobis
1217 2023 1392 2058 sancitum
1416 2026 1479 2058 est.
1519 2023 1601 2058 Hoc
1625 2025 1716 2059 enim
1742 2034 1821 2058 cum
1871 2024 2043 2059 osteriore
2068 2028 2226 2070 tempore
2241 2026 2472 2060 sanxerimus

247 2070 366 2107 valere
389 2069 560 2111 volumus,
584 2079 650 2103 nec
672 2079 756 2104 vero
779 2073 931 2113 propter
953 2067 1188 2103 adiectionem
1212 2067 1425 2112 quantitatis
1448 2067 1659 2103 intercidere
1679 2069 1786 2103 etiam
1809 2069 1822 2102 i
1870 2068 1969 2113 quod
1991 2073 2086 2104 recte
2108 2079 2146 2104 se
2161 2068 2291 2104 habere
2305 2073 2472 2114 poterat:

247 2114 345 2161 quod
374 2113 515 2160 quidem
545 2114 651 2148 etiam
676 2113 720 2148 de
738 2112 993 2147 donationibus
1015 2113 1054 2147 in
1077 2113 1280 2147 universum
1303 2112 1375 2147 iam
1399 2112 1462 2147 lex
1485 2116 1610 2148 nostra
1634 2112 1730 2148 dicit.
1777 2114 1892 2159 Atque
1916 2112 2004 2148 haec
2027 2124 2101 2148 non
2123 2113 2239 2148 solum
2262 2114 2299 2147 in
2323 2113 2470 2149 muliere

246 2164 282 2196 et
308 2160 385 2194 viro
415 2158 479 2194 sed
508 2158 614 2194 etiam
646 2158 683 2192 in
713 2157 841 2193 ceteris
861 2156 1029 2203 personis
1052 2156 1207 2201 valeant,
1230 2158 1324 2192 inter
1347 2167 1439 2202 quas
1460 2157 1674 2193 donationes
1697 2161 1885 2193 constante
1907 2158 2132 2193 matrimonio
2149 2156 2358 2204 prohibitae
2374 2164 2469 2194 sunt.

379 2203 426 2239 11.
474 2202 671 2239 Praeterea
702 2202 746 2238 de
776 2201 933 2238 secundo
965 2202 1083 2247 capite
1118 2213 1140 2236 a
1174 2201 1391 2236 sublimitate
1427 2205 1489 2237 tua
1524 2202 1739 2247 interroqati
1771 2213 1909 2245 sumus,
1947 2214 2031 2237 num
2063 2207 2152 2249 post
2185 2203 2470 2238 constitutionem

246 2252 410 2285 nostram
440 2259 533 2294 quae
563 2249 598 2283 si
625 2248 690 2293 qui
718 2258 768 2283 ex
799 2246 911 2283 libera
935 2250 970 2282 et
994 2246 1226 2292 adscripticio
1251 2249 1449 2282 nascantur
1472 2257 1534 2282 eos
1558 2246 1688 2282 liberos
1710 2258 1785 2283 esse
1809 2247 1884 2283 vult
1904 2251 2057 2294 propter
2079 2247 2205 2283 matris
2228 2246 2471 2283 condicionem

246 2293 524 2330 existimandum
560 2293 619 2335 sit,
650 2292 790 2327 tametsi
825 2291 1049 2337 adscripticii
1080 2302 1153 2326 non
1182 2292 1255 2326 sint
1283 2291 1379 2336 facti
1408 2291 1603 2327 secundum
1633 2293 1691 2326 ius
1723 2293 1922 2338 antiquum,
1957 2298 2073 2328 tamen
2097 2293 2220 2338 utique
2243 2292 2393 2327 colonos
2416 2304 2476 2328 eos

244 2339 327 2384 fieri
349 2343 551 2384 propterca
583 2337 682 2384 quod
711 2337 827 2372 altera
858 2336 1066 2372 constitutio
1097 2339 1223 2371 nostra
1252 2336 1340 2380 filiis
1370 2347 1514 2382 quoquc
1538 2336 1748 2372 colonorum
1772 2348 1846 2373 non
1875 2338 2062 2383 permittat
2093 2341 2225 2373 terram
2255 2337 2471 2383 relinquere,

246 2383 311 2419 sed
337 2394 482 2419 manere
514 2382 662 2418 colonos
693 2382 831 2424 nabent,-
863 2381 971 2426 idque
1002 2380 1112 2416 multo
1135 2381 1252 2427 maqis
1274 2380 1328 2416 ita
1351 2392 1426 2416 esse
1449 2386 1628 2427 oportere,
1661 2381 1806 2427 quando
1834 2382 1950 2417 uidem
1975 2382 2118 2417 omnino
2141 2382 2236 2417 inter
2259 2381 2326 2417 lias
2340 2393 2471 2428 perso-

246 2440 314 2464 nas
337 2427 650 2474 adscripticiorum
672 2427 721 2462 sit
737 2426 946 2473 proqenies.
983 2425 1086 2461 Haec
1109 2426 1223 2470 iqitur
1245 2425 1530 2472 interroqatione
1555 2431 1617 2462 tua
1640 2427 1677 2461 in
1699 2438 1792 2474 prae
1817 2427 1888 2462 icto
1905 2427 2022 2473 capite
2038 2426 2323 2462 continebantur.
2361 2427 2472 2478 Atqui

246 2478 396 2509 mentem
417 2477 579 2508 nostram
603 2472 872 2507 considerantes
894 2481 999 2506 nosse
1023 2474 1165 2517 oportet
1188 2481 1380 2515 numquam
1405 2482 1472 2506 nos
1490 2472 1711 2518 permittere,
1736 2476 1777 2507 ut
1800 2471 1888 2507 liber
1907 2476 2028 2508 venter
2051 2471 2321 2517 adscripticium
2333 2475 2472 2517 pariat,

246 2518 310 2553 sed
340 2517 434 2553 lianc
465 2517 607 2569 quidem
634 2523 755 2552 notam
777 2520 813 2551 et
834 2516 975 2560 siqnum
1000 2519 1086 2550 nato
1105 2519 1193 2562 post
1216 2514 1327 2561 leqem
1353 2518 1436 2551 tunc
1460 2516 1571 2551 latam
1598 2527 1674 2552 esse
1696 2516 1960 2563 imponendum,
1986 2522 2027 2552 ut
2050 2517 2192 2552 omnino
2217 2516 2364 2552 libertas
2387 2527 2470 2551 con-

247 2565 269 2599 1
315 2563 436 2598 veniat
466 2562 511 2597 iis
541 2562 605 2607 qui
636 2572 686 2597 ex
716 2560 829 2596 libera
860 2564 975 2595 matre
1007 2566 1216 2596 nascantur.
1263 2558 1305 2594 Si
1354 2561 1410 2595 uis
1433 2561 1546 2613 iqitur
1568 2572 1618 2596 ex
1641 2561 1753 2596 libera
1776 2566 1810 2597 et
1832 2561 2064 2608 adscripticio
2087 2564 2195 2596 natus
2217 2561 2275 2602 sit,
2299 2564 2418 2596 manet
2440 2561 2473 2596 is

247 2607 390 2653 quidem
421 2606 510 2643 tiber
539 2609 575 2642 et
604 2610 803 2642 maternam
833 2605 1089 2651 inqenuitatem
1121 2604 1221 2640 nullo
1253 2571 1358 2640 moess)
1390 2605 1522 2647 abzcit;
1554 2606 1711 2641 ostendit
1740 2612 1858 2641 autem
1882 2606 2088 2641 constitutio
2113 2617 2135 2641 a
2158 2605 2260 2641 nobis
2281 2606 2472 2656 proposita

247 2664 286 2687 se
310 2653 399 2688 tales
422 2650 583 2687 homines
601 2651 689 2688 velle
713 2650 852 2686 incolas
872 2649 1107 2696 praediorum
1131 2649 1356 2695 cultoresque
1380 2661 1402 2684 a
1429 2661 1552 2685 rorum
1583 2661 1739 2693 manere,
1769 2655 1891 2696 utpote
1919 2651 1968 2686 ibi
1998 2651 2161 2697 qenitos:
2194 2650 2261 2686 hoc
2289 2660 2381 2686 enim
2404 2650 2473 2685 sibi

246 2697 323 2733 vult
345 2696 466 2732 coloni
489 2695 698 2743 appellatio.
745 2694 805 2730 Ita
832 2706 876 2730 ue
898 2705 972 2729 non
996 2694 1223 2730 concedimus
1246 2694 1290 2729 iis
1312 2694 1398 2735 facu
1416 2700 1523 2730 tatem
1544 2696 1733 2741 praedium
1753 2695 1980 2741 relinquendi
2001 2699 2038 2732 et
2060 2695 2109 2730 ad
2131 2695 2205 2730 alia
2227 2706 2266 2730 se
2289 2695 2449 2731 vertendi
2456 2707 2472 2736 ,·

246 2742 311 2777 sed
331 2742 364 2776 si
388 2742 451 2787 qui
473 2742 618 2776 omnino
642 2741 679 2775 in
697 2750 795 2786 prae
821 2740 856 2774 io
880 2739 1003 2784 aliquo
1026 2740 1105 2774 nati
1128 2740 1211 2784 sint,
1235 2739 1268 2774 si
1291 2739 1432 2784 quidem
1456 2750 1505 2775 ex
1528 2740 1652 2775 adscri
1677 2740 1760 2775 ticia
1783 2747 1908 2782 matre,
1931 2740 2163 2785 manifestum
2186 2744 2240 2775 est
2263 2740 2387 2785 utique
2409 2750 2472 2775 eos

247 2786 501 2832 adscripticios
521 2786 673 2831 futuros
696 2795 782 2827 esse,
806 2785 863 2819 sin
885 2795 935 2820 ex
958 2784 1069 2819 libera
1093 2788 1217 2828 matre,
1241 2784 1433 2819 manebunt
1456 2785 1598 2830 quidem
1623 2785 1646 2820 li
1672 2785 1725 2819 eri
1748 2789 1782 2820 et
1805 2795 1899 2830 quae
1922 2785 1966 2820 ab
1991 2786 2035 2819 iis
2059 2785 2237 2830 acquisita
2260 2788 2346 2819 sunt
2389 2794 2472 2819 enes

247 2833 346 2877 ipsos
377 2834 483 2866 erunt
513 2841 578 2865 nec
596 2830 776 2876 peculium
797 2830 863 2874 fiet
885 2828 1123 2870 dominorum,
1148 2839 1212 2863 nec
1237 2832 1354 2864 tamen
1377 2840 1427 2864 ex
1448 2829 1601 2875 praedio
1622 2829 1862 2875 eqredientur,
1886 2829 1949 2865 sed
1971 2829 2038 2864 noc
2062 2831 2190 2871 colent,
2214 2839 2329 2873 neque
2365 2828 2471 2864 icebit

247 2877 294 2911 iis
319 2875 387 2911 lzoc
411 2875 615 2920 relinquere
638 2879 746 2920 atque
769 2875 843 2909 alia
868 2873 967 2909 obire
991 2873 1122 2915 aliena,
1144 2874 1217 2908 nisi
1240 2874 1345 2919 'forte
1367 2873 1502 2909 domini
1521 2875 1621 2920 facti
1640 2875 1713 2910 sint
1730 2875 1909 2921 propriae
1932 2873 2085 2909 alicuius
2106 2872 2353 2919 possessionis,
2377 2883 2470 2925 quae

246 2921 412 2965 sufficiat
441 2920 489 2954 acl
518 2930 579 2954 eos
609 2920 646 2954 in
675 2921 757 2965 ipsa
789 2918 1020 2964 occupandos
1051 2929 1116 2954 nec
1147 2918 1223 2953 alia
1252 2928 1393 2964 quoque
1426 2920 1533 2954 etiam
1557 2919 1675 2954 colere
1691 2921 1892 2965 permittat,
1917 2923 2026 2964 atque
2049 2919 2087 2953 in
2110 2918 2209 2954 illam
2234 2922 2468 2963 transmtqra-

247 2966 333 3000 rint.
378 2964 524 3010 Alioqui
549 2963 709 2999 omnibus
732 2963 847 2998 modis
871 2968 911 2998 ut
934 2967 1103 2998 maneant
1133 2963 1171 2997 in
1197 2962 1353 3009 praedio
1385 2965 1585 3006 sancimus,
1622 2964 1724 2999 liberi
1756 2963 1896 3009 quidem
1929 2963 2130 3006 constituti,
2162 2962 2320 2998 incolatu
2353 2966 2471 2997 autem

248 3010 390 3045 detenti.
437 3011 556 3054 Atque
580 3008 647 3043 noc
671 3008 813 3054 quidem
836 3008 888 3043 ita
912 3008 1145 3043 constitutum
1168 3013 1254 3043 esto.

381 3054 444 3089 III.
493 3053 576 3088 Non
611 3053 676 3088 abs
710 3064 750 3088 rc
784 3056 901 3088 autem
936 3052 1040 3088 nobis
1075 3053 1186 3088 visum
1217 3055 1269 3088 est
1300 3051 1391 3087 illud
1421 3063 1565 3098 quoque
1596 3054 1634 3088 in
1668 3054 1912 3098 quaestionem
1943 3055 2106 3088 vocatum
2138 3050 2317 3087 decisione
2346 3055 2469 3087 nostra

248 3099 404 3144 diqnari.
452 3098 547 3133 Nam
575 3098 607 3133 si
631 3097 867 3144 adscripticia
889 3097 1017 3132 mulier
1041 3107 1119 3131 cum
1144 3096 1376 3143 adscripticio
1401 3098 1523 3142 aliquo
1549 3098 1613 3143 qui
1637 3099 1685 3133 act
1707 3098 1815 3133 alium
1838 3098 2019 3143 pertineat
2042 3096 2248 3142 coniuqium
2271 3096 2404 3137 inierit,
2427 3096 2471 3131 de

246 3144 351 3190 prole
380 3144 580 3189 quaesitum
605 3146 673 3187 est,
704 3144 739 3178 si
768 3142 870 3178 tiberi
899 3153 949 3178 cx
979 3142 1025 3177 iis
1054 3146 1264 3184 nascantur,
1294 3146 1414 3177 utrum
1445 3142 1494 3177 ad
1516 3142 1698 3178 dominum
1722 3143 1792 3178 viri
1811 3154 1859 3177 an
1883 3142 1932 3177 ad
1950 3142 2129 3177 dominum
2153 3140 2314 3176 mulieris
2334 3140 2472 3187 prolem

297 3314 313 3345 1
346 3311 529 3354 *μείνοιεν
553 3311 663 3343 MLB
691 3309 703 3354 ΙΙ
734 3312 753 3344 2
781 3309 894 3352 μόνον
924 3311 1018 3343 tacite
1045 3310 1233 3343 Zachariae
1261 3308 1273 3354 ss
1304 3310 1323 3343 3

249 3356 358 3389 τοῦτο
379 3374 421 3380 ——
441 3354 653 3399 βουλόμεθα
683 3362 844 3399 suspectat
867 3355 1054 3388 Zachariae
1083 3354 1096 3398 ΙΙ
1123 3352 1323 3406 νομοὶθετή-

251 3403 388 3441 σαντες]
416 3401 493 3434 Cod.
509 3402 540 3441 8,
554 3408 600 3441 53,
613 3407 648 3434 36
666 3405 682 3440 9
697 3407 713 3434 3
734 3400 747 3443 ΙΙ
778 3395 877 3432 αὐτῶ
903 3400 972 3437 ΒΡς
1009 3401 1067 3443 leq.
1093 3401 1153 3432 καὶ
1176 3396 1290 3432 αυτόῗ
1312 3400 1325 3442 ΙΙ

251 3448 272 3478 4
296 3442 414 3488 νόμος]
435 3446 512 3478 Cod.
527 3447 557 3485 8,
572 3452 618 3486 53,
632 3452 665 3478 34
682 3449 697 3483 §
713 3452 725 3478 1
743 3444 755 3487 ΙΙ
774 3447 792 3478 7
807 3441 1046 3488 έρωτήθημεν
1059 3444 1105 3477 M
1114 3444 1125 3484 ΙΙ
1145 3441 1322 3483 διάταξιν]

257 3491 511 3530 Cod.11‚4s‚24
540 3488 553 3533 ΙΙ
580 3491 600 3523 9
629 3486 747 3530 ὄντας]
778 3488 870 3522 εἶναι
899 3489 1088 3522 Zachariae
1117 3487 1196 3522 ‘nisi
1226 3489 1323 3521 altius

253 3535 435 3575 corruptela
460 3531 584 3567 lateat'.
635 3535 751 3567 Omnia
773 3546 867 3567 sana.
894 3533 907 3576 ΙΙ
929 3532 979 3577 μὴ
1004 3535 1063 3566 καὶ
1085 3534 1115 3566 L
1131 3532 1143 3577 ΙΙ
1171 3530 1323 3566 κολωνοὶ

254 3578 310 3617 Μ]
335 3577 518 3619 μισθωτοὶ
542 3578 584 3618 L,
608 3586 636 3611 et
658 3581 705 3612 sic
729 3580 818 3621 infra
843 3585 1024 3611 constanter
1041 3578 1053 3621 ΙΙ
1072 3580 1113 3612 10
1142 3574 1322 3618 διάταξιν]

259 3622 335 3653 Cod.
353 3624 404 3662 11,
419 3630 466 3662 48,
480 3629 513 3655 23
530 3627 572 3659 §1
599 3622 611 3665 ss
634 3621 726 3663 τούς]
751 3624 814 3656 τοῦ
842 3624 870 3655 L
897 3623 909 3662 ΙΙ
935 3624 973 3657 11
999 3625 1059 3655 καὶ
1079 3636 1137 3656 om.
1162 3624 1194 3655 L
1213 3621 1225 3666 ss
1247 3620 1323 3656 δεῖν

262 3664 340 3705 ML]
365 3662 418 3697 δεῖ
439 3678 505 3698 cum
524 3667 719 3700 Haloandro
743 3668 827 3711 vulq.
844 3667 857 3710 ΙΙ
877 3668 917 3700 12
941 3670 1077 3711 σποραί
1093 3668 1122 3700 L
1140 3666 1152 3710 ΙΙ
1174 3669 1212 3701 13
1236 3667 1323 3701 νοῦν

1394 3311 1452 3350 Μ]
1476 3307 1589 3353 νόμον
1614 3310 1644 3343 L
1669 3311 1756 3353 quod
1770 3317 1945 3353 praestare
1965 3316 2060 3352 putat
2083 3308 2270 3341 Zachariae
2299 3307 2311 3350 ΙΙ
2343 3310 2383 3342 14
2407 3318 2465 3350 ση-

1391 3357 1503 3397 μεῖον]
1529 3353 1571 3387 τὸ
1596 3357 1743 3398 σημεῖον
1767 3356 1798 3387 L
1815 3353 1826 3398 ΙΙ
1849 3356 1888 3388 15
1912 3355 2098 3398 γινομένης
2124 3353 2170 3386 Μ
2186 3354 2388 3396 γενομένοις
2411 3354 2441 3386 L
2457 3354 2469 3395 ΙΙ

1395 3402 1435 3432 16
1455 3398 1572 3441 τεχθῆ
1596 3400 1633 3433 Β
1650 3400 1661 3443 ΙΙ
1677 3402 1788 3442 μένει]
1812 3399 1843 3431 εἰ
1867 3399 1898 3431 L
1914 3399 1926 3442 ΙΙ
1947 3394 2093 3431 ἇπόλλει
2116 3397 2167 3430 Bs
2176 3398 2188 3440 Η
2206 3399 2246 3431 18
2269 3396 2336 3430 τὸν
2358 3392 2468 3441 ἆγρὸν

1394 3445 1446 3477 1312
1470 3444 1481 3487 ιι
1500 3433 1647 3477 κολοιοῦ
1673 3445 1726 3477 Bt·
1755 3443 1948 3487 μισθωτοῦ
1974 3443 2059 3476 LBr
2077 3442 2089 3484 Η
2107 3438 2298 3487 aedanum
2321 3441 2399 3494 Lau
2427 3442 2467 3474 19

1392 3487 1591 3574 λῗὲῗὲξῗρ
1602 3490 1760 3566 ο(ἕτῗ93”
1783 3490 1831 3566 ῗ
1829 3488 2123 3576 ἷῖἰὲῗωὲἱζοῖιςῗὲ
2139 3486 2371 3575 ιιέῗταέἵῗῗέρ
2374 3496 2444 3560 αὲἷ
2446 3497 2468 3572 '1³1

1391 3574 1474 3618 ὑπ’]
1500 3547 1600 3623 παρΞῖ
1611 3546 1772 3622 ἔριῃφθυὸ
1808 3546 2160 3622 ἕτερονμΗαΖοαηᾱεν)
2187 3573 2199 3616 ΙΙ
2223 3541 2408 3624 εόδὶίλλότριοι
2433 3573 2464 3606 L

1391 3619 1591 3667 (ἀλλότριον
1616 3624 1825 3663 Haloander)
1851 3622 1863 3664 ss
1885 3623 2052 3667 γένονται
2072 3620 2104 3652 L
2128 3618 2140 3660 ΙΙ
2167 3619 2206 3650 27
2232 3628 2304 3649 auo
2328 3615 2464 3663 τρόπον

1391 3664 1431 3701 δὲ
1453 3667 1507 3701 ΒΡ
1532 3667 1544 3711 ΙΙ
1560 3663 1690 3712 ’ἧμέρας
1714 3668 1766 3700 ΒΡ
1789 3667 1801 3709 ΙΙ
1821 3668 1863 3700 29
1887 3663 2051 3708 πότερον]
2076 3664 2198 3706 ἕτερον
2222 3661 2268 3696 M

2496 739 2534 771 10

2496 963 2536 995 15

2495 1185 2536 1217 20

2494 1408 2535 1439 25
