2580 4022
1293 124 1379 170 744
1415 119 1422 123 ’

236 131 343 174 Nov.
369 130 479 172 CLX
508 142 570 183 pr.
595 133 612 169 1
2006 141 2257 173 EXEMPLUM
2285 141 2455 173 SACRAE

1350 259 1374 268 -.

1321 258 1376 290 Pa

672 323 847 376 ΙΣΟΝ
896 322 1122 375 ΘΕΙΟῨ
1172 323 1709 377 ΠΡΑΓΜΑΤΙΚΟῩ
1757 324 2020 380 TYIIOY.

886 398 1135 447 Αὐτοκράτωρ
1156 397 1407 436 ’Ῑουστινιανὸς
1430 401 1637 448 Αὔγουστος
1661 407 1805 447 Παπίῳ.

363 467 678 514 (Προοίμιον.)
720 466 991 514 Ἀριστοκράτης
1021 467 1041 501 ὁ
1075 467 1358 514 ἐλλογιμώτατος
1388 469 1509 516 πατὴρ
1540 472 1602 513 τῆς
1631 467 1887 516 Ἀφροδισιέων
1918 470 2055 507 πόλεως
2084 477 2144 506 καὶ
2175 474 2210 508 οἱ
2234 473 2310 508 κατ’
2345 472 2458 517 αὐτὴν

230 515 436 555 κεκτημένοι
459 512 571 546 ἱκέται
593 512 786 558 γεγόνασιν
810 511 925 556 ἡμῶν,
951 512 1147 558 φάσκοντες
1170 513 1239 556 τὴν
1261 515 1451 559 εἰρημένην
1473 514 1582 549 πόλιν

363 560 423 590 καὶ
446 558 537 598 μετά
561 570 645 591 τινα

364 602 520 647 Πρῶτον
550 603 616 645 μὲν
648 603 761 637 ἐκεῖνο
791 605 984 647 νομίζομεν
1013 602 1057 636 τὸ
1089 603 1173 636 τοὺς
1203 600 1392 648 ἡμετέρους
1423 600 1552 646 νόμους
1582 602 1680 639 οὕτω
1711 604 1811 639 τινας
1842 603 2081 650 ἐκλαμβάνειν
2111 620 2151 641 τε
2181 611 2241 641 καὶ
2271 610 2378 649 νοεῖν,
2409 606 2459 642 οἷς

231 646 405 679 ἐντεῦθεν
435 647 571 680 ἑαυτοῖς
601 647 693 680 καθ’
720 644 765 681 ὃν
796 645 927 690 ἥκιστα
960 648 1066 691 ἐχρῆν
1098 644 1333 691 ἀδικημάτων
1363 651 1531 692 παρέχειν
1562 646 1735 695 ἀφορμάς.
1782 648 2029 695 ἐδιδάχθημεν
2061 651 2132 696 γὰρ
2166 652 2265 697 παρὰ
2296 654 2360 686 τοῦ
2395 654 2458 694 τῆς

230 688 367 724 πόλεως
398 690 535 736 πατρὸς
566 695 711 736 χρυσίον
743 692 873 734 συχνὸν
904 689 1109 737 ἠθροῖσθαι
1140 693 1184 738 τῇ
1215 690 1319 727 πόλει
1351 696 1389 726 ἐκ
1413 697 1618 737 πρεσβείων
1640 694 1975 739 καταλελειμμένων
1998 695 2097 741 παρά
2127 709 2242 731 τινων
2265 698 2309 744 τῇ
2331 694 2457 741 Ἀφρο-

231 733 376 769 δισιέων
399 734 519 779 πόλει,
550 740 608 769 καὶ
638 732 737 770 ὅπως
765 734 813 770 ἂν
833 737 881 780 μὴ
913 740 1021 770 τοῦτο
1052 736 1274 779 ἐξαπόλοιτο,
1306 737 1408 772 τινὰς
1435 739 1513 771 τῶν
1537 740 1576 772 ἐν
1607 737 1754 783 δυνάμει
1777 740 1839 782 τῆς
1863 737 2000 774 πόλεως
2023 742 2222 784 νείμασθαι
2244 740 2287 775 τὸ
2312 746 2458 785 χρυσίον

230 781 346 820 τοῦτο,
373 777 426 825 ἐφ’
453 781 482 823 a}
507 793 547 815 τε
570 779 662 825 ’ὑπὲρ
686 779 797 814 αὐτοῦ
819 782 864 828 τῇ
889 781 991 816 πόλει
1015 780 1198 816 συντελεῖν
1220 784 1320 816 ἔτους
1343 780 1495 816 ἑκάστου
1519 779 1610 829 ὅπερ
1634 784 1705 818 εἴτε
1728 795 1781 818 τις
1804 785 1920 828 νομὴν
1943 786 2014 819 εἴτε
2037 786 2153 829 πόρον
2174 786 2243 819 εἴτε
2266 789 2326 820 καὶ
2348 786 2459 820 τόκον

231 823 352 858 καλεῖν
367 824 576 868 βουληθείη,
602 827 710 859 τοῦτο
736 822 756 859 3
778 823 954 871 προςῆκόν
979 827 1055 868 ἐστι
1076 827 1255 871 φέρεσθαι
1277 827 1321 873 τῇ
1346 826 1458 868 πόλει,
1483 829 1549 862 ἕως
1572 826 1620 861 ἂν
1632 827 1674 862 τὸ
1698 832 1844 873 χρυσίον
1867 829 1966 875 παρὰ
1990 831 2044 872 τῷ
2068 828 2221 873 λαβόντι
2243 833 2354 876 μένῃ·
2377 830 2460 864 τοὺς

228 872 352 911 μέντοι
375 870 417 903 τὸ
437 873 583 915 χρυσίον
606 869 680 912 εἰλη
714 869 804 912 ότας,
837 868 962 913 ἐπειδὴ
988 869 1155 911 διάταξιν
1179 869 1366 916 ἐθήκαμεν
1389 870 1480 917 ὑπὲρ
1509 872 1551 907 τὸ
1582 870 1776 907 διπλάσιον
1798 873 1847 918 μὴ
1870 875 2137 920 συγχωρεῖσθαι
2161 877 2233 909 τοῖς
2257 873 2459 909 δανεισταῖς

230 911 399 948 ἀπαιτεῖν
423 917 466 948 τὸ
489 918 598 959 χρέος,
630 913 674 948 ἀλ
698 914 705 925 ’
731 914 923 960 ἀρκεῖσθαι
947 915 1066 958 τούτῳ
1091 919 1151 949 καὶ
1174 913 1289 960 μόνῳ,
1321 915 1470 960 φάσκειν
1494 915 1542 951 ιὸς
1573 916 1696 960 ἐπειδὴ
1730 918 2043 963 καταβεβλήκασιν
2068 918 2159 965 ὑπὲρ
2191 918 2233 953 τὸ
2257 918 2458 961 διπλάσιον,

230 956 286 991 δεῖ
313 959 355 992 τὸ
389 962 582 1005 πρεσβεῖον
613 956 818 994 ἀπολέσθαι
850 961 894 1007 τῇ
926 959 1041 995 πόλει.
1089 963 1150 993 καὶ
1180 958 1388 994 ἀδικεῖσθαι
1421 964 1489 1005 μὲν
1514 961 1578 997 τὰς
1612 961 1828 1007 ἐκπυρώσεις
1862 965 1940 997 τῶν
1960 962 2143 1008 δημοσίων
2165 963 2371 1008 βαλανείων
2396 964 2459 998 τὰς

230 1003 405 1037 ἐντεῦθεν
436 1007 636 1050 γινομένας,
667 1004 913 1039 ἐλαττοῦσθαι
945 1003 986 1038 δὲ
1014 1003 1061 1038 τά
1085 1007 1172 1052 ἔργα
1196 1004 1240 1039 τοὶ
1265 1003 1429 1049 δημόσια,
1458 1010 1518 1040 καὶ
1549 1007 1616 1042 τὸν
1644 1004 1818 1054 ἡμέτερον
1839 1008 1954 1052 νόμον
1976 1008 2069 1043 κατὰ
2093 1008 2161 1052 τὴν
2185 1010 2334 1044 ἐκείνων
2356 1010 2460 1054 ἑρμη-

229 1051 331 1082 νείαν
353 1050 397 1095 τῇ
423 1047 528 1083 πόλει
552 1048 804 1093 λυμαίνεσθαι.

1244 1095 1400 1131 CAPUT
1420 1096 1450 1131 Ι.

372 1161 490 1194 Ταῦτα
514 1156 661 1195 ἅπαντα
683 1158 809 1207 πόρρω
833 1162 896 1204 τῆς
918 1160 1088 1208 ἡμετέρας
1112 1162 1321 1197 ἐλαύνοντες
1344 1162 1525 1198 πολιτείας
1547 1163 1784 1207 θεσπίζομεν,
1806 1163 1890 1199 τοὺς
1911 1164 1954 1199 τὸ
1976 1168 2121 1209 χρυσίον
2145 1162 2334 1210 εἰληφότας
2358 1161 2411 1210 ἐφ’
2429 1155 2461 1208 ᾧ

230 1218 269 1238 τε
293 1201 369 1239 ἀντ’
392 1203 506 1238 αὐτοῦ
530 1203 672 1239 διδόναι
696 1219 734 1239 τι
757 1205 855 1240 τέλος
874 1208 918 1253 τῇ
943 1206 1056 1248 πόλει,
1088 1205 1233 1242 τούτους
1264 1206 1544 1254 ἀναγκασθῆναι
1574 1211 1744 1254 μέχριπερ
1777 1207 1822 1243 ἂν
1845 1213 1961 1252 ἔχοιεν
1985 1210 2026 1244 τὸ
2058 1213 2202 1256 χρυσίον
2225 1211 2396 1255 εἰςφέρειν
2418 1209 2460 1243 τὸ

231 1247 320 1295 ὑπὲρ
353 1247 462 1283 αι’-τοῦ
492 1247 841 1294 ἀντιπεφωνημένον
865 1252 964 1285 ἔτους
995 1252 1155 1295 ἑκάστου,
1186 1253 1236 1296 μὴ
1268 1255 1498 1298 κεχρημένους
1527 1253 1713 1288 παντελῶς
1737 1254 1826 1298 πρὸς
1850 1255 1955 1288 τοῦτο
1979 1256 2024 1301 τῇ
2049 1255 2136 1296 θείᾳ
2159 1253 2264 1298 ἡμῶν
2288 1252 2460 1294 διατάξει.

231 1297 369 1337 ἐκείνην
392 1296 458 1338 μὲν
480 1294 550 1340 γὰρ
575 1296 634 1329 ἐπὶ
660 1293 862 1330 δανειστῶν
887 1294 1094 1342 ἐγράψαμεν
1118 1300 1178 1331 καὶ
1201 1299 1279 1331 τῶν
1313 1298 1418 1341 ἠτῶς
1442 1293 1533 1344 αὐτῇ
1565 1302 1828 1343 περιεχομένων
1852 1299 2042 1341 θεμάτων,
2075 1299 2117 1333 τὸ
2141 1296 2181 1332 δὲ
2211 1299 2332 1345 παρὸν
2354 1296 2460 1333 οὐδὲν

231 1341 364 1382 ἐκείνης
394 1335 566 1381 ἅπτεται,
598 1340 634 1373 εἴ
656 1353 697 1386 γε
727 1339 915 1387 προςόδων
945 1341 1082 1385 μᾶλλον
1115 1344 1268 1386 ἐτησίων
1295 1357 1317 1385 η
1349 1340 1470 1376 τόκων
1492 1346 1585 1376 ἔοικε
1612 1343 1806 1388 καταβολῆ,
1839 1342 1932 1388 ἡμᾶς
1961 1357 2000 1378 τε
2031 1345 2071 1378 ἐν
2094 1344 2162 1386 ἴσῳ
2184 1347 2256 1378 τοῖς
2280 1343 2461 1387 δημοσίοις

230 1383 410 1427 κήδεσθαι
433 1383 542 1430 (χρὴ)
565 1388 624 1418 καὶ
649 1386 726 1418 τῶν
750 1384 903 1420 πόλεων.
952 1387 997 1420 Εἰ
1021 1384 1063 1420 δέ
1090 1398 1143 1421 τις
1169 1391 1228 1421 καὶ
1251 1386 1342 1430 μετὰ
1367 1386 1474 1421 τόνδε
1496 1386 1600 1431 ἡμῶν
1622 1386 1688 1433 τὸν
1712 1381 1878 1434 παρόντα
1900 1388 2018 1423 τύπον
2041 1390 2169 1434 ἑτέρως
2198 1388 2393 1433 καταλάβοι
2416 1387 2461 1422 τὰ

231 1427 314 1474 παρ’
337 1427 439 1471 ἡμῶν
471 1429 776 1473 νομοθετηθέντα
808 1433 867 1463 καὶ
898 1427 1142 1475 ἀποστερῆσαι
1172 1431 1372 1477 βουληθείη
1405 1432 1472 1476 τὴν
1501 1429 1610 1467 πόλιν
1632 1434 1702 1466 ’τοῦ
1734 1433 1923 1479 δεδομένου
1953 1437 2106 1481 χρυσίου,
2141 1436 2201 1467 καὶ
2233 1435 2296 1468 τοῦ
2330 1433 2460 1479 χρόνου

233 1475 369 1508 παντὸς
392 1472 530 1508 ὁπόσον
551 1475 596 1521 τῇ
618 1474 722 1509 πόλει
743 1474 924 1520 ἐποφείλει
943 1475 1144 1518 καταθήσει
1168 1480 1228 1510 καὶ
1251 1472 1435 1511 άποδιόσει
1455 1476 1498 1511 τὸ
1521 1475 1722 1519 διπλάσιον,
1747 1480 1807 1514 ἵνα
1823 1480 1884 1523 τῆς
1899 1477 2098 1525 κακούργου
2113 1479 2299 1522 ἑρμηνείας
2314 1477 2459 1513 δικαίαν

231 1516 390 1596 άέοιβην
414 1516 604 1597 εἰπολὰβοι,
629 1517 723 1554 διότι
746 1520 865 1566 παρὸν
890 1518 990 1565 αὐτῷ
1016 1520 1146 1569 πολίτῃ
1171 1523 1373 1567 φαίνεσθαι
1395 1524 1538 1567 χρηστῷ
1563 1520 1676 1557 οὕτως
1700 1524 1778 1559 ἐστὶ
1793 1524 1947 1570 πονηρὸς
1963 1521 2011 1558 ὠς
2029 1523 2095 1567 τὴν
2112 1524 2330 1567 ἐνεγκοῦσαν
2346 1521 2459 1557 αὐτὸν

230 1578 251 1595 α
277 1567 375 1598 ικεῖν.
458 1567 494 1598 at
497 1590 926 1602 .............

366 1654 451 1687 Nov.
476 1655 574 1688 CLX
597 1655 723 1689 Graece
745 1662 863 1690 tantam
886 1664 973 1690 extat
996 1658 1029 1690 in
1054 1657 1139 1698 ML,
1164 1670 1190 1691 c.
1211 1661 1226 1692 t
1262 1658 1504 1700 (Θεσπίζομεν
1526 1655 1608 1691 τοὺς
1630 1661 1776 1701 χρυσίον
1800 1657 1940 1694 πόλεως
1962 1657 2152 1705 εἰληφότας
2176 1683 2315 1693 .......
2318 1659 2331 1700 )
2357 1658 2392 1691 Β
2407 1659 2461 1699 23,

232 1705 262 1740 3,
281 1705 327 1732 79.
351 1716 395 1722 —
419 1699 510 1742 Epie.
538 1700 658 1732 Theod.
684 1702 749 1734 160
768 1701 857 1741 (inde
880 1701 956 1743 ΒΣ)
964 1712 979 1742 ,·
1010 1710 1229 1744 aryumentum
1262 1710 1375 1736 notant
1393 1704 1571 1746 Appendix
1593 1703 1721 1737 Iuliani
1749 1706 1782 1738 in
1802 1705 1951 1739 clausula
1971 1706 2116 1739 novellae
2137 1703 2384 1738 CXXXVIII
2400 1704 2460 1736 ad-

232 1754 315 1776 nexa
338 1749 369 1776 et
391 1743 510 1776 Theod.
535 1756 565 1776 n.
594 1745 656 1778 138
679 1745 735 1788 (cfi
759 1746 806 1778 ad
822 1757 859 1788 p.
878 1748 954 1788 700,
969 1745 1012 1787 9).

477 1929 869 1982 EXEMPLUM
914 1931 998 1983 SA
1005 1932 1189 1983 ORAE
1229 1867 1736 1984 PJZZXcMATJOAE
1779 1934 2211 1987 SANCTIONIS.

933 2010 1139 2056 Imperator
1162 2010 1389 2046 lastinianus
1411 2012 1596 2057 Auqustus
1619 2011 1750 2058 Papio.

367 2074 626 2155 Praegatio.
674 2076 918 2111 Aristocrates
939 2077 1225 2121 facundissimus
1245 2081 1354 2123 pater
1369 2077 1665 2124 Aphrodisienses
1687 2078 1845 2115 civitatis
1867 2082 1902 2115 et
1926 2079 1989 2126 qui
2012 2080 2051 2115 in
2074 2091 2118 2116 ea
2131 2083 2217 2116 sunt
2228 2091 2459 2127 possessores

232 2120 415 2168 supplices
438 2131 484 2155 no
510 2122 540 2155 is
560 2120 658 2165 sacti
681 2124 776 2163 suni,
799 2121 957 2156 dicentes
977 2122 1205 2167 praedictam
1228 2122 1427 2158 civitatem.
1442 2147 1451 2157 .
1465 2149 1473 2156 .
1487 2148 1495 2156 .

369 2165 504 2201 Deinde
524 2165 653 2211 paucis
675 2165 917 2210 interpositis:

367 2212 420 2246 Ac
444 2210 601 2256 primum
629 2209 770 2256 quidem
799 2210 893 2245 illud
920 2211 1180 2254 existimamus,
1212 2222 1290 2247 esse
1320 2212 1382 2257 qui
1415 2212 1511 2257 leqes
1540 2214 1686 2247 nostras
1716 2212 1769 2248 ita
1800 2212 1982 2258 accipiant
2008 2216 2042 2249 et
2063 2213 2288 2260 intelleqant,
2311 2218 2353 2251 ut
2376 2216 2458 2252 inde

232 2256 300 2291 sibi
329 2254 627 2301 quemadmodum
658 2255 801 2291 minime
833 2255 979 2291 decebat
1002 2256 1220 2291 iniuriarum
1243 2257 1450 2293 occasiones
1472 2260 1655 2303 promant.
1701 2256 1836 2292 Edocti
1856 2258 1949 2292 enim
1972 2269 2095 2294 sumus
2118 2270 2140 2294 a
2158 2263 2269 2305 patre
2292 2261 2458 2302 civitatis,

232 2312 400 2347 maqnam
424 2301 506 2335 auri
529 2310 701 2335 summam
725 2300 910 2336 collectam
934 2310 1010 2335 esse
1030 2301 1170 2336 civitati
1189 2311 1239 2336 ex
1262 2301 1393 2347 leqatis
1416 2313 1438 2337 a
1463 2301 1646 2337 nonnullis
1669 2302 1807 2338 civitati
1826 2301 2163 2348 Aphrodisiensium
2185 2305 2332 2348 relictis,
2356 2312 2392 2342 et
2415 2317 2459 2341 ne

233 2345 271 2381 id
298 2345 446 2391 periret,
480 2344 624 2390 aliquos
647 2355 769 2380 eorum
794 2346 857 2391 qui
880 2346 1029 2381 muttum
1052 2346 1091 2380 in
1114 2346 1259 2381 civitate
1282 2346 1442 2382 valerent
1464 2357 1592 2382 aarum
1616 2346 1708 2382 illud
1730 2357 1926 2400 occupasse
1949 2358 1992 2382 ea
2015 2348 2233 2391 condicione,
2258 2353 2299 2384 ut
2315 2361 2390 2397 pro
2414 2361 2457 2386 eo

233 2390 370 2426 civitati
391 2390 545 2435 sinqulis
568 2390 674 2424 annis
696 2390 885 2432 solverent,
909 2390 1009 2436 quod
1028 2390 1104 2426 sive
1126 2391 1208 2436 quis
1230 2391 1500 2426 intricationem
1520 2392 1594 2427 sive
1616 2391 1770 2427 reditum
1793 2402 1866 2427 sive
1889 2392 1994 2427 etiam
2011 2402 2143 2428 usuras
2159 2394 2348 2440 appellare
2363 2396 2458 2438 velit,

231 2435 271 2469 id
301 2434 443 2480 quidem
476 2434 575 2479 quod
605 2434 783 2470 civitatem
815 2435 965 2480 auferre
989 2446 1063 2481 par
1094 2440 1158 2478 est,
1190 2436 1363 2481 quamdiu
1394 2447 1523 2471 aurum
1554 2435 1656 2481 apud
1685 2447 1763 2471 eum
1820 2437 1857 2471 ui
1888 2437 2027 2483 accepit
2056 2444 2222 2479 maneat,·
2248 2442 2370 2483 tamen
2395 2441 2460 2485 qui

232 2490 360 2515 aurum
383 2482 610 2525 acceperunt,
643 2480 812 2524 quoniam
845 2480 1135 2515 constitutionem
1156 2480 1322 2525 fecimus,
1353 2491 1398 2516 ne
1420 2481 1518 2516 ultra
1541 2481 1690 2527 duplum
1714 2491 1774 2516 cre
1800 2481 1951 2528 itoribus
1970 2482 2203 2528 permittatur
2226 2484 2375 2529 exiqere
2398 2485 2457 2520 de-

232 2525 354 2566 bitum,
385 2524 450 2559 sed
479 2528 518 2559 ut
547 2534 588 2559 eo
618 2524 697 2559 soto
730 2525 890 2559 contenti
917 2525 1001 2566 sint,
1034 2524 1164 2568 dicere,
1195 2526 1281 2570 quia
1311 2525 1411 2561 ultra
1437 2525 1585 2572 duplum
1609 2526 1793 2569 solverint,
1824 2526 1951 2561 debere
1974 2527 2132 2572 leqatum
2155 2528 2291 2563 civitati
2308 2530 2435 2574 perire
2442 2542 2458 2571 ;

232 2571 373 2614 iamque
403 2572 439 2604 et
467 2569 726 2613 calefactiones
741 2569 974 2616 publicarum
999 2570 1206 2605 balnearum
1231 2580 1323 2615 quae
1346 2571 1428 2606 inde
1447 2571 1531 2615 fieri
1553 2570 1695 2606 soleant
1716 2570 1847 2606 damno
1872 2571 1977 2617 affici
2000 2575 2034 2607 et
2058 2582 2078 2606 ο
2107 2583 2170 2607 era
2191 2573 2338 2619 publica
2362 2574 2456 2610 tabe-

230 2615 381 2658 factam,
405 2617 515 2659 atque
539 2614 652 2658 leqem
675 2619 838 2649 nostram
861 2614 1054 2650 secundum
1079 2614 1222 2650 illorum
1246 2615 1576 2660 interpretationem
1602 2616 1739 2651 civitati
1761 2615 2008 2651 detrimentum
2032 2627 2055 2651 a
2087 2627 2176 2652 erre.

364 2659 394 2693 I.
442 2659 545 2693 Haec
572 2659 693 2694 omnia
720 2658 857 2704 procul
885 2670 908 2694 a
939 2670 980 2694 re
1039 2658 1155 2694 ablica
1178 2664 1304 2695 nostra
1327 2660 1515 2706 depulsuri
1538 2660 1731 2702 sancimus,
1755 2664 1797 2696 ut
1845 2661 1883 2695 ui
1906 2671 2034 2696 aurum
2057 2672 2101 2696 ea
2125 2661 2335 2698 condicione
2354 2673 2453 2699 acce-

229 2707 373 2750 perunt,
405 2707 445 2738 ut
469 2713 544 2749 pro
577 2714 618 2738 eo
644 2704 852 2748 pensionem
884 2714 982 2748 quan
1009 2715 1066 2738 am
1090 2704 1228 2740 civitati
1248 2704 1402 2747 solvant,
1426 2705 1456 2740 ii
1477 2705 1648 2751 quamdiu
1672 2715 1801 2740 aurum
1836 2704 1990 2747 labeant,
2015 2706 2051 2741 in
2074 2716 2154 2741 erre
2177 2710 2358 2752 coqantur
2380 2710 2454 2743 sin-

231 2748 327 2794 qulis
357 2748 463 2783 annis
493 2747 593 2793 quod
620 2759 691 2794 pro
724 2759 765 2783 eo
796 2749 1056 2790 constituerint,
1087 2759 1174 2784 neve
1204 2749 1348 2784 omnino
1379 2760 1487 2785 sacra
1516 2750 1770 2785 constitutione
1803 2754 1931 2785 nostra
1962 2750 2012 2785 ad
2067 2761 2110 2786 oc
2138 2755 2299 2786 utantur.
2347 2751 2455 2788 Illam

231 2793 323 2828 enim
355 2793 399 2827 de
430 2792 667 2828 creditoribus
696 2793 974 2839 conscripsimus
1004 2793 1119 2839 deque
1148 2793 1289 2829 casibus
1313 2795 1377 2839 qui
1397 2794 1607 2830 nominatim
1631 2795 1668 2829 in
1691 2804 1734 2829 ea
1758 2794 1994 2836 continentur,
2017 2805 2191 2841 praesens
2214 2806 2296 2831 vero
2318 2798 2457 2843 species

231 2838 330 2872 illam
360 2847 434 2872 non
467 2838 594 2883 tanqit,
625 2837 801 2882 siquidem
833 2838 950 2883 maqis
972 2838 1150 2873 redituum
1174 2849 1375 2873 annuorum
1399 2850 1508 2884 quam
1531 2849 1725 2874 usurarum
1743 2839 1988 2884 praestationi
2010 2839 2138 2874 similis
2160 2843 2224 2881 est,
2247 2850 2384 2887 nosque
2406 2852 2457 2878 ex

232 2892 348 2928 aequo
385 2885 457 2916 tam
489 2881 676 2926 fiscalibus
710 2881 816 2918 rebus
851 2893 959 2927 quam
993 2883 1198 2918 civitatibus
1220 2884 1437 2930 prospicere
1471 2884 1580 2920 decet.
1626 2882 1669 2919 Si
1703 2884 1784 2929 quis
1821 2887 1940 2918 autem
1977 2884 2084 2919 etiam
2117 2887 2204 2931 post
2229 2889 2456 2930 praesentem

230 2926 451 2962 sanctionem
475 2930 635 2961 nostram
659 2926 766 2962 aliter
789 2928 970 2973 acceperit
991 2938 1035 2963 ea
1059 2938 1152 2973 quae
1175 2939 1198 2963 a
1219 2928 1321 2963 nobis
1343 2929 1486 2964 sancita
1507 2932 1603 2970 sunt,
1635 2931 1670 2964 et
1692 2929 1870 2964 civitatem
1895 2928 1981 2964 dato
2005 2939 2096 2964 auro
2115 2929 2267 2975 privare
2290 2930 2453 2972 voluerit,

230 2976 266 3006 et
287 2982 362 3017 pro
392 2971 557 3006 universo
588 2975 747 3017 tempore
777 2975 949 3017 quantum
981 2972 1118 3007 civitati
1150 2972 1252 3008 debet
1274 2973 1461 3025 persolvet
1490 2977 1525 3009 et
1551 2973 1700 3020 duplum
1719 2973 1854 3015 reddet,
1879 2977 1920 3008 ut
1942 2973 2122 3019 maliqnae
2144 2973 2456 3054 interpretationis

231 3017 361 3051 iustam
392 3016 716 3051 remunerationem
747 3016 926 3062 accipiat:
959 3017 1129 3061 quoniam
1159 3027 1239 3052 cum
1263 3017 1387 3053 liceret
1408 3018 1440 3053 ei
1463 3018 1595 3054 bonum
1618 3019 1726 3053 civem
1749 3028 1788 3054 se
1807 3021 2000 3064 praestare
2023 3022 2096 3054 tam
2118 3018 2235 3064 impro
2261 3030 2304 3055 us
2326 3023 2392 3063 est,
2415 3021 2456 3055 ut

232 3071 325 3104 quae
347 3060 463 3106 ipsum
490 3060 611 3095 tulerit
625 3060 787 3106 patriam
810 3061 946 3096 iniuria
969 3061 1123 3106 afficiat.

278 3164 297 3195 2
322 3164 409 3196 rubr.
427 3163 515 3206 Περὶ
540 3160 738 3194 πολιτικῶν
760 3159 957 3207 χρημάτων
974 3165 1033 3195 καὶ
1048 3161 1170 3196 τόκων
1189 3165 1221 3196 T
1219 3165 1308 3197 lzeod.

231 3206 383 3248 ῃτύπου]
408 3208 467 3238 καὶ
490 3208 561 3247 (om.
587 3208 682 3248 Hal.)
706 3210 788 3250 περὶ
811 3206 932 3241 τόκων
953 3209 1029 3240 add.
1049 3209 1146 3241 index
1169 3209 1212 3249 L,
1239 3209 1310 3241 Ha-

234 3252 367 3284 loander
384 3251 396 3294 ΙΙ
414 3253 435 3284 4
452 3249 472 3283 ὁ
490 3263 547 3284 om.
564 3251 682 3284 Theod.
701 3251 713 3294 ss
730 3249 948 3296 λογιώτατος
959 3253 1155 3286 Haloander
1170 3252 1182 3296 ΙΙ
1201 3249 1309 3297 ἄφρο-

234 3291 362 3328 δισίων
386 3296 436 3328 La
460 3291 687 3339 άφροδισέων
711 3295 759 3328 L⁰
784 3296 796 3339 ΙΙ
819 3296 911 3329 κατὰ
933 3295 1071 3340 ταῄτην
1094 3297 1156 3340 Lss
1180 3299 1200 3331 5
1223 3295 1310 3341 ἡμῖν

234 3341 352 3372 mavult
368 3340 554 3373 Zachariae
570 3340 583 3383 ΙΙ
601 3342 620 3374 8
643 3339 761 3373 αὐτοῖς
781 3341 810 3373 L
828 3342 840 3382 ss
857 3339 949 3374 καθ’
970 3342 1024 3374 ὧν
1041 3342 1230 3376 Zachariae
1245 3355 1308 3375 non

234 3391 315 3416 recte
331 3383 343 3426 ΙΙ
361 3386 381 3417 9
406 3380 632 3436 άφροδισέων
656 3386 688 3418 L
704 3385 715 3429 ΙΙ
738 3388 778 3419 10
803 3384 1037 3425 ἐξαπόλλοιτο
1058 3387 1104 3419 M
1114 3386 1126 3429 ΙΙ
1149 3388 1187 3420 12
1210 3388 1308 3428 μένει

234 3428 283 3459 Lfl
309 3429 321 3470 ΙΙ
349 3430 387 3462 13
414 3426 590 3469 διάταξιν]
620 3430 698 3462 Cocl.
716 3432 747 3471 4,
764 3437 810 3472 32,
823 3438 875 3469 27;
902 3433 943 3474 cf.
962 3443 1033 3463 nov.
1055 3430 1309 3475 CXXXVIIIH

239 3473 277 3504 14
307 3471 424 3514 τούτῳ
447 3492 487 3497 -—
507 3473 550 3505 τὸ
581 3470 786 3515 διπλάσιον]
828 3473 963 3508 τούτωι
995 3476 1063 3508 τῶι
1098 3472 1307 3509 διπλασίονι

235 3517 345 3548 ceteris
365 3519 487 3550 omissis
502 3518 533 3549 L
551 3517 563 3560 ΙΙ
583 3520 622 3551 15
639 3517 704 3551 τὰς
719 3520 851 3552 alterum
868 3532 925 3553 om.
943 3520 1012 3563 ΜΙΙ
1032 3521 1072 3554 16
1088 3522 1148 3553 καὶ
1163 3518 1231 3554 τὸν
1248 3521 1306 3561 Μ]

235 3558 324 3590 κατὰ
350 3559 416 3593 τὸν
441 3561 529 3600 (τῶν
548 3562 610 3601 La)
636 3563 666 3595 L
682 3562 694 3606 ΙΙ
719 3562 810 3596 κατὰ
833 3565 1032 3605 Zachariae]
1060 3566 1120 3597 καὶ
1144 3565 1217 3598 ML
1235 3564 1247 3608 ΙΙ
1265 3567 1306 3600 18

237 3600 448 3636 ἐλαύνοντας
460 3605 502 3638 M
508 3606 519 3648 ΙΙ
532 3607 573 3638 20
590 3603 936 3651 ἀντιπεφωνημένον
945 3627 985 3633 -—-
995 3604 1158 3648 διατάξει
1170 3622 1227 3643 om.
1236 3610 1282 3643 M
1294 3608 1308 3655 ΙΙ

1379 3186 1421 3218 22
1455 3183 1649 3229 προσόδων
1676 3183 1810 3228 μᾶλλον
1837 3186 1992 3227 ἐτησίων
2015 3186 2074 3226 Μ]
2099 3182 2268 3230 προσόδῳ
2293 3187 2432 3230 (προσω

1377 3231 1440 3272 La)
1472 3228 1609 3273 μᾶλλον
1642 3231 1768 3272 ἐτησίᾳ
1787 3231 1857 3264 LB
1881 3229 2212 3273 υα19.ΙΙκαταβολῆι
2235 3230 2318 3271 LB]
2345 3242 2454 3263 κατα-

1376 3274 1488 3317 βολὴν
1512 3276 1555 3309 Μ
1581 3275 1593 3318 ΙΙ
1622 3276 1664 3309 23
1693 3273 1758 3319 χρὴ
1790 3276 1867 3308 add.
1894 3276 2088 3308 Haloander
2123 3276 2185 3317 (Β)
2215 3275 2227 3316 ΙΙ
2253 3273 2454 3318 καταλάβοι

1377 3321 1517 3360 MaLB]
1543 3317 1741 3363 καταβάλοι
1755 3319 1811 3352 M²>
1826 3319 1838 3363 ΙΙ
1859 3320 1901 3353 26
1922 3318 2044 3364 παρὸν
2060 3315 2159 3361 αὐτῷ
2173 3320 2253 3360 LB]
2278 3319 2452 3362 παραυτῶ

1379 3365 1422 3396 M
1433 3364 1444 3407 ΙΙ
1462 3362 1510 3397 αἷς
1534 3365 1615 3405 LB]
1640 3366 1698 3397 καὶ
1723 3365 1783 3398 ἐπὶ
1797 3365 1837 3398 M
1851 3363 1863 3408 ΙΙ
1883 3365 1924 3398 27
1950 3365 2036 3397 dat-2
2055 3383 2099 3389 —
2115 3365 2249 3407 reliquis
2265 3366 2388 3397 omissis
2400 3364 2451 3396 Μ

1376 3409 1545 3442 Novellam
1569 3411 1788 3443 constitutione
1809 3409 2052 3443 CXXXVIII
2063 3410 2263 3443 recentiorem
2288 3420 2372 3441 anno
2385 3408 2451 3441 534

1376 3455 1488 3487 tribuit
1518 3454 1716 3495 Zachariae,
1748 3455 1903 3488 eiusmodi
1932 3455 2166 3487 controversias
2196 3454 2286 3486 brevi
2314 3459 2451 3494 tempore

1372 3505 1448 3541 post
1479 3500 1728 3532 constitutionem
1762 3500 1801 3532 de
1835 3499 1942 3532 usuris
1974 3499 2060 3532 ultra
2084 3499 2214 3542 duplum
2237 3508 2299 3530 non
2322 3507 2448 3537 compu-

1377 3543 1484 3576 tandis
1508 3544 1617 3576 datam
1639 3555 1671 3578 a.
1690 3544 1755 3577 529
1779 3543 1875 3583 (Cod.
1893 3544 1925 3583 4,
1938 3549 1985 3585 32,
1998 3544 2047 3586 27)
2066 3544 2190 3586 passim
2214 3541 2358 3583 aqitatas
2381 3552 2449 3573 esse

1375 3594 1466 3620 ratas
1488 3587 1544 3631 (cf
1568 3600 1639 3621 nov.
1660 3588 1783 3622 CXXI
1801 3600 1832 3621 a.
1850 3588 1938 3630 535).

2484 745 2525 775 10

2485 966 2525 998 15

2484 1257 2526 1289 20

2484 1481 2524 1513 25
