2580 4022
1218 152 1302 199 717

139 167 448 200 TRADI'rxomcM
478 166 655 198 Lsennn
685 166 851 198 SAans
1966 158 2073 203 Nov.
2096 159 2267 203 CXLVI
2297 162 2336 204 2.
2357 163 2381 204 3

139 278 239 301 σεως.
287 266 531 314 ἐγχειροῦντας
565 265 635 312 γὰρ
668 262 798 300 αὐτοὺς
829 266 1168 313 παραφθέγγεσθαί
1192 281 1226 302 τι

138 312 306 346 τοιοῦτον
328 314 406 346 ταῖς
428 311 560 346 πασῶν
577 307 742 353 ἐσχάταις
757 307 1009 356 ὺποβιὶλλομεν
1024 315 1223 357 τιμωρίαις,

137 358 201 399 τῆς
224 358 496 403 ἐπειςαγομένης
519 354 654 400 πλάνης
678 357 716 389 ἐκ
740 355 870 391 τούτου
894 358 937 392 τὸ
955 358 1032 392 τῶν
1048 353 1230 403 Ἐβραίων

139 402 465 448 περικαθαίροντες
487 401 606 435 ἔθνος.

1295 267 1498 304 huiusmodi
1524 268 1655 303 ultimis
1681 268 1882 304 subdantur
1905 269 2108 315 suppliciis,
2140 270 2239 308 illato
2263 282 2383 308 errore

1294 323 1338 348 ex
1361 313 1431 349 hoc
1454 313 1668 350 Iudaeorum
1691 315 1921 351 emendantes
1944 321 2096 361 gentem.

1130 481 1286 517 CAPUT
1315 481 1380 517 III.

196 555 398 601 Εὖχόμεθα
433 555 473 591 δὲ
508 556 638 593 αὐτοὺς
674 557 733 593 διὰ
767 558 899 604 ταύτης
934 557 957 603 ἢ
992 562 1127 604 ἐκείνης
1160 560 1224 603 τῆς
1259 564 1278 595 5
1337 559 1489 595 Oramus
1521 569 1604 595 vero
1634 561 1670 595 in
1701 571 1763 597 eos
1793 564 1857 596 aut
1886 573 1952 607 per
1982 562 2087 598 istam
2111 565 2174 598 aut
2198 573 2262 608 per
2285 563 2380 598 illam

137 601 298 649 γλώττης
326 603 405 637 τῶν
435 602 544 649 ἱερῶν
574 603 719 648 βίβλων
747 602 946 640 ἀκούοντας
970 603 1223 649 φυλάττεσθαι
1291 605 1447 649 linguam
1471 614 1594 640 sacros
1617 605 1729 642 libros
1745 606 1932 643 audIentes
1949 618 2092 643 servare
2110 609 2252 653 quidem
2270 610 2380 644 inter-

136 649 203 691 μὲν
226 647 294 690 τὴν
316 649 395 682 τῶν
416 648 690 693 ἑρμηνευόντων
705 653 846 692 κακίαν,
869 650 919 694 μὴ
937 649 1053 695 ψιλοῖς
1069 648 1108 684 δὲ
1123 661 1224 694 προς·
1290 650 1509 694 pretantium
1532 650 1800 695 malignitatem,
1828 662 1900 687 non
1927 653 2022 688 solas
2047 663 2129 688 vero
2154 654 2381 689 considerare

135 695 229 734 ἐχειν
249 695 322 726 τοῖς
343 692 563 738 γράμμασιν,
584 692 673 728 ἀλλὰ
695 695 774 729 τῶν
797 693 1024 740 πραγμάτων
1045 695 1224 740 γενέσθαι
1290 695 1448 738 litteras,
1482 695 1545 730 sed
1572 696 1679 731 rebus
1709 696 1805 731 effici
1836 701 1872 731 et
1896 697 2053 732 divinum
2076 699 2252 734 veraciter
2274 699 2377 734 intel·

136 740 196 771 καῑ
227 737 415 783 θειοτέρας
445 737 562 773 ὅντως
592 741 732 774 ἐννοίας
754 739 891 784 λαβεῖν,
921 735 1009 774 diste
1033 743 1093 773 καὶ
1143 753 1223 774 ava·
1291 740 1423 775 lectum
1454 740 1634 793 accipere,
1663 744 1704 776 ut
1734 744 1770 777 et
1800 741 1963 778 redoceri
1993 743 2087 787 quod
2116 744 2242 779 melius
2266 747 2322 779 est
2345 747 2380 779 et

134 782 346 825 μανθάνειν
376 782 420 817 τὸ
451 782 599 818 κάλλιον
629 788 690 818 καὶ
721 784 942 819 παύσασθαί
963 797 1053 819 ποτε
1077 798 1105 819 π
1129 798 1222 819 ανω-
1239 790 1278 821 10
1292 786 1476 829 quiescere
1499 785 1691 830 aliquando
1715 789 1888 830 errantes,
1914 789 1950 822 et
1973 788 2018 822 de
2037 788 2108 823 hoc
2128 788 2208 833 ipso
2225 789 2379 824 omnium

134 831 260 871 μένους
292 831 352 861 καὶ
377 831 460 873 περὶ
480 828 571 863 αὐτὸ
596 828 639 863 τὸ
664 830 818 864 πάντων
841 828 1085 877 καιριώτατον
1108 827 1221 875 ἁμαρ·
1292 827 1580 877 [ἀναγκαιότερα]
1620 831 1865 867 necessariora
1902 833 2156 876 peccantibus,
2197 834 2235 868 in
2274 834 2379 868 deum

135 872 331 914 τάνοντας,
367 872 437 916 τὴν
471 875 518 908 εἰς
554 873 649 908 θεὸν
680 874 811 910 ἐλπίδα
845 878 975 920 φαμέν.
1023 873 1081 909 διὰ
1114 876 1222 909 τοῦτο
1291 885 1390 919 spem
1425 875 1584 911 dicimus.
1643 875 1841 920 Propterea.
1874 877 1968 912 enim
2003 888 2142 912 omnem
2174 878 2225 913 eis
2257 888 2378 914 vocem

134 916 203 963 γὰρ
234 916 278 961 δὴ
311 917 446 952 πᾶσαν
474 920 594 953 αὐτοῖς
627 920 757 964 φωνὴν
789 917 1000 964 ἀνεῴξαμεν
1031 919 1121 965 πρὸς
1153 919 1222 962 τὴν
1291 920 1471 965 aperimus
1494 920 1541 955 ad
1566 930 1749 957 sacrorum
1773 922 1946 957 librorum
1969 921 2168 965 lectionem,
2193 925 2234 958 ut
2257 933 2379 958 omnes

135 964 213 996 τῶν
244 962 353 1007 ἱερῶν
383 963 527 1008 βίβλων
556 962 775 1011 ἀνάγνωσιν,
807 962 896 999 ὦςτε
926 965 1067 1000 πάντας
1098 965 1222 1010 ἐφεξῆς
1291 966 1334 1000 de
1365 969 1485 1001 cetero
1516 975 1638 1001 eorum
1669 966 1888 1011 accipientes
1919 967 2105 1003 scientiam
2129 968 2308 1003 doctiores
2332 968 2378 1002 ad

134 1007 204 1050 τὴν
235 1004 358 1042 αὐτῶν
386 1007 639 1052 λαμβάνοντας
665 1008 803 1053 εἴδησιν
827 1007 1113 1055 εὐμαθεστέρους
1131 1011 1221 1056 πρὸς
1238 1014 1276 1047 15
1291 1010 1417 1045 melius
1443 1010 1552 1053 fiant,
1583 1010 1784 1047 confessam
1816 1012 2003 1047 constituti
2020 1013 2138 1057 parati
2158 1014 2309 1048 multum
2333 1012 2378 1047 ad

136 1052 182 1086 τὰ
206 1052 342 1087 καλλίω
364 1055 557 1098 γενέσθαι·
582 1056 659 1089 τῶν
682 1052 971 1102 ὡμολογημένων
987 1053 1220 1101 ὑπάρχοντος,
1290 1055 1537 1091 discretionem
1568 1059 1605 1091 et
1635 1057 1682 1091 ad
1705 1057 1884 1092 meliorem
1914 1058 2149 1093 intentionem
2181 1058 2294 1093 sacris
2322 1058 2376 1092 in-

135 1098 367 1144 ἑτοιμότερον
407 1097 532 1141 πολλῷ
568 1100 657 1144 πρὸς
692 1098 875 1146 διάκρισιν
909 1101 1003 1135 εἶναι
1036 1104 1096 1135 καὶ
1131 1100 1222 1146 πρὸς
1290 1100 1461 1144 scriptam
1496 1101 1596 1136 libris
1628 1105 1663 1136 et
1693 1112 1821 1146 parum
1853 1102 1947 1147 quod
1979 1103 2079 1138 deest
2107 1103 2298 1138 habentem
2330 1102 2376 1137 ad

134 1143 204 1186 τὴν
233 1145 298 1177 τοῦ
330 1142 513 1187 βελτίονος
543 1145 682 1190 αἵρεσιν
708 1145 776 1179 τὸν
801 1147 840 1179 ἐν
864 1145 971 1191 ἱεραῖς
995 1147 1221 1191 ἐντραφέντα
1290 1145 1585 1190 emendationem,
1610 1146 1640 1182 si
1657 1147 1827 1183 scientem
1843 1147 1983 1192 quidem
2001 1148 2128 1183 horum
2142 1148 2242 1191 nihil,
2262 1148 2376 1183 solum

134 1186 274 1232 βίβλοις
297 1192 357 1222 καὶ
379 1188 511 1234 μικρὸν
534 1189 576 1223 τὸ
604 1188 727 1224 λεῖπον
751 1191 880 1232 ἔχοντα
897 1190 986 1234 πρὸς
1003 1188 1220 1235 διόρθωσιν,
1289 1200 1372 1226 vero
1397 1190 1559 1226 culturae
1581 1192 1789 1227 inchoatum
1812 1193 1966 1235 nomine,
1990 1195 2027 1229 et
2046 1196 2227 1237 tamquam
2244 1203 2378 1228 ancora

134 1229 156 1275 ἢ
187 1233 255 1267 τὸν
284 1232 409 1268 εἰδότα
442 1235 509 1277 μὲν
539 1234 682 1269 τούτων
714 1232 832 1278 οὐδέν,
862 1236 977 1280 μόνου
1007 1233 1048 1269 δὲ
1070 1237 1135 1270 τοῦ
1159 1237 1222 1279 τῆς
1234 1240 1276 1272 20
1289 1236 1464 1271 retinente
1488 1246 1603 1279 sacra,
1638 1239 1674 1273 et
1697 1237 1898 1273 doctrinam
1921 1238 2075 1274 divinam
2097 1247 2225 1284 puram
2249 1238 2373 1274 haere-

134 1278 330 1323 θρησκείας
360 1279 599 1324 ἐξηρτημένον
628 1277 806 1323 ὀνόματος
837 1284 898 1314 καὶ
929 1279 1047 1326 ὥςπερ
1067 1278 1222 1327 ἀγκύρας
1290 1280 1339 1316 sis
1364 1281 1638 1326 appellationem
1662 1292 1741 1319 esse
1763 1286 1942 1329 putantes.

135 1320 378 1368 ἀντεχόμενον
407 1324 502 1370 ἱερᾶς
530 1328 590 1358 καὶ
620 1325 779 1369 μάθημα
802 1325 908 1360 θεῖον
930 1325 1000 1369 τὴν
1023 1325 1137 1370 ψιλὴν
1159 1328 1223 1370 τῆς

136 1368 304 1413 αἱρέσεως
328 1373 566 1415 προςηγορίαν
584 1369 676 1404 εἶναι
700 1373 908 1415 νομίζοντα.

179 1433 473 1482 (Ἑπίλογος.)
525 1436 573 1470 Τὰ
611 1441 737 1471 τοίνυν
771 1437 1014 1482 παραστάντα
1043 1435 1130 1482 ἡμῖν
1161 1441 1221 1472 καὶ

135 1477 195 1514 διὰ
227 1479 335 1515 τοῦδε
363 1482 427 1515 τοῦ
457 1482 563 1516 θείου
593 1482 706 1526 νόμου
736 1480 938 1525 δηλούμενα
968 1481 1220 1528 παραφυλάξει
1233 1487 1275 1520 25

133 1527 201 1569 μὲν
224 1523 246 1568 ἡ
270 1525 315 1569 σὴ
340 1524 532 1569 ἐνδοξότης
554 1531 613 1560 καὶ
636 1525 658 1570 ἦ
676 1528 878 1572 πειθομένη
895 1539 953 1561 σοι
969 1529 1079 1572 τάξις,
1103 1541 1218 1574 παρα-

135 1569 283 1616 φυλάξει
315 1569 354 1604 δὲ
384 1568 404 1605 ὁ
435 1571 528 1606 κατὰ
550 1572 679 1617 καιρὸν
701 1574 762 1607 ἐπὶ
785 1574 847 1616 τῆς
878 1570 989 1615 αὐτῆς
1019 1570 1128 1618 ἀρχῆς
1157 1586 1220 1608 τα-

133 1614 380 1660 χθησόμενος,
414 1620 474 1651 καὶ
510 1614 551 1650 οὗ
587 1618 809 1664 συγχωρήσει
832 1617 1021 1652 παντελῶς
1043 1618 1220 1675 Ἑβραίοις

134 1660 233 1695 παοοὶ
269 1662 384 1695 ταῦτα
416 1665 553 1705 ποιεῖν,
589 1659 679 1696 ἄλλα
711 1664 794 1697 τοὺς
825 1665 1076 1707 ἐνισταμένους
1105 1677 1128 1706 η
1158 1667 1218 1697 καὶ

134 1692 287 1740 κωλύειν
322 1703 415 1741 ὅλως
448 1709 716 1752 ἐπιχειροῦντας
744 1711 822 1742 ταῖς
853 1709 900 1742 εἰς
930 1709 1037 1752 σῶμα
1069 1710 1217 1755 πρῶτον
1231 1712 1274 1744 30

134 1753 277 1785 ποιναῖς
307 1748 459 1786 ὑποθεὶς
490 1753 633 1798 ἐξορίαν
662 1754 771 1787 οἰκεῖν
803 1750 1011 1799 ἀναγκάσει,
1043 1750 1217 1798 ἀφαιρου-

132 1798 258 1839 μένους
288 1798 348 1829 καὶ
378 1798 456 1830 τῶν
483 1795 629 1841 οὐσιῶν,
662 1796 711 1832 αἱς
739 1798 788 1842 μὴ
818 1797 912 1832 κατὰ
930 1794 1068 1832 ταύτὸν
1091 1795 1220 1832 αὐτοὺς

133 1840 226 1874 θεοῦ
255 1853 296 1874 τε
320 1844 380 1874 καὶ
411 1841 595 1885 βασιλείας
624 1841 990 1888 καταθρασύνεσθαι.
1037 1842 1149 1890 χρήσῃ
1181 1841 1222 1876 δὲ

133 1888 193 1918 καὶ
221 1884 434 1931 προςτάξεσι
463 1887 556 1933 πρὸς
583 1887 665 1922 τοὺς
694 1889 774 1922 τῶν
801 1888 986 1933 ἐπαρχιῶν
1008 1885 1223 1934 ἡγουμένους

133 1929 355 1977 προτάττων
379 1930 504 1967 αὐτῶν
528 1932 595 1967 τὸν
617 1930 792 1979 ἡμέτερον
811 1932 940 1976 νόμον,
965 1929 1054 1967 ὥςτε
1077 1936 1137 1967 καὶ
1160 1931 1221 1966 αὗ-
1236 1935 1278 1969 35

133 2098 236 2143 ferre
266 2099 455 2144 temptent,
489 2097 645 2132 omnium
675 2097 848 2132 extremis
878 2097 1069 2143 suppliciis
1099 2108 1162 2133 eos
1185 2097 1396 2140 subicimus,
1427 2099 1473 2135 ab
1496 2109 1622 2134 errore
1640 2098 1796 2134 indidem
1821 2098 2028 2135 introducto
2051 2103 2193 2146 ⁸qentem
2218 2100 2377 2138 Hebrae-

135 2154 237 2179 orum
258 2145 471 2189 purqantes.

271 2209 336 2245 111.
384 2208 618 2255 Exoptamus
640 2211 770 2250 autem,
795 2211 837 2243 ut
857 2218 936 2243 cum
957 2207 1026 2243 hac
1049 2208 1106 2244 vel
1127 2207 1192 2244 illa
1215 2208 1344 2255 linqua
1366 2219 1494 2244 sacros
1516 2209 1629 2244 libros
1652 2209 1807 2246 audiunt
1830 2214 1982 2246 caveant
1996 2210 2067 2246 sibi
2079 2211 2124 2247 ab
2140 2211 2377 2258 interpretum

130 2255 329 2303 pravitate,
361 2264 427 2289 nec
458 2253 565 2288 nudis
593 2252 724 2287 litteris
755 2252 989 2294 adhaereant,
1013 2253 1078 2288 sed
1099 2264 1159 2288 res
1182 2254 1366 2298 attingant
1388 2258 1425 2290 et
1446 2254 1641 2290 diviniores
1663 2265 1746 2291 vere
1766 2265 1893 2290 sensus
1914 2255 2133 2308 percipiant,
2157 2260 2200 2292 ut
2221 2262 2258 2293 et
2281 2260 2380 2304 quod

136 2301 264 2336 melius
286 2302 341 2334 est
364 2298 557 2334 addiscant
579 2300 613 2333 et
636 2297 804 2332 desinant
827 2297 1026 2343 aliquando
1050 2309 1175 2334 errare
1198 2302 1307 2344 atque
1329 2299 1367 2333 in
1391 2310 1433 2334 eo
1458 2300 1538 2345 ipso
1564 2299 1664 2345 quo‘d
1686 2301 1843 2335 omnium
1866 2301 2118 2346 pravissimum
2141 2305 2195 2337 est
2213 2314 2378 2348 peccare,

135 2356 236 2392 spem
264 2344 302 2379 in
333 2343 438 2379 deum
468 2343 629 2378 dicimus.
677 2341 881 2388 Propterea
904 2343 997 2378 enim
1021 2354 1159 2378 omnem
1183 2343 1256 2379 illis
1279 2344 1440 2390 linquam
1465 2343 1515 2379 ad
1536 2354 1724 2380 sacrorum
1747 2345 1920 2381 librorum
1944 2345 2132 2381 lectionem
2156 2348 2377 2392 aperuimus,

137 2395 177 2425 ut
209 2400 331 2425 omnes
362 2388 531 2434 deinceps
561 2398 685 2422 eorum
715 2388 866 2423 scientia
898 2392 1049 2434 accepta
1078 2387 1128 2423 ad
1156 2388 1306 2424 meliora
1335 2388 1577 2435 perdiscenda
1608 2390 1768 2436 aptiores
1787 2389 2008 2425 reddantur:
2043 2401 2125 2425 cum‘
2144 2391 2183 2425 in
2207 2394 2377 2437 confesso

136 2436 192 2477 sit,
224 2433 336 2469 multo
365 2435 592 2479 paratiorem
623 2431 673 2467 ad
703 2443 788 2468 vera
819 2432 1056 2467 discernenda
1088 2437 1123 2467 et
1153 2433 1204 2468 ad
1233 2433 1358 2469 melius
1389 2433 1593 2479 eliqendum
1625 2445 1695 2472 esse
1726 2445 1806 2470 eum
1831 2435 1896 2480 qui
1916 2435 2033 2470 sacris
2056 2434 2158 2470 libris
2180 2436 2379 2473 innutritus

136 2485 191 2515 est
222 2489 287 2514 nec
314 2478 464 2513 multum
496 2477 620 2519 habet,
653 2476 751 2522 quod
772 2476 917 2522 deficiat
948 2477 998 2511 ad
1025 2478 1302 2520 correctionem,
1335 2489 1444 2524 quam
1472 2479 1535 2524 qui
1568 2478 1660 2514 nilzit
1688 2478 1818 2514 horum
1850 2479 2037 2525 irztelliqit,
2073 2479 2138 2515 sed
2166 2481 2236 2515 soli
2259 2482 2379 2518 cultus

78 2564 80 2566 ,
137 2524 274 2560 nomini
296 2523 461 2559 inhaeret
483 2533 596 2568 eoque
620 2526 802 2568 tamquam
824 2532 933 2557 sacra
957 2532 1096 2557 ancora
1121 2526 1272 2566 tenetur,
1296 2528 1332 2558 et
1355 2524 1512 2559 divinam
1536 2523 1739 2559 doctrinam
1762 2523 1897 2559 nudam
1920 2523 2082 2560 haeresis
2098 2524 2377 2571 appellationem

137 2580 213 2605 esse
234 2572 351 2615 putat.

273 2635 339 2682 Ep
350 2635 512 2681 iloqus.
560 2634 660 2677 Quae
691 2633 805 2679 iqitur
832 2634 1053 2680 placuerunt
1081 2634 1185 2670 nobis
1207 2638 1244 2670 et
1292 2646 1332 2670 er
1355 2634 1450 2671 hanc
1472 2646 1615 2671 sacram
1639 2635 1751 2680 leqem
1776 2634 2011 2671 declarantur
2034 2636 2212 2672 custodiet
2235 2638 2377 2684 quidem

139 2686 201 2718 tua
234 2681 351 2725 qloria
382 2685 418 2715 et
447 2678 546 2725 quod
575 2679 638 2715 tibi
669 2679 893 2725 obtemperat
922 2679 1104 2724 officium,
1135 2683 1235 2714 custo
1262 2684 1312 2715 tet
1337 2686 1456 2715 autem
1481 2680 1544 2726 qut
1564 2690 1636 2726 pro
1660 2685 1820 2726 tempore
1842 2679 1880 2714 in
1904 2681 2026 2716 eodem
2049 2682 2266 2726 magistratu
2292 2694 2376 2719 con-

137 2719 284 2762 stitutus
306 2725 385 2767 erit,
409 2735 475 2760 nec
490 2724 678 2771 permittet
701 2725 846 2759 omnino
863 2723 1049 2759 Hebraeos
1069 2723 1241 2759 adversus
1264 2724 1353 2760 haec
1377 2724 1572 2770 quidquam
1595 2725 1733 2770 facere,
1753 2724 1818 2759 sed
1836 2735 1899 2760 eos
1922 2725 1986 2770 qui
2008 2726 2180 2761 resistant
2197 2727 2254 2763 vel
2267 2728 2376 2763 etiam

137 2770 312 2817 impedire
337 2770 482 2805 omnino
509 2773 680 2815 temptent
701 2768 956 2815 corporalibus
973 2768 1134 2814 primum
1156 2769 1286 2814 poenis
1303 2769 1481 2805 subiectos
1504 2770 1543 2804 in
1566 2769 1680 2805 exilio
1704 2768 1868 2805 habitare
1892 2770 2090 2816 compellet,
2114 2776 2246 2807 exutos
2268 2773 2377 2808 etiam

138 2816 241 2851 bonis
262 2816 350 2857 suis,
375 2826 420 2850 ne
442 2814 597 2850 audacia
615 2814 761 2860 pariter
784 2817 913 2849 contra
936 2813 1041 2848 deum
1063 2817 1101 2849 et
1122 2813 1311 2860 imperium
1333 2825 1372 2850 se
1394 2814 1560 2860 efferant.
1595 2813 1669 2850 Sed
1684 2814 1896 2861 praeceptis
1920 2825 2063 2861 quoque
2085 2817 2197 2852 uteris
2219 2816 2269 2852 ad
2289 2828 2376 2863 pro-

183 2985 203 3018 2
227 2983 359 3017 πασῶν
376 2996 434 3015 om.
451 2994 471 3018 ς
486 2982 498 3024 ΙΙ
518 2983 537 3015 3
561 2980 706 3015 τούτων
724 2982 755 3014 L
770 2981 782 3022 ss
802 2983 821 3014 5
847 2977 974 3014 αὐτοὺς
998 2978 1058 3014 διὰ
1079 2980 1223 3025 ταύτης]

1290 2980 1413 3036 χρήσει
1430 2983 1460 3015 L
1478 2981 1549 3037 [35
1566 2982 1786 3027 προτάττων
1809 2977 1934 3017 αὐτῶν
1951 2983 1998 3017 Μ
2007 2983 2064 3026 (cf.
2087 2984 2192 3019 C'LII
2206 2987 2249 3028 1)]
2266 2997 2376 3032 προσ-

1290 3039 1439 3061 ταττων
1463 3028 1581 3060 αυτοῖς
1604 3029 1634 3060 L

137 3029 174 3061 in
198 3039 253 3061 eos
278 3030 336 3060 aut
358 3037 417 3069 per
440 3027 537 3059 istam
560 3038 579 3061 ς
596 3026 608 3068 ΙΙ
626 3028 646 3060 6
669 3024 827 3069 βιβλίων
850 3038 918 3059 cum
937 3027 1118 3070 Scrimyero
1134 3030 1222 3070 vutq.

136 3073 148 3118 ΙΙ
162 3075 179 3106 7
194 3071 263 3115 τὴν
280 3085 339 3105 om.
355 3073 407 3105 B⁶
424 3071 436 3115 ΙΙ
455 3073 474 3105 8
491 3070 666 3116 γενέσθαι
682 3073 738 3114 (cf.
756 3072 832 3111 711,
844 3078 887 3105 18.
907 3072 1033 3112 720,1)]
1049 3068 1224 3116 γεύεσθαι

138 3119 174 3151 Β
192 3126 221 3151 et
245 3128 314 3150 cum
341 3117 537 3149 Haloandro
561 3117 646 3159 vulq·
667 3115 679 3159 ΙΙ
698 3117 736 3150 11
762 3117 844 3159 περὶ
869 3111 958 3149 αὐτὸ
983 3114 1024 3148 τὸ
1050 3115 1127 3150 πᾶν
1146 3116 1224 3150 τῶν

138 3159 461 3241 '1‘3‘02‘525212‘2223
472 3161 548 3249 11di4
556 3160 1225 3249 ὴέῗβίὲῗ)ιἭῘεὛέιιῗιῗῖῗέἿῖἰῗέἷῖ-,ί

117 3220 439 3295 >ιὸμέλογηῗίιίνων]
465 3251 644 3283 confessam
669 3262 688 3286 ς
704 3249 716 3290 ΙΙ
742 3246 971 3294 ὑπάρχοντας
996 3251 1025 3283 L
1049 3250 1225 3283 constituti

137 3297 245 3339 parati
270 3298 304 3337 (i.
321 3309 348 3329 e.
372 3291 596 3339 ὑπάρχοντος
619 3294 845 3339 ἑτοιμοτέρου
853 3295 883 3337 Y)
900 3307 919 3331 ς
935 3295 946 3338 ΙΙ
968 3297 1006 3329 17
1033 3292 1225 3328 πολλῶνὶ

137 3340 252 3386 ΙΙεῖναι
277 3354 335 3374 om.
360 3353 379 3376 ς
407 3340 419 3383 ΙΙ
448 3343 508 3372 καὶ
532 3353 590 3373 om.
617 3341 667 3373 ΒΟ
693 3340 706 3383 ΙΙ
738 3341 779 3374 18
803 3338 936 3384 *ἱεροῖς
962 3340 1086 3373 MLB⁰
1102 3340 1114 3383 ss
1137 3336 1223 3374 οἰνα-

137 3387 323 3430 τραφέντα
355 3386 387 3418 L
418 3385 613 3427 inscriptam
645 3386 666 3418 i.
692 3397 717 3418 e.
751 3385 975 3431 ἐγγραφέντα
999 3396 1019 3421 ς
1051 3385 1064 3426 ΙΙ
1098 3386 1138 3419 19
1170 3387 1225 3428 βι-

137 3429 251 3474 βλίοις
279 3431 325 3463 13⁶
352 3430 365 3474 ΙΙ
394 3430 539 3471 ἔχοντας
563 3430 614 3463 L⁰
639 3428 652 3474 ΙΙ
683 3431 725 3463 20
747 3425 780 3470 ἢ]
805 3430 834 3462 si
857 3432 878 3463 i.
905 3443 929 3463 e.
954 3429 986 3462 εἰ
1010 3441 1030 3466 ς
1057 3429 1070 3473 ss
1097 3427 1225 3473 μόνον]

139 3476 245 3509 solum
271 3477 304 3516 (ι’.
331 3489 356 3508 e.
385 3472 540 3518 ¹udvov‘?)
566 3486 585 3510 ς
614 3474 627 3518 ΙΙ
655 3476 694 3508 21
730 3474 966 3518 ἐξηρτημένου
992 3475 1035 3508 M
1067 3474 1225 3519 ἐξηιρτη-

137 3522 259 3564 με’νων
283 3521 333 3553 La
349 3519 361 3564 ΙΙ
382 3522 423 3553 23
447 3518 541 3552 εἶναι
565 3532 623 3552 om.
649 3520 699 3552 B⁶
715 3519 727 3563 ΙΙ
744 3520 953 3562 νομίζοντα]
978 3521 1134 3562 putantes
1159 3522 1180 3553 i.
1198 3533 1224 3553 e.

139 3567 344 3608 νομίζοντες
365 3577 384 3601 ς
415 3565 427 3608 ΙΙ
457 3567 499 3599 24
531 3566 690 3608 epiloyum
714 3578 773 3597 om.
798 3576 817 3600 ς
844 3565 857 3607 ΙΙ
887 3567 929 3598 25
960 3564 1025 3597 τοῦ
1050 3564 1156 3598 θείου
1181 3566 1224 3606 L]

139 3610 203 3643 τοῦ
228 3608 410 3655 παρόντος
432 3609 536 3643 θείου
562 3610 602 3642 Μ
625 3608 636 3653 ΙΙ
665 3610 705 3643 27
732 3606 782 3650 δὲ]
807 3607 847 3643 δὲ
869 3611 929 3642 καὶ
953 3610 1035 3642 male
1060 3622 1127 3643 cum
1153 3611 1225 3643 Ha-

140 3656 276 3688 loandro
295 3657 383 3697 vulq-
402 3656 414 3699 ΙΙ
433 3657 474 3689 28
497 3650 681 3721 Ἑβραίους
705 3656 825 3688 mavult
848 3655 1036 3688 Zachariae
1052 3654 1065 3699 ss
1083 3656 1125 3688 30
1152 3654 1225 3694 ἐξο-

139 3702 222 3744 ρίαν
246 3701 303 3741 Μ]
329 3699 449 3746 ἐξορία
475 3701 505 3733 L
529 3699 665 3744 (ἐδόρια
688 3700 887 3742 Zachariae)
918 3700 929 3743 ΙΙ
957 3701 999 3734 33
1030 3697 1142 3744 χρήση
1168 3700 1225 3741 Μ]

1361 3162 1380 3194 5
1413 3159 1450 3192 in
1483 3161 1544 3193 del.
1569 3161 1657 3204 ναῖς.
1686 3159 1699 3198 11
1727 3170 1785 3202 ρει·
1811 3160 1922 3203 istam]
1953 3161 2133 3205 persistant
2157 3162 2191 3195 T
2208 3163 2221 3204 ΙΙ
2248 3164 2267 3196 7
2293 3163 2378 3197 solas

1292 3205 1393 3248 vala]
1417 3204 1486 3237 sole
1511 3205 1588 3239 libri
1601 3204 1614 3249 ΙΙ
1633 3205 1886 3239 considerantur
1910 3219 1928 3239 r
1951 3207 1962 3249 Η
1987 3207 2006 3239 8
2031 3206 2144 3239 littere
2167 3219 2185 3239 r
2199 3207 2269 3249 VT,
2294 3221 2376 3242 corr.

1293 3251 1377 3293 vuly.
1404 3249 1416 3292 n
1439 3249 1507 3291 sed]
1532 3250 1691 3283 uero-sed
1719 3251 1765 3283 Ta
1790 3250 1802 3294 ΙΙ
1827 3253 1847 3285 9
1871 3250 2025 3284 redocere
2053 3251 2088 3285 V
2103 3251 2115 3295 ΙΙ
2147 3253 2186 3286 11
2215 3253 2378 3286 anax-heo-

1293 3296 1368 3337 tepa
1394 3295 1425 3327 T
1450 3295 1594 3328 anarbeo
1623 3297 1700 3338 tepa
1727 3295 1761 3328 V
1783 3296 1987 3339 anabeotepa
2010 3308 2046 3335 r;
2079 3297 2197 3330 seclusi
2224 3296 2237 3336 ΙΙ
2263 3308 2377 3332 neces-

1294 3340 1418 3372 sariore
1442 3341 1524 3373 coni.
1550 3341 1689 3373 Skutsch
1717 3339 1729 3384 ss
1761 3343 1932 3384 peccantes
1955 3341 2042 3384 vuly.
2064 3340 2077 3384 ΙΙ
2106 3340 2143 3373 in
2168 3341 2265 3374 deum
2288 3353 2377 3385 spem

1293 3384 1435 3417 dicimus
1465 3385 1566 3427 vala]
1596 3385 1632 3417 in
1667 3385 1812 3418 medium
1844 3386 1986 3429 speciem
2010 3386 2156 3419 dicemus
2189 3387 2267 3421 libri
2292 3390 2304 3432 ΙΙ
2335 3389 2377 3423 13

1294 3429 1454 3462 lecionem
1477 3442 1496 3462 r
1522 3429 1535 3473 ΙΙ
1566 3431 1609 3463 14
1636 3429 1786 3463 doctores
1804 3431 1906 3473 rVT,
1931 3443 2013 3464 corr.
2038 3432 2124 3475 vuly.
2150 3431 2163 3475 ΙΙ
2191 3433 2231 3466 16
2255 3432 2378 3466 discre-

1293 3475 1418 3507 tionem
1442 3474 1585 3518 Vvulq]
1610 3474 1866 3518 descriptionem
1893 3476 1946 3509 rT
1966 3475 1980 3518 ΙΙ
2007 3475 2153 3509 melioris
2177 3478 2263 3521 vuly.
2291 3484 2304 3522 ιι
2336 3480 2377 3512 17

1293 3519 1467 3551 habentem
1491 3520 1590 3563 vala]
1622 3519 1776 3554 habentis
1809 3521 1885 3555 libri
1911 3520 1925 3564 ΙΙ
1956 3522 1996 3555 18
2024 3521 2182 3554 scientem
2206 3523 2307 3565 ναῖς]
2329 3533 2379 3556 se-

1294 3564 1440 3596 cundum
1468 3566 1516 3597 est
1549 3565 1627 3598 libri
1650 3565 1663 3607 ΙΙ
1703 3567 1743 3600 19
1772 3566 1978 3607 inchoatum]
2009 3566 2203 3599 inchoatum
2235 3569 2286 3601 est
2317 3568 2379 3611 ΤΙ

1294 3610 1475 3642 anchoram
1506 3610 1640 3643 tenente
1666 3610 1700 3643 V
1724 3611 1858 3652 (ancora
1889 3612 2057 3643 retentum
2087 3612 2189 3654 ναῖς.)
2222 3612 2235 3655 ΙΙ
2269 3614 2312 3646 20
2347 3615 2380 3646 et

1295 3667 1353 3687 om.
1378 3668 1395 3687 r
1411 3654 1424 3697 ss
1441 3654 1594 3687 doctrina
1625 3654 1742 3688 diuina
1766 3656 1853 3699 libri,
1877 3668 1959 3690 corr.
1979 3655 2070 3701 ναῖς.
2086 3656 2097 3693 ΙΙ
2114 3658 2154 3690 21
2181 3659 2312 3700 putates
2333 3658 2377 3697 V;

1296 3700 1355 3743 leq.
1378 3699 1578 3743 putantem?
