2586 3990
168 161 226 191 ET
255 160 340 192 DEO
372 158 644 190 AMABILIBUS

267 255 284 267 Ἄ

169 262 231 302 ola
260 272 282 301 η
314 259 370 302 τῷ
395 256 584 301 ἐπισκόπῳ
616 254 639 301 ἢ
668 260 742 292 τοῖς
771 255 944 303 κληρικοῖς
975 254 999 300 ἧ
1030 260 1104 292 τοῖς
1134 255 1255 291 ἄλλοις

169 301 363 350 ὑπηρέταις
385 304 447 346 τῆς
471 302 655 346 ἐκκλησίας
679 299 817 348 ὕβρεώς
841 316 876 338 τι
901 301 1094 349 ἐπαγάγοι,
1119 302 1254 336 κελεύο-

169 362 236 393 μεν
258 350 391 383 τοῦτον
419 348 601 392 βασάνους
624 345 816 392 ὑπομεῖναι
849 351 908 382 καὶ
933 349 980 383 εἰς
1001 348 1144 394 έξορίαν
1168 361 1255 392 πεμ-

170 395 332 439 φθῆναι·
370 394 402 427 εἰ
432 391 471 427 δὲ
499 396 559 426 καὶ
591 389 682 426 αὐτὰ
711 393 757 427 τὰ
788 393 875 427 θἐῖα
897 391 1078 438 μυστήρια
1108 396 1167 427 καὶ
1191 392 1256 427 τὰς

169 440 274 473 θείας
309 437 526 484 λειτουργίας
561 435 710 484 ταράξει
747 436 770 493 ἢ
806 438 1055 473 ἐπιτελεῖσθαι
1090 437 1287 481 κωλύσει,5

169 482 368 530 κεφαλικιῦς
396 484 650 528 τιμωρεῖσθαι.
699 496 828 518 τουτου
861 481 970 518 αὐτοῦ
1003 487 1061 517 καὶ
1095 485 1154 518 ἐπὶ
1179 486 1256 518 ταῖς

170 527 282 563 λιταῖς
306 530 346 562 ἐν
370 527 424 562 αἶς
451 526 474 572 ἢ
498 530 689 563 ἐπίσκοποι
713 526 736 571 ἢ
759 528 918 574 κληρικοὶ
942 526 1167 574 εὑρίσκονται
1192 542 1254 574 φυ-

169 573 398 615 λαττομένου,
424 574 483 607 ἵνα
502 574 532 606 εἰ
546 575 614 617 μὲν
631 571 739 619 ὕβριν
761 573 879 618 μόνον
902 574 1055 617 ποιήσει,
1066 572 1269 652 ὃθασάνοις,

169 621 228 653 καὶ
254 618 373 663 ἐξορίᾳ
404 617 613 666 παραδοθῇ,
647 620 677 653 εἰ
701 618 740 653 δὲ
763 622 822 652 καὶ
845 618 914 662 τὴν
940 618 1042 662 λιτὴν
1090 616 1253 652 ιασκεδά-

169 674 242 707 σει,
266 663 463 709 κεφαλικὸν
485 662 655 698 κίνδυνον
679 662 863 708 ὑπομένοι.

168 711 244 742 κεῖν
275 707 464 751 κελεύομεν
495 707 536 743 οὗ
565 708 681 754 μόνον
712 709 795 744 τοὺς
818 707 1042 752 πολιτικούς,
1079 705 1170 742 άλλὰ
1195 711 1254 742 καὶ

169 753 249 788 τοὺς
273 754 554 799 στρατιωτικοὺς
578 753 762 799 ἄρχοντας.

1247 141 1329 190 617

1890 146 1997 188 Nov.
2030 117 2208 188 cxxin
2238 147 2405 188 31—33

1325 255 1495 302 episcopo
1519 260 1583 292 aut
1607 255 1745 292 clericis
1773 257 1836 290 aut
1860 256 2026 291 ministris
2053 255 2131 291 aliis
2155 255 2328 291 ecclesiae
2351 255 2405 290 in·

1323 300 1437 337 iuriae
1453 301 1587 346 aliquid
1603 301 1750 345 inferat,
1769 301 1932 336 iubemus
1950 301 2045 336 hunc
2062 301 2210 336 verbera
2229 301 2406 336 sustinere

1325 349 1360 381 et
1382 346 1419 381 in
1442 347 1585 382 exilium
1609 347 1713 382 mitti.
1762 346 1799 381 Si
1823 356 1905 381 vero
1939 350 1974 381 et
1997 347 2086 382 haec
2113 357 2216 382 sacra
2240 346 2407 392 mysteria

1323 391 1377 437 <et
1397 401 1500 427 sacra
1520 392 1731 436 ministeria>
1755 392 2021 427 conturbaverit
2041 395 2104 426 aut
2125 391 2298 426 celebrari
2322 401 2405 436 pro-

1324 437 1491 481 hibuerit,
1517 437 1718 483 capitaliter
1741 437 1920 482 puniatur.
1969 436 2048 472 Hoc
2064 437 2144 481 ipso
2162 439 2198 471 et
2213 437 2250 471 in
2266 436 2406 472 letaniis

1323 483 1359 517 in
1396 483 1524 526 quibus
1567 481 1725 527 episcopi
1768 485 1831 517 aut
1867 482 1986 517 clerici
2028 482 2252 526 reperiantur
2288 485 2407 516 custo-

1324 527 1469 569 diend0;
1497 532 1532 563 et
1552 528 1582 562 si
1602 528 1742 573 quidem
1765 527 1930 562 iniuriam
1956 527 2070 562 solum
2091 527 2227 569 fecerit,
2254 526 2406 562 verberi-

1323 573 1391 607 bus
1416 573 1592 618 exilioque
1615 573 1797 614 tradatur,
1831 572 1861 607 si
1886 582 1966 607 vero
1999 572 2104 606 etiam
2129 572 2296 606 letaniam
2322 582 2406 606 con-

1325 618 1487 661 cusserit,
1513 618 1666 663 capitale
1690 616 1887 661 periculum
1912 616 2111 653 sustinebit.
2159 617 2209 652 Et
2229 616 2408 651 vindicare

912 665 1105 698 καὶταῦτα
1126 661 1253 698 ὃιεκδι-
1271 663 1485 699 lOiubemus
1528 673 1600 699 non
1639 662 1754 699 solum
1798 662 1935 705 civiles,
1979 661 2042 698 sed
2084 661 2192 696 etiam
2235 661 2408 696 militares

1322 708 1471 744 iudices.

1124 820 1280 856 CAPUT
1305 821 1455 855 XXXII.

240 879 337 911 Πᾶσι
371 876 514 913 δὲ’τοῖς
543 878 676 913 λαϊκοῖς
707 876 980 926 ἅπαγορεύομεν
1013 876 1112 912 λιτὰς
1139 881 1258 912 ποιεῖν
1392 877 1564 912 Omnibus
1589 879 1707 911 autem
1731 875 1828 910 laicis
1852 874 2095 910 interdicimus
2120 873 2271 911 letanias
2288 873 2409 908 facere

171 920 252 966 δίχα
274 926 351 958 τῶν
367 921 588 958 ὁσιωτάτων
611 926 689 959 τῶν
706 925 836 958 τόπων
862 921 1076 958 ἐπισκόπων
1099 925 1158 956 καὶ
1180 924 1256 956 τῶν
1325 923 1402 958 sine
1426 921 1660 957 sanctissimis
1693 920 1871 965 episcopis
1903 923 1940 956 et
1970 919 2031 965 qui
2060 920 2127 955 sub
2161 920 2212 954 eis
2237 922 2321 954 sunt
2351 928 2407 954 re-

170 966 238 1002 ὑπ’
265 966 394 1013 αὖτορς
423 967 702 1013 εὖλαβεστάτων
730 968 925 1014 κληρικῶν·
961 973 1050 1003 ποία
1078 968 1146 1015 γάρ
1178 967 1577 1003 ἐστι15νθΓθῐ11ῑίΒΒίΠιὶΒ
1611 966 1767 1002 clericis:
1806 966 1957 1010 qualiter
1988 965 2081 1000 enim
2113 966 2168 1000 est
2190 964 2339 1006 letania,
2371 964 2409 999 in

170 1012 262 1056 λιτή,
295 1014 380 1061 ένῂ
413 1013 513 1059 ἱερεῖς
545 1011 609 1057 οὐχ
642 1012 869 1060 εὑρίσκονται
901 1017 961 1047 καὶ
992 1013 1055 1048 τὰς
1088 1012 1257 1056 συνήθεις
1324 1023 1394 1057 qua
1419 1013 1624 1048 sacerdotes
1648 1022 1720 1047 non
1743 1011 1971 1047 inveniuntur
2001 1013 2037 1046 et
2060 1010 2248 1046 sollemnes
2271 1009 2410 1044 faciunt

170 1061 337 1103 ποιοῦσιν
362 1056 485 1102 siffis,-
508 1056 596 1093 ἀλλὰ
614 1062 673 1093 καὶ
693 1059 775 1094 τοὺς
796 1063 932 1103 τιμίους
953 1057 1137 1104 σταυρούς,
1160 1054 1253 1102 μεθ’
1328 1058 1535 1093 orationes?
1582 1057 1652 1092 Sed
1675 1057 1780 1092 etiam
1804 1055 2031 1091 honorandas
2057 1066 2197 1098 cruces,
2228 1065 2307 1090 cum
2332 1054 2409 1099 qui-

171 1105 224 1137 ιὺν
249 1106 288 1138 ἐν
316 1108 393 1138 ταῖς
423 1104 536 1138 λιταῖς
564 1105 786 1159 ἐξέρχονται,
818 1104 866 1148 μὴ
901 1101 1076 1147 ἀλλαχόσε
1109 1102 1203 1147 πλὴν
1227 1103 1258 1136 εἰ
1328 1104 1395 1137 bus
1419 1103 1456 1137 in
1480 1103 1621 1138 letaniis
1644 1102 1901 1146 ingrediuntur,
1932 1112 2003 1137 non
2028 1101 2112 1136 alibi
2144 1100 2213 1136 nisi
2241 1100 2280 1135 in
2303 1110 2409 1135 vene·

170 1149 219 1193 μὴ
245 1151 284 1183 ἐν
308 1146 449 1196 εὐαγέσι
474 1149 600 1184 τόποις
625 1150 899 1185 αποτίθεσθαι·
925 1153 985 1183 καὶ
1004 1150 1142 1184 εἴποτε
1157 1152 1258 1195 χρεία
1327 1148 1500 1183 rabilibus
1531 1148 1619 1184 locis
1643 1147 1788 1192 reponi,
1821 1150 1857 1182 et
1880 1147 1910 1182 si
1934 1146 2077 1192 quando
2110 1156 2200 1191 opus
2231 1145 2412 1181 vocaverit

170 1193 310 1228 καλεσει
336 1196 398 1229 τοῦ
424 1194 523 1229 λιτὰς
548 1194 815 1238 ἐπιτελεῖσθαι,
842 1196 928 1229 τότε
950 1195 1067 1238 μόνον
1089 1194 1172 1229 τοὺς
1196 1191 1256 1227 αὗ·
1272 1196 1313 1227 20
1328 1193 1373 1227 ad
1403 1193 1554 1228 letanias
1587 1192 1830 1234 celebrandas,
1865 1195 1952 1227 tunc
1983 1191 2097 1227 solum
2134 1193 2231 1236 ipsas
2265 1194 2411 1226 sanctas

170 1239 253 1274 τοὺς
270 1237 389 1285 ἁγίους
410 1239 584 1286 σταυροὺς
602 1239 803 1285 λαμβάνειν
827 1241 909 1274 τοὺς
925 1240 1106 1274 εἰωθότας
1130 1236 1258 1273 αὐτοὺς
1329 1248 1454 1273 cruces
1479 1239 1642 1283 accipere
1667 1248 1727 1273 eos
1753 1237 1812 1282 qui
1837 1239 2008 1273 consuete
2033 1246 2092 1272 eas
2117 1240 2261 1281 portare
2285 1237 2411 1278 solent,

170 1286 379 1328 βαστάζειν,
411 1289 470 1319 καὶ
493 1286 585 1330 μετὰ
618 1287 682 1319 τοῦ
712 1286 911 1321 ἐπισκόπου
943 1288 1003 1319 καὶ
1034 1285 1112 1319 τῶν
1143 1283 1258 1328 κληρι-
1327 1287 1363 1318 et
1388 1294 1468 1319 cum
1492 1284 1661 1328 episcopo
1688 1286 1723 1318 et
1739 1283 1880 1318 clericis
1904 1282 2055 1317 letanias
2080 1281 2264 1317 celebrari.
2313 1281 2412 1316 Haec

171 1331 246 1363 κῶν
276 1331 339 1364 τὰς
371 1329 467 1364 λιτὰς
498 1329 757 1365 ἐπιτελεῖσθαι.
804 1332 931 1365 Ταῦτα
956 1328 1257 1377 παραφυλαττόν-
1328 1329 1613 1364 custodientibus
1656 1328 1890 1364 sanctissimis
1931 1328 2090 1363 locorum
2130 1326 2306 1371 episeopis
2349 1328 2412 1361 aut

171 1388 248 1409 των
271 1377 349 1409 τῶν
369 1373 589 1410 ὁσιωτάτων
613 1377 690 1410 τῶν
707 1376 838 1411 τόπων
864 1374 1077 1410 ἐπισκόπων
1101 1378 1161 1408 καὶ
1181 1375 1259 1408 τῶν
1327 1374 1434 1409 etiam
1459 1384 1582 1410 eorum
1607 1373 1744 1409 clericis
1777 1376 1813 1408 et
1836 1383 1900 1418 per
1924 1373 2005 1408 loca
2034 1372 2224 1407 iudicibus.
2273 1371 2311 1406 Si
2332 1371 2411 1416 quis

173 1417 294 1454 αἰτῶν
318 1419 498 1466 κληρικιῦν
529 1424 587 1455 καὶ
611 1422 688 1456 τῶν
713 1421 805 1455 κατὰ
837 1422 955 1456 τόπον
979 1419 1180 1466 ἀρχόντων.
1228 1419 1259 1453 εἰ
1273 1422 1313 1454 25
1329 1423 1446 1454 autem
1478 1420 1514 1454 in
1545 1419 1614 1455 hoc
1639 1418 1796 1463 capitulo
1828 1418 2027 1463 praesentis
2054 1419 2201 1453 nostrae
2231 1417 2318 1461 legis
2342 1417 2411 1452 vir-

172 1463 214 1498 ὃέ
247 1477 300 1500 τις
335 1467 376 1500 ἐν
411 1465 530 1509 τούτῳ
566 1468 622 1510 τῷ
653 1466 836 1513 κεφαλαίῳ
873 1466 943 1510 τὴν
977 1467 1041 1500 τοῦ
1078 1462 1260 1511 παρόντος
1327 1467 1440 1500 tutem
1471 1467 1535 1500 aut
1557 1463 1818 1500 transcenderit
1846 1467 1909 1500 aut
1931 1473 2004 1500 non
2027 1463 2275 1507 vindicaverit,
2308 1471 2412 1507 prae-

171 1508 276 1554 ἡμῶν
300 1510 411 1555 νόμου
435 1509 592 1566 δύναμιν
624 1508 646 1555 ἢ
671 1513 819 1559 παραβῇ
851 1509 874 1556 ἢ
902 1511 952 1557 μὴ
979 1509 1163 1558 ἐκδικήσῃ,
1195 1510 1260 1545 τὰς
1329 1510 1441 1546 dictas
1465 1520 1601 1556 poenas
1624 1509 1792 1556 patietur.

172 1557 356 1601 εἰρημένας
380 1556 508 1592 ποινὰς
532 1557 789 1601 υποστήσεται.

1119 1623 1276 1659 CAPUT
1301 1623 1469 1659 XXXIII.

227 1679 449 1716 Ὺπόλοιπον
472 1678 559 1735 ἡμῖν
584 1682 660 1714 ἐστὶ
690 1684 750 1714 καὶ
774 1684 857 1728 περὶ
882 1681 958 1715 τῶν
982 1677 1124 1726 εὐαγῶν
1147 1693 1259 1723 μονα·
1396 1680 1463 1722 [De
1494 1679 1791 1715 monasteriorum
1827 1681 1863 1715 et
1893 1679 2259 1715 reverentissimorum
2290 1687 2413 1714 mona-

172 1730 330 1773 στηρίων
349 1729 408 1759 καὶ
424 1727 502 1760 τῶν
518 1724 799 1770 ευλαβεστάτων
823 1726 994 1770 μοναχῶν
1018 1723 1257 1759 διατυπῶσαι.
1271 1728 1313 1761 30
1328 1725 1476 1761 chorum
1498 1725 1756 1769 dispositione]

240 1808 266 1828 c.
283 1795 438 1828 XXXII
457 1795 512 1837 (-—
539 1795 580 1829 23
606 1791 867 1836 ἐπιτελεῖσθαι)
893 1796 987 1828 habet
1009 1796 1215 1840 Epanaqoye
1240 1797 1272 1837 9,
1288 1802 1337 1833 183
1371 1795 1495 1828 initium
1520 1801 1640 1828 tantum
1666 1794 1723 1835 (—
1750 1794 1791 1827 16
1815 1789 2055 1838 εὑρίσκονται)
2080 1794 2205 1827 exbibet
2227 1792 2258 1826 S
2279 1793 2415 1835 indeque

173 1841 347 1884 Appendix
371 1840 505 1874 Nomoc.
522 1841 554 1873 L
579 1842 625 1873 tit.
652 1853 723 1884 cap.
750 1840 824 1873 eccl.
851 1841 870 1873 9
888 1853 924 1883 p.
942 1841 1008 1874 662
1029 1841 1130 1874 Voell.

241 1899 266 1918 c.
283 1885 463 1919 XXXIII.
485 1885 660 1919 XXXIV
677 1898 715 1919 ex
739 1886 767 1918 S
790 1887 906 1928 repetit
927 1886 1105 1930 Appendix
1129 1886 1264 1920 Nomoc.
1278 1886 1311 1919 L
1335 1887 1382 1918 tit.
1408 1897 1480 1928 cap.
1507 1886 1580 1918 eccl.
1597 1886 1638 1918 20
1661 1897 1696 1928 p.
1711 1886 1773 1919 671
1800 1885 1917 1923 Voell.;
1944 1897 1969 1917 c.
1985 1883 2159 1917 XXXIV
2177 1897 2215 1917 ex
2240 1883 2275 1916 Β
2301 1884 2416 1926 repetit

174 1931 353 1965 Nomoc.dm
368 1932 521 1965 XIVtit.
537 1933 590 1973 11,
603 1938 629 1965 3.
656 1950 700 1954 -
724 1931 887 1964 Summam
913 1932 1010 1965 habet
1032 1932 1166 1965 Nomoc.
1181 1931 1334 1964 XIVtit.
1352 1932 1405 1972 11,
1420 1938 1446 1964 3.

172 2007 320 2043 qressus
351 2001 414 2031 aut
438 1998 608 2043 episcopo
640 2001 705 2032 aut
728 1997 868 2032 clericis
896 2001 961 2032 aut
992 1999 1120 2033 ceteris
1150 1998 1321 2032 ecclesiae
1352 1996 1526 2031 ministris
1557 1996 1728 2031 iniuriam.
1752 1996 1913 2041 aliquam
1937 1995 2115 2037 intulerit,
2147 1995 2308 2029 iubemus
2336 2005 2415 2028 eum

176 2042 360 2078 tormentis
383 2041 499 2077 subici
520 2046 554 2077 et
577 2042 616 2076 in
640 2041 791 2076 exilium
814 2042 929 2083 mitti;
964 2043 996 2077 si
1020 2046 1139 2078 autem
1163 2042 1270 2078 etiam
1294 2042 1376 2087 ipsa
1396 2051 1504 2076 sacra
1527 2041 1702 2086 mysteria
1733 2046 1768 2076 et
1791 2051 1900 2076 sacra
1923 2040 2123 2075 ministeria
2148 2039 2417 2075 conturbaverit

174 2087 231 2123 vel
253 2087 445 2132 quominus
473 2086 696 2122 celebrentur
720 2086 962 2132 prohibuerit,
993 2087 1147 2133 capitali
1176 2087 1356 2132 supplicio
1386 2086 1584 2131 afficiatur.
1632 2087 1750 2130 Atque
1775 2086 1842 2120 ltoc
1864 2087 1983 2131 ipsum
2007 2085 2114 2119 etiam
2143 2085 2180 2119 in
2205 2084 2352 2125 litaniis,
2378 2085 2415 2118 in

175 2132 305 2178 quibus
338 2132 393 2167 vel
415 2132 579 2178 episcopi
609 2131 664 2167 vel
687 2132 808 2166 clerici
831 2132 1077 2178 reperiuntur,
1109 2131 1326 2173 observetur,
1358 2135 1399 2166 ut
1420 2131 1453 2164 si
1503 2129 1620 2165 uidem
1652 2131 1824 2165 iniuriam
1848 2130 1962 2165 solum
1985 2130 2136 2175 fecerit,
2171 2129 2357 2164 tormentis
2380 2133 2415 2163 et

175 2178 290 2213 exilio
316 2176 494 2218 tradatur,
519 2178 575 2211 sin
599 2177 705 2212 etiam
732 2176 896 2211 litaniam
920 2178 1158 2219 concusserit,
1191 2176 1323 2223 capitis
1344 2176 1470 2221 pericu
1489 2186 1546 2210 um
1569 2174 1706 2211 subeat.
1755 2175 1805 2210 Et
1828 2174 1917 2210 baec
1948 2185 2023 2210 non
2047 2174 2162 2209 solum
2188 2174 2319 2216 civiles,
2350 2173 2417 2210 sed

176 2223 282 2258 etiam
308 2222 483 2257 militares
506 2222 741 2267 maqistratus
766 2221 949 2258 vindicare
973 2221 1141 2258 iubemus.

310 2267 460 2302 XXXII.
512 2266 640 2303 Omnes
662 2270 781 2302 autem
806 2266 920 2302 laicos
943 2272 1102 2302 vetamus
1126 2266 1273 2301 litanias
1293 2266 1421 2312 facere
1444 2265 1522 2301 sine
1552 2265 1787 2301 sanctissimis
1815 2264 1975 2300 locorum
2000 2264 2182 2310 episcopis
2211 2266 2246 2299 et
2267 2263 2414 2342 relilqio-

175 2313 328 2348 sissimis
360 2313 422 2358 qui
445 2313 509 2348 sub
534 2312 580 2347 iis
602 2314 686 2347 sunt
710 2312 869 2347 clericis:
931 2312 1023 2347 uatis
1047 2312 1139 2346 enim
1172 2311 1300 2346 litania
1323 2314 1393 2353 est,
1428 2311 1467 2345 in
1516 2321 1564 2345 ua
1587 2310 1795 2345 sacerdotes
1824 2320 1898 2345 non
1929 2310 2161 2356 reperiantur
2192 2319 2257 2344 nec
2285 2319 2326 2343 so
2344 2309 2416 2343 itas

175 2368 302 2405 preces
323 2358 494 2403 faciant?
541 2356 615 2392 Sed
637 2357 743 2392 etiam
767 2368 897 2392 venera
922 2357 986 2392 iles
1010 2367 1146 2399 cruceS,
1178 2366 1257 2391 cum
1281 2356 1411 2402 quibus
1433 2356 1469 2390 in
1508 2356 1631 2402 itaniis
1655 2354 1836 2397 incedunt,
1870 2365 1943 2390 non
1968 2354 2056 2389 alibi
2079 2354 2150 2388 nisi
2173 2354 2211 2388 in
2234 2353 2416 2398 reliqiosis

178 2405 265 2439 locis
295 2406 542 2449 reponantur;
577 2406 612 2438 et
641 2402 674 2437 si
703 2402 849 2447 quando
880 2403 1074 2438 necessitas
1102 2401 1264 2448 postulet
1297 2405 1338 2437 ut
1370 2401 1520 2436 litaniae
1551 2401 1785 2441 celebrentur,
1823 2404 1895 2434 tum
1926 2399 2064 2434 demum
2097 2398 2238 2433 easdem
2268 2403 2416 2433 sanctas

179 2458 303 2484 cruces
325 2449 352 2482 ii
375 2448 560 2494 accipiant
588 2448 651 2493 qui
674 2458 736 2482 eas
760 2451 916 2498 portare
946 2448 1075 2489 solent,
1108 2451 1143 2483 et
1174 2456 1254 2481 cum
1278 2446 1448 2492 episcopo
1481 2449 1516 2481 et
1546 2446 1686 2481 clericis
1717 2445 1866 2480 litaniae
1897 2444 2130 2495 celebrentur.
2179 2446 2296 2489 Atque
2327 2442 2416 2478 llaec

177 2493 395 2529 sanctissimi
420 2493 580 2528 locorum
612 2503 631 2527 e
659 2493 773 2538 iscopi
806 2503 1002 2544 eorumque
1025 2492 1150 2528 clerici
1177 2495 1212 2527 et
1240 2492 1478 2537 maqistratus
1508 2492 1680 2542 cuiusque
1713 2490 1786 2525 loci
1815 2491 2009 2525 observent.
2057 2487 2097 2524 St
2123 2490 2204 2534 quis
2234 2492 2353 2523 autem
2378 2489 2416 2522 in

179 2539 247 2575 hoc
264 2539 381 2618 caggte

178 2633 390 2664 statuamus.

251 2712 265 2742 1
294 2705 316 2750 ἢ
341 2708 407 2749 τῷ]
439 2705 462 2750 ἢ
487 2720 545 2740 om.
572 2718 591 2743 ς
618 2706 630 2750 ss
661 2708 680 2741 2
706 2704 835 2752 ἐπάγοι
861 2707 970 2750 Epan.
1007 2701 1169 2752 ἐπαγάγῃ
1194 2706 1230 2739 Β
1254 2704 1266 2749 ΙΙ

181 2757 200 2789 3
219 2750 411 2797 ὑπομεῖναι
428 2753 493 2786 SB
505 2753 629 2796 Epam]
663 2749 857 2795 ὑπομένειν
883 2752 956 2784 ML
975 2750 986 2795 ΙΙ
1010 2753 1031 2784 4
1056 2749 1159 2792 αὐτὰ]
1186 2752 1265 2783 haec

180 2802 214 2842 (ἰ.
229 2812 254 2834 e.
273 2798 429 2838 ταῦταῩ)
455 2809 474 2834 ς
490 2798 501 2840 ΙΙ
527 2800 545 2832 5
571 2794 719 2842 ταράξει
738 2799 775 2837 S]
800 2794 949 2841 ταράξαι
967 2797 1078 2830 MLB
1091 2797 1213 2839 Epan.‚
1238 2796 1266 2828 S

181 2858 262 2878 unus
279 2844 291 2888 ΙΙ
310 2841 553 2877 ἐπιτελείσθω
569 2844 600 2876 L
616 2843 628 2887 ΙΙ
648 2839 801 2875 κωλύσει
815 2843 951 2882 MLB⁶‚
969 2842 998 2874 S
1009 2854 1038 2873 υ.
1051 2842 1084 2882 ῐ.]
1109 2838 1265 2874 κωλύσοι

181 2891 251 2923 Sv.
267 2891 299 2931 l.,
322 2889 373 2922 ΒΓ
386 2890 496 2932 Epan.
523 2888 535 2931 ΙΙ
562 2890 580 2921 6
604 2886 842 2931 τιμωρείσθω
860 2887 911 2920 ΒΟ
924 2888 1032 2930 Epan.
1052 2886 1064 2929 ΙΙ
1081 2883 1210 2918 τούτου
1223 2905 1265 2910 —

184 2938 224 2969 10
240 2931 415 2977 ὑπομένοι
433 2946 490 2966 om.
503 2934 530 2965 S
547 2933 558 2976 ΙΙ
576 2933 640 2965 τοῦ
659 2928 769 2965 αὐτοῦ
790 2932 842 2965 ΒΓ
857 2931 869 2976 11
887 2934 905 2965 7
924 2928 947 2974 ἢ
967 2932 1159 2965 ἐπίσκοποι
1176 2932 1264 2971 MR]

182 2978 217 3012 οἱ
240 2981 433 3012 ἐπίσκοποι
450 2979 481 3011 L
494 2980 594 3020 only„
618 2974 642 3020 ἢ
668 2991 725 3010 om.
741 2979 851 3020 Epan.
865 2977 956 3013 ςΙιιί.
975 2976 987 3020 ΙΙ
1006 2978 1024 3010 8
1048 2974 1181 3022 ποιήσῃ
1198 2976 1234 3009 Β

183 3027 204 3059 9
225 3020 455 3056 ὃιασκεδάσοι
469 3024 520 3055 Βὓ
545 3020 761 3068 ὃιασκεδάσῃ
782 3022 828 3055 ΒΓ
840 3022 852 3065 1}
873 3024 914 3055 10
932 3017 1109 3066 ὑπομείνῃ
1132 3023 1241 3064 Epan.

182 3070 301 3102 ταῦτα
333 3081 391 3101 om.
417 3079 436 3103 ς
466 3066 479 3107 ΙΙ
508 3070 545 3101 11
572 3064 705 3110 μόνους
734 3068 925 3110 Splerique
955 3066 967 3111 1}
998 3068 1037 3100 13
1062 3063 1102 3098 δὲ
1134 3079 1191 3100 om.
1219 3066 1270 3099 Bt

183 3115 294 3156 Epan.
313 3114 325 3156 ΙΙ
353 3115 395 3147 14
418 3111 496 3146 τῶν
520 3109 650 3146 τόπων
674 3126 731 3145 om.
747 3112 906 3156 BEpan.
920 3123 950 3154 ς,
975 3112 1097 3145 Sunus
1115 3111 1127 3155 ss
1148 3113 1220 3153 καὶ]
1244 3107 1267 3154 ἢ

183 3160 213 3192 S
225 3171 307 3192 unus
324 3157 335 3201 ΙΙ
353 3160 412 3190 καὶ
436 3157 514 3190 τῶν
529 3177 573 3181 -
590 3158 633 3191 24
652 3154 866 3191 ἐπισκόπων
890 3171 947 3190 om.
959 3158 989 3190 L
1009 3169 1116 3189 errore
1132 3165 1267 3200 propter

185 3204 451 3237 homoeoteleuton
476 3204 639 3236 commisso
658 3203 670 3245 11
690 3204 729 3236 16
754 3197 829 3243 οὐχ]
854 3200 903 3245 μὴ
931 3202 980 3235 ΒΓ
994 3201 1006 3245 ΙΙ
1027 3204 1065 3235 17
1087 3201 1265 3241 ποιοῦσιν]

184 3245 226 3281 οὐ
251 3245 418 3281 τελοῦσιν
442 3247 551 3291 Epan.
582 3246 594 3292 ΙΙ
626 3249 665 3281 18
690 3247 722 3280 εἰ
744 3245 793 3290 μὴ
822 3259 880 3281 om.
908 3247 959 3280 ΒΟ
986 3246 997 3290 ΙΙ
1030 3248 1070 3280 20
1096 3244 1266 3279 *καλέσοι

186 3295 264 3327 libri
286 3293 297 3336 ΙΙ
323 3294 363 3327 21
391 3289 520 3326 αὐτοὺς
539 3291 748 3336 βαστάζειν]
773 3294 894 3335 φέρειν
919 3287 1048 3324 αὐτοὺς
1066 3293 1175 3335 Epan.
1193 3291 1204 3334 ΙΙ
1225 3292 1268 3325 24

184 3338 262 3372 τῶν
285 3337 415 3372 τόπων
438 3333 654 3371 ὁσιωτάτων
686 3333 916 3378 (ὁσιωτάτων
941 3350 1000 3369 om.
1020 3335 1087 3379 Bt)
1121 3333 1266 3370 ἐπισκό-

185 3396 269 3419 πων
293 3384 328 3416 Β
353 3383 365 3426 ΙΙ
387 3384 458 3424 καὶ]
483 3385 542 3415 aut
566 3383 665 3415 etiam
689 3384 724 3423 (i.
743 3395 768 3416 e.
791 3379 814 3424 ἢ
839 3383 910 3424 καὶ)
933 3394 952 3418 ς
978 3381 990 3425 ΙΙ
1020 3383 1060 3415 25
1086 3379 1178 3415 κατὰ
1199 3380 1266 3414 τὸν

185 3427 304 3461 τόπον
322 3429 407 3460 LB0
429 3439 488 3470 per
504 3428 578 3460 loca
597 3440 616 3464 ς
633 3427 645 3471 11
664 3429 704 3461 27
730 3423 835 3470 ἡμῶν
855 3440 913 3460 om.
929 3425 980 3459 Bt
998 3425 1009 3471 ΙΙ
1033 3423 1209 3469 ἐκδικήσει
1227 3427 1271 3460 M

186 3470 401 3516 ὃιεκὸικήσει
425 3473 477 3505 ΒΟ
523 3469 727 3519 ὃιεκδικήσῃ
752 3473 804 3505 Bs
832 3471 844 3516 11
873 3473 914 3506 28
941 3470 1070 3505 ποινὰς
1102 3485 1159 3505 om.
1185 3473 1233 3505 M
1264 3472 1268 3515 Ι

187 3521 229 3553 29
238 3531 286 3562 sq.
312 3529 338 3551 c.
355 3517 516 3551 XXXIII
541 3531 598 3551 om.
614 3530 633 3554 ς
648 3519 659 3560 ΙΙ
679 3519 721 3551 30
739 3519 798 3550 καὶ
814 3517 902 3558 τῶν]
927 3519 986 3549 καὶ
1007 3519 1089 3561 περὶ
1109 3517 1187 3550 τῶν
1201 3517 1233 3550 L
1264 3516 1268 3561 Ι

186 3563 368 3606 μοναχῶν]
401 3561 580 3609 κληρικῶν
601 3565 662 3596 καὶ
681 3562 853 3606 μοναχῶν
877 3563 906 3596 S
916 3575 947 3595 v.
960 3564 978 3595 l.

235 3654 251 3687 1
270 3653 463 3686 ministeriis
479 3652 555 3685 aliis
576 3653 610 3686 V
626 3653 701 3685 aliis
717 3653 878 3685 ministris
895 3652 1103 3694 (ministeriis
1124 3653 1155 3686 T
1161 3653 1183 3696 ¹)
1211 3654 1244 3686 T
1253 3653 1265 3697 ΙΙ

187 3698 345 3730 iniuriam
377 3698 459 3732 VT²
483 3699 570 3741 vuly.
602 3697 614 3742 ΙΙ
642 3699 661 3731 2
686 3697 832 3740 aliquam
865 3697 982 3742 Vvulq.
1015 3697 1027 3742 ΙΙ
1053 3698 1156 3731 ubera
1181 3699 1214 3731 T
1223 3699 1231 3718 ¹
1256 3698 1267 3742 ΙΙ

187 3743 208 3777 3
237 3744 270 3776 et
291 3744 340 3784 in]
366 3745 426 3777 aut
443 3744 479 3777 in
500 3743 564 3778 VT
583 3745 642 3776 aut
658 3744 757 3777 etiam
773 3744 809 3776 in
829 3744 863 3777 R
878 3742 890 3789 ss
909 3742 963 3775 hic
989 3744 1020 3778 R
1039 3742 1051 3788 ss
1074 3744 1096 3777 4
1121 3744 1153 3776 et
1176 3754 1269 3777 sacra

259 3798 310 3826 111.

1329 3067 1434 3108 petita
1458 3072 1532 3098 sunt
1560 3064 1572 3108 ΙΙ

431 2538 606 2574 raesentis
642 2537 719 2582 eyis
735 2540 883 2573 nostrae
907 2548 975 2573 vim
992 2537 1048 2573 vel
1064 2541 1312 2583 transqressus
1334 2536 1383 2572 sit
1405 2536 1461 2572 vel
1479 2547 1551 2571 non
1568 2536 1816 2578 vindicaverit,
1833 2534 2037 2582 praedictis
2057 2534 2188 2581 poenis
2207 2533 2413 2569 subicietur.

350 2583 383 2617 X
420 2583 484 2618 III.
531 2582 724 2629 Reliquum
755 2583 860 2618 nobis
891 2587 961 2625 est,
999 2586 1038 2617 ut
1069 2583 1177 2618 etiam
1212 2581 1256 2618 de
1287 2581 1548 2618 venerabilibus
1581 2580 1810 2616 monasteriis
1844 2584 1879 2615 et
1912 2579 2194 2625 reliqiosissimis
2228 2577 2416 2614 monachis

1332 2704 1518 2737 ministeria
1542 2706 1619 2737 add.
1648 2705 1741 2738 Beck
1766 2703 1778 2747 ΙΙ
1809 2707 1828 2737 5
1854 2704 1960 2746 capite
1983 2703 2169 2746 puniantur
2195 2702 2245 2735 Τ2
2271 2701 2283 2746 ΙΙ
2306 2703 2414 2745 ipsum

1335 2750 1367 2782 Τ
1379 2751 1391 2793 ΙΙ
1410 2750 1540 2782 litaniis
1562 2751 1605 2790 (et
1620 2751 1668 2783 sic
1685 2751 1880 2790 constanter)
1895 2749 1981 2793 vuly.
2002 2748 2013 2791 ΙΙ
2030 2749 2051 2781 6
2068 2748 2281 2791 reperiuntur
2294 2748 2388 2781 Beck
2403 2746 2415 2792 ΙΙ

1334 2797 1352 2828 ’7
1380 2797 1424 2836 et]
1449 2797 1488 2827 ut
1509 2795 1605 2828 Beck
1627 2793 1639 2839 ΙΙ
1666 2794 1871 2835 verberibus]
1898 2796 1931 2826 et
1954 2793 2150 2826 uerberibus
2174 2793 2208 2826 R
2234 2792 2246 2835 ss
2270 2794 2290 2826 8
2314 2793 2416 2825 etiam

1333 2853 1391 2872 om.
1408 2840 1440 2873 Τ
1449 2839 1459 2859 ¹
1478 2838 1490 2883 ss
1515 2840 1535 2873 9
1560 2840 1721 2872 sustineat
1747 2840 1780 2873 T
1793 2838 1805 2882 [Ι
1829 2840 1887 2880 Et]
1911 2840 1957 2871 Et
1981 2840 2061 2871 haec
2086 2838 2180 2871 Beck
2195 2837 2208 2881 11
2238 2840 2276 2871 10
2303 2838 2414 2879 etiam]

1333 2887 1366 2917 et
1391 2886 1422 2918 R
1441 2884 1453 2926 ΙΙ
1480 2887 1521 2919 14
1541 2886 1663 2917 sanctis
1689 2886 1722 2918 T
1742 2884 1747 2928 Ι
1780 2886 1820 2917 15
1846 2884 1954 2926 qualis
1981 2884 2131 2926 T2vuty.
2157 2883 2169 2926 ΙΙ
2194 2883 2230 2915 in
2255 2886 2332 2924 qua]
2357 2884 2416 2916 ubi

1341 2930 1375 2963 V
1393 2930 1405 2972 11
1432 2931 1473 2963 16
1497 2940 1564 2962 non
1587 2943 1645 2963 om.
1670 2930 1720 2963 Τ1
1755 2929 1760 2973 Ι
1784 2931 1829 2970 et]
1862 2930 1921 2971 qui
1945 2929 1995 2962 ΒΞ
2012 2929 2063 2962 V³
2090 2928 2102 2972 ΙΙ
2131 2928 2261 2961 faciunt
2286 2942 2343 2962 om.
2366 2929 2416 2961 R¹

1342 2975 1392 3008 V¹
1410 2975 1421 3018 ΙΙ
1442 2976 1481 3009 17
1496 2975 1607 3015 etiam]
1629 2975 1727 3007 etiam
1744 2985 1809 3016 qua
1822 2976 1917 3017 (quas
1941 2975 1974 3008 V
1988 2975 2094 3016 quasi,
2112 2975 2144 3007 in
2157 2986 2260 3017 marq.
2274 2973 2317 3006 al.
2332 2983 2415 3015 quos

1334 3020 1396 3060 R2)
1422 3020 1603 3052 sacerdotes
1623 3020 1734 3062 RVT,
1759 3032 1843 3062 quac
1864 3033 1902 3053 ex
1921 3032 2016 3052 versu
2039 3020 2205 3063 superiore
2228 3026 2341 3052 temere
2364 3032 2415 3052 re-

1604 3066 1644 3099 18
1668 3066 1704 3096 in
1728 3066 1828 3107 vulq]
1862 3066 1895 3097 et
1920 3064 2026 3097 RVT
2052 3062 2064 3108 ΙΙ
2090 3063 2232 3096 letanias
2258 3063 2310 3096 Τἢ
2337 3063 2348 3107 ΙΙ
2378 3064 2415 3096 in

1334 3123 1391 3143 om.
1408 3111 1440 3142 T
1453 3109 1464 3153 ΙΙ
1485 3111 1525 3143 19
1542 3111 1682 3153 preponi
1698 3111 1729 3142 Τ
1735 3110 1748 3128 ²
1765 3110 1775 3152 ΙΙ
1796 3112 1828 3141 ct
1853 3110 1914 3142 del.
1932 3109 1983 3142 T²
2000 3108 2012 3152 ΙΙ
2029 3109 2227 3141 uocauerint
2243 3109 2275 3141 Τ
2282 3108 2292 3128 ¹
2316 3119 2415 3141 uaca-

1333 3155 1448 3188 uerint
1474 3154 1526 3188 T2
1555 3155 1566 3198 ΙΙ
1596 3157 1637 3188 20
1663 3154 1843 3187 cebrandas
1870 3154 1902 3187 T
1923 3154 1935 3196 1}
1965 3164 2072 3186 sacras
2092 3154 2127 3186 V
2146 3152 2159 3197 ΙΙ
2190 3154 2230 3188 21
2257 3164 2415 3187 consuere

1334 3211 1388 3233 cos
1416 3201 1447 3233 T
1456 3200 1464 3220 ¹
1484 3199 1495 3243 ΙΙ
1511 3200 1640 3242 perfare
1662 3200 1711 3233 V¹
1736 3200 1881 3242 perferre
1903 3198 1981 3242 V³ss
2009 3200 2052 3232 22
2077 3198 2207 3231 clericis
2232 3199 2265 3231 et
2289 3199 2415 3241 episco-

1334 3247 1386 3289 pis
1410 3245 1592 3288 (episcopos
1619 3244 1679 3287 T1)
1708 3245 1740 3277 T
1750 3245 1762 3287 Η
1789 3244 1954 3277 celebrare
1981 3243 2036 3288 ΤΙΙ
2055 3244 2117 3276 hoc
2143 3244 2176 3276 T
2190 3243 2202 3287 ΙΙ
2227 3245 2268 3278 23
2294 3245 2416 3277 sanctis

1335 3291 1368 3324 R
1384 3290 1396 3334 ΙΙ
1423 3292 1464 3324 25
1488 3292 1658 3331 praesente
1682 3291 1812 3322 nostras
1834 3289 1924 3331 leges
1947 3289 2075 3322 uirtute
2098 3289 2145 3321 Β*
2158 3289 2222 3322 VT
2248 3290 2417 3331 praesenti

1335 3338 1465 3368 nostrae
1482 3335 1549 3377 legi
1564 3335 1625 3367 uin
1639 3335 1710 3376 (sic)
1725 3334 1783 3377 ΕΞ,
1798 3335 1977 3378 οονν.υιιῖ9.
1997 3334 2009 3377 11
2028 3335 2070 3367 26
2084 3335 2315 3367 transcendere
2328 3335 2376 3367 Β*
2388 3335 2420 3368 T

1335 3383 1487 3413 transcen
1520 3393 1588 3413 cum
1619 3383 1726 3423 spatio
1749 3381 1768 3412 3
1793 3381 1850 3413 litt.
1873 3380 1921 3413 V¹
1945 3380 1957 3422 ΙΙ
1982 3379 2184 3412 indicauerit
2209 3379 2259 3412 T¹
2285 3380 2297 3423 u
2320 3390 2415 3423 prae-

1335 3427 1440 3458 dictas
1463 3435 1586 3467 poenas
1609 3426 1758 3467 patietur
1782 3426 1893 3458 inserit
1906 3423 1956 3457 1ὶῖ
1968 3425 2080 3467 (vulq.)
2102 3437 2140 3457 ex
2152 3424 2227 3466 lut,
2252 3426 2416 3468 nisallor,

1337 3484 1395 3504 om.
1410 3471 1456 3503 R¹
1468 3470 1516 3503 V¹
1527 3471 1560 3503 T
1579 3470 1757 3513 praedictis
1772 3470 1867 3512 penis
1882 3469 2067 3503 subiacebit
2085 3482 2111 3502 s.
2124 3481 2155 3501 v.
2174 3470 2233 3502 V³.
2262 3470 2304 3503 In
2321 3471 2414 3503 codd.

1335 3517 1492 3550 sententia
1510 3518 1713 3549 continuatur
1725 3517 1832 3549 verbis
1846 3515 2123 3548 monasteriorum
2141 3516 2174 3547 et
2188 3515 2416 3548 reuerentissi-

1334 3572 1464 3594 morum
1478 3561 1716 3594 monachorum
1732 3560 1980 3602 dispositionem
2002 3562 2172 3603 manifesto
2197 3562 2356 3604 corruptis
2380 3573 2418 3594 ex

1336 3608 1467 3641 rubrica
1491 3619 1586 3650 capp.
1603 3618 1691 3649 seqq.
1717 3607 1874 3649 inscripta
1890 3608 1945 3649 (cf.
1966 3607 2011 3639 ad
2026 3606 2103 3647 622,
2117 3606 2179 3647 29),
2204 3618 2270 3649 qua
2291 3607 2418 3649 quidem

1338 3665 1375 3686 esc
1407 3654 1552 3696 marqine
1584 3653 1618 3685 in
1649 3658 1824 3684 contextum
1857 3659 1969 3685 temere
1999 3651 2124 3684 intrusa
2156 3652 2230 3694 ipsa
2260 3652 2422 3685 erauntz‘ati

1337 3698 1485 3731 clausula
1510 3697 1576 3730 loco
1600 3709 1657 3730 suo
1682 3697 1855 3730 deturbata
1877 3695 1951 3740 estu
1970 3696 2013 3730 29
2037 3697 2087 3728 De
2111 3708 2170 3730 om.
2185 3696 2313 3739 R¹VT,
2339 3698 2417 3730 add.

1338 3742 1387 3776 R2
1404 3743 1416 3787 ΙΙ
1434 3744 1475 3776 30
1501 3741 1753 3785 dispositionem
1779 3743 1865 3785 libri,
1890 3754 1971 3775 corr.
1986 3743 2070 3786 vuly.
