2618 4010
86 198 88 200 v
137 145 389 181 surrRAero
416 145 553 179 mm

138 250 198 282 καὶ
221 246 373 290 ἰσχύσεις
395 243 486 281 καθ’
513 245 659 281 οἱανοῖιν
683 245 805 280 αἰτίαν
824 244 874 290 μὴ
892 242 1137 292 πεπληρωκὼς
1156 242 1219 279 τὰς

139 289 364 336 πεντήκοντα
387 288 515 338 ἡμέρας
537 293 576 325 ἐκ
594 292 655 334 τῆς
672 292 843 336 ἐπαρχίας
859 294 994 338 φυγεῖν,
1018 290 1216 334 τηνικαῦτα

138 336 366 383 συλληφθείς,
387 337 483 371 ἔνθα
510 333 555 371 ἂν
580 334 792 390 διατρίξίωνν
804 341 944 391 φανείη,
968 333 1218 379 ἐπαναχθήσε·

137 396 200 417 ται
226 385 294 427 μὲν
326 383 373 416 εἰς
403 381 472 425 τὴν
502 383 680 428 ἐπαρχίαν
702 393 740 425 ης
771 383 886 427 ἦρχεν,
917 378 1017 416 α’παν
1047 379 1102 424 δέ,
1131 378 1219 415 ὅσον

136 423 184 462 ἂν
207 423 371 473 εὑρεθείη
396 425 532 472 λαβών,
555 424 740 461 ἀποδώσει
763 426 1040 474 τετραπλάσιον.

2290 59 2336 69 ,,,,,

1228 126 1284 177 73
1973 121 2087 178 ‘Now
2118 121 2217 179 VIII
2246 137 2285 179 9.
2319 120 2369 179 10

1288 243 1473 289 completis
1498 243 1755 289 quinquaginta
1786 244 1911 282 diebus
1943 255 1988 281 ex
2018 245 2203 290 provincia
2233 245 2366 290 fugere,

1283 294 1370 325 tunc
1393 289 1680 334 comprehensus,
1704 289 1918 335 ubicumque
1941 291 2067 336 degere
2091 291 2240 334 videtur,
2266 301 2367 327 revo-

1289 335 1430 371 cabitur
1454 333 1594 380 quidem
1616 334 1654 369 in
1685 335 1901 379 provinciam
1924 337 1961 371 in
1986 346 2055 381 qua
2084 336 2366 376 administrabat,

1288 390 1392 416 omne
1420 390 1503 416 vero
1535 380 1630 425 quod
1660 380 1823 416 inventus
1848 380 1958 416 fuerit
1989 382 2172 427 accepisse
2202 382 2368 418 restituat

1244 429 1262 460 5
1288 425 1536 471 quadruplum.

1139 516 1295 552 CAPUT
1323 516 1368 552 X.

180 583 340 620 Ἐκείνου
371 582 507 630 δηλαδὴ
535 583 804 631 φυλαττομένου
834 586 898 620 τοῦ
926 582 1105 629 μηδεμίαν
1128 585 1220 619 εἶναι

138 634 211 666 τοῖς
242 628 420 679 ἡμετέροις
451 628 620 673 ὑπηκόοις
648 628 774 665 ἄδειαν
798 628 858 676 ἐφ’
884 630 996 676 ἑτέρῳ
1020 633 1094 664 τινὶ
1125 628 1220 672 πλὴν

139 673 161 720 ἢ
183 675 300 724 κλοπῇ
322 677 438 711 ταῦτα
462 679 545 723 περὶ
568 675 649 710 τοὺς
672 675 845 723 ἄρχοντας
867 673 1051 721 πράττειν.
1086 673 1135 709 Οὐ
1152 674 1219 721 γὰρ

140 722 172 755 εἰ
201 724 330 767 φανείη
361 718 598 776 σφοδρότερος
628 724 702 756 τοῖς
732 718 919 775 ἀγνώμοσι
950 718 1010 753 διὰ
1040 718 1108 762 τὴν
1141 722 1219 754 τῶν

1333 584 1427 619 Illud
1457 584 1621 620 videlicet
1651 583 1928 628 observandum,
1959 586 2094 621 nullam
2124 596 2204 621 esse
2234 586 2366 622 nostris

1289 630 1459 666 subiectis
1488 629 1668 665 licentiam
1697 629 1735 665 in
1770 629 1841 665 alio
1898 629 2028 666 uodam
2059 636 2201 676 praeter
2231 632 2366 666 furtum

1287 675 1378 710 haec
1412 675 1509 710 circa
1538 675 1674 711 iudices
1704 685 1820 719 agere.
1911 686 1957 711 on
1993 677 2104 719 enim,
2142 677 2172 711 si
2207 676 2368 712 videatur

1288 721 1616 756 vehementissimus
1639 721 1812 756 indevotis
1836 725 1985 766 propter
2007 721 2185 756 fiscalium
2210 722 2365 756 exactio-

125 765 325 811 ,δημοσίων
356 767 538 821 ειςπραξιν
563 780 585 810 η
616 765 676 800 διὰ
691 779 772 819 ἰτην
786 766 876 816 ,τῶν
905 763 1219 821 πλημμελημάτων
1236 768 1275 800 10
1288 775 1369 800 nem
1400 770 1464 800 aut
1493 768 1639 811 propter
1670 766 1880 801 delictorum
1910 767 2173 810 executionem,
2206 767 2368 802 dabimus

140 811 374 853 ἐπεξέλευσιν,
399 809 566 857 δωσομεν
588 814 661 846 τοῖς
679 822 848 854 υπηκοοις
870 823 1045 858 πραττειν
1067 823 1103 843 τι
1131 808 1214 844 κατ’

141 855 268 892 αὐτοῦ·
301 855 517 891 τούναντίον
546 858 613 902 μὲν
637 850 702 891 οὖν
731 859 791 890 καὶ
814 858 955 891 ποιναῖς
987 851 1114 889 αὐτοὺς
1142 858 1220 889 ταῖς

140 903 272 938 πασῶν
296 900 527 948 πικροτάταις
550 899 740 946 ὖπάξομεν,
772 902 804 935 εἰ
825 899 907 935 τοὺς
930 899 1109 947 καθαραῖς
1137 914 1218 946 χρη-

141 951 315 1000 σαμένους
337 950 415 982 ταῖς
437 951 559 994 χερσὶν
581 950 641 981 καὶ
664 948 709 994 τῇ
731 947 810 1001 τῶν
834 944 1018 990 δημοσίων
1042 944 1218 992 εἰςπράξει

1289 811 1458 846 subiectis
1502 821 1606 856 agere
1647 811 1780 856 aliquid
1822 811 1993 847 adversus
2029 822 2125 847 eum:
2173 822 2193 847 e
2229 812 2368 847 diverso

1287 858 1408 891 autem
1439 857 1546 891 etiam
1577 858 1701 902 poenis
1736 867 1798 892 eos
1829 857 1985 892 omnium
2017 857 2248 892 amarissimis
2283 857 2367 892 sub-

1286 901 1458 944 iugamus,
1484 902 1515 936 si
1539 912 1611 944 eos,
1637 903 1697 946 qui
1719 901 1819 948 puris
1836 904 1922 937 sunt
1941 902 1998 938 usi
2018 903 2182 938 manibus
2203 907 2239 938 et
2261 902 2367 937 fisca-

1285 945 1371 980 lium
1406 947 1629 982 exactionem
1664 958 1746 982 cum
1780 947 1877 982 omni
1915 947 2120 983 detulerunt
2160 948 2367 990 subtilitate,

140 1007 231 1039 μετα
254 992 368 1047 πάσης
391 992 695 1048 προςενςχθέντας
723 995 921 1037 ἀκριβείας,
953 991 1032 1024 εἶτα
1059 991 1216 1025 narratis-
1233 993 1271 1025 15
1285 995 1413 1035 postea
1449 992 1667 1036 deponentes
1699 992 2040 1028 administrationem
2072 993 2233 1028 iniuriari
2265 1003 2367 1038 prae-

141 1041 266 1093 pf'vovs
288 1052 355 1082 την
373 1051 496 1093 Ιαρχην
517 1041 663 1091 υβρίσαι
686 1033 924 1083 θαρρήσαιεν,
958 1032 1054 1090 ἀλλὰ,
1076 1034 1125 1080 μὴ
1149 1035 1217 1089 συν

1285 1037 1503 1080 sumpserint
1527 1041 1563 1072 et
1586 1049 1658 1072 non
1682 1049 1762 1073 cum
1786 1038 1882 1072 omni
1910 1037 2033 1074 favore
2063 1044 2147 1084 post
2175 1039 2369 1083 legitimum

142 1088 298 1129 ευφημίᾳ
332 1095 430 1129 πασῃ
471 1096 562 1127 μετα
596 1094 662 1116 τον
700 1084 958 1126 νενομισμένον
993 1095 1124 1127 χρονον
1155 1093 1217 1115 τας
1284 1084 1425 1126 tempus
1456 1082 1658 1127 provincias
1683 1083 1922 1127 relinquentes
1946 1083 2171 1120 deduxerint.
2219 1084 2370 1129 Oportet

143 1131 314 1175 ἐπαρχίας
335 1124 651 1172 ἀπολιμπάνοντας
666 1127 933 1172 ἀποπέμψαιεν.
966 1129 1031 1160 Δεῖ
1051 1125 1118 1174 γὰρ
1136 1125 1219 1160 τοὺς
1287 1127 1380 1162 enim
1404 1137 1465 1162 eos
1490 1128 1550 1172 qui
1574 1132 1656 1171 post
1679 1127 1774 1171 hanc
1790 1132 1950 1168 nostram
1973 1129 2086 1174 legem
2109 1129 2263 1165 faciendi
2286 1134 2370 1165 sunt

142 1174 232 1218 μετὰ
264 1171 371 1208 τόνδε
400 1170 504 1218 ἡμῶν
537 1171 604 1207 τὸν
634 1170 748 1216 νόμον
778 1175 984 1219 γινομένους
1015 1169 1217 1219 λαμπροτά-
1288 1172 1504 1208 clarissimos
1540 1172 1779 1207 subiectarum
1813 1174 2079 1217 provinciarum
2113 1175 2249 1210 iudices
2284 1185 2368 1210 con-

143 1232 222 1254 τους
244 1220 322 1253 τῶν
344 1216 646 1264 ὑποτεταγμένων
666 1218 851 1264 ἐπαρχιῶν
874 1217 1047 1264 ἄρχοντας
1071 1217 1218 1251 ἑντεθυ-
1231 1219 1273 1252 20
1287 1217 1461 1261 siderare,
1495 1220 1630 1262 quanta
1654 1218 1794 1262 quidem
1817 1217 1982 1254 fruentur
2005 1220 2118 1264 gloria
2141 1221 2232 1256 tales
2255 1230 2368 1265 appa·

142 1265 299 1309 μῆσθαι,
327 1260 440 1306 πόσης
465 1265 533 1308 μὲν
556 1260 800 1297 ἀπολαύσουσι
823 1260 927 1306 δόξης
949 1264 1107 1297 τοιοῦτοι
1131 1265 1217 1309 ’φαι-
1286 1266 1425 1306 rentes,
1458 1264 1602 1308 quantis
1632 1267 1751 1298 autem
1781 1263 1854 1298 sint
1884 1264 2064 1300 incursuri
2093 1263 2368 1300 difficultatibus

142 1309 300 1354 νόμενοι,
331 1307 461 1344 πόσαις
484 1307 524 1342 δὲ
546 1309 826 1354 περιπεσοῦνται
851 1306 1044 1342 ὃυςκολίαις
1071 1307 1138 1343 τὸν
1160 1305 1218 1343 νό·
1287 1308 1399 1353 legem
1427 1309 1521 1343 hanc
1556 1308 1693 1344 solvere
1730 1312 1902 1354 quantum
1937 1309 1983 1344 ad
2013 1320 2052 1344 se
2088 1314 2367 1355 praesumentes.

141 1368 211 1399 μον
231 1354 362 1388 τοῦτον
381 1352 588 1401 παραλῦσαι
606 1352 648 1387 τό
664 1367 704 1401 γε
721 1351 782 1399 ἐφ’
802 1353 940 1388 ἑαυτοῖς
955 1351 1218 1410 θαρρήσαντες.
1287 1353 1368 1388 Erit
1390 1354 1484 1390 enim
1507 1354 1717 1398 absurdum,
1750 1354 1781 1389 Si
1805 1363 1866 1389 eos
1891 1354 2050 1399 quidem,
2082 1356 2143 1401 qui
2173 1357 2211 1390 in
2240 1356 2369 1391 vilibus

142 1399 194 1443 εἴη
217 1399 285 1447 γὰρ
315 1396 362 1434 ἂν
385 1400 464 1433 τῶν
493 1396 654 1440 ἀτόπων,
685 1399 716 1432 εἰ
745 1398 825 1433 τοὺς
854 1401 922 1444 μὲν
951 1397 1013 1434 ἐπ’
1040 1398 1219 1433 ευτελέσιν
1290 1399 1480 1444 capiuntur
1514 1399 1638 1442 furtis,
1673 1399 1744 1445 ipsi
1778 1400 1995 1444 torquebunt
2030 1404 2066 1435 et
2100 1411 2171 1436 non
2207 1401 2370 1445 primitus

142 1442 294 1479 ἁλόντας
316 1443 463 1480 κλοπαῖς
479 1441 582 1478 αὐτοὶ
605 1443 796 1486 κολάζοιεν,
820 1447 880 1478 καὶ
903 1444 1075 1488 βασάνοις
1093 1441 1220 1479 αὐτοὺς
1232 1447 1273 1480 25
1289 1445 1492 1489 quiescant,
1524 1445 1637 1480 donec
1670 1444 1822 1480 reddant
1854 1445 1968 1487 furta,
2000 1445 2070 1490 ipsi
2093 1450 2212 1482 autem
2235 1446 2372 1481 innoxii

141 1487 388 1535 ὑποβάλλοιεν,
431 1492 491 1524 καὶ
531 1487 571 1524 οὗ
606 1489 783 1535 πρότερον
818 1502 861 1524 συ
884 1492 1036 1537 χωροῖεν
1074 1492 1141 1524 ἕως
1173 1487 1220 1524 ἂν
1288 1491 1484 1526 manserint
1525 1490 1564 1525 in
1607 1490 1769 1525 maximis
1805 1490 1990 1525 constilzuti
2024 1491 2148 1535 furtis,
2186 1494 2223 1526 et
2256 1501 2371 1535 neque

142 1533 312 1570 ἀποδοῖεν
335 1533 381 1570 τὰ
403 1534 539 1583 φώρια,
571 1533 673 1569 αὐτοὶ
697 1533 737 1569 δὲ
767 1502 963 1569 ἀνεύέυνοι
992 1538 1135 1580 μένοιεν
1159 1537 1219 1570 ἐπὶ
1288 1536 1385 1588 apud
1409 1536 1591 1571 subiectos
1622 1536 1875 1571 erubescentes
1907 1537 2125 1581 exemplum,
2160 1548 2241 1572 cum
2264 1537 2372 1572 liceat

142 1578 309 1628 μεγάλων
337 1579 524 1628 γενόμενοι
553 1579 708 1621 κλοπῶν,
742 1583 803 1614 καὶ
833 1578 918 1615 οὐδὲ
946 1579 989 1615 τὸ
1020 1579 1109 1627 πρὸς
1138 1579 1220 1616 τούς
1288 1591 1340 1617 eis
1364 1581 1523 1617 honestis
1549 1585 1586 1616 et
1608 1581 1731 1617 liberis
1756 1586 1791 1616 et
1819 1580 1976 1625 undique
2006 1582 2194 1618 laudandis
2219 1582 2370 1626 ostendi,

142 1623 317 1670 ὑπηκόους
339 1626 580 1673 ἐρυθριῶντες
597 1624 839 1674 παράδειγμα·
864 1617 919 1661 ὧν
937 1626 1078 1667 ὲξεστιν
1101 1623 1220 1661 αὐτοῖς
1289 1631 1325 1662 et
1347 1636 1370 1662 a
1393 1627 1497 1662 nobis
1521 1627 1654 1662 habere
1677 1626 1918 1663 testimonium
1941 1631 1978 1662 et
2000 1637 2110 1673 spem.

142 1669 351 1719 ὑπεριδοῦσι
374 1674 514 1716 σεμνοῖς
536 1685 577 1706 τε
594 1674 654 1705 καὶ
677 1670 879 1717 ἐλευθέροις
901 1675 961 1705 καὶ
985 1670 1221 1715 πανταχόθεν
1235 1675 1278 1708 30

143 1719 410 1763 ἐπαινουμένοις
433 1717 592 1763 φανῆναι
623 1719 682 1750 καὶ
706 1715 772 1760 τὴν
796 1717 835 1758 ἐξ
858 1713 960 1762 ἡμῶν
992 1718 1086 1760 ἔχειν
1109 1716 1222 1761 καλὴν

146 1768 188 1799 ΙΑ
234 1765 253 1799 1
284 1766 486 1810 μαρτυρίαν
510 1775 551 1796 τε
572 1764 632 1796 καὶ
662 1760 800 1797 ἐλπίδα.
895 1759 945 1797 Οὐ
970 1763 1222 1810 συγχωροῦμεν
1288 1763 1310 1799 1
1355 1760 1438 1798 Non
1472 1763 1620 1799 sinimus
1651 1764 1771 1798 autem
1798 1774 1864 1799 nec
1903 1763 2159 1809 spectabilibus
2193 1763 2370 1799 iudicibus

143 1808 184 1844 δὲ
205 1807 287 1843 οὔτε
309 1811 383 1842 τοῖς
406 1805 656 1855 περιβλέπτοις
679 1805 799 1848 δουξὶν
823 1806 905 1842 οὔτε
928 1807 1039 1854 ἑτέρῳ
1062 1811 1136 1842 τινὶ
1154 1807 1221 1852 τὴν
1289 1818 1357 1843 nec
1379 1808 1481 1843 alteri
1503 1808 1612 1843 alicui
1635 1808 1830 1853 quamlibet
1857 1809 1907 1844 eis
1940 1809 2207 1854 oppressionem
2231 1813 2294 1844 aut
2316 1809 2370 1844 in-

143 1854 291 1890 οἷανοῦν
320 1851 440 1888 αὐτοῖς
470 1851 682 1894 πλεονεξίαν
717 1849 739 1896 ἢ
774 1850 917 1888 ἀδικίαν
952 1855 1164 1901 ἐπαγαγεῖν,
1198 1851 1221 1896 ἢ
1289 1853 1464 1889 iustitiam
1487 1854 1635 1898 inferre,
1669 1857 1733 1888 aut
1763 1854 1926 1890 civilibus
1951 1855 2093 1890 omnino
2125 1854 2243 1890 causis
2275 1865 2370 1890 com-

143 1899 337 1936 πολιτικοῖς
366 1895 457 1933 ὅλως
487 1896 673 1946 πράγμασι
703 1902 902 1942 κοινωνεῖν,
939 1899 1000 1933 ἵνα
1030 1902 1090 1933 καὶ
1125 1895 1221 1943 ἡμεῖς
1234 1903 1275 1934 35
1289 1899 1488 1935 municare:
1522 1902 1563 1934 ut
1587 1902 1623 1934 et
1645 1910 1711 1935 nos
1736 1899 1786 1935 eis
1810 1900 2034 1935 honestatem
2059 1910 2238 1935 servemus
2261 1903 2298 1935 et
2320 1900 2372 1935 illi

145 1944 264 1981 αὐτοῖς
291 1943 359 1988 τὴν
382 1942 584 1988 σεμνότητα
613 1941 853 1990 φυλάττοιμεν
885 1942 1040 1979 κάκεῖνοι
1069 1943 1137 1988 τὴν
1160 1958 1219 1979 κα-
1289 1945 1481 1990 puritatem
1515 1944 1618 1980 nobis
1655 1944 1947 1990 devotionemque
1985 1945 2188 1980 restituant.
2249 1945 2372 1986 Sciant

145 1989 334 2037 θαρότητά
355 2003 395 2024 τε
418 1986 503 2033 ἡμῖν
518 1992 578 2023 καὶ
603 1988 746 2023 εὔνοιαν
763 1987 992 2025 ἀντιδιδοῖεν.
1024 1988 1129 2024 Ἶστω
1153 1989 1220 2038 γὰρ
1289 1990 1382 2026 enim
1407 2001 1529 2026 omnes
1558 1990 1725 2032 subiecti,
1758 1991 1842 2034 quia
1865 1994 2013 2035 propter
2037 2001 2157 2026 eorum
2182 1991 2371 2026 utilitatem

144 2033 244 2072 ἅπαν
267 2034 309 2070 τὸ
333 2033 499 2078 ὑπήκοον,
532 2031 579 2069 ὠς
609 2032 669 2068 διὰ
700 2033 767 2078 τὴν
800 2032 924 2070 αὐτῶν
953 2034 1132 2081 ὠφέλειαν
1160 2039 1220 2070 καὶ
1290 2038 1326 2071 et
1349 2035 1505 2081 undique
1529 2046 1652 2071 eorum
1682 2035 1967 2078 indemnitatem,
2000 2040 2036 2071 et
2067 2039 2108 2070 ut
2138 2047 2203 2082 per
2233 2047 2371 2071 omnem

144 2081 186 2117 τὸ
210 2079 449 2124 πανταχόθεν
472 2077 595 2115 αὐτῶν
612 2077 769 2125 ἀζήμιον
791 2083 851 2114 καὶ
873 2079 915 2115 τὸ
940 2079 1001 2115 διὰ
1024 2078 1139 2124 πάσης
1160 2078 1219 2115 αὖ·
1290 2085 1442 2125 agantur
1473 2081 1627 2126 quietem
1660 2083 1695 2115 et
1725 2092 1797 2116 non
1826 2085 1999 2126 cogantur
2029 2082 2232 2126 provincias
2264 2082 2370 2116 relin-

144 2126 225 2162 τοὺς
261 2125 360 2174 ἄγειν
391 2123 591 2160 εὐπαθείας
621 2129 680 2159 καὶ
710 2124 759 2170 μὴ
787 2125 1130 2173 καταναγκάζεσθαι
1159 2126 1222 2161 τὰς
1234 2129 1276 2161 40
1291 2136 1399 2171 quere
1424 2130 1459 2162 et
1482 2128 1520 2161 in
1543 2126 1740 2170 peregrinis
1764 2126 1892 2171 affligi,
1924 2130 2116 2172 propterea
2146 2129 2371 2171 praesentem

144 2171 263 2220 χώρας
289 2168 556 2216 ἀπολιμπάνειν
583 2169 675 2216 μηδὲ
705 2173 745 2205 ἐν
775 2171 858 2218 ξένῃ
891 2170 1221 2218 ταλαιπωρεῖσθαι,
1290 2173 1401 2216 legem
1425 2172 1654 2216 scripsimus,
1679 2172 1744 2207 deo
1770 2182 1849 2207 eam
1873 2176 2038 2208 voventes
2063 2176 2100 2207 et
2121 2172 2371 2218 praesentibus

146 2217 205 2253 διὰ
234 2218 341 2253 τοῦτο
371 2216 439 2252 τὸν
469 2216 637 2263 παρόντα
671 2215 783 2261 νόμον
815 2215 1034 2264 ἐγράψαμεν,
1068 2217 1150 2260 θεῷ
1179 2230 1220 2251 τε

190 2300 261 2331 cap.
286 2287 469 2320 X—XIV
488 2293 595 2319 extant
614 2286 651 2318 B
673 2288 704 2326 6,
729 2293 756 2327 3,
782 2293 903 2319 17-21.
930 2305 967 2309 —-
993 2287 1013 2318 2
1037 2287 1080 2328 cf.
1105 2283 1158 2317 Αἱ
1181 2284 1294 2329 ῥοπαί
1318 2287 1370 2327 13,
1398 2287 1413 2319 1
1439 2287 1484 2326 (n.
1511 2287 1551 2319 75
1578 2286 1706 2326 Zach.).

146 2375 249 2421 qinta
269 2372 394 2408 diebus
420 2384 470 2408 eae
493 2373 685 2418 provincia
708 2373 842 2419 fuqere
864 2383 975 2408 ausus
997 2372 1063 2414 sit,
1089 2376 1174 2408 tunc
1196 2371 1492 2419 comprehensus,
1516 2372 1727 2418 ubicumque
1750 2384 1831 2408 eum
1855 2374 2075 2410 commorari
2100 2379 2293 2422 appareat,
2314 2386 2369 2411 re-

147 2419 297 2454 ducetur
320 2418 359 2452 in
375 2417 602 2463 provinciam
626 2417 684 2453 cui
736 2417 886 2463 raefuit,
909 2417 1159 2463 quodcumque
1178 2421 1297 2452 autem
1321 2417 1503 2469 accepisse
1524 2423 1691 2464 repertus
1710 2418 1790 2460 erit,
1811 2418 2056 2464 quadruplum
2077 2421 2252 2455 restituet.

281 2462 326 2497 X.
375 2461 474 2498 Illud
496 2462 660 2498 videlicet
683 2473 703 2497 o
727 2462 941 2498 servandum
964 2466 1028 2504 est,
1053 2461 1190 2496 nullam
1214 2473 1291 2497 esse
1308 2461 1462 2497 subditis
1485 2462 1622 2498 nostris
1644 2463 1783 2498 veniam
1803 2462 1847 2498 ob
1864 2463 1974 2498 aliam
1997 2475 2072 2499 rem
2089 2464 2201 2499 ullam
2218 2469 2372 2511 praeter

148 2509 288 2552 furtum
311 2507 400 2543 baec
423 2507 595 2543 adversus
617 2507 853 2554 maqistratus
875 2506 1014 2553 aqendi.
1064 2506 1190 2553 Neque
1213 2507 1306 2542 enim
1329 2507 1362 2542 si
1383 2507 1544 2542 severior
1563 2507 1834 2543 contumacibus
1857 2508 2022 2544 videatur
2037 2514 2196 2556 propter
2220 2510 2370 2546 tributo-

147 2565 227 2589 rum
245 2554 473 2589 exactionem
496 2552 552 2589 vel
573 2552 785 2588 delictorum
809 2552 1068 2594 executionem,
1088 2552 1336 2599 permittemus
1358 2551 1521 2595 subditis,
1542 2552 1692 2598 utquid
1709 2558 1838 2588 contra
1861 2564 1941 2589 eum
1964 2565 1987 2589 a
2014 2559 2095 2590 ant:
2117 2555 2223 2590 immo
2247 2567 2267 2590 e
2286 2566 2370 2591 con-

149 2598 263 2635 trario
314 2598 414 2634 oenis
437 2598 593 2633 omnium
620 2597 858 2633 acerbissimis
885 2608 947 2633 eos
968 2597 1197 2639 subiciemus,
1231 2596 1263 2632 si
1288 2596 1373 2632 illos
1398 2597 1504 2644 puris
1523 2597 1688 2633 manibus
1707 2609 1794 2634 usos
1817 2602 1853 2634 et
1874 2599 1913 2634 in
1938 2599 1985 2634 tri
2008 2604 2153 2635 utorum
2176 2601 2372 2636 exactione

147 2644 245 2680 omni
293 2643 458 2690 iliqentia
480 2646 643 2679 versatos
670 2642 799 2678 deinde
827 2643 1043 2689 maqistratu
1067 2642 1231 2688 deposito
1255 2642 1399 2678 iniuriis
1426 2643 1578 2688 afficere
1601 2643 1683 2678 ausi
1704 2644 1865 2695 fuerint,
1896 2655 1941 2679 ac
1963 2655 2038 2679 non
2067 2650 2155 2697 post
2175 2646 2206 2681 le
2233 2646 2370 2681 itimum

149 2694 287 2736 tempus
301 2688 504 2736 provinciis
524 2688 734 2724 decedentes
754 2699 834 2723 cum
854 2687 952 2723 omni
974 2687 1113 2723 bonore
1137 2687 1327 2734 prosecuti
1350 2687 1431 2723 sint.
1483 2687 1636 2735 Oportet
1651 2699 1745 2724 enim
1769 2689 1991 2736 clarissimos
2013 2700 2074 2736 qui
2094 2694 2183 2737 post
2230 2701 2299 2726 anc
2322 2691 2369 2726 le-

148 2746 227 2780 qem
247 2738 410 2770 nostram
428 2733 550 2780 futuri
568 2737 655 2769 sunt
670 2732 896 2769 subditarum
942 2733 1186 2769 rovinciarum
1206 2733 1444 2779 maqistratus
1459 2733 1702 2775 considerare,
1717 2738 1855 2779 quanta
1872 2734 1997 2786 qloria
2011 2736 2116 2770 usuri
2129 2735 2213 2778 sint,
2228 2736 2261 2770 si
2282 2736 2372 2772 tales

147 2791 185 2816 se
201 2779 420 2827 praebeant,
445 2783 602 2825 quantas
630 2782 749 2814 autem
772 2778 902 2859 dijgficu
920 2782 1011 2814 tates
1029 2777 1201 2820 subituri,
1229 2778 1261 2812 si
1284 2777 1378 2813 banc
1399 2778 1532 2824 leqem,
1554 2783 1728 2825 quantum
1747 2779 1786 2814 in
1806 2779 1897 2826 ipsis
1919 2784 1991 2822 est,
2016 2780 2155 2816 violare
2182 2781 2264 2816 ausi
2285 2781 2368 2817 sint.

147 2824 351 2861 Absurdum
373 2824 466 2860 enim
489 2828 600 2867 esset,
631 2824 664 2859 si
694 2824 732 2858 in
755 2823 814 2859 vili
841 2835 882 2859 us
905 2823 1150 2875 deprehensos
1170 2823 1286 2870 furtis
1312 2822 1367 2858 illi
1394 2823 1536 2869 quidem
1552 2824 1715 2870 puniant
1734 2835 1868 2871 eosque
1894 2825 2080 2861 tormentis
2103 2826 2284 2862 subiciant
2310 2838 2370 2862 ne-

148 2882 217 2917 que
242 2870 354 2917 prius
383 2869 569 2905 remittant
596 2880 706 2915 quam
735 2870 843 2915 furta
874 2869 1116 2911 restituerint,
1147 2868 1219 2915 ipsi
1250 2879 1335 2904 vero
1367 2868 1534 2915 impuniti
1565 2873 1736 2904 maneant
1764 2870 1908 2916 maqnis
1933 2871 2051 2916 furtis
2079 2871 2296 2914 commissis,
2326 2883 2372 2907 ne

148 2915 354 2962 exemplum
398 2914 516 2950 uidem
535 2914 688 2950 subditis
707 2913 830 2949 datum
851 2913 1114 2949 erubescentes:
1138 2924 1216 2949 cum
1232 2913 1278 2948 iis
1300 2913 1407 2949 liceat
1427 2912 1483 2949 his
1500 2914 1714 2960 contemptis
1737 2915 1910 2961 qravibus
1932 2919 1968 2951 et
1991 2915 2113 2951 liberis
2136 2920 2245 2962 atque
2266 2917 2370 2952 undi-

148 2963 169 2996 1
215 2972 285 3007 que
308 2960 369 2995 lau
396 2959 502 2995 andis
522 2960 635 2996 videri
656 2963 692 2995 et
713 2970 736 2994 a
759 2959 863 2994 nobis
886 2959 1017 2994 bonum
1043 2959 1282 3005 testimonium
1306 2958 1508 3004 bonamque
1529 2970 1629 3005 spem
1653 2958 1793 2995 babere.
1886 2959 1971 2996 Non
2019 2961 2232 2997 ermittimus'
2251 2966 2370 2997 autem

149 3017 264 3052 neque
282 3004 538 3052 spectabilibus
558 3004 707 3040 ducibus
729 3015 843 3050 neque
867 3003 934 3039 alii
954 3005 1134 3050 cuiquam,
1166 3007 1208 3039 ut
1230 3003 1341 3039 ullam
1364 3003 1437 3038 illis
1457 3003 1629 3049 fraudem
1651 3004 1708 3039 vel
1729 3004 1901 3041 iniuriam
1923 2972 2106 3052 insiliant,
2131 3010 2196 3042 aut
2215 3006 2370 3042 civilium

150 3051 294 3087 omnino
319 3050 548 3096 neqotiorum
563 3049 769 3097 participes
796 3050 887 3084 sint:
918 3060 990 3095 quo
1016 3052 1052 3084 et
1073 3060 1141 3084 nos
1162 3049 1214 3085 eis
1238 3049 1491 3084 auctoritatem
1511 3059 1761 3084 conservemus
1783 3053 1820 3085 et
1848 3050 1904 3085 illi
1932 3051 2176 3097 inteqritatem
2205 3051 2309 3087 nobis
2335 3056 2372 3086 et

150 3095 306 3131 studium
330 3095 480 3131 invicem
506 3099 707 3141 praestent.
761 3093 890 3129 Sciant
923 3093 1015 3129 enim
1047 3105 1170 3129 omnes
1198 3094 1332 3129 subditi
1366 3105 1434 3129 nos
1463 3097 1623 3140 propter
1656 3094 1802 3130 illorum
1833 3095 2025 3131 utilitatem
2060 3100 2096 3131 et
2125 3100 2167 3131 ut
2196 3095 2240 3131 ab
2273 3097 2371 3131 omni

146 3145 257 3188 parte
284 3140 467 3175 indemnes
495 3141 571 3176 sint
599 3145 635 3176 et
664 3151 743 3175 cum
775 3140 873 3174 omni
903 3138 1166 3184 tranquillitate
1198 3139 1334 3185 deqant
1361 3150 1447 3175 neve
1479 3142 1659 3185 coquntur
1682 3139 1897 3185 provincias
1926 3140 2129 3187 relinquere
2155 3145 2190 3176 et
2211 3152 2371 3194 pereqre

151 3186 278 3221 misere
300 3185 435 3228 vivere,
461 3189 665 3231 propterea
688 3184 781 3219 banc
806 3184 916 3230 leqem
946 3183 1220 3229 conscripsisse,
1253 3188 1289 3220 et
1314 3184 1381 3220 deo
1405 3194 1483 3219 eam
1506 3187 1542 3220 et
1554 3184 1811 3230 praesentibus
1833 3185 2070 3221 sanctissimis
2093 3197 2214 3231 maqm
2236 3186 2314 3222 eius
2335 3190 2372 3233 et

197 3279 217 3310 6
243 3273 537 3329 εφυλαττρμένου
553 3276 590 3329 ‚L
615 3275 626 3318 ΙΙ
648 3278 685 3309 10
708 3272 934 3328 πλημμᾴτων
955 3276 1001 3309 L¹
1021 3275 1033 3319 ΙΙ
1054 3278 1089 3309 11
1113 3272 1224 3309 δάσω-

150 3335 217 3367 W
226 3320 358 3410 glun&
370 3320 644 3399 ἕέἶῖἷῖςοῖἶῖῗ
653 3321 726 3408 nni}
737 3320 808 3399 '¹2⁶3
820 3319 1001 3399 Zffi‘t‘ssss
1013 3321 1060 3399 ῗι
1069 3319 1142 3400 Ηπῗ)
1153 3319 1227 3400 32³3-

152 3381 275 3446 anlvw
294 3411 343 3444 L²
360 3410 364 3454 Ι
388 3412 430 3445 23
455 3407 621 3443 διαλύσαι
644 3410 681 3443 Β
696 3409 708 3455 ss
727 3378 871 3443 ἑαυὲοὐς
886 3411 940 3464 γΜ
948 3411 960 3454 ΙΙ
979 3413 1020 3445 25
1045 3379 1227 3453 κολάΞοιεν

153 3459 212 3490 καὶ
233 3471 291 3490 om.
313 3468 332 3492 ς·
358 3455 363 3499 Ι
402 3458 443 3490 26
463 3451 678 3499 ὗποβάλοιεν
698 3456 746 3488 Μ
764 3456 776 3498 ΙΙ
806 3457 848 3489 29
874 3467 927 3488 ων
950 3454 1089 3496 ἔξεστιν
1110 3454 1228 3490 αὐτοῖς

153 3498 372 3547 ὑπεριδοῦσι]
393 3512 468 3534 cum
488 3500 588 3533 liceat
611 3500 656 3533 eis
677 3511 697 3536 ς
722 3499 735 3544 ΙΙ
766 3498 943 3553 31θκαλὴν
963 3509 1037 3535 ante
1061 3500 1099 3541 ἐξ
1125 3497 1228 3553 ἡμῶν

155 3548 227 3581 coll.
251 3547 331 3588 LB,
356 3559 414 3581 om.
437 3558 457 3583 ς
484 3546 496 3591 ΙΙ
527 3548 568 3580 33
593 3541 704 3578 *οὐδὲ
729 3564 768 3569 -
793 3541 875 3578 ουδὲ
903 3546 980 3580 libri
1007 3545 1020 3591 ΙΙ
1048 3548 1091 3581 36
1123 3542 1229 3589 αὐτης

1294 3277 1326 3309 R
1342 3275 1354 3320 ΙΙ
1377 3278 1417 3309 12
1436 3275 1563 3317 poenis]
1585 3276 1622 3307 in
1645 3276 1740 3317 penis
1758 3275 1793 3308 R
1815 3274 1828 3319 ΙΙ
1851 3275 2090 3318 subiungamus
2112 3277 2146 3310 R
2163 3276 2176 3320 [Ι
2194 3279 2233 3311 15
2254 3277 2370 3310 ammi-

1294 3321 1489 3353 nistratione
1514 3320 1551 3353 V
1575 3319 1588 3364 ΙΙ
1619 3321 1656 3354 17
1682 3320 1890 3353 deduxerunt
1914 3321 1952 3355 V
1973 3321 2190 3354 deduexerint
2212 3323 2286 3364 (sic)
2308 3322 2369 3366 ΒΡ,

1295 3379 1353 3400 om.
1378 3367 1425 3399 R¹
1447 3365 1459 3408 ΙΙ
1486 3366 1527 3398 18
1556 3364 1615 3406 qui
1636 3367 1722 3408 post]
1752 3365 1871 3407 quibus
1899 3366 1944 3399 R¹
1971 3366 1983 3410 ss
2013 3368 2052 3400 19
2077 3366 2251 3400 clarissimi
2274 3368 2310 3402 V
2316 3368 2332 3389 ³
2356 3370 2369 3410 ΙΙ

1295 3413 1335 3445 21
1363 3410 1496 3452 quantis
1518 3412 1627 3443 autem
1653 3412 1787 3452 quantis
1806 3411 1868 3452 Ra,
1889 3413 1999 3444 autem
2028 3412 2162 3452 quantis
2187 3414 2298 3446 autem
2313 3413 2350 3447 V
2357 3411 2369 3457 Η

1295 3458 1337 3490 23
1363 3456 1462 3496 enim]
1488 3456 1598 3487 autem
1609 3455 1659 3488 R¹
1675 3455 1687 3499 ΙΙ
1705 3457 1749 3490 24
1770 3456 2016 3497 torquebuntur
2030 3456 2067 3489 V
2072 3456 2086 3478 ¹
2099 3455 2112 3501 ΙΙ
2129 3458 2173 3492 25
2196 3458 2370 3500 quiescunt

1296 3502 1329 3534 R
1356 3501 1368 3544 ΙΙ
1394 3502 1434 3534 27
1471 3500 1560 3542 apud
1581 3513 1639 3534 om.
1662 3500 1697 3534 R
1721 3501 1734 3544 1}
1758 3502 1800 3535 32
1836 3501 2048 3543 spectabilius
2070 3502 2123 3535 R!⁸
2149 3501 2161 3546 ss
2188 3502 2365 3544 iudicibus]

1298 3547 1357 3590 leq.
1383 3544 1521 3578 ducibus
1549 3544 1562 3589 ss
1587 3557 1636 3578 vv.
1662 3547 1703 3579 ab
1728 3556 1767 3579 us
1797 3547 1883 3579 vocis
1911 3546 2079 3580 iudicibus
2108 3559 2207 3590 usque
2239 3550 2285 3582 ad
2310 3559 2368 3592 op·

156 3591 214 3637 Lu
233 3594 273 3627 37
298 3603 339 3625 τε
359 3604 418 3625 om.
444 3592 476 3625 L
494 3590 507 3636 ΙΙ
522 3587 704 3624 ἀντιδοίεν
727 3590 760 3623 L

201 3684 219 3715 7
253 3685 383 3724 praeter
413 3682 552 3722 furtum]
588 3683 717 3723 praeter
752 3680 913 3713 fiscalium
948 3682 1142 3715 exhactione
1171 3684 1230 3714 aut

157 3729 290 3770 propter
310 3727 436 3760 furtum
450 3728 497 3761 ΕΙ
516 3727 564 3771 118
589 3725 738 3771 iuldices]
761 3725 848 3758 dices
868 3739 926 3760 om.
942 3726 987 3759 Β*
1004 3726 1017 3772 ΙΙ
1040 3728 1077 3761 10
1100 3730 1230 3771 praeter

226 3782 276 3810 111.

1295 3591 1495 3633 pressionem
1515 3591 1620 3634 suppl.
1643 3590 1680 3624 V
1682 3590 1698 3610 ²
1720 3591 1754 3624 in
1774 3598 1858 3633 spat.
1882 3603 1952 3624 vac.
1975 3592 1995 3625 2
2019 3604 2163 3626 versuum
2181 3592 2194 3638 ss
2217 3594 2260 3628 34
2283 3594 2368 3627 ciui-

1296 3636 1395 3676 libus]
1426 3634 1602 3668 ciuinbus
1625 3635 1678 3669 V1
1707 3634 1845 3668 cuilibet
1868 3635 1918 3669 R*
1946 3635 1958 3680 ΙΙ
1987 3638 2027 3671 37
2059 3647 2171 3671 omnes
2201 3651 2259 3672 om.
2282 3638 2319 3672 V
2323 3639 2335 3660 ²
2356 3638 2368 3682 ΙΙ

1297 3691 1411 3768 {orum
1436 3693 1494 3758 (ἧς.
1521 3679 1557 3714 V
1566 3679 1578 3724 ΙΙ
1597 3682 1640 3714 39
1666 3680 1724 3726 leq.
1751 3680 1876 3722 agant?
1895 3679 1907 3726 ΙΙ
1922 3682 1965 3715 40
1991 3681 2184 3725 pelegrinus
2204 3683 2253 3716 R¹
2276 3694 2368 3728 pere-

1320 3737 1414 3758 rlnus

2057 3786 2098 3819 10
