2618 4010
274 127 382 171 Nov.
401 127 540 170 XCIX
568 139 628 181 pr.
662 130 682 169 1

413 355 591 409 ΠΕΡΙ
629 291 1207 410 ΑΛΛΕῙῨῙΛΕΓΓΥῼΝ.

272 433 309 468 Ὁ
327 430 435 468 αὐτὸς
453 431 620 488 engilraus
640 430 791 480 Ἰωάννη
815 434 962 481 ἐπάρχῳ
987 438 1224 482 πραιτωρίων
1239 434 1283 470 τὸ
1299 434 1348 481 β’,

1345 121 1433 170 482

1971 141 2031 172 DE
2058 138 2157 171 nnis
2186 137 2489 170 PROMI'H’ENDI

1767 291 1895 330 XCIX.
1941 294 2204 332 Auth.ch11.
2223 292 2488 330 0011.vntit.9

1478 359 1530 408 R
1563 359 1656 408 DE
1684 360 1837 412 REIS
1871 362 2348 414 PROMITTENDI
2380 363 2431 412 R

1562 435 1660 471 mem
1684 436 1775 481 Aug.
1800 437 1951 474 iohanni
1978 450 2039 486 pp.
2062 451 2129 486 per
2151 441 2340 477 orientem.

404 475 477 514 ἀπὸ
499 476 654 513 υπάτων
675 472 932 527 <ὄρδῖναρίων>
956 482 1015 512 καὶ
1036 484 1227 524 πατρικίῳ.

335 545 647 592 (Προοίμιον.)
695 545 812 592 Ἴσμεν
841 548 968 593 πρώην
997 547 1203 582 τεθεικότες
1233 544 1348 591 νόμον
1385 552 1405 584 5
1485 547 1770 593 (Praefatio.)
1815 548 1984 585 Novimus
2013 551 2148 596 pridem
2178 555 2349 597 ponentes
2378 551 2489 596 legem

272 593 354 635 περὶ
371 589 537 637 ἐπιλογῆς
582 588 808 637 ανὸατώρων
831 605 870 627 τε
890 596 950 626 καὶ
966 592 1149 639 ἐγγυητῶν
1172 594 1231 624 καὶ
1249 589 1350 626 ἀντι-
1418 592 1462 628 de
1493 592 1665 627 electione
1695 592 1944 629 mandatorum
1974 596 2010 630 et
2038 595 2283 633 fideiussorum
2314 600 2352 632 et
2382 606 2487 642 spon-

271 635 454 679 φωνητῶν
477 635 547 671 πολ
569 636 610 671 ὰς
641 639 770 679 ἔχοντα
802 641 861 671 καὶ
884 638 1111 684 κοινωφελεῖς
1134 639 1206 671 τοῖς
1229 634 1349 681 ἡμετέ-
1417 648 1537 673 eorum
1555 637 1686 673 multas
1707 638 1897 673 habentem
1917 643 1953 674 et
1970 639 2010 675 in
2028 649 2212 677 commune
2231 643 2335 678 utiles
2355 642 2487 677 nostris

271 691 344 723 ροις
367 677 555 715 ὑποτελέσι
579 682 813 726 νομοθεσίας·
852 684 912 717 ἐπὶ
936 681 975 717 δὲ
997 683 1062 717 τοῦ
1088 680 1268 727 παρόντος
1291 685 1350 716 καὶ
1418 682 1587 718 subiectis
1624 682 1873 727 legislationes.
1920 683 1963 718 In
1997 686 2175 729 praesenti
2207 696 2288 723 vero
2323 689 2360 722 et
2392 686 2489 722 aliud

271 726 390 770 ἑτέρας
418 723 504 770 ἡμῖν
527 724 627 768 ἔδοξε
657 725 807 762 δεῖσθαί
833 739 930 762 ’τινος
954 728 1205 775 ἐπεξεργασίας
1229 740 1268 760 τε
1291 730 1351 760 καὶ
1418 727 1522 763 nobis
1545 728 1657 763 visum
1678 730 1735 763 est
1755 738 1858 772 egere
1877 729 2029 774 quadam
2049 730 2297 774 explanatione
2315 735 2353 767 et
2373 732 2488 766 incre-

272 768 475 815 προςθήκης
497 768 563 806 οὐκ
587 769 758 818 ἀγεννοῦς
782 769 866 807 οὐδὲ
886 773 940 816 τῷ
957 775 1067 816 κοινῷ
1099 772 1164 806 τοῦ
1189 769 1350 807 πολιτεύ-
1365 776 1405 808 10
1418 775 1536 809 mento
1559 783 1632 808 non
1655 782 1826 818 exgenere
1849 784 1963 820 neque
1985 774 2068 810 usui
2090 776 2294 820 imperfecto
2318 780 2354 812 et
2371 776 2489 812 inutili

270 827 381 858 ματος
405 813 631 852 ἀλυσιτελοῦς
654 817 902 861 καθεστώσης.
1421 818 1646 854 consistente.

1284 929 1440 966 CAPUT
1467 930 1495 966 1.

329 996 375 1030 Εἰ
394 994 464 1043 γάρ
486 1007 540 1031 τις
563 993 809 1045 ἆλληλεγγύως
840 994 1068 1033 ὑπευθύνους
1100 995 1204 1042 λάβοι
1236 995 1350 1039 τινάς,
1487 998 1526 1033 Si
1549 997 1628 1043 quis
1653 997 1745 1033 enim
1769 998 1907 1034 alterna
1929 998 2156 1036 fideiussione
2179 999 2354 1043 obligatos
2375 1005 2491 1036 sumat

272 1040 303 1074 εἰ
328 1042 399 1095 μὲν
432 1041 482 1086 μὴ
515 1042 727 1086 προςτεθείη
759 1043 802 1077 τὸ
835 1041 911 1077 δεῖν
942 1047 1002 1077 καὶ
1033 1045 1099 1077 ἕνα
1130 1040 1273 1077 τούτων
1304 1043 1350 1077 εἰς
1419 1043 1575 1088 aliquos,
1606 1043 1638 1078 si
1669 1043 1809 1088 quidem
1832 1054 1906 1079 non
1929 1044 2100 1079 adiecerit
2123 1048 2286 1090 oportere
2316 1048 2353 1079 et
2382 1055 2490 1080 unum

272 1084 471 1131 ὁλοκληρον
506 1087 713 1131 ἐνέχεσθαι,
749 1087 889 1123 πάντας
925 1089 963 1129 ἐξ
993 1088 1071 1122 ἴσον
1106 1087 1176 1131 τὴν
1205 1085 1351 1135 ἀγωγὴν
1418 1089 1545 1123 horum
1586 1088 1625 1123 in
1660 1088 1809 1123 solidum
1844 1090 1975 1132 teneri,
2017 1100 2139 1125 omnes
2178 1099 2222 1125 ex
2257 1100 2370 1134 aequo
2406 1100 2491 1125 con-

272 1128 510 1176 ὖφίστασθαι.
558 1133 589 1166 εἰ
618 1130 659 1167 δὲ
689 1137 751 1168 καί
780 1147 816 1167 τι
847 1134 990 1168 τοιοῦτο
1019 1146 1047 1168 π
1069 1133 1250 1176 οςτεθείη,
1285 1147 1348 1179 φυ-
1366 1136 1404 1168 15
1418 1134 1616 1169 ventionem
1658 1133 1845 1169 sustinere.
1904 1134 1941 1169 Si
1976 1144 2058 1170 vero
2101 1135 2234 1179 aliquid
2274 1135 2379 1170 etiam
2420 1135 2492 1170 tale

272 1175 474 1210 λάττεσθαι
505 1178 573 1221 μὲν
601 1178 644 1212 τὸ
670 1178 880 1225 σύμφωνον,
910 1176 974 1213 οὐκ
1000 1175 1037 1212 εἰ»
1072 1178 1108 1212 ὺς
1136 1181 1261 1223 μέντοι
1283 1178 1350 1222 τὴν
1418 1179 1609 1222 adiciatur,
1634 1179 1766 1214 servari
1801 1179 1941 1224 quidem
1970 1183 2129 1224 pactum,
2162 1190 2233 1215 non
2263 1182 2382 1216 tamen
2410 1190 2492 1215 mox

272 1217 387 1265 ἀρχὴν
421 1223 575 1256 ἕκαστον
610 1219 807 1269 ὁλόκληρον
839 1221 1099 1264 ἀπαιτεῖσθαι,
1135 1221 1227 1257 ἀλλὰ
1262 1227 1350 1257 τέως
1418 1224 1463 1258 ab
1487 1224 1586 1259 initio
1606 1234 1890 1269 unumquemque
1913 1224 1950 1259 in
1973 1225 2123 1260 solidum
2143 1225 2244 1270 exigi.
2269 1225 2332 1260 sed
2351 1225 2490 1260 interim

271 1268 337 1306 μὲν
360 1267 452 1301 κατὰ
477 1265 544 1310 τὴν
566 1271 698 1313 μοῖραν
719 1265 814 1303 καθ’
839 1266 884 1312 ἣν
907 1271 1053 1303 ἕκαστος
1076 1270 1250 1311 ἐνέχεται,
1280 1282 1347 1311 χω-
1418 1269 1611 1304 secundum
1650 1273 1788 1314 partem
1827 1280 1898 1314 qua
1932 1271 2174 1314 unusquisque
2213 1270 2386 1315 obligatus
2424 1272 2490 1313 est,

272 1314 346 1356 ρεῖν
378 1309 419 1346 δὲ
448 1309 560 1346 αὐτὸν
590 1316 650 1347 καὶ
680 1313 774 1348 κατὰ
805 1315 882 1348 τῶν
905 1311 1127 1354 ὑπολοίπων,
1159 1314 1195 1347 εἴ
1220 1327 1259 1359 γε
1290 1317 1348 1347 καὶ
1420 1315 1545 1349 cedere
1569 1317 1687 1349 autem
1710 1325 1791 1350 eum
1815 1319 1851 1350 et
1879 1316 2005 1350 contra.
2027 1316 2194 1360 reliquos,
2219 1315 2292 1351 sive
2315 1319 2351 1351 et
2373 1315 2491 1350 idonei

272 1355 418 1403 εὔποροι
448 1357 652 1392 καθεστᾶσι
683 1362 743 1393 καὶ
767 1357 970 1403 ἑνδημοῦσι.
1019 1363 1078 1392 καὶ
1100 1359 1131 1392 εἰ
1155 1359 1262 1393 τοῦτο
1292 1355 1348 1392 oi]-
1364 1361 1405 1393 20
1420 1364 1502 1394 sunt
1530 1361 1567 1395 et
1597 1359 1635 1394 in
1659 1369 1701 1394 eo
1727 1360 1817 1396 loco.
1865 1360 1914 1395 Et
1936 1361 1968 1396 si
1990 1361 2059 1396 hoc
2082 1361 2132 1395 ita
2155 1370 2194 1396 se
2217 1361 2349 1396 habere
2373 1360 2489 1396 videa-

272 1413 343 1436 τως
374 1403 456 1444 ἑξῑον
479 1407 625 1449 φανείη,
656 1404 687 1437 εἰ
709 1405 777 1448 μὲν
800 1402 963 1450 εὐπόρως
987 1405 1103 1447 ἔχουσι
1131 1407 1192 1438 καὶ
1214 1403 1347 1449 παρόν·
1419 1407 1489 1446 tur,
1513 1404 1544 1439 si
1568 1403 1707 1448 quidem
1727 1404 1843 1440 idonei
1865 1407 1948 1440 sunt
1971 1409 2007 1441 et
2028 1408 2233 1451 praesentes
2256 1405 2490 1448 inveniantur,

271 1458 327 1481 τες
348 1446 502 1490 τύχοιεν,
525 1450 678 1483 ἐκείνους
701 1447 921 1484 κινδυνεύειν
945 1449 1173 1493 ἐκπληρῶσαι
1197 1450 1350 1483 ἕκαστον
1417 1450 1497 1485 illos
1536 1449 1732 1494 periclitari
1767 1450 1943 1495 complere
1982 1451 2041 1493 [in]
2079 1451 2237 1494 singulos
2272 1451 2309 1486 in
2346 1451 2492 1496 propria

271 1492 390 1526 εἰς’τό
421 1494 551 1527 οἰκεῖον
585 1496 688 1540 μέρος
722 1495 764 1529 τὰ
795 1492 1040 1541 ἅλληλεγγύως
1071 1492 1279 1538 δανεισθέν,
1313 1494 1351 1535 ἐξ
1418 1499 1520 1539 parte
1553 1494 1648 1539 quod
1681 1495 1747 1530 snb
1784 1495 1921 1530 alterna
1954 1496 2188 1540 promissione
2220 1495 2393 1531 creditum
2423 1498 2489 1538 est,

271 1530 383 1583 οὗπερ
407 1534 499 1572 ὅλως
522 1540 639 1581 ἔνοχοι
661 1541 850 1586 γεγόνασι,
878 1543 937 1574 καὶ
961 1539 1010 1595 μη
1039 1539 1082 1573 τὸ
1107 1539 1231 1573 κοινὸν
1254 1542 1351 1584 χρέος
1419 1544 1481 1574 aut
1510 1549 1554 1575 ex
1580 1550 1650 1583 quo
1683 1541 1824 1576 omnino
1848 1541 1995 1584 obligati
2018 1546 2120 1583 sunt,
2153 1543 2190 1577 et
2211 1552 2283 1576 non
2307 1551 2490 1577 commune

272 1580 368 1616 ἴδιόν
390 1595 488 1617 τινος
509 1584 675 1630 γινέσθω
699 1582 818 1631 βάρος.
867 1586 897 1619 εἰ
922 1583 962 1618 δὲ
985 1583 1133 1630 απόρως
1156 1586 1294 1627 ἔχοντες
1317 1584 1351 1618 οἱ
1365 1587 1405 1619 25
1419 1585 1576 1620 debitum
1610 1586 1795 1630 proprium
1830 1585 2028 1630 cuiuspiam
2063 1586 2139 1622 fieri
2174 1596 2275 1622 onus.
2334 1586 2372 1622 Si
2407 1596 2490 1622 vero

273 1626 390 1662 λοιποὶ
414 1632 570 1674 φανεῖεν,
599 1629 670 1663 εἴτε
694 1630 826 1665 πάντες
849 1631 919 1664 εἴτε
942 1633 1053 1672 τινές,
1084 1630 1155 1663 εἴτε
1179 1631 1227 1663 εἰς
1248 1631 1351 1675 μέρος
1419 1630 1535 1665 minus
1558 1630 1684 1665 idonee
1708 1640 1747 1665 se
1763 1631 1896 1666 habere
1916 1631 2043 1676 reliqui
2063 1631 2256 1674 videantur,
2278 1631 2351 1667 sive
2367 1641 2489 1667 omnes

272 1671 343 1707 εἴτε
376 1674 424 1707 εἰς
459 1672 671 1720 ὁλόκληρον,
707 1674 731 1718 ἢ
764 1679 824 1709 καὶ
859 1673 1014 1710 ἀπόντες
1039 1674 1173 1717 ’τυχόν,
1210 1678 1269 1708 καὶ
1303 1676 1350 1709 εἰς
1418 1685 1483 1710 seu
1506 1674 1659 1720 quidam,
1684 1676 1757 1710 sive
1779 1676 1815 1710 in
1839 1679 1975 1721 partem
1999 1686 2063 1712 seu
2085 1677 2122 1712 in
2147 1676 2308 1719 solidum,
2332 1676 2404 1711 sive
2427 1677 2488 1711 ab·

272 1720 385 1752 ἐκεῖνο
417 1720 606 1762 ἐνέχεσθαι
629 1716 719 1766 ὅπερ
742 1720 866 1765 λαβεῖν
899 1720 997 1767 παρὰ
1028 1720 1107 1754 τῶν
1131 1719 1254 1753 ἄλλων
1285 1717 1349 1754 οὐκ
1418 1724 1536 1755 sentes
1567 1719 1678 1763 forte,
1709 1720 1747 1755 in
1778 1721 1866 1756 illud
1894 1722 2007 1756 teneri
2035 1721 2130 1766 quod
2153 1722 2317 1766 accipere
2340 1721 2386 1756 ab
2409 1721 2488 1756 aliis

272 1760 454 1807 ἠδυνήθη·
498 1760 595 1798 οὕτω
630 1765 698 1811 γὰρ
732 1764 886 1809 κάκείνῳ
923 1764 1196 1819 φυλαχθησεται
1231 1762 1250 1798 ὁ
1284 1766 1348 1799 τοῦ
1418 1776 1489 1801 non
1523 1766 1651 1810 potuit.
1705 1765 1764 1800 Sic
1795 1766 1886 1801 enim
1916 1770 1953 1802 et
1983 1766 2053 1802 illis
2082 1766 2281 1803 servabitur
2337 1766 2488 1801 actionis

272 1807 465 1854 συμφώνου
488 1807 639 1855 τρόπος,
671 1813 731 1844 καὶ
753 1808 926 1855 οὐδεμίαν
949 1809 1193 1853 ὑποστησεται
1218 1811 1349 1853 ζημίαν
1363 1813 1405 1845 30
1418 1810 1555 1852 modus,
1580 1815 1616 1845 et
1638 1810 1773 1846 nullum
1793 1811 1980 1846 sustinebit
1998 1811 2165 1847 damnum
2184 1815 2297 1855 actor,
2333 1812 2403 1846 icet
2423 1811 2488 1846 ali-

339 1899 424 1933 Νου.
440 1900 571 1934 XCIX
586 1901 750 1942 (Anthent.
764 1901 911 1935 XCVII
925 1916 968 1928 =
987 1901 1065 1935 C'oII.
1088 1901 1159 1934 VII
1177 1903 1222 1935 tit.
1238 1902 1273 1934 9:
1298 1902 1409 1944 yloss.)
1438 1901 1563 1935 Graece
1587 1908 1673 1934 extat
1696 1903 1729 1935 in
1751 1902 1841 1944 ML,
1866 1915 1890 1935 c.
1912 1902 1936 1935 I
1955 1901 2023 1944 (Εἴ
2043 1913 2096 1936 τις
2120 1922 2162 1927 -
2184 1899 2289 1945 νόμῳ
2314 1901 2489 1947 γενέσθαι

272 1946 530 2024 [ἓξὲξ-,αἰωσῖἑεῗ
543 1946 681 2025 Ξὸὀῖἰῖ
703 1947 793 1988 (inde
815 1966 856 1970 —
883 1947 925 1980 28
950 1942 1014 1978 οὐκ
1038 1941 1207 1988 ἠδυνήθη
1232 1947 1265 1979 in
1315 1947 1361 1979 B⁸
1385 1949 1419 1979 Ε
1441 1949 1520 1988 1,24
1541 1959 1575 1990 p.
1590 1947 1652 1980 281
1680 1946 1806 1989 Zach.).
1831 1966 1875 1971 -——
1899 1948 1990 1991 Epic.
2016 1948 2136 1982 Tlaeeod.
2161 1949 2215 1990 99,
2247 1948 2367 1981 Athan.
2393 1950 2445 1988 15,
2461 1954 2487 1981 2.

953 2178 1056 2229 DE
1094 2177 1265 2230 REIS
1307 2109 1821 2231 ZZZ'MH‘TENDJ.

468 2257 567 2293 Idem
589 2260 776 2304 Auqustus
799 2256 957 2292 Iohanni
975 2258 1169 2303 praefecto
1191 2258 1378 2304 praetorio
1401 2258 1550 2301 iterum,
1582 2269 1631 2294 ex
1654 2259 1802 2295 consule
1822 2258 2044 2305 (ordinario)
2067 2265 2102 2295 et
2120 2260 2292 2306 patricio.

407 2326 668 2372 Praefatio.
715 2324 856 2361 Scimus
878 2335 946 2360 nos
970 2324 1054 2360 olim
1078 2324 1189 2371 leqem
1211 2326 1333 2361 tulisse
1355 2325 1400 2361 de
1422 2326 1593 2362 electione
1615 2327 1866 2362 mandatorum
1888 2331 1923 2362 et
1939 2327 2193 2371 fideiussorum
2216 2333 2251 2363 et
2276 2328 2492 2364 constitutae

265 2372 444 2419 pecuniae
475 2382 639 2414 reorum,
669 2382 764 2418 quae
795 2370 929 2406 multas
957 2373 992 2406 et
1021 2370 1060 2405 in
1084 2381 1269 2406 commune
1297 2370 1403 2406 utiles
1432 2371 1599 2407 subiectis
1627 2373 1761 2407 nostris
1788 2372 1995 2407 sanctiones
2015 2372 2281 2424 complectitur.-
2317 2373 2355 2407 in
2379 2384 2490 2420 prae-

270 2418 387 2453 sentia
411 2422 529 2452 autem
552 2417 626 2452 alia
653 2427 796 2462 quoque
820 2416 945 2462 aliqua
969 2415 1072 2451 nobis
1095 2415 1257 2462 indiqere
1280 2416 1357 2451 visa
1380 2419 1434 2451 est
1454 2417 1679 2463 eaepotitione
1710 2421 1744 2452 et
1768 2417 1968 2453 adiectione
1990 2428 2064 2452 non
2088 2418 2237 2463 tqnobili
2260 2429 2375 2464 neque
2396 2429 2491 2454 com-

270 2463 372 2498 muni
392 2461 612 2509 reipublicae
635 2461 756 2497 inutili
778 2462 986 2496 constituta.

372 2507 403 2543 1.
451 2506 493 2542 Si
508 2508 591 2553 quis
609 2508 702 2543 enim
725 2510 850 2542 mutua
869 2505 1103 2552 fideiussione
1128 2505 1309 2552 obligatos
1331 2506 1511 2553 acceperit
1534 2506 1687 2552 aliquos,
1711 2506 1887 2553 siquidem
1903 2518 1976 2543 non
1994 2507 2154 2543 additum
2177 2508 2225 2543 sit
2239 2508 2367 2544 debere
2384 2508 2491 2545 etiam

270 2551 434 2599 sinqulos
457 2553 494 2587 in
517 2551 672 2587 solidum
697 2552 826 2593 teneri,
859 2561 980 2587 omnes
1008 2562 1058 2586 ex
1087 2561 1202 2603 aequo
1236 2551 1412 2602 actionem
1439 2551 1653 2587 sustineant.
1701 2551 1768 2587 Sin
1798 2553 1903 2588 etiam
1933 2552 2022 2599 quid
2043 2553 2218 2588 eiusmodi
2247 2553 2409 2589 additum
2432 2555 2491 2596 sit,

269 2601 417 2645 pactum
439 2597 582 2643 quidem
605 2601 775 2639 servetur,
805 2607 891 2633 neve
916 2601 1032 2632 tamen
1056 2599 1177 2631 statim
1197 2595 1241 2631 ab
1258 2596 1361 2631 initio
1385 2596 1430 2631 ab
1451 2607 1670 2642 unoquoque
1690 2597 1845 2633 solidum
1870 2597 2055 2644 exiqatum
2078 2597 2143 2633 sed
2165 2598 2308 2633 interim
2321 2609 2396 2645 pro
2418 2610 2491 2645 qua

271 2644 423 2689 quisque
439 2646 551 2690 parte
571 2645 732 2684 tenetur;
753 2642 930 2688 procedat
948 2645 1066 2677 autem
1090 2641 1198 2677 etiam
1221 2645 1351 2676 contra
1374 2645 1524 2684 ceteros,
1547 2640 1723 2688 siquidem
1747 2647 1783 2678 et
1806 2642 2004 2690 locupletes
2025 2647 2061 2678 et
2076 2648 2290 2689 praesentes
2312 2643 2394 2679 sint.
2442 2643 2493 2679 Et

271 2689 303 2723 si
325 2687 396 2724 hoc
417 2688 471 2723 ita
493 2698 532 2724 se
555 2686 686 2723 habere
709 2698 757 2734 ap
785 2688 936 2730 aruerit,
960 2686 992 2721 si
1015 2685 1157 2732 quidem
1180 2685 1353 2721 solvendo
1377 2691 1462 2721 sunt
1483 2690 1520 2722 et
1536 2689 1689 2733 praesto
1711 2687 1866 2732 fuerint,
1899 2687 1954 2723 itti
1970 2688 2223 2740 periclitentur
2245 2689 2395 2734 explere
2416 2699 2490 2735 pro

270 2744 338 2769 sua
361 2733 513 2780 quisque
534 2737 642 2779 parte
664 2743 736 2778 quo
783 2731 848 2768 sub
872 2735 997 2767 mutua
1017 2730 1249 2776 fideiussione
1273 2730 1446 2766 creditum
1469 2735 1544 2774 est,
1568 2742 1618 2767 ex
1641 2742 1712 2778 quo
1738 2733 1882 2768 omnino
1906 2732 2058 2778 obliqua·
2077 2737 2174 2775 sunt,
2197 2743 2284 2769 neve
2308 2743 2492 2768 commune

272 2778 425 2814 debitum
449 2778 645 2829 proprium
676 2778 887 2823 cuiusquam
918 2787 1009 2812 onus
1028 2776 1105 2821 fiat.
1154 2775 1219 2811 Sin
1249 2780 1368 2812 autem
1398 2776 1508 2812 ceteri
1536 2776 1665 2824 inopes
1694 2782 1900 2824 appareant
1928 2778 2002 2814 sive
2026 2788 2147 2813 omnes
2169 2777 2243 2813 sive
2265 2778 2393 2824 aliqui,
2418 2779 2491 2814 sive

269 2834 341 2870 pro
361 2828 471 2871 parte
492 2833 566 2859 sive
588 2823 626 2857 in
648 2822 816 2864 solidum,
841 2821 899 2858 vel
918 2822 1025 2857 etiam
1047 2821 1149 2867 forte
1173 2821 1337 2857 absentes
1359 2821 1443 2864 sint,
1474 2822 1513 2856 in
1536 2821 1629 2857 illud
1651 2833 1794 2868 quoque
1819 2826 1982 2858 teneatur
2013 2822 2111 2869 quod
2132 2833 2156 2858 a
2176 2822 2302 2858 ceteris
2327 2823 2406 2858 acci
2431 2834 2492 2859 ere

272 2879 346 2904 non
374 2869 513 2912 potuit:
542 2868 595 2903 ita
626 2869 719 2903 enim
748 2871 785 2903 et
813 2867 871 2902 illi
885 2867 991 2913 pacti
1020 2866 1148 2902 modus
1168 2866 1381 2908 servabitur,
1407 2877 1522 2912 neque
1545 2867 1656 2902 ullum
1681 2874 1785 2902 actor
1808 2867 1976 2902 damnum
2000 2867 2140 2910 subibit,
2163 2867 2304 2903 etiamsi
2327 2869 2390 2914 qui
2438 2869 2494 2903 itti

340 2984 359 3016 3
385 2979 528 3026 ἐπάρχω
553 2982 610 3024 Μ]
643 2981 696 3016 τῶ
721 2976 945 3021 ἐνδοξοτάτω
970 2977 1045 3014 imi
1069 2993 1122 3022 χω
1147 2981 1178 3014 L
1202 2979 1215 3025 ΙΙ
1242 2983 1264 3016 4
1287 2976 1349 3025 ὄρ·
1420 2981 1453 3014 Τ
1472 2981 1484 3024 ΙΙ
1509 2980 1748 3014 fideiiussorum
1775 2980 1807 3014 T
1826 2983 1869 3022 (et
1890 2982 1937 3014 sic
1960 2980 2134 3024 saepiusssfl
2158 2983 2176 3014 7
2202 2980 2359 3014 habentes
2376 2981 2484 3027 R²T1

273 3026 448 3072 διναρίων
465 3028 583 3061 addidi
597 3039 665 3061 cum
679 3027 885 3060 Zachariaeo
907 3027 977 3068 (qui
995 2993 1205 3081 ὄρὸὲιναρίῳ)
1221 3025 1234 3070 u
1253 3028 1272 3060 5
1289 3024 1349 3058 νό-
1418 3028 1439 3060 9
1460 3025 1619 3068 quaedam
1637 3025 1687 3077 T}
1702 3026 1714 3067 ΙΙ
1735 3027 1776 3059 10
1801 3028 1972 3068 exgenere]
1997 3036 2126 3077 ειυς..
2144 3025 2192 3059 Τι
2217 3026 2416 3068 exdegenere
2431 3027 2463 3060 T

272 3075 355 3117 μον]
381 3086 453 3106 nau.
466 3072 490 3106 I
495 3072 558 3116 Vn
584 3074 601 3105 ‘1
627 3071 797 3114 ἔχονταςῗ
822 3071 872 3104 L⁰
897 3070 910 3115 ΙΙ
935 3072 1015 3114 839.
1039 3072 1098 3103 καὶ
1122 3073 1243 3115 ετέρας
1266 3066 1350 3125 ἡμῖν
1418 3082 1481 3103 usu
1515 3071 1582 3104 VT
1589 3070 1599 3091 ¹
1627 3070 1641 3114 ΙΙ
1670 3070 1862 3114 imperfecto
1888 3073 1932 3112 et]
1969 3072 2029 3115 leq.
2061 3071 2218 3114 impetu?
2245 3071 2258 3115 ΙΙ
2289 3072 2327 3106 13
2352 3071 2491 3105 adioerit

273 3115 374 3158 ἔδοξε
393 3114 554 3159 δεῖσθαι]
577 3120 610 3150 et
625 3117 717 3150 aliud
734 3116 829 3150 nobis
842 3116 947 3148 visum
968 3119 1018 3149 est
1038 3126 1132 3158 egere
1150 3129 1168 3152 ς
1187 3119 1199 3158 ΙΙ
1218 3117 1259 3150 10
1272 3127 1349 3160 aye·
1418 3116 1466 3149 Β*
1482 3115 1495 3160 ΙΙ
1513 3118 1546 3148 et
1562 3127 1666 3149 unum
1682 3115 1813 3157 horum]
1834 3126 1938 3149 unum
1957 3118 1990 3148 et
2013 3116 2132 3149 horum
2153 3117 2187 3149 V
2202 3119 2235 3150 et
2251 3129 2381 3147 nnn
2406 3117 2458 3151 T¹

273 3163 355 3198 νοῦς
378 3162 439 3206 Lu
463 3162 516 3204 τῷ
540 3162 664 3204 κοινῷ]
687 3162 765 3195 usui
789 3161 837 3205 ςΙΙ
862 3162 903 3195 12
928 3158 1021 3207 λάβῃ
1046 3161 1095 3194 B⁸
1115 3159 1127 3204 ΙΙ
1154 3163 1194 3195 13
1216 3159 1266 3204 μὴ
1290 3173 1348 3194 om.

275 3209 330 3250 M,
357 3209 404 3242 13⁸
420 3221 452 3241 v.
467 3208 487 3240 I.
518 3206 531 3250 ΙΙ
558 3206 770 3251 προςτεθείη
795 3207 993 3247 Zachariae]
1029 3204 1203 3260 προςθείη
1229 3207 1305 3239 libri
1337 3204 1350 3249 ΙΙ

278 3256 316 3288 17
341 3250 537 3297 ὁλόκληρον
567 3253 720 3286 ἕκαστον
751 3252 800 3286 B⁸
815 3265 846 3284 υ.
861 3251 881 3284 l.
911 3250 924 3294 ΙΙ
962 3253 1002 3285 19
1027 3250 1151 3283 αυτῶν
1175 3251 1222 3284 L¹
1251 3249 1264 3294 11
1290 3252 1350 3283 καὶ

275 3313 332 3332 om.
347 3299 378 3332 L
395 3298 409 3341 ΙΙ
424 3296 565 3332 λοιπῶν
590 3298 638 3331 Β’
656 3297 668 3341 ΙΙ

274 3343 407 3377 εστῶσι
430 3342 508 3381 ΒθΙΙ
531 3343 574 3377 23
595 3341 636 3382 ἐξ
657 3333 781 3386 οὗπερ]
805 3344 863 3374 aut
886 3351 924 3374 ex
945 3351 1011 3383 quo
1035 3340 1083 3384 ςΙΙ
1107 3342 1149 3374 25
1172 3339 1349 3386 γινέσθω]

274 3387 441 3434 γενέσθω
468 3387 525 3428 L¹,
549 3387 675 3421 B³v.1.
710 3385 885 3432 γενέσθαι
910 3386 958 3420 Β’
972 3399 1003 3419 υ.
1017 3386 1051 3426 1.,
1085 3385 1257 3431 γίνεσθαι
1281 3385 1347 3419 Ζα-

276 3435 407 3467 chariae
430 3446 468 3467 ex
491 3444 511 3469 e
527 3432 540 3476 ΙΙ
563 3433 606 3466 26
629 3430 700 3465 εἴτε
724 3429 858 3466 πάντες
881 3444 939 3464 om.
957 3431 988 3464 L
1006 3430 1019 3472 ss
1040 3431 1080 3464 27
1103 3427 1245 3473 τύχοιεν
1269 3430 1318 3464 B·
1339 3429 1351 3474 ΙΙ

276 3480 335 3510 καὶ
358 3491 416 3511 om.
430 3490 450 3514 ς
464 3478 477 3520 ΙΙ
501 3479 544 3512 28
557 3477 709 3510 ἐκείνους
722 3477 771 3510 B¹
791 3477 918 3517 (έκεῖνο
935 3476 1086 3509 ἐκείνους
1100 3475 1328 3517 Leunclavim)
1338 3480 1349 3518 n

278 3524 319 3556 29
344 3520 496 3556 κάκείνω
523 3523 606 3564 ML]
630 3518 804 3555 κάκείνοις
825 3522 882 3557 Be

691 3296 726 3330 εἴ
742 3299 794 3342 γε]
818 3297 886 3329 sive
910 3297 944 3338 (i.
961 3308 988 3330 e.
1013 3295 1095 3336 εἴτε)
1119 3295 1168 3339 §u
1191 3296 1233 3330 20
1257 3294 1349 3328 καθ-

346 3655 366 3687 2
392 3655 436 3687 De
460 3655 524 3688 reis
548 3655 779 3698 promittendis
802 3655 876 3689 ΒΤ
914 3655 964 3688 De
988 3654 1117 3688 duobus
1140 3655 1188 3688 rei
1213 3654 1350 3699 promit·

280 3698 369 3730 tendi
399 3699 429 3730 V
451 3700 464 3742 Ι
491 3702 510 3732 5
535 3700 665 3741 quidem
696 3702 727 3735 T
748 3700 763 3745 ΙΙ
791 3702 934 3742 ponente
964 3699 1011 3733 R·
1039 3699 1053 3744 ΙΙ
1090 3701 1110 3733 6
1134 3699 1351 3733 electionibus

1421 3162 1461 3194 14
1482 3160 1649 3194 solicitum
1667 3160 1714 3194 T*
1732 3160 1746 3204 ΙΙ
1769 3163 1882 3194 tenere
1902 3160 1958 3205 Vn
1974 3171 2086 3194 omnes
2100 3160 2150 3195 Τ8
2158 3163 2257 3203 cutm]
2281 3161 2454 3195 omnemR

1418 3216 1513 3239 omne
1530 3206 1574 3239 T¹
1592 3207 1604 3247 u
1632 3207 1671 3240 15
1688 3206 1786 3239 etiam
1803 3205 1933 3248 aliquid
1948 3206 1981 3239 R
2001 3205 2014 3249 n
2039 3205 2105 3239 tale
2130 3219 2188 3240 om.
2201 3198 2263 3250 Ru
2288 3208 2329 3241 ις
2344 3207 2390 3240 ιιῖι
2406 3205 2454 3239 R·
2476 3204 2489 3248 ιι

1420 3253 1458 3284 17
1483 3250 1550 3291 sed]
1574 3251 1754 3284 secundum
1776 3255 1826 3284 set
1848 3253 1901 3285 ΙΨ*
1919 3251 1932 3294 ΙΙ
1947 3251 2092 3293 interim]
2115 3251 2198 3285 intui}
2220 3253 2254 3293 (i.
2267 3264 2293 3285 e.
2309 3252 2489 3291 intantum)

1419 3296 1468 3328 T·
1484 3295 1496 3340 ΙΙ
1517 3298 1558 3330 19
1576 3299 1609 3328 et
1625 3305 1698 3328 eum
1716 3298 1832 3329 contra
1847 3295 1881 3329 R
1904 3306 1979 3329 eum
1997 3298 2111 3330 eontra
2131 3299 2164 3329 et
2183 3298 2298 3330 eontra
2318 3296 2369 3329 γ’
2385 3294 2400 3339 Ι
2414 3294 2486 3327 siue

1417 3342 1450 3373 et
1475 3341 1536 3382 Τί]
1571 3340 1642 3374 siue
1664 3340 1726 3382 (si.
1749 3341 1813 3383 V1)
1835 3340 1956 3375 RVT²
1990 3342 2018 3374 si
2042 3344 2075 3374 et
2097 3342 2211 3385 cuiq]
2229 3343 2271 3376 20
2291 3342 2325 3373 et
2339 3339 2373 3372 in
2390 3348 2429 3371 eo
2444 3357 2486 3363 -—

1418 3386 1458 3419 21
1485 3386 1703 3419 inueniuntur
1724 3399 1787 3420 scr.
1802 3386 1852 3419 R²
1864 3387 1896 3420 in
1910 3399 1975 3420 ras.
1990 3388 2011 3431 i
2024 3400 2067 3421 vs.
2085 3386 2098 3431 11
2121 3387 2168 3419 Et
2187 3386 2228 3428 si]
2251 3395 2352 3418 um·
2375 3383 2424 3416 V¹
2448 3386 2487 3416 ut

1416 3429 1445 3462 si
1464 3430 1516 3463 V³
1540 3430 1551 3475 ΙΙ
1575 3430 1624 3463 ita
1648 3432 1710 3464 hoo
1736 3431 1767 3465 T
1786 3431 1799 3475 ΙΙ
1825 3431 1867 3465 22
1890 3441 1961 3464 com
1986 3431 2101 3465 eum-et
2125 3431 2205 3474 1⁷²1}
2226 3430 2262 3463 in
2285 3441 2342 3462 om.
2363 3429 2450 3471 vuly.
2474 3428 2487 3474 ΙΙ

1417 3476 1460 3508 24
1483 3477 1575 3508 omni
1595 3476 1674 3518 V¹fl
1698 3477 1740 3510 25
1763 3476 1935 3519 proprium
1958 3442 2107 3510 {ebitum
2130 3476 2163 3509 Τ
2217 3472 2457 3523 honusssVT
2474 3476 2486 3513 ΙΙ

1418 3521 1459 3553 26
1484 3521 1593 3554 minus
1615 3520 1728 3554 idonei
1750 3524 1762 3560 t
1784 3521 1883 3554 donei
1900 3521 1945 3563 R)
1967 3521 2105 3555 RVvul
2125 3544 2134 3552 .
2157 3519 2170 3552 i
2191 3527 2272 3551 oneo
2294 3527 2404 3550 minus
2425 3519 2456 3551 T
2475 3519 2486 3560 :1

1415 3566 1460 3605 se]
1485 3567 1563 3598 sunt
1584 3565 1632 3599 V¹
1656 3576 1725 3599 sese
1813 3566 1920 3608 linive]
1942 3566 1971 3598 si
1994 3575 2074 3599 uero
2094 3533 2172 3605 5¹!
2190 3563 2232 3613 27
2255 3571 2311 3594 neu
2336 3562 2371 3593 in
2395 3563 2484 3603 RV]

1416 3609 1485 3641 sive
1508 3610 1545 3642 in
1570 3611 1602 3643 T
1609 3611 1694 3655 vuly.
1713 3610 1727 3655 ΙΙ
1748 3610 1916 3644 absoentoe
1935 3610 2088 3653 VTfl⁴28
2103 3607 2220 3647 tenen]
2243 3607 2354 3639 tenere
2379 3608 2455 3640 libri
2472 3608 2485 3652 Η

1415 3656 1526 3687 tenere
1552 3674 1594 3679 ——
1618 3656 1662 3689 30
1686 3656 1802 3689 modus
1821 3668 1883 3689 scr.
1905 3654 1955 3688 R’
1977 3655 2009 3689 in
2033 3665 2097 3688 ras.
2122 3653 2135 3686 1
2163 3662 2209 3684 vs.
2235 3650 2248 3694 Ι
2276 3652 2318 3684 29
2341 3652 2485 3693 pationis

1419 3699 1468 3732 T¹
1487 3698 1501 3743 ΙΙ
1524 3701 1566 3734 30
1590 3702 1695 3742 notor]
1721 3713 1782 3732 n·
1807 3699 1894 3734 intur
1918 3699 1967 3732 T¹
