2618 4010
199 155 260 186 UT
289 152 582 187 consn'm'rlo
651 152 656 156 ”

199 252 365 299 ποιήσετε
388 248 557 299 φανερόν,
582 251 622 287 οἷ’
639 249 680 287 δᾶ
700 249 809 296 δῆλον
827 253 1092 301 καταστήσουσι
1114 256 1188 291 τοῖς
1210 251 1278 290 ὑπ’

201 297 329 335 αὐτοὺς
350 296 573 340 ἐπισκόποις,
606 293 695 333 ἆίςτε
717 295 830 343 μηδὲν
860 296 1055 334 διαλαθεῖν
1084 300 1163 335 τῶν
1186 297 1278 345 παρ’

198 344 303 390 ἡμῶν
326 341 616 386 διαταχθέντων.
666 343 748 380 Dat.
763 344 799 380 k.
815 343 899 380 Mai.
916 343 984 380 GP.
999 345 1084 391 imp.
1100 345 1158 381 dn.
1172 345 1278 381 Iusti-

200 390 297 427 niani
311 400 371 435 pp.
386 389 478 434 Aug.
493 398 576 425 ann.
591 388 673 426 XII.
698 389 860 427 Iohanne
876 401 909 427 v.
923 400 955 426 c.
970 400 1069 428 cons.
1141 394 1186 434 [a.
1202 393 1285 433 5381·

706 629 731 641 ...

704 629 762 663 :H

197 695 335 731 ΩΣΤΕ
355 696 462 731 ΤΗΝ
478 696 717 734 ΔΙΑΤΑΞΙΝ
738 698 848 733 ΤΟΥ
872 698 1282 733 ΕῩΣΕΒΕΣΤΑΤΟῩ

196 741 446 778 ΒΑΣΙΛΕΩΣ
478 742 586 777 ΤΗΝ
617 743 700 778 EIII
731 744 855 779 ΤΑΙΣ
877 743 1145 781 ΔῙΑΔΟΧΑῙΣ
1176 743 1281 778 ΤΩΝ

197 787 437 823 ΓΑΜῙΚΩΝ
473 788 674 824 ΚΕΡΔΩΝ
711 789 784 826 TA
818 787 880 826 ΕΞ
912 788 1150 824 ΑΠΑῙΔΙΑΣ
1185 789 1282 822 ΕΙΣ-

197 832 436 868 ΑΓΟῩΣΑΝ
455 834 625 868 ΚΕΡΔΗ
644 834 874 871 ΚΡΑΤΕῙΝ
897 834 960 868 ΕΝ
982 834 1105 868 'rom
1129 833 1282 868 ΜΕΤΑ

198 878 306 913 ΤΗΝ
342 878 592 916 ΔΙΑΤΑΞΙΝ
627 879 983 917 ΣΥΜΒΑΙΝΟῩΣῙ
1018 878 1280 919 ΦΑΚΤΟῙΣ,
1297 880 1337 912 10

197 924 281 958 ΕΠῙ
315 924 373 958 ΔΕ
405 925 529 959 ΤΟῙΣ
561 925 662 960 ΠΡΟ
694 925 873 961 ΑῩΤΗΣ
906 924 1014 959 ΤΗΝ
1041 923 1281 959 ΔΕΟΝΤΟΣ

433 969 672 1007 ΔΙΑΤΑΞῙΝ
695 970 870 1006 ΧΩΡΑΝ
892 971 1053 1010 ΕΧΕΙΝ.

198 1022 235 1059 Ὁ
253 1021 359 1059 αὐτὸς
374 1022 540 1069 βασιλεὺς
554 1022 704 1073 Ἰωάννῃ
723 1025 777 1068 τῷ
794 1022 1022 1068 ἐνδοξοτάτῳ
1040 1023 1186 1080 ἐπάρχῳ
1203 1024 1282 1058 τῶν

199 1067 429 1106 ἀνατολικῶν
454 1073 689 1118 πραιτωρίων
712 1069 754 1104 τὸ
778 1069 831 1114 β’,
860 1067 934 1105 ἀπὸ
958 1067 1114 1105 ὑπάτων
1133 1067 1280 1116 (υπάτῳ

468 1113 683 1163 ὁρδιναρίῳ)
714 1118 774 1149 καὶ
806 1119 999 1162 πατρικίῳ.

255 1186 312 1230 <11
316 1187 420 1231 ροοί
423 1183 560 1229 μιον.>
599 1180 718 1227 Ἰσμεν
741 1183 808 1226 τὴν
827 1183 986 1217 Λέοντος
1013 1184 1078 1218 τοῦ
1101 1182 1162 1226 τῆς
1185 1179 1281 1216 εὗσε-

199 1230 283 1273 βοῦς
305 1228 443 1284 μνήμης
466 1227 630 1269 διάταξιν
652 1226 720 1272 τὴν
742 1230 993 1275 γεγραμμένην
1016 1227 1107 1274 ὑπὲρ
1131 1229 1210 1262 τῶν
1234 1228 1282 1262 εἰς

200 1272 381 1319 δευτέρους
403 1276 675 1320 αφικνουμένων
695 1274 827 1321 γάμους
858 1274 929 1308 εἴτε
957 1271 1107 1320 ἀνδρῶν
1130 1273 1202 1308 εἴτε
1222 1287 1281 1321 yv-

199 1320 338 1353 ναικῶν
368 1322 427 1353 καὶ
458 1317 500 1354 τὸ
532 1320 570 1353 ἐκ
594 1320 657 1353 τοῦ
679 1317 795 1365 γάμου
819 1316 941 1363 κέρδος
971 1322 1045 1354 τοῖς
1075 1318 1115 1359 ἐξ
1145 1320 1280 1354 ἐκείνου

1204 122 1210 129 ’
1275 138 1362 187 347

1973 139 2081 183 Nov.
2102 138 2282 182 LXVIII
2310 150 2373 192 pr.
2408 141 2425 179 1

1350 253 1586 299 metropolitis
1622 251 1763 288 facietis
1795 251 2038 296 manifestam,
2074 253 2112 287 et
2141 250 2198 294 iili
2225 248 2347 297 palam
2375 248 2430 285 fa-

1352 299 1449 336 cient
1472 299 1539 335 sub
1564 308 1603 335 se
1627 297 1829 334 constitutis
1852 297 2040 344 episcopis,
2072 298 2113 333 ut
2136 295 2271 333 nullum
2294 291 2432 341 lateant

1349 355 1440 391 quae
1463 355 1485 382 a
1509 344 1613 381 nobis
1637 343 1836 380 constituta
1859 344 1956 380 sunt.

1809 623 1965 660 LXVIII
1975 651 1983 659 .
2195 623 2304 659 Auth.
2319 623 2430 659 LXX.

1352 1021 1448 1057 ldem
1472 1020 1563 1066 Aug.
1587 1020 1738 1057 Iohanni
1772 1031 1834 1067 pp.
1860 1020 2018 1057 secundo
2050 1022 2086 1055 et
2110 1029 2209 1056 cons.
2237 1018 2431 1054 ordinario.

1352 1179 1839 1270 coislifflticfffefflsscriptam
1864 1224 1907 1260 de
1930 1224 1987 1261 his
2020 1226 2080 1270 qui
2105 1225 2151 1261 ad
2175 1224 2351 1261 secundas
2375 1234 2433 1259 ve-

1351 1273 1454 1307 niunt
1470 1271 1615 1317 nuptias
1640 1271 1713 1307 sive
1728 1270 1813 1306 viris
1829 1270 1903 1306 sive
1919 1270 2127 1309 mulieribus
2143 1276 2195 1307 ex·
2206 1270 2292 1314 [illo]
2311 1270 2433 1306 matri-

1351 1317 1468 1353 monio
1500 1317 1639 1353 lucrum
1670 1326 1715 1352 ex
1744 1315 1814 1352 illis
1845 1316 1980 1361 nuptiis
2016 1316 2098 1352 filiis
2130 1315 2329 1352 venerande
2360 1325 2434 1351 ser-

1756 1179 1927 1215 Novimus
1944 1179 2092 1223 ⁴Leonis
2128 1179 2209 1225 piae
2243 1178 2435 1215 memoriae

199 1365 261 1418 vm}
284 1363 399 1411 γάμου
429 1367 559 1400 παισὶν
587 1362 697 1399 ὁσίως
722 1362 974 1411 φυλάττουσαν
1004 1367 1063 1399 καὶ
1086 1361 1198 1409 μόνης
1220 1366 1282 1408 τῆς
1295 1367 1337 1400 20
1353 1368 1504 1406 vantem,
1528 1363 1639 1398 solius
1663 1362 1891 1398 ususfructus
1915 1371 2006 1404 eum,
2040 1362 2100 1407 qui
2122 1362 2296 1404 lucratur,
2323 1361 2434 1398 domi-

220 1420 354 1455 ρησεως
388 1409 455 1444 τὸν
490 1407 716 1456 κερδάναντα
751 1409 875 1458 κύριον
910 1408 1177 1452 ἀποτελοῦσαν,
1213 1409 1282 1453 τὴν

198 1423 414 1489 δεσποτείαν
443 1453 484 1489 δὲ
503 1456 650 1490 ἐκείνοις
672 1457 863 1502 τηροῦσαν,
896 1453 946 1491 οἷς
968 1455 1005 1490 εἴ
1027 1469 1068 1503 γε
1099 1455 1136 1490 οἱ
1156 1453 1282 1490 παῖδες

197 1502 256 1533 καὶ
279 1502 305 1535 ἔ
319 1513 421 1547 γονοι
438 1499 698 1544 τελευτήσαιεν,
719 1499 782 1535 οὐκ
803 1499 909 1536 ὄντος
928 1500 971 1536 τὸ
994 1500 1123 1536 λοιπὸν
1138 1498 1283 1536 οὐδενὸς

196 1546 259 1579 τοῦ
285 1513 338 1580 ἕλ’
365 1541 408 1580 ὃν
439 1543 459 1581 ὁ
489 1549 563 1581 τοῖς
591 1544 768 1594 δευτέροις
798 1543 968 1592 ὁμιλήσας
990 1546 1115 1603 γάμοις
1143 1547 1206 1590 τῆς
1227 1545 1279 1581 δε-

1352 1419 1437 1444 num
1461 1408 1669 1450 facientem,
1698 1407 1894 1443 dominium
1919 1412 2039 1443 autem
2062 1408 2133 1443 illis
2156 1409 2376 1450 servantem,
2405 1406 2437 1442 si

1351 1454 1416 1489 filii
1448 1458 1484 1490 et
1515 1457 1665 1499 nepotes
1697 1453 1914 1495 moriantur,
1950 1464 2023 1490 non
2055 1452 2230 1490 existente
2259 1453 2331 1489 iam
2362 1452 2435 1488 ullo

1351 1504 1498 1545 propter
1533 1510 1638 1545 quem
1674 1499 1722 1542 is,
1767 1498 1829 1543 qui
1864 1498 1911 1534 ad
1946 1499 2107 1535 secunda
2144 1501 2228 1535 vota
2265 1498 2435 1544 pervenit,

1352 1546 1574 1591 proprietate
1598 1545 1770 1590 privatur,
1802 1554 1947 1580 manere
1971 1545 2147 1581 volentem
2175 1543 2436 1580 inavulsibilem

196 1594 365 1626 σποτείας
391 1593 597 1637 ἐστέρηται,
629 1605 752 1646 μενειν
781 1590 1005 1637 βουλομένην
1035 1589 1282 1639 αναφαίρετόν
1296 1595 1338 1628 25
1352 1602 1396 1627 ac
1426 1595 1539 1627 totam
1571 1590 1667 1636 apud
1698 1600 1798 1633 eum,
1835 1589 1897 1635 qui
1928 1591 2102 1634 lucratur,
2140 1594 2176 1627 et
2206 1589 2436 1636 proprietatis

197 1648 237 1669 τε
256 1640 317 1670 καὶ
339 1633 534 1684 ὁλόκληρον
559 1650 660 1684 παρα
680 1638 734 1682 τῷ
753 1635 969 1685 κερδάναντι
992 1641 1053 1673 καὶ
1071 1637 1139 1682 τὴν
1164 1639 1203 1672 ἐκ
1222 1640 1282 1681 τῆς

196 1678 405 1718 δεσποτείας
422 1679 611 1729 ὠφέλειαν.

1353 1637 1551 1673 utilitatem.

1210 1795 1368 1833 CAPUT
1393 1796 1421 1832 1.

258 1861 398 1907 Ταύτην
432 1861 528 1909 ἡμεῖς
561 1865 708 1911 ὲναγχος
742 1863 1083 1912 ἐπηνωρθώσαμεν,
1118 1863 1209 1899 ἄλλα
1240 1878 1281 1900 τε
1406 1863 1510 1899 Hanc
1541 1873 1608 1900 nos
1639 1873 1754 1908 nuper
1789 1861 2009 1899 correximus
2040 1861 2112 1904 alia
2141 1861 2370 1908 disponentes
2402 1866 2439 1898 et

197 1904 490 1946 διατυπώσαντες
518 1912 578 1945 καὶ
609 1908 822 1955 βουλόμενοι
842 1909 925 1946 τούς
943 1909 1181 1958 κληρονόμους
1203 1910 1280 1946 τῶν
1350 1909 1508 1950 volentes
1540 1908 1690 1945 heredes
1721 1908 1946 1945 morientium
1974 1907 2135 1944 'filiorum
2166 1910 2230 1943 aut
2255 1909 2437 1953 nepotum,

243 2001 327 2035 Nov.
346 2002 521 2037 LXVIII
540 2003 596 2043 (=
615 2003 767 2037 Auehent.
785 2003 907 2046 LXX)
936 2003 1061 2037 Graece
1086 2011 1174 2038 extat
1198 2004 1230 2037 in
1258 2002 1307 2036 M.
1334 2021 1377 2027 —
1402 2002 1493 2045 Epit.
1512 2002 1632 2038 Theod.
1646 2002 1700 2043 68,
1721 2002 1842 2036 Athon.
1861 2003 1913 2042 10,
1928 2008 1954 2034 4.
2003 2000 2125 2034 Iulian.
2151 2007 2249 2034 const.
2272 2000 2392 2033 LXII.

195 2113 361 2195 stactiessis,
392 2113 444 2193 hit
454 2124 539 2150 vcro
570 2125 649 2150 eam
674 2113 803 2161 palam
833 2114 975 2160 facient
1005 2113 1187 2161 episcopis
1217 2113 1282 2149 sub
1315 2113 1406 2161 ipsis
1438 2114 1656 2156 constitutis,
1689 2118 1731 2150 ut
1753 2113 1847 2150 nihil
1874 2114 1989 2151 lateat
2011 2124 2136 2149 eorum
2169 2123 2265 2159 quae
2288 2123 2311 2148 a
2335 2112 2439 2148 nobis

197 2169 216 2193 s
232 2170 255 2194 α
271 2170 295 2194 u
311 2169 335 2194 a
358 2169 426 2194 sun
445 2186 451 2193 .
1110 2178 1113 2181 Δ

1223 2292 1408 2329 LXVIII.

317 2359 381 2396 UT
402 2359 732 2398 CONSTITUTIO
755 2358 983 2396 PIISSIMI
1002 2359 1353 2397 IMPERATORIS
1384 2359 1522 2403 QUAE
1542 2359 1603 2395 IN
1625 2358 2058 2397 SUCCE'SSIONIBUS
2081 2358 2143 2396 IN
2163 2359 2324 2397 LUCRA

201 2404 478 2442 NUPTIALIA
514 2406 590 2442 EX
626 2405 897 2443 ORBITATIS
929 2404 1054 2442 CASU
1081 2405 1242 2442 LUCRA
1272 2404 1589 2442 INTRODUCIT
1628 2405 1816 2442 mLEAT
1847 2404 1910 2442 IN
1936 2404 2115 2442 FACTIS
2147 2404 2284 2448 QUAE
2313 2404 2443 2442 POST

204 2450 652 2489 CONSTITUTIONEM
684 2449 1066 2533 CONTIGERg‘IgZIPvss'
1068 2450 1155 2533 {11}
1156 2450 1464 2533 ciffoffilozcliffi
1482 2449 1803 2533 ἕΑζΙέΞΑἳίΝΤΕ
1838 2450 1950 2487 ΕΑΜ
1981 2449 2215 2487 FUERINT
2249 2449 2439 2487 LEONIS

203 2553 302 2597 Idem
315 2554 512 2601 Augustus
534 2551 694 2590 Iohanni
721 2553 985 2601 qloriosissimo
1011 2553 1208 2600 praefecto
1224 2554 1425 2636 ‘practetor'io
1452 2553 1610 2590 Orientis
1637 2554 1786 2596 iterum,
1817 2553 2009 2589 exconsuli
2044 2553 2204 2600 <consuli
2226 2552 2437 2598 ordinario>

1202 2610 1221 2634 e
1257 2611 1309 2646 pa
1326 2610 1429 2636 racio.

338 2666 592 2712 Praefatio.
642 2665 816 2703 Novimus
836 2667 1127 2704 constitutionem
1141 2666 1275 2703 Leonis
1290 2668 1381 2714 piae
1400 2668 1592 2702 memoriae
1611 2666 1786 2714 scriptam
1810 2666 1856 2702 de
1873 2666 1919 2702 iis
1939 2667 2004 2713 qui
2023 2666 2073 2702 ad
2090 2666 2269 2703 secundas
2289 2667 2438 2715 nuptias

200 2713 347 2749 veniunt
375 2712 449 2748 sive
470 2710 558 2747 viris
587 2710 663 2747 sive
684 2711 894 2749 mulieribus
923 2716 960 2749 et
984 2711 1123 2748 lucrum
1145 2723 1196 2748 ex
1218 2712 1449 2748 matrimonio
1474 2711 1598 2747 liberis
1627 2722 1678 2748 ex
1700 2711 1765 2747 illo
1790 2712 2023 2748 matrimonio
2047 2713 2144 2748 natis
2169 2716 2295 2749 sancte
2318 2717 2437 2749 custo-

200 2758 278 2794 dire
300 2761 337 2795 et
359 2757 472 2793 solius
495 2756 729 2802 ususfructus
751 2768 830 2794 eum
855 2758 919 2804 qui
943 2757 1106 2794 lucratus
1128 2758 1177 2794 sit
1200 2761 1402 2804 compotem
1424 2757 1588 2800 reddere,
1620 2757 1818 2794 dominium
1840 2768 1926 2794 vero
1950 2757 2026 2793 illis
2056 2768 2204 2794 servare
2234 2758 2288 2794 ita
2311 2762 2352 2795 ut
2359 2783 2371 2802 ,
2405 2759 2441 2794 si

199 2802 343 2851 quidem
367 2802 470 2839 liberi
493 2806 530 2838 ct
551 2806 699 2849 nepotes
723 2802 889 2849 defuncti
918 2803 993 2839 sint
1023 2814 1088 2840 nec
1119 2803 1309 2850 quisquam
1341 2803 1413 2838 iam
1436 2803 1598 2849 reliquus
1628 2803 1678 2839 sit
1693 2814 1774 2884 ‘per
1805 2814 1911 2849 quem
1934 2803 1967 2838 is
1998 2803 2061 2856 qui
2085 2803 2264 2851 secundas
2288 2804 2438 2852 nuptias

198 2848 389 2930 Zontraxit
419 2847 579 2884 dominio
593 2848 784 2928 lprivetur,
815 2849 1052 2886 irrevocabile
1081 2853 1116 2884 et
1146 2849 1326 2895 inteqrum
1356 2848 1458 2895 apud
1486 2859 1566 2884 eum
1597 2848 1661 2894 qui
1705 2852 1856 2885 ucratus
1877 2848 1927 2885 sit
1957 2852 2065 2886 ettam
2087 2849 2363 2888 emolumentum
2387 2861 2437 2886 ex

225 2894 358 2930 eminio
382 2904 528 2930 manere
550 2904 592 2930 ve
606 2897 643 2929 it.

333 2940 363 2976 Ι.
413 2939 521 2975 Hanc
551 2949 619 2975 nos
649 2949 766 2985 nuper
788 2939 1016 2976 correximus
1048 2943 1083 2975 et
1115 2939 1190 2975 alia
1213 2939 1472 2975 constituentes
1503 2943 1539 2975 et
1565 2938 1715 2975 heredes
1739 2934 1995 2985 defunctorum
2019 2939 2214 2976 liberorum
2246 2940 2305 2976 vel
2325 2952 2434 2987 nepo-

249 3056 265 3087 1
290 3051 457 3095 ποιήσετε
478 3054 541 3095 Le]
566 3049 741 3096 ποιήσητε
759 3053 805 3087 Μ
825 3053 836 3095 ΙΙ
859 3054 879 3086 2
902 3050 1028 3097 μηδὲν]
1053 3053 1185 3086 nullum
1206 3054 1241 3095 (i.
1255 3066 1281 3087 e.

201 3095 349 3142 μηδένα)
372 3110 390 3135 ς
413 3098 426 3142 ΙΙ
448 3099 467 3132 3
491 3102 611 3132 subscr.
634 3111 692 3132 om.
710 3111 730 3135 ς
755 3097 767 3142 ΙΙ
790 3099 821 3131 k.
844 3099 923 3141 (kal.
944 3112 1002 3133 om.
1023 3097 1118 3141 luth)
1139 3098 1219 3132 Mai.
1244 3098 1291 3132 M

202 3143 341 3178 Julstvvw
354 3144 430 3177 Ath.
455 3146 540 3187 μηνὶ
551 3146 649 3187 μαίῳ
662 3145 782 3177 Theod.
799 3144 811 3187 ΙΙ
831 3143 898 3176 OP.
912 3144 991 3187 imp.
1008 3144 1063 3177 dn.
1078 3145 1282 3177 Iustiniann.

202 3199 255 3232 pp.
280 3198 356 3230 aug.
381 3199 458 3221 ann.
483 3188 555 3222 XII
582 3190 638 3230 M,
673 3190 772 3223 ἔτους
796 3186 850 3232 ιβ’
866 3189 927 3232 τῆς
949 3187 1135 3233 βασιλείας
1163 3190 1194 3223 T
1191 3191 1283 3224 heod.

202 3231 387 3278 βασιλείας
407 3230 661 3268 Ἰουστινιανοῦ
687 3232 728 3267 τὸ
754 3230 808 3277 ιβ’
827 3232 878 3278 (β’
895 3237 979 3277 cod.)
1003 3235 1091 3277 Ath„
1111 3248 1168 3268 om.
1185 3236 1247 3269 Iul.
1273 3234 1285 3279 ΙΙ

203 3282 225 3314 4
248 3280 399 3312 Iohanne
423 3290 475 3312 uc.
501 3289 606 3314 conss,
632 3281 679 3313 M
704 3290 793 3312 cons.
814 3280 976 3313 Iohannis
1001 3280 1170 3321 (ihoannis
1188 3279 1284 3322 luth)

202 3324 342 3359 Iul.⁶1’²'¹⁰
374 3321 532 3367 ὑπατείᾳ
552 3322 720 3358 Ἰωάννου
747 3326 867 3359 ΤῘιεοά.
893 3326 971 3360 Ath.
997 3324 1010 3370 ΙΙ
1048 3327 1169 3360 6rubr.
1195 3327 1285 3371 Περὶ

202 3371 264 3413 τῆς
288 3367 483 3410 διατάξεως
505 3370 584 3403 τῶν
605 3367 788 3412 διαδόχων
812 3372 846 3412 (l.
868 3367 1063 3413 διαδοχῶν)
1086 3372 1210 3406 ΤΙιεοά.
1235 3373 1285 3404 De

204 3416 444 3449 constitutione
461 3416 670 3459 imperatoris
690 3426 774 3458 quae
787 3415 859 3449 lata
883 3418 931 3449 est
947 3416 988 3450 de
1003 3416 1099 3450 lucro
1124 3427 1163 3450 ex
1179 3419 1285 3450 morte

205 3461 387 3495 liberorum
414 3462 629 3503 contingente
651 3471 709 3504 per
732 3464 830 3505 pacta
854 3461 978 3495 dotalia
1002 3463 1066 3496 Iul.
1095 3461 1108 3507 l]
1137 3465 1155 3496 7
1180 3465 1284 3506 βασι-

205 3505 291 3541 λε’ως
303 3507 350 3540 Μ
357 3508 460 3549 (Ιιιῖ.)]
485 3504 662 3550 βασιλέως
671 3503 927 3540 Ἰουστινιανοῦ
938 3508 1015 3541 ΑιΙι.
1039 3506 1044 3551 1
1080 3507 1159 3541 τῶν
1181 3520 1285 3554 γαμι-

205 3553 282 3587 κῶν
301 3549 440 3600 κερδῶν
451 3552 630 3597 Aqylaeus]
654 3552 733 3586 τῶν
755 3552 965 3596 ταμειακῶν
980 3565 1040 3597 κερ
1066 3552 1120 3587 ὧν
1136 3554 1183 3587 Μ
1208 3554 1286 3587 τῶν

206 3595 353 3632 παίδων
364 3599 441 3632 Ath.
463 3598 475 3641 ΙΙ
508 3600 528 3633 9
553 3595 658 3655 κέρδη
683 3598 831 3632 om.Ath.
849 3598 860 3641 ΙΙ
882 3600 922 3632 10
945 3599 1284 3652 συμβαίνουσικΑιΙιὲ]

207 3646 425 3724 ’ἒῗᾷῗῖἷῗὲ
440 3641 579 3725 isam
590 3644 986 3733 225⁰}3‘3320‘ffi‘133'n9i3
998 3645 1082 3723 {fib
1089 3656 1286 3733 ἱαῖοἴωῗῖᾗ

209 3733 251 3767 28
270 3729 378 3776 ἡμεῖς]
397 3747 466 3768 ηου.
482 3735 524 3768 11
546 3736 600 3778 (cf.
616 3747 686 3768 nov.
702 3734 819 3767 XXII
837 3746 863 3768 e.
879 3736 934 3774 46)

1411 3054 1426 3085 1
1461 3052 1601 3093 facietis]
1637 3052 1787 3099 ciuitatis
1821 3053 1872 3086 Β*
1901 3053 1914 3097 ΙΙ
1949 3055 1992 3095 et]
2030 3056 2069 3087 ut
2102 3055 2131 3086 V
2157 3053 2170 3098 ΙΙ
2204 3054 2328 3087 faciens
2361 3055 2394 3089 V
2424 3056 2437 3099 ΙΙ

1353 3099 1372 3131 5
1387 3110 1457 3131 nov.
1469 3098 1542 3130 LX
1550 3097 1642 3131 VIII
1650 3099 1706 3140 (=
1714 3098 1813 3131 Auth.
1823 3098 1950 3140 LXX)
1964 3100 2061 3133 habet
2078 3099 2116 3141 V,
2131 3100 2202 3133 item
2218 3102 2273 3144 rf
2288 3101 2347 3134 87¹¹
2361 3104 2453 3144 post‘

1353 3156 1424 3176 nov.
1443 3143 1538 3176 CXL
1549 3143 1601 3176 VI
1621 3144 1677 3184 (=
1690 3144 1790 3176 Auth.
1810 3144 1986 3186 CXXIV)
2005 3143 2018 3187 ΙΙ
2041 3145 2082 3178 13
2104 3146 2202 3179 inser.
2225 3158 2283 3178 om.
2297 3159 2314 3179 r
2337 3144 2350 3189 ΙΙ
2377 3144 2437 3178 *et

1353 3199 1440 3221 cons.
1463 3188 1645 3229 ordinario]
1667 3199 1796 3222 excons.
1817 3189 2012 3222 ordinatum
2034 3189 2069 3223 V
2085 3188 2098 3234 n
2126 3191 2167 3223 16
2183 3190 2291 3223 leonis
2310 3191 2385 3233 piae
2406 3193 2435 3232 r]

1352 3234 1406 3277 pie
1430 3233 1521 3267 leoni
1543 3233 1599 3278 Vss
1626 3236 1666 3267 17
1688 3234 1924 3267 constitutioni
1946 3235 1998 3268 Va
2024 3235 2266 3269 constitutione
2287 3234 2336 3269 Vb
2357 3235 2370 3280 ΙΙ
2395 3236 2437 3269 de

1354 3280 1406 3311 his
1425 3282 1453 3321 r]
1478 3292 1536 3312 om.
1559 3278 1614 3322 VH
1643 3281 1684 3313 18
1705 3279 1765 3312 illo
1785 3280 1904 3313 seclusi
1918 3279 1931 3323 ΙΙ
1957 3281 1999 3313 20
2020 3279 2135 3322 solius]
2161 3282 2194 3314 et
2213 3280 2316 3314 solius
2333 3281 2434 3316 Osen-

1356 3327 1498 3368 briiqqen
1517 3324 1529 3367 ΙΙ
1553 3335 1627 3357 eum
1644 3325 1704 3366 qui
1725 3325 1771 3366 V]
1798 3326 1856 3366 qui
1877 3335 1952 3358 eum
1973 3339 1990 3358 r
2007 3324 2019 3369 ΙΙ
2037 3325 2164 3359 domini
2184 3339 2200 3360 r
2209 3339 2262 3371 pr.
2280 3326 2293 3370 ΙΙ
2319 3327 2359 3361 21
2378 3327 2435 3360 do·

1353 3370 1494 3402 minium
1508 3372 1536 3411 r]
1554 3369 1725 3402 dominum
1742 3369 1796 3415 Vn
1815 3369 1884 3403 illis
1898 3371 2024 3404 Biener
2039 3371 2156 3405 Gesch.
2169 3372 2201 3406 d.
2213 3372 2299 3406 Nov.
2310 3384 2346 3415 p.
2356 3373 2435 3413 492]

1354 3415 1448 3448 illius
1468 3415 1505 3457 V,
1521 3428 1578 3449 om.
1593 3428 1610 3448 r
1625 3414 1638 3459 ΙΙ
1656 3418 1843 3448 seruentem
1867 3429 1885 3449 r
1893 3429 1948 3459 pr.
1965 3415 1978 3460 ΙΙ
2004 3416 2034 3448 si
2054 3416 2101 3458 V]
2126 3416 2182 3449 sed
2205 3430 2223 3450 r
2247 3417 2260 3461 ΙΙ
2285 3418 2328 3451 22
2350 3420 2383 3451 et
2406 3420 2435 3460 r]

1354 3473 1411 3495 om.
1434 3459 1488 3505 VH
1508 3462 1659 3503 nepotem
1685 3473 1702 3493 r
1720 3459 1732 3505 ΙΙ
1749 3471 1815 3493 non
1841 3474 1899 3495 om.
1913 3474 1931 3494 r
1948 3460 1961 3505 ΙΙ
1976 3460 2048 3495 ullo
2067 3463 2096 3504 r]
2121 3461 2182 3495 illo
2204 3462 2259 3508 Vn
2279 3464 2321 3498 23
2337 3473 2436 3506 quem

1362 3507 1410 3547 V]
1436 3505 1524 3547 quod
1549 3519 1566 3539 r
1576 3518 1628 3549 pr.
1654 3506 1789 3547 quidem
1808 3520 1825 3539 r
1837 3520 1920 3541 corr.
1937 3505 1949 3551 ΙΙ
1969 3507 2014 3540 24
2028 3508 2267 3555 proprietatem
2291 3521 2309 3542 r
2331 3507 2345 3554 ΙΙ
2366 3509 2435 3552 pri-

1354 3551 1490 3583 habitur
1510 3551 1544 3584 V
1559 3551 1572 3595 ΙΙ
1600 3551 1827 3585 inaulsibilem
1848 3552 1882 3586 V
1900 3552 1913 3596 l]
1940 3553 1983 3587 25
2007 3551 2158 3586 lucratus
2181 3554 2395 3598 proprietatis
2420 3569 2437 3588 r

1353 3597 1505 3629 lucratur
1521 3606 1540 3629 a
1555 3597 1758 3639 praeetantis
1780 3601 1875 3637 (corr.
1893 3598 2090 3641 proetantis)
2112 3599 2151 3641 V,
2173 3612 2257 3635 corr.
2272 3601 2397 3636 Biener
2425 3600 2437 3644 ΙΙ

1355 3644 1396 3676 28
1422 3652 1529 3685 nuper
1553 3643 1690 3683 Biener]
1714 3653 1814 3685 super
1834 3643 1891 3676 Vr
1911 3642 1924 3688 ΙΙ
1951 3644 1994 3679 29
2018 3644 2114 3678 heres
2138 3657 2155 3678 r

2097 3791 2163 3825 44*
