2618 4010
270 172 379 216 Nov.
412 171 493 216 XV
524 174 634 214 3-5

270 282 350 319 τοὺς
382 284 443 319 ἐπὶ
471 283 550 317 τῶν
580 279 702 330 ἀρχῶν
730 278 754 326 ἥ
783 293 882 318 τινος
913 279 1097 326 δυνάμεως
1126 279 1253 324 ὄντας,
1289 277 1331 315 οὐ

271 325 359 364 οἵςτε
381 327 532 363 κωλύειν
550 326 635 362 τινὰ
657 327 831 375 γίνεσθαι
853 326 937 363 κατ’
958 326 1082 362 αὐτῶν
1100 325 1244 373 πρᾶξιν,
1267 322 1334 360 ἀλλ

271 370 382 408 οὕτως
405 372 427 407 ἆ
455 386 472 407 ε
500 384 594 407 πτον
616 371 682 407 τὸν
708 373 850 408 ἑαυτῶν
872 373 1099 420 παρέχεσθαι
1126 369 1275 417 τρόπον,
1305 367 1354 406 ὥς

270 416 397 473 μηδενὶ
421 387 564 452 §lascivat
587 417 714 465 καιρὸν
735 419 797 462 τῆς
816 415 902 471 κατ’
924 414 1046 471 αὐταῖν
1069 419 1247 470 μέμψεως.
1293 418 1354 450 καὶ

1342 167 1431 215 λ112

1421 291 1482 317 eos
1516 280 1578 326 qui
1606 280 1644 316 in
1675 279 2038 319 administrationibus
2069 286 2167 319 sunt¹
2185 280 2253 319 aut
2278 283 2318 319 in
2343 282 2504 330 qualibet

1421 327 1619 372 potestate,
1652 335 1724 361 non
1752 326 1796 361 ut
1824 326 2039 372 prohibeant
2061 328 2237 374 quaedam
2268 328 2347 365 fieri
2376 331 2504 365 contra

1423 380 1463 407 se
1485 374 1607 416 gesta,
1640 370 1704 407 sed
1731 371 1785 406 ita
1805 371 2057 418 inculpabilem
2080 384 2184 410 suum
2195 374 2404 427 praebeant
2425 384 2503 409 mo-

1423 415 1518 460 dum,
1543 419 1585 451 ut
1607 415 1697 451 nulli
1721 415 1826 451 detur
1846 419 1985 462 tempus
2033 418 2310 455 acrimoniarum
2332 419 2503 454 adversus

270 465 342 498 εὶτε
365 461 535 508 ἐνδημοίη
558 466 636 498 ταῖς
659 461 810 499 πόλεσιν
833 476 954 509 αρχων
977 464 1048 496 sin
1074 474 1141 506 μη,
1172 460 1353 516 μηκκωλυ-
1390 464 1409 496 5
1424 470 1496 496 eos.
1544 460 1595 495 Et
1618 460 1691 497 sive
1713 460 1869 496 adfuerit
1889 462 2022 499 civitati
2047 473 2090 499 us
2108 463 2216 500 iudex
2236 464 2308 499 sive
2331 474 2415 506 non,
2440 473 2503 499 ne-

270 508 374 542 ἐσθω
396 519 450 543 τις
472 506 649 566 πράττειν
670 511 730 542 καὶ
754 507 853 554 παρὰ
877 511 949 543 τοῖς
979 505 1126 541 ἐκδίκως
1154 518 1238 541 τινα
1268 503 1354 542 ὑπο-

268 550 439 598 μνήματα
463 555 482 587 ἐ
551 552 603 588 οἷς
629 551 676 588 ἂν
699 552 883 598 βούλοιτο,
916 551 1010 595 πλὴν
1034 554 1184 586 ἐκείνων
1215 548 1354 596 μόνων,

269 594 340 633 ὅσα
363 596 482 633 δικαιο
506 601 606 634 octat
629 596 744 633 δεῖται
768 601 827 632 καὶ
852 595 958 641 αὐτῆς
981 598 1043 641 τῆς
1065 598 1144 632 τιῦν
1166 593 1355 642 ἀρχόντων

271 640 469 679 αὖθέντίας
498 642 659 691 ἤρτηται.

1424 515 1602 551 quaquam
1637 505 1872 551 prohibeatur
1900 506 2074 553 quispiam
2107 518 2213 554 agere
2247 508 2345 555 apud
2380 507 2502 544 defen-

1423 560 1523 587 sores
1558 550 1733 597 quaedam
1765 554 1993 588 monumenta
2023 553 2060 588 in
2112 554 2372 600 uibuscumque
2400 553 2500 589 volu-

1424 596 1502 640 erit,
1525 601 1668 650 praeter
1690 596 1753 632 illa
1775 597 1869 638 sola,
1894 606 1986 641 quae
2005 564 2247 635 iurisdictione
2270 602 2374 644 egent
2397 600 2434 635 et
2457 609 2502 635 ex

1423 640 1504 687 ipsa
1525 641 1683 677 mdicum
1706 641 1919 678 auctoritate
1968 642 2107 679 endeut.

269 691 291 724 1
330 687 483 724 Ἔπειτα
516 692 576 724 καὶ
609 692 683 724 τοῖς
713 687 775 723 τὰς
810 686 982 732 δημοσίας
1012 685 1206 742 εἰς-πράξεις
1236 688 1356 728 ἔχουσι
1374 689 1446 723 101
1490 686 1628 722 Deinde
1651 696 1712 723 eos
1737 687 1799 732 qui
1821 688 1858 722 et
1879 686 1953 732 pub
1970 686 2043 724 ’cas
2067 688 2272 726 exactiones
2292 689 2429 725 habent
2453 688 2502 724 ci-

269 734 353 769 τούς
374 735 454 769 τῶν
476 733 620 770 πόλεων
643 732 799 768 ἐκδίκους
830 734 944 768 πᾶσιν
973 733 1171 777 ἐπαμυνειν
1198 729 1355 778 τρόποις,

270 776 340 814 κᾶν
371 780 403 814 εἰ
433 777 507 814 δέοι
529 777 709 834 προφάσει
736 779 798 822 τῆς
821 778 898 812 τῶν
921 775 1148 825 ἀγνωμόνων
1171 775 1356 812 συντελῶν

271 822 443 860 ἀπονοίας
471 822 715 870 ὑπομνηματα
744 823 898 869 πρᾶξαι,
931 826 992 856 καὶ
1025 823 1134 857 τοῦτο
1165 822 1356 857 ποιεῖσθαι

272 869 490 918 προθύμως,
522 867 589 904 κᾶν
613 870 644 904 εί
667 868 942 923 παραγενέσθαι
968 870 1028 901 καὶ
1051 865 1131 902 τοὺς
1162 865 1354 912 ἀκοσμοῦν-

1424 732 1574 769 vitatum
1597 732 1843 768 defensoribus
1868 731 2030 769 omnibus
2055 734 2167 770 modis
2191 733 2374 779 auxiliari;
2409 738 2445 770 et
2473 734 2503 769 si

1425 786 1516 822 opus
1539 777 1650 813 fuerit
1679 778 1870 813 occasione
1898 779 2124 824 contemptus
2154 780 2416 816 contumacium
2439 779 2502 814 tri-

1423 822 1648 859 butariorum
1671 825 1899 858 monumenta
1923 822 2113 867 conficere,
2147 827 2183 859 et
2211 824 2282 860 hoc
2308 823 2386 860 fieri
2409 824 2503 860 velo-

1425 867 1523 911 citer,
1555 871 1592 904 et
1619 868 1810 912 interesse,
1843 869 1884 903 ut
1912 867 2076 904 inornate
2107 872 2251 914 agentes
2274 869 2434 912 videant,
2467 873 2504 904 et

271 927 336 950 τας
359 914 450 950 ἰδεῖν
471 918 531 949 καὶ
555 912 675 949 αὐτοῖς
705 923 843 948 τουτοις
872 913 1117 966 μαρτυρῆσαι,
1150 909 1218 947 κᾶν
1241 912 1273 968 εἰ
1295 909 1355 967 δη·
1371 916 1411 949 15
1424 913 1480 948 his
1503 913 1591 959 ipsis
1615 913 1857 950 testimonium
1881 913 2079 958 perhibere,
2103 915 2158 949 vel
2181 914 2364 959 publicum
2388 924 2502 949 remo-

271 959 422 1005 μοτικὸν
449 962 586 995 παῦσαι
614 957 789 1006 θόρυβον,
813 960 873 991 καὶ
897 957 1019 995 απλῶς
1041 970 1109 1001 την
1132 959 1211 992 τῶν
1231 970 1355 1004 αρχον·

272 1019 351 1040 των
380 1007 518 1047 ἐπέχειν
547 1005 661 1046 τάξιν,
695 1007 754 1038 καὶ
784 1001 941 1047 μάλιστα
970 999 1062 1038 ὅταν
1093 1001 1228 1038 ἀπῶσι.
1275 1001 1357 1037 τούς

271 1063 312 1084 τε
334 1049 517 1091 ταξεώτας
539 1049 620 1084 τοὺς
642 1051 860 1094 ἐπιχωρίους,
885 1048 922 1082 οἳ
943 1047 1036 1083 κατὰ
1051 1047 1119 1091 τὴν
1138 1047 1245 1084 πόλιν
1264 1049 1357 1082 εἰσὶν

275 1097 414 1139 ἐκείνην
437 1091 528 1129 καθ’
551 1093 596 1138 ἢν
614 1092 634 1129 ὁ
657 1092 795 1128 ἔκδικός
818 1095 929 1135 ἐστιν,
953 1090 1148 1128 ὑπακούειν
1171 1091 1271 1136 αὐτῷ
1296 1095 1357 1127 καὶ

1424 968 1506 994 vere
1528 959 1737 994 tumultum:
1775 962 1811 994 et
1844 958 2009 994 absolute
2037 958 2196 995 iudicum
2225 959 2385 996 obtinere
2409 958 2504 995 ordi·

1424 1014 1523 1045 nem,
1558 1007 1594 1040 et
1616 1004 1768 1039 maxime
1795 1003 1937 1049 quando
1963 1004 2105 1039 absunt.
2153 1003 2203 1039 Et
2226 1003 2397 1040 officiales
2421 1014 2503 1050 pro-

1424 1049 1580 1094 vinciae,
1613 1050 1825 1094 quicumque
1848 1049 1886 1084 in
1910 1049 2052 1084 civitate
2083 1053 2168 1084 sunt
2197 1049 2260 1084 illa
2289 1049 2327 1085 in
2350 1059 2421 1094 qua
2443 1049 2503 1084 de-

1424 1094 1549 1130 fensor
1572 1096 1643 1137 est,
1678 1095 1845 1131 oboedire
1871 1094 1923 1129 illi
1953 1096 1989 1129 et
2012 1094 2196 1130 adiuvare:
2233 1097 2275 1130 ut
2297 1095 2504 1130 absentibus

273 1144 317 1185 βο
343 1141 437 1182 θεῖν,
475 1137 562 1174 dien
590 1137 764 1174 ἀπόντων
787 1139 866 1173 τῶν
897 1135 1105 1186 ἡγουμένων
1127 1140 1206 1174 τῶν
1229 1139 1357 1173 ἐθνῶν
1371 1142 1412 1175 20
1425 1139 1651 1184 praesidibus
1681 1140 1838 1185 gentium
1861 1139 1948 1175 nihil
1971 1139 2132 1175 videatur
2155 1139 2279 1176 deesse
2303 1139 2504 1175 civitatibus

272 1154 385 1230 μηιηδέν
408 1184 526 1219 δοκεῖν
545 1183 721 1219 ἐλλείπειν
738 1186 816 1218 ταῖς
832 1182 958 1219 πόλεσι
973 1185 1034 1228 τῆς
1053 1186 1203 1219 ἐκείνων
1226 1197 1357 1231 παρου-

274 1235 362 1265 σίας.
407 1228 466 1265 ’Ex
498 1228 538 1264 δὲ
567 1231 628 1273 τῆς
660 1231 852 1277 ἐπιχωρίου
881 1228 1016 1270 τάξεως
1039 1231 1134 1272 ἔχειν
1163 1233 1224 1264 καὶ
1252 1243 1356 1272 ταχυ-

273 1275 412 1323 γράφον
437 1273 556 1310 αὐτοῖς
578 1273 829 1322 ὑπουργοῦντα
852 1277 911 1308 καὶ
936 1273 1000 1309 δύο
1022 1274 1225 1318 ταξεώτας,
1254 1275 1291 1309 οἳ
1311 1273 1357 1309 τὰ

274 1319 364 1368 παρ’
393 1319 516 1356 αὐτῶν
540 1318 772 1366 ψηφιζόμενα
801 1318 1041 1375 πλῃρῴσουσι.

272 1367 297 1402 2
343 1366 512 1409 Δικάζειν
535 1380 575 1401 τε
597 1369 675 1400 ταῖς
707 1364 819 1400 δίκαις
841 1377 996 1400 απασαις
1018 1368 1096 1400 ταῖς
1125 1367 1357 1420 χρηματικαῖς
1370 1369 1410 1402 25
1425 1366 1451 1402 2
1495 1365 1546 1401 Et
1567 1365 1727 1401 iudicare
1755 1366 1792 1401 in
1815 1366 1934 1402 causis
1958 1365 2122 1402 omnibus

272 1414 373 1459 μέχρι
397 1413 541 1459 χρυσῶν
563 1415 799 1457 τριακοσίων·
829 1408 870 1445 οὗ
894 1408 1108 1456 δυναμένων
1127 1425 1206 1445 των
1228 1423 1355 1446 υποτε-

274 1456 350 1492 λῶν
373 1456 489 1491 ἕλκειν
510 1455 592 1491 τοὺς
623 1454 747 1490 αὐτῶν
778 1454 1003 1491 ὑπευθύνους
1033 1455 1134 1504 παρὰ
1163 1459 1238 1490 τοῖς
1270 1455 1356 1501 λαμ-

274 1502 465 1550 προτάτοις
494 1504 572 1537 τῶν
607 1502 792 1548 ἐπαρχιῶν
829 1500 1007 1549 ἄρχουσιν,
1040 1502 1139 1548 εἴπερ
1175 1502 1261 1556 εῑίσω
1296 1503 1358 1545 τῆς

1428 1185 1496 1220 sub
1519 1185 1662 1220 illorum
1685 1185 1898 1231 praesentia.
1935 1185 1994 1220 Ex
2016 1185 2227 1231 provinciali
2244 1188 2364 1220 autem
2384 1184 2504 1220 officio

1426 1230 1559 1266 habere
1582 1234 1618 1266 et
1641 1234 1867 1275 exceptorem
1890 1230 1941 1266 eis
1972 1230 2230 1266 ministrantem
2253 1233 2289 1265 et
2311 1229 2401 1266 duos
2425 1229 2504 1265 offi-

1428 1275 1556 1320 ciales,
1588 1275 1650 1321 qui
1673 1286 1716 1311 ea
1738 1285 1832 1319 quae
1854 1275 1900 1311 ab
1930 1275 1981 1312 eis
2013 1275 2254 1311 decernuntur
2277 1274 2504 1320 adimpleant.

2193 1365 2361 1401 cuniariis
2394 1375 2506 1409 usque

1426 1411 1473 1448 ad
1507 1421 1637 1447 aureos
1669 1414 1865 1447 trecentos:
1909 1421 1983 1446 non
2018 1411 2149 1446 valenti
2175 1421 2220 1446 us
2253 1411 2385 1446 nostrIs
2421 1411 2504 1445 sub-

1426 1456 1526 1492 iectis
1550 1456 1692 1492 trahere
1715 1456 1856 1492 sibimet
1874 1456 2052 1500 obligatos
2068 1456 2164 1501 apud
2183 1455 2398 1491 clarissimos
2422 1466 2504 1500 pro-

1426 1502 1623 1537 vinciarum
1645 1501 1799 1544 iudices,
1823 1501 1855 1537 si
1877 1511 1990 1546 usque
2014 1501 2061 1536 ad
2083 1500 2304 1546 praedictam
2327 1503 2504 1536 trecento-

274 1548 456 1595 εἰρημένης
485 1548 564 1582 τῶν
593 1551 813 1595 τριακοσίων
842 1546 1079 1592 νομισμάτων
1111 1558 1311 1590 ποσοτητος
1337 1543 1359 1589 ἡ
1427 1558 1507 1582 rum
1530 1547 1723 1582 solidorum
1748 1546 1982 1592 quantitatem
2006 1546 2049 1582 lis
2074 1547 2257 1582 consistat.

275 1590 356 1637 δίκη
383 1591 612 1636 καθεστήκοι.

1267 1682 1425 1718 CAPUT
1453 1683 1515 1719 IV.

316 1736 422 1775 Ἀλλὰ
451 1738 542 1785 μηδὲ
564 1735 616 1773 δι’
643 1736 732 1774 αὐτὸ
761 1740 868 1773 τοῦτο
895 1738 976 1774 τοὺς
1008 1737 1208 1774 διώκοντας
1236 1738 1353 1774 πλείο-

275 1797 334 1820 νος
355 1785 609 1830 ἀποτιμᾶσθαι
632 1784 700 1828 τὴν
720 1782 833 1827 δίκην,
861 1785 922 1818 ἵνα
946 1788 1172 1831 συντρίψωσι
1195 1783 1277 1818 τοὺς
1301 1782 1353 1818 εὖ·

277 1832 494 1875 θὐνομένους
524 1833 583 1864 καὶ
606 1828 655 1875 μὴ
678 1830 731 1873 τῷ
756 1831 817 1873 τῆς
848 1828 985 1865 πόλεως
1008 1828 1154 1872 ἐκδίκῳ,
1188 1827 1277 1863 ἀλλὰ
1299 1831 1353 1873 τῷ

273 1877 344 1930 τῆς,
357 1874 475 1922 χώρας
501 1873 756 1929 προςαγάχοιεν
787 1873 943 1921 ἄρχοντι.
991 1872 1072 1908 ἀλλ’
1099 1875 1135 1908 εἴ
1154 1887 1190 1908 τι
1213 1877 1354 1909 τοιοῦτο

1468 1739 1538 1775 Sed
1557 1749 1671 1785 neque
1691 1749 1757 1785 pro
1778 1739 1849 1775 hoc
1872 1739 1950 1784 ipso
1975 1742 2118 1775 actores
2141 1736 2294 1782 amplius
2317 1735 2507 1772 aestimare

1423 1784 1538 1828 litem,
1569 1787 1611 1820 ut
1642 1789 1830 1820 conterant
1861 1794 1942 1819 reos
1967 1786 2003 1819 et
2033 1795 2105 1819 non
2135 1781 2291 1819 civitatis
2315 1781 2504 1823 defensori,

1424 1830 1487 1865 sed
1521 1830 1727 1875 provinciae
1764 1829 1929 1865 deferant
1962 1829 2083 1865 iudici.
2136 1828 2206 1864 Sed
2242 1827 2273 1862 si
2308 1826 2394 1880 quid
2433 1827 2505 1862 tale

1424 1875 1559 1919 egerint
1590 1877 1626 1910 et
1650 1875 1827 1910 sententia
1862 1873 2068 1909 manifestet
2104 1874 2276 1909 minorem
2305 1871 2403 1907 litem
2427 1882 2506 1907 esse

2082 183 2143 214 DE
2171 182 2504 216 DEFENSORIBUS
2549 206 2551 209 v

274 1921 450 1969 πραξαιεν
482 1924 540 1954 καὶ
571 1934 593 1964 η
626 1931 744 1966 ψηφος
776 1918 923 1960 δείξειεν
954 1918 1130 1953 ἐλάττονα
1160 1918 1227 1962 τὴν
1251 1918 1355 1963 δίκην
1369 1924 1408 1955 35
1424 1922 1664 1955 trecentorum
1696 1931 1888 1955 aureorum
1919 1923 1955 1955 et
1986 1920 2104 1955 studio
2136 1922 2296 1960 auctam,
2332 1920 2375 1952 ιιι
2408 1916 2505 1963 apud

274 1967 366 2001 εἶναι
393 1967 472 2001 τῶν
499 1969 718 2012 τριακοσίων
747 1966 892 2012 χρυσῶν
920 1968 980 1998 καὶ
1014 1962 1218 2007 ἐξεπίτηδες
1252 1962 1353 2008 ηὐξῆ-
1423 1965 1627 2010 provinciae
1655 1965 1807 2000 iudicem
1830 1967 1868 2000 et
1896 1976 1969 2001 non
1999 1964 2151 2000 civitatis
2175 1962 2398 1999 defensorem
2421 1971 2505 1997 exa-

273 2012 367 2046 σθαι
391 2010 451 2045 διὰ
473 2010 516 2046 τὸ
539 2009 639 2059 παρὰ
660 2011 714 2054 τῷ
739 2011 799 2054 τῆς
824 2011 992 2056 ἐπαρχίας
1012 2008 1169 2055 ἄρχοντι,
1193 2008 1281 2044 ἀλλὰ
1304 2009 1353 2055 μὴ
1421 2010 1629 2054 minaretur,
1652 2011 1767 2046 solum
1791 2014 1948 2046 actorem
1966 2011 2061 2046 omni
2081 2010 2153 2045 litis
2177 2007 2284 2046 subdi
2306 2007 2504 2054 dispendio.

273 2057 326 2101 τῷ
358 2057 420 2101 τῆς
451 2055 588 2091 πόλεως
619 2054 749 2099 ἐκδίκῳ
782 2055 1114 2097 κατεξετασθῆναι,
1151 2053 1265 2099 μόνον
1294 2054 1359 2090 τὸν

273 2101 448 2150 ἐνάγοντα
473 2102 518 2149 τῇ
541 2098 641 2148 πάσῃ
664 2101 726 2144 τῆς
749 2099 847 2144 δίκης
870 2097 1147 2144 ὖποβάλλεσθαι
1172 2101 1291 2144 ζημίᾳ.

1280 2179 1435 2215 CAPUT
1461 2178 1502 2214 V.

320 2239 391 2270 Καὶ
413 2235 484 2281 μὴν
506 2238 565 2270 καὶ
589 2234 650 2269 τὰς
673 2233 772 2281 παρὰ
795 2236 873 2269 τῶν
897 2232 1050 2268 ἐκδίκων
1073 2232 1260 2278 ἐκκλήτους
1284 2232 1348 2269 ἐπ’
1365 2238 1409 2270 40
1467 2235 1517 2270 Ει
1540 2245 1562 2269 a
1586 2234 1832 2270 defensoribus
1848 2234 2107 2279 appellationes
2123 2233 2169 2268 ad
2185 2233 2283 2278 ipsos
2303 2233 2390 2268 ferri
2413 2233 2503 2268 iudi-

273 2280 399 2316 αὐτοὺς
422 2281 601 2326 φέρεσθαι
631 2279 713 2314 τοὺς
743 2278 927 2325 ἄρχοντας.
975 2281 1020 2313 Εἰ
1045 2278 1087 2314 δέ
1107 2293 1144 2313 τι
1175 2277 1352 2325 πράξαιεν
1421 2289 1492 2315 ces.
1540 2279 1579 2314 Si
1601 2290 1689 2314 vero
1711 2280 1847 2324 egerint
1869 2279 2005 2324 aliquid
2028 2279 2238 2314 iniuriosum
2262 2278 2360 2313 circa
2383 2278 2504 2313 defen-

275 2348 425 2396 Oportet
455 2349 548 2384 enim
576 2348 629 2383 ita
658 2348 782 2384 vivant
809 2347 837 2382 ii
869 2347 933 2393 qni
961 2347 998 2382 in
1029 2347 1304 2393 maqistratibns
1335 2348 1391 2383 vet
1421 2347 1599 2393 diqnitate
1628 2347 1753 2393 aliqua
1783 2352 1886 2389 sunt,
1919 2359 1994 2383 non
2025 2353 2066 2381 ut
2089 2345 2311 2393 prohibeant
2334 2349 2418 2381 acta
2441 2345 2506 2380 ad-

272 2405 398 2430 versus
421 2405 459 2429 se
483 2393 585 2439 sieri,
608 2392 674 2429 sed
696 2392 828 2439 potius
858 2392 949 2427 adeo
981 2393 1144 2439 inteqros
1170 2403 1259 2428 suos
1281 2396 1474 2439 praestent
1497 2403 1635 2435 mores,
1666 2395 1706 2427 ut
1729 2392 1863 2428 nemini
1886 2391 1972 2427 dent
1995 2390 2220 2427 occasionem
2241 2390 2286 2425 de
2308 2391 2323 2424 i
2349 2391 2400 2425 sis
2422 2401 2506 2425 con-

273 2439 456 2486 querendi.
492 2439 610 2485 Atque
628 2438 703 2474 sive
725 2438 763 2472 in
788 2437 992 2473 civitatibus
1015 2437 1116 2484 deqit
1132 2438 1370 2483 maqistratus
1387 2437 1461 2474 sive
1481 2447 1567 2480 non;
1587 2448 1691 2472 nemo
1715 2437 1935 2484 impediatur
1980 2436 2148 2472 nominas
2170 2434 2273 2487 apud
2293 2402 2347 2471 dg,
2359 2445 2507 2470 ensores

272 2495 417 2531 quoque
440 2484 678 2520 instrumenta
695 2482 873 2529 quaedam
896 2482 941 2518 de
965 2482 1246 2529 quibuscumque
1270 2482 1426 2519 voluerit
1449 2482 1637 2528 conficiat,
1655 2487 1809 2529 praeter
1833 2494 1876 2518 ea
1902 2493 1944 2518 so
1961 2494 1995 2524 a,
2017 2492 2112 2528 quae
2130 2480 2380 2516 iurisdictione
2402 2485 2508 2526 eqent

271 2533 292 2566 1
338 2534 375 2566 et
396 2529 440 2565 ab
464 2529 547 2575 ipsa
569 2529 848 2575 mctqistratuum
872 2528 1091 2563 auctoritate
1112 2527 1285 2579 pendent.
1378 2527 1518 2563 Deinde
1541 2528 1649 2562 etiam
1672 2527 1736 2570 iis,
1765 2528 1828 2574 qui
1845 2527 2015 2574 publicas
2038 2525 2252 2562 exactiones
2272 2524 2422 2567 liabent,
2447 2524 2506 2560 de-

270 2576 441 2622 fensores
464 2575 648 2610 civitatum
673 2573 837 2608 omnibus
859 2572 975 2608 modis
999 2572 1178 2608 aua-ileum
1199 2573 1339 2618 ferant,
1364 2577 1400 2608 et
1418 2573 1451 2607 si
1475 2576 1645 2619 oporteat
1667 2583 1731 2608 eos
1752 2573 1983 2619 inqratorum
2006 2570 2231 2606 subditorum
2255 2570 2504 2605 contumaciae

273 2632 384 2656 causa
408 2623 639 2655 monumenta
663 2619 856 2663 conficere,
881 2617 950 2653 lioc
973 2628 1118 2663 qnoque
1141 2617 1315 2653 alacriter
1336 2618 1501 2663 faciant,
1525 2621 1561 2653 et
1586 2617 1618 2652 si
1642 2617 1767 2653 adesse
1789 2628 1833 2652 ac
1856 2617 1976 2653 videre
1998 2626 2072 2657 eos,
2101 2615 2166 2661 qui
2187 2614 2357 2650 indecore
2381 2620 2506 2661 ayunt,

273 2670 309 2702 et
331 2665 388 2700 his
410 2665 501 2712 ipsis
526 2664 766 2700 testimonium
790 2662 889 2705 dare,
914 2666 951 2698 et
971 2663 1004 2697 si
1055 2662 1241 2708 opularem
1263 2662 1451 2698 tumultum
1474 2662 1622 2698 sedare:
1644 2666 1681 2698 et
1703 2662 1848 2697 omnino
1871 2661 2152 2707 maqistratnum
2176 2659 2294 2695 locum
2318 2659 2506 2695 obtineant

274 2721 319 2746 ac
349 2710 507 2746 maxime
537 2709 684 2756 qnando
710 2708 838 2744 absint.
889 2707 1024 2753 Officia
1039 2719 1077 2743 es
1101 2719 1246 2754 quoque
1273 2707 1502 2754 provinciae,
1535 2707 1599 2753 qui
1627 2707 1666 2742 in
1691 2707 1835 2742 civitate
1858 2706 1924 2741 illa
1947 2711 2052 2747 sunt,
2084 2706 2123 2739 in
2146 2715 2220 2751 qua
2244 2703 2419 2750 defensor
2441 2709 2506 2746 est,

275 2755 348 2807 ipsi
380 2754 574 2791 oboediant
606 2759 829 2800 praestoque
858 2753 951 2795 sint,
983 2756 1026 2788 ut
1054 2752 1260 2788 absentibus
1286 2753 1561 2799 provinciarum
1583 2751 1819 2799 praesidibus
1846 2750 1938 2786 nihil
1968 2750 2160 2787 videantur
2190 2760 2315 2785 carere
2345 2749 2508 2785 civitates

274 2800 420 2836 illorum
448 2799 666 2847 praesentia.
716 2798 781 2834 Ex
813 2797 1033 2844 provinciali
1063 2802 1182 2833 antem
1207 2798 1334 2844 officio
1359 2797 1518 2833 habeant
1540 2801 1576 2832 et
1599 2801 1830 2844 exceptorem
1853 2796 1922 2831 sibi
1949 2795 2211 2831 ministrantem
2242 2799 2278 2829 et
2300 2793 2393 2830 duos
2420 2794 2506 2840 offi-

274 2846 299 2882 2
345 2845 467 2887 ciaZes,
491 2845 555 2891 qni
577 2856 632 2886 ea,
657 2855 752 2890 quae
771 2843 816 2879 ab
839 2843 931 2890 ipsis
954 2843 1207 2885 decernuntur,
1231 2847 1473 2890 exequantur.
1544 2841 1712 2878 Iudicent
1730 2852 1875 2888 quoque
1896 2842 1935 2876 in
1958 2840 2078 2876 causis
2102 2839 2266 2875 omnibus
2278 2839 2507 2886 pecuniariis

274 2901 389 2937 usque
412 2890 461 2925 ad
483 2900 616 2925 aureos
639 2892 813 2925 trecentos
820 2901 835 2930 ;
870 2899 935 2924 nec
964 2888 1072 2924 liceat
1099 2888 1254 2924 subditis
1284 2899 1369 2924 reos
1391 2898 1478 2923 suos
1508 2887 1558 2923 ad
1584 2886 1804 2923 clarissimos
1834 2886 2021 2933 praesides
2035 2887 2037 2891 '
2046 2884 2323 2932 provinciarum
2349 2883 2504 2925 trahere,

275 2937 308 2971 si
330 2936 430 2971 intra
454 2934 586 2970 dictam
611 2934 850 2981 quantitatem
877 2937 1117 2969 trecentorum
1141 2944 1336 2969 aureorum
1360 2933 1406 2968 lis
1429 2933 1613 2968 consistat.

410 2981 470 3016 IV.
521 2980 596 3015 Nec
619 2990 704 3015 vero
724 2983 882 3026 propter
911 2979 952 3013 id
980 2979 1100 3025 ipsum
1123 2982 1267 3014 actores
1291 2978 1387 3014 litem
1405 2978 1528 3025 pluris
1551 2977 1757 3019 aestiment,
1787 2980 1827 3012 ut
1849 2987 1934 3012 reos
1965 2976 2141 3023 aflliqant
2171 2985 2286 3021 neque
2309 2973 2359 3010 ad
2379 2973 2424 3009 de
2444 2984 2503 3009 en-

275 3037 390 3062 sorem
414 3026 590 3067 civitatis,
621 3024 687 3060 sed
709 3024 758 3059 ad
784 3024 988 3071 praesidem
1011 3024 1229 3070 provinciae
1251 3023 1446 3059 adducant.
1494 3022 1568 3059 Sed
1589 3023 1622 3058 si
1647 3022 1718 3058 tale
1741 3021 1831 3068 quid
1851 3022 2024 3066 fecerint,
2049 3025 2085 3056 et
2106 3020 2284 3056 sententia
2309 3022 2397 3055 oster
2481 3018 2505 3054 ‘t

277 3073 373 3107 litem
399 3070 566 3107 trecentis
588 3070 710 3105 aureis
734 3070 907 3105 minorem
931 3080 1008 3105 esse
1031 3073 1067 3104 et
1089 3069 1255 3105 consulto
1280 3072 1442 3111 auctam,
1474 3072 1517 3103 ut
1545 3067 1648 3114 apud
1676 3066 1883 3120 praesidem
1912 3066 2125 3112 provinciae
2157 3075 2273 3111 neque
2296 3075 2380 3100 vero
2404 3062 2505 3111 apud

277 3117 503 3163 defensorem
527 3115 683 3151 civitatis
706 3115 993 3157 examinaretur,
1017 3114 1118 3149 solus
1138 3118 1243 3150 actor
1267 3114 1335 3149 toti
1357 3113 1431 3149 litis
1455 3112 1588 3148 damno
1612 3112 1821 3148 subiciatur.

410 3160 454 3197 V.
503 3159 697 3196 Enimvero
729 3159 995 3206 appellationes
1030 3171 1054 3194 a
1089 3158 1343 3205 defensoribus
1373 3158 1424 3194 ad
1452 3158 1555 3205 ipsos
1584 3157 1777 3205 praesides
1806 3156 2032 3203 deserantur.
2087 3154 2130 3191 Si
2163 3165 2271 3201 quam
2303 3158 2420 3189 autem
2451 3153 2503 3188 in-

1426 3226 1636 3269 dictioneVss
1654 3229 1734 3268 gent
1749 3226 1795 3259 R¹
1810 3226 1823 3270 ΙΙ
1844 3228 1883 3259 10
1903 3236 1956 3258 eus
1972 3226 2030 3266 qui
2048 3227 2080 3257 et
2092 3224 2181 3264 RV]
2194 3227 2227 3256 et
2249 3223 2301 3255 his
2318 3222 2376 3264 qui
2394 3221 2505 3265 valan

1426 3272 1572 3305 actiones
1595 3272 1647 3305 Ra
1676 3272 1688 3315 ΙΙ
1719 3273 1758 3305 11
1783 3270 1967 3304 defensores
1991 3271 2076 3313 vuly.
2107 3268 2120 3313 ΙΙ
2145 3268 2303 3301 auxiliari
2328 3267 2390 3299 etsi
2423 3276 2504 3308 opus

1427 3330 1485 3350 om.
1507 3317 1568 3358 V¹‚
1592 3318 1670 3350 add.
1700 3317 1751 3350 V2
1772 3318 1804 3350 in
1828 3328 1888 3360 mq.
1913 3315 1925 3358 fl
1953 3317 1991 3349 12
2016 3314 2266 3347 *contumatiae
2290 3310 2503 3352 (contumatia

1436 3362 1499 3404 1⁷¹)
1525 3362 1603 3395 libri
1626 3362 1638 3405 ΙΙ
1672 3364 1713 3396 14
1744 3362 1900 3394 interesse
1924 3362 1973 3400 ut]
2010 3363 2049 3392 ut
2079 3360 2236 3391 interesse
2255 3355 2322 3395 VB
2351 3356 2503 3387 inornate

1428 3409 1555 3446 (ornate
1567 3407 1630 3448 ΕΙ)
1649 3407 1771 3447 RVT]
1795 3406 1983 3439 inordinate
2007 3406 2093 3448 vulq.
2111 3403 2125 3448 fl
2145 3405 2182 3436 15
2207 3403 2259 3434 his
2282 3414 2339 3434 om.
2357 3399 2410 3443 Vl}
2428 3410 2500 3442 per-

1426 3451 1552 3492 hibere]
1576 3451 1618 3483 al.
1644 3451 1821 3494 prohibere
1841 3450 1891 3484 R²
1914 3464 1974 3493 my.
2006 3450 2018 3493 u
2049 3451 2088 3484 18
2117 3446 2329 3489 quicumque]
2358 3446 2391 3477 et
2421 3455 2501 3485 qua-

1426 3506 1568 3538 cumque
1595 3497 1630 3530 V
1651 3495 1664 3541 ΙΙ
1691 3496 1727 3529 in
1759 3506 1825 3538 qua
1847 3514 1890 3520 --
1914 3495 1967 3527 illi
1997 3493 2103 3538 suppl.
2135 3491 2185 3525 V²
2211 3492 2246 3524 in
2275 3497 2359 3533 spat.
2389 3502 2458 3522 vac.
2491 3489 2503 3531 ΙΙ

1427 3543 1469 3575 22
1503 3541 1625 3574 habere
1656 3543 1700 3582 et]
1737 3544 1770 3574 et
1793 3554 1851 3575 om.
1877 3541 1945 3574 RT
1966 3539 1980 3585 ΙΙ
2011 3541 2054 3573 25
2084 3536 2231 3570 iudicare
2261 3535 2298 3567 in
2330 3533 2441 3577 cauli-e
2465 3535 2501 3568 in

1425 3586 1531 3619 causis
1548 3587 1599 3619 Εὖ
1614 3586 1627 3631 ΙΙ
1646 3588 1687 3621 27
1712 3585 1928 3619 sibimentR¹
1943 3584 1956 3629 ΙΙ
1976 3582 2155 3623 28-u1que]
2177 3590 2277 3621 esque
2297 3578 2374 3623 V¹fl
2392 3581 2435 3612 29
2459 3579 2501 3612 lis

1425 3633 1554 3664 constat
1587 3639 1618 3665 et
1651 3633 1693 3665 32
1730 3633 1769 3664 ut
1799 3632 1973 3663 conterant
2004 3626 2112 3671 suppl.
2140 3624 2189 3658 V²
2218 3626 2252 3658 in
2274 3631 2358 3667 spat.
2389 3636 2459 3657 vac.
2489 3624 2503 3671 [Ι

1426 3677 1467 3710 34
1494 3676 1600 3718 egerit
1621 3677 1655 3709 V
1673 3675 1687 3719 ΙΙ
1708 3676 1897 3708 manifestat
1918 3675 1970 3709 V⁶
2014 3673 2058 3708 3⁶
2080 3669 2222 3703 iudicem
2246 3670 2345 3713 cula]
2375 3669 2501 3702 iudices

1425 3721 1458 3754 R
1468 3720 1556 3764 VTn
1572 3723 1612 3755 37
1633 3721 1787 3754 actoreV
1801 3722 1969 3752 auctorem
2031 3715 2096 3757 141
2121 3715 2227 3757 egerit
2243 3713 2298 3758 Vn
2315 3716 2355 3748 41
2367 3726 2414 3758 sq.
2430 3714 2500 3748 def-

1425 3767 1568 3799 sensores
1591 3777 1646 3799 eos
1669 3765 1822 3799 offitiales
1843 3764 1894 3799 13¹
1920 3761 2072 3796 offitiales
2096 3760 2280 3793 defensores
2302 3759 2350 3795 V¹

323 3235 401 3274 isq.
425 3228 506 3263 τοὺς
527 3231 587 3263 ἐπὶ
609 3248 652 3253 ———
675 3229 846 3274 γίνεσθαι
867 3241 926 3262 om.
951 3229 983 3261 L
1004 3227 1016 3271 11
1042 3230 1062 3262 3
1086 3226 1164 3268 τὸν]
1187 3227 1266 3261 τῶν
1292 3228 1322 3260 L
1345 3227 1358 3272 ΙΙ

277 3279 297 3310 4
321 3273 412 3309 κατὰ
437 3272 561 3309 αὐτῶν
580 3275 627 3308 Μ
645 3274 658 3317 fl
674 3277 693 3307 5
717 3273 788 3307 εἴτε
807 3271 866 3317 μὴ]
892 3272 963 3307 εἴτε
982 3270 1065 3317 μὶδὲ
1084 3274 1115 3306 L
1134 3271 1146 3316 ΙΙ
1162 3270 1358 3306 nemmem

282 3322 324 3354 L¹
340 3322 353 3364 11
371 3323 392 3355 6
415 3323 454 3354 τί
465 3321 497 3353 L
511 3318 524 3364 ΙΙ
542 3321 603 3353 καὶ
627 3332 685 3353 om.
707 3331 726 3355 ς
741 3318 753 3362 ΙΙ
773 3322 790 3352 7
815 3317 929 3362 μόνον
945 3319 972 3351 L
989 3319 1000 3358 ΙΙ
1023 3321 1062 3351 10
1085 3321 1159 3351 τοῖς
1171 3337 1213 3342 --
1227 3319 1356 3359 ἔχουσι]

278 3364 358 3399 τοὺς
379 3385 422 3390 -
444 3367 591 3407 ἔχοντας
615 3364 678 3407 ΒΕ
698 3365 739 3398 12
762 3360 840 3403 κᾶν]
870 3365 929 3396 καὶ
957 3362 1025 3396 κᾶν
1050 3363 1119 3396 LB
1135 3364 1147 3404 ΙΙ
1165 3373 1356 3409 προφαυι

280 3411 357 3453 ΒεΙΙ
378 3413 417 3444 15
441 3407 586 3444 τούτους
609 3408 679 3453 Mn
699 3411 738 3443 16
762 3405 885 3443 ἁπλῶς
910 3409 1010 3449 ΕΒς]
1044 3421 1102 3441 om.
1125 3408 1194 3451 ΜΙΙ
1210 3409 1251 3441 21
1284 3408 1357 3449 τῆς]

281 3455 340 3486 ἐπὶ
362 3455 422 3496 τῆς
447 3456 641 3489 Haloander
661 3456 719 3498 (qs-
739 3455 772 3496 ς)
797 3452 811 3497 fl
834 3455 874 3487 27
907 3451 989 3487 τοὺς
1018 3448 1083 3487 ὑπ’
1111 3450 1235 3486 αὐτῶν
1258 3450 1357 3486 ἄνευ·

283 3494 413 3532 &tatone
434 3501 479 3532 L¹
503 3498 584 3534 τοὺς
606 3495 673 3533 ὑπ’
698 3495 810 3533 αὐτὸν
829 3494 1056 3532 ὑπευθύνους
1079 3497 1128 3531 L²
1145 3497 1158 3541 ΙΙ
1173 3497 1250 3531 τῶν
1272 3496 1357 3540 λαμ-

281 3542 474 3588 προτάτων
495 3545 574 3578 τῶν
595 3546 626 3579 L
641 3544 654 3589 ΙΙ
673 3543 772 3591 παρὰ
789 3540 869 3577 τοὺς
894 3541 1162 3588 λαμπροτάτους
1184 3554 1216 3576 τ.
1242 3543 1269 3576 ἐ.
1299 3541 1357 3589 ἆρ-

280 3597 408 3628 χοντας
432 3589 625 3624 Haloander
650 3591 663 3634 ΙΙ
694 3591 732 3623 31
766 3586 934 3623 πλείονας
958 3588 1010 3620 B‘
1038 3587 1050 3632 ΙΙ
1079 3590 1122 3622 34
1151 3587 1187 3620 εἴ
1205 3600 1262 3622 τοι
1285 3601 1357 3622 τοι·

280 3627 388 3665 ottone
412 3633 443 3665 L
469 3632 483 3676 ΙΙ
506 3636 547 3668 35
574 3633 680 3675 δείξει
705 3635 736 3669 L
761 3630 896 3673 δόξειεν
919 3633 955 3666 Β
971 3632 984 3677 ΙΙ
1002 3635 1045 3667 40
1067 3630 1220 3666 ἐκδίκων
1239 3631 1356 3675 ἐκκλή-

280 3679 372 3718 τους]
396 3674 551 3711 ἐκδίκους
578 3680 625 3712 B⁶

326 3769 347 3803 4
371 3768 671 3811 quaerimoniarum
693 3771 821 3812 tempus
834 3769 865 3802 R
883 3769 895 3812 11
913 3771 932 3803 8
957 3769 1197 3802 iurisdictionis
1215 3769 1260 3802 7³¹
1279 3773 1355 3801 nfis-
