<?xml version="1.0" encoding="UTF-8"?>
<!DOCTYPE html PUBLIC "-//W3C//DTD XHTML 1.0 Transitional//EN"
    "http://www.w3.org/TR/xhtml1/DTD/xhtml1-transitional.dtd">
<html xmlns="http://www.w3.org/1999/xhtml" xml:lang="en" lang="en">
 <head>
  <title>
</title>
<meta http-equiv="Content-Type" content="text/html;charset=utf-8" />
  <meta name='ocr-system' content='tesseract 3.04.00' />
  <meta name='ocr-capabilities' content='ocr_page ocr_carea ocr_par ocr_line ocrx_word'/>
</head>
<body>
  <div class='ocr_page' id='page_1' title='image "./corpusiuriscivil03krueuoft_0635.png"; bbox 0 0 2586 3990; ppageno 0'>
   <div class='ocr_carea' id='block_1_1' title="bbox 132 99 614 135">
    <p class='ocr_par' dir='ltr' id='par_1_1' title="bbox 132 99 614 135">
     <span class='ocr_line' id='line_1_1' title="bbox 132 99 614 135; baseline -0.008 -1"><span class='ocrx_word' id='word_1_1' title='bbox 132 101 190 134; x_wconf 82' lang='grc' dir='ltr'>ΕΤ</span> <span class='ocrx_word' id='word_1_2' title='bbox 219 99 309 134; x_wconf 85' lang='grc' dir='ltr'>1)Εο</span> <span class='ocrx_word' id='word_1_3' title='bbox 339 99 614 135; x_wconf 70' lang='grc' dir='ltr'>ΑΜΑΒΠιΙΒΠΒ</span> 
     </span>
    </p>
   </div>
   <div class='ocr_carea' id='block_1_2' title="bbox 1043 144 1300 150">
    <p class='ocr_par' dir='ltr' id='par_1_2' title="bbox 1043 144 1300 150">
     <span class='ocr_line' id='line_1_2' title="bbox 1043 144 1300 150; baseline 0 0"><span class='ocrx_word' id='word_1_4' title='bbox 1043 144 1300 150; x_wconf 95' lang='lat' dir='ltr'> </span> 
     </span>
    </p>
   </div>
   <div class='ocr_carea' id='block_1_3' title="bbox 129 196 1218 570">
    <p class='ocr_par' dir='ltr' id='par_1_3' title="bbox 129 196 1218 570">
     <span class='ocr_line' id='line_1_3' title="bbox 131 196 1216 246; baseline -0.006 -8"><span class='ocrx_word' id='word_1_5' title='bbox 131 202 154 238; x_wconf 91' lang='grc'><strong>1</strong></span> <span class='ocrx_word' id='word_1_6' title='bbox 200 201 247 235; x_wconf 83' lang='grc' dir='ltr'>Εἰ</span> <span class='ocrx_word' id='word_1_7' title='bbox 270 198 311 235; x_wconf 73' lang='grc' dir='ltr'>δὲ</span> <span class='ocrx_word' id='word_1_8' title='bbox 333 197 353 235; x_wconf 83' lang='lat' dir='ltr'>o‘</span> <span class='ocrx_word' id='word_1_9' title='bbox 375 199 520 246; x_wconf 88' lang='grc' dir='ltr'><strong><em>μέλλων</em></strong></span> <span class='ocrx_word' id='word_1_10' title='bbox 548 198 839 246; x_wconf 75' lang='grc' dir='ltr'><strong><em>χειροτονεῖσθαι</em></strong></span> <span class='ocrx_word' id='word_1_11' title='bbox 870 196 1036 234; x_wconf 83' lang='grc' dir='ltr'><strong><em>διάκονος</em></strong></span> <span class='ocrx_word' id='word_1_12' title='bbox 1063 197 1114 243; x_wconf 90' lang='grc' dir='ltr'>μὴ</span> <span class='ocrx_word' id='word_1_13' title='bbox 1142 198 1216 240; x_wconf 76' lang='grc' dir='ltr'><strong><em>ἔχοι</em></strong></span> 
     </span>
     <span class='ocr_line' id='line_1_4' title="bbox 129 241 1214 293; baseline -0.003 -12"><span class='ocrx_word' id='word_1_14' title='bbox 129 249 282 293; x_wconf 86' lang='grc' dir='ltr'><strong><em>γυναῖκα</em></strong></span> <span class='ocrx_word' id='word_1_15' title='bbox 304 246 407 281; x_wconf 80' lang='grc' dir='ltr'><strong><em>καθὰ</em></strong></span> <span class='ocrx_word' id='word_1_16' title='bbox 424 242 597 291; x_wconf 77' lang='grc' dir='ltr'><em>ἀνωτέρω</em></span> <span class='ocrx_word' id='word_1_17' title='bbox 626 245 764 291; x_wconf 83' lang='grc' dir='ltr'><strong><em>εἴρηται</em></strong></span> <span class='ocrx_word' id='word_1_18' title='bbox 788 245 1005 287; x_wconf 70' lang='grc' dir='ltr'><strong><em>ζευχθεῖσαν</em></strong></span> <span class='ocrx_word' id='word_1_19' title='bbox 1022 241 1133 287; x_wconf 75' lang='grc' dir='ltr'><strong><em>αὐτῷ,</em></strong></span> <span class='ocrx_word' id='word_1_20' title='bbox 1164 241 1214 287; x_wconf 82' lang='grc' dir='ltr'>μὴ</span> 
     </span>
     <span class='ocr_line' id='line_1_5' title="bbox 131 287 1216 338; baseline -0.003 -13"><span class='ocrx_word' id='word_1_21' title='bbox 131 290 248 326; x_wconf 79' lang='grc' dir='ltr'><strong><em>ἄλλως</em></strong></span> <span class='ocrx_word' id='word_1_22' title='bbox 269 291 562 338; x_wconf 81' lang='grc' dir='ltr'><strong><em>χειροτονείσθω,</em></strong></span> <span class='ocrx_word' id='word_1_23' title='bbox 587 290 618 324; x_wconf 81' lang='grc' dir='ltr'>εἰ</span> <span class='ocrx_word' id='word_1_24' title='bbox 640 291 690 335; x_wconf 88' lang='grc' dir='ltr'>μὴ</span> <span class='ocrx_word' id='word_1_25' title='bbox 714 287 895 335; x_wconf 85' lang='grc' dir='ltr'><strong><em>πρότερον</em></strong></span> <span class='ocrx_word' id='word_1_26' title='bbox 916 287 990 325; x_wconf 83' lang='grc' dir='ltr'>ὑπὸ</span> <span class='ocrx_word' id='word_1_27' title='bbox 1014 289 1080 324; x_wconf 81' lang='grc' dir='ltr'>τοῦ</span> <span class='ocrx_word' id='word_1_28' title='bbox 1102 300 1216 334; x_wconf 86' lang='grc' dir='ltr'><strong><em>χειρο-</em></strong></span> 
     </span>
     <span class='ocr_line' id='line_1_6' title="bbox 130 327 1218 382; baseline -0.004 -11"><span class='ocrx_word' id='word_1_29' title='bbox 130 338 324 371; x_wconf 85' lang='grc' dir='ltr'><strong><em>τονοῦντος</em></strong></span> <span class='ocrx_word' id='word_1_30' title='bbox 359 327 473 371; x_wconf 55' lang='lat' dir='ltr'>adrev</span> <span class='ocrx_word' id='word_1_31' title='bbox 508 336 708 381; x_wconf 83' lang='grc' dir='ltr'><strong><em>ἐρωτηθεὶς</em></strong></span> <span class='ocrx_word' id='word_1_32' title='bbox 742 334 996 382; x_wconf 73' lang='grc' dir='ltr'>ἐπαγγείληται</span> <span class='ocrx_word' id='word_1_33' title='bbox 1031 332 1218 369; x_wconf 80' lang='grc' dir='ltr'><strong><em>δύνασθαι</em></strong></span> 
     </span>
     <span class='ocr_line' id='line_1_7' title="bbox 130 380 1217 426; baseline -0.002 -11"><span class='ocrx_word' id='word_1_34' title='bbox 130 380 222 426; x_wconf 79' lang='grc' dir='ltr'><strong><em>μετὰ</em></strong></span> <span class='ocrx_word' id='word_1_35' title='bbox 246 381 314 424; x_wconf 86' lang='grc' dir='ltr'>τὴν</span> <span class='ocrx_word' id='word_1_36' title='bbox 339 385 565 425; x_wconf 83' lang='grc' dir='ltr'><strong><em>χειροτονίαν</em></strong></span> <span class='ocrx_word' id='word_1_37' title='bbox 596 384 657 415; x_wconf 85' lang='grc' dir='ltr'>καὶ</span> <span class='ocrx_word' id='word_1_38' title='bbox 683 384 790 426; x_wconf 87' lang='grc' dir='ltr'><strong><em>χωρὶς</em></strong></span> <span class='ocrx_word' id='word_1_39' title='bbox 813 384 963 424; x_wconf 83' lang='grc' dir='ltr'><strong><em>νομίμης</em></strong></span> <span class='ocrx_word' id='word_1_40' title='bbox 984 380 1141 426; x_wconf 79' lang='grc' dir='ltr'><strong><em>γαμετῆς</em></strong></span> <span class='ocrx_word' id='word_1_41' title='bbox 1163 389 1217 413; x_wconf 82' lang='grc' dir='ltr'>σε·</span> 
     </span>
     <span class='ocr_line' id='line_1_8' title="bbox 130 423 1216 472; baseline -0.002 -12"><span class='ocrx_word' id='word_1_42' title='bbox 130 427 228 471; x_wconf 81' lang='grc' dir='ltr'><strong><em>μνῶς</em></strong></span> <span class='ocrx_word' id='word_1_43' title='bbox 249 428 368 470; x_wconf 79' lang='grc' dir='ltr'><strong><em>βιοῦν,</em></strong></span> <span class='ocrx_word' id='word_1_44' title='bbox 399 423 441 460; x_wconf 80' lang='grc' dir='ltr'><strong><em>οὗ</em></strong></span> <span class='ocrx_word' id='word_1_45' title='bbox 466 424 667 471; x_wconf 77' lang='grc' dir='ltr'><strong><em>δυναμένου</em></strong></span> <span class='ocrx_word' id='word_1_46' title='bbox 689 429 753 460; x_wconf 79' lang='grc' dir='ltr'>τοῦ</span> <span class='ocrx_word' id='word_1_47' title='bbox 776 426 1066 472; x_wconf 74' lang='grc' dir='ltr'><strong><em>χειροτονοῦντος</em></strong></span> <span class='ocrx_word' id='word_1_48' title='bbox 1093 426 1133 459; x_wconf 78' lang='grc' dir='ltr'><strong><em>ἐν</em></strong></span> <span class='ocrx_word' id='word_1_49' title='bbox 1163 424 1216 466; x_wconf 76' lang='grc' dir='ltr'>τῷ</span> 
     </span>
     <span class='ocr_line' id='line_1_9' title="bbox 131 467 1216 518; baseline -0.003 -13"><span class='ocrx_word' id='word_1_50' title='bbox 131 471 244 518; x_wconf 74' lang='grc' dir='ltr'><strong><em>καιρῷ</em></strong></span> <span class='ocrx_word' id='word_1_51' title='bbox 276 472 339 514; x_wconf 86' lang='grc' dir='ltr'>τῆς</span> <span class='ocrx_word' id='word_1_52' title='bbox 367 475 586 516; x_wconf 75' lang='grc' dir='ltr'><strong><em>χειροτονίας</em></strong></span> <span class='ocrx_word' id='word_1_53' title='bbox 617 473 825 517; x_wconf 79' lang='grc' dir='ltr'><strong><em>ἐπιτρέπειν</em></strong></span> <span class='ocrx_word' id='word_1_54' title='bbox 854 472 909 512; x_wconf 76' lang='grc' dir='ltr'>τῷ</span> <span class='ocrx_word' id='word_1_55' title='bbox 934 468 1094 513; x_wconf 88' lang='grc' dir='ltr'><strong><em>διακόνῳ</em></strong></span> <span class='ocrx_word' id='word_1_56' title='bbox 1124 467 1216 514; x_wconf 77' lang='grc' dir='ltr'><strong><em>μετὰ</em></strong></span> 
     </span>
     <span class='ocr_line' id='line_1_10' title="bbox 130 513 1216 570; baseline -0.001 -21"><span class='ocrx_word' id='word_1_57' title='bbox 130 516 197 558; x_wconf 78' lang='grc' dir='ltr'>τὴν</span> <span class='ocrx_word' id='word_1_58' title='bbox 218 520 443 570; x_wconf 69' lang='grc' dir='ltr'><strong><em>χειροτονίαν</em></strong></span> <span class='ocrx_word' id='word_1_59' title='bbox 465 517 627 563; x_wconf 80' lang='grc' dir='ltr'><strong><em>γαμετὴν</em></strong></span> <span class='ocrx_word' id='word_1_60' title='bbox 653 516 856 561; x_wconf 78' lang='grc' dir='ltr'><strong><em>λαμβάνειν</em></strong></span> <span class='ocrx_word' id='word_1_61' title='bbox 913 516 945 549; x_wconf 79' lang='grc' dir='ltr'>εἰ</span> <span class='ocrx_word' id='word_1_62' title='bbox 968 513 1008 549; x_wconf 79' lang='grc' dir='ltr'>δὲ</span> <span class='ocrx_word' id='word_1_63' title='bbox 1030 515 1138 549; x_wconf 79' lang='grc' dir='ltr'><strong><em>τοῦτο</em></strong></span> <span class='ocrx_word' id='word_1_64' title='bbox 1161 517 1216 561; x_wconf 89' lang='grc' dir='ltr'>γέ-</span> 
     </span>
    </p>
   </div>
   <div class='ocr_carea' id='block_1_4' title="bbox 1211 82 1294 131">
    <p class='ocr_par' dir='ltr' id='par_1_4' title="bbox 1211 82 1294 131">
     <span class='ocr_line' id='line_1_11' title="bbox 1211 82 1294 131; baseline -0.012 0"><span class='ocrx_word' id='word_1_65' title='bbox 1211 82 1294 131; x_wconf 86' lang='grc'>605</span> 
     </span>
    </p>
   </div>
   <div class='ocr_carea' id='block_1_5' title="bbox 1880 75 2371 130">
    <p class='ocr_par' dir='ltr' id='par_1_5' title="bbox 1880 75 2371 130">
     <span class='ocr_line' id='line_1_12' title="bbox 1880 75 2371 130; baseline -0.008 0"><span class='ocrx_word' id='word_1_66' title='bbox 1880 75 2189 130; x_wconf 77' lang='lat' dir='ltr'>Nov.cXX111</span> <span class='ocrx_word' id='word_1_67' title='bbox 2222 88 2286 128; x_wconf 87' lang='lat'>14.</span> <span class='ocrx_word' id='word_1_68' title='bbox 2321 86 2371 127; x_wconf 86' lang='lat'>15</span> 
     </span>
    </p>
   </div>
   <div class='ocr_carea' id='block_1_6' title="bbox 1302 144 1455 149">
    <p class='ocr_par' dir='ltr' id='par_1_6' title="bbox 1302 144 1455 149">
     <span class='ocr_line' id='line_1_13' title="bbox 1302 144 1455 149; baseline 0 0"><span class='ocrx_word' id='word_1_69' title='bbox 1302 144 1455 149; x_wconf 95' lang='lat' dir='ltr'> </span> 
     </span>
    </p>
   </div>
   <div class='ocr_carea' id='block_1_7' title="bbox 1286 195 2374 378">
    <p class='ocr_par' dir='ltr' id='par_1_7' title="bbox 1286 195 2374 378">
     <span class='ocr_line' id='line_1_14' title="bbox 1286 195 2373 234; baseline -0.003 -1"><span class='ocrx_word' id='word_1_70' title='bbox 1286 199 1307 233; x_wconf 92' lang='lat'><strong>1</strong></span> <span class='ocrx_word' id='word_1_71' title='bbox 1356 196 1395 232; x_wconf 91' lang='lat' dir='ltr'>Si</span> <span class='ocrx_word' id='word_1_72' title='bbox 1426 206 1509 234; x_wconf 89' lang='lat' dir='ltr'>vero</span> <span class='ocrx_word' id='word_1_73' title='bbox 1539 196 1684 234; x_wconf 85' lang='lat' dir='ltr'>futurus</span> <span class='ocrx_word' id='word_1_74' title='bbox 1717 197 1873 233; x_wconf 88' lang='lat' dir='ltr'>ordinari</span> <span class='ocrx_word' id='word_1_75' title='bbox 1906 197 2079 232; x_wconf 85' lang='lat' dir='ltr'>diaconus</span> <span class='ocrx_word' id='word_1_76' title='bbox 2110 207 2185 233; x_wconf 88' lang='lat' dir='ltr'>non</span> <span class='ocrx_word' id='word_1_77' title='bbox 2207 195 2373 232; x_wconf 88' lang='lat' dir='ltr'>habuerit</span> 
     </span>
     <span class='ocr_line' id='line_1_15' title="bbox 1286 240 2371 287; baseline 0 -10"><span class='ocrx_word' id='word_1_78' title='bbox 1286 252 1433 278; x_wconf 84' lang='lat' dir='ltr'>uxorem</span> <span class='ocrx_word' id='word_1_79' title='bbox 1473 243 1567 279; x_wconf 86' lang='lat' dir='ltr'>sicut</span> <span class='ocrx_word' id='word_1_80' title='bbox 1610 242 1775 287; x_wconf 86' lang='lat' dir='ltr'>superius</span> <span class='ocrx_word' id='word_1_81' title='bbox 1818 242 1952 278; x_wconf 88' lang='lat' dir='ltr'>dictum</span> <span class='ocrx_word' id='word_1_82' title='bbox 1992 246 2049 278; x_wconf 90' lang='lat' dir='ltr'>est</span> <span class='ocrx_word' id='word_1_83' title='bbox 2087 242 2248 278; x_wconf 85' lang='lat' dir='ltr'>iunctam</span> <span class='ocrx_word' id='word_1_84' title='bbox 2290 240 2371 282; x_wconf 89' lang='lat' dir='ltr'>sibi,</span> 
     </span>
     <span class='ocr_line' id='line_1_16' title="bbox 1288 287 2371 332; baseline 0 -10"><span class='ocrx_word' id='word_1_85' title='bbox 1288 298 1361 323; x_wconf 90' lang='lat' dir='ltr'>non</span> <span class='ocrx_word' id='word_1_86' title='bbox 1397 288 1502 323; x_wconf 87' lang='lat' dir='ltr'>aliter</span> <span class='ocrx_word' id='word_1_87' title='bbox 1538 287 1721 325; x_wconf 83' lang='lat' dir='ltr'>ordinetur</span> <span class='ocrx_word' id='word_1_88' title='bbox 1755 287 1824 322; x_wconf 89' lang='lat' dir='ltr'>nisi</span> <span class='ocrx_word' id='word_1_89' title='bbox 1854 288 1953 332; x_wconf 89' lang='lat' dir='ltr'>prius</span> <span class='ocrx_word' id='word_1_90' title='bbox 1988 288 2034 323; x_wconf 87' lang='lat' dir='ltr'>ab</span> <span class='ocrx_word' id='word_1_91' title='bbox 2068 288 2256 323; x_wconf 79' lang='lat' dir='ltr'>ordinante</span> <span class='ocrx_word' id='word_1_92' title='bbox 2291 296 2371 322; x_wconf 89' lang='lat' dir='ltr'>eum</span> 
     </span>
     <span class='ocr_line' id='line_1_17' title="bbox 1287 332 2374 378; baseline 0 -11"><span class='ocrx_word' id='word_1_93' title='bbox 1287 332 1528 377; x_wconf 87' lang='lat' dir='ltr'>interrogatus</span> <span class='ocrx_word' id='word_1_94' title='bbox 1559 332 1762 378; x_wconf 80' lang='lat' dir='ltr'>promiserit</span> <span class='ocrx_word' id='word_1_95' title='bbox 1791 343 1899 377; x_wconf 85' lang='lat' dir='ltr'>posse</span> <span class='ocrx_word' id='word_1_96' title='bbox 1929 335 2014 377; x_wconf 87' lang='lat' dir='ltr'>post</span> <span class='ocrx_word' id='word_1_97' title='bbox 2044 332 2305 368; x_wconf 81' lang='lat' dir='ltr'><strong>ordinationem</strong></span> <span class='ocrx_word' id='word_1_98' title='bbox 2337 334 2374 367; x_wconf 89' lang='lat' dir='ltr'>et</span> 
     </span>
    </p>
   </div>
   <div class='ocr_carea' id='block_1_8' title="bbox 1255 377 2371 422">
    <p class='ocr_par' dir='ltr' id='par_1_8' title="bbox 1255 377 2371 422">
     <span class='ocr_line' id='line_1_18' title="bbox 1255 377 2371 422; baseline -0.001 -9"><span class='ocrx_word' id='word_1_99' title='bbox 1255 381 1274 413; x_wconf 86' lang='lat'>5</span> <span class='ocrx_word' id='word_1_100' title='bbox 1288 377 1364 414; x_wconf 89' lang='lat' dir='ltr'>sine</span> <span class='ocrx_word' id='word_1_101' title='bbox 1395 378 1553 422; x_wconf 84' lang='lat' dir='ltr'>legitima</span> <span class='ocrx_word' id='word_1_102' title='bbox 1584 388 1696 414; x_wconf 86' lang='lat' dir='ltr'>uxore</span> <span class='ocrx_word' id='word_1_103' title='bbox 1726 378 1876 413; x_wconf 87' lang='lat' dir='ltr'><strong>honeste</strong></span> <span class='ocrx_word' id='word_1_104' title='bbox 1904 378 2036 419; x_wconf 89' lang='lat' dir='ltr'>vivere,</span> <span class='ocrx_word' id='word_1_105' title='bbox 2068 388 2142 413; x_wconf 90' lang='lat' dir='ltr'>non</span> <span class='ocrx_word' id='word_1_106' title='bbox 2165 378 2305 413; x_wconf 88' lang='lat' dir='ltr'>valente</span> <span class='ocrx_word' id='word_1_107' title='bbox 2328 386 2371 412; x_wconf 89' lang='lat' dir='ltr'>eo</span> 
     </span>
    </p>
   </div>
   <div class='ocr_carea' id='block_1_9' title="bbox 1286 421 2371 559">
    <p class='ocr_par' dir='ltr' id='par_1_9' title="bbox 1286 421 2371 559">
     <span class='ocr_line' id='line_1_19' title="bbox 1287 421 2370 468; baseline -0.002 -10"><span class='ocrx_word' id='word_1_108' title='bbox 1287 423 1349 468; x_wconf 90' lang='lat' dir='ltr'>qui</span> <span class='ocrx_word' id='word_1_109' title='bbox 1372 423 1517 459; x_wconf 87' lang='lat' dir='ltr'>ordinat</span> <span class='ocrx_word' id='word_1_110' title='bbox 1547 424 1585 459; x_wconf 91' lang='lat' dir='ltr'>in</span> <span class='ocrx_word' id='word_1_111' title='bbox 1608 426 1769 468; x_wconf 88' lang='lat' dir='ltr'>tempore</span> <span class='ocrx_word' id='word_1_112' title='bbox 1800 423 2033 458; x_wconf 81' lang='lat' dir='ltr'>ordinationis</span> <span class='ocrx_word' id='word_1_113' title='bbox 2065 422 2271 467; x_wconf 79' lang='lat' dir='ltr'>permittere</span> <span class='ocrx_word' id='word_1_114' title='bbox 2294 421 2370 457; x_wconf 87' lang='lat' dir='ltr'>dia·</span> 
     </span>
     <span class='ocr_line' id='line_1_20' title="bbox 1289 467 2370 513; baseline -0.003 -9"><span class='ocrx_word' id='word_1_115' title='bbox 1289 479 1417 504; x_wconf 88' lang='lat' dir='ltr'>conum</span> <span class='ocrx_word' id='word_1_116' title='bbox 1448 472 1512 504; x_wconf 90' lang='lat' dir='ltr'>aut</span> <span class='ocrx_word' id='word_1_117' title='bbox 1542 468 1802 504; x_wconf 80' lang='lat' dir='ltr'>subdiaconum</span> <span class='ocrx_word' id='word_1_118' title='bbox 1831 471 1915 513; x_wconf 89' lang='lat' dir='ltr'>post</span> <span class='ocrx_word' id='word_1_119' title='bbox 1938 467 2195 503; x_wconf 82' lang='lat' dir='ltr'>ordinationem</span> <span class='ocrx_word' id='word_1_120' title='bbox 2224 476 2370 503; x_wconf 90' lang='lat' dir='ltr'>uxorem</span> 
     </span>
     <span class='ocr_line' id='line_1_21' title="bbox 1286 512 2371 559; baseline -0.001 -11"><span class='ocrx_word' id='word_1_121' title='bbox 1286 514 1459 559; x_wconf 87' lang='lat' dir='ltr'>accipere.</span> <span class='ocrx_word' id='word_1_122' title='bbox 1506 514 1543 549; x_wconf 90' lang='lat' dir='ltr'>Is</span> <span class='ocrx_word' id='word_1_123' title='bbox 1567 517 1687 549; x_wconf 90' lang='lat' dir='ltr'>autem</span> <span class='ocrx_word' id='word_1_124' title='bbox 1717 513 1777 558; x_wconf 92' lang='lat' dir='ltr'>qui</span> <span class='ocrx_word' id='word_1_125' title='bbox 1800 513 1975 557; x_wconf 88' lang='lat' dir='ltr'>permittit</span> <span class='ocrx_word' id='word_1_126' title='bbox 1999 513 2189 557; x_wconf 87' lang='lat' dir='ltr'>episcopus</span> <span class='ocrx_word' id='word_1_127' title='bbox 2214 512 2371 557; x_wconf 85' lang='lat' dir='ltr'>expella-</span> 
     </span>
    </p>
   </div>
   <div class='ocr_carea' id='block_1_10' title="bbox 129 557 2372 663">
    <p class='ocr_par' dir='ltr' id='par_1_10' title="bbox 129 557 2372 663">
     <span class='ocr_line' id='line_1_22' title="bbox 130 557 2371 612; baseline -0.001 -18"><span class='ocrx_word' id='word_1_128' title='bbox 130 573 257 604; x_wconf 68' lang='lat' dir='ltr'>wycou,</span> <span class='ocrx_word' id='word_1_129' title='bbox 286 574 306 595; x_wconf 87' lang='grc' dir='ltr'><strong><em>ο</em></strong></span> <span class='ocrx_word' id='word_1_130' title='bbox 333 563 529 608; x_wconf 78' lang='grc' dir='ltr'><strong><em>ἐπιτρέψας</em></strong></span> <span class='ocrx_word' id='word_1_131' title='bbox 559 564 754 597; x_wconf 78' lang='grc' dir='ltr'><strong><em>ἐπίσκοπος</em></strong></span> <span class='ocrx_word' id='word_1_132' title='bbox 782 562 844 605; x_wconf 79' lang='grc' dir='ltr'>τῆς</span> <span class='ocrx_word' id='word_1_133' title='bbox 869 561 1066 602; x_wconf 80' lang='grc' dir='ltr'><strong><em>ἐπισκοπῆς</em></strong></span> <span class='ocrx_word' id='word_1_134' title='bbox 1090 557 1230 612; x_wconf 39' lang='lat' dir='ltr'>inflat}</span> <span class='ocrx_word' id='word_1_135' title='bbox 1286 562 1344 594; x_wconf 88' lang='lat' dir='ltr'>tur</span> <span class='ocrx_word' id='word_1_136' title='bbox 1367 559 1413 594; x_wconf 92' lang='lat' dir='ltr'>ab</span> <span class='ocrx_word' id='word_1_137' title='bbox 1438 559 1658 604; x_wconf 88' lang='lat' dir='ltr'>episcopatu.</span> <span class='ocrx_word' id='word_1_138' title='bbox 1707 558 1747 593; x_wconf 88' lang='lat' dir='ltr'>Si</span> <span class='ocrx_word' id='word_1_139' title='bbox 1769 568 1851 594; x_wconf 88' lang='lat' dir='ltr'>vero</span> <span class='ocrx_word' id='word_1_140' title='bbox 1875 561 1959 611; x_wconf 83' lang='lat' dir='ltr'>post</span> <span class='ocrx_word' id='word_1_141' title='bbox 1990 557 2248 593; x_wconf 82' lang='lat' dir='ltr'>ordinationem</span> <span class='ocrx_word' id='word_1_142' title='bbox 2272 567 2371 609; x_wconf 72' lang='lat' dir='ltr'>pres-</span> 
     </span>
     <span class='ocr_line' id='line_1_23' title="bbox 129 602 2372 663; baseline -0.001 -24"><span class='ocrx_word' id='word_1_143' title='bbox 129 604 265 640; x_wconf 80' lang='grc' dir='ltr'><strong><em>λε’σθω.</em></strong></span> <span class='ocrx_word' id='word_1_144' title='bbox 313 607 344 641; x_wconf 78' lang='grc' dir='ltr'>εἰ</span> <span class='ocrx_word' id='word_1_145' title='bbox 375 605 415 641; x_wconf 77' lang='grc' dir='ltr'>δὲ</span> <span class='ocrx_word' id='word_1_146' title='bbox 442 607 535 651; x_wconf 80' lang='grc' dir='ltr'><strong><em>μετὰ</em></strong></span> <span class='ocrx_word' id='word_1_147' title='bbox 567 607 635 651; x_wconf 77' lang='grc' dir='ltr'>τὴν</span> <span class='ocrx_word' id='word_1_148' title='bbox 653 610 890 663; x_wconf 39' lang='grc' dir='ltr'><strong><em>,χειροτονίαν</em></strong></span> <span class='ocrx_word' id='word_1_149' title='bbox 921 605 1162 659; x_wconf 63' lang='grc' dir='ltr'><strong><em>πρεσβύτερος</em></strong></span> <span class='ocrx_word' id='word_1_150' title='bbox 1193 618 1215 647; x_wconf 92' lang='grc' dir='ltr'><strong><em>η</em></strong></span> <span class='ocrx_word' id='word_1_151' title='bbox 1232 606 1272 638; x_wconf 88' lang='grc'>10</span> <span class='ocrx_word' id='word_1_152' title='bbox 1286 604 1390 649; x_wconf 85' lang='lat' dir='ltr'>byter</span> <span class='ocrx_word' id='word_1_153' title='bbox 1414 610 1479 639; x_wconf 90' lang='lat' dir='ltr'>aut</span> <span class='ocrx_word' id='word_1_154' title='bbox 1503 604 1675 640; x_wconf 90' lang='lat' dir='ltr'>diaconus</span> <span class='ocrx_word' id='word_1_155' title='bbox 1699 606 1762 638; x_wconf 92' lang='lat' dir='ltr'>aut</span> <span class='ocrx_word' id='word_1_156' title='bbox 1785 603 2027 638; x_wconf 75' lang='lat' dir='ltr'>subdiaconus</span> <span class='ocrx_word' id='word_1_157' title='bbox 2051 612 2196 638; x_wconf 86' lang='lat' dir='ltr'>uxorem</span> <span class='ocrx_word' id='word_1_158' title='bbox 2221 602 2372 644; x_wconf 81' lang='lat' dir='ltr'>duxerit,</span> 
     </span>
    </p>
   </div>
   <div class='ocr_carea' id='block_1_11' title="bbox 129 648 1216 796">
    <p class='ocr_par' dir='ltr' id='par_1_11' title="bbox 129 648 1216 796">
     <span class='ocr_line' id='line_1_24' title="bbox 131 648 1216 699; baseline -0.002 -14"><span class='ocrx_word' id='word_1_159' title='bbox 131 649 296 686; x_wconf 85' lang='grc' dir='ltr'><strong><em>διάκονος</em></strong></span> <span class='ocrx_word' id='word_1_160' title='bbox 327 649 350 695; x_wconf 84' lang='grc' dir='ltr'><em>ἢ</em></span> <span class='ocrx_word' id='word_1_161' title='bbox 380 648 618 687; x_wconf 78' lang='grc' dir='ltr'><strong><em>ὑποδιάκονος</em></strong></span> <span class='ocrx_word' id='word_1_162' title='bbox 642 666 711 699; x_wconf 87' lang='grc' dir='ltr'>αγα</span> <span class='ocrx_word' id='word_1_163' title='bbox 736 665 820 694; x_wconf 90' lang='grc' dir='ltr'><strong><em>ηται</em></strong></span> <span class='ocrx_word' id='word_1_164' title='bbox 846 662 1017 697; x_wconf 85' lang='grc' dir='ltr'><strong><em>γαμετην,</em></strong></span> <span class='ocrx_word' id='word_1_165' title='bbox 1050 648 1216 694; x_wconf 75' lang='grc' dir='ltr'><strong><em>ἐκβαλλέ-</em></strong></span> 
     </span>
     <span class='ocr_line' id='line_1_25' title="bbox 130 693 1216 753; baseline -0.002 -23"><span class='ocrx_word' id='word_1_166' title='bbox 130 697 218 730; x_wconf 88' lang='grc' dir='ltr'>σθω</span> <span class='ocrx_word' id='word_1_167' title='bbox 241 697 306 753; x_wconf 57' lang='grc' dir='ltr'>τρῦ</span> <span class='ocrx_word' id='word_1_168' title='bbox 331 695 460 741; x_wconf 81' lang='grc' dir='ltr'><strong><em>κλήρου</em></strong></span> <span class='ocrx_word' id='word_1_169' title='bbox 485 701 544 731; x_wconf 83' lang='grc' dir='ltr'>καὶ</span> <span class='ocrx_word' id='word_1_170' title='bbox 567 699 612 744; x_wconf 83' lang='grc' dir='ltr'>τῇ</span> <span class='ocrx_word' id='word_1_171' title='bbox 636 701 703 742; x_wconf 93' lang='grc' dir='ltr'>βου</span> <span class='ocrx_word' id='word_1_172' title='bbox 726 699 747 744; x_wconf 82' lang='grc' dir='ltr'><em>ᾗ</em></span> <span class='ocrx_word' id='word_1_173' title='bbox 771 695 834 739; x_wconf 84' lang='grc' dir='ltr'>τῆς</span> <span class='ocrx_word' id='word_1_174' title='bbox 858 694 1009 739; x_wconf 80' lang='grc' dir='ltr'><strong><em>πόλεως,</em></strong></span> <span class='ocrx_word' id='word_1_175' title='bbox 1033 697 1072 728; x_wconf 82' lang='grc' dir='ltr'><strong><em>ἐν</em></strong></span> <span class='ocrx_word' id='word_1_176' title='bbox 1097 695 1116 741; x_wconf 86' lang='grc' dir='ltr'><em>ᾑ</em></span> <span class='ocrx_word' id='word_1_177' title='bbox 1135 693 1216 738; x_wconf 88' lang='grc' dir='ltr'><strong><em>κλη-</em></strong></span> 
     </span>
     <span class='ocr_line' id='line_1_26' title="bbox 129 738 1215 796; baseline -0.001 -22"><span class='ocrx_word' id='word_1_178' title='bbox 129 741 227 785; x_wconf 83' lang='grc' dir='ltr'><strong><em>ρικὸς</em></strong></span> <span class='ocrx_word' id='word_1_179' title='bbox 273 755 306 783; x_wconf 87' lang='grc' dir='ltr'>ν,</span> <span class='ocrx_word' id='word_1_180' title='bbox 337 744 428 784; x_wconf 83' lang='grc' dir='ltr'><strong><em>μετὰ</em></strong></span> <span class='ocrx_word' id='word_1_181' title='bbox 452 744 530 777; x_wconf 81' lang='grc' dir='ltr'>τῶν</span> <span class='ocrx_word' id='word_1_182' title='bbox 550 741 656 777; x_wconf 81' lang='grc' dir='ltr'><strong><em>ἰδίων</em></strong></span> <span class='ocrx_word' id='word_1_183' title='bbox 680 739 910 789; x_wconf 79' lang='grc' dir='ltr'><strong><em>πραγμάτων</em></strong></span> <span class='ocrx_word' id='word_1_184' title='bbox 933 738 1215 796; x_wconf 67' lang='grc' dir='ltr'><strong><em>παραδιδόσθω.</em></strong></span> 
     </span>
    </p>
   </div>
   <div class='ocr_carea' id='block_1_12' title="bbox 128 781 1216 843">
    <p class='ocr_par' dir='ltr' id='par_1_12' title="bbox 128 781 1216 843">
     <span class='ocr_line' id='line_1_27' title="bbox 128 781 1216 843; baseline -0.002 -23"><span class='ocrx_word' id='word_1_185' title='bbox 128 787 153 821; x_wconf 81' lang='grc'>2</span> <span class='ocrx_word' id='word_1_186' title='bbox 200 787 231 820; x_wconf 87' lang='grc' dir='ltr'>εἰ</span> <span class='ocrx_word' id='word_1_187' title='bbox 275 788 292 820; x_wconf 75' lang='grc' dir='ltr'><em>ἑ</em></span> <span class='ocrx_word' id='word_1_188' title='bbox 313 784 547 843; x_wconf 62' lang='grc' dir='ltr'><strong><em>ἇναγνοὶστης</em></strong></span> <span class='ocrx_word' id='word_1_189' title='bbox 578 786 747 832; x_wconf 79' lang='grc' dir='ltr'><strong><em>δευτέραν</em></strong></span> <span class='ocrx_word' id='word_1_190' title='bbox 777 787 939 833; x_wconf 86' lang='grc' dir='ltr'><strong><em>γαμετὴν</em></strong></span> <span class='ocrx_word' id='word_1_191' title='bbox 963 798 1161 839; x_wconf 62' lang='grc' dir='ltr'><strong><em>αγαγηται,</em></strong></span> <span class='ocrx_word' id='word_1_192' title='bbox 1193 781 1216 827; x_wconf 83' lang='grc' dir='ltr'><em>ἢ</em></span> 
     </span>
    </p>
   </div>
   <div class='ocr_carea' id='block_1_13' title="bbox 1286 647 2374 739">
    <p class='ocr_par' dir='ltr' id='par_1_13' title="bbox 1286 647 2374 739">
     <span class='ocr_line' id='line_1_28' title="bbox 1286 647 2374 694; baseline -0.002 -10"><span class='ocrx_word' id='word_1_193' title='bbox 1286 650 1486 694; x_wconf 83' lang='lat' dir='ltr'>expellatur</span> <span class='ocrx_word' id='word_1_194' title='bbox 1515 659 1540 686; x_wconf 88' lang='lat' dir='ltr'>a</span> <span class='ocrx_word' id='word_1_195' title='bbox 1571 649 1668 685; x_wconf 89' lang='lat' dir='ltr'>clero</span> <span class='ocrx_word' id='word_1_196' title='bbox 1700 650 1736 684; x_wconf 91' lang='lat' dir='ltr'>et</span> <span class='ocrx_word' id='word_1_197' title='bbox 1769 648 1889 684; x_wconf 89' lang='lat' dir='ltr'>curiae</span> <span class='ocrx_word' id='word_1_198' title='bbox 1922 648 2072 684; x_wconf 84' lang='lat' dir='ltr'>civitatis</span> <span class='ocrx_word' id='word_1_199' title='bbox 2102 647 2199 684; x_wconf 90' lang='lat' dir='ltr'>illius</span> <span class='ocrx_word' id='word_1_200' title='bbox 2233 647 2272 682; x_wconf 91' lang='lat' dir='ltr'>in</span> <span class='ocrx_word' id='word_1_201' title='bbox 2302 656 2374 692; x_wconf 87' lang='lat' dir='ltr'>qua</span> 
     </span>
     <span class='ocr_line' id='line_1_29' title="bbox 1287 692 2155 739; baseline -0.002 -10"><span class='ocrx_word' id='word_1_202' title='bbox 1287 695 1439 731; x_wconf 87' lang='lat' dir='ltr'>clericus</span> <span class='ocrx_word' id='word_1_203' title='bbox 1463 698 1541 730; x_wconf 88' lang='lat' dir='ltr'>erat</span> <span class='ocrx_word' id='word_1_204' title='bbox 1564 704 1645 730; x_wconf 92' lang='lat' dir='ltr'>cum</span> <span class='ocrx_word' id='word_1_205' title='bbox 1669 694 1823 739; x_wconf 89' lang='lat' dir='ltr'>propriis</span> <span class='ocrx_word' id='word_1_206' title='bbox 1848 693 1956 729; x_wconf 87' lang='lat' dir='ltr'>rebus</span> <span class='ocrx_word' id='word_1_207' title='bbox 1979 692 2155 728; x_wconf 86' lang='lat' dir='ltr'>tradatur.</span> 
     </span>
    </p>
   </div>
   <div class='ocr_carea' id='block_1_14' title="bbox 1287 783 2371 827">
    <p class='ocr_par' dir='ltr' id='par_1_14' title="bbox 1287 783 2371 827">
     <span class='ocr_line' id='line_1_30' title="bbox 1287 783 2371 827; baseline -0.003 -7"><span class='ocrx_word' id='word_1_208' title='bbox 1287 785 1311 820; x_wconf 75' lang='lat'><strong>2</strong></span> <span class='ocrx_word' id='word_1_209' title='bbox 1357 784 1395 820; x_wconf 92' lang='lat' dir='ltr'>Si</span> <span class='ocrx_word' id='word_1_210' title='bbox 1418 794 1500 821; x_wconf 87' lang='lat' dir='ltr'>vero</span> <span class='ocrx_word' id='word_1_211' title='bbox 1523 784 1638 820; x_wconf 89' lang='lat' dir='ltr'>lector</span> <span class='ocrx_word' id='word_1_212' title='bbox 1660 783 1856 820; x_wconf 88' lang='lat' dir='ltr'>secundam</span> <span class='ocrx_word' id='word_1_213' title='bbox 1887 784 1996 820; x_wconf 90' lang='lat' dir='ltr'>ducat</span> <span class='ocrx_word' id='word_1_214' title='bbox 2019 793 2182 826; x_wconf 89' lang='lat' dir='ltr'>uxorem,</span> <span class='ocrx_word' id='word_1_215' title='bbox 2211 785 2277 818; x_wconf 89' lang='lat' dir='ltr'>aut</span> <span class='ocrx_word' id='word_1_216' title='bbox 2298 783 2371 827; x_wconf 86' lang='lat' dir='ltr'>pri-</span> 
     </span>
    </p>
   </div>
   <div class='ocr_carea' id='block_1_15' title="bbox 130 828 2374 889">
    <p class='ocr_par' dir='ltr' id='par_1_15' title="bbox 130 828 2374 889">
     <span class='ocr_line' id='line_1_31' title="bbox 130 828 2374 889; baseline -0.001 -23"><span class='ocrx_word' id='word_1_217' title='bbox 130 830 282 886; x_wconf 77' lang='grc' dir='ltr'><strong><em>πρώτην</em></strong></span> <span class='ocrx_word' id='word_1_218' title='bbox 290 834 373 888; x_wconf 59' lang='grc' dir='ltr'>Ἃμὲν</span> <span class='ocrx_word' id='word_1_219' title='bbox 396 845 510 889; x_wconf 73' lang='grc' dir='ltr'><strong><em>χηραν</em></strong></span> <span class='ocrx_word' id='word_1_220' title='bbox 535 831 575 867; x_wconf 80' lang='grc' dir='ltr'>δὲ</span> <span class='ocrx_word' id='word_1_221' title='bbox 598 831 631 876; x_wconf 68' lang='grc' dir='ltr'><em>ἢ</em></span> <span class='ocrx_word' id='word_1_222' title='bbox 644 830 921 887; x_wconf 56' lang='grc' dir='ltr'><strong><em>ὃιαζευχθεῖσαν</em></strong></span> <span class='ocrx_word' id='word_1_223' title='bbox 944 828 1076 875; x_wconf 80' lang='grc' dir='ltr'><strong><em>ἀνδρὸς</em></strong></span> <span class='ocrx_word' id='word_1_224' title='bbox 1101 844 1122 873; x_wconf 82' lang='grc' dir='ltr'><strong><em>η</em></strong></span> <span class='ocrx_word' id='word_1_225' title='bbox 1145 833 1217 864; x_wconf 78' lang='grc' dir='ltr'><strong><em>τοῖς</em></strong></span> <span class='ocrx_word' id='word_1_226' title='bbox 1234 832 1272 865; x_wconf 88' lang='grc'>15</span> <span class='ocrx_word' id='word_1_227' title='bbox 1287 840 1380 865; x_wconf 88' lang='lat' dir='ltr'>mam</span> <span class='ocrx_word' id='word_1_228' title='bbox 1405 830 1547 875; x_wconf 89' lang='lat' dir='ltr'>quidem</span> <span class='ocrx_word' id='word_1_229' title='bbox 1571 830 1711 865; x_wconf 86' lang='lat' dir='ltr'>viduam</span> <span class='ocrx_word' id='word_1_230' title='bbox 1731 828 1886 876; x_wconf 84' lang='lat' dir='ltr'>(autem)</span> <span class='ocrx_word' id='word_1_231' title='bbox 1905 831 1970 864; x_wconf 89' lang='lat' dir='ltr'>aut</span> <span class='ocrx_word' id='word_1_232' title='bbox 1988 832 2192 873; x_wconf 79' lang='lat' dir='ltr'>separatam</span> <span class='ocrx_word' id='word_1_233' title='bbox 2214 828 2290 864; x_wconf 86' lang='lat' dir='ltr'>viro</span> <span class='ocrx_word' id='word_1_234' title='bbox 2310 829 2374 863; x_wconf 88' lang='lat' dir='ltr'>aut</span> 
     </span>
    </p>
   </div>
   <div class='ocr_carea' id='block_1_16' title="bbox 128 878 1219 1059">
    <p class='ocr_par' dir='ltr' id='par_1_16' title="bbox 128 878 1219 1059">
     <span class='ocr_line' id='line_1_32' title="bbox 130 878 1216 924; baseline -0.002 -14"><span class='ocrx_word' id='word_1_235' title='bbox 130 888 254 921; x_wconf 88' lang='grc' dir='ltr'><strong><em>νομοις</em></strong></span> <span class='ocrx_word' id='word_1_236' title='bbox 282 891 304 921; x_wconf 94' lang='grc' dir='ltr'><strong><em>η</em></strong></span> <span class='ocrx_word' id='word_1_237' title='bbox 337 881 410 912; x_wconf 86' lang='grc' dir='ltr'><strong><em>τοῖς</em></strong></span> <span class='ocrx_word' id='word_1_238' title='bbox 440 882 544 924; x_wconf 85' lang='grc' dir='ltr'><strong><em>ιεροῖς</em></strong></span> <span class='ocrx_word' id='word_1_239' title='bbox 575 879 726 912; x_wconf 85' lang='grc' dir='ltr'><strong><em>κανόσιν</em></strong></span> <span class='ocrx_word' id='word_1_240' title='bbox 757 879 1059 924; x_wconf 82' lang='grc' dir='ltr'><strong><em>απηγορευμένην,</em></strong></span> <span class='ocrx_word' id='word_1_241' title='bbox 1089 878 1216 920; x_wconf 78' lang='grc' dir='ltr'><strong><em>μηκέτι</em></strong></span> 
     </span>
     <span class='ocr_line' id='line_1_33' title="bbox 130 918 1219 967; baseline -0.002 -12"><span class='ocrx_word' id='word_1_242' title='bbox 130 923 177 956; x_wconf 85' lang='grc' dir='ltr'>εἰς</span> <span class='ocrx_word' id='word_1_243' title='bbox 201 920 313 956; x_wconf 73' lang='grc' dir='ltr'><strong><em>ἄλλον</em></strong></span> <span class='ocrx_word' id='word_1_244' title='bbox 337 922 636 967; x_wconf 82' lang='grc' dir='ltr'><strong><em>ἐκκλησιαστικὸν</em></strong></span> <span class='ocrx_word' id='word_1_245' title='bbox 659 922 814 967; x_wconf 89' lang='grc' dir='ltr'><strong><em>βαθμὸν</em></strong></span> <span class='ocrx_word' id='word_1_246' title='bbox 839 925 1088 967; x_wconf 85' lang='grc' dir='ltr'><strong><em>προβαινέτω·</em></strong></span> <span class='ocrx_word' id='word_1_247' title='bbox 1123 921 1154 954; x_wconf 83' lang='grc' dir='ltr'>εἰ</span> <span class='ocrx_word' id='word_1_248' title='bbox 1178 918 1219 954; x_wconf 78' lang='grc' dir='ltr'>δὲ</span> 
     </span>
     <span class='ocr_line' id='line_1_34' title="bbox 129 965 1217 1014; baseline -0.002 -14"><span class='ocrx_word' id='word_1_249' title='bbox 129 965 334 1011; x_wconf 85' lang='grc' dir='ltr'><strong><em>οἱῳδήποτε</em></strong></span> <span class='ocrx_word' id='word_1_250' title='bbox 354 967 483 1014; x_wconf 80' lang='grc' dir='ltr'><strong><em>τρόπῳ</em></strong></span> <span class='ocrx_word' id='word_1_251' title='bbox 507 969 555 1003; x_wconf 82' lang='grc' dir='ltr'>εἰς</span> <span class='ocrx_word' id='word_1_252' title='bbox 570 969 721 1013; x_wconf 85' lang='grc' dir='ltr'><strong><em>μείζονα</em></strong></span> <span class='ocrx_word' id='word_1_253' title='bbox 744 967 899 1012; x_wconf 89' lang='grc' dir='ltr'><strong><em>βαθμὸν</em></strong></span> <span class='ocrx_word' id='word_1_254' title='bbox 923 966 1138 1013; x_wconf 73' lang='grc' dir='ltr'><strong><em>προαχθείη,</em></strong></span> <span class='ocrx_word' id='word_1_255' title='bbox 1163 967 1217 999; x_wconf 82' lang='grc' dir='ltr'>ἐκ-</span> 
     </span>
     <span class='ocr_line' id='line_1_35' title="bbox 128 1009 1183 1059; baseline -0.001 -13"><span class='ocrx_word' id='word_1_256' title='bbox 128 1011 327 1056; x_wconf 85' lang='grc' dir='ltr'><strong><em>βαλλέσθω</em></strong></span> <span class='ocrx_word' id='word_1_257' title='bbox 361 1010 472 1047; x_wconf 73' lang='grc' dir='ltr'><strong><em>αὐτοῦ</em></strong></span> <span class='ocrx_word' id='word_1_258' title='bbox 496 1016 557 1047; x_wconf 84' lang='grc' dir='ltr'>καὶ</span> <span class='ocrx_word' id='word_1_259' title='bbox 579 1014 633 1056; x_wconf 77' lang='grc' dir='ltr'>τῷ</span> <span class='ocrx_word' id='word_1_260' title='bbox 656 1016 819 1059; x_wconf 77' lang='grc' dir='ltr'><strong><em>προτέρῳ</em></strong></span> <span class='ocrx_word' id='word_1_261' title='bbox 844 1009 1183 1048; x_wconf 83' lang='grc' dir='ltr'><strong><em>άποκαθιστάσθω.</em></strong></span> 
     </span>
    </p>
   </div>
   <div class='ocr_carea' id='block_1_17' title="bbox 1287 874 2375 1057">
    <p class='ocr_par' dir='ltr' id='par_1_17' title="bbox 1287 874 2375 1057">
     <span class='ocr_line' id='line_1_36' title="bbox 1287 874 2374 919; baseline -0.002 -9"><span class='ocrx_word' id='word_1_262' title='bbox 1287 877 1426 919; x_wconf 87' lang='lat' dir='ltr'>legibus</span> <span class='ocrx_word' id='word_1_263' title='bbox 1450 879 1515 910; x_wconf 92' lang='lat' dir='ltr'>aut</span> <span class='ocrx_word' id='word_1_264' title='bbox 1533 875 1645 911; x_wconf 86' lang='lat' dir='ltr'>sacris</span> <span class='ocrx_word' id='word_1_265' title='bbox 1667 875 1863 910; x_wconf 84' lang='lat' dir='ltr'>canonibus</span> <span class='ocrx_word' id='word_1_266' title='bbox 1887 874 2124 916; x_wconf 86' lang='lat' dir='ltr'>interdictam,</span> <span class='ocrx_word' id='word_1_267' title='bbox 2149 883 2374 918; x_wconf 87' lang='lat' dir='ltr'>nequaquam</span> 
     </span>
     <span class='ocr_line' id='line_1_37' title="bbox 1288 918 2375 965; baseline -0.002 -10"><span class='ocrx_word' id='word_1_268' title='bbox 1288 921 1335 955; x_wconf 88' lang='lat' dir='ltr'>ad</span> <span class='ocrx_word' id='word_1_269' title='bbox 1358 920 1473 956; x_wconf 77' lang='lat' dir='ltr'>alium‘</span> <span class='ocrx_word' id='word_1_270' title='bbox 1491 920 1774 956; x_wconf 88' lang='lat' dir='ltr'>ecclesiasticum</span> <span class='ocrx_word' id='word_1_271' title='bbox 1797 919 1956 956; x_wconf 84' lang='lat' dir='ltr'>ordinem</span> <span class='ocrx_word' id='word_1_272' title='bbox 1982 920 2219 965; x_wconf 84' lang='lat' dir='ltr'>provehatur3</span> <span class='ocrx_word' id='word_1_273' title='bbox 2256 919 2320 954; x_wconf 90' lang='lat' dir='ltr'>sed</span> <span class='ocrx_word' id='word_1_274' title='bbox 2343 918 2375 954; x_wconf 88' lang='lat' dir='ltr'>si</span> 
     </span>
     <span class='ocr_line' id='line_1_38' title="bbox 1289 964 2374 1011; baseline -0.003 -10"><span class='ocrx_word' id='word_1_275' title='bbox 1289 966 1447 1011; x_wconf 89' lang='lat' dir='ltr'>quolibet</span> <span class='ocrx_word' id='word_1_276' title='bbox 1468 966 1575 1002; x_wconf 91' lang='lat' dir='ltr'>modo</span> <span class='ocrx_word' id='word_1_277' title='bbox 1599 967 1644 1001; x_wconf 88' lang='lat' dir='ltr'>ad</span> <span class='ocrx_word' id='word_1_278' title='bbox 1667 966 1838 1002; x_wconf 83' lang='lat' dir='ltr'>maiorem</span> <span class='ocrx_word' id='word_1_279' title='bbox 1861 965 2022 1002; x_wconf 87' lang='lat' dir='ltr'>ordinem</span> <span class='ocrx_word' id='word_1_280' title='bbox 2043 964 2274 1011; x_wconf 86' lang='lat' dir='ltr'>perducatur,</span> <span class='ocrx_word' id='word_1_281' title='bbox 2313 973 2374 999; x_wconf 86' lang='lat' dir='ltr'>ex-</span> 
     </span>
     <span class='ocr_line' id='line_1_39' title="bbox 1289 1010 1945 1057; baseline 0.002 -11"><span class='ocrx_word' id='word_1_282' title='bbox 1289 1011 1444 1057; x_wconf 89' lang='lat' dir='ltr'>pellatur</span> <span class='ocrx_word' id='word_1_283' title='bbox 1467 1021 1510 1048; x_wconf 90' lang='lat' dir='ltr'>eo</span> <span class='ocrx_word' id='word_1_284' title='bbox 1530 1014 1568 1048; x_wconf 89' lang='lat' dir='ltr'>et</span> <span class='ocrx_word' id='word_1_285' title='bbox 1590 1010 1702 1057; x_wconf 88' lang='lat' dir='ltr'>priori</span> <span class='ocrx_word' id='word_1_286' title='bbox 1723 1011 1945 1047; x_wconf 87' lang='lat' dir='ltr'>restituatur.</span> 
     </span>
    </p>
   </div>
   <div class='ocr_carea' id='block_1_18' title="bbox 1129 1089 1389 1126">
    <p class='ocr_par' dir='ltr' id='par_1_18' title="bbox 1129 1089 1389 1126">
     <span class='ocr_line' id='line_1_40' title="bbox 1129 1089 1389 1126; baseline 0 0"><span class='ocrx_word' id='word_1_287' title='bbox 1129 1089 1287 1126; x_wconf 89' lang='lat' dir='ltr'><strong>CAPUT</strong></span> <span class='ocrx_word' id='word_1_288' title='bbox 1309 1090 1389 1126; x_wconf 89' lang='lat' dir='ltr'>XV.</span> 
     </span>
    </p>
   </div>
   <div class='ocr_carea' id='block_1_19' title="bbox 193 1143 1275 1203">
    <p class='ocr_par' dir='ltr' id='par_1_19' title="bbox 193 1143 1275 1203">
     <span class='ocr_line' id='line_1_41' title="bbox 193 1143 1275 1203; baseline 0 -23"><span class='ocrx_word' id='word_1_289' title='bbox 193 1143 299 1202; x_wconf 69' lang='grc' dir='ltr'><strong><em>ᾌλλὸι</em></strong></span> <span class='ocrx_word' id='word_1_290' title='bbox 322 1145 414 1203; x_wconf 61' lang='grc' dir='ltr'><strong><em>μηδιξ</em></strong></span> <span class='ocrx_word' id='word_1_291' title='bbox 436 1146 629 1191; x_wconf 85' lang='grc' dir='ltr'><strong><em>βουλευτὰς</em></strong></span> <span class='ocrx_word' id='word_1_292' title='bbox 659 1145 682 1190; x_wconf 82' lang='grc' dir='ltr'><em>ἢ</em></span> <span class='ocrx_word' id='word_1_293' title='bbox 711 1147 895 1202; x_wconf 67' lang='grc' dir='ltr'><strong><em>ταξεωτας</em></strong></span> <span class='ocrx_word' id='word_1_294' title='bbox 918 1146 1103 1192; x_wconf 81' lang='grc' dir='ltr'><strong><em>κληρικοὺς</em></strong></span> <span class='ocrx_word' id='word_1_295' title='bbox 1124 1150 1217 1200; x_wconf 83' lang='grc' dir='ltr'><strong><em>γίνε-</em></strong></span> <span class='ocrx_word' id='word_1_296' title='bbox 1234 1148 1275 1180; x_wconf 88' lang='grc'>20</span> 
     </span>
    </p>
   </div>
   <div class='ocr_carea' id='block_1_20' title="bbox 129 1189 1220 1375">
    <p class='ocr_par' dir='ltr' id='par_1_20' title="bbox 129 1189 1220 1375">
     <span class='ocr_line' id='line_1_42' title="bbox 129 1189 1220 1239; baseline 0 -13"><span class='ocrx_word' id='word_1_297' title='bbox 129 1192 242 1234; x_wconf 86' lang='grc' dir='ltr'><strong><em>σθαι,</em></strong></span> <span class='ocrx_word' id='word_1_298' title='bbox 275 1194 336 1226; x_wconf 83' lang='grc' dir='ltr'>ἱνα</span> <span class='ocrx_word' id='word_1_299' title='bbox 366 1206 415 1237; x_wconf 93' lang='grc' dir='ltr'>μη</span> <span class='ocrx_word' id='word_1_300' title='bbox 446 1204 500 1227; x_wconf 88' lang='grc' dir='ltr'>τις</span> <span class='ocrx_word' id='word_1_301' title='bbox 531 1194 569 1227; x_wconf 81' lang='grc' dir='ltr'>ἐκ</span> <span class='ocrx_word' id='word_1_302' title='bbox 591 1193 722 1226; x_wconf 84' lang='grc' dir='ltr'><strong><em>τούτου</em></strong></span> <span class='ocrx_word' id='word_1_303' title='bbox 753 1205 806 1235; x_wconf 83' lang='grc' dir='ltr'>τῳ</span> <span class='ocrx_word' id='word_1_304' title='bbox 832 1196 952 1239; x_wconf 84' lang='grc' dir='ltr'><strong><em>ευαγεῖ</em></strong></span> <span class='ocrx_word' id='word_1_305' title='bbox 974 1191 1094 1238; x_wconf 79' lang='grc' dir='ltr'><strong><em>κλήρῳ</em></strong></span> <span class='ocrx_word' id='word_1_306' title='bbox 1119 1189 1220 1238; x_wconf 77' lang='grc' dir='ltr'><strong><em>ύβρις</em></strong></span> 
     </span>
     <span class='ocr_line' id='line_1_43' title="bbox 130 1236 1218 1284; baseline -0.002 -13"><span class='ocrx_word' id='word_1_307' title='bbox 130 1240 374 1284; x_wconf 83' lang='grc' dir='ltr'><strong><em>προςγένηται.</em></strong></span> <span class='ocrx_word' id='word_1_308' title='bbox 424 1239 455 1272; x_wconf 83' lang='grc' dir='ltr'>εἰ</span> <span class='ocrx_word' id='word_1_309' title='bbox 487 1236 527 1271; x_wconf 77' lang='grc' dir='ltr'>δὲ</span> <span class='ocrx_word' id='word_1_310' title='bbox 555 1236 603 1272; x_wconf 78' lang='grc' dir='ltr'>τὰ</span> <span class='ocrx_word' id='word_1_311' title='bbox 633 1239 786 1272; x_wconf 80' lang='grc' dir='ltr'><strong><em>τοιαῦτα</em></strong></span> <span class='ocrx_word' id='word_1_312' title='bbox 818 1239 995 1283; x_wconf 83' lang='grc' dir='ltr'><strong><em>πρόςωπα</em></strong></span> <span class='ocrx_word' id='word_1_313' title='bbox 1028 1239 1068 1272; x_wconf 80' lang='grc' dir='ltr'><strong><em>ἐν</em></strong></span> <span class='ocrx_word' id='word_1_314' title='bbox 1099 1236 1218 1282; x_wconf 80' lang='grc' dir='ltr'><strong><em>κλήρῳ</em></strong></span> 
     </span>
     <span class='ocr_line' id='line_1_44' title="bbox 129 1281 1219 1330; baseline 0.001 -14"><span class='ocrx_word' id='word_1_315' title='bbox 129 1284 327 1330; x_wconf 83' lang='grc' dir='ltr'><strong><em>καταταγῇ,</em></strong></span> <span class='ocrx_word' id='word_1_316' title='bbox 359 1281 408 1317; x_wconf 73' lang='grc' dir='ltr'>ὥς</span> <span class='ocrx_word' id='word_1_317' title='bbox 436 1283 484 1328; x_wconf 81' lang='grc' dir='ltr'>μὴ</span> <span class='ocrx_word' id='word_1_318' title='bbox 513 1286 705 1329; x_wconf 75' lang='grc' dir='ltr'><strong><em>γενομένης</em></strong></span> <span class='ocrx_word' id='word_1_319' title='bbox 735 1284 798 1326; x_wconf 78' lang='grc' dir='ltr'>τῆς</span> <span class='ocrx_word' id='word_1_320' title='bbox 827 1287 1045 1328; x_wconf 79' lang='grc' dir='ltr'><strong><em>χειροτονίας</em></strong></span> <span class='ocrx_word' id='word_1_321' title='bbox 1074 1284 1118 1329; x_wconf 84' lang='grc' dir='ltr'>τῇ</span> <span class='ocrx_word' id='word_1_322' title='bbox 1144 1283 1219 1325; x_wconf 80' lang='grc' dir='ltr'><strong><em>ἰδίᾳ</em></strong></span> 
     </span>
     <span class='ocr_line' id='line_1_45' title="bbox 129 1325 1218 1375; baseline -0.001 -13"><span class='ocrx_word' id='word_1_323' title='bbox 129 1325 219 1375; x_wconf 85' lang='grc' dir='ltr'><strong><em>τύχῃ</em></strong></span> <span class='ocrx_word' id='word_1_324' title='bbox 235 1325 648 1370; x_wconf 76' lang='grc' dir='ltr'><strong><em>ἄποκαθιστάσθωσαν,</em></strong></span> <span class='ocrx_word' id='word_1_325' title='bbox 671 1327 768 1371; x_wconf 81' lang='grc' dir='ltr'><strong><em>πλὴν</em></strong></span> <span class='ocrx_word' id='word_1_326' title='bbox 784 1329 814 1362; x_wconf 84' lang='grc' dir='ltr'>εἰ</span> <span class='ocrx_word' id='word_1_327' title='bbox 830 1329 879 1373; x_wconf 86' lang='grc' dir='ltr'>μὴ</span> <span class='ocrx_word' id='word_1_328' title='bbox 898 1327 946 1363; x_wconf 76' lang='grc' dir='ltr'>ὠς</span> <span class='ocrx_word' id='word_1_329' title='bbox 962 1328 1055 1362; x_wconf 80' lang='grc' dir='ltr'><strong><em>εἰκὸς</em></strong></span> <span class='ocrx_word' id='word_1_330' title='bbox 1071 1341 1218 1372; x_wconf 88' lang='grc' dir='ltr'><strong><em>μοναχι-</em></strong></span> 
     </span>
    </p>
   </div>
   <div class='ocr_carea' id='block_1_21' title="bbox 1288 1144 2375 1371">
    <p class='ocr_par' dir='ltr' id='par_1_21' title="bbox 1288 1144 2375 1371">
     <span class='ocr_line' id='line_1_46' title="bbox 1358 1144 2374 1189; baseline 0 -9"><span class='ocrx_word' id='word_1_331' title='bbox 1358 1146 1428 1182; x_wconf 83' lang='lat' dir='ltr'>Sed</span> <span class='ocrx_word' id='word_1_332' title='bbox 1451 1156 1567 1189; x_wconf 88' lang='lat' dir='ltr'>neque</span> <span class='ocrx_word' id='word_1_333' title='bbox 1591 1145 1760 1180; x_wconf 86' lang='lat' dir='ltr'>curialem</span> <span class='ocrx_word' id='word_1_334' title='bbox 1791 1148 1856 1181; x_wconf 89' lang='lat' dir='ltr'>aut</span> <span class='ocrx_word' id='word_1_335' title='bbox 1879 1144 2070 1180; x_wconf 89' lang='lat' dir='ltr'>officialem</span> <span class='ocrx_word' id='word_1_336' title='bbox 2093 1144 2262 1181; x_wconf 88' lang='lat' dir='ltr'>clericum</span> <span class='ocrx_word' id='word_1_337' title='bbox 2284 1144 2374 1187; x_wconf 88' lang='lat' dir='ltr'>fieri,</span> 
     </span>
     <span class='ocr_line' id='line_1_47' title="bbox 1289 1190 2374 1227; baseline -0.001 -1"><span class='ocrx_word' id='word_1_338' title='bbox 1289 1194 1329 1226; x_wconf 93' lang='lat' dir='ltr'>ut</span> <span class='ocrx_word' id='word_1_339' title='bbox 1352 1202 1425 1227; x_wconf 92' lang='lat' dir='ltr'>non</span> <span class='ocrx_word' id='word_1_340' title='bbox 1449 1201 1493 1226; x_wconf 86' lang='lat' dir='ltr'>ex</span> <span class='ocrx_word' id='word_1_341' title='bbox 1517 1191 1587 1226; x_wconf 91' lang='lat' dir='ltr'>hoc</span> <span class='ocrx_word' id='word_1_342' title='bbox 1611 1190 1806 1226; x_wconf 89' lang='lat' dir='ltr'>venerabili</span> <span class='ocrx_word' id='word_1_343' title='bbox 1836 1191 1931 1226; x_wconf 91' lang='lat' dir='ltr'>clero</span> <span class='ocrx_word' id='word_1_344' title='bbox 1951 1190 2084 1226; x_wconf 86' lang='lat' dir='ltr'>iniuria</span> <span class='ocrx_word' id='word_1_345' title='bbox 2108 1190 2183 1226; x_wconf 88' lang='lat' dir='ltr'>fiat.</span> <span class='ocrx_word' id='word_1_346' title='bbox 2231 1190 2269 1225; x_wconf 90' lang='lat' dir='ltr'>Si</span> <span class='ocrx_word' id='word_1_347' title='bbox 2291 1200 2374 1226; x_wconf 90' lang='lat' dir='ltr'>vero</span> 
     </span>
     <span class='ocr_line' id='line_1_48' title="bbox 1288 1236 2375 1281; baseline 0 -10"><span class='ocrx_word' id='word_1_348' title='bbox 1288 1236 1379 1272; x_wconf 88' lang='lat' dir='ltr'>tales</span> <span class='ocrx_word' id='word_1_349' title='bbox 1404 1246 1579 1281; x_wconf 89' lang='lat' dir='ltr'>personae</span> <span class='ocrx_word' id='word_1_350' title='bbox 1608 1236 1647 1270; x_wconf 90' lang='lat' dir='ltr'>in</span> <span class='ocrx_word' id='word_1_351' title='bbox 1672 1236 1767 1271; x_wconf 92' lang='lat' dir='ltr'>clero</span> <span class='ocrx_word' id='word_1_352' title='bbox 1793 1236 2069 1278; x_wconf 83' lang='lat' dir='ltr'>constituantur,</span> <span class='ocrx_word' id='word_1_353' title='bbox 2102 1238 2284 1281; x_wconf 90' lang='lat' dir='ltr'>tamquam</span> <span class='ocrx_word' id='word_1_354' title='bbox 2307 1245 2375 1271; x_wconf 89' lang='lat' dir='ltr'>nec</span> 
     </span>
     <span class='ocr_line' id='line_1_49' title="bbox 1289 1280 2374 1326; baseline -0.001 -10"><span class='ocrx_word' id='word_1_355' title='bbox 1289 1283 1334 1316; x_wconf 87' lang='lat' dir='ltr'>ad</span> <span class='ocrx_word' id='word_1_356' title='bbox 1358 1282 1618 1317; x_wconf 85' lang='lat' dir='ltr'>ordinationem</span> <span class='ocrx_word' id='word_1_357' title='bbox 1651 1281 1844 1326; x_wconf 84' lang='lat' dir='ltr'>perductae</span> <span class='ocrx_word' id='word_1_358' title='bbox 1873 1281 2041 1325; x_wconf 90' lang='lat' dir='ltr'>propriae</span> <span class='ocrx_word' id='word_1_359' title='bbox 2070 1280 2239 1317; x_wconf 85' lang='lat' dir='ltr'>fortunae</span> <span class='ocrx_word' id='word_1_360' title='bbox 2269 1281 2374 1316; x_wconf 86' lang='lat' dir='ltr'>resti-</span> 
     </span>
     <span class='ocr_line' id='line_1_50' title="bbox 1288 1325 2374 1371; baseline 0 -10"><span class='ocrx_word' id='word_1_361' title='bbox 1288 1331 1447 1369; x_wconf 85' lang='lat' dir='ltr'>tuantur,</span> <span class='ocrx_word' id='word_1_362' title='bbox 1483 1327 1553 1362; x_wconf 90' lang='lat' dir='ltr'>nisi</span> <span class='ocrx_word' id='word_1_363' title='bbox 1584 1326 1707 1362; x_wconf 84' lang='lat' dir='ltr'>forsan</span> <span class='ocrx_word' id='word_1_364' title='bbox 1738 1326 1985 1362; x_wconf 87' lang='lat' dir='ltr'>monachicam</span> <span class='ocrx_word' id='word_1_365' title='bbox 2016 1325 2124 1361; x_wconf 89' lang='lat' dir='ltr'>vitam</span> <span class='ocrx_word' id='word_1_366' title='bbox 2153 1326 2284 1371; x_wconf 87' lang='lat' dir='ltr'>aliquis</span> <span class='ocrx_word' id='word_1_367' title='bbox 2314 1336 2374 1362; x_wconf 90' lang='lat' dir='ltr'>eo-</span> 
     </span>
    </p>
   </div>
   <div class='ocr_carea' id='block_1_22' title="bbox 129 1371 2374 1418">
    <p class='ocr_par' dir='ltr' id='par_1_22' title="bbox 129 1371 2374 1418">
     <span class='ocr_line' id='line_1_51' title="bbox 129 1371 2374 1418; baseline -0 -11"><span class='ocrx_word' id='word_1_368' title='bbox 129 1373 197 1408; x_wconf 83' lang='grc' dir='ltr'><strong><em>κὸν</em></strong></span> <span class='ocrx_word' id='word_1_369' title='bbox 216 1377 300 1418; x_wconf 86' lang='grc' dir='ltr'><strong><em>βίον</em></strong></span> <span class='ocrx_word' id='word_1_370' title='bbox 325 1385 377 1408; x_wconf 83' lang='grc' dir='ltr'>τις</span> <span class='ocrx_word' id='word_1_371' title='bbox 401 1374 439 1415; x_wconf 82' lang='grc' dir='ltr'>ἐξ</span> <span class='ocrx_word' id='word_1_372' title='bbox 464 1371 587 1408; x_wconf 74' lang='grc' dir='ltr'><strong><em>αὐτῶν</em></strong></span> <span class='ocrx_word' id='word_1_373' title='bbox 611 1371 676 1408; x_wconf 72' lang='grc' dir='ltr'><strong><em>οὐκ</em></strong></span> <span class='ocrx_word' id='word_1_374' title='bbox 700 1373 858 1408; x_wconf 80' lang='grc' dir='ltr'><strong><em>ἔλαττον</em></strong></span> <span class='ocrx_word' id='word_1_375' title='bbox 883 1371 1078 1409; x_wconf 84' lang='grc' dir='ltr'><strong><em>δεκαπέντε</em></strong></span> <span class='ocrx_word' id='word_1_376' title='bbox 1103 1375 1217 1407; x_wconf 81' lang='grc' dir='ltr'><strong><em>ένιαυ-</em></strong></span> <span class='ocrx_word' id='word_1_377' title='bbox 1234 1375 1275 1407; x_wconf 86' lang='grc'>25</span> <span class='ocrx_word' id='word_1_378' title='bbox 1289 1383 1369 1407; x_wconf 89' lang='lat' dir='ltr'>rum</span> <span class='ocrx_word' id='word_1_379' title='bbox 1398 1383 1471 1408; x_wconf 87' lang='lat' dir='ltr'>non</span> <span class='ocrx_word' id='word_1_380' title='bbox 1495 1372 1613 1407; x_wconf 85' lang='lat' dir='ltr'>minus</span> <span class='ocrx_word' id='word_1_381' title='bbox 1637 1371 1703 1407; x_wconf 93' lang='lat' dir='ltr'>XV</span> <span class='ocrx_word' id='word_1_382' title='bbox 1727 1381 1843 1407; x_wconf 80' lang='lat' dir='ltr'>annos</span> <span class='ocrx_word' id='word_1_383' title='bbox 1866 1371 2041 1416; x_wconf 80' lang='lat' dir='ltr'>implevit:</span> <span class='ocrx_word' id='word_1_384' title='bbox 2079 1372 2169 1408; x_wconf 81' lang='lat' dir='ltr'>tales</span> <span class='ocrx_word' id='word_1_385' title='bbox 2200 1371 2293 1407; x_wconf 82' lang='lat' dir='ltr'>enim</span> <span class='ocrx_word' id='word_1_386' title='bbox 2317 1382 2374 1407; x_wconf 89' lang='lat' dir='ltr'>or-</span> 
     </span>
    </p>
   </div>
   <div class='ocr_carea' id='block_1_23' title="bbox 129 1417 1219 1609">
    <p class='ocr_par' dir='ltr' id='par_1_23' title="bbox 129 1417 1219 1609">
     <span class='ocr_line' id='line_1_52' title="bbox 129 1417 1218 1465; baseline -0.002 -12"><span class='ocrx_word' id='word_1_387' title='bbox 129 1420 207 1453; x_wconf 80' lang='grc' dir='ltr'>τῶν</span> <span class='ocrx_word' id='word_1_388' title='bbox 231 1417 394 1463; x_wconf 85' lang='grc' dir='ltr'><strong><em>διήνυσε·</em></strong></span> <span class='ocrx_word' id='word_1_389' title='bbox 429 1419 513 1453; x_wconf 76' lang='grc' dir='ltr'><strong><em>τοὺς</em></strong></span> <span class='ocrx_word' id='word_1_390' title='bbox 536 1418 718 1453; x_wconf 77' lang='grc' dir='ltr'><strong><em>τοιούτους</em></strong></span> <span class='ocrx_word' id='word_1_391' title='bbox 747 1419 817 1465; x_wconf 85' lang='grc' dir='ltr'>γὰρ</span> <span class='ocrx_word' id='word_1_392' title='bbox 845 1418 1135 1464; x_wconf 80' lang='grc' dir='ltr'><strong><em>χειροτονεῖσθαι</em></strong></span> <span class='ocrx_word' id='word_1_393' title='bbox 1164 1431 1218 1452; x_wconf 81' lang='grc' dir='ltr'>κε-</span> 
     </span>
     <span class='ocr_line' id='line_1_53' title="bbox 130 1461 1218 1510; baseline 0 -12"><span class='ocrx_word' id='word_1_394' title='bbox 130 1462 291 1509; x_wconf 86' lang='grc' dir='ltr'><strong><em>λεύομεν,</em></strong></span> <span class='ocrx_word' id='word_1_395' title='bbox 322 1465 386 1508; x_wconf 87' lang='grc' dir='ltr'>τῆς</span> <span class='ocrx_word' id='word_1_396' title='bbox 408 1469 560 1509; x_wconf 86' lang='grc' dir='ltr'><strong><em>νομίμης</em></strong></span> <span class='ocrx_word' id='word_1_397' title='bbox 589 1463 758 1507; x_wconf 85' lang='grc' dir='ltr'><strong><em>δηλονότι</em></strong></span> <span class='ocrx_word' id='word_1_398' title='bbox 784 1469 911 1510; x_wconf 78' lang='grc' dir='ltr'><strong><em>μοίρας</em></strong></span> <span class='ocrx_word' id='word_1_399' title='bbox 940 1461 1016 1498; x_wconf 87' lang='grc' dir='ltr'>άπὸ</span> <span class='ocrx_word' id='word_1_400' title='bbox 1047 1465 1110 1498; x_wconf 85' lang='grc' dir='ltr'>τοῦ</span> <span class='ocrx_word' id='word_1_401' title='bbox 1134 1467 1218 1508; x_wconf 87' lang='grc' dir='ltr'><strong><em>βου-</em></strong></span> 
     </span>
     <span class='ocr_line' id='line_1_54' title="bbox 130 1506 1218 1557; baseline -0.001 -13"><span class='ocrx_word' id='word_1_402' title='bbox 130 1508 255 1544; x_wconf 80' lang='grc' dir='ltr'><strong><em>λευτοῦ</em></strong></span> <span class='ocrx_word' id='word_1_403' title='bbox 291 1511 335 1557; x_wconf 81' lang='grc' dir='ltr'>τῇ</span> <span class='ocrx_word' id='word_1_404' title='bbox 364 1509 476 1556; x_wconf 83' lang='grc' dir='ltr'><strong><em>βουλῇ</em></strong></span> <span class='ocrx_word' id='word_1_405' title='bbox 512 1513 572 1544; x_wconf 83' lang='grc' dir='ltr'>καὶ</span> <span class='ocrx_word' id='word_1_406' title='bbox 604 1512 656 1552; x_wconf 74' lang='grc' dir='ltr'>τῷ</span> <span class='ocrx_word' id='word_1_407' title='bbox 691 1508 852 1554; x_wconf 82' lang='grc' dir='ltr'><strong><em>δημοσίῳ</em></strong></span> <span class='ocrx_word' id='word_1_408' title='bbox 883 1507 1079 1554; x_wconf 86' lang='grc' dir='ltr'><strong><em>διδομένης.</em></strong></span> <span class='ocrx_word' id='word_1_409' title='bbox 1128 1506 1218 1543; x_wconf 78' lang='grc' dir='ltr'><strong><em>ἀλλὰ</em></strong></span> 
     </span>
     <span class='ocr_line' id='line_1_55' title="bbox 130 1552 1219 1609; baseline -0.001 -20"><span class='ocrx_word' id='word_1_410' title='bbox 130 1558 190 1589; x_wconf 83' lang='grc' dir='ltr'>καὶ</span> <span class='ocrx_word' id='word_1_411' title='bbox 225 1556 266 1590; x_wconf 83' lang='grc' dir='ltr'><strong><em>έν</em></strong></span> <span class='ocrx_word' id='word_1_412' title='bbox 300 1556 354 1598; x_wconf 76' lang='grc' dir='ltr'>τῷ</span> <span class='ocrx_word' id='word_1_413' title='bbox 382 1552 501 1601; x_wconf 80' lang='grc' dir='ltr'><strong><em>κλήρῳ</em></strong></span> <span class='ocrx_word' id='word_1_414' title='bbox 533 1554 815 1609; x_wconf 68' lang='grc' dir='ltr'><strong><em>καταλεγόμενρι</em></strong></span> <span class='ocrx_word' id='word_1_415' title='bbox 849 1556 997 1599; x_wconf 79' lang='grc' dir='ltr'><strong><em>μοναχῷ</em></strong></span> <span class='ocrx_word' id='word_1_416' title='bbox 1030 1557 1219 1599; x_wconf 85' lang='grc' dir='ltr'><strong><em>πρέποντα</em></strong></span> 
     </span>
    </p>
   </div>
   <div class='ocr_carea' id='block_1_24' title="bbox 1287 1416 2377 1598">
    <p class='ocr_par' dir='ltr' id='par_1_24' title="bbox 1287 1416 2377 1598">
     <span class='ocr_line' id='line_1_56' title="bbox 1288 1416 2377 1463; baseline 0 -11"><span class='ocrx_word' id='word_1_417' title='bbox 1288 1418 1403 1453; x_wconf 90' lang='lat' dir='ltr'>dinari</span> <span class='ocrx_word' id='word_1_418' title='bbox 1419 1418 1669 1463; x_wconf 86' lang='lat' dir='ltr'>praecipimus,</span> <span class='ocrx_word' id='word_1_419' title='bbox 1692 1417 1849 1461; x_wconf 87' lang='lat' dir='ltr'>legitima</span> <span class='ocrx_word' id='word_1_420' title='bbox 1864 1417 2027 1453; x_wconf 90' lang='lat' dir='ltr'>videlicet</span> <span class='ocrx_word' id='word_1_421' title='bbox 2043 1420 2145 1462; x_wconf 86' lang='lat' dir='ltr'>parte</span> <span class='ocrx_word' id='word_1_422' title='bbox 2167 1416 2224 1463; x_wconf 82' lang='lat' dir='ltr'>(a)</span> <span class='ocrx_word' id='word_1_423' title='bbox 2249 1416 2377 1453; x_wconf 89' lang='lat' dir='ltr'>curiali</span> 
     </span>
     <span class='ocr_line' id='line_1_57' title="bbox 1288 1462 2375 1499; baseline -0.002 0"><span class='ocrx_word' id='word_1_424' title='bbox 1288 1464 1409 1499; x_wconf 90' lang='lat' dir='ltr'>curiae</span> <span class='ocrx_word' id='word_1_425' title='bbox 1440 1467 1476 1498; x_wconf 92' lang='lat' dir='ltr'>et</span> <span class='ocrx_word' id='word_1_426' title='bbox 1505 1463 1592 1498; x_wconf 87' lang='lat' dir='ltr'>fisco</span> <span class='ocrx_word' id='word_1_427' title='bbox 1626 1463 1755 1499; x_wconf 90' lang='lat' dir='ltr'>danda.</span> <span class='ocrx_word' id='word_1_428' title='bbox 1804 1462 1873 1497; x_wconf 89' lang='lat' dir='ltr'>Sed</span> <span class='ocrx_word' id='word_1_429' title='bbox 1903 1462 1942 1497; x_wconf 90' lang='lat' dir='ltr'>in</span> <span class='ocrx_word' id='word_1_430' title='bbox 1965 1463 2060 1498; x_wconf 90' lang='lat' dir='ltr'>clero</span> <span class='ocrx_word' id='word_1_431' title='bbox 2091 1462 2277 1498; x_wconf 88' lang='lat' dir='ltr'>constituti</span> <span class='ocrx_word' id='word_1_432' title='bbox 2299 1472 2375 1497; x_wconf 89' lang='lat' dir='ltr'>mo·</span> 
     </span>
     <span class='ocr_line' id='line_1_58' title="bbox 1287 1507 2377 1553; baseline -0.002 -9"><span class='ocrx_word' id='word_1_433' title='bbox 1287 1509 1405 1545; x_wconf 88' lang='lat' dir='ltr'>nacho</span> <span class='ocrx_word' id='word_1_434' title='bbox 1436 1509 1690 1545; x_wconf 85' lang='lat' dir='ltr'>condecentem</span> <span class='ocrx_word' id='word_1_435' title='bbox 1725 1508 1833 1543; x_wconf 85' lang='lat' dir='ltr'>vitam</span> <span class='ocrx_word' id='word_1_436' title='bbox 1864 1508 2046 1553; x_wconf 89' lang='lat' dir='ltr'>impleant.</span> <span class='ocrx_word' id='word_1_437' title='bbox 2094 1508 2133 1543; x_wconf 93' lang='lat' dir='ltr'>Si</span> <span class='ocrx_word' id='word_1_438' title='bbox 2165 1507 2257 1543; x_wconf 89' lang='lat' dir='ltr'>enim</span> <span class='ocrx_word' id='word_1_439' title='bbox 2293 1509 2377 1553; x_wconf 92' lang='lat' dir='ltr'>post</span> 
     </span>
     <span class='ocr_line' id='line_1_59' title="bbox 1289 1552 2376 1598; baseline -0.002 -9"><span class='ocrx_word' id='word_1_440' title='bbox 1289 1555 1478 1590; x_wconf 87' lang='lat' dir='ltr'>clericatus</span> <span class='ocrx_word' id='word_1_441' title='bbox 1499 1554 1669 1590; x_wconf 90' lang='lat' dir='ltr'>honorem</span> <span class='ocrx_word' id='word_1_442' title='bbox 1690 1563 1838 1589; x_wconf 83' lang='lat' dir='ltr'>uxorem</span> <span class='ocrx_word' id='word_1_443' title='bbox 1856 1553 1985 1598; x_wconf 90' lang='lat' dir='ltr'>aliquis</span> <span class='ocrx_word' id='word_1_444' title='bbox 2005 1563 2128 1588; x_wconf 89' lang='lat' dir='ltr'>eorum</span> <span class='ocrx_word' id='word_1_445' title='bbox 2149 1552 2291 1588; x_wconf 84' lang='lat' dir='ltr'>duxerit</span> <span class='ocrx_word' id='word_1_446' title='bbox 2311 1555 2376 1587; x_wconf 84' lang='lat' dir='ltr'>aut</span> 
     </span>
    </p>
   </div>
   <div class='ocr_carea' id='block_1_25' title="bbox 130 1598 2375 1656">
    <p class='ocr_par' dir='ltr' id='par_1_25' title="bbox 130 1598 2375 1656">
     <span class='ocr_line' id='line_1_60' title="bbox 130 1598 2375 1656; baseline -0 -22"><span class='ocrx_word' id='word_1_447' title='bbox 130 1604 215 1653; x_wconf 72' lang='grc' dir='ltr'><strong><em>βίον</em></strong></span> <span class='ocrx_word' id='word_1_448' title='bbox 239 1599 508 1656; x_wconf 73' lang='grc' dir='ltr'><strong><em>έκτελείτωσαν.</em></strong></span> <span class='ocrx_word' id='word_1_449' title='bbox 552 1602 585 1655; x_wconf 68' lang='grc' dir='ltr'><strong><em>εἰ</em></strong></span> <span class='ocrx_word' id='word_1_450' title='bbox 607 1614 685 1655; x_wconf 50' lang='grc' dir='ltr'><strong><em>γαρ,</em></strong></span> <span class='ocrx_word' id='word_1_451' title='bbox 699 1614 791 1656; x_wconf 66' lang='grc' dir='ltr'><strong><em>μετα</em></strong></span> <span class='ocrx_word' id='word_1_452' title='bbox 824 1601 893 1655; x_wconf 63' lang='grc' dir='ltr'>τὴν</span> <span class='ocrx_word' id='word_1_453' title='bbox 917 1601 980 1634; x_wconf 80' lang='grc' dir='ltr'>τοῦ</span> <span class='ocrx_word' id='word_1_454' title='bbox 1006 1599 1135 1654; x_wconf 76' lang='grc' dir='ltr'><strong><em>κλῄρου</em></strong></span> <span class='ocrx_word' id='word_1_455' title='bbox 1166 1614 1218 1634; x_wconf 79' lang='grc' dir='ltr'>τι·</span> <span class='ocrx_word' id='word_1_456' title='bbox 1233 1602 1275 1635; x_wconf 87' lang='grc'>30</span> <span class='ocrx_word' id='word_1_457' title='bbox 1289 1600 1527 1636; x_wconf 78' lang='lat' dir='ltr'>concubinam</span> <span class='ocrx_word' id='word_1_458' title='bbox 1557 1599 1743 1641; x_wconf 78' lang='lat' dir='ltr'>habuerit,</span> <span class='ocrx_word' id='word_1_459' title='bbox 1781 1598 1903 1634; x_wconf 76' lang='lat' dir='ltr'>curiae</span> <span class='ocrx_word' id='word_1_460' title='bbox 1933 1602 1969 1634; x_wconf 76' lang='lat' dir='ltr'>et</span> <span class='ocrx_word' id='word_1_461' title='bbox 2001 1598 2120 1634; x_wconf 77' lang='lat' dir='ltr'>officio</span> <span class='ocrx_word' id='word_1_462' title='bbox 2158 1599 2260 1634; x_wconf 82' lang='lat' dir='ltr'>cuius</span> <span class='ocrx_word' id='word_1_463' title='bbox 2292 1598 2375 1634; x_wconf 82' lang='lat' dir='ltr'>sub-</span> 
     </span>
    </p>
   </div>
   <div class='ocr_carea' id='block_1_26' title="bbox 129 1644 1220 1780">
    <p class='ocr_par' dir='ltr' id='par_1_26' title="bbox 129 1644 1220 1780">
     <span class='ocr_line' id='line_1_61' title="bbox 129 1644 1217 1702; baseline 0 -23"><span class='ocrx_word' id='word_1_464' title='bbox 129 1659 204 1690; x_wconf 88' lang='grc' dir='ltr'>μην</span> <span class='ocrx_word' id='word_1_465' title='bbox 218 1648 369 1699; x_wconf 58' lang='grc' dir='ltr'><strong><em>γυναῖκα</em></strong></span> <span class='ocrx_word' id='word_1_466' title='bbox 394 1658 447 1680; x_wconf 89' lang='grc' dir='ltr'>τις</span> <span class='ocrx_word' id='word_1_467' title='bbox 463 1646 503 1686; x_wconf 81' lang='grc' dir='ltr'>ἐξ</span> <span class='ocrx_word' id='word_1_468' title='bbox 523 1648 648 1699; x_wconf 60' lang='grc' dir='ltr'><strong><em>αυτρν</em></strong></span> <span class='ocrx_word' id='word_1_469' title='bbox 666 1659 846 1702; x_wconf 48' lang='grc' dir='ltr'><strong><em>αγαγητοέι</em></strong></span> <span class='ocrx_word' id='word_1_470' title='bbox 862 1660 883 1700; x_wconf 82' lang='grc' dir='ltr'><strong><em>η</em></strong></span> <span class='ocrx_word' id='word_1_471' title='bbox 900 1644 1089 1688; x_wconf 81' lang='grc' dir='ltr'><strong><em>παλλακην</em></strong></span> <span class='ocrx_word' id='word_1_472' title='bbox 1105 1649 1217 1689; x_wconf 84' lang='grc' dir='ltr'><strong><em>σχοίη,</em></strong></span> 
     </span>
     <span class='ocr_line' id='line_1_62' title="bbox 130 1689 1220 1739; baseline -0.001 -14"><span class='ocrx_word' id='word_1_473' title='bbox 130 1692 176 1738; x_wconf 88' lang='grc' dir='ltr'>τῇ</span> <span class='ocrx_word' id='word_1_474' title='bbox 199 1689 310 1738; x_wconf 81' lang='grc' dir='ltr'><strong><em>βουλῇ</em></strong></span> <span class='ocrx_word' id='word_1_475' title='bbox 341 1705 364 1734; x_wconf 91' lang='grc' dir='ltr'><strong><em>η</em></strong></span> <span class='ocrx_word' id='word_1_476' title='bbox 388 1693 432 1738; x_wconf 83' lang='grc' dir='ltr'>τῇ</span> <span class='ocrx_word' id='word_1_477' title='bbox 457 1689 559 1732; x_wconf 78' lang='grc' dir='ltr'><strong><em>τάξει</em></strong></span> <span class='ocrx_word' id='word_1_478' title='bbox 580 1704 601 1734; x_wconf 94' lang='grc' dir='ltr'><strong><em>η</em></strong></span> <span class='ocrx_word' id='word_1_479' title='bbox 622 1692 667 1737; x_wconf 86' lang='grc' dir='ltr'>τῇ</span> <span class='ocrx_word' id='word_1_480' title='bbox 691 1692 781 1739; x_wconf 86' lang='grc' dir='ltr'><strong><em>τύχῃ</em></strong></span> <span class='ocrx_word' id='word_1_481' title='bbox 810 1705 832 1738; x_wconf 85' lang='grc' dir='ltr'>ῃ</span> <span class='ocrx_word' id='word_1_482' title='bbox 858 1693 1023 1726; x_wconf 78' lang='grc' dir='ltr'><strong><em>υπέκειτο</em></strong></span> <span class='ocrx_word' id='word_1_483' title='bbox 1047 1689 1220 1725; x_wconf 79' lang='grc' dir='ltr'><strong><em>άποδιδό·</em></strong></span> 
     </span>
     <span class='ocr_line' id='line_1_63' title="bbox 132 1735 1220 1780; baseline -0.002 -9"><span class='ocrx_word' id='word_1_484' title='bbox 132 1736 230 1780; x_wconf 84' lang='grc' dir='ltr'><strong><em>σθω,</em></strong></span> <span class='ocrx_word' id='word_1_485' title='bbox 247 1737 278 1770; x_wconf 86' lang='grc' dir='ltr'>εἰ</span> <span class='ocrx_word' id='word_1_486' title='bbox 293 1736 414 1771; x_wconf 82' lang='grc' dir='ltr'><strong><em>καὶτὰ</em></strong></span> <span class='ocrx_word' id='word_1_487' title='bbox 431 1735 591 1780; x_wconf 87' lang='grc' dir='ltr'><strong><em>μάλιστα</em></strong></span> <span class='ocrx_word' id='word_1_488' title='bbox 606 1737 761 1779; x_wconf 85' lang='grc' dir='ltr'><strong><em>τοιούτῳ</em></strong></span> <span class='ocrx_word' id='word_1_489' title='bbox 779 1735 1060 1780; x_wconf 80' lang='grc' dir='ltr'><strong><em>ἐκκλησιαστικῷ</em></strong></span> <span class='ocrx_word' id='word_1_490' title='bbox 1078 1736 1220 1780; x_wconf 78' lang='grc' dir='ltr'><strong><em>βαθμῷ</em></strong></span> 
     </span>
    </p>
   </div>
   <div class='ocr_carea' id='block_1_27' title="bbox 1287 1642 2377 1688">
    <p class='ocr_par' dir='ltr' id='par_1_27' title="bbox 1287 1642 2377 1688">
     <span class='ocr_line' id='line_1_64' title="bbox 1287 1642 2377 1688; baseline -0.001 -8"><span class='ocrx_word' id='word_1_491' title='bbox 1287 1645 1430 1682; x_wconf 88' lang='lat' dir='ltr'>iacebat</span> <span class='ocrx_word' id='word_1_492' title='bbox 1452 1646 1620 1682; x_wconf 84' lang='lat' dir='ltr'>fortunae</span> <span class='ocrx_word' id='word_1_493' title='bbox 1650 1644 1831 1688; x_wconf 86' lang='lat' dir='ltr'>reddatur,</span> <span class='ocrx_word' id='word_1_494' title='bbox 1864 1643 1896 1680; x_wconf 85' lang='lat' dir='ltr'>si</span> <span class='ocrx_word' id='word_1_495' title='bbox 1918 1643 2025 1680; x_wconf 86' lang='lat' dir='ltr'>etiam</span> <span class='ocrx_word' id='word_1_496' title='bbox 2051 1642 2205 1680; x_wconf 84' lang='lat' dir='ltr'>maxime</span> <span class='ocrx_word' id='word_1_497' title='bbox 2226 1643 2294 1680; x_wconf 82' lang='lat' dir='ltr'>tali</span> <span class='ocrx_word' id='word_1_498' title='bbox 2316 1652 2377 1679; x_wconf 89' lang='lat' dir='ltr'>ec-</span> 
     </span>
    </p>
   </div>
   <div class='ocr_carea' id='block_1_28' title="bbox 199 1801 2378 1847">
    <p class='ocr_par' dir='ltr' id='par_1_28' title="bbox 199 1801 2378 1847">
     <span class='ocr_line' id='line_1_65' title="bbox 199 1801 2378 1847; baseline -0.001 -10"><span class='ocrx_word' id='word_1_499' title='bbox 199 1817 225 1838; x_wconf 88' lang='lat' dir='ltr'>c.</span> <span class='ocrx_word' id='word_1_500' title='bbox 250 1805 325 1837; x_wconf 90' lang='lat' dir='ltr'>XV</span> <span class='ocrx_word' id='word_1_501' title='bbox 347 1806 402 1846; x_wconf 89' lang='lat'>(—</span> <span class='ocrx_word' id='word_1_502' title='bbox 428 1806 470 1839; x_wconf 85' lang='lat'>28</span> <span class='ocrx_word' id='word_1_503' title='bbox 497 1801 694 1847; x_wconf 79' lang='grc' dir='ltr'><strong><em>διδομένης)</em></strong></span> <span class='ocrx_word' id='word_1_504' title='bbox 718 1816 756 1838; x_wconf 71' lang='lat' dir='ltr'>ece</span> <span class='ocrx_word' id='word_1_505' title='bbox 779 1804 808 1838; x_wconf 89' lang='lat' dir='ltr'><strong><em>S</em></strong></span> <span class='ocrx_word' id='word_1_506' title='bbox 831 1806 946 1846; x_wconf 81' lang='lat' dir='ltr'>repetit</span> <span class='ocrx_word' id='word_1_507' title='bbox 968 1804 1147 1847; x_wconf 76' lang='lat' dir='ltr'>Appendix</span> <span class='ocrx_word' id='word_1_508' title='bbox 1170 1802 1349 1837; x_wconf 80' lang='lat' dir='ltr'>Nemee-L</span> <span class='ocrx_word' id='word_1_509' title='bbox 1375 1803 1419 1836; x_wconf 83' lang='lat' dir='ltr'>tit.</span> <span class='ocrx_word' id='word_1_510' title='bbox 1443 1815 1515 1845; x_wconf 81' lang='lat' dir='ltr'>cap.</span> <span class='ocrx_word' id='word_1_511' title='bbox 1539 1803 1614 1837; x_wconf 86' lang='lat' dir='ltr'>eccl.</span> <span class='ocrx_word' id='word_1_512' title='bbox 1640 1803 1660 1836; x_wconf 86' lang='lat'><strong>3</strong></span> <span class='ocrx_word' id='word_1_513' title='bbox 1682 1815 1717 1846; x_wconf 85' lang='lat' dir='ltr'>p.</span> <span class='ocrx_word' id='word_1_514' title='bbox 1737 1803 1800 1836; x_wconf 88' lang='grc'>661</span> <span class='ocrx_word' id='word_1_515' title='bbox 1828 1801 1930 1836; x_wconf 86' lang='lat' dir='ltr'>Voell.</span> <span class='ocrx_word' id='word_1_516' title='bbox 1975 1801 2031 1834; x_wconf 72' lang='lat' dir='ltr'>Ex</span> <span class='ocrx_word' id='word_1_517' title='bbox 2051 1801 2088 1834; x_wconf 93' lang='lat' dir='ltr'><em>B</em></span> <span class='ocrx_word' id='word_1_518' title='bbox 2107 1813 2161 1845; x_wconf 87' lang='lat' dir='ltr'>pr.</span> <span class='ocrx_word' id='word_1_519' title='bbox 2188 1802 2283 1835; x_wconf 78' lang='lat' dir='ltr'>habet</span> <span class='ocrx_word' id='word_1_520' title='bbox 2306 1801 2378 1835; x_wconf 90' lang='lat' dir='ltr'>No-</span> 
     </span>
    </p>
   </div>
   <div class='ocr_carea' id='block_1_29' title="bbox 71 1847 2377 1895">
    <p class='ocr_par' dir='ltr' id='par_1_29' title="bbox 71 1847 2377 1895">
     <span class='ocr_line' id='line_1_66' title="bbox 71 1847 2377 1895; baseline -0.001 -11"><span class='ocrx_word' id='word_1_521' title='bbox 71 1861 74 1863; x_wconf 86' lang='lat'>·</span> <span class='ocrx_word' id='word_1_522' title='bbox 131 1850 254 1884; x_wconf 63' lang='lat' dir='ltr'>mocflm</span> <span class='ocrx_word' id='word_1_523' title='bbox 267 1850 421 1884; x_wconf 85' lang='lat' dir='ltr'>XIVtit.</span> <span class='ocrx_word' id='word_1_524' title='bbox 437 1852 468 1891; x_wconf 88' lang='lat'>9,</span> <span class='ocrx_word' id='word_1_525' title='bbox 483 1858 530 1892; x_wconf 84' lang='lat'>29,</span> <span class='ocrx_word' id='word_1_526' title='bbox 560 1850 581 1893; x_wconf 64' lang='grc' dir='ltr'><strong>ξ</strong></span> <span class='ocrx_word' id='word_1_527' title='bbox 598 1853 611 1884; x_wconf 94' lang='grc'><strong>1</strong></span> <span class='ocrx_word' id='word_1_528' title='bbox 635 1852 692 1892; x_wconf 90' lang='grc'>(-</span> <span class='ocrx_word' id='word_1_529' title='bbox 708 1857 740 1884; x_wconf 78' lang='lat'>12</span> <span class='ocrx_word' id='word_1_530' title='bbox 758 1847 1100 1895; x_wconf 86' lang='grc' dir='ltr'><strong><em>παραδοθήσονται)</em></strong></span> <span class='ocrx_word' id='word_1_531' title='bbox 1125 1850 1169 1883; x_wconf 81' lang='lat' dir='ltr'>id.</span> <span class='ocrx_word' id='word_1_532' title='bbox 1185 1851 1215 1890; x_wconf 88' lang='lat'>9,</span> <span class='ocrx_word' id='word_1_533' title='bbox 1230 1856 1262 1882; x_wconf 83' lang='lat'>16</span> <span class='ocrx_word' id='word_1_534' title='bbox 1288 1856 1319 1882; x_wconf 80' lang='lat' dir='ltr'>et</span> <span class='ocrx_word' id='word_1_535' title='bbox 1338 1848 1388 1881; x_wconf 75' lang='lat' dir='ltr'>B⁸</span> <span class='ocrx_word' id='word_1_536' title='bbox 1404 1850 1441 1880; x_wconf 83' lang='lat' dir='ltr'><strong><em>K</em></strong></span> <span class='ocrx_word' id='word_1_537' title='bbox 1458 1849 1508 1888; x_wconf 88' lang='lat'>18,</span> <span class='ocrx_word' id='word_1_538' title='bbox 1523 1855 1540 1882; x_wconf 88' lang='grc'>4</span> <span class='ocrx_word' id='word_1_539' title='bbox 1554 1860 1589 1892; x_wconf 83' lang='lat' dir='ltr'>p.</span> <span class='ocrx_word' id='word_1_540' title='bbox 1603 1849 1672 1882; x_wconf 85' lang='lat'>434</span> <span class='ocrx_word' id='word_1_541' title='bbox 1686 1848 1790 1881; x_wconf 76' lang='lat' dir='ltr'>Zach.</span> <span class='ocrx_word' id='word_1_542' title='bbox 1808 1867 1851 1872; x_wconf 97' lang='lat'><strong>—</strong></span> <span class='ocrx_word' id='word_1_543' title='bbox 1877 1848 2041 1881; x_wconf 85' lang='lat' dir='ltr'>Summam</span> <span class='ocrx_word' id='word_1_544' title='bbox 2062 1858 2116 1890; x_wconf 85' lang='lat' dir='ltr'>pr.</span> <span class='ocrx_word' id='word_1_545' title='bbox 2137 1855 2290 1892; x_wconf 77' lang='lat' dir='ltr'>praestat</span> <span class='ocrx_word' id='word_1_546' title='bbox 2306 1847 2377 1881; x_wconf 87' lang='lat' dir='ltr'>No-</span> 
     </span>
    </p>
   </div>
   <div class='ocr_carea' id='block_1_30' title="bbox 131 1890 1758 1984">
    <p class='ocr_par' dir='ltr' id='par_1_30' title="bbox 131 1890 1758 1984">
     <span class='ocr_line' id='line_1_67' title="bbox 131 1890 1315 1940; baseline -0.003 -11"><span class='ocrx_word' id='word_1_547' title='bbox 131 1908 207 1929; x_wconf 89' lang='lat' dir='ltr'>moc.</span> <span class='ocrx_word' id='word_1_548' title='bbox 226 1896 286 1928; x_wconf 91' lang='lat' dir='ltr'>XI</span> <span class='ocrx_word' id='word_1_549' title='bbox 294 1896 380 1929; x_wconf 75' lang='lat' dir='ltr'>Vtic.</span> <span class='ocrx_word' id='word_1_550' title='bbox 395 1897 426 1937; x_wconf 88' lang='lat'>9,</span> <span class='ocrx_word' id='word_1_551' title='bbox 443 1903 489 1930; x_wconf 82' lang='lat'>29.</span> <span class='ocrx_word' id='word_1_552' title='bbox 536 1907 567 1927; x_wconf 87' lang='lat' dir='ltr'>v.</span> <span class='ocrx_word' id='word_1_553' title='bbox 584 1896 627 1929; x_wconf 81' lang='lat'>24</span> <span class='ocrx_word' id='word_1_554' title='bbox 638 1908 686 1939; x_wconf 87' lang='lat' dir='ltr'>sq.</span> <span class='ocrx_word' id='word_1_555' title='bbox 711 1903 931 1940; x_wconf 75' lang='lat' dir='ltr'>arqumentum</span> <span class='ocrx_word' id='word_1_556' title='bbox 956 1902 1086 1928; x_wconf 85' lang='lat' dir='ltr'>notatur</span> <span class='ocrx_word' id='word_1_557' title='bbox 1109 1890 1201 1928; x_wconf 84' lang='grc' dir='ltr'><strong><em>Ῥοπ.</em></strong></span> <span class='ocrx_word' id='word_1_558' title='bbox 1220 1896 1274 1936; x_wconf 87' lang='grc'>34,</span> <span class='ocrx_word' id='word_1_559' title='bbox 1288 1901 1315 1927; x_wconf 85' lang='grc'>2.</span> 
     </span>
     <span class='ocr_line' id='line_1_68' title="bbox 266 1935 1758 1984; baseline 0 -11"><span class='ocrx_word' id='word_1_560' title='bbox 266 1941 413 1973; x_wconf 78' lang='lat' dir='ltr'>Alteram</span> <span class='ocrx_word' id='word_1_561' title='bbox 438 1953 510 1984; x_wconf 88' lang='lat' dir='ltr'>cap.</span> <span class='ocrx_word' id='word_1_562' title='bbox 535 1941 615 1975; x_wconf 89' lang='lat' dir='ltr'>XV</span> <span class='ocrx_word' id='word_1_563' title='bbox 628 1947 755 1984; x_wconf 82' lang='lat' dir='ltr'>partem</span> <span class='ocrx_word' id='word_1_564' title='bbox 780 1941 867 1982; x_wconf 82' lang='lat' dir='ltr'>(inde</span> <span class='ocrx_word' id='word_1_565' title='bbox 892 1953 913 1974; x_wconf 87' lang='lat' dir='ltr'>a</span> <span class='ocrx_word' id='word_1_566' title='bbox 935 1953 966 1974; x_wconf 90' lang='grc' dir='ltr'>υ.</span> <span class='ocrx_word' id='word_1_567' title='bbox 981 1941 1023 1974; x_wconf 90' lang='grc'>28</span> <span class='ocrx_word' id='word_1_568' title='bbox 1049 1935 1140 1973; x_wconf 80' lang='grc' dir='ltr'><strong><em>ἀλλὰ</em></strong></span> <span class='ocrx_word' id='word_1_569' title='bbox 1164 1942 1225 1972; x_wconf 86' lang='grc' dir='ltr'>καὶ</span> <span class='ocrx_word' id='word_1_570' title='bbox 1249 1964 1256 1972; x_wconf 93' lang='grc'><strong>.</strong></span> <span class='ocrx_word' id='word_1_571' title='bbox 1272 1964 1278 1972; x_wconf 95' lang='grc'><em>.</em></span> <span class='ocrx_word' id='word_1_572' title='bbox 1295 1941 1316 1981; x_wconf 91' lang='grc'>.)</span> <span class='ocrx_word' id='word_1_573' title='bbox 1337 1945 1367 1973; x_wconf 85' lang='lat' dir='ltr'>et</span> <span class='ocrx_word' id='word_1_574' title='bbox 1390 1951 1417 1973; x_wconf 86' lang='lat' dir='ltr'>c.</span> <span class='ocrx_word' id='word_1_575' title='bbox 1441 1939 1538 1973; x_wconf 87' lang='lat' dir='ltr'>XVI</span> <span class='ocrx_word' id='word_1_576' title='bbox 1556 1952 1610 1983; x_wconf 83' lang='lat' dir='ltr'>pr.</span> <span class='ocrx_word' id='word_1_577' title='bbox 1635 1952 1693 1972; x_wconf 87' lang='lat' dir='ltr'>om.</span> <span class='ocrx_word' id='word_1_578' title='bbox 1719 1939 1758 1973; x_wconf 83' lang='lat' dir='ltr'>S.</span> 
     </span>
    </p>
   </div>
   <div class='ocr_carea' id='block_1_31' title="bbox 127 2013 2380 2694">
    <p class='ocr_par' dir='ltr' id='par_1_31' title="bbox 132 2013 2379 2201">
     <span class='ocr_line' id='line_1_69' title="bbox 132 2013 2377 2063; baseline -0.002 -9"><span class='ocrx_word' id='word_1_579' title='bbox 132 2019 156 2055; x_wconf 90' lang='lat'>1</span> <span class='ocrx_word' id='word_1_580' title='bbox 202 2015 246 2052; x_wconf 85' lang='lat' dir='ltr'>Si</span> <span class='ocrx_word' id='word_1_581' title='bbox 266 2020 386 2052; x_wconf 88' lang='lat' dir='ltr'>autem</span> <span class='ocrx_word' id='word_1_582' title='bbox 410 2016 474 2063; x_wconf 90' lang='lat' dir='ltr'>qui</span> <span class='ocrx_word' id='word_1_583' title='bbox 497 2016 673 2051; x_wconf 87' lang='lat' dir='ltr'>diaconus</span> <span class='ocrx_word' id='word_1_584' title='bbox 698 2016 923 2051; x_wconf 83' lang='lat' dir='ltr'>ordinandus</span> <span class='ocrx_word' id='word_1_585' title='bbox 943 2020 997 2052; x_wconf 87' lang='lat' dir='ltr'>est</span> <span class='ocrx_word' id='word_1_586' title='bbox 1017 2026 1172 2051; x_wconf 82' lang='lat' dir='ltr'>uxorem</span> <span class='ocrx_word' id='word_1_587' title='bbox 1196 2026 1269 2050; x_wconf 89' lang='lat' dir='ltr'>non</span> <span class='ocrx_word' id='word_1_588' title='bbox 1290 2015 1422 2050; x_wconf 73' lang='lat' dir='ltr'>babeat</span> <span class='ocrx_word' id='word_1_589' title='bbox 1443 2015 1639 2050; x_wconf 85' lang='lat' dir='ltr'>secundum</span> <span class='ocrx_word' id='word_1_590' title='bbox 1659 2026 1703 2051; x_wconf 87' lang='lat' dir='ltr'>ea</span> <span class='ocrx_word' id='word_1_591' title='bbox 1724 2025 1818 2061; x_wconf 85' lang='lat' dir='ltr'>quae</span> <span class='ocrx_word' id='word_1_592' title='bbox 1835 2024 1952 2060; x_wconf 86' lang='lat' dir='ltr'>supra</span> <span class='ocrx_word' id='word_1_593' title='bbox 1976 2013 2075 2049; x_wconf 87' lang='lat' dir='ltr'>dicta</span> <span class='ocrx_word' id='word_1_594' title='bbox 2095 2017 2180 2049; x_wconf 85' lang='lat' dir='ltr'>sunt</span> <span class='ocrx_word' id='word_1_595' title='bbox 2202 2014 2274 2049; x_wconf 97' lang='lat' dir='ltr'>sibi</span> <span class='ocrx_word' id='word_1_596' title='bbox 2291 2024 2377 2050; x_wconf 86' lang='lat' dir='ltr'>eon-</span> 
     </span>
     <span class='ocr_line' id='line_1_70' title="bbox 133 2058 2378 2107; baseline -0.002 -9"><span class='ocrx_word' id='word_1_597' title='bbox 133 2064 313 2105; x_wconf 83' lang='lat' dir='ltr'>iunctam,</span> <span class='ocrx_word' id='word_1_598' title='bbox 337 2072 412 2097; x_wconf 87' lang='lat' dir='ltr'>non</span> <span class='ocrx_word' id='word_1_599' title='bbox 436 2061 544 2096; x_wconf 88' lang='lat' dir='ltr'>aliter</span> <span class='ocrx_word' id='word_1_600' title='bbox 567 2065 719 2103; x_wconf 80' lang='lat' dir='ltr'>creetur,</span> <span class='ocrx_word' id='word_1_601' title='bbox 752 2061 823 2095; x_wconf 84' lang='lat' dir='ltr'>nisi</span> <span class='ocrx_word' id='word_1_602' title='bbox 839 2061 951 2107; x_wconf 87' lang='lat' dir='ltr'>prius</span> <span class='ocrx_word' id='word_1_603' title='bbox 974 2061 1019 2096; x_wconf 90' lang='lat' dir='ltr'>ab</span> <span class='ocrx_word' id='word_1_604' title='bbox 1044 2071 1086 2095; x_wconf 91' lang='lat' dir='ltr'>eo</span> <span class='ocrx_word' id='word_1_605' title='bbox 1111 2060 1174 2106; x_wconf 87' lang='lat' dir='ltr'>qui</span> <span class='ocrx_word' id='word_1_606' title='bbox 1197 2071 1276 2095; x_wconf 87' lang='lat' dir='ltr'>eum</span> <span class='ocrx_word' id='word_1_607' title='bbox 1298 2064 1490 2095; x_wconf 80' lang='lat' dir='ltr'>creaturus</span> <span class='ocrx_word' id='word_1_608' title='bbox 1513 2063 1568 2095; x_wconf 85' lang='lat' dir='ltr'>est</span> <span class='ocrx_word' id='word_1_609' title='bbox 1590 2060 1842 2104; x_wconf 77' lang='lat' dir='ltr'>interroqatus</span> <span class='ocrx_word' id='word_1_610' title='bbox 1861 2058 2076 2105; x_wconf 78' lang='lat' dir='ltr'>promiserit</span> <span class='ocrx_word' id='word_1_611' title='bbox 2106 2068 2146 2093; x_wconf 83' lang='lat' dir='ltr'>se</span> <span class='ocrx_word' id='word_1_612' title='bbox 2161 2062 2256 2104; x_wconf 86' lang='lat' dir='ltr'>post</span> <span class='ocrx_word' id='word_1_613' title='bbox 2278 2069 2378 2095; x_wconf 84' lang='lat' dir='ltr'>erea-</span> 
     </span>
     <span class='ocr_line' id='line_1_71' title="bbox 134 2103 2379 2151; baseline -0.002 -8"><span class='ocrx_word' id='word_1_614' title='bbox 134 2109 267 2143; x_wconf 79' lang='lat' dir='ltr'>tionem</span> <span class='ocrx_word' id='word_1_615' title='bbox 296 2107 404 2142; x_wconf 86' lang='lat' dir='ltr'>etiam</span> <span class='ocrx_word' id='word_1_616' title='bbox 435 2106 513 2141; x_wconf 87' lang='lat' dir='ltr'>sine</span> <span class='ocrx_word' id='word_1_617' title='bbox 537 2105 699 2151; x_wconf 81' lang='lat' dir='ltr'>leqitima</span> <span class='ocrx_word' id='word_1_618' title='bbox 722 2116 843 2142; x_wconf 75' lang='lat' dir='ltr'>uxore</span> <span class='ocrx_word' id='word_1_619' title='bbox 867 2108 965 2142; x_wconf 88' lang='lat' dir='ltr'>caste</span> <span class='ocrx_word' id='word_1_620' title='bbox 988 2105 1104 2141; x_wconf 86' lang='lat' dir='ltr'>vivere</span> <span class='ocrx_word' id='word_1_621' title='bbox 1121 2115 1253 2151; x_wconf 84' lang='lat' dir='ltr'>posse,</span> <span class='ocrx_word' id='word_1_622' title='bbox 1284 2115 1371 2140; x_wconf 84' lang='lat' dir='ltr'>neve</span> <span class='ocrx_word' id='word_1_623' title='bbox 1395 2103 1505 2139; x_wconf 85' lang='lat' dir='ltr'>liceat</span> <span class='ocrx_word' id='word_1_624' title='bbox 1533 2104 1567 2140; x_wconf 82' lang='lat' dir='ltr'>ei</span> <span class='ocrx_word' id='word_1_625' title='bbox 1598 2105 1663 2149; x_wconf 83' lang='lat' dir='ltr'>qui</span> <span class='ocrx_word' id='word_1_626' title='bbox 1692 2109 1884 2140; x_wconf 87' lang='lat' dir='ltr'>creaturus</span> <span class='ocrx_word' id='word_1_627' title='bbox 1907 2107 1960 2139; x_wconf 88' lang='lat' dir='ltr'>est</span> <span class='ocrx_word' id='word_1_628' title='bbox 1991 2106 2152 2149; x_wconf 85' lang='lat' dir='ltr'>tempore</span> <span class='ocrx_word' id='word_1_629' title='bbox 2182 2105 2379 2139; x_wconf 86' lang='lat' dir='ltr'>creationis</span> 
     </span>
     <span class='ocr_line' id='line_1_72' title="bbox 133 2147 2378 2201; baseline -0.002 -12"><span class='ocrx_word' id='word_1_630' title='bbox 133 2153 290 2189; x_wconf 82' lang='lat' dir='ltr'>diacono</span> <span class='ocrx_word' id='word_1_631' title='bbox 311 2152 534 2198; x_wconf 79' lang='lat' dir='ltr'>permittere,</span> <span class='ocrx_word' id='word_1_632' title='bbox 558 2154 597 2185; x_wconf 86' lang='lat' dir='ltr'>ut</span> <span class='ocrx_word' id='word_1_633' title='bbox 647 2154 704 2186; x_wconf 89' lang='lat' dir='ltr'>ost</span> <span class='ocrx_word' id='word_1_634' title='bbox 726 2150 946 2187; x_wconf 78' lang='lat' dir='ltr'>creationem</span> <span class='ocrx_word' id='word_1_635' title='bbox 968 2161 1123 2186; x_wconf 77' lang='lat' dir='ltr'>uxorem</span> <span class='ocrx_word' id='word_1_636' title='bbox 1147 2149 1266 2185; x_wconf 87' lang='lat' dir='ltr'>ducat.</span> <span class='ocrx_word' id='word_1_637' title='bbox 1315 2147 1358 2184; x_wconf 87' lang='lat' dir='ltr'>Si</span> <span class='ocrx_word' id='word_1_638' title='bbox 1380 2159 1466 2185; x_wconf 84' lang='lat' dir='ltr'>vero</span> <span class='ocrx_word' id='word_1_639' title='bbox 1493 2148 1563 2184; x_wconf 76' lang='lat' dir='ltr'>boc</span> <span class='ocrx_word' id='word_1_640' title='bbox 1583 2151 1663 2194; x_wconf 75' lang='lat' dir='ltr'>siat,</span> <span class='ocrx_word' id='word_1_641' title='bbox 1689 2150 1755 2195; x_wconf 86' lang='lat' dir='ltr'>qui</span> <span class='ocrx_word' id='word_1_642' title='bbox 1775 2149 1814 2185; x_wconf 88' lang='lat' dir='ltr'>id</span> <span class='ocrx_word' id='word_1_643' title='bbox 1830 2148 2002 2195; x_wconf 78' lang='lat' dir='ltr'>permisit</span> <span class='ocrx_word' id='word_1_644' title='bbox 2023 2149 2145 2195; x_wconf 84' lang='lat' dir='ltr'>episco</span> <span class='ocrx_word' id='word_1_645' title='bbox 2175 2159 2217 2183; x_wconf 89' lang='lat' dir='ltr'>us</span> <span class='ocrx_word' id='word_1_646' title='bbox 2239 2149 2378 2201; x_wconf 86' lang='lat' dir='ltr'>episco-</span> 
     </span>
    </p>

    <p class='ocr_par' dir='ltr' id='par_1_32' title="bbox 127 2193 2380 2423">
     <span class='ocr_line' id='line_1_73' title="bbox 161 2193 2379 2244; baseline -0.002 -10"><span class='ocrx_word' id='word_1_647' title='bbox 161 2202 224 2234; x_wconf 88' lang='lat' dir='ltr'>atu</span> <span class='ocrx_word' id='word_1_648' title='bbox 255 2197 464 2244; x_wconf 82' lang='lat' dir='ltr'>repellatur.</span> <span class='ocrx_word' id='word_1_649' title='bbox 513 2195 592 2239; x_wconf 80' lang='lat' dir='ltr'>Quo</span> <span class='ocrx_word' id='word_1_650' title='bbox 618 2197 653 2231; x_wconf 84' lang='lat' dir='ltr'>si</span> <span class='ocrx_word' id='word_1_651' title='bbox 671 2199 762 2243; x_wconf 88' lang='lat' dir='ltr'>post</span> <span class='ocrx_word' id='word_1_652' title='bbox 792 2196 1011 2232; x_wconf 83' lang='lat' dir='ltr'>creationem</span> <span class='ocrx_word' id='word_1_653' title='bbox 1036 2195 1150 2242; x_wconf 82' lang='lat' dir='ltr'>presb</span> <span class='ocrx_word' id='word_1_654' title='bbox 1180 2199 1233 2230; x_wconf 84' lang='lat' dir='ltr'>ter</span> <span class='ocrx_word' id='word_1_655' title='bbox 1265 2198 1332 2230; x_wconf 85' lang='lat' dir='ltr'>aut</span> <span class='ocrx_word' id='word_1_656' title='bbox 1361 2193 1538 2229; x_wconf 82' lang='lat' dir='ltr'>diaconus</span> <span class='ocrx_word' id='word_1_657' title='bbox 1569 2198 1634 2229; x_wconf 87' lang='lat' dir='ltr'>aut</span> <span class='ocrx_word' id='word_1_658' title='bbox 1662 2194 1908 2230; x_wconf 79' lang='lat' dir='ltr'>subdiaconus</span> <span class='ocrx_word' id='word_1_659' title='bbox 1938 2203 2093 2230; x_wconf 78' lang='lat' dir='ltr'>uxorem</span> <span class='ocrx_word' id='word_1_660' title='bbox 2153 2197 2296 2236; x_wconf 60' lang='lat' dir='ltr'>uacent,</span> <span class='ocrx_word' id='word_1_661' title='bbox 2333 2194 2379 2230; x_wconf 88' lang='lat' dir='ltr'>de</span> 
     </span>
     <span class='ocr_line' id='line_1_74' title="bbox 127 2210 2379 2288; baseline -0.003 -8"><span class='ocrx_word' id='word_1_662' title='bbox 127 2210 158 2280; x_wconf 53' lang='grc' dir='ltr'>ξ</span> <span class='ocrx_word' id='word_1_663' title='bbox 205 2242 301 2279; x_wconf 85' lang='lat' dir='ltr'>clero</span> <span class='ocrx_word' id='word_1_664' title='bbox 326 2242 526 2288; x_wconf 82' lang='lat' dir='ltr'>repellatur</span> <span class='ocrx_word' id='word_1_665' title='bbox 556 2247 591 2277; x_wconf 86' lang='lat' dir='ltr'>et</span> <span class='ocrx_word' id='word_1_666' title='bbox 614 2242 738 2277; x_wconf 87' lang='lat' dir='ltr'>euriae</span> <span class='ocrx_word' id='word_1_667' title='bbox 761 2241 917 2277; x_wconf 86' lang='lat' dir='ltr'>civitatis</span> <span class='ocrx_word' id='word_1_668' title='bbox 946 2241 986 2276; x_wconf 87' lang='lat' dir='ltr'>in</span> <span class='ocrx_word' id='word_1_669' title='bbox 1017 2251 1091 2286; x_wconf 90' lang='lat' dir='ltr'>qua</span> <span class='ocrx_word' id='word_1_670' title='bbox 1123 2250 1142 2273; x_wconf 88' lang='lat' dir='ltr'>c</span> <span class='ocrx_word' id='word_1_671' title='bbox 1177 2239 1276 2275; x_wconf 69' lang='lat' dir='ltr'>ricus</span> <span class='ocrx_word' id='word_1_672' title='bbox 1306 2243 1387 2275; x_wconf 83' lang='lat' dir='ltr'>erat</span> <span class='ocrx_word' id='word_1_673' title='bbox 1417 2249 1497 2274; x_wconf 90' lang='lat' dir='ltr'>cum</span> <span class='ocrx_word' id='word_1_674' title='bbox 1528 2238 1635 2274; x_wconf 88' lang='lat' dir='ltr'>rebus</span> <span class='ocrx_word' id='word_1_675' title='bbox 1656 2239 1733 2275; x_wconf 87' lang='lat' dir='ltr'>suis</span> <span class='ocrx_word' id='word_1_676' title='bbox 1757 2238 1936 2274; x_wconf 85' lang='lat' dir='ltr'>tradatur.</span> <span class='ocrx_word' id='word_1_677' title='bbox 2074 2237 2117 2273; x_wconf 85' lang='lat' dir='ltr'>Si</span> <span class='ocrx_word' id='word_1_678' title='bbox 2146 2249 2232 2275; x_wconf 89' lang='lat' dir='ltr'>vero</span> <span class='ocrx_word' id='word_1_679' title='bbox 2265 2239 2379 2275; x_wconf 84' lang='lat' dir='ltr'>lector</span> 
     </span>
     <span class='ocr_line' id='line_1_75' title="bbox 133 2282 2379 2332; baseline -0.002 -7"><span class='ocrx_word' id='word_1_680' title='bbox 133 2288 329 2325; x_wconf 87' lang='lat' dir='ltr'>secundam</span> <span class='ocrx_word' id='word_1_681' title='bbox 359 2297 514 2323; x_wconf 80' lang='lat' dir='ltr'>uxorem</span> <span class='ocrx_word' id='word_1_682' title='bbox 545 2286 714 2328; x_wconf 74' lang='lat' dir='ltr'>duxerit,</span> <span class='ocrx_word' id='word_1_683' title='bbox 748 2286 805 2322; x_wconf 88' lang='lat' dir='ltr'>vel</span> <span class='ocrx_word' id='word_1_684' title='bbox 828 2286 990 2332; x_wconf 86' lang='lat' dir='ltr'>primam</span> <span class='ocrx_word' id='word_1_685' title='bbox 1021 2284 1164 2331; x_wconf 86' lang='lat' dir='ltr'>quidem</span> <span class='ocrx_word' id='word_1_686' title='bbox 1198 2284 1263 2321; x_wconf 87' lang='lat' dir='ltr'>sed</span> <span class='ocrx_word' id='word_1_687' title='bbox 1292 2284 1434 2320; x_wconf 85' lang='lat' dir='ltr'>viduam</span> <span class='ocrx_word' id='word_1_688' title='bbox 1468 2284 1525 2320; x_wconf 85' lang='lat' dir='ltr'>vel</span> <span class='ocrx_word' id='word_1_689' title='bbox 1553 2288 1762 2330; x_wconf 85' lang='lat' dir='ltr'>separatam</span> <span class='ocrx_word' id='word_1_690' title='bbox 1797 2295 1820 2319; x_wconf 87' lang='lat' dir='ltr'>a</span> <span class='ocrx_word' id='word_1_691' title='bbox 1852 2284 1929 2319; x_wconf 83' lang='lat' dir='ltr'>viro</span> <span class='ocrx_word' id='word_1_692' title='bbox 1964 2283 2022 2320; x_wconf 81' lang='lat' dir='ltr'>vel</span> <span class='ocrx_word' id='word_1_693' title='bbox 2050 2282 2190 2329; x_wconf 79' lang='lat' dir='ltr'>leqibus</span> <span class='ocrx_word' id='word_1_694' title='bbox 2221 2284 2379 2321; x_wconf 75' lang='lat' dir='ltr'>sacri-we</span> 
     </span>
     <span class='ocr_line' id='line_1_76' title="bbox 134 2328 2380 2413; baseline -0.002 -44"><span class='ocrx_word' id='word_1_695' title='bbox 134 2333 335 2370; x_wconf 87' lang='lat' dir='ltr'>canonibus</span> <span class='ocrx_word' id='word_1_696' title='bbox 358 2332 607 2413; x_wconf 61' lang='lat' dir='ltr'>rZ‘lJrobatam,</span> <span class='ocrx_word' id='word_1_697' title='bbox 633 2342 861 2383; x_wconf 76' lang='lat' dir='ltr'>nequaquam</span> <span class='ocrx_word' id='word_1_698' title='bbox 884 2331 923 2365; x_wconf 89' lang='lat' dir='ltr'>in</span> <span class='ocrx_word' id='word_1_699' title='bbox 942 2330 1053 2366; x_wconf 85' lang='lat' dir='ltr'>alium</span> <span class='ocrx_word' id='word_1_700' title='bbox 1077 2329 1357 2365; x_wconf 84' lang='lat' dir='ltr'>ecclesiasticum</span> <span class='ocrx_word' id='word_1_701' title='bbox 1381 2329 1537 2381; x_wconf 75' lang='lat' dir='ltr'>qradum</span> <span class='ocrx_word' id='word_1_702' title='bbox 1552 2329 1737 2375; x_wconf 87' lang='lat' dir='ltr'>procedat</span> <span class='ocrx_word' id='word_1_703' title='bbox 1742 2341 1758 2371; x_wconf 90' lang='lat'>,·</span> <span class='ocrx_word' id='word_1_704' title='bbox 1781 2328 1912 2375; x_wconf 85' lang='lat' dir='ltr'>quodsi</span> <span class='ocrx_word' id='word_1_705' title='bbox 1934 2328 2188 2375; x_wconf 84' lang='lat' dir='ltr'>qualicumque</span> <span class='ocrx_word' id='word_1_706' title='bbox 2210 2328 2317 2365; x_wconf 91' lang='lat' dir='ltr'>modo</span> <span class='ocrx_word' id='word_1_707' title='bbox 2340 2330 2380 2365; x_wconf 83' lang='lat' dir='ltr'>in</span> 
     </span>
     <span class='ocr_line' id='line_1_77' title="bbox 134 2374 1528 2423; baseline -0.004 -8"><span class='ocrx_word' id='word_1_708' title='bbox 134 2379 308 2416; x_wconf 88' lang='lat' dir='ltr'>maiorem</span> <span class='ocrx_word' id='word_1_709' title='bbox 334 2389 378 2413; x_wconf 92' lang='lat' dir='ltr'>or</span> <span class='ocrx_word' id='word_1_710' title='bbox 405 2379 497 2413; x_wconf 80' lang='lat' dir='ltr'>inem</span> <span class='ocrx_word' id='word_1_711' title='bbox 517 2382 707 2423; x_wconf 83' lang='lat' dir='ltr'>promotus</span> <span class='ocrx_word' id='word_1_712' title='bbox 730 2381 788 2418; x_wconf 80' lang='lat' dir='ltr'>sit,</span> <span class='ocrx_word' id='word_1_713' title='bbox 814 2376 1014 2422; x_wconf 81' lang='lat' dir='ltr'>repellatur</span> <span class='ocrx_word' id='word_1_714' title='bbox 1037 2385 1079 2410; x_wconf 89' lang='lat' dir='ltr'>eo</span> <span class='ocrx_word' id='word_1_715' title='bbox 1104 2378 1140 2410; x_wconf 89' lang='lat' dir='ltr'>et</span> <span class='ocrx_word' id='word_1_716' title='bbox 1155 2374 1281 2422; x_wconf 86' lang='lat' dir='ltr'>priori</span> <span class='ocrx_word' id='word_1_717' title='bbox 1303 2378 1528 2410; x_wconf 69' lang='lat' dir='ltr'>restituatur.</span> 
     </span>
    </p>

    <p class='ocr_par' dir='ltr' id='par_1_33' title="bbox 134 2416 2380 2694">
     <span class='ocr_line' id='line_1_78' title="bbox 271 2416 2377 2472; baseline -0 -16"><span class='ocrx_word' id='word_1_718' title='bbox 271 2423 349 2459; x_wconf 90' lang='lat' dir='ltr'>XV.</span> <span class='ocrx_word' id='word_1_719' title='bbox 399 2422 473 2458; x_wconf 82' lang='lat' dir='ltr'>Sed</span> <span class='ocrx_word' id='word_1_720' title='bbox 494 2433 539 2457; x_wconf 91' lang='lat' dir='ltr'>ne</span> <span class='ocrx_word' id='word_1_721' title='bbox 563 2422 718 2458; x_wconf 83' lang='lat' dir='ltr'>curiales</span> <span class='ocrx_word' id='word_1_722' title='bbox 742 2421 884 2468; x_wconf 85' lang='lat' dir='ltr'>quidem</span> <span class='ocrx_word' id='word_1_723' title='bbox 916 2425 980 2456; x_wconf 86' lang='lat' dir='ltr'>aut</span> <span class='ocrx_word' id='word_1_724' title='bbox 1003 2419 1185 2472; x_wconf 84' lang='lat' dir='ltr'>officiales</span> <span class='ocrx_word' id='word_1_725' title='bbox 1214 2419 1338 2455; x_wconf 84' lang='lat' dir='ltr'>clerici</span> <span class='ocrx_word' id='word_1_726' title='bbox 1358 2420 1469 2465; x_wconf 78' lang='lat' dir='ltr'>fiant,</span> <span class='ocrx_word' id='word_1_727' title='bbox 1500 2429 1546 2455; x_wconf 90' lang='lat' dir='ltr'>ne</span> <span class='ocrx_word' id='word_1_728' title='bbox 1569 2429 1643 2465; x_wconf 87' lang='lat' dir='ltr'>qua</span> <span class='ocrx_word' id='word_1_729' title='bbox 1676 2417 1761 2454; x_wconf 81' lang='lat' dir='ltr'>inde</span> <span class='ocrx_word' id='word_1_730' title='bbox 1792 2416 1988 2454; x_wconf 82' lang='lat' dir='ltr'>venerabili</span> <span class='ocrx_word' id='word_1_731' title='bbox 2019 2417 2116 2454; x_wconf 84' lang='lat' dir='ltr'>clero</span> <span class='ocrx_word' id='word_1_732' title='bbox 2139 2418 2277 2454; x_wconf 85' lang='lat' dir='ltr'>iniuria</span> <span class='ocrx_word' id='word_1_733' title='bbox 2296 2419 2377 2464; x_wconf 82' lang='lat' dir='ltr'>fiat.</span> 
     </span>
     <span class='ocr_line' id='line_1_79' title="bbox 134 2462 2379 2514; baseline -0.003 -9"><span class='ocrx_word' id='word_1_734' title='bbox 134 2468 274 2514; x_wconf 77' lang='lat' dir='ltr'>Quodsi</span> <span class='ocrx_word' id='word_1_735' title='bbox 295 2468 471 2504; x_wconf 87' lang='lat' dir='ltr'>eiusmodi</span> <span class='ocrx_word' id='word_1_736' title='bbox 486 2478 671 2514; x_wconf 84' lang='lat' dir='ltr'>personae</span> <span class='ocrx_word' id='word_1_737' title='bbox 693 2467 731 2501; x_wconf 88' lang='lat' dir='ltr'>in</span> <span class='ocrx_word' id='word_1_738' title='bbox 756 2467 890 2502; x_wconf 80' lang='lat' dir='ltr'>clerum</span> <span class='ocrx_word' id='word_1_739' title='bbox 914 2465 1044 2501; x_wconf 74' lang='lat' dir='ltr'>adlecti</span> <span class='ocrx_word' id='word_1_740' title='bbox 1069 2465 1160 2507; x_wconf 84' lang='lat' dir='ltr'>sint,</span> <span class='ocrx_word' id='word_1_741' title='bbox 1193 2468 1377 2511; x_wconf 84' lang='lat' dir='ltr'>tamquam</span> <span class='ocrx_word' id='word_1_742' title='bbox 1401 2475 1475 2500; x_wconf 92' lang='lat' dir='ltr'>non</span> <span class='ocrx_word' id='word_1_743' title='bbox 1497 2464 1604 2510; x_wconf 84' lang='lat' dir='ltr'>facta</span> <span class='ocrx_word' id='word_1_744' title='bbox 1628 2463 1810 2499; x_wconf 85' lang='lat' dir='ltr'>creatione</span> <span class='ocrx_word' id='word_1_745' title='bbox 1838 2462 2043 2499; x_wconf 81' lang='lat' dir='ltr'>condicioni</span> <span class='ocrx_word' id='word_1_746' title='bbox 2072 2474 2161 2499; x_wconf 87' lang='lat' dir='ltr'>suae</span> <span class='ocrx_word' id='word_1_747' title='bbox 2184 2463 2379 2500; x_wconf 81' lang='lat' dir='ltr'>restituan-</span> 
     </span>
     <span class='ocr_line' id='line_1_80' title="bbox 135 2507 2380 2559; baseline -0.002 -9"><span class='ocrx_word' id='word_1_748' title='bbox 135 2521 206 2556; x_wconf 87' lang='lat' dir='ltr'>tur,</span> <span class='ocrx_word' id='word_1_749' title='bbox 238 2514 308 2550; x_wconf 84' lang='lat' dir='ltr'>nisi</span> <span class='ocrx_word' id='word_1_750' title='bbox 329 2514 432 2559; x_wconf 86' lang='lat' dir='ltr'>forte</span> <span class='ocrx_word' id='word_1_751' title='bbox 455 2513 538 2559; x_wconf 85' lang='lat' dir='ltr'>quis</span> <span class='ocrx_word' id='word_1_752' title='bbox 561 2523 611 2548; x_wconf 81' lang='lat' dir='ltr'>ex</span> <span class='ocrx_word' id='word_1_753' title='bbox 634 2512 680 2548; x_wconf 81' lang='lat' dir='ltr'>iis</span> <span class='ocrx_word' id='word_1_754' title='bbox 703 2512 812 2548; x_wconf 86' lang='lat' dir='ltr'>vitam</span> <span class='ocrx_word' id='word_1_755' title='bbox 836 2510 1083 2547; x_wconf 78' lang='lat' dir='ltr'>monachicam</span> <span class='ocrx_word' id='word_1_756' title='bbox 1113 2520 1188 2545; x_wconf 86' lang='lat' dir='ltr'>non</span> <span class='ocrx_word' id='word_1_757' title='bbox 1211 2510 1330 2546; x_wconf 81' lang='lat' dir='ltr'>minus</span> <span class='ocrx_word' id='word_1_758' title='bbox 1353 2509 1556 2555; x_wconf 84' lang='lat' dir='ltr'>quindecim</span> <span class='ocrx_word' id='word_1_759' title='bbox 1581 2509 1688 2544; x_wconf 85' lang='lat' dir='ltr'>annis</span> <span class='ocrx_word' id='word_1_760' title='bbox 1711 2509 1949 2554; x_wconf 81' lang='lat' dir='ltr'>transeqerit:</span> <span class='ocrx_word' id='word_1_761' title='bbox 1988 2507 2078 2544; x_wconf 89' lang='lat' dir='ltr'>tales</span> <span class='ocrx_word' id='word_1_762' title='bbox 2101 2509 2195 2544; x_wconf 86' lang='lat' dir='ltr'>enim</span> <span class='ocrx_word' id='word_1_763' title='bbox 2218 2508 2380 2546; x_wconf 75' lang='lat' dir='ltr'>homines</span> 
     </span>
     <span class='ocr_line' id='line_1_81' title="bbox 135 2552 2379 2610; baseline -0.003 -13"><span class='ocrx_word' id='word_1_764' title='bbox 135 2559 255 2597; x_wconf 85' lang='lat' dir='ltr'>creari</span> <span class='ocrx_word' id='word_1_765' title='bbox 276 2559 448 2599; x_wconf 87' lang='lat' dir='ltr'>iubemus,</span> <span class='ocrx_word' id='word_1_766' title='bbox 472 2562 513 2593; x_wconf 90' lang='lat' dir='ltr'>ut</span> <span class='ocrx_word' id='word_1_767' title='bbox 526 2557 664 2594; x_wconf 86' lang='lat' dir='ltr'>scilicet</span> <span class='ocrx_word' id='word_1_768' title='bbox 687 2557 846 2603; x_wconf 76' lang='lat' dir='ltr'>leqitima</span> <span class='ocrx_word' id='word_1_769' title='bbox 868 2567 960 2610; x_wconf 86' lang='lat' dir='ltr'>pars</span> <span class='ocrx_word' id='word_1_770' title='bbox 984 2567 1007 2591; x_wconf 89' lang='lat' dir='ltr'>a</span> <span class='ocrx_word' id='word_1_771' title='bbox 1030 2555 1162 2591; x_wconf 87' lang='lat' dir='ltr'>curiali</span> <span class='ocrx_word' id='word_1_772' title='bbox 1185 2555 1308 2591; x_wconf 85' lang='lat' dir='ltr'>curiae</span> <span class='ocrx_word' id='word_1_773' title='bbox 1329 2560 1366 2591; x_wconf 91' lang='lat' dir='ltr'>et</span> <span class='ocrx_word' id='word_1_774' title='bbox 1384 2555 1476 2600; x_wconf 78' lang='lat' dir='ltr'>fisco</span> <span class='ocrx_word' id='word_1_775' title='bbox 1493 2554 1607 2590; x_wconf 86' lang='lat' dir='ltr'>detur.</span> <span class='ocrx_word' id='word_1_776' title='bbox 1655 2553 1730 2590; x_wconf 87' lang='lat' dir='ltr'>Sed</span> <span class='ocrx_word' id='word_1_777' title='bbox 1743 2554 1850 2590; x_wconf 88' lang='lat' dir='ltr'>etiam</span> <span class='ocrx_word' id='word_1_778' title='bbox 1870 2554 1911 2588; x_wconf 82' lang='lat' dir='ltr'>in</span> <span class='ocrx_word' id='word_1_779' title='bbox 1928 2553 2062 2588; x_wconf 87' lang='lat' dir='ltr'>clerum</span> <span class='ocrx_word' id='word_1_780' title='bbox 2081 2552 2215 2589; x_wconf 84' lang='lat' dir='ltr'>adlecti</span> <span class='ocrx_word' id='word_1_781' title='bbox 2230 2554 2268 2589; x_wconf 88' lang='lat' dir='ltr'>di</span> <span class='ocrx_word' id='word_1_782' title='bbox 2294 2565 2379 2590; x_wconf 91' lang='lat' dir='ltr'>nam</span> 
     </span>
     <span class='ocr_line' id='line_1_82' title="bbox 134 2598 2379 2649; baseline -0.003 -8"><span class='ocrx_word' id='word_1_783' title='bbox 134 2603 314 2641; x_wconf 78' lang='lat' dir='ltr'>monacho</span> <span class='ocrx_word' id='word_1_784' title='bbox 344 2604 454 2639; x_wconf 85' lang='lat' dir='ltr'>vitam</span> <span class='ocrx_word' id='word_1_785' title='bbox 480 2608 678 2649; x_wconf 82' lang='lat' dir='ltr'>peraqant.</span> <span class='ocrx_word' id='word_1_786' title='bbox 726 2602 822 2638; x_wconf 85' lang='lat' dir='ltr'>Nam</span> <span class='ocrx_word' id='word_1_787' title='bbox 844 2613 875 2637; x_wconf 82' lang='lat' dir='ltr'>si</span> <span class='ocrx_word' id='word_1_788' title='bbox 900 2602 982 2647; x_wconf 87' lang='lat' dir='ltr'>quis</span> <span class='ocrx_word' id='word_1_789' title='bbox 1005 2611 1055 2637; x_wconf 80' lang='lat' dir='ltr'>ex</span> <span class='ocrx_word' id='word_1_790' title='bbox 1078 2600 1124 2636; x_wconf 81' lang='lat' dir='ltr'>iis</span> <span class='ocrx_word' id='word_1_791' title='bbox 1152 2603 1239 2646; x_wconf 88' lang='lat' dir='ltr'>post</span> <span class='ocrx_word' id='word_1_792' title='bbox 1262 2600 1435 2636; x_wconf 75' lang='lat' dir='ltr'>bonorem</span> <span class='ocrx_word' id='word_1_793' title='bbox 1468 2599 1660 2636; x_wconf 85' lang='lat' dir='ltr'>clericatus</span> <span class='ocrx_word' id='word_1_794' title='bbox 1691 2609 1847 2635; x_wconf 78' lang='lat' dir='ltr'>uxorem</span> <span class='ocrx_word' id='word_1_795' title='bbox 1880 2598 2029 2634; x_wconf 77' lang='lat' dir='ltr'>duxerit</span> <span class='ocrx_word' id='word_1_796' title='bbox 2057 2598 2114 2634; x_wconf 84' lang='lat' dir='ltr'>vel</span> <span class='ocrx_word' id='word_1_797' title='bbox 2143 2609 2256 2635; x_wconf 86' lang='lat' dir='ltr'>concu</span> <span class='ocrx_word' id='word_1_798' title='bbox 2281 2600 2379 2635; x_wconf 84' lang='lat' dir='ltr'>inam</span> 
     </span>
     <span class='ocr_line' id='line_1_83' title="bbox 136 2643 2378 2694; baseline -0.002 -9"><span class='ocrx_word' id='word_1_799' title='bbox 136 2650 318 2692; x_wconf 79' lang='lat' dir='ltr'>habuerit,</span> <span class='ocrx_word' id='word_1_800' title='bbox 348 2649 472 2684; x_wconf 88' lang='lat' dir='ltr'>curiae</span> <span class='ocrx_word' id='word_1_801' title='bbox 502 2648 558 2684; x_wconf 85' lang='lat' dir='ltr'>vel</span> <span class='ocrx_word' id='word_1_802' title='bbox 588 2648 715 2693; x_wconf 83' lang='lat' dir='ltr'>officio</span> <span class='ocrx_word' id='word_1_803' title='bbox 748 2647 804 2684; x_wconf 79' lang='lat' dir='ltr'>vel</span> <span class='ocrx_word' id='word_1_804' title='bbox 830 2648 1007 2694; x_wconf 84' lang='lat' dir='ltr'>fortunae</span> <span class='ocrx_word' id='word_1_805' title='bbox 1037 2645 1096 2681; x_wconf 89' lang='lat' dir='ltr'>cui</span> <span class='ocrx_word' id='word_1_806' title='bbox 1118 2645 1299 2681; x_wconf 83' lang='lat' dir='ltr'>subiectus</span> <span class='ocrx_word' id='word_1_807' title='bbox 1321 2650 1402 2682; x_wconf 86' lang='lat' dir='ltr'>erat</span> <span class='ocrx_word' id='word_1_808' title='bbox 1424 2645 1611 2686; x_wconf 86' lang='lat' dir='ltr'>reddatur,</span> <span class='ocrx_word' id='word_1_809' title='bbox 1643 2644 1875 2691; x_wconf 82' lang='lat' dir='ltr'>quantumvis</span> <span class='ocrx_word' id='word_1_810' title='bbox 1903 2644 1942 2679; x_wconf 83' lang='lat' dir='ltr'>in</span> <span class='ocrx_word' id='word_1_811' title='bbox 1967 2643 2074 2679; x_wconf 87' lang='lat' dir='ltr'>talem</span> <span class='ocrx_word' id='word_1_812' title='bbox 2098 2643 2378 2680; x_wconf 82' lang='lat' dir='ltr'>ecclesiasticum</span> 
     </span>
    </p>
   </div>
   <div class='ocr_carea' id='block_1_32' title="bbox 137 2722 1228 3723">
    <p class='ocr_par' dir='ltr' id='par_1_34' title="bbox 137 2722 1228 3723">
     <span class='ocr_line' id='line_1_84' title="bbox 190 2722 1222 2771; baseline -0.005 -7"><span class='ocrx_word' id='word_1_813' title='bbox 190 2731 210 2764; x_wconf 87' lang='lat'>2</span> <span class='ocrx_word' id='word_1_814' title='bbox 227 2727 443 2771; x_wconf 79' lang='grc' dir='ltr'><strong><em>ζευχθεῖσαν</em></strong></span> <span class='ocrx_word' id='word_1_815' title='bbox 459 2724 559 2768; x_wconf 73' lang='grc' dir='ltr'><strong><em>αὐτῷ</em></strong></span> <span class='ocrx_word' id='word_1_816' title='bbox 576 2725 679 2760; x_wconf 83' lang='grc' dir='ltr'><strong><em>καθὰ</em></strong></span> <span class='ocrx_word' id='word_1_817' title='bbox 696 2722 871 2771; x_wconf 75' lang='grc' dir='ltr'><strong><em>ἀνωτέρω</em></strong></span> <span class='ocrx_word' id='word_1_818' title='bbox 888 2725 1025 2770; x_wconf 79' lang='grc' dir='ltr'><strong><em>εἴρηται</em></strong></span> <span class='ocrx_word' id='word_1_819' title='bbox 1042 2724 1222 2759; x_wconf 57' lang='lat' dir='ltr'>Nomen-‚dm</span> 
     </span>
     <span class='ocr_line' id='line_1_85' title="bbox 137 2768 1222 2818; baseline -0.005 -9"><span class='ocrx_word' id='word_1_820' title='bbox 137 2778 170 2817; x_wconf 76' lang='lat'>9,</span> <span class='ocrx_word' id='word_1_821' title='bbox 183 2782 218 2808; x_wconf 79' lang='lat'>22</span> <span class='ocrx_word' id='word_1_822' title='bbox 236 2775 248 2818; x_wconf 92' lang='grc' dir='ltr'>ΙΙ</span> <span class='ocrx_word' id='word_1_823' title='bbox 266 2775 285 2808; x_wconf 93' lang='grc'><strong>3</strong></span> <span class='ocrx_word' id='word_1_824' title='bbox 312 2769 384 2807; x_wconf 73' lang='grc' dir='ltr'><strong><em>ὑπὸ</em></strong></span> <span class='ocrx_word' id='word_1_825' title='bbox 400 2773 455 2814; x_wconf 89' lang='lat' dir='ltr'>M]</span> <span class='ocrx_word' id='word_1_826' title='bbox 481 2768 555 2806; x_wconf 84' lang='grc' dir='ltr'>ἀπὸ</span> <span class='ocrx_word' id='word_1_827' title='bbox 576 2772 644 2805; x_wconf 83' lang='lat' dir='ltr'>LB</span> <span class='ocrx_word' id='word_1_828' title='bbox 661 2772 673 2815; x_wconf 84' lang='grc' dir='ltr'>ΙΙ</span> <span class='ocrx_word' id='word_1_829' title='bbox 696 2774 717 2805; x_wconf 90' lang='grc'>4</span> <span class='ocrx_word' id='word_1_830' title='bbox 738 2769 974 2817; x_wconf 82' lang='grc' dir='ltr'><strong><em>έπαγγέλεται</em></strong></span> <span class='ocrx_word' id='word_1_831' title='bbox 994 2772 1025 2804; x_wconf 93' lang='lat' dir='ltr'><em>L</em></span> <span class='ocrx_word' id='word_1_832' title='bbox 1045 2770 1057 2815; x_wconf 74' lang='lat' dir='ltr'>ss</span> <span class='ocrx_word' id='word_1_833' title='bbox 1075 2774 1093 2804; x_wconf 87' lang='lat'>5</span> <span class='ocrx_word' id='word_1_834' title='bbox 1117 2770 1222 2814; x_wconf 83' lang='grc' dir='ltr'><strong><em>μετὰ]</em></strong></span> 
     </span>
     <span class='ocr_line' id='line_1_86' title="bbox 137 2816 1224 2863; baseline -0.003 -10"><span class='ocrx_word' id='word_1_835' title='bbox 137 2822 196 2853; x_wconf 84' lang='grc' dir='ltr'>καὶ</span> <span class='ocrx_word' id='word_1_836' title='bbox 218 2818 312 2863; x_wconf 84' lang='grc' dir='ltr'><strong><em>μετὰ</em></strong></span> <span class='ocrx_word' id='word_1_837' title='bbox 337 2819 499 2852; x_wconf 73' lang='grc' dir='ltr'>Νοηιοο.ἠ</span> <span class='ocrx_word' id='word_1_838' title='bbox 523 2817 535 2861; x_wconf 70' lang='grc' dir='ltr'>ΙΙ</span> <span class='ocrx_word' id='word_1_839' title='bbox 560 2819 620 2850; x_wconf 80' lang='grc' dir='ltr'>καὶ</span> <span class='ocrx_word' id='word_1_840' title='bbox 644 2829 701 2851; x_wconf 89' lang='lat' dir='ltr'>om.</span> <span class='ocrx_word' id='word_1_841' title='bbox 717 2816 896 2851; x_wconf 72' lang='lat' dir='ltr'>Nemee-‘¹⁷¹²</span> <span class='ocrx_word' id='word_1_842' title='bbox 914 2816 927 2860; x_wconf 78' lang='grc' dir='ltr'>Η</span> <span class='ocrx_word' id='word_1_843' title='bbox 942 2818 1095 2859; x_wconf 91' lang='grc' dir='ltr'><strong><em>νομίμου</em></strong></span> <span class='ocrx_word' id='word_1_844' title='bbox 1117 2827 1224 2862; x_wconf 79' lang='grc' dir='ltr'><strong><em>γαμε-</em></strong></span> 
     </span>
     <span class='ocr_line' id='line_1_87' title="bbox 137 2860 1225 2909; baseline -0.005 -10"><span class='ocrx_word' id='word_1_845' title='bbox 137 2866 198 2907; x_wconf 77' lang='grc' dir='ltr'>τῆς</span> <span class='ocrx_word' id='word_1_846' title='bbox 211 2866 242 2898; x_wconf 80' lang='lat' dir='ltr'><em>L</em></span> <span class='ocrx_word' id='word_1_847' title='bbox 259 2866 410 2907; x_wconf 82' lang='grc' dir='ltr'><strong><em>νομίμης</em></strong></span> <span class='ocrx_word' id='word_1_848' title='bbox 423 2861 591 2909; x_wconf 83' lang='grc' dir='ltr'><strong><em>γυναικὸς</em></strong></span> <span class='ocrx_word' id='word_1_849' title='bbox 599 2862 791 2905; x_wconf 66' lang='grc' dir='ltr'><strong><em>Νοιηοο.ᾱ’”,</em></strong></span> <span class='ocrx_word' id='word_1_850' title='bbox 806 2864 956 2904; x_wconf 86' lang='grc' dir='ltr'><strong><em>νομίμης</em></strong></span> <span class='ocrx_word' id='word_1_851' title='bbox 971 2874 1029 2894; x_wconf 89' lang='lat' dir='ltr'>om.</span> <span class='ocrx_word' id='word_1_852' title='bbox 1042 2861 1077 2893; x_wconf 90' lang='lat' dir='ltr'><em>B</em></span> <span class='ocrx_word' id='word_1_853' title='bbox 1095 2860 1108 2904; x_wconf 85' lang='grc' dir='ltr'>ΙΙ</span> <span class='ocrx_word' id='word_1_854' title='bbox 1124 2862 1144 2895; x_wconf 88' lang='grc'>6</span> <span class='ocrx_word' id='word_1_855' title='bbox 1155 2873 1225 2903; x_wconf 84' lang='grc' dir='ltr'><strong><em>χει-</em></strong></span> 
     </span>
     <span class='ocr_line' id='line_1_88' title="bbox 138 2903 1224 2955; baseline -0.004 -11"><span class='ocrx_word' id='word_1_856' title='bbox 138 2909 402 2955; x_wconf 86' lang='grc' dir='ltr'><strong><em>ροτονήσαντος</em></strong></span> <span class='ocrx_word' id='word_1_857' title='bbox 424 2909 453 2942; x_wconf 87' lang='lat' dir='ltr'><strong><em>S</em></strong></span> <span class='ocrx_word' id='word_1_858' title='bbox 477 2908 490 2951; x_wconf 85' lang='grc' dir='ltr'>ΙΙ</span> <span class='ocrx_word' id='word_1_859' title='bbox 515 2910 533 2942; x_wconf 88' lang='lat'><strong>7</strong></span> <span class='ocrx_word' id='word_1_860' title='bbox 559 2908 612 2949; x_wconf 80' lang='grc' dir='ltr'>τῷ</span> <span class='ocrx_word' id='word_1_861' title='bbox 638 2904 810 2950; x_wconf 82' lang='grc' dir='ltr'><strong><em>διακόνῳ]</em></strong></span> <span class='ocrx_word' id='word_1_862' title='bbox 839 2905 862 2949; x_wconf 80' lang='grc' dir='ltr'><em>ἢ</em></span> <span class='ocrx_word' id='word_1_863' title='bbox 886 2903 1119 2948; x_wconf 75' lang='grc' dir='ltr'><strong><em>ὑποδιακόνῳ</em></strong></span> <span class='ocrx_word' id='word_1_864' title='bbox 1146 2908 1224 2940; x_wconf 84' lang='lat' dir='ltr'>add.</span> 
     </span>
     <span class='ocr_line' id='line_1_89' title="bbox 139 2951 1225 2997; baseline -0.003 -10"><span class='ocrx_word' id='word_1_865' title='bbox 139 2956 167 2989; x_wconf 86' lang='lat' dir='ltr'><strong><em>S</em></strong></span> <span class='ocrx_word' id='word_1_866' title='bbox 177 2956 335 2997; x_wconf 79' lang='lat' dir='ltr'>plerique,</span> <span class='ocrx_word' id='word_1_867' title='bbox 350 2965 369 2989; x_wconf 85' lang='grc' dir='ltr'><strong><em>ς</em></strong></span> <span class='ocrx_word' id='word_1_868' title='bbox 384 2953 396 2992; x_wconf 80' lang='grc' dir='ltr'>ΙΙ</span> <span class='ocrx_word' id='word_1_869' title='bbox 416 2955 435 2987; x_wconf 90' lang='grc'>8</span> <span class='ocrx_word' id='word_1_870' title='bbox 459 2951 586 2996; x_wconf 85' lang='grc' dir='ltr'><strong><em>λαβεῖν</em></strong></span> <span class='ocrx_word' id='word_1_871' title='bbox 606 2953 770 2986; x_wconf 84' lang='lat' dir='ltr'>Nomoc.m</span> <span class='ocrx_word' id='word_1_872' title='bbox 792 2952 804 2996; x_wconf 85' lang='grc' dir='ltr'>ΙΙ</span> <span class='ocrx_word' id='word_1_873' title='bbox 823 2951 854 2985; x_wconf 84' lang='grc' dir='ltr'>εἰ</span> <span class='ocrx_word' id='word_1_874' title='bbox 866 2953 1069 2997; x_wconf 86' lang='grc' dir='ltr'><strong><em>-γένηται</em></strong></span> <span class='ocrx_word' id='word_1_875' title='bbox 1094 2963 1152 2984; x_wconf 87' lang='lat' dir='ltr'>om.</span> <span class='ocrx_word' id='word_1_876' title='bbox 1171 2963 1191 2988; x_wconf 80' lang='grc' dir='ltr'><strong><em>ς</em></strong></span> <span class='ocrx_word' id='word_1_877' title='bbox 1214 2951 1225 2995; x_wconf 82' lang='grc' dir='ltr'>Η</span> 
     </span>
     <span class='ocr_line' id='line_1_90' title="bbox 141 2992 1225 3075; baseline -0.004 -41"><span class='ocrx_word' id='word_1_878' title='bbox 141 3002 179 3034; x_wconf 91' lang='grc'>11</span> <span class='ocrx_word' id='word_1_879' title='bbox 199 2995 222 3041; x_wconf 87' lang='grc' dir='ltr'><em>ἢ</em></span> <span class='ocrx_word' id='word_1_880' title='bbox 239 2994 478 3033; x_wconf 73' lang='grc' dir='ltr'><strong><em>ὑποδιάκονος</em></strong></span> <span class='ocrx_word' id='word_1_881' title='bbox 494 3010 552 3030; x_wconf 88' lang='lat' dir='ltr'>om.</span> <span class='ocrx_word' id='word_1_882' title='bbox 567 2997 729 3030; x_wconf 85' lang='lat' dir='ltr'>Nomoc.m</span> <span class='ocrx_word' id='word_1_883' title='bbox 740 2999 771 3039; x_wconf 87' lang='grc'><strong><em>9,</em></strong></span> <span class='ocrx_word' id='word_1_884' title='bbox 781 3005 817 3031; x_wconf 74' lang='grc'>29</span> <span class='ocrx_word' id='word_1_885' title='bbox 835 2997 856 3075; x_wconf 44' lang='lat' dir='ltr'>{A</span> <span class='ocrx_word' id='word_1_886' title='bbox 873 2992 1047 3042; x_wconf 78' lang='grc' dir='ltr'><strong><em>ἄγάγεται</em></strong></span> <span class='ocrx_word' id='word_1_887' title='bbox 1063 2994 1225 3041; x_wconf 84' lang='grc' dir='ltr'><strong><em>γαμετὴν</em></strong></span> 
     </span>
     <span class='ocr_line' id='line_1_91' title="bbox 138 3039 1226 3088; baseline -0.004 -10"><span class='ocrx_word' id='word_1_888' title='bbox 138 3045 171 3079; x_wconf 88' lang='lat' dir='ltr'><strong><em>L</em></strong></span> <span class='ocrx_word' id='word_1_889' title='bbox 218 3042 352 3086; x_wconf 77' lang='grc' dir='ltr'><strong><em>αμετὴν</em></strong></span> <span class='ocrx_word' id='word_1_890' title='bbox 370 3039 542 3088; x_wconf 82' lang='grc' dir='ltr'><strong><em>ἆγάγοιτο</em></strong></span> <span class='ocrx_word' id='word_1_891' title='bbox 559 3042 587 3075; x_wconf 88' lang='lat' dir='ltr'><strong><em>S</em></strong></span> <span class='ocrx_word' id='word_1_892' title='bbox 603 3042 615 3085; x_wconf 84' lang='grc' dir='ltr'>ΙΙ</span> <span class='ocrx_word' id='word_1_893' title='bbox 636 3043 676 3076; x_wconf 93' lang='grc'>12</span> <span class='ocrx_word' id='word_1_894' title='bbox 700 3042 744 3087; x_wconf 81' lang='grc' dir='ltr'>τῇ</span> <span class='ocrx_word' id='word_1_895' title='bbox 768 3045 834 3085; x_wconf 86' lang='grc' dir='ltr'><strong><em>βου</em></strong></span> <span class='ocrx_word' id='word_1_896' title='bbox 857 3042 878 3088; x_wconf 82' lang='grc' dir='ltr'><strong><em>ᾗ</em></strong></span> <span class='ocrx_word' id='word_1_897' title='bbox 897 3041 1156 3083; x_wconf 68' lang='grc' dir='ltr'><strong><em>ῙιδςΙιιΙ.Αιῇ.]</em></strong></span> <span class='ocrx_word' id='word_1_898' title='bbox 1181 3040 1226 3084; x_wconf 82' lang='grc' dir='ltr'>τῆ</span> 
     </span>
     <span class='ocr_line' id='line_1_92' title="bbox 138 3056 1223 3130; baseline -0.005 -7"><span class='ocrx_word' id='word_1_899' title='bbox 138 3056 239 3130; x_wconf 57' lang='lat' dir='ltr'>‘telget</span> <span class='ocrx_word' id='word_1_900' title='bbox 265 3089 311 3129; x_wconf 88' lang='lat' dir='ltr'>B,</span> <span class='ocrx_word' id='word_1_901' title='bbox 330 3089 360 3121; x_wconf 89' lang='lat' dir='ltr'><em>L</em></span> <span class='ocrx_word' id='word_1_902' title='bbox 373 3101 399 3121; x_wconf 86' lang='lat' dir='ltr'>s.</span> <span class='ocrx_word' id='word_1_903' title='bbox 412 3100 442 3120; x_wconf 86' lang='lat' dir='ltr'>v.</span> <span class='ocrx_word' id='word_1_904' title='bbox 479 3086 523 3129; x_wconf 82' lang='grc' dir='ltr'>τῆ</span> <span class='ocrx_word' id='word_1_905' title='bbox 548 3085 659 3130; x_wconf 83' lang='grc' dir='ltr'><strong><em>βουλῆ</em></strong></span> <span class='ocrx_word' id='word_1_906' title='bbox 681 3089 741 3120; x_wconf 84' lang='grc' dir='ltr'>καὶ</span> <span class='ocrx_word' id='word_1_907' title='bbox 764 3085 865 3126; x_wconf 78' lang='grc' dir='ltr'><strong><em>τάξει</em></strong></span> <span class='ocrx_word' id='word_1_908' title='bbox 883 3087 925 3119; x_wconf 89' lang='lat' dir='ltr'><em>M</em></span> <span class='ocrx_word' id='word_1_909' title='bbox 940 3087 995 3129; x_wconf 86' lang='lat' dir='ltr'>(cs.</span> <span class='ocrx_word' id='word_1_910' title='bbox 1010 3087 1056 3128; x_wconf 66' lang='lat' dir='ltr'>qd</span> <span class='ocrx_word' id='word_1_911' title='bbox 1074 3098 1103 3119; x_wconf 87' lang='lat' dir='ltr'>v.</span> <span class='ocrx_word' id='word_1_912' title='bbox 1116 3093 1163 3120; x_wconf 83' lang='lat'>20.</span> <span class='ocrx_word' id='word_1_913' title='bbox 1179 3094 1223 3120; x_wconf 80' lang='lat'>32.</span> 
     </span>
     <span class='ocr_line' id='line_1_93' title="bbox 139 3126 1226 3176; baseline -0.006 -6"><span class='ocrx_word' id='word_1_914' title='bbox 139 3137 273 3175; x_wconf 84' lang='grc'><strong>606,11;</strong></span> <span class='ocrx_word' id='word_1_915' title='bbox 304 3134 482 3167; x_wconf 78' lang='lat' dir='ltr'>[Ieimbach</span> <span class='ocrx_word' id='word_1_916' title='bbox 503 3132 626 3166; x_wconf 81' lang='lat' dir='ltr'>Anecd.</span> <span class='ocrx_word' id='word_1_917' title='bbox 645 3132 689 3165; x_wconf 91' lang='lat' dir='ltr'>II</span> <span class='ocrx_word' id='word_1_918' title='bbox 703 3144 740 3175; x_wconf 87' lang='lat' dir='ltr'>p.</span> <span class='ocrx_word' id='word_1_919' title='bbox 758 3133 888 3174; x_wconf 85' lang='lat' dir='ltr'><em>LXII)</em></span> <span class='ocrx_word' id='word_1_920' title='bbox 919 3130 931 3175; x_wconf 72' lang='grc' dir='ltr'><strong>Η</strong></span> <span class='ocrx_word' id='word_1_921' title='bbox 958 3131 997 3164; x_wconf 85' lang='grc' dir='ltr'><strong><em>έν</em></strong></span> <span class='ocrx_word' id='word_1_922' title='bbox 1021 3129 1055 3176; x_wconf 85' lang='grc' dir='ltr'>ᾑ]</span> <span class='ocrx_word' id='word_1_923' title='bbox 1087 3126 1152 3175; x_wconf 71' lang='grc' dir='ltr'>ὑφ’</span> <span class='ocrx_word' id='word_1_924' title='bbox 1178 3127 1226 3173; x_wconf 79' lang='grc' dir='ltr'><strong><em>ἣν</em></strong></span> 
     </span>
     <span class='ocr_line' id='line_1_94' title="bbox 140 3170 1227 3223; baseline -0.003 -10"><span class='ocrx_word' id='word_1_925' title='bbox 140 3181 169 3213; x_wconf 90' lang='lat' dir='ltr'><strong><em>S</em></strong></span> <span class='ocrx_word' id='word_1_926' title='bbox 192 3179 205 3223; x_wconf 82' lang='grc' dir='ltr'>ΙΙ</span> <span class='ocrx_word' id='word_1_927' title='bbox 229 3179 269 3212; x_wconf 86' lang='grc' dir='ltr'><strong><em>ἐν</em></strong></span> <span class='ocrx_word' id='word_1_928' title='bbox 285 3170 309 3223; x_wconf 84' lang='grc' dir='ltr'><em>ᾗ</em></span> <span class='ocrx_word' id='word_1_929' title='bbox 326 3197 366 3202; x_wconf 89' lang='lat'><em>—</em></span> <span class='ocrx_word' id='word_1_930' title='bbox 388 3178 428 3211; x_wconf 86' lang='lat'>13</span> <span class='ocrx_word' id='word_1_931' title='bbox 446 3175 675 3222; x_wconf 86' lang='grc' dir='ltr'><strong><em>πραγμάτων</em></strong></span> <span class='ocrx_word' id='word_1_932' title='bbox 698 3188 754 3210; x_wconf 86' lang='lat' dir='ltr'>om.</span> <span class='ocrx_word' id='word_1_933' title='bbox 769 3176 821 3210; x_wconf 70' lang='lat' dir='ltr'>B!</span> <span class='ocrx_word' id='word_1_934' title='bbox 833 3177 846 3219; x_wconf 93' lang='grc' dir='ltr'>ΙΙ</span> <span class='ocrx_word' id='word_1_935' title='bbox 876 3178 915 3210; x_wconf 88' lang='grc'><strong>13</strong></span> <span class='ocrx_word' id='word_1_936' title='bbox 940 3173 1059 3217; x_wconf 84' lang='grc' dir='ltr'><strong><em>ἰδίων]</em></strong></span> <span class='ocrx_word' id='word_1_937' title='bbox 1083 3175 1227 3210; x_wconf 86' lang='grc' dir='ltr'><strong><em>οἰκείων</em></strong></span> 
     </span>
     <span class='ocr_line' id='line_1_95' title="bbox 140 3217 1224 3266; baseline -0.004 -7"><span class='ocrx_word' id='word_1_938' title='bbox 140 3225 302 3259; x_wconf 71' lang='grc' dir='ltr'>Νονηοε.”ι</span> <span class='ocrx_word' id='word_1_939' title='bbox 315 3224 347 3264; x_wconf 91' lang='grc'><strong><em>9,</em></strong></span> <span class='ocrx_word' id='word_1_940' title='bbox 357 3229 393 3256; x_wconf 81' lang='lat'>22</span> <span class='ocrx_word' id='word_1_941' title='bbox 412 3221 424 3266; x_wconf 84' lang='grc' dir='ltr'>ΙΙ</span> <span class='ocrx_word' id='word_1_942' title='bbox 443 3224 483 3256; x_wconf 86' lang='grc'><strong>19</strong></span> <span class='ocrx_word' id='word_1_943' title='bbox 506 3219 628 3262; x_wconf 73' lang='grc' dir='ltr'><strong><em>αὐτοῦ]</em></strong></span> <span class='ocrx_word' id='word_1_944' title='bbox 654 3217 722 3255; x_wconf 71' lang='grc' dir='ltr'><strong><em>ἀπ’</em></strong></span> <span class='ocrx_word' id='word_1_945' title='bbox 742 3218 853 3255; x_wconf 76' lang='grc' dir='ltr'><strong><em>αὐτοῦ</em></strong></span> <span class='ocrx_word' id='word_1_946' title='bbox 871 3222 913 3262; x_wconf 87' lang='lat' dir='ltr'>L,</span> <span class='ocrx_word' id='word_1_947' title='bbox 932 3233 988 3254; x_wconf 88' lang='lat' dir='ltr'>om.</span> <span class='ocrx_word' id='word_1_948' title='bbox 1003 3222 1031 3254; x_wconf 93' lang='lat' dir='ltr'><strong><em>S</em></strong></span> <span class='ocrx_word' id='word_1_949' title='bbox 1045 3221 1057 3264; x_wconf 82' lang='grc' dir='ltr'>ΙΙ</span> <span class='ocrx_word' id='word_1_950' title='bbox 1077 3222 1120 3255; x_wconf 91' lang='grc'>20</span> <span class='ocrx_word' id='word_1_951' title='bbox 1143 3223 1224 3264; x_wconf 83' lang='grc' dir='ltr'><strong><em>βου-</em></strong></span> 
     </span>
     <span class='ocr_line' id='line_1_96' title="bbox 140 3264 1226 3313; baseline -0.002 -11"><span class='ocrx_word' id='word_1_952' title='bbox 140 3267 264 3303; x_wconf 81' lang='grc' dir='ltr'><strong><em>λευτὰς</em></strong></span> <span class='ocrx_word' id='word_1_953' title='bbox 281 3264 302 3310; x_wconf 86' lang='grc' dir='ltr'><em>ἢ</em></span> <span class='ocrx_word' id='word_1_954' title='bbox 317 3264 501 3307; x_wconf 73' lang='grc' dir='ltr'><strong><em>ταξεεάτας</em></strong></span> <span class='ocrx_word' id='word_1_955' title='bbox 515 3265 700 3313; x_wconf 78' lang='grc' dir='ltr'><strong><em>κληρικοὺς</em></strong></span> <span class='ocrx_word' id='word_1_956' title='bbox 714 3265 886 3312; x_wconf 85' lang='grc' dir='ltr'><strong><em>γίνεσθαι</em></strong></span> <span class='ocrx_word' id='word_1_957' title='bbox 895 3266 966 3300; x_wconf 90' lang='lat' dir='ltr'>MS</span> <span class='ocrx_word' id='word_1_958' title='bbox 972 3266 1226 3306; x_wconf 79' lang='lat' dir='ltr'>Nomoc.m(N0-</span> 
     </span>
     <span class='ocr_line' id='line_1_97' title="bbox 141 3307 1225 3358; baseline -0.005 -9"><span class='ocrx_word' id='word_1_959' title='bbox 141 3313 238 3349; x_wconf 62' lang='lat' dir='ltr'>moad</span> <span class='ocrx_word' id='word_1_960' title='bbox 255 3325 276 3346; x_wconf 92' lang='lat' dir='ltr'>a</span> <span class='ocrx_word' id='word_1_961' title='bbox 291 3311 464 3358; x_wconf 84' lang='grc' dir='ltr'><strong><em>γίνεσθαι</em></strong></span> <span class='ocrx_word' id='word_1_962' title='bbox 480 3314 617 3354; x_wconf 59' lang='lat' dir='ltr'>incipio]</span> <span class='ocrx_word' id='word_1_963' title='bbox 642 3309 824 3351; x_wconf 80' lang='grc' dir='ltr'><strong><em>ταξειότας</em></strong></span> <span class='ocrx_word' id='word_1_964' title='bbox 840 3313 878 3353; x_wconf 75' lang='lat' dir='ltr'>(s.</span> <span class='ocrx_word' id='word_1_965' title='bbox 894 3324 921 3345; x_wconf 84' lang='grc' dir='ltr'>υ.</span> <span class='ocrx_word' id='word_1_966' title='bbox 945 3313 1022 3344; x_wconf 88' lang='lat' dir='ltr'>add.</span> <span class='ocrx_word' id='word_1_967' title='bbox 1041 3307 1065 3354; x_wconf 80' lang='grc' dir='ltr'><em>ἢ</em></span> <span class='ocrx_word' id='word_1_968' title='bbox 1080 3308 1225 3355; x_wconf 79' lang='grc' dir='ltr'><strong><em>βουλευ-</em></strong></span> 
     </span>
     <span class='ocr_line' id='line_1_98' title="bbox 140 3353 1226 3404; baseline -0.003 -12"><span class='ocrx_word' id='word_1_969' title='bbox 140 3355 215 3401; x_wconf 81' lang='grc' dir='ltr'><strong><em>τὰς)</em></strong></span> <span class='ocrx_word' id='word_1_970' title='bbox 231 3356 414 3404; x_wconf 80' lang='grc' dir='ltr'><strong><em>κληρικοὺς</em></strong></span> <span class='ocrx_word' id='word_1_971' title='bbox 428 3356 601 3403; x_wconf 84' lang='grc' dir='ltr'><strong><em>γίνεσθαι</em></strong></span> <span class='ocrx_word' id='word_1_972' title='bbox 616 3358 657 3398; x_wconf 85' lang='lat' dir='ltr'>L,</span> <span class='ocrx_word' id='word_1_973' title='bbox 677 3355 872 3400; x_wconf 83' lang='grc' dir='ltr'><strong><em>βουλευτὰς</em></strong></span> <span class='ocrx_word' id='word_1_974' title='bbox 887 3353 911 3398; x_wconf 84' lang='grc' dir='ltr'><em>ἢ</em></span> <span class='ocrx_word' id='word_1_975' title='bbox 927 3367 984 3390; x_wconf 87' lang='lat' dir='ltr'>om.</span> <span class='ocrx_word' id='word_1_976' title='bbox 994 3356 1046 3396; x_wconf 87' lang='grc' dir='ltr'>Β;</span> <span class='ocrx_word' id='word_1_977' title='bbox 1067 3356 1226 3390; x_wconf 84' lang='lat' dir='ltr'>curialem</span> 
     </span>
     <span class='ocr_line' id='line_1_99' title="bbox 140 3398 1224 3469; baseline -0.003 -32"><span class='ocrx_word' id='word_1_978' title='bbox 140 3405 201 3437; x_wconf 84' lang='lat' dir='ltr'>aut</span> <span class='ocrx_word' id='word_1_979' title='bbox 221 3403 396 3436; x_wconf 87' lang='lat' dir='ltr'>officialem</span> <span class='ocrx_word' id='word_1_980' title='bbox 416 3402 573 3436; x_wconf 87' lang='lat' dir='ltr'>clericum</span> <span class='ocrx_word' id='word_1_981' title='bbox 597 3402 670 3435; x_wconf 87' lang='lat' dir='ltr'>fieri</span> <span class='ocrx_word' id='word_1_982' title='bbox 694 3413 714 3438; x_wconf 83' lang='grc' dir='ltr'><strong><em>ς</em></strong></span> <span class='ocrx_word' id='word_1_983' title='bbox 730 3404 812 3443; x_wconf 85' lang='lat' dir='ltr'>(sim.</span> <span class='ocrx_word' id='word_1_984' title='bbox 827 3402 906 3443; x_wconf 86' lang='lat' dir='ltr'>Iul.)</span> <span class='ocrx_word' id='word_1_985' title='bbox 921 3401 934 3446; x_wconf 84' lang='grc' dir='ltr'>ΙΙ</span> <span class='ocrx_word' id='word_1_986' title='bbox 953 3402 994 3436; x_wconf 89' lang='grc'>21</span> <span class='ocrx_word' id='word_1_987' title='bbox 1020 3398 1140 3469; x_wconf 64' lang='grc' dir='ltr'><strong><em>κλήρῳ</em></strong></span> <span class='ocrx_word' id='word_1_988' title='bbox 1160 3402 1224 3442; x_wconf 69' lang='grc' dir='ltr'>ὃς]</span> 
     </span>
     <span class='ocr_line' id='line_1_100' title="bbox 141 3445 1227 3536; baseline -0.003 -9"><span class='ocrx_word' id='word_1_989' title='bbox 141 3445 276 3527; x_wconf 44' lang='lat' dir='ltr'>‘ffel</span> <span class='ocrx_word' id='word_1_990' title='bbox 294 3446 588 3536; x_wconf 53' lang='grc' dir='ltr'>ἴλῗῗῑοῗῖοἷῗῖαῇ</span> <span class='ocrx_word' id='word_1_991' title='bbox 606 3447 675 3526; x_wconf 59' lang='grc' dir='ltr'>[ἐξ</span> <span class='ocrx_word' id='word_1_992' title='bbox 684 3448 777 3525; x_wconf 61' lang='grc' dir='ltr'><strong><em>,[ἀῖἷι</em></strong></span> <span class='ocrx_word' id='word_1_993' title='bbox 785 3448 933 3525; x_wconf 57' lang='grc' dir='ltr'>γένητῖἔ</span> <span class='ocrx_word' id='word_1_994' title='bbox 954 3446 1162 3536; x_wconf 44' lang='grc' dir='ltr'>ἦνέἒοὲιῖτῃ</span> <span class='ocrx_word' id='word_1_995' title='bbox 1174 3446 1227 3526; x_wconf 61' lang='grc' dir='ltr'>ΣΞ</span> 
     </span>
     <span class='ocr_line' id='line_1_101' title="bbox 144 3504 1226 3608; baseline -0.001 -36"><span class='ocrx_word' id='word_1_996' title='bbox 144 3519 224 3590; x_wconf 62' lang='lat' dir='ltr'>Bj&#39;u</span> <span class='ocrx_word' id='word_1_997' title='bbox 246 3507 287 3572; x_wconf 54' lang='lat'>2²²7</span> <span class='ocrx_word' id='word_1_998' title='bbox 307 3519 376 3581; x_wconf 41' lang='grc' dir='ltr'><strong><em>’τῆς</em></strong></span> <span class='ocrx_word' id='word_1_999' title='bbox 399 3518 550 3582; x_wconf 80' lang='grc' dir='ltr'><strong><em>νομίμης</em></strong></span> <span class='ocrx_word' id='word_1_1000' title='bbox 570 3539 676 3593; x_wconf 57' lang='grc' dir='ltr'>’-ον28</span> <span class='ocrx_word' id='word_1_1001' title='bbox 691 3504 878 3608; x_wconf 55' lang='grc' dir='ltr'><strong><em>διδοίέύηῃῗ</em></strong></span> <span class='ocrx_word' id='word_1_1002' title='bbox 899 3548 959 3600; x_wconf 79' lang='lat' dir='ltr'>¹om.</span> <span class='ocrx_word' id='word_1_1003' title='bbox 975 3538 1025 3570; x_wconf 82' lang='lat' dir='ltr'>Bc</span> <span class='ocrx_word' id='word_1_1004' title='bbox 1035 3505 1226 3577; x_wconf 55' lang='lat' dir='ltr'>Nomogdm,</span> 
     </span>
     <span class='ocr_line' id='line_1_102' title="bbox 143 3583 1228 3674; baseline 0.004 -14"><span class='ocrx_word' id='word_1_1005' title='bbox 143 3593 206 3660; x_wconf 64' lang='grc' dir='ltr'>ἶῖἐῖ</span> <span class='ocrx_word' id='word_1_1006' title='bbox 220 3586 338 3662; x_wconf 56' lang='lat'>5⁰2⁴?</span> <span class='ocrx_word' id='word_1_1007' title='bbox 329 3593 378 3662; x_wconf 51' lang='lat'>5²1⁵?</span> <span class='ocrx_word' id='word_1_1008' title='bbox 383 3603 456 3671; x_wconf 55' lang='grc' dir='ltr'>(ἧι</span> <span class='ocrx_word' id='word_1_1009' title='bbox 469 3585 575 3671; x_wconf 60' lang='grc' dir='ltr'>ῗῖἷῗέῗ</span> <span class='ocrx_word' id='word_1_1010' title='bbox 594 3593 676 3672; x_wconf 59' lang='grc' dir='ltr'>1ΓὲῘῖ</span> <span class='ocrx_word' id='word_1_1011' title='bbox 678 3595 726 3674; x_wconf 64' lang='grc' dir='ltr'>’ἔξ</span> <span class='ocrx_word' id='word_1_1012' title='bbox 742 3583 856 3673; x_wconf 49' lang='lat' dir='ltr'>2⁷32]ss</span> <span class='ocrx_word' id='word_1_1013' title='bbox 874 3584 901 3670; x_wconf 73' lang='grc' dir='ltr'>η’</span> <span class='ocrx_word' id='word_1_1014' title='bbox 917 3583 973 3662; x_wconf 60' lang='grc'>«33.</span> <span class='ocrx_word' id='word_1_1015' title='bbox 987 3584 1056 3672; x_wconf 63' lang='grc' dir='ltr'>ἓαιῖ</span> <span class='ocrx_word' id='word_1_1016' title='bbox 1070 3583 1120 3670; x_wconf 56' lang='grc' dir='ltr'>,ἦν</span> <span class='ocrx_word' id='word_1_1017' title='bbox 1129 3583 1228 3672; x_wconf 53' lang='grc' dir='ltr'>91ῗῇ</span> 
     </span>
     <span class='ocr_line' id='line_1_103' title="bbox 144 3664 1228 3723; baseline 0 -17"><span class='ocrx_word' id='word_1_1018' title='bbox 144 3669 170 3720; x_wconf 81' lang='grc' dir='ltr'><em>ἢ</em></span> <span class='ocrx_word' id='word_1_1019' title='bbox 187 3672 232 3723; x_wconf 74' lang='grc' dir='ltr'>τῇ</span> <span class='ocrx_word' id='word_1_1020' title='bbox 253 3673 340 3721; x_wconf 81' lang='grc' dir='ltr'><strong><em>τύχῃ</em></strong></span> <span class='ocrx_word' id='word_1_1021' title='bbox 360 3664 383 3719; x_wconf 80' lang='grc' dir='ltr'><strong><em>ᾗ</em></strong></span> <span class='ocrx_word' id='word_1_1022' title='bbox 406 3671 572 3709; x_wconf 79' lang='grc' dir='ltr'><strong><em>ὑπέκειτο</em></strong></span> <span class='ocrx_word' id='word_1_1023' title='bbox 597 3674 794 3716; x_wconf 81' lang='grc' dir='ltr'><strong><em>(ἐπέκειντο</em></strong></span> <span class='ocrx_word' id='word_1_1024' title='bbox 817 3674 892 3716; x_wconf 80' lang='lat' dir='ltr'>B⁶)]</span> <span class='ocrx_word' id='word_1_1025' title='bbox 920 3672 1016 3706; x_wconf 80' lang='lat' dir='ltr'>cuius</span> <span class='ocrx_word' id='word_1_1026' title='bbox 1037 3672 1228 3707; x_wconf 81' lang='lat' dir='ltr'>subiacebat</span> 
     </span>
    </p>
   </div>
   <div class='ocr_carea' id='block_1_33' title="bbox 1290 2713 2381 3716">
    <p class='ocr_par' dir='ltr' id='par_1_35' title="bbox 1290 2713 2381 3716">
     <span class='ocr_line' id='line_1_104' title="bbox 1290 2713 2250 2771; baseline -0.001 -12"><span class='ocrx_word' id='word_1_1027' title='bbox 1290 2726 1447 2761; x_wconf 86' lang='lat' dir='ltr'>fortunae</span> <span class='ocrx_word' id='word_1_1028' title='bbox 1469 2737 1500 2768; x_wconf 80' lang='grc' dir='ltr'><strong><em>ς,</em></strong></span> <span class='ocrx_word' id='word_1_1029' title='bbox 1524 2726 1610 2760; x_wconf 84' lang='lat' dir='ltr'>unde</span> <span class='ocrx_word' id='word_1_1030' title='bbox 1626 2726 1816 2759; x_wconf 75' lang='lat' dir='ltr'>Zachariae</span> <span class='ocrx_word' id='word_1_1031' title='bbox 1838 2713 1879 2767; x_wconf 73' lang='grc' dir='ltr'>ἧς</span> <span class='ocrx_word' id='word_1_1032' title='bbox 1900 2722 1946 2771; x_wconf 78' lang='grc' dir='ltr'>τῇ</span> <span class='ocrx_word' id='word_1_1033' title='bbox 1967 2721 2058 2770; x_wconf 85' lang='grc' dir='ltr'><strong><em>τύχῃ</em></strong></span> <span class='ocrx_word' id='word_1_1034' title='bbox 2083 2719 2250 2758; x_wconf 74' lang='grc' dir='ltr'><strong><em>ὑπέκειτο</em></strong></span> 
     </span>
     <span class='ocr_line' id='line_1_105' title="bbox 1339 2813 2376 2858; baseline -0.004 -9"><span class='ocrx_word' id='word_1_1035' title='bbox 1339 2817 1356 2850; x_wconf 92' lang='grc'><strong>1</strong></span> <span class='ocrx_word' id='word_1_1036' title='bbox 1367 2817 1456 2848; x_wconf 86' lang='lat' dir='ltr'>rubr.</span> <span class='ocrx_word' id='word_1_1037' title='bbox 1473 2815 1523 2847; x_wconf 89' lang='lat' dir='ltr'>De</span> <span class='ocrx_word' id='word_1_1038' title='bbox 1539 2814 1668 2858; x_wconf 84' lang='lat' dir='ltr'>nuptiis</span> <span class='ocrx_word' id='word_1_1039' title='bbox 1684 2813 1883 2847; x_wconf 82' lang='lat' dir='ltr'>clericorum</span> <span class='ocrx_word' id='word_1_1040' title='bbox 1901 2814 1934 2847; x_wconf 87' lang='lat' dir='ltr'><em>T</em></span> <span class='ocrx_word' id='word_1_1041' title='bbox 1945 2815 1978 2847; x_wconf 86' lang='lat' dir='ltr'>in</span> <span class='ocrx_word' id='word_1_1042' title='bbox 1992 2826 2094 2858; x_wconf 74' lang='lat' dir='ltr'>marq.</span> <span class='ocrx_word' id='word_1_1043' title='bbox 2110 2815 2160 2855; x_wconf 75' lang='lat' dir='ltr'>(ex</span> <span class='ocrx_word' id='word_1_1044' title='bbox 2172 2814 2249 2857; x_wconf 85' lang='lat' dir='ltr'>Iul.)</span> <span class='ocrx_word' id='word_1_1045' title='bbox 2266 2813 2278 2858; x_wconf 84' lang='grc' dir='ltr'>ΙΙ</span> <span class='ocrx_word' id='word_1_1046' title='bbox 2296 2814 2376 2847; x_wconf 52' lang='lat' dir='ltr'>fun</span> 
     </span>
     <span class='ocr_line' id='line_1_106' title="bbox 1292 2857 2378 2904; baseline 0.001 -12"><span class='ocrx_word' id='word_1_1047' title='bbox 1292 2860 1483 2902; x_wconf 78' lang='lat' dir='ltr'>ordinarius</span> <span class='ocrx_word' id='word_1_1048' title='bbox 1507 2859 1568 2902; x_wconf 79' lang='lat' dir='ltr'>R1,</span> <span class='ocrx_word' id='word_1_1049' title='bbox 1597 2859 1746 2892; x_wconf 86' lang='lat' dir='ltr'>ordinari</span> <span class='ocrx_word' id='word_1_1050' title='bbox 1771 2859 1832 2892; x_wconf 88' lang='lat' dir='ltr'>del.</span> <span class='ocrx_word' id='word_1_1051' title='bbox 1849 2857 1901 2893; x_wconf 69' lang='grc' dir='ltr'>Τ2</span> <span class='ocrx_word' id='word_1_1052' title='bbox 1916 2857 1929 2903; x_wconf 79' lang='grc' dir='ltr'>ΙΙ</span> <span class='ocrx_word' id='word_1_1053' title='bbox 1945 2869 2015 2891; x_wconf 87' lang='lat' dir='ltr'>non</span> <span class='ocrx_word' id='word_1_1054' title='bbox 2039 2872 2098 2893; x_wconf 89' lang='lat' dir='ltr'>om.</span> <span class='ocrx_word' id='word_1_1055' title='bbox 2113 2859 2232 2904; x_wconf 78' lang='lat' dir='ltr'>R¹Tu</span> <span class='ocrx_word' id='word_1_1056' title='bbox 2259 2861 2280 2893; x_wconf 90' lang='lat'>4</span> <span class='ocrx_word' id='word_1_1057' title='bbox 2303 2870 2378 2903; x_wconf 88' lang='lat' dir='ltr'>per-</span> 
     </span>
     <span class='ocr_line' id='line_1_107' title="bbox 1291 2904 2379 2949; baseline 0.001 -12"><span class='ocrx_word' id='word_1_1058' title='bbox 1291 2905 1422 2938; x_wconf 84' lang='lat' dir='ltr'>miserit</span> <span class='ocrx_word' id='word_1_1059' title='bbox 1443 2905 1499 2947; x_wconf 78' lang='lat' dir='ltr'>Vl]</span> <span class='ocrx_word' id='word_1_1060' title='bbox 1515 2905 1773 2946; x_wconf 81' lang='lat' dir='ltr'>ordinationem]</span> <span class='ocrx_word' id='word_1_1061' title='bbox 1796 2914 1934 2938; x_wconf 84' lang='lat' dir='ltr'>uxorem</span> <span class='ocrx_word' id='word_1_1062' title='bbox 1951 2914 1971 2937; x_wconf 84' lang='lat' dir='ltr'>a</span> <span class='ocrx_word' id='word_1_1063' title='bbox 1992 2905 2070 2938; x_wconf 86' lang='lat' dir='ltr'>add.</span> <span class='ocrx_word' id='word_1_1064' title='bbox 2086 2905 2140 2938; x_wconf 81' lang='lat' dir='ltr'>Ta</span> <span class='ocrx_word' id='word_1_1065' title='bbox 2158 2904 2171 2948; x_wconf 94' lang='grc' dir='ltr'>ΙΙ</span> <span class='ocrx_word' id='word_1_1066' title='bbox 2187 2906 2221 2938; x_wconf 89' lang='lat' dir='ltr'>et</span> <span class='ocrx_word' id='word_1_1067' title='bbox 2244 2917 2303 2939; x_wconf 89' lang='lat' dir='ltr'>om.</span> <span class='ocrx_word' id='word_1_1068' title='bbox 2327 2904 2379 2949; x_wconf 73' lang='lat' dir='ltr'>VH</span> 
     </span>
     <span class='ocr_line' id='line_1_108' title="bbox 1294 2948 2377 2993; baseline -0.003 -9"><span class='ocrx_word' id='word_1_1069' title='bbox 1294 2952 1313 2984; x_wconf 78' lang='lat'>5</span> <span class='ocrx_word' id='word_1_1070' title='bbox 1339 2961 1412 2983; x_wconf 90' lang='lat' dir='ltr'>eum</span> <span class='ocrx_word' id='word_1_1071' title='bbox 1437 2949 1536 2993; x_wconf 79' lang='lat' dir='ltr'>RVu</span> <span class='ocrx_word' id='word_1_1072' title='bbox 1554 2951 1574 2984; x_wconf 88' lang='lat'><strong>6</strong></span> <span class='ocrx_word' id='word_1_1073' title='bbox 1598 2950 1635 2982; x_wconf 84' lang='lat' dir='ltr'>in</span> <span class='ocrx_word' id='word_1_1074' title='bbox 1660 2962 1719 2983; x_wconf 86' lang='lat' dir='ltr'>om.</span> <span class='ocrx_word' id='word_1_1075' title='bbox 1735 2950 1792 2991; x_wconf 84' lang='grc' dir='ltr'>ΤΙΙ</span> <span class='ocrx_word' id='word_1_1076' title='bbox 1819 2951 1836 2982; x_wconf 83' lang='lat'>7</span> <span class='ocrx_word' id='word_1_1077' title='bbox 1856 2948 2068 2982; x_wconf 86' lang='lat' dir='ltr'>ordinatione</span> <span class='ocrx_word' id='word_1_1078' title='bbox 2089 2948 2146 2993; x_wconf 74' lang='grc' dir='ltr'>ῘῙΙΙ</span> <span class='ocrx_word' id='word_1_1079' title='bbox 2167 2951 2205 2984; x_wconf 89' lang='grc'>12</span> <span class='ocrx_word' id='word_1_1080' title='bbox 2221 2949 2377 2992; x_wconf 78' lang='lat' dir='ltr'>propriis]</span> 
     </span>
     <span class='ocr_line' id='line_1_109' title="bbox 1292 2993 2379 3038; baseline 0 -10"><span class='ocrx_word' id='word_1_1081' title='bbox 1292 2995 1448 3038; x_wconf 86' lang='lat' dir='ltr'>proprius</span> <span class='ocrx_word' id='word_1_1082' title='bbox 1472 2997 1543 3028; x_wconf 88' lang='lat' dir='ltr'>erat</span> <span class='ocrx_word' id='word_1_1083' title='bbox 1564 2994 1611 3029; x_wconf 86' lang='lat' dir='ltr'>V¹</span> <span class='ocrx_word' id='word_1_1084' title='bbox 1630 2993 1643 3038; x_wconf 76' lang='lat' dir='ltr'>ss</span> <span class='ocrx_word' id='word_1_1085' title='bbox 1661 2996 1703 3028; x_wconf 85' lang='lat'>15</span> <span class='ocrx_word' id='word_1_1086' title='bbox 1722 2996 1833 3027; x_wconf 88' lang='lat' dir='ltr'>autem</span> <span class='ocrx_word' id='word_1_1087' title='bbox 1853 2995 1972 3028; x_wconf 83' lang='lat' dir='ltr'>addidi</span> <span class='ocrx_word' id='word_1_1088' title='bbox 1989 2993 2001 3038; x_wconf 80' lang='grc' dir='ltr'>ΙΙ</span> <span class='ocrx_word' id='word_1_1089' title='bbox 2016 2994 2101 3036; x_wconf 87' lang='lat' dir='ltr'>viro]</span> <span class='ocrx_word' id='word_1_1090' title='bbox 2128 3007 2167 3025; x_wconf 70' lang='lat' dir='ltr'>u</span> <span class='ocrx_word' id='word_1_1091' title='bbox 2190 2994 2242 3028; x_wconf 85' lang='lat' dir='ltr'>V¹</span> <span class='ocrx_word' id='word_1_1092' title='bbox 2264 3005 2284 3027; x_wconf 91' lang='lat' dir='ltr'>a</span> <span class='ocrx_word' id='word_1_1093' title='bbox 2303 2995 2379 3028; x_wconf 89' lang='lat' dir='ltr'>uiro</span> 
     </span>
     <span class='ocr_line' id='line_1_110' title="bbox 1298 3038 2379 3083; baseline -0.002 -9"><span class='ocrx_word' id='word_1_1094' title='bbox 1298 3040 1346 3074; x_wconf 57' lang='grc' dir='ltr'>Τ91</span> <span class='ocrx_word' id='word_1_1095' title='bbox 1357 3041 1446 3083; x_wconf 76' lang='lat' dir='ltr'>vulq.</span> <span class='ocrx_word' id='word_1_1096' title='bbox 1473 3039 1486 3083; x_wconf 81' lang='grc' dir='ltr'>ΙΙ</span> <span class='ocrx_word' id='word_1_1097' title='bbox 1513 3041 1554 3074; x_wconf 92' lang='grc'><strong>16</strong></span> <span class='ocrx_word' id='word_1_1098' title='bbox 1578 3039 1634 3072; x_wconf 90' lang='lat' dir='ltr'>uel</span> <span class='ocrx_word' id='word_1_1099' title='bbox 1656 3040 1759 3072; x_wconf 86' lang='lat' dir='ltr'>sacris</span> <span class='ocrx_word' id='word_1_1100' title='bbox 1781 3039 1816 3072; x_wconf 91' lang='lat' dir='ltr'><strong><em>V</em></strong></span> <span class='ocrx_word' id='word_1_1101' title='bbox 1832 3038 1845 3083; x_wconf 85' lang='grc' dir='ltr'>ΙΙ</span> <span class='ocrx_word' id='word_1_1102' title='bbox 1878 3040 1918 3073; x_wconf 87' lang='grc'><strong>17</strong></span> <span class='ocrx_word' id='word_1_1103' title='bbox 1943 3039 2205 3072; x_wconf 83' lang='lat' dir='ltr'>ecclesiasticum</span> <span class='ocrx_word' id='word_1_1104' title='bbox 2227 3039 2379 3072; x_wconf 88' lang='lat' dir='ltr'>ordinem</span> 
     </span>
     <span class='ocr_line' id='line_1_111' title="bbox 1294 3083 2379 3129; baseline -0.002 -10"><span class='ocrx_word' id='word_1_1105' title='bbox 1294 3088 1364 3126; x_wconf 64' lang='lat' dir='ltr'>cet]</span> <span class='ocrx_word' id='word_1_1106' title='bbox 1391 3084 1477 3127; x_wconf 72' lang='lat' dir='ltr'>{cum</span> <span class='ocrx_word' id='word_1_1107' title='bbox 1500 3085 1650 3119; x_wconf 86' lang='lat' dir='ltr'>ordinem</span> <span class='ocrx_word' id='word_1_1108' title='bbox 1666 3103 1708 3109; x_wconf 92' lang='lat'><em>-</em></span> <span class='ocrx_word' id='word_1_1109' title='bbox 1727 3086 1770 3118; x_wconf 89' lang='grc'>20</span> <span class='ocrx_word' id='word_1_1110' title='bbox 1786 3083 1860 3116; x_wconf 84' lang='lat' dir='ltr'>fieri</span> <span class='ocrx_word' id='word_1_1111' title='bbox 1875 3085 1914 3116; x_wconf 90' lang='lat' dir='ltr'>ut</span> <span class='ocrx_word' id='word_1_1112' title='bbox 1933 3096 1995 3117; x_wconf 87' lang='lat' dir='ltr'>scr.</span> <span class='ocrx_word' id='word_1_1113' title='bbox 2010 3083 2061 3117; x_wconf 82' lang='lat' dir='ltr'>R²</span> <span class='ocrx_word' id='word_1_1114' title='bbox 2078 3085 2110 3117; x_wconf 82' lang='lat' dir='ltr'>in</span> <span class='ocrx_word' id='word_1_1115' title='bbox 2126 3097 2194 3117; x_wconf 89' lang='lat' dir='ltr'>ras.</span> <span class='ocrx_word' id='word_1_1116' title='bbox 2205 3086 2224 3117; x_wconf 89' lang='grc'>2</span> <span class='ocrx_word' id='word_1_1117' title='bbox 2238 3097 2289 3118; x_wconf 87' lang='lat' dir='ltr'>vv.</span> <span class='ocrx_word' id='word_1_1118' title='bbox 2313 3083 2326 3129; x_wconf 86' lang='grc' dir='ltr'>ΙΙ</span> <span class='ocrx_word' id='word_1_1119' title='bbox 2350 3084 2379 3117; x_wconf 89' lang='lat' dir='ltr'>si</span> 
     </span>
     <span class='ocr_line' id='line_1_112' title="bbox 1293 3127 2379 3174; baseline -0.001 -11"><span class='ocrx_word' id='word_1_1120' title='bbox 1293 3131 1375 3170; x_wconf 74' lang='grc' dir='ltr'>ΕΤ]</span> <span class='ocrx_word' id='word_1_1121' title='bbox 1401 3131 1433 3162; x_wconf 87' lang='lat' dir='ltr'>et</span> <span class='ocrx_word' id='word_1_1122' title='bbox 1456 3129 1485 3162; x_wconf 81' lang='lat' dir='ltr'>si</span> <span class='ocrx_word' id='word_1_1123' title='bbox 1505 3130 1632 3174; x_wconf 77' lang='lat' dir='ltr'>Vvulq.</span> <span class='ocrx_word' id='word_1_1124' title='bbox 1660 3127 1672 3173; x_wconf 80' lang='grc' dir='ltr'>ΙΙ</span> <span class='ocrx_word' id='word_1_1125' title='bbox 1696 3131 1739 3163; x_wconf 86' lang='grc'>20</span> <span class='ocrx_word' id='word_1_1126' title='bbox 1753 3131 1839 3162; x_wconf 84' lang='lat' dir='ltr'>rubr.</span> <span class='ocrx_word' id='word_1_1127' title='bbox 1860 3129 1911 3161; x_wconf 92' lang='lat' dir='ltr'>De</span> <span class='ocrx_word' id='word_1_1128' title='bbox 1927 3128 2111 3162; x_wconf 87' lang='lat' dir='ltr'>curialibus</span> <span class='ocrx_word' id='word_1_1129' title='bbox 2127 3130 2160 3161; x_wconf 87' lang='lat' dir='ltr'>et</span> <span class='ocrx_word' id='word_1_1130' title='bbox 2175 3130 2317 3162; x_wconf 86' lang='lat' dir='ltr'>taxeotis</span> <span class='ocrx_word' id='word_1_1131' title='bbox 2336 3129 2379 3163; x_wconf 90' lang='lat' dir='ltr'>ad</span> 
     </span>
     <span class='ocr_line' id='line_1_113' title="bbox 1294 3173 2378 3219; baseline 0.001 -12"><span class='ocrx_word' id='word_1_1132' title='bbox 1294 3176 1470 3210; x_wconf 85' lang='lat' dir='ltr'>clericatus</span> <span class='ocrx_word' id='word_1_1133' title='bbox 1487 3175 1646 3208; x_wconf 88' lang='lat' dir='ltr'>honorem</span> <span class='ocrx_word' id='word_1_1134' title='bbox 1663 3173 1878 3207; x_wconf 84' lang='lat' dir='ltr'>uenientibus</span> <span class='ocrx_word' id='word_1_1135' title='bbox 1895 3174 1966 3206; x_wconf 85' lang='lat' dir='ltr'>Tin</span> <span class='ocrx_word' id='word_1_1136' title='bbox 1981 3182 2082 3217; x_wconf 76' lang='lat' dir='ltr'>mar-q.</span> <span class='ocrx_word' id='word_1_1137' title='bbox 2095 3174 2232 3216; x_wconf 73' lang='lat' dir='ltr'>(eoeIul.)</span> <span class='ocrx_word' id='word_1_1138' title='bbox 2244 3173 2257 3219; x_wconf 76' lang='lat' dir='ltr'>ss</span> <span class='ocrx_word' id='word_1_1139' title='bbox 2270 3176 2311 3208; x_wconf 88' lang='grc'>23</span> <span class='ocrx_word' id='word_1_1140' title='bbox 2325 3185 2378 3208; x_wconf 84' lang='grc' dir='ltr'><strong><em>οι·-</em></strong></span> 
     </span>
     <span class='ocr_line' id='line_1_114' title="bbox 1294 3217 2380 3264; baseline 0 -11"><span class='ocrx_word' id='word_1_1141' title='bbox 1294 3220 1479 3254; x_wconf 85' lang='lat' dir='ltr'>dinatorem</span> <span class='ocrx_word' id='word_1_1142' title='bbox 1494 3220 1541 3252; x_wconf 82' lang='lat' dir='ltr'>R¹</span> <span class='ocrx_word' id='word_1_1143' title='bbox 1554 3218 1566 3264; x_wconf 79' lang='grc' dir='ltr'>Η</span> <span class='ocrx_word' id='word_1_1144' title='bbox 1578 3219 1738 3261; x_wconf 88' lang='lat' dir='ltr'>producte</span> <span class='ocrx_word' id='word_1_1145' title='bbox 1753 3220 1786 3252; x_wconf 91' lang='lat' dir='ltr'><em>T</em></span> <span class='ocrx_word' id='word_1_1146' title='bbox 1801 3217 1955 3262; x_wconf 85' lang='lat' dir='ltr'>perducti</span> <span class='ocrx_word' id='word_1_1147' title='bbox 1976 3218 2026 3251; x_wconf 74' lang='lat'>1⁷³</span> <span class='ocrx_word' id='word_1_1148' title='bbox 2036 3219 2122 3262; x_wconf 75' lang='lat' dir='ltr'>vuly.</span> <span class='ocrx_word' id='word_1_1149' title='bbox 2141 3219 2153 3262; x_wconf 83' lang='grc'><strong>11</strong></span> <span class='ocrx_word' id='word_1_1150' title='bbox 2172 3221 2215 3253; x_wconf 85' lang='grc'>24</span> <span class='ocrx_word' id='word_1_1151' title='bbox 2228 3219 2314 3252; x_wconf 87' lang='lat' dir='ltr'>forte</span> <span class='ocrx_word' id='word_1_1152' title='bbox 2328 3218 2380 3263; x_wconf 71' lang='lat' dir='ltr'>Vl]</span> 
     </span>
     <span class='ocr_line' id='line_1_115' title="bbox 1294 3263 2379 3306; baseline -0.001 -8"><span class='ocrx_word' id='word_1_1153' title='bbox 1294 3265 1417 3306; x_wconf 87' lang='lat' dir='ltr'>aliquis</span> <span class='ocrx_word' id='word_1_1154' title='bbox 1434 3276 1547 3298; x_wconf 89' lang='lat' dir='ltr'>eorum</span> <span class='ocrx_word' id='word_1_1155' title='bbox 1563 3266 1643 3305; x_wconf 88' lang='lat' dir='ltr'>non]</span> <span class='ocrx_word' id='word_1_1156' title='bbox 1666 3274 1733 3297; x_wconf 90' lang='lat' dir='ltr'>non</span> <span class='ocrx_word' id='word_1_1157' title='bbox 1749 3263 1873 3305; x_wconf 90' lang='lat' dir='ltr'>aliquis</span> <span class='ocrx_word' id='word_1_1158' title='bbox 1894 3274 2007 3296; x_wconf 90' lang='lat' dir='ltr'>eorum</span> <span class='ocrx_word' id='word_1_1159' title='bbox 2023 3274 2090 3296; x_wconf 86' lang='lat' dir='ltr'>non</span> <span class='ocrx_word' id='word_1_1160' title='bbox 2108 3264 2156 3297; x_wconf 57' lang='grc' dir='ltr'>Β*</span> <span class='ocrx_word' id='word_1_1161' title='bbox 2180 3275 2248 3297; x_wconf 91' lang='lat' dir='ltr'>non</span> <span class='ocrx_word' id='word_1_1162' title='bbox 2265 3275 2379 3297; x_wconf 88' lang='lat' dir='ltr'>eorum</span> 
     </span>
     <span class='ocr_line' id='line_1_116' title="bbox 1294 3308 2379 3353; baseline -0.002 -9"><span class='ocrx_word' id='word_1_1163' title='bbox 1294 3311 1417 3352; x_wconf 87' lang='lat' dir='ltr'>aliquis</span> <span class='ocrx_word' id='word_1_1164' title='bbox 1438 3310 1489 3343; x_wconf 73' lang='grc' dir='ltr'>Τι</span> <span class='ocrx_word' id='word_1_1165' title='bbox 1508 3309 1520 3353; x_wconf 75' lang='grc' dir='ltr'>ΙΙ</span> <span class='ocrx_word' id='word_1_1166' title='bbox 1537 3310 1578 3343; x_wconf 86' lang='grc'>25</span> <span class='ocrx_word' id='word_1_1167' title='bbox 1597 3310 1695 3344; x_wconf 84' lang='lat' dir='ltr'>annis</span> <span class='ocrx_word' id='word_1_1168' title='bbox 1712 3308 1762 3342; x_wconf 84' lang='lat' dir='ltr'>R²</span> <span class='ocrx_word' id='word_1_1169' title='bbox 1773 3309 1826 3342; x_wconf 74' lang='grc' dir='ltr'>Τ2</span> <span class='ocrx_word' id='word_1_1170' title='bbox 1838 3309 1922 3351; x_wconf 78' lang='lat' dir='ltr'>vuly.</span> <span class='ocrx_word' id='word_1_1171' title='bbox 1941 3308 1954 3352; x_wconf 75' lang='lat' dir='ltr'>ss</span> <span class='ocrx_word' id='word_1_1172' title='bbox 1971 3308 2059 3341; x_wconf 86' lang='lat' dir='ltr'>enim</span> <span class='ocrx_word' id='word_1_1173' title='bbox 2085 3321 2141 3342; x_wconf 88' lang='lat' dir='ltr'>om.</span> <span class='ocrx_word' id='word_1_1174' title='bbox 2157 3308 2273 3353; x_wconf 74' lang='lat' dir='ltr'>R²Vu</span> <span class='ocrx_word' id='word_1_1175' title='bbox 2289 3309 2379 3342; x_wconf 85' lang='lat' dir='ltr'>ordi-</span> 
     </span>
     <span class='ocr_line' id='line_1_117' title="bbox 1294 3352 2380 3398; baseline 0 -10"><span class='ocrx_word' id='word_1_1176' title='bbox 1294 3366 1374 3389; x_wconf 89' lang='lat' dir='ltr'>nare</span> <span class='ocrx_word' id='word_1_1177' title='bbox 1398 3354 1447 3388; x_wconf 70' lang='lat' dir='ltr'>R*</span> <span class='ocrx_word' id='word_1_1178' title='bbox 1464 3355 1477 3398; x_wconf 85' lang='grc' dir='ltr'>ΙΙ</span> <span class='ocrx_word' id='word_1_1179' title='bbox 1502 3356 1545 3388; x_wconf 90' lang='grc'>26</span> <span class='ocrx_word' id='word_1_1180' title='bbox 1569 3354 1738 3397; x_wconf 88' lang='lat' dir='ltr'>legitimae</span> <span class='ocrx_word' id='word_1_1181' title='bbox 1762 3352 1842 3398; x_wconf 62' lang='grc'><strong>3111</strong></span> <span class='ocrx_word' id='word_1_1182' title='bbox 1865 3355 1993 3397; x_wconf 86' lang='lat' dir='ltr'>partem</span> <span class='ocrx_word' id='word_1_1183' title='bbox 2017 3353 2096 3397; x_wconf 66' lang='lat'>12¹1]</span> <span class='ocrx_word' id='word_1_1184' title='bbox 2120 3364 2140 3387; x_wconf 89' lang='lat' dir='ltr'>a</span> <span class='ocrx_word' id='word_1_1185' title='bbox 2163 3355 2241 3388; x_wconf 86' lang='lat' dir='ltr'>add.</span> <span class='ocrx_word' id='word_1_1186' title='bbox 2257 3354 2354 3388; x_wconf 78' lang='lat' dir='ltr'>Beck</span> <span class='ocrx_word' id='word_1_1187' title='bbox 2368 3354 2380 3397; x_wconf 82' lang='grc' dir='ltr'>ΙΙ</span> 
     </span>
     <span class='ocr_line' id='line_1_118' title="bbox 1295 3398 2380 3443; baseline -0.001 -10"><span class='ocrx_word' id='word_1_1188' title='bbox 1295 3400 1415 3433; x_wconf 89' lang='lat' dir='ltr'>curiali</span> <span class='ocrx_word' id='word_1_1189' title='bbox 1432 3400 1523 3432; x_wconf 89' lang='lat' dir='ltr'>curie</span> <span class='ocrx_word' id='word_1_1190' title='bbox 1538 3401 1584 3441; x_wconf 86' lang='lat' dir='ltr'>R]</span> <span class='ocrx_word' id='word_1_1191' title='bbox 1604 3399 1743 3432; x_wconf 87' lang='lat' dir='ltr'>curialie</span> <span class='ocrx_word' id='word_1_1192' title='bbox 1764 3399 1814 3432; x_wconf 86' lang='lat' dir='ltr'>V¹</span> <span class='ocrx_word' id='word_1_1193' title='bbox 1839 3400 1950 3431; x_wconf 90' lang='lat' dir='ltr'>curiae</span> <span class='ocrx_word' id='word_1_1194' title='bbox 1973 3398 2023 3432; x_wconf 85' lang='lat' dir='ltr'>V²</span> <span class='ocrx_word' id='word_1_1195' title='bbox 2035 3399 2067 3432; x_wconf 91' lang='lat' dir='ltr'><em>T</em></span> <span class='ocrx_word' id='word_1_1196' title='bbox 2074 3400 2161 3443; x_wconf 74' lang='lat' dir='ltr'>vulq.</span> <span class='ocrx_word' id='word_1_1197' title='bbox 2179 3398 2191 3442; x_wconf 80' lang='grc' dir='ltr'>ΙΙ</span> <span class='ocrx_word' id='word_1_1198' title='bbox 2211 3401 2252 3433; x_wconf 84' lang='grc'>27</span> <span class='ocrx_word' id='word_1_1199' title='bbox 2279 3401 2323 3441; x_wconf 87' lang='lat' dir='ltr'>et]</span> <span class='ocrx_word' id='word_1_1200' title='bbox 2348 3398 2380 3432; x_wconf 88' lang='lat' dir='ltr'>ei</span> 
     </span>
     <span class='ocr_line' id='line_1_119' title="bbox 1303 3443 2379 3489; baseline -0.001 -11"><span class='ocrx_word' id='word_1_1201' title='bbox 1303 3447 1341 3487; x_wconf 86' lang='lat' dir='ltr'>V,</span> <span class='ocrx_word' id='word_1_1202' title='bbox 1362 3458 1420 3478; x_wconf 79' lang='lat' dir='ltr'>om.</span> <span class='ocrx_word' id='word_1_1203' title='bbox 1435 3444 1484 3477; x_wconf 85' lang='lat' dir='ltr'>R¹</span> <span class='ocrx_word' id='word_1_1204' title='bbox 1512 3443 1525 3489; x_wconf 81' lang='grc' dir='ltr'>ΙΙ</span> <span class='ocrx_word' id='word_1_1205' title='bbox 1551 3447 1640 3478; x_wconf 86' lang='lat' dir='ltr'>rubr.</span> <span class='ocrx_word' id='word_1_1206' title='bbox 1665 3445 1701 3476; x_wconf 89' lang='lat' dir='ltr'>Si</span> <span class='ocrx_word' id='word_1_1207' title='bbox 1725 3445 1906 3476; x_wconf 85' lang='lat' dir='ltr'>monachus</span> <span class='ocrx_word' id='word_1_1208' title='bbox 1930 3443 2104 3477; x_wconf 86' lang='lat' dir='ltr'>clericatus</span> <span class='ocrx_word' id='word_1_1209' title='bbox 2127 3445 2286 3477; x_wconf 89' lang='lat' dir='ltr'>honorem</span> <span class='ocrx_word' id='word_1_1210' title='bbox 2311 3454 2379 3477; x_wconf 88' lang='lat' dir='ltr'>me-</span> 
     </span>
     <span class='ocr_line' id='line_1_120' title="bbox 1294 3487 2380 3534; baseline 0 -10"><span class='ocrx_word' id='word_1_1211' title='bbox 1294 3490 1402 3524; x_wconf 84' lang='lat' dir='ltr'>ruerit</span> <span class='ocrx_word' id='word_1_1212' title='bbox 1424 3490 1499 3523; x_wconf 84' lang='lat' dir='ltr'>Tin</span> <span class='ocrx_word' id='word_1_1213' title='bbox 1512 3502 1617 3533; x_wconf 77' lang='lat' dir='ltr'>marq.</span> <span class='ocrx_word' id='word_1_1214' title='bbox 1630 3490 1681 3530; x_wconf 69' lang='lat' dir='ltr'>(ecc</span> <span class='ocrx_word' id='word_1_1215' title='bbox 1693 3490 1771 3530; x_wconf 83' lang='lat' dir='ltr'>Iul.)</span> <span class='ocrx_word' id='word_1_1216' title='bbox 1789 3489 1801 3532; x_wconf 76' lang='grc' dir='ltr'>ΙΙ</span> <span class='ocrx_word' id='word_1_1217' title='bbox 1819 3489 1882 3522; x_wconf 89' lang='lat' dir='ltr'>Sed</span> <span class='ocrx_word' id='word_1_1218' title='bbox 1895 3488 2000 3530; x_wconf 79' lang='lat' dir='ltr'>R¹VJ</span> <span class='ocrx_word' id='word_1_1219' title='bbox 2024 3488 2062 3522; x_wconf 82' lang='lat' dir='ltr'>Si</span> <span class='ocrx_word' id='word_1_1220' title='bbox 2078 3487 2171 3524; x_wconf 82' lang='lat' dir='ltr'>R2T</span> <span class='ocrx_word' id='word_1_1221' title='bbox 2187 3492 2220 3522; x_wconf 86' lang='lat' dir='ltr'>et</span> <span class='ocrx_word' id='word_1_1222' title='bbox 2234 3489 2265 3524; x_wconf 84' lang='lat' dir='ltr'>si</span> <span class='ocrx_word' id='word_1_1223' title='bbox 2279 3491 2380 3534; x_wconf 63' lang='lat' dir='ltr'>vulq„</span> 
     </span>
     <span class='ocr_line' id='line_1_121' title="bbox 1295 3533 2381 3576; baseline -0.001 -7"><span class='ocrx_word' id='word_1_1224' title='bbox 1295 3536 1359 3569; x_wconf 86' lang='lat' dir='ltr'>Sed</span> <span class='ocrx_word' id='word_1_1225' title='bbox 1377 3540 1408 3568; x_wconf 88' lang='lat' dir='ltr'>et</span> <span class='ocrx_word' id='word_1_1226' title='bbox 1424 3536 1516 3568; x_wconf 83' lang='lat' dir='ltr'>Beck</span> <span class='ocrx_word' id='word_1_1227' title='bbox 1535 3537 1546 3576; x_wconf 76' lang='grc' dir='ltr'>ΙΙ</span> <span class='ocrx_word' id='word_1_1228' title='bbox 1563 3534 1744 3568; x_wconf 88' lang='lat' dir='ltr'>constituto</span> <span class='ocrx_word' id='word_1_1229' title='bbox 1762 3535 1795 3568; x_wconf 91' lang='lat' dir='ltr'><em>T</em></span> <span class='ocrx_word' id='word_1_1230' title='bbox 1809 3533 1821 3574; x_wconf 89' lang='grc' dir='ltr'>ΙΙ</span> <span class='ocrx_word' id='word_1_1231' title='bbox 1838 3535 1880 3569; x_wconf 88' lang='grc'>28</span> <span class='ocrx_word' id='word_1_1232' title='bbox 1895 3533 2129 3568; x_wconf 87' lang='lat' dir='ltr'>concedentem</span> <span class='ocrx_word' id='word_1_1233' title='bbox 2141 3535 2175 3569; x_wconf 80' lang='lat' dir='ltr'><em>R</em></span> <span class='ocrx_word' id='word_1_1234' title='bbox 2191 3535 2381 3569; x_wconf 70' lang='lat' dir='ltr'>condenn-</span> 
     </span>
     <span class='ocr_line' id='line_1_122' title="bbox 1295 3579 2373 3624; baseline 0.001 -10"><span class='ocrx_word' id='word_1_1235' title='bbox 1295 3586 1362 3614; x_wconf 88' lang='lat' dir='ltr'>tem</span> <span class='ocrx_word' id='word_1_1236' title='bbox 1387 3581 1419 3614; x_wconf 88' lang='lat' dir='ltr'><em>T</em></span> <span class='ocrx_word' id='word_1_1237' title='bbox 1441 3581 1453 3623; x_wconf 91' lang='grc' dir='ltr'>ΙΙ</span> <span class='ocrx_word' id='word_1_1238' title='bbox 1475 3579 1637 3624; x_wconf 87' lang='lat' dir='ltr'>impleant</span> <span class='ocrx_word' id='word_1_1239' title='bbox 1654 3581 1759 3620; x_wconf 85' lang='lat' dir='ltr'>Beck]</span> <span class='ocrx_word' id='word_1_1240' title='bbox 1786 3579 2002 3622; x_wconf 87' lang='lat' dir='ltr'>impleuerint</span> <span class='ocrx_word' id='word_1_1241' title='bbox 2022 3580 2057 3613; x_wconf 91' lang='lat' dir='ltr'><strong><em>V</em></strong></span> <span class='ocrx_word' id='word_1_1242' title='bbox 2073 3579 2266 3623; x_wconf 85' lang='lat' dir='ltr'>impleuerit</span> <span class='ocrx_word' id='word_1_1243' title='bbox 2280 3580 2352 3614; x_wconf 79' lang='grc' dir='ltr'>ΒΤ</span> <span class='ocrx_word' id='word_1_1244' title='bbox 2369 3579 2373 3622; x_wconf 74' lang='grc' dir='ltr'>ἱ</span> 
     </span>
     <span class='ocr_line' id='line_1_123' title="bbox 1297 3623 2375 3670; baseline -0.001 -9"><span class='ocrx_word' id='word_1_1245' title='bbox 1297 3629 1339 3661; x_wconf 85' lang='grc'>29</span> <span class='ocrx_word' id='word_1_1246' title='bbox 1364 3625 1498 3658; x_wconf 86' lang='lat' dir='ltr'>duxerit</span> <span class='ocrx_word' id='word_1_1247' title='bbox 1521 3625 1643 3668; x_wconf 86' lang='lat' dir='ltr'>aliquis</span> <span class='ocrx_word' id='word_1_1248' title='bbox 1669 3635 1783 3658; x_wconf 86' lang='lat' dir='ltr'>eorum</span> <span class='ocrx_word' id='word_1_1249' title='bbox 1808 3625 1840 3658; x_wconf 91' lang='lat' dir='ltr'><em>T</em></span> <span class='ocrx_word' id='word_1_1250' title='bbox 1862 3623 1875 3669; x_wconf 84' lang='grc' dir='ltr'>ΙΙ</span> <span class='ocrx_word' id='word_1_1251' title='bbox 1901 3625 1943 3659; x_wconf 88' lang='grc'>30</span> <span class='ocrx_word' id='word_1_1252' title='bbox 1968 3624 2134 3666; x_wconf 85' lang='lat' dir='ltr'>habuerit]</span> <span class='ocrx_word' id='word_1_1253' title='bbox 2165 3625 2298 3660; x_wconf 83' lang='lat' dir='ltr'>duxerit</span> <span class='ocrx_word' id='word_1_1254' title='bbox 2318 3623 2375 3670; x_wconf 74' lang='lat' dir='ltr'>V]</span> 
     </span>
     <span class='ocr_line' id='line_1_124' title="bbox 1297 3669 2336 3716; baseline 0.001 -11"><span class='ocrx_word' id='word_1_1255' title='bbox 1297 3672 1368 3705; x_wconf 75' lang='lat' dir='ltr'>eius</span> <span class='ocrx_word' id='word_1_1256' title='bbox 1391 3671 1423 3705; x_wconf 86' lang='lat' dir='ltr'><em>T</em></span> <span class='ocrx_word' id='word_1_1257' title='bbox 1430 3672 1441 3692; x_wconf 87' lang='lat'><strong>¹</strong></span> <span class='ocrx_word' id='word_1_1258' title='bbox 1458 3670 1471 3716; x_wconf 78' lang='lat' dir='ltr'>fl</span> <span class='ocrx_word' id='word_1_1259' title='bbox 1489 3672 1530 3707; x_wconf 84' lang='lat'>31</span> <span class='ocrx_word' id='word_1_1260' title='bbox 1550 3670 1733 3705; x_wconf 84' lang='lat' dir='ltr'>reddantur</span> <span class='ocrx_word' id='word_1_1261' title='bbox 1748 3669 1798 3704; x_wconf 67' lang='grc' dir='ltr'>Β*</span> <span class='ocrx_word' id='word_1_1262' title='bbox 1821 3669 1976 3704; x_wconf 83' lang='lat' dir='ltr'>credatur</span> <span class='ocrx_word' id='word_1_1263' title='bbox 1993 3669 2047 3704; x_wconf 89' lang='lat' dir='ltr'>T¹</span> <span class='ocrx_word' id='word_1_1264' title='bbox 2060 3669 2074 3716; x_wconf 90' lang='grc' dir='ltr'>ΙΙ</span> <span class='ocrx_word' id='word_1_1265' title='bbox 2092 3670 2133 3713; x_wconf 88' lang='lat' dir='ltr'>si]</span> <span class='ocrx_word' id='word_1_1266' title='bbox 2156 3672 2207 3705; x_wconf 83' lang='lat' dir='ltr'>set</span> <span class='ocrx_word' id='word_1_1267' title='bbox 2221 3670 2336 3706; x_wconf 80' lang='lat' dir='ltr'>R¹T²</span> 
     </span>
    </p>
   </div>
  </div>
 </body>
</html>
