2618 4010
273 134 380 179 Nov.
401 132 627 178 LXXXIX
656 136 694 176 7.
722 135 749 176 8
1335 129 1423 179 436
1875 147 2036 188 Qumus
2063 145 2201 180 rioms
2229 145 2494 180 NAruaAms

1255 243 1412 280 CAPUT
1433 243 1512 280 vn.

323 311 439 354 Τριῶν
463 308 504 344 δὲ
521 310 655 355 ἑτέρων
680 306 884 352 διατάξεων
905 310 1115 357 γραφεισῶν
1135 309 1266 365 Ζῇνων
1284 313 1352 356 μὲν
1477 309 1610 346 Tribus
1640 311 1759 346 autem
1782 310 1862 346 aliis
1889 313 2199 350 constitutionibus
2231 314 2372 359 scriptis
2395 314 2494 351 zeno

272 353 291 390 ὁ
325 357 388 398 τῆς
419 351 585 399 εὐσεβοῦς
615 352 747 410 λήξεως
777 353 818 389 οὐ
848 359 930 401 περὶ
965 357 1043 389 τῶν
1071 353 1284 399 μελλοντων
1314 369 1351 390 τι
1420 355 1561 401 quidem
1583 355 1664 400 piae
1687 355 1876 392 memoriae
1905 367 1979 393 non
2001 358 2044 395 de
2066 359 2196 396 futuris
2225 359 2359 404 aliquid
2381 369 2495 412 paene

273 397 400 443 σχεδὸν
423 399 632 443 νομοθετεῖ,
657 398 748 433 αλλὰ
768 403 850 446 περὶ
874 401 951 434 τῶν
971 398 1038 443 ἤδη
1059 398 1349 444 παρῳχηκότων·
1421 399 1590 442 sancivit,
1623 399 1687 436 sed
1717 400 1761 436 de
1791 400 1861 435 iam
1891 403 2110 446 praeteritis:
2147 415 2254 450 quam
2283 405 2391 440 scribi
2414 404 2494 440 ideo

271 443 316 486 ἣν
345 457 385 490 γε
409 443 554 491 ράφθαι
587 442 647 478 διὰ
669 445 778 479 τοῦτο
809 444 926 489 μόνον
950 445 1259 492 συνεχωρήσαμεν,
1291 446 1352 479 ἵνα
1422 444 1641 480 solummodo
1665 444 1900 490 permisimus,
1923 450 1964 481 ut
1984 457 2045 484 eos
2066 449 2194 495 quibus
2218 450 2279 484 illa
2295 449 2389 485 forte
2409 460 2494 486 con-

272 489 354 523 τοὺς
396 489 416 529 ξ
439 492 572 532 ἐκείνης
594 489 681 523 ἴσως
705 486 971 535 ὠφελουμένους
994 491 1055 533 τῆς
1072 488 1267 530 διατάξεως
1290 488 1351 524 διὰ
1389 493 1408 526 5
1423 490 1559 526 stitutio
1580 490 1736 535 prodest,
1758 490 1853 535 quod
1869 490 2062 528 descendat
2081 504 2202 530 eorum
2216 495 2344 530 exinde
2363 495 2494 540 proles,

272 534 315 568 τὸ
340 537 502 568 κατιέναι
534 532 654 568 αὐτοῖς
677 535 820 568 ἐκεῖθεν
849 533 913 568 τὰς
936 534 1044 581 γονὰς
1074 534 1122 579 μὴ
1148 536 1210 578 τῆς
1234 536 1352 569 ἐντεῦ-
1423 546 1496 571 non
1518 535 1588 570 hac
1612 535 1765 570 utilitate
1789 535 2018 580 privaremus.
2066 538 2166 574 Sicut
2188 540 2294 575 etiam
2313 540 2495 575 Anastasii

274 579 345 613 θεν
370 575 542 625 ὠφελείας
574 575 891 624 ἀποστερήσωμεν.
939 576 1056 625 ὥςπερ
1080 582 1140 613 καὶ
1163 580 1231 623 τὴν
1252 579 1352 614 Ἀνα-
1422 580 1504 626 piae
1527 581 1726 622 memoriae,
1759 590 1850 625 quae
1876 582 2056 618 naturales
2088 583 2259 629 adoptare
2291 585 2495 628 contribuit,

274 627 421 658 στασίου
453 625 517 658 τοῦ
547 625 610 667 τῆς
641 622 808 668 εὐσεβοῦς
840 622 972 667 λήξεως
1003 625 1072 668 τὴν
1107 624 1187 659 τοὺς
1217 624 1354 659 νόθους
1422 636 1493 661 non
1531 635 1612 662 esse
1651 626 1879 670 inportunam
1920 625 1965 661 de
2001 630 2117 663 cetero
2157 630 2288 665 nostris
2326 630 2496 666 subiectis

273 669 519 703 ι’ἱοποιεῖσθαι
551 666 726 703 διδοῦσαν
757 666 821 703 οὐκ
846 669 1003 712 ἐνοχλεῖν
1035 670 1098 704 τοῦ
1123 668 1248 705 λοιποῦ
1282 673 1354 704 τοῖς
1422 670 1675 715 permittimus,
1708 670 1778 706 nisi
1810 671 1856 706 ad
1887 670 1957 706 hoo
1980 673 2132 716 positam
2162 674 2380 711 solummodo
2411 675 2496 710 sini-

273 715 454 759 τζμετέροις
473 711 641 757 ὑπηκόοις
662 716 925 761 συγχωροῦμεν,
949 713 1046 759 πλὴν
1070 716 1131 749 ἐπὶ
1146 713 1266 759 τούτῳ
1287 718 1516 757 κεῖ-10111118,
1551 719 1591 752 ut
1616 715 1647 752 si
1670 725 1742 759 qua
1765 715 1901 751 utilitas
1932 715 2109 762 aliquibus
2138 717 2220 754 inde
2250 721 2407 765 reposita
2430 722 2496 763 est,

275 759 367 793 σθαι
394 762 455 793 καὶ
477 758 593 804 μόνον
616 756 777 805 ἀφίεμεν,
811 756 899 794 ὦςτε
931 760 967 793 εἴ
992 771 1045 795 τις
1071 757 1227 806 ὠφέλειά
1258 772 1355 794 τισιν
1423 761 1516 796 hanc
1554 772 1625 797 non
1663 761 1845 796 videamur
1882 770 1948 806 per
1982 764 2124 798 nostras
2161 767 2346 809 amputare
2384 765 2495 810 leges:

275 805 417 839 ἐκεῖθεν
441 801 652 846 ἀπόκειται,
684 802 823 847 ταύτην
846 803 894 849 μὴ
921 802 1023 845 δόξαι
1047 802 1108 839 διὰ
1132 807 1209 839 τῶν
1231 802 1355 849 ἡμετέ-
1423 808 1564 852 oportet
1593 807 1686 842 euim
1718 815 1857 851 semper
1883 806 2027 851 aliquod
2055 807 2224 844 incohare
2247 809 2396 853 bonum,
2425 821 2497 846 nou

274 861 351 893 ρων
372 846 534 897 ἀναιρεῖν
552 846 698 893 νόμων·
725 848 780 884 δεῖ
797 850 865 896 γὰρ
889 846 947 883 ἀεί
967 862 1064 884 τινος
1085 850 1243 896 ἐξάρχειν
1266 847 1354 897 ἄγα·
1423 861 1466 887 ea
1491 862 1582 897 quae
1602 862 1624 886 a
1644 851 1854 896 quibusdam
1875 851 2119 896 praeexistant
2139 853 2331 890 destruere.
2375 855 2498 891 Nostri

275 895 360 938 θοῦ,
392 891 433 929 οὗ
463 894 537 950 μὴν
570 893 618 928 τά
649 906 723 930 τισι
753 896 1036 942 προϋπηργμένα
1069 894 1238 930 διαλύειν.
1285 896 1355 939 τὴν
1424 897 1515 932 enim
1551 897 1665 942 patris
1701 897 1941 941 approbamus
1979 898 2267 934 constitutionem
2305 903 2499 945 temperate

273 939 344 986 γὰρ
367 941 431 974 τοῦ
455 942 628 986 ημετέρου
652 941 790 986 πατρὸς
813 937 1074 984 ἀποδεχόμεθα
1098 939 1265 982 διάταξιν
1284 953 1355 975 σω·
1369 944 1410 976 15
1425 942 1563 986 quidem
1582 941 1823 977 introductam
1842 945 1878 977 et
1897 946 2021 977 ornate
2041 943 2204 988 positam,
2227 953 2319 988 quae
2337 946 2497 990 adoptio-

275 984 419 1031 φρόνως
440 987 508 1030 μὲν
523 985 773 1032 εἰςηγηθεῖσαν
796 990 952 1030 κοσμίως
974 983 1014 1020 δὲ
1028 986 1256 1030 τεθειμένην,
1278 982 1355 1030 ἥτις
1423 997 1487 1022 nes
1511 987 1727 1023 naturalium
1757 987 1940 1032 prohibuit
1971 987 2118 1023 multam
2149 988 2402 1024 absurditatem
2434 991 2498 1024 ba-

274 1030 337 1064 τὰς
353 1030 530 1065 υἱοποιίας
546 1029 611 1064 τὰς
630 1031 707 1064 τῶν
723 1027 855 1065 νόθων
872 1028 1027 1065 ἐκώλυσε
1043 1031 1136 1066 πολὺ
1156 1031 1199 1066 τὸ
1217 1030 1356 1066 ἄτοπον
1426 1033 1550 1068 beutes
1576 1036 1610 1067 et
1633 1032 1824 1067 indiscrete
1847 1032 1944 1067 velut
1963 1033 2122 1069 advenas
2147 1033 2318 1078 quosdam
2337 1034 2499 1078 legitimis

276 1072 421 1117 ἐχούσας
444 1079 503 1109 καὶ
523 1072 737 1120 ἀδιακρίτως
758 1072 874 1121 ὥςπερ
893 1074 1070 1119 ἐπήλυδάς
1091 1088 1193 1111 τινας
1212 1078 1258 1124 τῇ
1272 1089 1356 1124 γνη-
1426 1079 1609 1114 naturales
1633 1077 2016 1123 superintroducentes.

276 1118 417 1164 σιότητι
440 1120 521 1155 τοὺς
544 1119 680 1154 νόθους
702 1119 919 1167 ὑπαγυύσας.

1247 1212 1406 1248 CAPUT
1431 1212 1528 1248 vm.

331 1275 543 1314 ’Ῥπόλοιποι
567 1282 691 1313 τοίνυν
714 1279 806 1313 εἰσὶν
837 1279 874 1314 οἱ
901 1277 994 1326 παρ’
1021 1278 1127 1324 ἡμῶν
1151 1280 1355 1327 ἐξευρεθέν-
1370 1283 1412 1315 20
1481 1280 1622 1325 Reliqui
1644 1279 1749 1325 igitur
1771 1282 1856 1316 sunt
1878 1280 1973 1316 modi
1993 1280 2055 1325 qui
2078 1290 2100 1315 a
2123 1280 2226 1317 nobis
2249 1281 2383 1316 inventi
2404 1285 2499 1325 sunt,

277 1334 332 1360 τες
354 1322 502 1367 τρόποι,
525 1320 584 1358 οὓς
603 1322 884 1369 διελευσόμεθα,
908 1325 951 1359 τὸ
969 1325 1119 1372 γνήσιον
1142 1329 1357 1369 παρέχοντες
1425 1336 1514 1370 quos
1534 1336 1796 1371 percurremus,
1827 1325 2020 1370 legitimum
2043 1326 2098 1361 ius
2121 1326 2333 1370 praebentes
2357 1326 2409 1362 eis
2441 1328 2501 1380 qui

276 1371 349 1403 τοῖς
371 1369 585 1415 ἔμπροσθεν
607 1368 748 1404 νόθοις.
795 1362 848 1404 ὦν
871 1368 956 1404 οὐδὲ
979 1374 1062 1416 περὶ
1091 1370 1161 1414 τὴν
1185 1369 1356 1414 διαδοχὴν
1426 1375 1528 1406 erant
1558 1371 1721 1416 primitus
1751 1372 1944 1407 naturales.
1993 1370 2096 1406 Circa
2125 1381 2276 1414 quorum
2303 1381 2500 1408 successio-

277 1411 500 1458 πονήσομεν·
526 1409 627 1455 ἅπαξ
649 1414 716 1460 γὰρ
737 1411 865 1449 αὐτοὺς
890 1414 1171 1450 ἀποτελέσαντες
1193 1420 1357 1462 γνησίους
1426 1427 1505 1451 nem
1539 1427 1611 1452 non
1646 1416 1907 1452 laborabimus:
1942 1416 2051 1451 semel
2085 1416 2178 1451 enim
2215 1426 2275 1451 eos
2307 1416 2500 1453 efficientes

277 1457 426 1503 δίδομεν
448 1460 542 1502 ἔχειν
564 1463 625 1493 καὶ
647 1459 710 1494 τὰς
733 1458 902 1503 διαδοχὰς
925 1462 1077 1499 ἐκείνας,
1110 1458 1151 1495 ἃς
1174 1461 1210 1495 οἱ
1232 1461 1271 1502 ἐξ
1294 1458 1356 1507 ἀρ·
1426 1461 1601 1505 legitimos
1625 1462 1749 1498 damus
1765 1462 1896 1497 habere
1913 1461 2018 1496 etiam
2035 1461 2278 1497 successiones
2296 1461 2386 1506 illas,
2412 1473 2500 1506 quas

277 1506 338 1548 χῆς
366 1506 406 1538 ἐν
435 1507 596 1551 γνησίοις
629 1504 837 1541 τελέσαντες
871 1507 1021 1548 ἔχουσιν.
1071 1507 1125 1540 Εἴ
1148 1518 1202 1540 τις
1233 1510 1357 1540 τοίνυν
1371 1510 1412 1542 25
1426 1507 1561 1542 habent
1583 1506 1620 1542 hi
1643 1508 1702 1552 qui
1726 1507 1772 1542 ab
1794 1507 1895 1542 initio
1919 1506 2066 1551 legitimi
2090 1511 2185 1542 sunt.
2233 1507 2270 1542 Si
2293 1507 2370 1552 quis
2394 1507 2501 1551 igitur

278 1550 443 1595 προικῷα
471 1547 622 1597 γράψειε
652 1549 971 1595 πρὸςοέλευθέραν
1004 1551 1073 1594 τὴν
1104 1549 1219 1599 ἀρχὴν
1248 1549 1270 1594 ἢ
1298 1554 1358 1586 καὶ
1426 1552 1560 1587 dotalia
1584 1552 1767 1597 scripserit
1790 1553 1837 1588 ad
1859 1552 2006 1587 liberam
2036 1552 2073 1587 in
2098 1551 2272 1596 principio
2298 1554 2369 1588 sive
2392 1552 2500 1588 liber-

277 1592 527 1641 ἀπελευθέραν
550 1598 720 1642 γυναῖκα,
743 1597 836 1643 ᾗπερ
857 1592 949 1630 ὅλως
969 1596 1088 1637 ἔξεστι
1107 1599 1294 1638 συνοικεῖν,
1319 1599 1359 1630 ἐν
1426 1600 1499 1632 tam
1522 1597 1722 1639 mulierem,
1755 1598 1813 1632 cui
1837 1597 1979 1632 omnino
2008 1597 2092 1631 licet
2116 1597 2278 1641 copulari
2307 1598 2344 1632 in
2368 1608 2500 1633 concu-

278 1638 459 1683 παλλαιιῆς
483 1638 638 1684 σχήματι
669 1642 850 1675 συνοῦσαν
881 1638 992 1684 αὐτῷ,
1026 1640 1047 1683 ἢ
1079 1646 1243 1685 νομίμων
1274 1645 1358 1676 παί-
1426 1643 1532 1678 binae
1563 1643 1743 1678 schemate
1774 1643 1860 1684 sibi,
1892 1646 1955 1677 aut
1984 1642 2220 1686 legitimorum
2251 1641 2403 1678 filiorum
2430 1643 2501 1677 iam

279 1684 356 1720 δων
386 1683 456 1729 ἤδη
488 1685 608 1731 πατὴρ
637 1686 828 1731 καθεστὼς
851 1683 873 1729 ἢ
895 1689 956 1720 καὶ
980 1684 1126 1722 παίδων
1149 1683 1190 1721 οὗ
1213 1685 1359 1733 γενόμε-
1425 1692 1528 1732 pater
1551 1688 1706 1723 existens
1737 1692 1800 1723 aut
1823 1688 1929 1722 etiam
1951 1686 2104 1722 filiorum
2137 1697 2209 1722 non
2240 1687 2363 1722 talium
2387 1692 2500 1732 pater,

278 1741 338 1765 νος
366 1727 545 1764 τοιούτων
576 1730 714 1777 πατήρ,
750 1730 900 1779 γνήσιον
930 1731 1023 1766 εἶναι
1056 1731 1123 1767 τὸν
1151 1731 1269 1779 γάμον
1299 1735 1359 1765 καὶ
1372 1735 1413 1768 30
1425 1733 1599 1778 legitimas
1624 1742 1702 1768 esse
1724 1733 1868 1778 nuptias
1899 1737 1935 1768 et
1962 1732 2053 1767 filios
2084 1732 2139 1767 vel
2163 1732 2414 1776 praecedentes
2445 1733 2500 1768 vel

279 1775 361 1810 τοὺς
383 1773 516 1810 παῖδας
537 1774 619 1810 τούς
642 1789 682 1809 τε
705 1774 967 1823 προειληφότας
997 1774 1081 1811 τούς
1103 1790 1144 1811 τε
1167 1789 1358 1823 κυοφορου-
1427 1782 1619 1823 conceptos
1642 1777 1816 1822 legitimos
1849 1777 1882 1813 ei
1910 1787 1989 1812 esse
2013 1777 2202 1812 sancimus.
2250 1777 2300 1813 Et
2322 1778 2406 1813 licet
2427 1788 2500 1813 non

277 1823 402 1865 μένους
429 1824 596 1866 γνησίους
626 1818 726 1864 αὐτῷ
757 1821 986 1856 καθεστάναι
1018 1822 1252 1878 θεσπίςομεν.
1300 1825 1359 1856 καὶ
1426 1826 1622 1859 nascantur
1645 1827 1773 1868 postea
1795 1822 1859 1858 filii
1883 1823 1933 1865 ei,
1966 1826 2029 1857 aut
2052 1822 2158 1857 etiam
2189 1822 2266 1857 nati
2291 1823 2499 1865 moriantur,

279 1863 349 1900 κᾶν
380 1866 411 1899 εἰ
433 1865 483 1910 μὴ
506 1868 671 1912 γένοιντο
701 1865 792 1910 μετὰ
824 1868 939 1911 ταῦτα
963 1865 1087 1902 παῖδες
1113 1869 1222 1910 αυτῷ,
1253 1865 1276 1911 ἢ
1299 1870 1359 1901 καὶ
1427 1868 1655 1904 nibilominus
1705 1868 1777 1903 rior
1792 1868 1932 1904 soboles
1956 1867 2111 1912 legitima
2128 1868 2301 1904 consistit.
2339 1868 2501 1903 Affectus

278 1907 465 1958 γενόμενοι
488 1909 747 1956 velaminum,
781 1908 887 1946 οὐδὲν
909 1912 1019 1955 ἡττον
1043 1911 1064 1955 ἡ
1090 1915 1250 1958 προτέρα
1272 1912 1360 1959 γονὴ
1429 1914 1521 1949 enim
1545 1913 1642 1949 circa
1691 1914 1756 1948 lios
1787 1913 1838 1947 ita
1860 1913 1894 1948 ei
1916 1913 2165 1957 procedentes,
2194 1913 2254 1956 qui
2286 1923 2365 1948 eum
2394 1914 2500 1949 etiam

279 1960 410 2003 γνησία
445 1957 679 1999 καθέστηκεν.
736 1954 758 1999 ἦ
794 1955 861 2004 γὰρ
896 1960 979 2002 περὶ
1014 1957 1094 1991 τοὺς
1129 1953 1226 1991 οὕτω
1261 1970 1359 2004 γενο-
1374 1961 1415 1994 35
1428 1959 1475 1995 ad
1506 1959 1626 1995 dotale
1655 1958 1862 2004 provocavit
1890 1958 2182 2001 instrumentum,
2213 1958 2291 2003 ipse
2322 1958 2418 1994 dedit
2445 1969 2500 1994 se-

279 2004 404 2045 μένους
423 1999 555 2035 παῖδας
574 1998 675 2044 αὐτῷ
694 1999 870 2041 διάθεσις,
895 1999 973 2045 ἥτις
993 2000 1107 2036 αὐτὸν
1130 2005 1190 2036 καὶ
1211 2002 1301 2047 πρὸς
1316 2003 1359 2036 τὸ

280 2047 462 2094 προικῷον
494 2044 717 2090 συμβόλαιον
749 2043 979 2093 ἄνηρέθισεν,
1012 2043 1103 2089 αὕτη
1137 2045 1270 2081 δέδωκε
1301 2051 1362 2081 καὶ

337 2150 364 2172 e.
386 2137 478 2171 VIII
497 2138 552 2179 (25
578 2137 632 2170 Εἴ
648 2146 702 2171 τις
726 2134 767 2170 δὲ
789 2137 953 2182 προικῷα
977 2162 1076 2170 .....
1079 2141 1091 2180 )
1116 2138 1232 2181 leyitur
1255 2139 1289 2171 in
1315 2139 1350 2171 B
1375 2139 1428 2179 28,
1448 2145 1476 2180 4,
1489 2145 1525 2172 48
1550 2138 1608 2180 (-
1623 2139 1665 2172 32
1684 2137 1910 2181 θεσπίζομεν
1934 2139 1967 2172 in
1992 2139 2041 2171 Β*
2066 2140 2101 2171 Γ
2119 2140 2195 2180 l,10
2215 2152 2250 2183 p.
2266 2141 2328 2174 145
2340 2140 2457 2182 Zach.)

413 2226 494 2263 VII.
544 2225 672 2261 Tribus
696 2229 814 2261 autem
839 2225 922 2260 aliis
954 2225 1268 2261 constitutionibus
1290 2226 1438 2272 scriptis
1463 2225 1560 2262 Zeno
1593 2225 1735 2272 quidem
1794 2226 1851 2262 iae
1881 2226 2072 2262 memoriae
2102 2225 2194 2261 nihil
2219 2226 2302 2271 sere
2331 2226 2375 2262 dc
2398 2227 2502 2263 rebus

279 2271 431 2318 futuris,
462 2270 528 2307 sed
549 2271 593 2307 de
615 2271 689 2306 iam
706 2270 920 2317 praeteritis
942 2270 1080 2306 sancit.-
1115 2281 1224 2322 quam
1247 2276 1446 2318 propterea
1472 2275 1610 2306 tantum
1641 2237 1791 2307 inscribli
1819 2271 1922 2318 passi
1942 2282 2074 2314 sumus,
2104 2282 2149 2307 ne
2171 2282 2234 2307 eos
2256 2272 2320 2317 qui
2340 2273 2503 2317 fortasse

280 2327 330 2354 ex
344 2316 410 2352 illa
429 2316 687 2353 constitutione
710 2315 900 2351 utilitatem
922 2320 1130 2362 percepturi
1147 2320 1275 2359 essent,
1300 2316 1387 2362 quia
1403 2316 1487 2352 inde
1503 2316 1549 2351 iis
1565 2316 1692 2362 proles
1715 2315 1980 2359 descenderent,
2004 2315 2074 2351 bac
2088 2316 2244 2352 utilitate
2259 2317 2501 2363 privaremus.

280 2361 586 2406 Quemadmodum
609 2361 796 2397 Anastasii
812 2361 902 2407 piae
925 2361 1118 2396 memoriae
1142 2361 1444 2404 constitutionem,
1469 2372 1562 2408 quae
1583 2361 1770 2396 naturales
1793 2361 1972 2408 adoptare
1989 2362 2180 2408 permittit,
2204 2373 2277 2397 non
2297 2363 2414 2409 maqis
2429 2374 2501 2409 pa-

283 2408 391 2444 timur
414 2407 453 2442 in
467 2410 659 2454 posterum
690 2405 867 2442 subiectos
890 2409 1038 2441 nostros
1067 2406 1233 2442 molestia
1257 2407 1420 2452 afficere,
1452 2417 1573 2443 verum
1603 2406 1685 2442 ideo
1719 2410 1857 2442 tantum
1888 2417 1967 2442 eam
1987 2407 2146 2453 positam
2169 2417 2245 2443 esse
2267 2407 2433 2451 sinimus,
2459 2419 2503 2443 ne

280 2453 312 2488 si
335 2463 429 2500 quae
451 2451 536 2488 inde
559 2451 699 2488 utilitas
730 2450 913 2497 aliquibus
935 2451 1163 2497 suppeditat,
1200 2462 1278 2487 eam
1307 2462 1376 2498 per
1407 2452 1517 2499 leqes‘
1533 2456 1678 2487 nostras
1709 2452 1858 2496 auferre
1888 2451 2091 2486 videamur:
2127 2451 2227 2487 decet
2249 2452 2343 2498 enim
2364 2462 2504 2499 semper

282 2498 366 2535 boni
387 2497 542 2534 alieuius
565 2502 750 2533 auctorem
773 2506 859 2539 esse,
884 2506 999 2542 neque
1022 2507 1105 2532 vero
1129 2508 1223 2543 quae
1246 2497 1284 2531 in
1307 2497 1452 2542 aliquos
1474 2501 1583 2533 antea
1606 2496 1742 2532 collata
1764 2500 1870 2532 erant
1893 2496 2087 2542 perimere.
2136 2495 2231 2531 Nam
2249 2497 2371 2543 patris
2386 2498 2502 2533 nostri

282 2543 572 2579 constitutionem
595 2541 845 2589 amplectimur
874 2546 910 2577 et
940 2542 1125 2588 sapienter
1155 2541 1399 2578 introductam
1429 2547 1463 2578 et
1495 2546 1700 2588 opportune
1714 2542 1894 2588 positam,
1929 2552 2023 2587 quae
2046 2541 2260 2588 adoptiones
2282 2543 2502 2578 naturalium

276 2587 467 2636 probibuit
485 2587 682 2668 ρῖιινὲἵιιιηι
706 2586 943 2622 absurditatis
966 2586 1136 2622 habentes
1167 2590 1274 2633 atque
1301 2588 1379 2623 sine
1402 2586 1607 2623 discrimine
1630 2586 1816 2622 naturales
1848 2591 2029 2632 tamquam
2051 2586 2210 2622 advenas
2232 2587 2406 2633 quosdam
2430 2588 2503 2623 iuri

283 2635 316 2670 le
342 2634 523 2670 itimorum
546 2644 565 2668 s
614 2633 769 2668 icientes.

316 2645 341 2681 9
417 2678 515 2715 vm.
561 2677 716 2714 Restant
736 2677 851 2724 iqitur
880 2675 981 2712 modi
1009 2688 1033 2712 a
1062 2676 1165 2712 nobis
1188 2687 1280 2713 exeo
1309 2677 1405 2720 itati,
1436 2687 1528 2723 quos
1550 2676 1622 2712 iam
1644 2687 1911 2723 persequemur,
1942 2676 2006 2722 qui
2028 2675 2086 2711 ius
2109 2676 2349 2723 leqitimorum
2373 2677 2418 2712 iis
2441 2678 2506 2723 qui

277 2725 387 2773 prius
416 2723 605 2760 naturales
632 2725 739 2759 erant
763 2721 951 2769 praebent.
999 2720 1159 2764 Quorum
1191 2733 1236 2758 ne
1291 2733 1311 2757 e
1340 2722 1567 2758 successione
1597 2722 1739 2767 quidem
1771 2720 2035 2757 laborabimus.-
2070 2721 2180 2757 semel
2209 2721 2302 2756 enim
2336 2721 2503 2768 leqitimis

282 2770 398 2817 saetis
420 2768 648 2805 concedimus
677 2768 785 2804 etiam
813 2771 856 2803 ut
880 2767 1124 2803 successiones
1154 2767 1238 2802 illas
1262 2766 1428 2810 habeant,
1456 2777 1553 2819 quas
1575 2766 1706 2803 habent
1736 2766 1799 2812 qui
1829 2766 1874 2802 ab
1897 2766 2001 2802 initio
2031 2765 2069 2801 in
2094 2766 2333 2812 leqitimorum
2355 2778 2502 2803 numero

283 2819 378 2852 sunt.
425 2813 466 2850 Si
489 2814 572 2860 quis
594 2813 709 2860 iqitur
732 2823 811 2848 cum
835 2812 983 2848 muliere
1006 2811 1051 2847 ab
1075 2812 1180 2848 initio
1201 2812 1315 2848 libera
1337 2812 1393 2848 vel
1414 2816 1521 2848 ettam
1545 2811 1728 2854 libertina,
1753 2811 1812 2846 cui
1831 2811 1976 2858 quidem
1990 2811 2134 2847 omnino
2151 2811 2379 2847 matrimonio
2400 2812 2503 2858 iunqi

285 2860 380 2903 licet,
403 2870 512 2907 quam
535 2858 756 2894 concubinae
779 2858 858 2893 loco
883 2857 1112 2893 coniunctam
1142 2857 1211 2893 sibi
1235 2856 1406 2899 habebat,
1437 2856 1575 2893 dotalia
1606 2858 1842 2893 instrumenta
1861 2856 2136 2907 conscripserit,
2169 2857 2243 2907 siae
2267 2856 2503 2902 leqitimorum

286 2906 480 2942 liberorum
511 2904 582 2939 iam
604 2907 717 2950 pater
746 2903 911 2939 extiterit
937 2902 1012 2938 sive
1041 2902 1215 2938 eiusmodi
1246 2903 1439 2939 liberorum
1467 2913 1541 2937 non
1570 2902 1616 2937 sit
1640 2906 1763 2948 pater,
1796 2902 1990 2948 leqztimum
2013 2912 2090 2937 esse
2112 2905 2365 2936 matrimonum
2396 2906 2504 2948 atque

287 2951 419 2987 liberos
442 2953 476 2986 et
499 2960 590 2996 quos
612 2953 697 2984 ante
719 2948 878 3000 suscepit
900 2953 934 2984 et
956 2947 1020 2994 qui
1043 2949 1081 2983 in
1104 2951 1206 2984 utero
1225 2951 1309 2983 sunt
1333 2948 1509 2994 leqitimos
1532 2948 1565 2982 ei
1588 2958 1664 2983 esse
1687 2947 1877 2982 sancimus.
1926 2944 1975 2981 Et
1997 2946 2077 2982 licet
2092 2951 2223 2992 postea
2242 2946 2350 2998 *liberi
2372 2948 2406 2982 ei
2429 2958 2503 2983 non

287 2998 494 3037 nascantur,
526 2994 583 3031 vel
604 2995 711 3030 etiam
741 2998 817 3028 nati
842 2993 1056 3035 moriantur,
1086 2992 1319 3028 nihilominus
1342 2992 1453 3039 prior
1481 2992 1605 3038 proles
1635 2992 1794 3039 leqitima
1823 2991 1954 3028 extitit.
2002 2991 2167 3037 Affectus
2189 3001 2283 3027 enim
2311 3002 2388 3027 eius
2414 3003 2504 3038 erqa

288 3042 421 3078 liberos
444 3041 495 3075 ita
519 3041 554 3076 ei
575 3043 692 3081 natos,
717 3039 782 3085 qui
802 3038 920 3085 ipsum
944 3037 994 3073 ad
1015 3037 1138 3074 dotale
1160 3038 1433 3074 instrumentum
1456 3037 1716 3083 conficiendum
1736 3037 1919 3080 excitavit,
1951 3035 2043 3072 idem
2067 3036 2174 3072 etiam
2196 3036 2362 3072 secundis
2385 3037 2505 3073 liberis

283 3099 2498 3114 ..--—-—————-————-—-—————-——-——-—-—-——

343 3134 358 3166 1
391 3131 508 3176 Τριῶν
532 3149 574 3155 -
598 3126 813 3170 διατάξεων]
841 3129 919 3163 Cod.
935 3131 965 3168 5,
981 3136 1026 3170 27,
1040 3136 1067 3162 5.
1078 3135 1131 3163 6-'1
1161 3128 1174 3173 ΙΙ
1197 3131 1219 3163 4
1240 3124 1285 3162 δν
1307 3140 1363 3174 γε-
1431 3127 1600 3169 aliquibus
1623 3127 1701 3160 inde
1725 3128 1834 3171 posita
1854 3126 1933 3171 1⁷⁸1!
1953 3129 1989 3161 11
2016 3126 2193 3159 uideantur
2215 3126 2263 3160 V¹
2281 3125 2294 3171 Ε
2312 3127 2353 3160 12
2369 3125 2504 3178 aliqu-od

288 3174 458 3224 γράφθαι
479 3176 523 3210 Μ
541 3170 587 3209 ἂν
608 3173 816 3229 γεγράφθαι
829 3174 884 3226 'L1
915 3170 962 3216 ἢν
981 3169 1050 3207 ἀνα
1075 3172 1261 3228 εγράφθαι(
1281 3173 1330 3207 L²
1345 3172 1364 3229 J!
1440 3174 1580 3217 Vvulq]
1605 3172 1734 3214 aliquid
1754 3173 1823 3206 ΒΤ
1835 3172 1943 3239 1211011]
1964 3175 1997 3205 et
2014 3182 2082 3205 non
2100 3172 2157 3224 Tu
2178 3174 2217 3206 13
2239 3182 2276 3204 ea
2295 3173 2391 3214 quae]
2416 3181 2502 3222 enim

290 3227 309 3258 5
334 3224 485 3256 ἐκείνους
509 3221 556 3255 L·
575 3220 587 3262 ΙΙ
611 3223 629 3254 7
655 3230 952 3263 αποστερησομεν
975 3219 1023 3252 L¹
1093 3221 1113 3253 9
1137 3229 1219 3253 τους
1242 3230 1364 3262 ημετε-
1432 3229 1558 3260 semper
1574 3220 1713 3261 (semper
1729 3219 1790 3251 del.
1805 3219 1837 3251 R
1854 3220 1867 3260 )
1884 3227 1922 3251 ea
1933 3217 1981 3250 Β*
1998 3217 2011 3260 Ι
2027 3219 2255 3260 praeexistunt
2273 3218 2358 3260 vulq.
2375 3216 2389 3259 Ι
2405 3216 2501 3248 desti-

290 3278 370 3314 ρους
388 3262 564 3322 ὑπηκόους
579 3267 611 3299 L
628 3265 640 3309 ΙΙ
661 3267 697 3300 11
717 3266 860 3310 ἐφίεμεν
877 3265 1065 3320 Zachariae
1080 3263 1093 3307 11
1115 3265 1155 3299 18
1175 3260 1364 3319 ἐπήλυδας]
1432 3266 1526 3296 tuere
1540 3263 1572 3296 R
1583 3262 1595 3307 ΙΙ
1611 3265 1651 3297 14
1664 3260 2003 3341 impropriam1ilvzlg⁷a¹tfl²
2010 3266 2194 3350 ῐειηνριῖῑι-ἳιιόοἰ
2204 3258 2507 3347 1:³32&oessss

291 3325 361 3394 '2⁰13’
363 3310 573 3397 ἒέλῖνέἶῖἰιῖ
595 3310 699 3390 ²525?
713 3310 800 3394 13ιῖἷῖ
821 3307 1366 3397 ῗεοῖιίᾟῖἴέἵχῗμὲτῖ”ῗῗΐὲἶὲ
1433 3310 1647 3395 ssssrssuigitlss
1649 3308 1790 3397 ‘'1¹3²11R22u
1800 3309 2080 3393 tissimi„
2100 3353 2141 3386 23
2162 3317 2231 3385 „50¹
2242 3350 2293 3384 v·
2308 3348 2322 3393 t
2336 3348 2500 3382 monui-

292 3403 404 3436 οὖσαν
420 3416 478 3436 om.
491 3414 510 3438 ς
528 3402 541 3445 Ι
557 3396 655 3443 αὐτῷ
670 3400 718 3434 L2
733 3399 745 3444 ss
765 3401 807 3434 29
821 3398 1020 3440 καθεστώς]
1040 3398 1195 3445 γεγονὼς
1209 3399 1258 3433 B·
1273 3412 1301 3433 v.
1317 3399 1337 3432 l.
1355 3398 1366 3442 ΙΙ
1431 3409 1505 3431 mus
1527 3400 1612 3439 libri,
1633 3411 1715 3432 corr.
1731 3399 1816 3442 vulq.
1833 3399 1846 3440 ΙΙ
1865 3399 1908 3432 24
1923 3397 2088 3440 legitimos
2108 3410 2166 3430 om.
2182 3395 2228 3447 ¹3¹
2245 3395 2257 3438 fl
2273 3395 2314 3429 25
2331 3393 2378 3434 hi]
2403 3392 2453 3425 hii
2469 3394 2502 3426 R

293 3449 333 3482 ³⁷
356 3441 1362 3516 Q
1424 3443 1817 3532 33333351335222
1826 3439 2336 3532 tilssitaffllissdffli¹‹mcs.
2337 3438 2474 3525 fiiis

299 3511 411 3568 —2de
428 3536 563 3577 futuris]
580 3535 747 3569 defunctis
767 3534 817 3568 1⁷¹
832 3535 846 3579 fl
864 3534 1006 3577 ‘paene]
1023 3533 1122 3578 plene
1139 3534 1217 3568 libri
1237 3533 1250 3578 Ι
1267 3535 1287 3568 3
1300 3532 1366 3566 iam
1434 3534 1476 3567 29
1493 3533 1665 3566 *filiorum
1681 3543 1748 3566 non
1764 3501 1881 3566 tilium
1899 3534 2003 3575 pater]
2027 3531 2170 3582 filiorum
2185 3527 2388 3560 naturalium
2405 3508 2499 3570 ’pater

294 3578 334 3611 de
355 3579 410 3622 Vl}
426 3581 624 3622 praeteritis]
650 3580 716 3623 ptis
741 3581 774 3614 T
787 3580 799 3623 ss
815 3582 835 3614 5
860 3580 960 3622 quod]
985 3590 1023 3612 eo
1046 3579 1135 3622 quod
1164 3579 1212 3612 T²
1227 3578 1241 3622 ΙΙ
1258 3579 1279 3613 6
1296 3577 1366 3621 pri·
1433 3578 1595 3622 RTvulq.
1627 3582 1721 3621 pater
1743 3578 1891 3611 filiorum
1913 3575 2116 3629 naturalium
2137 3571 2200 3623 Vss
2226 3572 2268 3605 30
2293 3571 2344 3604 vel
2368 3583 2500 3614 praeoe-

295 3633 448 3656 naremur
465 3625 510 3657 T*
527 3625 541 3667 fl
559 3627 576 3658 7
602 3626 687 3668 piae]
711 3625 845 3668 proprie
866 3624 944 3668 17¹1!
963 3624 1112 3667 adop-n
1131 3623 1181 3657 13¹
1197 3623 1210 3667 fl
1228 3625 1248 3658 8
1269 3634 1365 3666 opor·
1433 3623 1558 3665 dentes]
1582 3622 1634 3656 vel
1657 3636 1715 3657 om.
1738 3623 1772 3657 V
1788 3622 1801 3666 ΙΙ
1830 3624 1873 3658 32
1896 3633 1927 3654 οι
1951 3624 2010 3654 aut
2031 3618 2197 3668 euml-ei
2219 3619 2278 3649 aut
2302 3619 2423 3657 (autem
2437 3618 2500 3661 12¹)

295 3670 409 3699 tunam
429 3667 477 3699 V'
494 3670 506 3707 ΙΙ
529 3671 549 3701 9
573 3670 713 3711 positam
738 3683 796 3703 om.
811 3670 844 3703 R
860 3670 872 3712 ΙΙ
894 3668 1052 3702 scinimus
1066 3670 1098 3702 R
1118 3668 1295 3701 siniuimus
1317 3667 1365 3700 1⁷¹
1433 3668 1531 3701 etiam
1553 3668 1583 3701 ei
1601 3668 1672 3702 ΒΤ
1694 3667 1793 3702 etiam
1811 3670 1870 3700 aut
1887 3666 1918 3699 ei
1939 3664 1995 3709 V}
2010 3664 2052 3698 33
2072 3664 2254 3714 consistens
2276 3661 2335 3707 Tu
2357 3663 2401 3697 34
2423 3673 2499 3706 pro-

295 3710 459 3747 tinuimus
483 3713 515 3748 T
521 3713 532 3733 ¹
563 3712 701 3748 uiuimus
726 3713 806 3758 ΤἸΙ
833 3716 874 3749 10
897 3724 918 3747 a
933 3713 1056 3756 quibus
1080 3714 1116 3747 iu
1132 3723 1167 3747 re
1183 3713 1292 3757 posita
1317 3712 1364 3747 V¹
1433 3713 1550 3747 cedens
1574 3714 1659 3754 libri,
1683 3724 1766 3746 corr.
1780 3711 1873 3749 Beck
1889 3710 1903 3755 Ι
1918 3711 1960 3744 35
1982 3707 2134 3742 secundis
2156 3719 2214 3740 om.
2230 3707 2281 3740 T¹
