2580 3984
250 144 358 189 Nov.
385 143 596 189 CXXXIV
632 148 695 188 10.
729 149 776 187 11

244 253 348 296 τάξιν
380 253 630 302 διαιρούμενον
659 253 870 299 λαμβάνειν,
900 255 964 289 τὰς
989 253 1028 288 δὲ
1052 253 1149 290 ὀκτὼ
1181 253 1324 303 ούγκίας

244 298 417 335 δίδοσθαι
439 300 492 342 τῷ
516 303 749 345 μοναστηρίῳ
782 301 822 335 ἐν
854 291 887 343 (ᾖ
910 299 1105 346 ἐγκλείεται
1128 298 1150 344 ἦ
1175 302 1324 345 τοιαύτη

242 341 348 392 γυνή·
374 345 404 378 εἰ
427 341 466 378 δὲ
488 343 577 388 μήτε
600 343 792 380 κατιόντας
813 344 903 390 μήτε
928 342 1099 380 ἀνιόντας
1118 347 1201 389 ἔχοι,
1226 345 1250 390 ἢ
1265 349 1325 381 καὶ

243 387 405 424 ἀνιόντες
429 389 657 435 συνέπραξαν
681 392 725 437 τῇ
750 391 900 437 τοιαύτῃ
925 387 1091 434 ἀσεβείᾳ,
1115 392 1240 426 πᾶσαν
1265 389 1324 425 αὗ-

243 436 304 477 τῆς
333 434 401 478 τὴν
424 431 551 468 οὗσίαν
582 433 782 478 λαμβάνειν
813 435 855 470 τὸ
888 436 1142 482 μοναστήριον.
1190 438 1324 472 ἐκείνου

243 478 611 534 παραφυλαττομένου
643 477 730 515 ὥςτε
760 476 812 514 δι’
839 477 937 515 δ’λων
968 482 1045 515 τῶν
1069 481 1247 526 θεμάτων
1271 484 1325 525 τῷ

242 521 346 569 ἀνδρὶ
380 525 426 558 τὰ
461 536 643 570 σύμφωνα
682 525 729 560 τὰ
765 528 837 560 τοῖς
871 524 1064 572 προικῴοις
1099 525 1326 573 έμφερόμενα

242 568 471 614 συμβολαίοις
495 569 753 615 φυλάττεσθαι.

1314 142 1397 192 686

1836 160 1897 192 UT
1925 160 2061 192 NULLI
2089 161 2282 194 IUDICUM
2310 161 2473 194 LICEAT

1393 256 1476 292 dum
1504 256 1599 301 leges
1629 256 1760 308 divisas
1795 257 1977 304 accipere,
2011 262 2091 296 octo
2123 269 2206 297 vero
2240 260 2366 298 uncias
2396 260 2473 298 dari

1393 302 1609 338 monasterio
1640 301 1678 337 in
1711 312 1780 347 quo
1805 303 1998 340 includitur
2027 304 2229 341 huiusmodi
2251 305 2388 343 mulier.
2433 306 2473 342 Si

1394 357 1476 383 vero
1507 356 1622 391 neque
1647 347 1898 384 descendentes
1927 359 2041 395 neque
2063 350 2298 387 ascendentes
2329 351 2472 395 habeat,

1395 394 1459 428 aut
1493 391 1727 429 ascendentes
1762 394 2006 430 consenserint
2046 395 2248 432 huiusmodi
2283 396 2471 442 iniquitati,

1362 442 1380 473 5
1395 446 1533 473 omnem
1563 437 1640 473 eius
1672 438 1910 475 substantiam
1941 440 2104 486 accipere
2135 442 2390 478 monasterium
2419 442 2473 477 illi

1395 482 1683 526 conservandam,
1707 487 1748 519 ut
1766 494 1831 529 per
1848 495 1970 521 omnes
1995 495 2099 522 casus
2122 487 2197 524 viro
2215 491 2324 532 pacta
2346 487 2470 523 dotali-

1394 528 1461 564 bus
1485 528 1585 563 illata
1608 528 1854 565 instrumentis
1879 534 2071 567 serventur.

1229 640 1384 677 CAPUT
1408 641 1470 676 XI.

304 690 450 737 Ἐπειδὴ
475 692 517 728 δέ
537 695 721 738 τινεςψτὸν
745 692 918 741 ἡμέτερον
943 695 1058 740 νόμον
1082 700 1323 742 παραβαίνειν

1448 697 1539 742 Quia
1562 708 1644 735 vero
1668 698 1780 743 aliqui
1803 700 1962 735 nostram
1986 699 2098 744 legem
2121 700 2374 738 transcendere
2396 703 2472 737 stu·

241 737 516 784 σπουδάζουσιν,
551 741 591 774 ἐν
622 739 652 783 ᾧ
686 738 806 774 ἰδικαῖς
836 742 900 775 τὰς
925 741 1040 775 αἰτίας
1064 738 1322 787 ἄπηριθμησά-
1338 745 1378 778 10
1394 742 1487 786 dent,
1510 743 1549 779 in
1572 754 1643 789 qua
1667 745 1849 780 evidenter
1874 754 2001 781 causas
2026 746 2306 782 enumeravimus
2329 756 2375 781 ex
2394 746 2471 790 qui-

239 785 339 830 μεθα
372 784 410 825 ἐξ
442 785 496 819 ὧν
517 786 646 829 μόνων
670 784 844 831 ῥεπούδια
878 783 1031 821 δύναται
1055 787 1269 830 πέμπεσθαι
1300 784 1323 831 ἢ

241 831 279 864 ἐκ
295 831 359 864 τοῦ
376 826 505 874 ἀνδρὸς
528 828 551 873 ἢ
571 832 609 864 ἐκ
629 832 689 873 τῆς
712 830 888 878 γυναικός,
913 830 1103 876 κελεύομεν
1127 829 1218 877 παρ’
1237 834 1322 867 ἐκεί-

240 887 304 910 νας
334 875 397 910 τὰς
427 876 542 910 αἰτίας
571 873 698 920 μηδενὶ
730 876 856 923 τρόπῳ
892 875 1067 923 ῥεπούδια
1098 877 1270 923 γίνεσθαι
1300 875 1324 922 ἢ

241 921 426 966 ἐρρῶσθαι
454 919 643 967 γινόμενα,
675 918 696 964 ἢ
721 922 814 963 κατὰ
845 926 1053 957 συναίνεσιν
1081 923 1163 957 τοὺς
1191 921 1324 967 γάμους

241 963 399 999 διαλύειν
422 969 482 999 καὶ
506 969 701 1012 συγχωρεῖν
725 963 887 1010 ἀλλήλοις
918 967 965 1002 τὰ
989 965 1241 1013 ἁμαρτήματα.

240 1013 262 1047 1
309 1011 338 1044 εἰ
362 1009 401 1044 δὲ
425 1011 524 1056 παρὰ
548 1012 609 1045 τὰς
633 1009 702 1058 ἀφ’
718 1009 821 1056 ἡμῶν
847 1010 1082 1058 διωρισμένας
1105 1014 1221 1048 αἰτίας
1244 1013 1321 1049 τολ-

238 1054 393 1100 μήσουσί
413 1067 507 1091 τινες
531 1054 690 1092 διαλύειν
722 1058 789 1091 τὸν
811 1057 941 1104 γάμον,
973 1058 1172 1102 κελεύομεν,
1202 1060 1232 1093 εἰ
1255 1062 1321 1103 μὲν

238 1101 431 1135 κατιόντας
460 1104 573 1144 ἔχοιεν
604 1103 675 1136 εἴτε
700 1103 737 1143 ἐξ
761 1099 869 1137 αὐτοῦ
899 1103 970 1138 εἴτε
1001 1104 1040 1145 ἐξ
1063 1102 1171 1138 ἄλλου
1195 1105 1321 1149 γάμου,

238 1147 302 1180 τὰς
333 1143 455 1180 οὐσίας
484 1143 607 1182 αὐτῶν
639 1149 784 1182 ἐκείνοις
816 1146 990 1183 δίδοσθαι
1022 1149 1114 1184 κατὰ
1146 1149 1214 1193 τὴν
1245 1152 1321 1185 τῶν

1393 788 1458 824 bus
1482 789 1597 825 solum
1621 790 1769 835 repudia
1791 794 1942 835 possunt
1966 791 2159 826 transmitti
2183 793 2246 827 aut
2268 801 2290 826 a
2309 791 2384 827 viro
2407 792 2473 826 aut

1392 843 1414 868 a
1437 834 1593 878 muliere,
1624 835 1787 870 iubemus
1820 838 1962 880 praeter
1985 836 2066 872 illas
2091 846 2218 873 causas
2246 836 2342 872 nullo
2366 836 2471 871 modo

1392 879 1541 923 repudia
1576 879 1670 922 fieri,
1706 885 1770 915 aut
1805 890 1869 925 per
1902 891 2113 918 consensum
2144 882 2287 927 nuptias
2318 881 2407 918 solvi
2437 883 2473 917 et

1393 925 1587 960 concedere
1609 925 1759 961 invicem
1784 925 1931 961 delictis.

1338 971 1376 1003 15

1391 1017 1413 1051 1
1460 1013 1498 1049 Si
1530 1024 1612 1050 vero
1644 1017 1788 1061 praeter
1822 1025 1845 1051 a
1878 1016 1981 1052 nobis
2013 1016 2176 1052 definitas
2209 1025 2337 1052 causas
2368 1025 2471 1060 prae-

1390 1060 1607 1104 sumpserint
1629 1060 1741 1105 aliqui
1764 1060 1899 1096 solvere
1922 1061 2203 1105 matrimonium,
2235 1061 2409 1105 iubemus,
2440 1061 2471 1097 si

1390 1105 1531 1150 quidem
1555 1105 1808 1142 descendentes
1839 1107 2030 1142 habuerint
2062 1107 2134 1142 sive
2157 1117 2202 1142 ex
2221 1107 2299 1151 ipso
2331 1106 2405 1142 sive
2428 1116 2472 1142 ex

1390 1151 1460 1185 alio
1484 1150 1719 1193 matrimonio,
1744 1151 1980 1188 substantiam
2004 1162 2126 1188 eorum
2149 1152 2219 1187 illis
2243 1152 2320 1187 dari
2343 1162 2470 1187 secun-

238 1189 365 1236 νόμων
396 1191 513 1237 τάξιν,
544 1196 604 1226 καὶ
634 1193 702 1227 τόν
731 1206 771 1227 τε
795 1192 913 1240 ἄνδρα
942 1193 1012 1238 τήν
1039 1208 1079 1249 τε
1101 1198 1252 1242 γυναῖκα
1275 1197 1322 1230 εἰς
1336 1198 1376 1230 20
1391 1195 1474 1231 dum
1505 1196 1622 1240 legum
1652 1196 1820 1239 ordinem,
1853 1199 1890 1232 et
1913 1201 1986 1232 tam
2009 1197 2122 1232 virum
2151 1207 2257 1242 quam
2289 1197 2472 1233 mulierem

237 1236 483 1282 μοναστήριον
515 1237 762 1282 ἐμβάλλεσθαι
795 1241 854 1274 ἐπὶ
887 1240 1011 1275 πάντα
1039 1253 1107 1274 τον
1138 1241 1200 1284 τῆς
1231 1242 1322 1284 ζωῆς

240 1281 362 1316 αὐτῶν
395 1282 537 1328 χρόνον,
576 1286 636 1317 καὶ
667 1285 704 1318 ἐκ
734 1285 797 1327 τῆς
828 1283 980 1319 ἑκάστου
1011 1289 1214 1330 περιουσίας
1248 1284 1320 1320 ἀνὰ

238 1331 412 1373 τέσσαρας
442 1325 586 1374 ούγκίας
609 1332 681 1363 τοῖς
704 1334 955 1374 μοναστηρίοις
987 1332 1027 1365 ἐν
1051 1330 1101 1365 οἷς
1125 1330 1321 1375 ἐμβάλλον-

238 1385 298 1406 ται
322 1369 580 1419 ἆφορίζεσθαι·
617 1375 681 1408 τοῦ
714 1372 845 1420 ἀνδρὸς
876 1374 1043 1418 δηλονότι
1073 1374 1164 1420 μηδὲ
1193 1378 1321 1422 χρῆσιν

1388 1241 1425 1276 in
1448 1241 1704 1277 monasterium
1728 1242 1818 1277 mitti
1848 1242 1887 1277 in
1912 1242 2074 1278 omnibus
2107 1242 2199 1278 vitae
2223 1251 2308 1278 suae
2331 1245 2469 1288 tempo-

1388 1287 1498 1328 ribus,
1524 1290 1560 1322 et
1576 1287 1619 1322 de
1636 1287 1855 1333 singulorum
1876 1287 2111 1324 facultatibus
2136 1290 2326 1333 quaternas
2345 1289 2471 1323 uncias

1389 1332 1610 1367 monasteriis
1634 1332 1671 1367 in
1696 1333 1825 1378 quibus
1849 1333 2038 1369 mittuntur
2062 1333 2238 1378 separari3
2263 1333 2337 1368 viro
2358 1333 2470 1369 nihilo

1388 1377 1503 1413 minus
1541 1388 1655 1422 neque
1690 1388 1793 1413 usum
1829 1379 1983 1414 habente
2018 1378 2123 1414 datae
2154 1379 2265 1424 partis
2296 1378 2388 1414 filiis.
2433 1379 2470 1414 Si

238 1420 380 1460 ἔχοντος
397 1420 460 1452 τοῦ
479 1416 668 1463 διδομένου
684 1423 757 1454 τοῖς
773 1423 1025 1473 παισὶμέρους.
1066 1422 1096 1455 εἰ
1118 1419 1159 1475 δε
1177 1422 1320 1457 κατιόν-
1334 1424 1375 1456 25
1390 1432 1469 1457 vero
1494 1422 1747 1458 descendentes
1780 1434 1852 1459 non
1872 1424 2043 1466 habeant,
2076 1424 2140 1460 sed
2163 1424 2394 1460 ascendentes
2418 1423 2470 1459 in-

237 1475 300 1498 τας
330 1463 378 1508 μὴ
405 1465 528 1506 ἔχοιεν,
562 1461 651 1498 ἀλλὰ
671 1462 835 1500 ἀνιόντες
856 1471 1090 1511 ευρίσκονται,
1119 1480 1163 1501 το
1197 1471 1321 1513 τρίτον

236 1513 340 1555 μέρος
363 1510 424 1552 τῆς
448 1506 569 1544 οὐσίας
595 1509 794 1554 λαμβάνειν
819 1508 958 1554 αὐτούς,
983 1513 1014 1546 εἰ
1036 1512 1085 1555 μὴ
1110 1514 1156 1560 τῇ
1172 1509 1320 1557 ἀσεβείᾳ

236 1555 299 1597 τῆς
322 1553 453 1589 λύσεως
477 1556 541 1589 τοῦ
564 1553 681 1602 γάμου
706 1554 916 1602 συνῄνεσαν,
941 1556 988 1590 τὰ
1006 1555 1045 1591 δὲ
1061 1556 1125 1591 δύο
1144 1561 1232 1604 μέρη
1249 1562 1321 1592 τοῖς

236 1604 487 1656 μονασττζρίοις
510 1602 550 1635 ἐν
573 1599 623 1635 οἷς
646 1603 793 1636 ἕκαστος
827 1601 1043 1657 ἐμβάλλεται
1068 1600 1318 1658 ἀφορίζεσθαι.

1388 1467 1585 1511 veniantur,
1617 1468 1757 1504 tertiam
1789 1471 1927 1513 partem
1958 1469 2178 1505 substantiae
2210 1469 2372 1514 accipere
2397 1478 2470 1513 eos,

1389 1512 1421 1548 si
1444 1523 1515 1548 non
1538 1513 1718 1558 iniquitati
1751 1514 1938 1550 solutionis
1970 1515 2183 1550 matrimonii
2216 1515 2470 1558 consenserint,

1390 1558 1478 1594 duas
1502 1568 1585 1595 vero
1610 1563 1731 1604 partes
1756 1559 1979 1596 monasteriis
2012 1560 2049 1595 in
2073 1560 2203 1605 quibus
2227 1560 2472 1605 unusquisque

1389 1603 1540 1639 mittitur
1570 1605 1742 1650 separari.
1791 1605 1828 1640 Si
1859 1615 1942 1641 vero
1977 1615 2092 1650 neque
2124 1605 2377 1641 descendentes
2407 1615 2469 1641 ne-

237 1645 268 1678 εἰ
291 1643 331 1678 δὲ
350 1659 441 1689 μητε
457 1645 644 1681 κατιόντες
666 1647 754 1690 μήτε
779 1643 943 1682 ἀνιοντες
966 1648 1047 1692 εἶεν,
1072 1663 1094 1691 η
1119 1651 1178 1682 καὶ
1201 1646 1321 1683 ἀνιόν-
1336 1651 1378 1685 30
1393 1658 1461 1694 que
1478 1649 1710 1686 ascendentes
1734 1650 1967 1694 inveniantur,
1992 1651 2047 1686 vel
2062 1650 2296 1687 ascendentes
2321 1660 2471 1687 consen-

238 1701 294 1724 τες
317 1689 519 1737 συνῄνεσαν
542 1693 595 1733 τῷ
615 1692 791 1738 γεγονότι,
815 1691 1003 1736 κελεύομεν
1027 1695 1153 1728 πᾶσαν
1177 1692 1245 1737 τὴν
1266 1691 1321 1727 ού-

1391 1698 1514 1729 serunt
1537 1695 1645 1738 facto,
1682 1695 1843 1731 iubemus
1875 1706 2012 1732 omnem
2032 1696 2270 1732 substantiam
2293 1699 2470 1733 monaste·

304 1771 331 1792 c.
354 1759 417 1792 XI
437 1766 523 1793 extat
547 1760 581 1792 B
607 1761 659 1800 28,
678 1768 703 1795 7.
722 1768 738 1793 6
767 1769 843 1803 post
873 1774 943 1794 nov.
973 1762 1119 1795 CXVII
1138 1774 1164 1795 c.
1184 1763 1225 1796 12
1257 1770 1286 1795 et
1309 1763 1383 1795 inde
1406 1763 1512 1795 eodem
1539 1764 1605 1796 loco
1629 1765 1662 1797 in
1688 1765 1718 1797 L
1736 1767 1771 1806 J‘l
1795 1765 1858 1798 145
1884 1766 1937 1807 (cfi
1958 1777 1994 1807 p.
2018 1766 2082 1798 562
2107 1766 2153 1797 ad
2176 1777 2201 1798 c.
2222 1766 2286 1807 13).
2335 1765 2356 1807 ξ
2382 1766 2469 1799 1-3

237 1815 276 1837 ex
299 1803 336 1837 B
360 1805 456 1837 habet
479 1804 640 1838 Nemeam
652 1803 749 1839 XIV
763 1807 808 1838 tit.
825 1806 874 1847 13,
891 1813 922 1843 4;
944 1818 996 1849 pr.
1010 1824 1054 1830 —
1067 1805 1088 1849 ᾖ
1102 1807 1121 1839 3
1146 1808 1179 1839 in
1205 1808 1358 1850 epitomen
1382 1808 1518 1840 redacta
1543 1808 1591 1840 B⁸
1618 1810 1653 1840 Γ
1670 1809 1710 1850 4,
1731 1816 1747 1842 5
1768 1821 1803 1851 p.
1824 1809 1888 1842 156
1905 1809 2008 1842 Zaclz.
2034 1827 2077 1832 —
2102 1809 2265 1843 Summam
2285 1821 2338 1852 pr.
2354 1828 2395 1834 —-
2409 1810 2430 1852 ξ
2449 1811 2468 1843 3

233 1855 382 1893 praestat
397 1849 583 1893 Anonymus
599 1849 804 1883 Bodleianus
821 1851 860 1884 21
877 1851 913 1883 B
938 1852 1029 1893 apud
1043 1851 1230 1885 Zachariae
1251 1847 1382 1884 Ἀνέκδ.
1399 1865 1432 1895 p.
1448 1853 1523 1886 220.
1573 1853 1736 1886 Theodori
1757 1865 1909 1887 summam
1933 1854 2049 1896 capitis
2072 1855 2187 1897 repetit
2198 1850 2271 1895 ΒΣ,
2291 1854 2470 1888 Athanasii

236 1896 439 1928 summarium
463 1894 485 1938 ξ
506 1898 519 1929 1
543 1895 598 1936 (-
615 1907 644 1928 v.
662 1897 709 1937 25)
743 1896 869 1929 libellus
900 1897 981 1941 περὶ
1012 1892 1203 1942 διαφόρων
1234 1892 1535 1942 ἀναγνωσμάτων
1566 1898 1587 1942 ξ
1612 1899 1631 1931 6
1651 1910 1687 1942 p.
1712 1900 1775 1933 193
1800 1899 1991 1941 Heimbach,
2022 1898 2130 1932 Anon.
2154 1899 2360 1933 Bodleianus
2384 1900 2424 1933 21
2445 1899 2475 1934 G'

238 1941 328 1983 apud
343 1940 530 1973 Zachariae
547 1940 566 1972 l.
582 1953 619 1981 c.‚
643 1942 846 1974 summarium
863 1941 885 1984 ξ
900 1942 919 1974 2
944 1949 1089 1985 repetunt
1107 1943 1269 1984 paratitla
1284 1943 1360 1975 Atb.
1377 1944 1419 1976 14
1434 1947 1449 1981 §
1462 1949 1489 1975 2.
1535 1943 1765 1986 Aryumentum
1789 1951 1902 1977 notant
1922 1944 2085 1986 paratitla
2100 1945 2176 1977 Atta.
2191 1945 2211 1978 2
2228 1949 2243 1983 ἐ
2257 1952 2285 1985 6,
2311 1946 2353 1978 10
2370 1949 2422 1983 §3-

236 2017 395 2055 ordinem
426 2017 637 2053 dividendas
668 2018 867 2064 accipiant,
906 2022 985 2054 octo
1018 2024 1138 2054 autem
1168 2020 1296 2054 unciae
1319 2021 1538 2056 monasterio
1570 2020 1700 2056 dentur
1731 2021 1769 2055 in
1794 2032 1865 2066 quo
1890 2021 2065 2057 eiusmodi
2095 2021 2222 2057 mulier
2249 2021 2448 2058 includitur
2454 2035 2470 2065 ;

235 2065 367 2100 sivero
391 2072 507 2109 neque
525 2062 778 2099 descendentes
801 2074 916 2109 neque
940 2063 1172 2099 ascendentes
1196 2063 1336 2106 babeat,
1361 2065 1417 2101 vel
1439 2065 1545 2100 etiam
1570 2065 1802 2101 ascendentes
1821 2065 1995 2101 eiusmodi
2014 2066 2232 2112 impietatem
2255 2065 2469 2110 adiuverint,

236 2119 372 2145 omnem
395 2108 472 2143 eius
494 2108 732 2143 substantiam
755 2109 1012 2144 monasterium
1035 2108 1202 2155 accipiat.
1251 2110 1370 2155 Atque
1393 2109 1486 2145 illud
1508 2109 1617 2145 simul
1639 2110 1856 2153 observetur,
1882 2115 1922 2146 ut
1944 2111 1982 2145 in
2011 2111 2174 2147 omnibus
2197 2111 2338 2148 casibus
2358 2117 2470 2159 pacta

237 2153 416 2190 dotalibus
439 2153 687 2189 instrumentis
710 2154 846 2190 inserta
868 2153 1001 2189 marito
1023 2157 1220 2190 serventur.

367 2198 431 2233 XI.
482 2197 659 2241 Quoniam
689 2202 807 2234 autem
842 2198 1009 2234 nonnulli
1040 2199 1153 2245 leqem
1187 2204 1348 2236 nostram
1384 2199 1520 2236 violare
1554 2199 1716 2242 student,
1752 2201 1790 2236 in
1821 2211 1894 2246 qua
1924 2200 2132 2247 specialiter
2166 2211 2296 2237 causas
2329 2212 2468 2238 enume-

235 2245 393 2281 ravimus
417 2254 466 2279 ex
482 2244 611 2290 quibus
633 2244 722 2279 solis
745 2244 898 2290 repudia
921 2249 986 2280 aut
1010 2255 1033 2279 a
1056 2245 1134 2280 viro
1159 2248 1223 2280 aut
1246 2256 1269 2281 a
1293 2245 1440 2281 muliere
1463 2245 1555 2280 mitti
1576 2248 1740 2291 possunt,
1765 2245 1925 2281 iubemus
1946 2249 2094 2292 praeter
2117 2245 2200 2281 illas
2216 2257 2347 2283 causas
2368 2247 2468 2284 nullo

234 2289 340 2326 modo
364 2288 519 2336 repudia
539 2289 623 2334 fieri
646 2289 703 2325 vel
721 2290 827 2335 facta
851 2289 981 2332 valere,
1014 2295 1078 2325 aut
1102 2290 1275 2336 eoniuqes
1298 2300 1474 2326 consensu
1503 2290 1734 2325 matrimonia
1764 2290 1901 2326 solvere
1931 2295 2040 2337 atque
2068 2290 2199 2326 delicta
2228 2291 2299 2327 sibi
2320 2293 2468 2329 invicem

235 2338 258 2372 1
304 2334 520 2370 condonare.
614 2333 751 2378 Quodsi
774 2335 840 2380 qui
858 2339 1008 2382 praeter
1031 2345 1162 2370 causas
1192 2346 1216 2371 a
1239 2335 1343 2371 nobis
1365 2335 1531 2379 delinitas
1553 2335 1819 2371 matrimonium
1850 2335 1990 2372 solvere
2013 2337 2097 2372 ausi
2116 2337 2205 2378 sint,
2237 2337 2406 2380 iubemus,
2436 2340 2471 2374 si

235 2380 376 2427 quidem
407 2379 661 2416 descendentes
693 2379 848 2415 babeant
877 2380 950 2416 sive
974 2390 1024 2416 ea:
1053 2380 1135 2427 ipso
1167 2381 1239 2416 sive
1263 2392 1312 2416 ex
1335 2382 1408 2416 alio
1433 2381 1675 2423 matrimonio,
1707 2380 1781 2416 illis
1797 2381 1890 2418 bona
1907 2392 2031 2417 eorum
2054 2380 2137 2417 dari
2153 2382 2346 2417 secundum
2372 2383 2469 2418 ordi·

234 2437 313 2461 nem
338 2425 474 2472 lequm,
506 2429 541 2461 et
573 2429 645 2460 tam
677 2425 792 2461 virum
823 2436 931 2471 quam
962 2424 1144 2462 mulierem
1174 2426 1213 2460 in
1243 2427 1499 2462 monasterium
1526 2426 1645 2461 conici
1667 2437 1740 2472 per
1771 2437 1874 2462 omne
1905 2427 2000 2462 vitae
2023 2437 2146 2462 eorum
2171 2429 2328 2472 tempus,
2358 2437 2402 2463 ac
2425 2428 2468 2464 de

234 2471 421 2516 utriusque
443 2470 647 2505 substantia
671 2475 869 2516 quaternas
894 2471 1020 2506 uncias
1043 2471 1271 2507 monasteriis
1301 2472 1338 2506 in
1362 2482 1456 2524 quae
1485 2471 1714 2507 coniciuntur
1745 2471 1940 2507 destinari:
1974 2476 2014 2507 ut
2036 2471 2172 2507 scilicet
2202 2473 2258 2508 vir
2281 2483 2325 2507 ne
2347 2484 2467 2508 usum-

232 2517 395 2563 fructum
425 2515 566 2561 quidem
593 2516 716 2567 partis
747 2527 837 2559 quae
861 2515 981 2551 liberis
1011 2516 1121 2552 datur
1149 2516 1289 2552 babeat.
1338 2516 1377 2552 St
1409 2520 1527 2552 autem
1556 2516 1808 2552 descendentes
1838 2527 1909 2551 non
1941 2515 2114 2559 habeant,
2144 2515 2208 2552 sed
2237 2518 2469 2554 ascendentes

231 2566 381 2611 praesto
403 2562 485 2603 sint,
518 2563 659 2596 tertiam
677 2565 822 2612 partem
846 2560 1070 2597 substantiae
1092 2561 1119 2596 ii
1143 2561 1336 2614 accipiant,
1368 2561 1439 2597 nisi
1462 2561 1640 2608 impietati
1664 2562 1888 2597 matrimonii
1908 2561 2073 2598 solvendi
2094 2563 2350 2605 consenserint,
2375 2563 2468 2599 duae

234 2617 318 2643 vero
338 2609 467 2653 partes
489 2606 718 2641 monasteriis
747 2606 785 2641 in
818 2616 912 2652 quae
942 2606 1094 2659 quisque
1114 2607 1291 2642 conicitur
1321 2606 1553 2643 destinentur.
1601 2605 1646 2642 Si
1667 2617 1750 2642 vero
1779 2617 1894 2653 neque
1923 2606 2176 2643 descendentes
2207 2618 2322 2659 neque
2345 2618 2467 2644 ascen-

235 2652 358 2688 dentes
387 2652 475 2692 sint‚
507 2650 564 2687 vel
593 2651 702 2687 etiam
733 2651 965 2687 ascendentes
996 2662 1027 2688 ez
1060 2652 1160 2698 quod
1186 2652 1329 2698 factum
1359 2656 1413 2688 est
1444 2652 1705 2695 consenserint,
1739 2651 1897 2688 iubemus
1917 2663 2053 2688 omnem
2085 2651 2322 2688 substantiam
2345 2663 2467 2689 mona-

238 2711 2455 2723 Ἣ

293 2744 309 2776 1
337 2738 584 2786 διαιρουμένας
609 2741 679 2774 LB
702 2741 714 2785 ss
736 2739 862 2785 λαβεῖν
885 2742 1046 2775 Νοηιοο.7”
1076 2741 1089 2787 ΙΙ
1111 2737 1153 2775 οὗ
1176 2744 1256 2788 γίας
1279 2743 1325 2776 Μ

235 2787 397 2822 Νονιιοε.7η
423 2786 435 2829 ΙΙ
459 2788 479 2819 2
504 2783 704 2831 ἔγκλεισται
727 2787 887 2820 Nomoe.m
912 2786 925 2831 ss
949 2788 969 2820 3
994 2784 1017 2829 ἢ
1042 2800 1099 2821 om.
1124 2754 1277 2821 llllmocfl
1305 2787 1317 2833 ΙΙ

236 2834 295 2866 καὶ
318 2829 353 2864 οἱ
376 2826 539 2864 ἀνιόντες
563 2832 594 2864 L
610 2831 790 2865 Nomocflm
806 2832 819 2876 ΙΙ
837 2834 858 2866 4
881 2831 1043 2876 ἔπραξαν
1064 2833 1113 2865 B⁸
1135 2846 1163 2866 υ.
1178 2834 1198 2866 l.
1214 2833 1227 2876 ss
1245 2844 1318 2866 ‘toc-

237 2877 341 2919 αύτη]
367 2872 456 2918 αύτῆ
482 2877 531 2909 B⁸
549 2875 561 2919 ΙΙ
584 2871 702 2910 αὐτοῖς
725 2877 773 2911 Bl
801 2877 812 2920 ΙΙ
839 2879 858 2912 5
883 2877 1017 2910 ἐκείνου
1042 2875 1319 2923 παραφυλαττο-

236 2912 355 2966 μένου]
379 2911 444 2954 illi‘
457 2922 713 2954 conservandam
738 2924 772 2965 (i.
796 2935 820 2955 e.
846 2923 971 2965 ἐκείνῳ
996 2921 1317 2968 παραφυλαττομέ-

236 2967 341 3009 νηνῗ)
366 2978 386 3003 ς
409 2968 422 3010 ΙΙ
447 2968 466 3000 7
493 2964 537 3000 τὰ
562 2968 646 3007 τοῖς]
670 2966 717 3000 τὰ
742 2980 799 3000 om.
826 2967 877 3000 ΒΓ
890 2968 901 3011 ΙΙ
926 2969 1190 3012 προικῴοιςΜ]
1213 2981 1318 3014 γαμι-

236 3013 308 3047 κοῖς
332 3012 378 3045 Μ
392 3025 417 3044 s.
431 3024 473 3054 v.,
498 3012 574 3044 LB
598 3011 609 3050 ΙΙ
638 3013 656 3045 8
682 3010 910 3055 συμβολαίοις
934 3011 1159 3058 ἑμφερόμενα
1182 3013 1252 3047 LB
1271 3015 1282 3053 ΙΙ
1298 3015 1318 3048 9

237 3059 480 3101 παραβαίνειν
492 3053 735 3098 σπουδάζουσι
747 3055 861 3101 νόμον
876 3059 910 3091 Β
925 3057 938 3103 ΙΙ
956 3058 1079 3101 νόμον]
1094 3072 1164 3092 nov.
1179 3057 1323 3093 CXVII

237 3116 263 3136 c.
280 3105 308 3135 8.
324 3104 343 3135 9
363 3101 374 3145 ΙΙ
395 3104 433 3135 10
459 3098 767 3146 ἇπηριθμήσαμεν
782 3104 843 3136 Ma
860 3103 872 3146 ΙΙ
893 3105 931 3137 11
956 3103 1094 3147 μόνων]
1120 3104 1226 3137 solum
1244 3105 1278 3146 (i.
1292 3117 1317 3138 e.

236 3146 363 3202 μόνον)
387 3158 406 3182 ς
423 3146 435 3190 ΙΙ
459 3143 643 3202 ῥεπούδια]
669 3144 835 3226 διαζύέια
859 3148 929 3181 LB
953 3151 1010 3190 (id.
1034 3151 1089 3190 13)
1106 3149 1117 3192 ΙΙ
1141 3146 1319 3206 δύνανται

238 3191 747 3281 Ξῗῆᾖὶἶῖἴςῗτῖἔῗᾶῗέῗῗῖι
773 3194 1092 3282 11νῖἔῖἶέρέμὲιῖιῖ
1107 3196 1224 3272 ῗὶῖῖοἷς
1237 3206 1319 3284 ’ἒῖρῇ

239 3278 424 3322 ῥεπούδια]
451 3279 611 3315 διαλύειν
626 3280 760 3327 γάμους
779 3286 838 3316 καὶ
856 3280 1023 3329 διαζύγια
1035 3284 1088 3317 ΒΓ
1103 3285 1158 3328 (qs.
1173 3286 1219 3318 ad
1236 3286 1290 3326 14)
1305 3286 1317 3328 ΙΙ

238 3324 261 3373 ἢ
273 3345 316 3349 —
331 3329 370 3360 14
384 3325 558 3371 γινόμενα
571 3340 628 3360 om.
640 3328 688 3360 Β8
702 3339 721 3363 ς
737 3328 749 3369 ΙΙ
771 3331 810 3362 14
821 3325 996 3374 γινόμενα
1010 3330 1068 3370 Μ]
1086 3327 1132 3362 τὰ
1144 3326 1319 3374 γινόμενα

239 3371 308 3402 LB
325 3367 376 3414 1Ιῆ
401 3371 492 3404 κατὰ
513 3389 556 3394 --
583 3373 623 3406 15
649 3369 809 3407 διαλύειν
833 3386 891 3406 om.
913 3373 963 3406 Bt
983 3373 995 3412 ΙΙ
1025 3377 1231 3418 συναίρεσιν
1256 3376 1284 3408 L
1307 3373 1320 3420 Η

239 3414 320 3447 τοὺς
344 3429 400 3468 οξη.
419 3416 463 3449 Bt
482 3416 494 3460 ΙΙ
512 3417 552 3450 16
574 3416 616 3457 εἰ]
640 3415 683 3450 Οἱ
698 3418 859 3451 Νοηιοσ.ἠ
882 3419 894 3461 ΙΙ
910 3414 976 3462 ὑφ’
998 3416 1101 3461 ἡμῶν
1123 3420 1153 3452 L
1180 3418 1192 3463 ΙΙ
1219 3421 1259 3454 18
1281 3420 1319 3452 ἐκ

239 3459 302 3490 τοῦ
328 3460 437 3493 αυτοῦ
463 3462 554 3494 malit
581 3462 855 3496 C'GEHeimbach
883 3464 895 3507 ΙΙ
927 3465 968 3497 19
993 3462 1054 3497 τὰς
1077 3461 1210 3505 οὐσίας]
1241 3465 1319 3498 sub-

241 3504 396 3556 stantiam
420 3517 438 3540 ς
455 3506 467 3548 ΙΙ
484 3506 550 3538 τοῦ
573 3506 685 3550 νόμου
709 3508 869 3542 Νονηοο.”’
892 3508 904 3551 ΙΙ
931 3509 972 3543 22
998 3505 1122 3543 αὐτῶν
1145 3522 1203 3542 om.
1221 3510 1285 3542 Ma
1307 3509 1319 3553 Η

243 3548 282 3578 23
308 3552 451 3593 ουγγίας
475 3551 546 3583 ML
556 3552 715 3585 Nemee-m
741 3552 754 3596 ΙΙ
779 3554 820 3587 28
845 3553 910 3586 τοῦ
937 3566 994 3587 om.
1010 3553 1062 3587 ΒΓ
1083 3554 1095 3597 ΙΙ
1121 3555 1162 3588 29
1187 3552 1319 3598 ἐμβάλ-

242 3588 371 3643 λεσθαι
393 3594 439 3626 M
447 3593 458 3636 ΙΙ
483 3595 525 3627 30
549 3593 638 3637 μήτε
661 3592 824 3631 ἀνιόντες
845 3597 937 3641 μήτε
956 3597 1140 3632 κατιόντες
1163 3600 1209 3632 Β*
1233 3600 1245 3643 ΙΙ
1269 3598 1317 3643 μὴ

243 3645 403 3687 ανιοΙντες
428 3639 492 3670 Ma
516 3639 528 3677 ΙΙ
556 3639 637 3680 εἶεν]
670 3641 884 3675 inveniantur
908 3655 927 3679 ς
951 3644 963 3687 ΙΙ
991 3645 1063 3684 καὶ]
1094 3647 1154 3677 καὶ
1178 3644 1208 3677 εἰ
1233 3645 1278 3678 Bl
1307 3643 1319 3690 ΙΙ

243 3683 418 3720 ανιοντες]
441 3680 477 3714 οἱ
499 3679 661 3717 ἀνιόντες
684 3686 764 3718 ΙῙΙΒΔ
778 3689 831 3730 (cf.
855 3689 900 3720 ad
922 3689 956 3730 3)

1445 2746 1459 2778 1
1488 2743 1594 2785 legem
1614 2743 1722 2785 R(²)v
1736 2743 1749 2785 ss
1776 2743 1886 2776 diuisa
1907 2746 1924 2776 b
1957 2743 2103 2776 diuersas
2124 2742 2177 2776 Τ1
2199 2743 2212 2788 ΙΙ
2237 2754 2391 2787 accepere
2415 2748 2432 2780 b

1388 2791 1407 2822 2
1432 2788 1644 2822 concluditur
1668 2789 1700 2821 T
1712 2787 1724 2830 ΙΙ
1741 2789 1760 2821 3
1784 2799 1861 2821 vero
1878 2790 1996 2829 neque]
2021 2797 2128 2829 neque
2152 2800 2209 2820 om.
2226 2788 2244 2818 b
2263 2788 2275 2831 Η
2291 2789 2390 2822 habet
2411 2803 2432 2823 υ

1386 2836 1407 2868 4
1432 2834 1601 2867 conserint
1627 2836 1644 2867 b
1670 2832 1683 2877 ΙΙ
1711 2835 1730 2868 5
1755 2833 1897 2876 accipiat
1919 2846 1940 2866 υ
1961 2834 1973 2877 ΙΙ
2002 2833 2201 2865 monasterio
2227 2835 2243 2865 b
2271 2835 2283 2875 ΙΙ
2309 2833 2363 2866 illi
2386 2845 2466 2868 uero

1387 2879 1646 2913 conseruandam
1670 2878 1907 2920 (conseruanda
1926 2879 1958 2918 v)
1985 2880 2050 2916 bv;
2085 2878 2144 2921 leq.
2168 2876 2230 2910 illo
2253 2888 2333 2911 uero
2358 2879 2465 2912 obser-

1386 2924 1518 2957 vando?
1537 2924 1550 2968 ΙΙ
1566 2926 1586 2958 6
1603 2925 1686 2965 viro]
1711 2923 1767 2956 uel
1782 2937 1803 2956 v
1827 2934 1888 2956 uae
1907 2926 1923 2957 b
1942 2923 1954 2966 ΙΙ
1970 2925 2067 2965 pacto
2087 2923 2136 2956 V¹
2161 2922 2248 2955 facta
2263 2935 2284 2955 υ
2302 2923 2314 2966 ΙΙ
2332 2926 2350 2957 7
2373 2923 2466 2958 illate

1394 2970 1445 3003 Vl
1463 2969 1474 3013 ΙΙ
1491 2972 1511 3004 9
1526 2969 1655 3012 aliquid
1673 2971 1690 3002 b
1714 2968 1773 3001 alii
1789 2969 1848 3011 qui
1863 2982 1883 3002 v
1900 2968 1913 3012 ΙΙ
1930 2968 2066 3002 student
2087 2980 2145 3001 om.
2157 2967 2207 3000 R²
2223 2967 2235 3011 ΙΙ
2257 2970 2297 3002 10
2311 2979 2376 3010 quo
2391 2970 2466 3014 1⁷²ss

1385 3015 1538 3047 uidenter
1558 3015 1607 3047 R¹
1622 3018 1639 3048 b
1664 3014 1822 3047 uidentur
1843 3014 1891 3048 V¹
1916 3014 1928 3056 ΙΙ
1953 3015 2081 3054 causas]
2106 3023 2219 3046 causas
2244 3024 2327 3055 quae
2348 3014 2404 3057 Vn
2424 3016 2461 3048 11

1386 3060 1578 3102 repudiatae
1602 3062 1619 3093 b
1637 3059 1649 3103 ΙΙ
1669 3061 1710 3093 12
1735 3059 1856 3092 mulier
1881 3062 1898 3092 b
1916 3059 1928 3102 ΙΙ
1945 3060 2080 3102 propter
2107 3061 2123 3092 b
2140 3059 2151 3100 ΙΙ
2173 3060 2212 3092 13
2229 3059 2333 3091 fuerit
2358 3061 2374 3092 b
2394 3059 2406 3102 ΙΙ
2424 3061 2466 3094 14

1386 3105 1499 3138 delicti
1525 3107 1542 3138 b
1555 3118 1576 3138 v
1607 3104 1760 3138 derelicti
1784 3105 1816 3137 R
1833 3104 1845 3148 ΙΙ
1866 3105 1905 3139 16
1929 3106 2071 3146 praeter]
2097 3102 2280 3146 praedictas
2308 3104 2325 3133 b
2343 3103 2355 3147 ΙΙ
2371 3114 2464 3146 prae-

1386 3149 1561 3193 sumpserit
1575 3150 1625 3183 R¹
1642 3149 1655 3193 ΙΙ
1675 3152 1713 3183 17
1732 3149 1853 3191 aliquis
1874 3149 1922 3183 V¹
1935 3162 1955 3181 v
1979 3148 2107 3190 aliquid
2123 3148 2172 3181 13²
2186 3147 2204 3178 b
2221 3147 2232 3191 Η
2255 3149 2294 3182 18
2312 3149 2465 3182 habuerit

1393 3196 1426 3228 V
1437 3195 1450 3239 ΙΙ
1468 3206 1507 3228 ex
1519 3195 1597 3236 alio]
1611 3195 1653 3227 ad
1665 3194 1732 3227 alio
1747 3195 1764 3224 b
1781 3195 1793 3238 fl
1815 3196 1855 3229 19
1869 3193 2053 3227 substantia
2065 3206 2085 3226 v
2101 3192 2113 3238 ΙΙ
2133 3194 2175 3227 20
2188 3192 2338 3226 ordinem
2354 3193 2464 3235 legum

1388 3241 1419 3273 T
1431 3240 1443 3284 ΙΙ
1462 3242 1501 3274 21
1529 3240 1730 3273 monasterio
1751 3240 1807 3272 Vv
1823 3239 1835 3283 ΙΙ
1855 3240 1896 3273 22
1922 3238 2092 3280 quaternis
2116 3237 2220 3271 untiis
2246 3239 2278 3270 T
2292 3238 2304 3282 ΙΙ
2321 3240 2362 3271 23
2387 3238 2464 3271 mit-

1385 3288 1440 3318 tur
1467 3286 1499 3318 T
1511 3285 1524 3329 ΙΙ
1539 3285 1685 3327 reparari
1705 3283 1755 3317 ΒΞ
1773 3284 1785 3327 ΙΙ
1810 3294 1890 3317 uero
1905 3285 1937 3317 Τ
1945 3284 1984 3316 ¹v
2008 3294 2069 3317 uae
2087 3283 2105 3313 b
2130 3284 2166 3316 ui
2186 3283 2239 3316 V²
2255 3281 2268 3326 fl
2295 3283 2338 3317 24
2362 3293 2463 3324 usque

1395 3331 1444 3363 V¹
1461 3330 1473 3373 ΙΙ
1490 3341 1552 3363 usu
1570 3329 1690 3362 habere
1703 3329 1754 3362 R²
1770 3329 1782 3373 ΙΙ
1799 3329 1878 3362 filiis
1895 3331 1954 3370 bv]
1980 3328 2066 3361 filiis.
2093 3327 2223 3369 quando
2242 3329 2337 3370 pater
2352 3337 2460 3360 rerum

1385 3374 1448 3407 filii
1463 3376 1499 3407 in
1515 3377 1677 3417 potestate
1692 3375 1795 3417 positi
1811 3385 1879 3407 non
1895 3374 1994 3406 habet
2011 3373 2143 3415 (habeat
2158 3373 2206 3414 T)
2222 3372 2461 3405 usumfructum

1386 3420 1490 3453 RVT
1498 3421 1583 3464 vuly.
1601 3419 1614 3463 ΙΙ
1633 3419 1669 3451 Si
1690 3433 1747 3452 om.
1764 3422 1780 3452 b
1800 3419 1812 3463 ΙΙ
1829 3419 1872 3453 26
1888 3419 2032 3459 tertiam]
2057 3418 2189 3451 tertiam
2206 3427 2286 3450 uero
2309 3429 2330 3449 v
2346 3416 2358 3459 ss
2375 3415 2461 3448 acci-

1385 3475 1461 3506 pere
1486 3475 1540 3497 eos
1560 3464 1763 3498 substantiae
1782 3465 1814 3497 T
1835 3464 1847 3508 H
1864 3466 1905 3498 27
1922 3463 2111 3505 iniquitatis
2126 3475 2146 3494 v
2165 3461 2236 3504 (Βῖ,
2252 3461 2462 3511 sed-restituit

1385 3509 1570 3551 iniquitati)
1590 3508 1603 3554 ΙΙ
1617 3509 1866 3542 matrimonium
1891 3509 1921 3550 b,
1946 3521 2004 3542 om.
2017 3521 2037 3541 v
2054 3508 2067 3551 ΙΙ
2085 3509 2126 3541 28
2143 3506 2331 3538 monasterii
2344 3517 2367 3554 υ
2391 3515 2460 3538 mo-

1386 3554 1524 3587 nasterii
1546 3554 1600 3587 his
1620 3555 1671 3588 V¹
1689 3553 1702 3598 ΙΙ
1717 3554 1945 3596 unusquisque
1969 3554 2029 3587 del.
2052 3552 2102 3586 V³
2117 3551 2129 3595 ΙΙ
2147 3552 2189 3584 29
2212 3558 2354 3589 seperari
2373 3550 2423 3582 ΤΙ
2448 3550 2460 3594 fl

1386 3610 1493 3640 neque
1516 3599 1726 3632 ascendentes
1750 3612 1808 3633 om.
1827 3599 1878 3640 R,
1902 3598 2111 3631 ascendentes
2134 3601 2206 3627 ante
2229 3592 2460 3628 descendentes

1387 3646 1463 3677 add.
1477 3643 1526 3676 R2
1543 3643 1555 3687 ΙΙ
1581 3646 1622 3678 30
1647 3643 1701 3677 uel
1716 3643 1776 3684 R2]
1802 3645 1834 3676 et
1853 3642 1998 3676 R¹VT⁶
2030 3643 2088 3673 aut
2111 3639 2153 3672 αἶ.
2170 3637 2184 3680 ΙΙ
2199 3637 2376 3671 ascendens
2399 3640 2452 3684 V}

1386 3691 1621 3721 consenserunt
1642 3688 1710 3729 Vb]
1735 3687 1960 3721 consenserint
1976 3684 2134 3727 RTvalq.
2160 3686 2389 3716 conuenerunt
2404 3686 2452 3729 ²²¹1

1386 3734 1426 3767 31
1453 3735 1574 3766 factum
1600 3733 1617 3763 b
1637 3732 1649 3776 ss
1664 3731 1854 3765 monasterii
1876 3731 1897 3760 b
1932 3728 2066 3762 maioris
2088 3726 2294 3760 monasteriis
2317 3728 2369 3760 Ra
