2618 4010
137 153 339 187 PROPTER
366 153 557 187 NUPTIAS
587 153 857 187 DONATIONIS

137 257 293 300 πατέρα,
326 251 345 288 ὁ
368 252 407 288 δὲ
428 253 510 288 οὔτε
533 256 696 297 ἐκίνησεν
728 253 811 290 οὔτε
834 254 1028 302 συνῄνεσεν
1051 258 1111 289 καὶ
1133 248 1217 289 οἶδὲ

139 298 296 334 δέδωκεν
318 297 445 334 ἄδειαν
467 301 511 346 τῇ
536 299 695 346 θυγατρὶ
720 300 856 345 πρᾶξαι
880 301 998 343 τοῦτο,
1024 300 1073 345 μὴ
1098 298 1215 334 κινδυ-

138 345 257 379 νεύειν
287 342 413 388 αὖτήν,
448 341 538 378 ἀλλὰ
571 349 630 378 καὶ
660 346 954 393 συνειςφέρεσθαι
979 345 1117 392 γυμνὴν
1147 345 1216 388 τὴν

139 387 286 437 ἀγωγὴν
300 390 368 433 τὴν
384 389 476 423 κατὰ
497 391 573 423 τῶν
589 391 652 424 τοῦ
669 387 808 436 ἀπόρου
832 388 962 437 ἀνδρὸς
978 389 1215 437 πραγμάτων,

139 439 197 468 καὶ
229 435 296 478 τὴν
326 432 436 478 τύχην
469 435 561 469 εἶναι
591 435 716 478 κοινὴν
750 433 839 479 αύτῆ
867 450 907 470 τε
931 439 989 469 καὶ
1014 440 1085 470 τοῖς
1110 435 1216 478 αὐτῆς

140 477 318 526 ἀδελφοῖς,
350 480 399 523 μὴ
423 482 547 523 μέντοι
579 482 616 514 ἐκ
640 482 703 524 τῆς
727 473 953 527 συνείςφορᾶς
985 481 1215 525 ζημιοῦσθαι,

138 522 228 558 ἀλλὰ
253 523 318 568 τὴν
335 523 600 568 ἐπιβάλλουσαν
618 523 706 573 αὐτῇ
725 530 855 571 μοῖραν
880 525 1053 560 δίδοσθαι
1078 529 1115 559 ἐκ
1138 527 1215 559 τῶν

137 568 322 614 πατρῴων
351 569 588 616 πραγμάτων,
620 572 682 614 τῆς
706 568 846 617 ἀγωγῆς
877 574 1010 614 ἐκείνης
1039 583 1214 616 συνειςφε-

136 618 282 666 ροζιένης
303 618 381 659 μέν,
403 615 505 669 παρὰ
531 613 683 650 πάντων
709 615 747 650 δὲ
771 619 976 670 κινουμένης
1006 617 1097 655 τῶνΥ
1114 613 1214 649 ἀδελ-

1210 137 1297 186 477

2011 138 2117 184 Nov.
2147 138 2306 183 XCVII
2335 141 2360 181 6

1283 263 1397 299 neque
1413 253 1520 290 movit
1542 262 1658 298 neque
1674 251 1854 288 consensit
1877 256 1913 287 et
1928 261 2043 296 neque
2062 251 2159 286 dedit
2181 250 2361 286 licentiam

1283 299 1377 334 filiae
1406 299 1474 334 hoc
1505 308 1626 342 agere,
1662 308 1734 333 non
1765 308 1844 332 eam
1877 298 2074 341 periculum
2104 296 2196 341 pati,
2231 297 2295 332 sed
2326 300 2361 331 et

1285 344 1438 379 conferri
1463 344 1592 379 nudam
1616 343 1790 378 actionem
1815 347 1939 378 contra
1963 342 2078 386 inopis
2099 342 2215 376 mariti
2232 352 2300 383 res,
2325 344 2362 377 et

1283 390 1466 425 fortunam
1489 399 1567 424 esse
1593 398 1813 423 communem
1846 392 1882 422 et
1910 388 1981 431 ipsi
2013 391 2048 422 et
2077 387 2153 422 eius
2178 387 2359 430 fratribus,

1251 437 1269 468 5
1284 445 1354 469 non
1377 438 1495 470 tamen
1516 445 1560 470 ex
1586 433 1774 469 collatione
1798 433 2035 474 damnificari,
2070 433 2131 468 sed
2156 436 2358 477 competen-

1284 483 1354 514 tem
1379 480 1409 514 ei
1434 483 1572 524 partem
1596 479 1673 514 dari
1697 489 1741 514 ex
1764 479 1923 522 paternis
1946 478 2066 520 rebus,
2101 478 2275 512 actionem
2298 477 2361 512 illa

1283 525 1423 569 quidem
1460 525 1682 567 conferente,
1719 525 1764 558 ab
1802 524 1964 558 omnibus
1999 525 2118 557 autem
2152 522 2359 557 movendam

1283 570 1470 612 fratribus,
1507 573 1542 605 et
1577 569 1644 604 hoc
1680 568 1896 613 proficiendo
1933 567 2107 602 universis
2141 567 2230 611 ipsis
2267 569 2360 611 quod

1282 615 1447 650 fortunae
1479 616 1626 649 eventus
1659 614 1804 648 dederit.
1854 613 1922 647 Sed
1954 613 1985 648 si
2016 612 2156 656 quidem
2193 614 2294 656 pater
2324 612 2359 647 in

136 672 233 713 «ξων,
260 663 319 693 καὶ
350 673 477 694 τουτου
507 665 777 707 περιγινομένου
809 674 949 696 απασιν
973 658 1091 695 αὐτοῖς
1123 658 1214 706 ὅπερ
1230 661 1413 694 lotalibus
1440 659 1582 693 Casibus
1607 658 1777 693 obtulerit
1808 658 1926 692 dotem
1958 661 1994 692 et
2024 658 2067 691 de
2092 657 2167 691 eius
2192 659 2358 691 substan-

137 718 185 738 αν
214 719 234 747 η
267 706 329 748 τῆς
352 706 458 749 τύχης
481 708 625 750 ἔκβασις
650 705 736 749 δοίη.
785 703 864 740 ἀλλ’
891 707 923 740 εἰ
951 708 1017 750 μὲν
1041 703 1060 738 ὁ
1093 707 1214 750 πατὴρ

136 751 196 784 ἐπὶ
219 751 296 784 τῶν
319 750 498 785 τοιούτων
522 749 701 795 θεμάτων
726 750 864 794 ἐπιδοίη
889 751 957 794 τὴν
982 753 1129 795 προῖκα,
1154 754 1213 783 καὶ

135 798 217 839 περὶ
241 796 302 838 τῆς
325 794 435 830 αὐτοῦ
461 801 663 841 περιουσίας
687 796 901 839 ἐλπίζεσθαι
930 796 975 829 τὰ
998 796 1058 838 τῆς
1083 806 1212 828 συνεις-

136 842 246 885 φορᾶς
269 840 406 884 μέλλοι,
438 843 544 896 τοῦτο
567 845 719 887 κρατεῖν.
763 843 794 875 εἰ
825 839 865 875 δὲ
892 843 1027 885 μείζων
1058 840 1167 881 τυχὸν
1191 837 1212 882 ἡ

1282 706 1331 739 tia
1355 704 1492 748 sperari
1523 703 1647 738 futura
1676 707 1730 737 est
1755 702 1913 744 collatio,
1948 703 2018 736 hoc
2041 702 2166 736 valere.
2217 702 2254 736 Si
2277 712 2359 737 vero

1282 749 1394 784 maior
1417 749 1509 783 forte
1533 748 1668 783 oblatio
1689 747 1807 788 fuerit,
1832 751 1868 781 et
1889 747 2030 781 collatio
2053 748 2150 781 circa
2170 747 2265 781 illam
2283 757 2359 782 ver-

1281 795 1368 828 titur
1392 803 1490 837 spem
1515 803 1558 827 ex
1582 793 1693 837 patris
1718 792 1983 826 inoboedientia
2006 802 2119 836 neque
2136 801 2275 827 movere
2298 802 2358 827 vo-

1281 839 1385 873 lentis
1418 848 1532 882 neque
1561 837 1795 882 permittentis
1827 838 1857 871 ei
1889 847 2046 879 movere,
2081 840 2166 871 tunc
2191 847 2267 871 eam
2298 847 2361 882 per

136 883 294 919 ἐπίδοσις
318 887 380 928 εἴη,
414 889 473 920 καὶ
497 901 518 930 ⁷7
543 887 751 940 συνειςφορα
784 889 1034 940 περὶὶἐκεὶίνην
1066 888 1211 937 avosque:
1228 887 1267 919 15
1281 887 1393 919 semet
1422 884 1536 927 ipsam
1566 883 1673 917 filiam
1703 892 1852 924 movere,
1884 886 1920 916 et
1942 893 2013 917 non
2037 882 2169 917 habere
2201 883 2358 918 occasio-

136 944 196 964 ται
219 930 286 973 τὴν
311 930 450 972 ἐλπίδα,
476 933 513 965 ἐκ
538 930 577 965 δὲ
599 944 661 974 της
683 946 747 966 του
772 943 909 975 πατρος
933 931 1125 965 απειθείας
1147 942 1211 963 του

134 975 223 1019 μήτε
248 978 392 1019 κινῆσαι
416 976 656 1021 βουληθέντος
678 977 768 1021 μήτε
790 978 981 1022 ἐπιτρέψαι
1006 973 1095 1022 αὐτῇ
1113 975 1210 1017 κινῆ-

135 1032 195 1054 σαι
209 1020 422 1065 <κινδυνεύει
439 1023 484 1055 τὰ
502 1023 563 1064 τῆς
579 1022 751 1067 προικός>,
773 1025 969 1065 τηνικαῦτα
987 1020 1099 1064 αὐτὴν
1115 1017 1207 1053 καθ’

134 1065 267 1109 ἑαυτὴν
298 1066 366 1110 τὴν
390 1068 574 1113 θυγατέρα
606 1070 716 1101 κινεῖν
745 1071 804 1100 καὶ
834 1067 882 1110 μὴ
907 1069 1001 1108 ἔχειν
1024 1065 1211 1111 πρόφασιν

1280 939 1361 964 nem
1380 938 1420 964 eo
1439 929 1534 972 quod
1555 938 1626 962 non
1651 929 1809 972 potuerit
1831 937 1982 971 movere,
2010 928 2072 963 sed
2095 928 2236 962 sibimet
2260 928 2359 962 auxi-

1279 974 1360 1008 liari
1399 976 1435 1008 et
1473 973 1616 1008 futurae
1654 972 1821 1008 laesionis
1860 983 1904 1007 ex
1938 973 2060 1017 inopia
2098 973 2163 1007 viri
2198 974 2360 1008 amittere

1278 1023 1421 1054 metum.
1471 1019 1521 1053 Et
1550 1018 1710 1053 novimus
1734 1018 1925 1062 Ulpianum
1949 1018 2248 1063 sapientissimum
2272 1018 2361 1052 talia

1280 1064 1461 1109 quaesisse
1493 1066 1529 1099 et
1560 1064 1660 1108 inopi
1691 1063 1765 1098 viro
1800 1067 1982 1108 comperto
2014 1063 2144 1098 iuvisse
2176 1064 2359 1099 mulierem

134 1111 177 1144 τὸ
210 1111 259 1155 μὴ
293 1110 497 1155 δυνηθῆναι
529 1124 688 1154 κινησαι,
721 1109 803 1145 ἀλλ’
829 1113 936 1158 ἑαυτῇ
962 1125 1000 1145 τε
1023 1111 1211 1166 βοηθῆσαι
1225 1113 1266 1145 20
1280 1116 1315 1144 et
1345 1110 1381 1143 in
1413 1112 1584 1154 quantum
1612 1109 1665 1143 Vir
1696 1109 1846 1144 idoneus
1878 1113 1933 1144 est
1965 1109 2190 1144 collationem
2220 1110 2253 1145 ei
2283 1108 2360 1143 fieri

135 1159 193 1189 καὶ
216 1158 258 1190 τὸ
284 1158 457 1201 ἐσόμενον
490 1159 549 1192 ἐπὶ
573 1159 617 1204 τῇ
643 1154 777 1203 ἀπορίᾳ
800 1159 862 1191 τοῦ
887 1155 1018 1204 ἀνδρὸς
1048 1158 1210 1199 αποπέμ-

134 1203 283 1246 ψασθαι
307 1200 391 1236 δέος.
439 1205 498 1235 καὶ
522 1203 624 1246 ἴσμεν
648 1205 706 1235 καὶ
732 1200 941 1236 Οὐλπιανὸν
961 1202 1028 1235 τὸν
1046 1200 1210 1242 σοφώτα-

134 1259 199 1280 τον
229 1246 275 1280 τὰ
306 1249 456 1281 τοιαῦτα
488 1247 692 1290 ζητήσαντα
722 1251 781 1281 καὶ
813 1246 954 1293 ἀπόρου
986 1248 1049 1281 τοῦ
1082 1244 1212 1292 ἀνδρὸς

134 1290 345 1348 εὑρεθέντος
375 1293 617 1337 βοηθήσαντα
649 1294 693 1339 τῇ
726 1296 884 1339 γυναικί,
915 1295 974 1325 καὶ
1004 1293 1052 1325 εἰς
1075 1290 1165 1325 ὅσον
1189 1288 1208 1324 ὁ

135 1337 226 1382 ανὴρ
258 1342 402 1384 ευπορεῖ
423 1351 491 1393 τήν
513 1349 746 1383 συνειςφοραν
773 1335 864 1383 αὐτῇ
888 1338 1063 1384 γενέσθαι
1086 1335 1209 1389 βουλό·
1226 1338 1267 1372 25

133 1383 157 1417 2
202 1395 320 1426 μενον.
381 1381 446 1417 ἀλλ
487 1380 677 1427 ἐπειδήπερ
699 1384 738 1416 ἐν
753 1381 891 1426 πλήθει
912 1396 989 1417 των
1005 1380 1131 1426 νόμων
1150 1395 1209 1415 ον-

133 1440 221 1470 των,
251 1431 338 1473 πρίν
364 1426 488 1462 αὐτοὺς
511 1429 803 1472 καταστήσαιμεν
833 1431 891 1461 καὶ
917 1429 963 1462 εἰς
986 1424 1212 1462 εὐσύνοπτον

133 1468 327 1518 ἀγάγοιμεν
350 1474 465 1516 τάξιν,
497 1472 613 1508 πολλὰ
636 1477 695 1506 καὶ
716 1475 793 1508 τῶν
817 1470 1026 1519 ἀναγκαίων
1050 1470 1211 1518 ἠγνοεῖτο

133 1522 192 1550 καὶ
218 1520 331 1563 ψῆφοι
355 1516 535 1553 τάναντία
558 1518 769 1563 βουλόμενοι
793 1518 892 1564 παρὰ
923 1520 999 1552 τῶν
1029 1515 1211 1551 δικαστῶν

1279 1156 1442 1190 voluisse.

1281 1380 1304 1415 2
1351 1379 1420 1415 Sed
1452 1379 1617 1424 quoniam
1648 1380 1684 1414 in
1716 1379 1941 1414 multitudine
1972 1379 2088 1422 legum
2120 1378 2358 1421 existentium,

1281 1428 1472 1470 antequam
1496 1435 1555 1460 eas
1580 1425 1876 1460 constitueremus
1899 1429 1935 1459 et
1959 1424 2004 1458 ad
2029 1424 2259 1469 conspicuum
2276 1434 2358 1469 per-

1282 1471 1490 1506 duceremus
1512 1470 1687 1513 ordinem,
1717 1470 1872 1515 plurima
1895 1473 1931 1505 et
1955 1470 2235 1505 necessariorum
2258 1470 2357 1513 igno-

1281 1517 1466 1557 rabantur,
1491 1518 1527 1551 et
1549 1516 1691 1551 decreta
1715 1525 1807 1560 quae
1831 1516 2010 1550 contraria
2033 1515 2162 1550 vellent
2186 1525 2208 1549 a
2231 1515 2358 1549 iudici-

134 1563 327 1606 ἐτέθησαν,
364 1564 423 1618 ἵνα
451 1565 500 1608 μή
527 1575 580 1598 τις
605 1564 767 1607 ἐξαπάτῃ
800 1567 882 1608 περὶ
913 1565 1029 1597 ταῦτα
1059 1566 1210 1610 γένοιτο,
1226 1565 1267 1597 30
1282 1562 1349 1596 bus
1381 1561 1501 1605 posita
1532 1565 1631 1603 sunt,
1667 1571 1711 1596 ne
1744 1561 1818 1596 ulla
1850 1560 2010 1596 seductio
2042 1561 2138 1595 circa
2167 1560 2256 1595 haec
2284 1560 2358 1602 fiat,

134 1605 192 1640 διὰ
224 1609 331 1642 τοῦτο
366 1612 561 1654 αναγκαῖον
597 1611 825 1653 ἐνομίσαμεν,
863 1607 978 1642 ἄλλως
1010 1622 1050 1642 τε
1081 1612 1140 1641 καὶ
1172 1609 1212 1642 ἐν

131 1655 229 1707 με’σιρ
260 1654 322 1696 τῆς
345 1651 516 1699 ἡμετέρας
539 1654 705 1697 τεθείσης
729 1653 926 1694 διατάξεως
956 1655 1018 1697 τῆς
1047 1657 1105 1687 καὶ
1130 1665 1211 1687 συν-

1281 1610 1473 1652 propterea
1504 1606 1743 1642 necessarium
1771 1606 1974 1651 putavimus
2006 1606 2156 1650 proinde
2189 1606 2294 1640 etiam
2322 1606 2359 1640 in

1281 1652 1396 1687 medio
1426 1655 1571 1687 nostrae
1603 1652 1742 1696 positae
1772 1651 2053 1693 constitutionis,
2087 1661 2178 1695 quae
2207 1653 2243 1685 et
2275 1661 2358 1686 con-

132 1710 305 1731 εστωτων
319 1700 396 1732 τῶν
412 1700 541 1744 γάμων
564 1701 607 1746 τῇ
633 1703 775 1745 γυναικὶ
799 1699 1021 1744 βοηθούσης,
1046 1701 1106 1733 ἐπὶ
1129 1697 1211 1732 καλ-
1281 1698 1459 1732 stantibus
1483 1697 1714 1732 matrimoniis
1731 1697 1869 1732 mulieri
1886 1696 2089 1738 auxiliatur,
2115 1697 2161 1732 ad
2180 1696 2360 1731 meliorem

133 1741 234 1776 λιόνα
257 1746 316 1776 καὶ
339 1742 474 1788 μᾶλλον
494 1741 701 1778 ἀκόλουθον
725 1741 814 1778 ὁδὸν
834 1743 1008 1778 ἐλθόντες
1029 1744 1096 1778 τὸν
1121 1756 1211 1787 παρ-
1282 1747 1318 1778 et
1351 1743 1462 1786 magis
1501 1746 1775 1786 consequentem
1806 1742 1898 1777 viam
1929 1742 2108 1777 venientes
2138 1744 2360 1786 praesentem

132 1789 224 1822 όντα
243 1789 385 1822 θέσθαι
407 1786 530 1833 νόμον.
573 1790 632 1834 ἵνα
653 1788 691 1824 δὲ
710 1790 758 1834 μὴ
779 1789 871 1824 κατὰ
887 1792 991 1835 μέρος
1007 1789 1211 1835 ἐξαριθμώ-
1227 1792 1268 1824 35
1281 1798 1415 1833 ponere
1446 1788 1568 1831 legem.
1617 1788 1665 1823 Ut
1695 1792 1814 1822 autem
1846 1798 1919 1823 non
1950 1797 2013 1832 per
2033 1791 2153 1832 partes
2178 1796 2358 1822 enumere-

131 1833 231 1877 μεθα
254 1834 299 1867 τὰ
322 1835 498 1879 πρόςωπα
522 1832 580 1880 ἐφ’
600 1836 654 1869 ὠν
677 1838 822 1880 κρατεῖν
844 1832 955 1869 αὐτὸν
980 1833 1048 1876 δεῖ,
1080 1835 1209 1880 γενικῷ
1282 1844 1361 1868 mus
1391 1843 1564 1878 personas
1596 1833 1633 1868 in
1665 1833 1793 1878 quibus
1818 1833 1936 1868 valere
1961 1842 2038 1867 eam
2063 1834 2222 1877 oportet,
2255 1842 2358 1877 gene-

135 1926 185 1959 ita
211 1925 387 1960 obtestata
411 1930 480 1967 est,
512 1927 543 1960 is
568 1931 686 1961 autem
718 1937 833 1972 neque
856 1926 1033 1961 actionem
1064 1925 1175 1960 movit
1204 1935 1319 1970 neque
1349 1924 1530 1959 consensit
1562 1928 1671 1969 atque
1695 1934 1740 1959 ne
1760 1923 1861 1968 filiae
1892 1922 2035 1968 quidem
2064 1923 2244 1960 licentiam
2264 1922 2361 1959 dedit

133 1969 202 2005 hoc
223 1969 365 2015 aqendi,
390 1970 482 2005 nihil
503 1971 586 2016 ipsa
601 1971 841 2017 periclitetur,
864 1971 929 2006 sed
950 1971 1057 2006 etiam
1082 1970 1297 2015 conseratur
1321 1969 1419 2004 nuda
1443 1969 1539 2004 actio
1565 1972 1692 2004 contra
1715 1968 1837 2014 inopis
1861 1968 1982 2003 mariti
2002 1968 2114 2010 bona,
2144 1974 2254 2014 atque
2277 1980 2359 2004 con-

133 2015 309 2050 dicionem
339 2015 421 2062 ipsa
452 2026 531 2050 cum
561 2016 744 2060 fratribus
775 2026 994 2051 communem
1024 2015 1173 2056 habeat,
1210 2026 1296 2050 neve
1328 2018 1445 2050 tamen
1476 2025 1525 2049 ex
1554 2014 1748 2050 collatione
1779 2014 1910 2049 damno
1943 2014 2145 2059 afficiatur,
2181 2014 2245 2049 sed
2268 2024 2360 2049 com-

133 2064 259 2106 petens
282 2060 314 2095 ei
332 2061 460 2106 portio
485 2071 534 2096 ex
555 2062 719 2106 paternis
742 2062 848 2096 rebus
872 2061 987 2102 detur,
1012 2065 1121 2106 atque
1145 2060 1240 2094 actio
1266 2059 1408 2105 quidem
1432 2059 1497 2094 illa
1522 2060 1749 2104 conferatur,
1780 2058 1824 2094 ab
1850 2059 2014 2094 omnibus
2038 2063 2156 2094 autem
2178 2059 2362 2104 fratribus

134 2110 319 2141 moveatur
348 2109 382 2140 et
414 2105 463 2140 ad
493 2116 614 2141 omnes
642 2116 704 2140 eos
735 2105 774 2140 id
797 2105 973 2140 redundet
1003 2105 1101 2150 quod
1129 2104 1306 2149 fortunae
1330 2107 1474 2139 eventus
1497 2103 1646 2140 dederit.
1693 2105 1746 2150 Ao
1768 2104 1803 2139 si
1824 2103 1966 2149 quidem
1993 2110 2102 2150 pater
2125 2105 2163 2138 in
2186 2104 2362 2139 eiusmodi

135 2150 277 2185 casibus
299 2150 415 2185 dotem
439 2150 588 2192 dederit,
620 2154 656 2185 et
678 2150 722 2185 de
744 2151 948 2185 substantia
977 2151 1053 2184 eius
1085 2149 1231 2185 collatio
1255 2149 1440 2194 speranda
1463 2149 1521 2187 sit,
1554 2148 1623 2183 hoc
1647 2148 1775 2184 valeat.
1824 2147 1961 2191 Quodsi
1982 2150 2085 2194 forte
2116 2150 2273 2195 amplior
2296 2149 2362 2184 dos

134 2195 259 2240 fuerit,
283 2199 319 2229 et
342 2194 487 2230 collatio
514 2195 611 2230 circa
634 2195 733 2229 illam
755 2206 854 2241 spem
878 2196 1040 2237 vertitur,
1072 2205 1120 2230 ex
1142 2195 1262 2240 patris
1286 2197 1402 2228 autem
1427 2194 1664 2236 contumacia,
1690 2195 1756 2238 qui
1777 2204 1892 2239 neque
1915 2194 1993 2239 ipse
2018 2195 2195 2229 actionem
2220 2205 2362 2229 movere

135 2250 249 2284 neque
272 2239 326 2274 illi
349 2243 389 2274 ut
409 2244 564 2275 moveret
585 2241 792 2286 permittere
816 2240 979 2280 voluerit,
1010 2239 1094 2285 (dos
1117 2239 1154 2272 in
1178 2239 1342 2283 periculo
1367 2238 1444 2282 sit),
1471 2244 1544 2273 tum
1568 2238 1649 2284 ipsa
1670 2249 1739 2283 per
1761 2249 1799 2273 se
1820 2238 1900 2282 filia
1924 2244 2024 2284 aqat,
2055 2250 2141 2274 neve
2162 2243 2362 2285 praetextu

136 2290 262 2318 utatur
285 2295 323 2319 se
340 2295 448 2330 aqere
471 2296 545 2319 non
561 2285 734 2330 potuisse,
757 2284 821 2320 sed
843 2284 912 2319 sibi
935 2285 1016 2330 ipsa
1042 2295 1145 2329 opem
1162 2287 1264 2326 serat
1288 2294 1331 2317 ac
1351 2288 1480 2318 metum
1505 2282 1549 2317 de
1569 2284 1693 2328 inopia
1717 2283 1839 2317 mariti
1856 2283 2023 2327 futurum
2045 2284 2202 2329 auferat.
2244 2285 2361 2329 Atque

136 2330 267 2364 scimus
296 2328 486 2375 Ulpianum
519 2340 664 2375 quoque
687 2330 801 2364 virum
824 2329 1126 2375 sapientissimum
1156 2328 1245 2363 haec
1278 2328 1366 2374 talia
1395 2328 1624 2373 quaesivisse,
1657 2332 1692 2362 et
1722 2327 1799 2362 viro
1833 2328 1939 2373 inope
1963 2334 2144 2374 comperto
2178 2329 2360 2364 mulierem

136 2375 160 2410 2
205 2374 336 2410 iuvisse
359 2379 395 2410 et
417 2375 455 2409 in
479 2380 653 2419 quantum
677 2375 732 2410 vir
749 2373 878 2420 opibus
901 2374 1034 2409 valeret
1057 2373 1282 2408 collationem
1308 2372 1352 2407 ab
1370 2383 1412 2407 ea
1432 2373 1515 2417 fieri
1539 2372 1703 2407 voluisse.
1763 2370 1836 2406 Sed
1859 2373 2030 2417 quoniam
2055 2375 2091 2407 in
2118 2378 2219 2409 tanta
2243 2374 2360 2419 lequm

137 2419 374 2462 multitudine,
404 2419 617 2466 priusquam
642 2430 704 2455 eas
728 2419 1023 2454 constitueremus
1045 2423 1081 2454 et
1103 2418 1140 2452 in
1187 2418 1390 2463 erspieuum
1414 2417 1576 2452 ordinem
1600 2416 1854 2462 temperemus,
1885 2418 1998 2452 multa
2026 2418 2133 2453 etiam
2157 2420 2360 2454 necessaria

137 2464 404 2510 iqnorabantur
435 2469 469 2499 et
499 2465 697 2500 sententiae
729 2475 822 2515 quae
853 2464 1075 2498 contrarium
1108 2429 1237 2498 veffent
1269 2474 1292 2497 a
1325 2462 1499 2497 iudicibus
1529 2462 1756 2506 ferebantur,
1794 2472 1838 2497 ne
1870 2473 1963 2507 quae
1992 2463 2102 2508 fraus
2136 2463 2180 2498 de
2203 2463 2259 2498 his
2280 2464 2359 2508 fiat,

131 2515 331 2555 propterea
355 2510 594 2545 necessarium
613 2515 832 2555 putavimus,
859 2510 1078 2555 praesertim
1110 2519 1190 2542 cum
1219 2507 1256 2542 in
1280 2507 1396 2542 medio
1426 2507 1550 2552 posita
1573 2507 1622 2541 sit
1644 2507 1852 2542 constitutio
1877 2512 2004 2542 nostra
2031 2519 2124 2553 quae
2148 2510 2254 2543 etiam
2278 2519 2360 2543 con-

136 2559 253 2590 stante
276 2555 502 2590 matrimonio
527 2554 669 2589 mulieri
693 2565 796 2600 opem
818 2554 907 2599 fert,
932 2554 1114 2589 meliorem
1139 2557 1173 2588 et
1196 2553 1313 2598 maqis
1337 2553 1543 2587 continuam
1567 2552 1660 2586 viam
1684 2552 1840 2597 inqressi
1856 2557 2087 2598 praesentem
2111 2553 2224 2599 leqem
2244 2554 2359 2599 ferre.

137 2599 193 2635 Ne
216 2604 334 2635 autem
364 2599 574 2645 sinqillatim
601 2610 780 2646 personas
815 2599 859 2634 de
889 2598 1017 2644 quibus
1048 2609 1126 2633 eam
1157 2597 1275 2633 valere
1307 2601 1476 2643 oporteat
1507 2607 1762 2638 enumeremus,
1794 2597 1958 2642 qenerali
1990 2597 2066 2643 leqe
2090 2597 2290 2642 desinimus,
2321 2602 2362 2634 ut

184 2691 201 2724 1
226 2692 286 2733 καὶ
305 2689 413 2722 τοῦτο
429 2688 564 2733 πρᾶξαι
588 2690 631 2734 τῇ
654 2688 811 2733 θυγατρὶ
836 2684 898 2721 ούκ
924 2684 1062 2720 ἔδωκεν
1085 2684 1213 2718 ἄδειαν

137 2734 187 2768 B⁸
211 2734 223 2777 ΙΙ
248 2731 311 2767 ούκ
335 2731 471 2767 ἔδωκεν
496 2735 530 2767 Β
557 2736 570 2777 ΙΙ
596 2736 614 2767 3
640 2737 699 2767 καὶ
724 2747 780 2767 om.
795 2734 844 2767 ΒΕ
871 2732 883 2776 {l
907 2735 926 2766 5
951 2732 1018 2774 τὴν
1034 2729 1145 2772 τύχην
1170 2750 1211 2753 -

138 2783 156 2814 7
177 2774 266 2813 ἄλλα
292 2794 348 2812 om.
365 2780 413 2813 B³
432 2780 443 2823 ΙΙ
459 2781 543 2820 τοῖς]
568 2779 630 2821 τῆς
650 2780 696 2812 Μ
698 2783 715 2800 ‘²
730 2779 742 2823 ΙΙ
762 2781 781 2811 6
800 2780 924 2822 μέντοι
938 2778 1026 2818 ΜΒ]
1049 2779 1213 2820 μέντοιγε

137 2826 169 2858 L
186 2824 199 2868 ΙΙ
217 2827 236 2859 8
256 2825 399 2867 ἐκείνης]
424 2820 512 2869 παρ>
535 2825 668 2866 ἐκείνης
691 2825 884 2857 Haloander
905 2824 991 2866 quod
1008 2824 1129 2864 recepit
1146 2822 1210 2853 Za-

137 2872 269 2903 chariae
284 2872 338 2912 (ef.
354 2873 384 2908 ς)
402 2870 413 2913 ΙΙ
431 2872 722 2913 συνεισφέροιμεν
736 2869 786 2902 La
805 2868 816 2912 11
836 2871 876 2901 10
895 2869 1167 2912 περιγενομένου
1182 2867 1212 2898 L

138 2917 424 2960 παραγινομένου
439 2916 596 2959 vuly.(B)
616 2916 627 2958 ΙΙ
647 2917 687 2948 14
704 2914 733 2947 εἰ
750 2911 788 2946 δὲ
803 2915 937 2956 μείζων
958 2912 1066 2954 τυχὸν
1090 2909 1111 2954 ἡ
1137 2912 1212 2944 ἐπί-

139 2958 236 2993 δοσις
258 2960 310 3002 εἴη
337 2961 466 2995 MLBe
490 2961 545 3003 (cf.
571 2961 690 2992 Iulz'an.
717 2959 745 2991 si
771 2960 857 2991 enim
882 2957 991 3000 ampla
1014 2958 1145 2998 fuerit);
1183 2955 1213 2987 εἰ

140 3003 179 3037 δὲ
201 3006 316 3050 ἕτερος
346 3015 400 3037 τις
430 3006 489 3037 καὶ
513 3000 576 3045 οῧχ
601 3000 619 3037 o‘
645 3004 776 3047 πατήρ,
808 3001 899 3035 ἀλλὰ
923 3002 1030 3044 τυχὸν
1055 2998 1075 3044 ἡ
1100 2999 1213 3045 μήτηρ

140 3046 321 3082 ἐπέδωκεν
350 3048 419 3091 τὴν
451 3052 582 3093 προῖκα
613 3051 688 3083 Ath.
736 3049 766 3081 εἰ
797 3047 863 3094 γὰρ
900 3046 1002 3081 ἄλλος
1034 3044 1214 3080 ἐπέδωκεν

143 3096 280 3128 Theod.:
307 3095 390 3127 unde
407 3095 650 3128 GEHeimback
664 3095 812 3138 proleqy.
828 3095 873 3126 ad
885 3095 959 3126 Ath.
973 3093 1083 3126 XCII
1099 3100 1129 3124 et
1145 3092 1213 3124 Za-

140 3141 272 3173 chariae
296 3137 429 3184 μητρὸς
448 3152 510 3182 pro
529 3139 665 3181 μείζων
688 3139 902 3182 reponendum
919 3145 1045 3171 censent
1068 3139 1123 3179 (cf.
1138 3138 1214 3177 476,

141 3194 164 3219 1.
186 3187 224 3226 4).
273 3185 326 3217 De
349 3186 440 3216 modo
465 3186 621 3217 maximae
645 3186 728 3217 dotis
761 3187 802 3226 cf.
828 3196 897 3216 nov.
924 3183 1046 3216 XXII
1072 3195 1097 3215 c.
1121 3183 1161 3215 18
1186 3188 1216 3214 et

146 3231 295 3263 Cuiacius
320 3231 351 3262 in
376 3229 498 3272 Expos.
525 3231 570 3262 ad
592 3230 621 3261 h.
643 3230 662 3261 l.
685 3229 762 3270 (Op.
776 3229 820 3261 II
836 3230 913 3267 477)
933 3228 944 3270 ΙΙ
964 3230 1003 3261 15
1027 3224 1048 3269 ἦ
1074 3227 1181 3260 om.B
1204 3225 1216 3271 Η

141 3277 273 3317 ἐκείνης
297 3275 378 3307 coni.
400 3275 586 3307 Zachariae
610 3274 622 3317 ΙΙ
649 3275 689 3308 16
715 3271 754 3306 δὲ
779 3274 984 3313 MLBAth]
1022 3286 1078 3305 om.
1105 3284 1171 3305 cum
1197 3283 1215 3307 ς

141 3321 337 3353 Hatoander
354 3327 383 3352 et
399 3320 585 3352 Zachariae
600 3318 613 3363 ss
635 3321 673 3352 17
691 3318 781 3362 μήτε
798 3319 1001 3361 ἐπιτρέψαι]
1020 3328 1126 3359 neque
1140 3327 1214 3359 per-

141 3365 305 3398 mittentis
330 3377 348 3400 ς
374 3365 385 3407 ΙΙ
415 3366 454 3398 18
480 3361 675 3397 κινδυνεύει
699 3363 745 3397 τὰ
770 3364 832 3405 τῆς
856 3361 1000 3410 προικός
1025 3364 1088 3396 iam
1115 3363 1214 3395 Osen-

143 3413 285 3455 briquen
309 3412 490 3453 suspicatus
511 3419 557 3442 est
580 3422 617 3442 esc
641 3410 823 3442 Athanasio
848 3410 1019 3441 inserenda
1044 3420 1126 3449 esse,
1160 3409 1217 3450 qui

140 3457 255 3498 priora
279 3468 403 3499 quoque
427 3457 485 3486 καὶ
507 3451 528 3496 ἦ
553 3452 770 3499 συνεισφορὰ
793 3473 829 3477 —-
857 3453 1002 3495 κινῆσαι
1027 3454 1073 3486 ad
1088 3455 1213 3486 verbum

144 3502 312 3544 exscripsit
335 3503 422 3543 (nam
446 3501 513 3533 solo
532 3501 662 3533 librarii
677 3512 784 3532 errore
804 3500 943 3541 proclivi
961 3505 1036 3541 post
1056 3496 1147 3541 μήτε
1166 3510 1214 3530 κι-

143 3544 249 3586 νῆσαι
261 3547 490 3579 interciderunt
502 3558 549 3578 vv.
563 3542 804 3588 βουληθέντος
816 3542 907 3587 μήτε
920 3543 1112 3587 ἐπιτρέψαι
1125 3538 1214 3596 αὐτῇ

144 3590 312 3632 κινῆσαι);
339 3603 396 3623 om.
413 3591 542 3626 MLBg
568 3593 657 3623 hiatu
681 3603 743 3623 non
767 3597 874 3623 notato
891 3589 902 3631 Η
922 3584 1011 3631 αύτὴ
1037 3589 1067 3621 L
1084 3588 1096 3626 11
1121 3586 1199 3620 καθ

145 3633 275 3676 ἑαυτὴν
290 3633 418 3677 (αὑτὴν
433 3636 479 3678 Β)
495 3636 595 3676 ΕΒς]
619 3648 677 3668 om.
693 3636 739 3668 M
750 3634 762 3678 ΙΙ
784 3635 826 3668 20
844 3632 886 3667 τὸ
909 3646 966 3666 om.
982 3634 1018 3666 B
1036 3633 1049 3677 ΙΙ
1065 3629 1154 3675 αὐτῆ
1170 3633 1216 3666 L¹

147 3675 234 3721 α’ὑτῆ
250 3680 296 3712 L²
312 3680 324 3723 ΙΙ
342 3682 381 3713 21
393 3694 440 3724 sq.
454 3679 496 3713 τὸ
512 3681 684 3723 ἐσόμενον
699 3700 739 3703 -—
754 3677 840 3720 δέος]
862 3679 992 3711 futurae
1007 3678 1162 3711 laesionis
1175 3697 1214 3702 —

146 3727 267 3756 metum
292 3738 309 3761 ς
326 3727 340 3768 ῃ
356 3727 398 3759 22
423 3728 482 3758 καὶ
505 3721 723 3766 Οὐλπιανὸν]
748 3727 807 3758 καὶ
832 3738 888 3758 om.
907 3736 934 3760 ς.
979 3724 1110 3767 Ulpian.
1137 3724 1215 3767 Diq.

1283 2686 1334 2725 24,
1350 2693 1377 2724 3,
1392 2685 1517 2723 241124
1541 2688 1600 2718 καὶ
1624 2686 1671 2719 εἰς
1695 2681 1796 2727 ὅσον]
1821 2684 1913 2718 καθ’
1937 2682 2026 2719 ὅσον
2051 2687 2098 2720 122
2123 2698 2254 2720 *naon
2279 2689 2327 2720 L²
2350 2687 2361 2732 ΙΙ

1283 2732 1323 2764 25
1345 2729 1556 2773 βουλόμεθα
1583 2732 1746 2774 leyendum
1770 2733 1876 2764 verbis
1900 2733 1958 2763 καὶ
1973 2730 2077 2775 ἴσμεν
2096 2751 2137 2756 —
2159 2732 2203 2777 τῇ
2219 2736 2360 2777 γυναικὶ

1282 2777 1336 2816 (22
1348 2777 1440 2818 —24)
1461 2778 1492 2808 in
1511 2777 1700 2819 parenthesi
1720 2778 1883 2810 collocatis
1903 2779 2085 2819 suspicatur
2099 2778 2287 2811 Zachariae
2304 2781 2359 2822 (ef.

1283 2819 1529 2864 Theod.At}1.){1
1543 2822 1583 2854 26
1599 2819 1725 2863 πλήθη
1740 2822 1786 2854 Μ
1797 2821 1809 2865 ss
1826 2823 1868 2855 29
1884 2823 1942 2864 leq.
1955 2820 2195 2864 βουλόμεναιῗ
2212 2823 2222 2865 ΙΙ
2243 2824 2281 2856 31
2299 2821 2360 2856 οἳλ-

1282 2864 1351 2898 λως
1362 2878 1402 2898 τε
1415 2867 1485 2906 καὶ]
1499 2866 1638 2907 proinde
1652 2867 1750 2898 etiam
1764 2866 1800 2910 ςΗ
1812 2869 1854 2900 34
1865 2865 2043 2899 ἐλθόντας
2058 2870 2147 2901 malit
2156 2868 2361 2911 Zachariael]

1281 2912 1323 2944 35
1340 2909 1466 2953 νόμων
1481 2911 1531 2943 La
1547 2911 1559 2954 ΙΙ
1578 2910 1866 2957 ἐξαριθμώμεθα
1880 2913 1927 2952 Β]
1953 2911 2254 2956 ἐξαριθμούμεθα
2268 2914 2338 2946 ML

1329 2991 1345 3024 1
1372 3000 1431 3022 nec
1452 2990 1558 3022 mouit
1585 2990 1641 3031 13²,
1659 3003 1716 3023 om.
1731 2991 1779 3023 R¹
1795 2992 1806 3034 ss
1826 2993 1858 3023 et
1881 2994 1998 3032 neque]
2024 3002 2131 3032 neque
2155 3005 2213 3025 om.
2230 2993 2279 3024 R¹
2292 2992 2362 3037 17¹1!

1283 3037 1301 3068 3
1316 3035 1465 3067 conferre
1486 3034 1536 3067 V2
1560 3035 1710 3067 confiteri
1724 3036 1771 3068 R¹
1787 3040 1798 3076 ΙΙ
1818 3038 2022 3068 exactionem
2043 3040 2158 3069 contra
2179 3036 2228 3069 V3
2254 3038 2360 3069 utio-

1282 3091 1356 3113 nem
1383 3093 1421 3110 *t
1445 3079 1495 3112 Vl
1522 3079 1533 3122 ΙΙ
1564 3080 1713 3112 martires
1740 3081 1786 3113 V¹
1817 3079 1828 3124 Η
1860 3083 1878 3113 5
1905 3081 1949 3113 tm
1971 3081 2004 3113 R
2031 3082 2042 3124 ss
2074 3083 2093 3114 6
2118 3081 2248 3114 actione
2278 3082 2326 3115 V¹
2351 3085 2361 3123 Η

1283 3128 1302 3159 6
1322 3139 1368 3168 sq.
1397 3127 1455 3168 leq.
1481 3125 1609 3157 actione
1634 3125 1694 3157 illa
1727 3125 1856 3166 quidem
1883 3126 2101 3167 conferenda,
2133 3127 2173 3158 ab
2207 3127 2361 3159 omnibus

1283 3174 1391 3203 autem
1408 3169 1593 3202 movenda?
1613 3170 1624 3211 Η
1641 3172 1659 3203 7
1675 3170 1897 3202 conferentem
1911 3171 1958 3203 R¹
1976 3170 1987 3214 ΙΙ
2006 3172 2170 3204 mouenda
2185 3172 2216 3204 T
2229 3171 2241 3214 ΙΙ
2260 3173 2279 3205 8
2293 3171 2362 3204 illis

1291 3214 1348 3259 Vn
1367 3218 1404 3249 11
1419 3214 1556 3257 sperari]
1582 3215 1725 3257 spectari
1747 3215 1783 3255 V,
1797 3228 1855 3247 om.
1873 3216 1926 3258 ΤΗ
1946 3226 2023 3248 vero
2043 3229 2099 3248 om.
2118 3217 2149 3248 R
2169 3216 2179 3258 ΙΙ
2199 3218 2239 3249 12
2260 3217 2362 3249 fuerit

1283 3261 1407 3293 oblatio
1434 3261 1464 3292 T
1485 3260 1496 3302 Η
1522 3259 1581 3291 illa
1608 3260 1653 3292 V¹
1673 3260 1684 3302 ΙΙ
1716 3261 1754 3293 13
1779 3263 1879 3302 spem]
1905 3261 1962 3302 sp”e
1990 3263 2010 3293 i.
2028 3274 2052 3293 e.
2077 3261 2185 3303 specie
2218 3261 2325 3294 V¹T¹
2350 3262 2361 3304 Η

1283 3316 1390 3346 neque
1414 3304 1541 3336 moueri
1564 3305 1648 3337 VT¹
1669 3304 1680 3348 ΙΙ
1706 3306 1745 3338 16
1771 3316 1836 3337 non
1863 3318 1921 3338 om.
1944 3305 2026 3337 VT*
2045 3305 2057 3349 ΙΙ
2081 3309 2129 3337 set
2144 3306 2304 3347 RV¹T2J
2330 3310 2362 3339 et

1293 3351 1342 3384 V³
1355 3351 1438 3393 valq.
1465 3349 1563 3381 etiam
1580 3350 1627 3382 Τι
1643 3349 1655 3393 ΙΙ
1680 3352 1715 3383 17
1736 3360 1774 3381 ex
1791 3350 1916 3393 inopia]
1935 3352 1967 3381 et
1982 3350 2095 3392 inopie
2116 3350 2170 3394 VH
2189 3351 2362 3384 admittere

1285 3397 1317 3429 T
1328 3395 1340 3439 ΙΙ
1363 3397 1457 3437 18sq.
1474 3395 1617 3435 quesisse
1630 3394 1711 3427 talia
1727 3394 1781 3439 Vll
1803 3397 1843 3429 19
1857 3395 1955 3453 ίῐιορῖλ
1972 3395 2018 3428 R²
2026 3397 2113 3439 vuly.
2132 3395 2144 3439 ΙΙ
2163 3396 2295 3429 iuuasse
2310 3397 2342 3429 T
2352 3397 2362 3417 ¹

1282 3453 1384 3484 inisse
1406 3451 1454 3483 R¹
1479 3450 1491 3494 ΙΙ
1517 3450 1655 3482 muliere
1676 3451 1727 3483 V¹
1744 3450 1756 3494 ΙΙ
1783 3452 1825 3484 20
1849 3450 1912 3491 vir]
1936 3460 1959 3480 u
1984 3452 2040 3493 (=
2053 3451 2124 3493 ubi)
2148 3452 2180 3484 R
2205 3452 2216 3495 ΙΙ
2243 3454 2282 3486 27
2309 3463 2363 3486 eas

1285 3511 1342 3530 om.
1366 3496 1445 3529 VT¹
1464 3496 1476 3539 ΙΙ
1502 3498 1543 3529 28
1570 3498 1601 3527 ct
1625 3496 1745 3528 om.R¹
1770 3494 1782 3539 ΙΙ
1805 3496 2075 3536 necessariorum]
2100 3499 2284 3530 necessaria
2308 3509 2362 3531 eo—

1284 3553 1357 3574 rum
1385 3542 1431 3574 T¹
1457 3541 1640 3573 necessaria
1665 3540 1766 3573 R2T2
1788 3540 1800 3584 ΙΙ
1826 3542 2072 3581 ignorabantur
2094 3542 2125 3574 V
2147 3542 2157 3583 l!
2182 3544 2224 3576 29
2249 3543 2364 3576 ualent

1287 3587 1329 3620 T¹
1345 3587 1356 3630 ss
1375 3597 1394 3617 a
1413 3599 1470 3618 om.
1489 3587 1521 3618 V
1534 3587 1545 3627 ΙΙ
1562 3587 1600 3618 31
1619 3586 1717 3618 etiam
1738 3599 1796 3619 om.
1814 3585 1868 3629 VH
1888 3587 1929 3619 33
1941 3595 2015 3629 post
2028 3586 2250 3620 matrimoniis
2262 3592 2361 3622 verba

1287 3635 1324 3666 31
1340 3645 1386 3674 sq.
1411 3631 1550 3673 proinde
1571 3631 1606 3662 in
1631 3650 1674 3655 ——
1697 3631 1918 3663 matrimoniis
1942 3644 2049 3665 errore
2073 3635 2186 3675 repetit
2209 3634 2256 3667 V¹
2275 3635 2286 3675 ΙΙ
2308 3635 2361 3675 ad]

1285 3680 1317 3710 et
1337 3677 1378 3708 ad
1395 3676 1443 3708 R2
1462 3676 1473 3719 ΙΙ
1490 3676 1685 3708 mediocrem
1710 3676 1758 3708 R¹
1783 3676 1795 3719 ΙΙ
1822 3678 1863 3710 35
1888 3687 1954 3710 non
1981 3687 2039 3719 per
2064 3690 2121 3710 om.
2141 3677 2189 3710 Τ1
2220 3689 2278 3720 per
2304 3694 2361 3713 om.

1295 3722 1341 3755 V*
1361 3721 1373 3764 ΙΙ
1398 3723 1438 3755 36
1465 3724 1616 3764 oportere
1643 3723 1727 3762 libri,
1753 3723 1934 3765 corr.vuly.
