2618 4010
261 127 369 172 Nov.
399 127 546 171 XXIX
578 129 615 168 4.
647 130 672 170 5
1335 123 1418 171 222
1786 140 1846 171 nn
1874 138 2107 171 susumus
2136 137 2483 170 PAPonomAn

261 242 336 273 τοῖς
365 236 620 293 προςηκόντων
650 234 874 282 ἀνθρώποις.
921 239 995 272 Καὶ
1023 234 1279 282 ἐπιμελήσεται
1298 249 1340 284 γε
1407 236 1477 272 bus
1500 235 1776 281 competentium
1797 236 2011 274 hominibus.
2055 237 2203 274 Curabit
2219 245 2359 283 quoque
2378 246 2483 290 prae·

262 282 509 330 διαφεροντως
528 282 592 317 τοῦ
614 279 697 317 κατ’
720 284 872 317 ἐκείνους
891 280 1026 331 ῥᾳδίως
1045 278 1341 326 ἁμαρτανόμενον
1412 281 1517 326 cipue
1540 279 1636 325 quod
1662 279 1700 332 in
1722 280 1793 317 illis
1817 281 2034 327 delinquitur
2056 283 2156 327 locis,
2187 293 2258 318 non
2282 285 2484 326 permittere

262 327 344 362 τοὺς
366 326 507 368 τόπους,
529 325 572 361 τὸ
596 325 646 371 μὴ
663 331 861 375 συγχωρεῖν
883 327 1023 362 τίτλους
1046 325 1255 361 ἐπιτιθέναι
1271 339 1340 369 χω·
1410 325 1534 360 titulos
1565 325 1699 377 impom
1721 325 1886 404 praedi&
1908 327 2084 373 aliquibus
2109 327 2329 371 conscriptos
2358 325 2395 361 in
2418 326 2484 361 ali-

262 377 351 416 ρίοις
373 374 471 406 τισὶν
493 369 826 419 ἀναγεγραμμένους
855 373 903 407 εἴς
925 382 1022 407 τινος
1045 370 1159 414 ὄνομα
1179 370 1259 404 τῶν
1280 369 1338 404 ἀλ·
1408 370 1510 406 cuius
1533 379 1675 405 nomme
1699 378 1722 403 a
1749 380 1852 406 orum
1874 370 1966 407 citra
1987 371 2113 408 fiscum
2135 376 2170 408 et
2193 370 2394 416 imperiales
2420 371 2483 407 do-

264 417 340 452 λων
362 415 458 459 πλὴν
479 417 545 451 τοῦ
565 414 736 461 δημοσίου
757 430 799 452 τε
820 420 880 451 καὶ
905 418 980 451 τῶν
999 413 1199 459 βασιλικῶν
1217 415 1339 449 οἴκων.
1376 419 1395 451 5
1407 424 1496 456 mos,
1517 414 1581 449 sed
1599 414 1630 448 si
1647 413 1734 459 quid
1753 414 1827 450 tale
1845 415 2016 452 invenerit
2033 417 2180 461 factum,
2200 416 2324 452 titulos
2344 415 2484 460 quidem

262 458 344 495 ἀλλ’
364 461 400 495 εἴ
421 475 458 495 τι
477 462 642 496 τοιοῦτον
666 458 762 506 εὕροι
785 461 985 508 γινόμενον,
1008 458 1089 494 τοὺς
1112 461 1179 502 μὲν
1201 458 1341 494 τίτλους
1407 461 1555 511 repente
1586 458 1751 504 deponet,
1782 459 1880 494 illius
1902 470 1985 496 vero
2003 461 2161 514 praediis
2194 461 2254 506 qui
2285 461 2374 496 haec
2397 459 2485 495 deli-

263 504 644 563 qfirixa'xastaiqrjcga,
667 511 740 541 τοῖς
764 505 808 559 3³.
822 508 956 559 ἐκείνου
978 508 1121 555 χωρίοις·
1143 504 1206 538 τοῦ
1224 505 1340 583 ‘ragau
1409 508 1502 583 qula,-
1520 503 1553 538 si
1575 503 1847 583 praesenzsh-oc
1870 504 1954 558 agit,
1985 506 2109 558 tltulos
2138 507 2296 559 imponet
2314 505 2484 558 ‘omnibus

262 562 847 641 ἕζῗόῖἕὲᾭᾮωὲἰζέμῖἴῗωᾶ
858 552 1342 640 ’ἑῖξῖιῖῗαέζέἑὲρέῗωιὲ
1409 557 1729 636 ἓόαέἳέἓέἓῖἒὲοι
1751 552 2061 638 0222‘221'3'2222‘
2075 551 2484 639 „tzssssff‘z’sessttssgssazff

261 641 557 685 καθαιρεθέντας
587 640 726 676 τίτλους
760 642 809 675 εἰς
841 639 909 683 τὴν
940 641 1075 673 ἐκείνου
1109 637 1342 685 περιρρηγνὺς
1358 642 1398 674 10
1411 638 1549 674 diorum
1580 638 1823 683 praepositum
1856 639 2154 683 comprehendens
2187 643 2223 676 et
2253 650 2383 684 corpus
2408 639 2484 674 eius

262 684 432 765 κεῖῗλήν,
457 686 490 719 εἰ
508 684 548 739 δὲ
567 683 676 741 εἰπεὶν
693 684 846 740 εὶῂ,,τὸν
866 684 1341 772 τῶέιχὲορίωέοέιρλοέὶστῶοῗέ
1410 683 2149 764 vgzlzzrippsogugiciessagtogiitiiilosmebtgam
2177 685 2230 721 sic
2252 684 2484 763 repentefrtilg-

261 734 472 810 ἱῖτλόιυξωέε
481 742 708 810 vzgmffigg
728 743 846 809 {aalma
858 733 1082 818 ξιῖθοδιῖριίγσῖι
1113 773 1162 807 εἰς
1184 742 1341 819 κεζψόιτλὴν
1410 739 1507 817 ἕως,
1533 772 1650 808 sciens
1665 739 1784 817 1quia,p
1802 773 1832 808 si
1849 739 1929 808 {ale
1952 739 2085 826 aliquid
2098 739 2311 819 ¹32¹ssng
2328 740 2484 809 <§indidi-

262 822 327 854 τοῦ
351 822 580 866 προεστῶτος
600 821 680 854 τῶν
701 823 846 864 χωρίων
870 815 998 853 αὐτοὺς
1021 815 1208 858 κατεάξας·
1233 816 1340 864 γινώ-
1413 818 1564 853 oerimus
1593 817 1717 852 titulos
1748 817 1847 861 infigi
1868 817 1950 863 (ab)
1982 818 2029 852 ali
2053 818 2159 854 uibus
2188 818 2374 864 impositos
2406 818 2485 853 aliis

263 877 373 907 σκων,
398 862 447 899 ὠς
466 866 498 899 εἰ
518 865 659 899 τοιοῦτό
678 879 716 899 τι
734 861 889 911 περιίδοι
916 865 976 897 καὶ
995 861 1180 906 μάθοιμεν
1203 861 1343 897 τίτλους
1361 866 1398 898 15
1411 867 1555 908 praeter
1577 862 1703 897 fiscum
1733 866 1769 897 et
1797 862 1998 908 imperiales
2047 873 2146 898 omos
2169 866 2311 899 nostras
2342 868 2377 898 et
2400 863 2484 908 piis-

263 911 472 945 ἐπικεῖσθαι
496 909 596 955 παρά
619 922 734 944 τινων
757 909 995 944 ὲπιτεθέντας
1018 906 1139 941 ἄλλων
1161 905 1256 950 πλὴν
1278 908 1343 943 τοῦ
1413 907 1523 942 simae
1535 908 1730 952 Augustae,
1755 909 1791 942 et
1812 907 1965 943 iudicem
1991 910 2240 951 agnoscentem
2261 907 2399 944 factum
2424 908 2484 942 de·

262 968 303 989 τε
326 953 499 1010 δημοσίου
527 956 607 989 τῶν
635 968 676 988 τε
706 952 910 998 βασιλικῶν
938 953 1048 987 οἴκων
1080 949 1183 997 ἡμῶν
1212 965 1253 986 τε
1282 955 1342 986 καὶ
1411 953 1581 996 spexisse‚
1613 952 1691 996 ipse
1715 952 1775 997 qui
1799 952 1978 997 cingulum
2008 952 2120 987 habet
2143 952 2333 989 sustinebit
2356 952 2484 988 confis-

261 1001 323 1042 τῆς
339 996 593 1044 ευσεβεστάτης
608 995 829 1046 Λύγούστης,
850 996 916 1033 τόν
935 1011 975 1032 τε
995 997 1152 1043 ἄρχοντα
1167 996 1341 1040 μαθόντα
1411 998 1603 1039 cationem,
1637 996 1722 1041 quia.
1740 997 1856 1042 (cum)
1879 997 2036 1042 potuerit
2058 997 2147 1033 haec
2166 997 2272 1033 facile
2298 997 2486 1043 prohibere

262 1044 305 1079 τὸ
319 1045 521 1098 γενόμενον
545 1044 727 1091 περιορᾶν,
752 1042 857 1078 αὐτὸς
880 1040 899 1077 ὁ
916 1041 984 1085 τὴν
1003 1041 1115 1088 ἀρχὴν
1137 1044 1233 1085 ἔχων
1255 1039 1340 1077 ὑπο·
1410 1042 1651 1086 magnitudine
1690 1047 1794 1078 utens
1832 1042 2168 1086 administrationis,
2208 1044 2327 1077 tamen
2367 1042 2486 1078 studio

262 1101 434 1133 στησεται
459 1086 639 1133 δήμευσιν,
676 1086 724 1123 ὡς·
747 1087 867 1132 παρὸν
889 1088 1005 1122 ταῦτα
1036 1085 1170 1134 ῥᾳδίως
1191 1085 1342 1121 κωλύειν
1355 1090 1397 1122 20
1411 1087 1500 1121 haec
1525 1087 1747 1132 contempsit.

262 1136 316 1177 τῷ
351 1134 499 1181 μεγέθει
533 1132 721 1180 χριόμενον
755 1135 817 1176 τῆς
853 1129 972 1179 ἆρχῆς,
1008 1127 1104 1176 ὅμως
1138 1130 1342 1176 ἐξεπίτηδες

261 1177 404 1213 τούτων
427 1176 628 1225 ὑπερορῶν.

1265 1255 1421 1291 CAPUT
1444 1255 1488 1291 V.

316 1309 491 1346 Κάκείνου
527 1310 567 1346 δὲ
597 1311 741 1346 θέσθαι
776 1325 805 1347 π
829 1311 953 1346 όνοιαν
989 1309 1101 1346 αὐτὸν
1131 1311 1341 1356 βουλόμεθα
1455 1311 1555 1346 lllius
1572 1322 1712 1356 quoque
1731 1321 1864 1356 ponere
1887 1321 1967 1346 eum
1984 1311 2239 1356 providentiam
2254 1311 2428 1354 volumus,
2448 1316 2489 1346 ut

262 1358 325 1391 τοῦ
355 1357 444 1391 πᾶσι
477 1326 921 1409 λῃστεύουσινᾋέπεὲιέναι
953 1360 1012 1390 καί
1044 1359 1118 1390 τοῖς
1141 1356 1341 1402 ἁρπάζουσι
1411 1366 1533 1391 omnes
1556 1357 1813 1392 latrocinantes
1834 1355 2043 1400 insequatur
2065 1359 2101 1391 et
2120 1356 2331 1401 arripientes
2352 1357 2487 1391 alienas

262 1401 345 1436 τοὺς
368 1399 572 1447 ἀλλοτρίους
596 1405 694 1446 βίους
714 1415 736 1445 η
750 1405 811 1436 καὶ
833 1405 1002 1448 γυναῖκας
1025 1405 1083 1436 καὶ
1108 1401 1198 1436 ἅλλα
1222 1400 1342 1448 εγκλή-
1355 1403 1397 1437 25
1411 1401 1501 1436 vitas
1525 1405 1588 1436 aut
1611 1401 1718 1436 etiam
1743 1411 1873 1437 uxores
1898 1407 1934 1435 et
1951 1401 2022 1435 alia
2042 1401 2191 1436 crimina
2214 1402 2487 1442 committentes,

261 1460 361 1491 ματα
385 1448 403 1480 ἐ
424 1450 642 1493 γαζομένοις,
676 1450 835 1490 συνέχειν
858 1460 898 1481 τε
921 1444 1048 1481 αὐτοὺς
1071 1449 1131 1480 καὶ
1154 1450 1342 1492 τιμωρίαις
1412 1448 1449 1481 et
1480 1447 1759 1490 comprehendat
1790 1456 1851 1481 eos
1882 1450 1918 1479 et
1947 1446 2132 1491 suppliciis
2162 1446 2316 1481 subiciat
2346 1456 2486 1490 compe-

261 1460 482 1536 ὑποβάλῖειν
502 1491 765 1540 προςηκούσαις,
789 1494 849 1525 καὶ
870 1493 992 1526 πᾶσαν
1011 1489 1156 1525 ἀδικίαν
1171 1488 1341 1525 ἄναστέλ·
1411 1491 1581 1532 tentibus,
1607 1496 1642 1526 et
1666 1501 1805 1526 omnem
1829 1491 2039 1525 iniustitiam
2063 1491 2221 1526 inhibeat
2243 1496 2280 1526 et
2299 1501 2371 1526 non
2395 1491 2489 1526 sinat

263 1536 339 1571 λειν
374 1540 434 1570 καὶ
465 1535 514 1581 μὴ
549 1539 745 1583 συγχωρεῖν
776 1538 818 1571 ἕν
847 1550 921 1570 τινι
955 1535 1036 1570 τοὺς
1067 1538 1343 1581 ἐπιεικεστέρους
1412 1536 1566 1580 aliquem
1590 1536 1789 1571 mitioribus
1814 1545 1960 1571 nocere:
1991 1546 2037 1571 ne
2060 1535 2176 1571 denuo
2201 1546 2266 1571 nos
2289 1536 2368 1571 aliis
2431 1546 2484 1570 ea-

262 1579 411 1615 ἀδικεῖν·
436 1578 522 1616 ‘zm
544 1581 589 1624 μὴ
611 1580 722 1615 πάλιν
741 1579 829 1625 ἡμᾶς
849 1581 983 1626 ἑτέρων
1005 1579 1152 1615 δεῖσθαι
1172 1584 1250 1615 των
1270 1584 1343 1615 τοῖς
1412 1592 1490 1615 mus
1515 1581 1576 1624 qui
1599 1581 1686 1616 talia
1709 1583 1948 1625 exequantur,
1978 1583 2019 1616 ut
2049 1591 2173 1615 rursus
2204 1581 2383 1625 patiamur
2437 1580 2487 1616 io-

262 1625 438 1660 τοιούτοις
461 1625 684 1667 ἐπεξιόντων
714 1629 775 1660 καὶ
807 1624 919 1661 πάλιν
951 1623 1147 1668 ἀνέχεσθαι
1170 1624 1340 1669 βιοκωλυ-
1355 1629 1398 1661 30
1411 1626 1548 1671 colytas
1572 1626 1622 1667 (id
1646 1630 1700 1661 est
1723 1626 1970 1661 violentiarum
1993 1625 2216 1665 inhibitores)
2249 1629 2286 1660 et
2308 1626 2486 1661 latronum

262 1673 341 1705 ἰὠν
363 1684 404 1705 τε
427 1675 486 1705 καὶ
511 1670 790 1719 λῃστοδιωκτῶν
821 1674 881 1704 καὶ
905 1672 1040 1717 ἐτέρων
1064 1670 1242 1705 τοιούτων
1263 1668 1343 1705 ὀνο·
1410 1671 1643 1714 insecutores,
1661 1675 1698 1706 et
1715 1670 1794 1705 aliis
1809 1670 2012 1706 huiusmodi
2028 1670 2230 1706 nominibus
2248 1674 2355 1715 atque
2368 1670 2487 1714 rebus,

262 1715 391 1760 μάτων
424 1730 465 1749 τε
497 1720 556 1750 καὶ
592 1715 834 1763 πραγμάτων·
869 1711 961 1761 ἅπερ
997 1714 1093 1760 ἡμεῖς
1120 1713 1340 1762 ἆποστρεφό-
1411 1726 1499 1760 quas
1532 1727 1597 1751 nos
1621 1716 1848 1751 adversantes
1881 1715 1927 1750 ad
1958 1716 2052 1750 hunc
2077 1725 2157 1750 eum
2183 1715 2341 1751 ordinem
2365 1715 2486 1750 eduxi-

261 1774 363 1805 μενοι
392 1760 478 1817 πρὸς
509 1759 646 1804 ταύτην
676 1759 788 1795 αὐτὸν
823 1759 890 1804 τὴν
919 1761 1024 1802 τάξιν
1056 1758 1244 1807 ἠγάγομεν,
1282 1763 1342 1794 καὶ
1409 1771 1508 1804 mus,
1544 1765 1580 1795 et
1611 1761 1662 1796 sic
1692 1762 1724 1795 ei
1754 1761 1940 1795 honestam
1963 1760 2304 1796 administrationem
2327 1760 2487 1802 fecimus,

262 1803 377 1840 οὕτως
396 1807 496 1849 αυτῷ
517 1805 651 1850 σεμνὴν
674 1806 740 1848 τὴν
760 1803 871 1851 ἀρχὴν
891 1805 1148 1849 πεποιήκαμεν,
1174 1802 1262 1839 diste
1283 1808 1343 1838 καὶ
1410 1809 1452 1840 ut
1476 1808 1513 1840 et
1535 1805 1805 1851 appellationes,
1837 1815 1929 1850 quae
1960 1805 1991 1841 ei
2015 1805 2187 1840 iudicanti
2211 1805 2351 1847 dantur,
2382 1808 2420 1840 et
2442 1805 2487 1841 ad

261 1851 325 1885 τὰς
348 1850 533 1894 ἐκκλήτους
561 1849 625 1885 τὰς
647 1847 746 1894 αὐτῷ
772 1849 955 1892 δικάζοντι
979 1848 1167 1894 διδομένας
1190 1848 1279 1896 πρός
1302 1863 1342 1884 τε
1355 1853 1396 1885 35
1410 1852 1509 1885 tuam
1535 1851 1781 1886 celsitudinem
1805 1853 1842 1885 et
1856 1851 1924 1894 ·qui
1948 1860 2013 1895 per
2036 1852 2175 1895 tempus
2199 1850 2345 1885 eandem
2368 1860 2487 1886 susce-

260 1895 330 1938 τὴν
352 1894 420 1938 σὴν
442 1892 620 1943 ὑπεροχὴν
650 1898 710 1928 καὶ
740 1893 821 1929 τοὺς
851 1897 944 1929 κατὰ
974 1893 1101 1941 καιρὸν
1132 1893 1200 1938 τὴν
1230 1891 1342 1938 αὐτὴν
1411 1896 1529 1940 perint
1561 1895 1783 1939 dignitatem,
1815 1897 1852 1929 et
1882 1895 1927 1930 ad
1959 1895 2234 1930 famosissimum
2266 1898 2489 1940 quaestorem

262 1939 584 1986 παραληψομένους
607 1937 716 1986 ἀρχὴν
745 1938 834 1986 πρός
856 1953 897 1974 τε
922 1938 988 1974 τὸν
1011 1941 1249 1985 πανεύφημον
1272 1953 1341 1974 κοι-
1412 1940 1506 1975 sacri
1530 1941 1644 1975 nostri
1668 1940 1808 1985 palatii,
1843 1940 1903 1985 qui
1935 1941 2130 1975 secundum
2159 1940 2316 1976 ordinem
2345 1941 2487 1976 consul-

263 1990 427 2031 αι’στωρα
450 1987 514 2019 τοῦ
535 1986 640 2019 θείου
663 1983 768 2029 ἡμῶν
788 1983 976 2027 παλατίου,
1000 1985 1103 2031 οἵπερ
1127 1984 1220 2019 κατὰ
1237 1984 1342 2025 τάξιν
1411 1986 1555 2020 tationis
1579 1995 1640 2020 eas
1665 1985 1850 2028 audibunt,
1882 1985 2036 2020 minores
2068 1987 2187 2020 autem
2219 1985 2487 2029 quingentorum

261 2029 579 2065 κονσουλτατίονος
615 2026 739 2064 αὗτῶν
776 2027 1032 2075 άκροάσονται,
1070 2028 1133 2064 τὰς
1167 2028 1208 2064 δὲ
1242 2028 1340 2064 ἐλάτ-
1411 2030 1605 2066 solidorum
1636 2040 1764 2065 causas
1794 2030 1831 2064 in
1854 2030 2039 2074 provincia
2068 2030 2143 2065 eius
2167 2035 2281 2065 motas
2304 2031 2400 2075 apud
2423 2030 2488 2065 ali-

261 2087 342 2110 τους
371 2077 450 2110 τῶν
481 2079 732 2110 πεντακοσίων
762 2074 998 2119 νομισμάτων
1027 2072 1127 2109 δίκας
1156 2073 1219 2109 τὰς
1250 2073 1342 2108 κατὰ
1354 2078 1398 2110 40
1411 2085 1500 2120 quos
1525 2086 1596 2109 non
1621 2075 1846 2119 spectabiles,
1877 2075 1938 2119 qui
1962 2075 2069 2109 etiam
2092 2085 2136 2110 ex
2166 2074 2384 2118 delegatione
2405 2075 2487 2116 sint,

261 2119 330 2163 τὴν
353 2122 530 2164 ἐπαρχίαν
559 2119 627 2163 τὴν
656 2117 766 2154 αὐτοῦ
789 2123 998 2164 κινουμένας
1026 2118 1127 2166 παρά
1148 2130 1247 2154 τισιν
1270 2120 1341 2154 ἑτέ·
1436 2120 1552 2155 uando
1584 2120 1651 2155 sub
1683 2119 1923 2171 appellatione
1955 2119 2062 2162 fiunt,
2094 2119 2140 2154 ad
2171 2120 2398 2165 semetipsum
2427 2120 2488 2155 de-

262 2176 335 2211 ροις
350 2163 390 2199 οὐ
406 2164 682 2209 σπεκταβιλιόις,
702 2166 734 2199 εἰ
750 2168 810 2198 καὶ
826 2167 864 2198 ἐκ
884 2165 1131 2211 παραπομπῆς
1148 2164 1230 2206 εἷεν,
1251 2160 1343 2198 ὅταν
1411 2131 1541 2199 δασεῖς
1574 2165 1611 2199 in
1641 2165 1746 2200 divim
1778 2164 1961 2200 secretarii
1995 2164 2172 2206 ordinem,
2204 2167 2246 2199 ut
2268 2165 2422 2210 undique
2452 2169 2489 2199 et

262 2213 424 2255 ἐφέσιμοι
442 2214 630 2256 γίνωνται,
651 2209 738 2257 πρὸς
759 2209 888 2243 ἑαυτὸν
907 2208 1009 2254 ἄγειν
1030 2210 1069 2242 ἐν
1090 2210 1135 2255 τῇ
1152 2210 1216 2242 τοῦ
1237 2210 1340 2243 θείου
1595 2214 1602 2225 ·

263 2299 314 2335 Et
338 2299 540 2346 praecipue
569 2297 712 2334 curabit
740 2309 816 2333 rem
846 2308 941 2350 quae
971 2299 1010 2333 in
1039 2297 1113 2332 illis
1144 2297 1235 2333 locis
1262 2288 1378 2343 facile
1408 2298 1654 2341 committitur,
1686 2310 1732 2334 ne
1751 2298 1919 2352 patiatur
1934 2298 2102 2344 praediis
2127 2297 2340 2344 quibusdam
2364 2299 2488 2335 titulos

261 2345 401 2391 imponi
422 2345 566 2380 nomine
589 2343 786 2389 inscriptos
808 2343 965 2378 altorum
994 2353 1103 2388 quam
1124 2347 1189 2378 aut
1208 2343 1292 2388 sisci
1321 2346 1386 2378 aut
1409 2342 1650 2389 imperialium
1673 2343 1826 2379 aedium.
1873 2342 2012 2386 Quodsi
2034 2342 2210 2378 eiusmodi
2241 2342 2330 2390 quid
2347 2344 2488 2388 factum

262 2389 432 2432 inveniat,
458 2388 583 2425 tit-ulos
603 2388 745 2434 quidem
764 2388 886 2423 statim
907 2387 1018 2430 tollet,
1035 2387 1204 2434 praediis
1221 2398 1305 2423 vero
1324 2387 1432 2428 illius,
1457 2388 1522 2440 qui
1544 2387 1634 2434 baec
1658 2388 1886 2430 commiserit,
1907 2388 1941 2423 si
1964 2387 2106 2434 quidem
2122 2398 2302 2435 praesens
2324 2399 2369 2424 ea
2388 2395 2486 2436 aqut,

263 2434 389 2470 titulos
419 2435 565 2469 omnino
597 2434 757 2480 imponet
785 2433 868 2478 fisci
899 2432 1061 2473 nomine,
1098 2433 1189 2479 ipsis
1219 2443 1310 2479 quos
1341 2431 1488 2468 sustulit
1521 2432 1635 2468 titulis
1660 2434 1771 2479 prius
1803 2433 1842 2468 in
1873 2433 1993 2479 capite
2024 2432 2122 2468 illius
2152 2433 2364 2478 confractis.
2421 2432 2488 2470 Sin

262 2479 391 2515 absens
411 2480 472 2522 sit,
503 2480 581 2514 eius
603 2478 667 2530 qui
688 2478 850 2524 praediis
881 2477 956 2513 illis
980 2477 1218 2524 praepositus
1249 2483 1304 2513 est
1327 2476 1575 2524 comprehensi
1597 2488 1733 2524 corpus
1764 2478 1950 2514 tormentis
1971 2477 2132 2520 subiciet,
2163 2477 2359 2524 titulosque
2380 2479 2487 2514 etiam

260 2526 314 2560 sic
336 2525 460 2560 statim
486 2523 587 2559 tollet
609 2534 647 2558 m
664 2523 785 2570 capite
802 2523 1008 2569 praepositi
1025 2522 1262 2569 praediorum
1282 2523 1508 2568 confractoS,
1533 2527 1643 2568 atque
1661 2523 1765 2565 sciat,
1789 2523 1822 2558 si
1842 2522 1932 2569 quid
1948 2522 2126 2558 eiusmodi
2141 2522 2345 2568 neqlexerit
2366 2528 2404 2558 et
2420 2534 2488 2559 nos

262 2569 537 2622 cognoverimus
569 2568 694 2604 titulos
724 2567 915 2614 impositos
945 2578 1022 2603 esse
1043 2579 1113 2619 per
1140 2567 1235 2603 alios
1258 2567 1329 2602 nisi
1351 2572 1418 2602 aut
1465 2578 1506 2603 er
1525 2568 1654 2612 fiscum
1677 2571 1742 2603 aut
1756 2579 1829 2614 per
1851 2567 1979 2602 domos
2001 2567 2207 2613 imperiales
2229 2572 2266 2603 et
2287 2572 2434 2603 nostras
2453 2574 2488 2604 et

254 2614 446 2662 piissimae
463 2614 651 2660 Auquslae
674 2618 783 2658 atque
812 2613 917 2658 facto
950 2616 1098 2658 coquito
1122 2613 1375 2658 magistratum
1403 2612 1416 2646 i
1471 2612 1672 2658 neqleqere,
1703 2612 1821 2658 ipsum
1844 2612 1908 2658 qui
1929 2612 2180 2658 maqistratum
2209 2612 2307 2658 qerit
2324 2612 2487 2659 publica-

262 2660 394 2695 tionem
418 2658 595 2695 bonorum
619 2669 695 2694 esse
717 2657 939 2699 subiturum,
971 2657 1163 2702 quoniam,
1194 2668 1274 2693 cum
1296 2657 1410 2702 facile
1441 2656 1531 2693 haec
1547 2656 1747 2704 prohibere
1778 2657 1919 2692 licuerit
1949 2656 2186 2703 maqistratus
2209 2657 2337 2704 opibus
2360 2658 2486 2700 utenti,

264 2711 382 2740 tamen
405 2703 572 2739 consulto
595 2714 640 2739 ea
655 2702 914 2750 praetermisit.

397 2749 439 2784 V.
496 2747 560 2784 Illi
582 2759 655 2794 quo
681 2759 727 2783 ue
749 2748 803 2782 rei
827 2758 952 2782 curam
980 2758 1060 2782 eum
1084 2746 1254 2783 adhibere
1277 2746 1450 2790 volumus,
1480 2751 1522 2782 ut
1545 2757 1667 2782 omnes
1690 2746 1851 2782 latrones
1881 2746 2015 2792 quique
2038 2745 2160 2781 aliena
2184 2745 2279 2782 bona
2301 2747 2358 2782 vel
2379 2747 2486 2783 etiam

260 2794 421 2840 feminas
451 2793 604 2839 rapiunt
633 2805 655 2827 a
670 2793 750 2828 iave
779 2791 932 2827 crimina
957 2796 1192 2838 perpetrant,
1217 2796 1466 2838 persequatur
1496 2802 1628 2842 eosque
1659 2794 1825 2827 coerceat
1855 2796 1891 2826 et
1918 2790 2108 2837 suppliciis
2130 2791 2235 2826 iustis
2257 2791 2422 2835 subiciat,
2452 2799 2488 2828 et

263 2849 403 2874 omnem
434 2838 649 2873 iniustitiam
684 2837 879 2884 reprimat,
913 2847 1001 2872 neve
1035 2836 1113 2872 ulla
1143 2836 1182 2871 in
1217 2847 1259 2872 re
1286 2836 1429 2883 probos
1462 2836 1624 2872 hommes
1657 2836 1793 2871 iniuria
1827 2835 1932 2881 affici
1955 2837 2145 2881 patiatur:
2186 2846 2231 2871 ne
2261 2847 2330 2872 nos
2359 2847 2488 2873 rursus

263 2884 346 2919 aliis
379 2882 606 2928 indiqeamus
639 2883 703 2928 qui
738 2882 827 2917 talia
885 2886 1136 2927 ersequantur‚
1170 2886 1207 2917 et
1236 2880 1439 2928 biocolytae
1473 2885 1509 2917 et
1543 2881 1725 2916 latronum
1750 2884 2004 2928 persecutores
2038 2879 2183 2926 aliaque
2217 2881 2393 2916 eiusmodi
2423 2893 2486 2917 no-

262 2928 361 2964 mina
392 2933 427 2964 et
457 2938 515 2963 res
543 2927 660 2963 denuo
692 2926 834 2963 tolerari
859 2938 883 2962 a
912 2927 1004 2962 sint:
1043 2937 1138 2972 quae
1169 2937 1239 2962 nos
1268 2926 1426 2962 aversati
1455 2925 1506 2961 ad
1533 2925 1629 2961 hunc
1651 2937 1730 2961 eum
1753 2925 1914 2962 ordinem
1937 2925 2132 2967 eveximus,
2161 2929 2271 2972 atque
2293 2926 2346 2961 ita
2373 2925 2486 2963 liono-

262 2978 383 3009 ratum
406 2973 440 3009 ei
462 2973 714 3019 magistratum
737 2971 970 3014 reddidimus,
1001 2976 1043 3007 ut
1065 2970 1332 3018 appellationes
1354 2981 1500 3017 quoque
1522 2982 1616 3016 quae
1638 2971 1720 3017 ipso
1743 2970 1927 3006 iudicante
1949 2970 2232 3016 interponuntur
2259 2975 2295 3006 et
2317 2970 2367 3006 ad
2389 2975 2486 3006 tuam

261 3017 515 3054 sublimitatem
538 3027 672 3062 eosque
702 3017 766 3063 qui
795 3016 965 3063 deinceps
987 3016 1137 3052 eundem
1159 3015 1412 3062 maqistratum
1439 3015 1644 3062 suscepturi
1673 3020 1759 3051 sunt
1787 3020 1824 3051 et
1851 3014 1901 3050 ad
1922 3014 2238 3050 celebratissimum
2260 3019 2487 3061 quaestorem

261 3064 362 3099 sacri
390 3062 508 3099 nostri
531 3062 684 3108 palatii,
717 3062 781 3108 qui
811 3061 954 3108 quidem
983 3060 1181 3097 secundum
1211 3059 1375 3096 ordinem
1405 3060 1685 3096 consultationis
1712 3071 1776 3096 eas
1804 3059 1966 3095 audituri
1995 3059 2087 3101 sint,
2119 3059 2201 3096 lites
2231 3065 2351 3096 autem
2382 3060 2486 3107 quin-

261 3109 380 3155 qentis
402 3107 526 3143 aureis
548 3108 706 3143 minores
728 3108 766 3142 in
787 3107 979 3153 provincia
1002 3107 1080 3142 eius
1101 3108 1220 3142 motas
1242 3104 1343 3151 apud
1365 3105 1460 3141 alios
1482 3104 1658 3151 quosdam
1683 3116 1757 3141 non
1779 3103 2003 3151 spectabiles,
2028 3104 2169 3139 etiamsi
2192 3115 2242 3141 ex
2260 3104 2486 3151 deleqatione

261 3154 352 3195 sint,
383 3151 530 3199 quando
553 3152 769 3198 appelletur,
802 3151 852 3186 ad
879 3155 991 3187 semet
1021 3150 1177 3186 deducat
1207 3150 1245 3184 in
1276 3151 1377 3185 sacri
1404 3149 1531 3185 iudicii
1562 3150 1710 3186 ordine:
1743 3155 1785 3185 ut
1813 3148 1972 3194 undique
2002 3153 2038 3185 et
2059 3149 2140 3195 ipse
2169 3149 2441 3195 maqistratibus
2460 3159 2485 3184 a

316 3247 336 3278 2
360 3240 494 3287 ῥᾳδίως
517 3255 575 3277 om.
590 3254 610 3279 ς·
632 3243 644 3285 ΙΙ
672 3245 711 3276 10
736 3242 784 3275 εἰς
806 3242 884 3275 τῶν
907 3243 1087 3276 ἐπικείνου
1113 3241 1170 3284 Lu
1195 3253 1339 3285 περιρη-
1461 3243 1474 3274 1
1502 3241 1636 3273 curauit
1655 3240 1712 3283 Vss
1729 3243 1749 3274 6
1772 3243 1941 3283 repentem
1966 3239 2023 3282 Vll
2040 3242 2058 3272 7
2083 3242 2160 3281 aget
2185 3240 2218 3273 T
2226 3240 2236 3259 ¹
2254 3238 2481 3283 'imponet-

261 3287 344 3335 γνύς
370 3288 479 3322 MLB
504 3286 518 3330 Ι
544 3289 587 3322 22
611 3284 875 3332 *ὑπερορῶντα
899 3287 1010 3320 MLB
1032 3286 1045 3330 ΙΙ
1075 3288 1115 3321 23
1140 3282 1238 3319 κάκεῖ
1261 3287 1293 3319 L
1328 3285 1340 3330 ΙΙ
1407 3287 1427 3320 8
1441 3285 1556 3317 titulos
1573 3299 1631 3318 om.
1650 3284 1706 3328 Vll
1724 3287 1744 3319 9
1763 3284 1981 3325 *confringat
1997 3283 2098 3328 libriss
2121 3287 2159 3318 10
2173 3282 2409 3326 oomphendero
2430 3279 2481 3323 Vn

263 3336 306 3368 28
329 3335 370 3367 ἔν
392 3335 478 3373 τινι]
503 3333 545 3367 ἐν
568 3345 627 3366 om.
641 3343 660 3368 ς
678 3332 690 3375 ΙΙ
707 3335 742 3365 31
773 3344 812 3364 τε
838 3333 918 3373 LB]
943 3345 1001 3364 om.
1015 3330 1082 3375 ΜΙΙ
1101 3334 1160 3364 καὶ
1181 3326 1241 3376 ἐφ’
1267 3330 1338 3364 ἑτέ·
1409 3331 1446 3363 11
1464 3333 1496 3362 et
1512 3331 1561 3370 (in
1583 3331 1629 3372 V)
1644 3329 1744 3362 titulo
1758 3330 1835 3363 libri
1848 3328 1860 3373 ΙΙ
1878 3330 1937 3370 sio]
1950 3329 2037 3362 sicut
2058 3328 2115 3373 Vfl
2136 3331 2174 3363 13
2188 3328 2217 3361 si
2230 3340 2290 3361 om.
2306 3325 2362 3368 V!
2380 3326 2421 3359 ¹4
2436 3325 2480 3358 ab

262 3391 339 3420 ρων
364 3379 399 3411 Β
418 3377 430 3421 ΙΙ
446 3379 489 3412 33
502 3390 550 3421 eq.
575 3378 635 3410 καὶ
647 3395 691 3401 --
707 3374 952 3419 πεποιήκαμεν
976 3389 1035 3409 om.
1051 3377 1085 3409 Β
1111 3376 1123 3419 ΙΙ
1147 3378 1190 3410 35
1215 3371 1340 3409 αὐτῶν
1407 3376 1484 3408 add.
1493 3376 1578 3418 vuly.
1591 3373 1604 3419 ΙΙ
1619 3376 1658 3408 16
1671 3374 1850 3417 dispexisse
1868 3373 1950 3419 VTn
1966 3375 2005 3409 18
2019 3384 2093 3406 cum
2107 3374 2184 3407 add.
2194 3373 2277 3415 vulq-
2315 3371 2356 3403 19
2366 3369 2479 3420 studio

263 3423 296 3455 L
314 3424 326 3465 ΙΙ
342 3420 534 3466 δεδομένας
546 3422 583 3456 Β
597 3422 610 3466 ΙΙ
628 3419 716 3466 πρός
727 3433 766 3453 τε
782 3422 838 3462 Μ]
852 3424 910 3453 καὶ
925 3419 1013 3466 πρός
1023 3433 1064 3454 τε
1077 3421 1146 3454 LB
1164 3420 1177 3464 Ι
1193 3423 1236 3455 36
1248 3418 1340 3454 κατὰ
1406 3419 1499 3460 haec]
1520 3420 1600 3453 haec
1613 3419 1725 3452 studio
1737 3419 1816 3452 haec
1838 3418 1894 3462 Vll
1911 3421 1954 3453 23
1973 3416 2183 3461 prouidentia
2195 3416 2273 3450 libri
2315 3414 2358 3447 24
2374 3424 2479 3446 οιιιιιιε

266 3479 324 3500 om.
339 3468 385 3499 L·
415 3468 428 3510 Ι
455 3469 498 3502 38
518 3475 595 3511 post
617 3464 794 3501 παλατίσυ
815 3467 962 3510 suppleri
980 3464 1194 3508 πέμπεσθαι
1216 3478 1242 3498 s.
1265 3472 1286 3499 t.
1307 3478 1337 3508 q.
1407 3464 1485 3497 libri
1499 3463 1512 3507 ΙΙ
1531 3466 1572 3498 26
1596 3463 1767 3507 simplitiis
1786 3463 1871 3507 VTu
1897 3465 1939 3498 28
1963 3465 2017 3504 ne]
2042 3475 2099 3496 οηι.
2121 3461 2203 3495 Vol.
2248 3459 2319 3499 1¹0⁸]
2337 3469 2402 3491 non
2424 3460 2455 3491 T
2469 3460 2481 3500 ΙΙ

263 3512 329 3543 vult
349 3512 548 3555 Zachariae,
570 3514 629 3546 sed
645 3514 688 3555 qs.
704 3512 782 3546 XX
791 3511 843 3544 VI
854 3514 873 3545 5
890 3511 902 3552 ΙΙ
922 3514 963 3545 39
987 3507 1282 3543 κονσουλατίοιιοιι
1301 3509 1347 3543 Μ
1407 3510 1449 3542 29
1474 3511 1524 3549 ut]
1549 3512 1582 3542 et
1605 3522 1645 3543 υυ
1682 3535 1690 3543 .
1709 3507 1901 3553 flpstiamus
1929 3506 1983 3552 V}
2001 3505 2187 3551 byooolytas
2271 3502 2300 3554 J!
2318 3504 2359 3554 {32
2387 3513 2478 3535 aver-

264 3553 542 3589 κονσουλτατίον
560 3558 591 3590 L
623 3551 860 3590 συνελείσεως
877 3556 923 3588 M
927 3568 952 3588 ε.
967 3569 1007 3596 υ.,
1031 3554 1096 3599 ΒΙΙ
1125 3557 1164 3589 41
1191 3552 1259 3597 τὴν
1279 3550 1339 3587 αὖ·
1405 3555 1514 3586 santes
1538 3555 1623 3597 vulq.
1686 3555 1726 3587 37
1752 3552 2012 3586 consultationes
2033 3550 2063 3584 V
2118 3550 2161 3583 39
2180 3550 2386 3610 pronuntiem
2402 3548 2452 3599 'V
2467 3547 2479 3589 ΙΙ

263 3598 340 3639 τοῦ]
364 3597 431 3640 τὴν
445 3613 502 3632 om.
522 3603 547 3633 L
565 3603 576 3644 ΙΙ
595 3603 638 3635 42
662 3597 703 3634 οὗ
728 3597 992 3643 σπικταβιλίοις
1006 3601 1061 3641 (ef.
1076 3599 1122 3641 ς)]
1147 3601 1339 3643 σπεκταβι·
1406 3599 1450 3632 40
1471 3598 1638 3641 expectab·
1656 3609 1690 3632 es
1714 3599 1791 3632 libri
1806 3597 1819 3642 Ι]
1835 3598 1907 3640 qui]
1929 3597 1958 3630 si
1980 3595 2063 3639 0⁸19.
2109 3594 2149 3627 41
2168 3636 2175 3643 ι
2205 3591 2302 3643 flunt]
2316 3592 2428 3643 ,ruent
2452 3592 2482 3625 V

266 3640 352 3676 λίοις
375 3644 417 3675 Μ
440 3640 505 3676 οἰῗσ
528 3643 784 3691 περιβλέπτως
804 3645 834 3678 L
858 3642 1108 3689 περιβλέπτοις
1131 3644 1165 3677 Β
1182 3644 1195 3687 ΙΙ
1211 3643 1244 3677 εἰ
1265 3645 1338 3684 καὶ]
1407 3642 1532 3675 suerint
1546 3644 1579 3677 T
1589 3642 1603 3686 ΙΙ
1619 3643 1673 3684 ad]
1695 3653 1716 3676 a
1738 3643 1767 3674 V
1782 3641 1794 3686 ΙΙ
1810 3641 1950 3674 deducat
1968 3639 2053 3682 vulq-
2069 3637 2082 3679 Ι
2099 3637 2143 3671 42
2167 3647 2202 3668 ιιι
2220 3636 2325 3669 dmm
2345 3651 2403 3670 om.
2427 3637 2479 3679 Vss

266 3687 324 3729 ‘lui
347 3687 447 3721 etiam
470 3699 490 3724 ς’
1405 3689 1575 3720 secretarii
1598 3688 1653 3731 Vu
1676 3686 1793 3720 ordine
1819 3686 1864 3727 V]
1887 3684 2036 3718 ordinem
2061 3681 2146 3716 Tol.
