2618 4010
235 125 341 169 Nov.
363 127 479 169 XLV
498 140 557 181 pr.
591 130 610 167 1

1326 126 1410 174 278
1879 144 1940 176 111·
1967 145 2209 177 RAERE'HGI
2237 143 2453 177 cumanus

235 240 459 289 μυστηρίων·
492 239 551 291 ’5⁰¹²
575 236 768 287 ἐπειδήπερ
790 236 985 283 αἱρετικοὺς
1007 240 1193 283 μισοῦμεν,
1218 239 1310 274 οἴον-

1382 249 1454 275 non
1489 240 1681 276 sentientes
1714 246 1951 280 mamentaz
1986 248 2023 280 et
2053 244 2221 290 quoniam
2254 244 2451 280 haereticos

236 295 296 316 ται
327 294 418 315 κατα
445 294 583 324 ταυτην
611 294 683 335 την,
701 281 887 327 πρόφασιν
900 310 902 312 >
916 281 1103 337 ίἐλεύθεροι
1130 282 1311 328 βουλευτι-

1381 284 1462 320 odio
1495 285 1685 328 habemus,
1746 289 1849 322 utant
1881 298 1947 334 per
1980 299 2058 326 eam
2093 290 2317 326 occasionem
2350 289 2451 325 liberi

236 328 313 359 κῶν
336 325 427 359 εἶναι
452 325 778 373 λειτουργηματων·
814 331 874 362 καὶ
895 340 943 363 ως
967 341 995 362 π
1019 339 1131 371 οςηκει
1160 328 1206 363 τὰ
1228 332 1311 385 περὶ
1381 329 1568 364 curialium
1599 339 1677 365 8888
1706 295 1929 368 ffinctionnm
1961 339 1997 370 et
2028 345 2120 380 01188
2155 338 2361 379 competunt
2393 334 2450 369 his

236 370 377 404 τούτων
401 369 645 416 διακριθῆναι.
687 368 803 415 ‘Hunis
825 376 948 407 τοίνυν
972 341 1241 418 ἐξαυμὰσαμεν,
1266 386 1311 408 ει·
1382 373 1572 410 declinare.
1619 373 1696 410 Nos
1719 374 1826 419 igitur
1854 377 1972 414 mirati
1993 390 2132 423 sumus,
2164 380 2195 415 si
2219 380 2393 424 sapientia
2416 383 2452 414 et

237 428 304 460 περ
328 413 350 458 ἡ
371 414 510 450 σύνεσις
539 429 580 450 τε
602 419 662 450 καὶ
685 413 810 460 ὀξύτης
833 414 855 461 ἡ
876 417 920 460 σὴ
943 416 1024 451 τούς
1047 416 1229 452 τοιούτους
1252 416 1311 452 αὐ·
1349 423 1531 454 5acumen
1561 423 1660 454 tuum
1691 418 1782 454 tales
1810 429 1932 457 eorum
1952 425 2098 469 pertulit
2120 425 2287 468 rationes,
2320 429 2356 459 et
2381 434 2452 459 non

236 461 314 494 τῶν
343 456 510 504 ὑπέμεινε
541 459 680 508 λόγους,
714 458 802 496 ἀλλὰ
832 461 881 506 μὴ
910 463 1126 508 παραχρῆμα
1155 462 1237 497 τοὺς
1267 462 1313 497 τὰ
1381 468 1528 508 repente
1559 464 1647 499 talia
1677 464 1835 500 dicentes
1858 464 2069 505 dilacerasti.
2115 469 2155 506 Si
2178 470 2269 506 enim
2291 469 2451 504 homines

236 505 387 539 τοιαῦτα
409 504 576 552 λέγοντας
599 503 805 542 διέσπασεν.
852 508 883 541 εἰ
904 506 972 552 γὰρ
996 507 1195 553 ἄνθρωποί
1219 511 1313 543 τινές
1382 507 1525 552 quidam
1556 511 1640 544 sunt
1670 508 1732 553 0111
1758 512 1891 562 putant
1920 521 1985 556 per
2005 514 2228 551 novissimam
2249 514 2451 550 absurdita-

238 551 329 583 εἰσιν
352 551 455 595 οἵπερ
477 551 616 585 οἴονται
640 549 699 585 διὰ
724 555 785 595 τῆς
809 552 856 585 εἰς
880 553 1031 593 ἔσχατον
1054 548 1204 587 ἀτοπίας
1227 554 1312 587 ἐκεί·
1382 557 1454 588 18111
1483 553 1546 588 illa
1576 563 1769 598 promerem
1797 564 1836 590 se
1863 557 2021 600 praemia.
2051 569 2142 604 quae
2173 560 2258 596 solis
2291 559 2452 595 maximis

236 608 315 629 νων
334 593 530 636 ἀξιοῦσθαι
549 597 629 630 τῶν
643 597 772 643 γερῶν,
793 594 885 643 ἅπερ
902 593 1025 640 μόνοις
1044 600 1118 632 τοῖς
1134 601 1315 645 μεγίστοις
1383 597 1613 642 dignitatibus
1648 599 1912 642 reservavimus,
1971 602 2026 638 uis
2060 613 2132 639 non
2164 614 2287 640 eorum
2322 604 2453 639 habeat

237 637 440 684 ἀξιώμασιν
474 640 708 686 ἐφυλάξαμεν,
745 645 798 676 τις
829 639 892 675 οὐκ
910 638 972 694 ’,ἂν
1001 639 1124 676 αὐτῶν
1153 642 1314 687 μισήσειε
1330 645 1370 677 10
1383 652 1528 678 exosam
1563 643 1763 679 vecordiam
1798 648 1835 679 et
1868 645 2079 683 stultitiam?
2130 648 2355 695 Quapropter
2390 659 2451 683 cu-

237 684 304 727 τὴν
335 682 538 728 ἀθλιότητά
572 699 612 720 τε
642 689 702 721 καὶ
731 684 859 720 ἄνοιαν
866 699 879 727 ,·
924 687 1013 720 Ωςτε
1044 686 1314 731 βουλευέτωσαν
1382 687 1472 722 riam
1507 692 1697 724 exerceant
1731 688 1933 725 huiusmodi
1967 701 2087 728 omnes
2121 694 2227 729 etiam
2261 694 2365 730 nimis
2396 694 2451 728 in-

237 731 305 774 μέν
323 729 361 764 οἱ
378 732 535 765 τοιοῦτοι
556 729 687 766 πάντες
710 735 770 765 καὶ
788 730 885 775 μάλα
906 730 1121 775 οἰμώζοντες
1151 734 1211 767 καὶ
1237 735 1314 767 ταῖς
1381 732 1615 777 gemiscentes
1651 738 1687 769 et
1725 734 1917 770 curialibus
1956 736 2164 773 subiaceant
2197 738 2452 779 functionibus,

237 772 479 819 βουλευτικαῖς
507 773 792 811 ὑποκείσθωσαν
825 775 1072 823 λειτουργίαις,
1105 773 1222 824 ὥςπερ
1254 780 1314 811 καὶ
1382 778 1476 813 sicut
1506 777 1614 813 etiam
1646 778 1873 823 officialibus,
1906 782 1947 815 ut
1969 779 2101 817 dudum
2123 784 2298 818 sancitum
2319 787 2385 826 est,
2417 787 2453 818 et

237 822 316 854 ταῖς
350 821 582 861 ταξεωτικαῖς
617 821 717 855 καθὰ
753 819 881 867 πρώην
912 822 1217 866 νενομοθέτηται,
1254 825 1314 857 καὶ
1382 823 1481 858 nulla
1504 823 1630 867 religio
1653 824 1698 858 ab
1719 823 1920 859 huiusmodi
1942 835 2005 861 eos
2029 827 2183 871 excipiat
2205 827 2348 864 fortuna
2371 828 2453 870 (hoc

237 862 392 909 μηδεμία
417 865 595 912 θρησκεία
628 867 689 909 τῆς
711 867 876 909 τοιαύτης
895 865 1021 901 αὐτοὺς
1044 867 1230 912 έξαιρείτω
1254 867 1312 902 τύ·
1330 871 1368 903 15
1383 868 1475 903 enim
1511 878 1626 913 neque
1660 868 1886 922 antiquarum
1921 871 2156 915 quarumlibet
2189 871 2222 908 le
2339 883 2453 917 neque

236 921 297 953 χης
320 911 440 953 (τοῦτο
462 910 530 958 γὰρ
558 911 641 946 οὔτε
672 911 750 945 τῶν
773 910 943 946 παλαιῶν
971 925 1045 946 τινι
1075 912 1200 956 νόμων
1231 911 1313 946 οὔτε
1383 913 1600 948 novellarum
1624 917 1708 956 est),
1740 913 1873 957 indigni
1903 917 2023 950 tamen
2053 916 2178 952 curiali
2208 922 2280 952 81111
2306 918 2451 953 honore.

237 955 316 989 τῶν
345 958 441 990 νέων
464 956 629 1003 εἴρηται),
661 953 801 996 ἀνάξιοι
829 959 953 1000 μέντοι
975 955 1201 1001 βουλευτικῆς
1224 955 1311 992 ἁπά·
1382 957 1432 993 Et
1456 958 1622 1002 quoniam
1645 958 1740 1003 leges
1762 958 1917 1003 plurima
1939 960 2114 1005 praebent
2136 960 2326 997 curialibus
2346 963 2452 1007 prbri-

238 1010 300 1042 σης
330 1000 498 1035 ἔστωσαν
526 1002 672 1080 tauji&
686 1003 758 1034 Καὶ
788 999 981 1047 ἐπειδήπερ
1009 1001 1045 1036 οἱ
1072 1000 1176 1046 νόμοι
1199 1001 1313 1037 πολλὰ
1382 1002 1485 1046 legia,
1509 1006 1546 1038 et
1561 1008 1601 1038 ut
1616 1014 1688 1039 non
1713 1003 1909 1039 caedantur
1933 1008 1969 1040 et
1986 1016 2059 1041 non
2083 1005 2316 1042 exhibeantur
2340 1017 2453 1051 neque

238 1042 380 1079 διδόασι
413 1048 487 1080 τοῖς
522 1049 588 1089 βου
674 1048 727 1080 αῖς
762 1045 959 1091 προνόμια,
993 1050 1079 1094 περί
1111 1060 1151 1081 τε
1186 1047 1229 1083 τὸ
1264 1047 1313 1092 μὴ
1381 1048 1427 1082 ad
1462 1047 1568 1083 aliam
1603 1048 1824 1084 deducantur
1859 1050 2078 1094 provinciam
2115 1055 2153 1086 et
2186 1051 2257 1086 alia
2291 1051 2453 1097 plurima,

239 1088 444 1124 τύπτεσθαι
473 1094 558 1137 περί
578 1103 619 1124 τε
640 1089 684 1124 τὸ
705 1090 755 1135 μὴ
778 1092 1033 1138 παρίστασθαι
1055 1090 1146 1136 μηδὲ
1168 1094 1216 1127 εἰς
1239 1093 1311 1127 ἑτέ-
1326 1094 1367 1126 20
1383 1093 1510 1128 horum
1533 1093 1630 1129 nullo
1662 1093 1839 1135 fruantur,
1864 1094 1926 1129 Sed
1948 1095 2116 1140 quicquid
2140 1095 2313 1141 scriptum
2335 1099 2391 1131 est
2411 1095 2454 1131 de

262 1147 307 1167 αν
337 1133 494 1179 ἄγεσθαι
521 1133 645 1180 χώραν
676 1139 736 1169 καὶ
765 1137 869 1183 ἕτερα
894 1141 1020 1184 μυρία,
1051 1136 1193 1172 τούτων
1224 1135 1310 1173 ἇπο-
1381 1138 1572 1174 curialibus
1604 1138 1699 1183 quod
1730 1149 1801 1174 non
1826 1139 1965 1175 confert
1987 1140 2224 1186 privilegium,
2256 1141 2324 1176 hoc
2347 1140 2454 1176 etiam

282 1181 445 1214 υέτωσαν
474 1179 640 1225 μηδενός·
675 1177 754 1215 ἀλλ’
780 1181 817 1215 εἴ
841 1195 878 1216 τι
906 1183 973 1226 μὲν
1001 1184 1202 1230 γέγραπται
1229 1186 1311 1229 περὶ
1379 1182 1417 1218 111
1439 1183 1495 1218 1118
1519 1184 1646 1227 valeat,
1679 1186 1715 1219 et
1738 1184 1939 1228 compleant
1963 1186 2162 1231 corporalia
2190 1190 2226 1220 et
2247 1185 2455 1230 pecuniaria

236 1223 442 1268 βουλευτῶν
474 1223 515 1259 οὗ
544 1223 780 1270 χαριζόμενον
810 1224 929 1261 αὐτοῖς
959 1225 1167 1274 προνόμιον,
1203 1229 1309 1262 τοῦτο
1378 1228 1510 1270 munia,
1536 1232 1572 1264 et
1595 1228 1693 1263 nulla
1716 1229 1762 1264 ab
1786 1229 1842 1264 1118
1866 1229 1994 1274 eripiat
2017 1241 2079 1266 eos
2102 1232 2176 1275 lex3
2212 1231 2348 1266 honore
2372 1241 2454 1266 vero

237 1273 297 1303 καὶ
317 1266 378 1304 ἐπ’
397 1267 516 1305 αὐτοῖς
536 1275 724 1316 κρατείτω,
748 1273 807 1305 καὶ
823 1269 1087 1318 πληρούτωσαν
1106 1272 1310 1317 σωματικάς
1377 1272 1544 1308 fruantur
1566 1274 1675 1316 nullo,
1708 1274 1771 1310 sed
1804 1274 1875 1309 sint
1902 1274 1939 1309 in
1963 1280 2023 1311 tur
2049 1276 2185 1311 itudine
2207 1276 2385 1319 fortunae,
2417 1275 2454 1309 in

236 1327 277 1348 τε
296 1317 355 1348 καὶ
373 1315 587 1360 χρηματικὰς
608 1315 836 1364 λειτουργίας,
858 1320 917 1351 καὶ
939 1315 1060 1362 μηδεὶς
1082 1316 1225 1352 τούτων
1250 1316 1308 1351 αὐ·
1323 1321 1364 1352 25
1378 1328 1448 1362 qua
1479 1321 1517 1353 et
1549 1319 1701 1354 animam
1731 1318 1855 1355 volunt
1883 1329 1973 1357 8888.
2047 1322 2080 1356 ic
2103 1321 2210 1365 igitur
2238 1320 2291 1357 eis
2318 1320 2363 1356 de
2385 1320 2454 1355 hoc

236 1358 318 1393 τούς
340 1360 572 1405 ἐξαρπαζέτω
597 1359 719 1406 νόμος,
749 1363 851 1406 τιμῆς
877 1360 918 1396 δὲ
940 1360 1221 1397 ἀπολαυέτωσαν
1243 1376 1308 1407 μη·
1378 1362 1539 1407 dispone.

237 1402 368 1449 δεμιᾶς,
388 1403 468 1439 ἀλλ’
489 1407 656 1440 ἔστωσαν
676 1408 716 1441 ἐν
736 1404 795 1440 ἀτι
824 1411 862 1450 la
881 1407 949 1451 τὴν
968 1408 1089 1450 τύχην,
1114 1409 1154 1442 ἐν
1174 1408 1233 1450 οἵᾳ
1253 1410 1313 1441 καὶ

236 1448 303 1492 τὴν
334 1450 451 1495 ψυχὴν
481 1448 735 1495 ἐβουλήθησαν
766 1464 782 1485 ε
798 1465 870 1487 ναι.
916 1448 1011 1487 οὕτω
1041 1456 1166 1487 τοίνυν
1195 1450 1314 1487 αὐτοῖς

236 1493 279 1528 τὸ
303 1499 386 1542 περὶ
408 1495 535 1530 τούτου
560 1494 695 1531 διάθες.

1239 1611 1395 1648 CAPUT
1421 1612 1451 1647 Ι.

290 1684 443 1722 Κᾶκεῖνο
471 1690 595 1732 μέντοι
625 1699 666 1734 γε
695 1684 943 1734 προςήγγειλας
972 1686 1059 1732 ἡμῖν
1081 1686 1184 1729 ἄξιον
1207 1688 1308 1733 ζητὴ-
1322 1692 1364 1724 30
1422 1690 1513 1725 1111111
1548 1700 1688 1736 quoque
1722 1690 1893 1727 nuntiasti
1928 1692 2031 1727 nobis
2067 1692 2209 1736 dignum
2245 1693 2453 1736 quaestione

237 1732 326 1766 σεώς
346 1744 401 1767 σοι
420 1731 622 1779 γενόμενον.
667 1730 791 1776 ἐπειδὴ
812 1734 880 1780 γὰρ
899 1733 981 1768 τοὺς
1005 1731 1198 1780 αἱρετικοῦς
1219 1748 1308 1781 μαρ-
1376 1735 1442 1770 tibi
1465 1737 1599 1771 natum.
1647 1736 1738 1780 Quia
1761 1737 1854 1771 enim
1882 1737 2081 1773 haereticos
2108 1738 2347 1773 testimonium
2395 1748 2449 1772 er-

236 1780 357 1821 τυρεῖν
379 1778 477 1823 εἴρξα
505 1790 544 1812 εν
573 1774 633 1823 ἐφ’
660 1776 714 1812 ὡν
737 1775 933 1824 ὄρθόδοξοι
956 1777 1045 1825 πρὸς
1067 1777 1234 1813 ἀλλ’λους
1258 1777 1307 1813 δι·
1377 1780 1501 1816 hibere
1522 1781 1776 1833 prohibuimus,
1800 1786 1840 1816 ut
1860 1782 2001 1826 quando
2021 1782 2210 1818 orthodoxi
2232 1783 2325 1818 inter
2344 1793 2367 1818 a
2381 1787 2450 1818 ter-

236 1821 416 1864 κάζονται,
434 1820 457 1857 δ
494 1821 595 1857 ὀντες
614 1820 733 1857 αὐτοῖς
750 1822 841 1857 κατὰ
856 1823 924 1865 τὴν
939 1820 1114 1869 ἡμετέραν
1158 1821 1309 1867 ιάταξιν,
1377 1828 1478 1861 utros
1507 1826 1664 1870 htigant,
1701 1827 1826 1863 dantes
1858 1827 1910 1862 eis
1940 1838 2005 1872 per
2034 1832 2194 1863 nostram
2226 1827 2451 1864 constitutio-

237 1868 269 1900 εἰ
290 1869 357 1912 μὲν
381 1869 421 1902 ἐν
443 1864 602 1911 ἀλλήλοις
624 1865 860 1921 φύροιντόατε
878 1869 1005 1902 ἐκεῖνοι
1027 1871 1101 1921 καὶ(Ι
1109 1866 1309 1911 δικάζοιντο
1377 1879 1474 1912 nem,
1511 1871 1540 1905 si
1565 1871 1706 1916 quidem
1736 1871 1829 1906 inter
1859 1872 2052 1908 alterutros
2084 1874 2302 1908 misceantur
2333 1865 2385 1908 iili
2415 1876 2453 1908 et

237 1915 296 1946 καὶ
328 1911 488 1961 ἑκάτερος
518 1912 690 1958 αἱρετικὸς
713 1913 765 1956 εἴη
797 1926 816 1946 ο
846 1926 886 1947 τε
909 1913 1050 1960 ένάγων
1080 1927 1100 1947 ο
1123 1927 1163 1948 τε
1186 1913 1308 1960 έναγό-
1321 1917 1363 1950 35
1376 1914 1515 1959 litigent
1545 1920 1582 1951 et
1612 1919 1761 1960 uterque
1791 1917 1994 1952 haereticus
2026 1917 2073 1952 sit
2103 1922 2139 1952 et
2167 1920 2270 1953 actor
2299 1921 2335 1953 et
2357 1927 2451 1958 reue,

236 1969 358 2002 μενος,
394 1956 579 1992 δύνασθαι
612 1960 821 2004 μαρτυρεῖν,
857 1954 970 1998 ἀξίων
999 1955 1158 2001 ἀλλήλοις
1189 1957 1311 1994 ὄντων
1377 1970 1484 2004 posse
1507 1961 1746 1997 testimonium
1765 1960 1888 2006 (dari),
1913 1961 2027 2006 dignis
2051 1962 2246 1998 adinvicem
2271 1963 2451 1999 existenti-

237 2005 297 2036 καὶ
320 2003 398 2038 τῶν
421 2001 667 2047 δικαζομένων
695 2005 755 2036 καὶ
783 2003 862 2037 τῶν
882 2002 1178 2050 μαρτυρούντων·
1214 2004 1245 2038 εἰ
1269 2001 1308 2038 δὲ
1375 2005 1443 2040 bus
1468 2008 1504 2041 et
1525 2005 1748 2052 litigantibus
1778 2010 1814 2041 81
1837 2006 2076 2043 testimonium
2099 2007 2389 2052 perhibenfibus3
2421 2008 2451 2042 81

294 2117 403 2160 cap-I
423 2124 640 2161 arqumentum
663 2123 794 2150 notatur
815 2117 948 2151 Nomoc.
972 2116 1072 2150 XIV
1089 2118 1137 2150 tit.
1162 2118 1214 2158 12,
1234 2125 1251 2151 2
1274 2119 1346 2159 (ubi
1362 2118 1482 2152 citatur
1503 2116 1615 2164 νεαρὰ
1636 2115 1714 2163 μβ’)
1736 2127 1767 2153 et
1789 2121 1821 2161 9,
1839 2127 1866 2154 2.

239 2228 396 2275 cipiant:
429 2228 493 2274 qui
522 2227 693 2274 quoniam
722 2226 922 2262 haereticos
954 2225 1037 2261 odio
1065 2224 1245 2269 habemus,
1280 2226 1349 2263 hoc
1377 2227 1521 2263 nomine
1552 2228 1725 2264 immunes
1753 2239 1831 2265 sese
1860 2239 1885 2264 a
1917 2228 2112 2264 curialibus
2139 2229 2345 2265 muneribus
2373 2240 2453 2265 esse

239 2273 464 2309 arbitrantur
470 2286 486 2315 ;
519 2277 628 2319 atque
657 2272 746 2308 llaec
776 2270 955 2318 quomodo
987 2271 1176 2307 conveniat
1206 2271 1410 2308 diiudicari.
1469 2272 1549 2308 Nos
1580 2284 1663 2309 vero
1695 2273 1818 2309 mirati
1846 2284 1987 2315 sumus,
2017 2273 2050 2308 si
2077 2272 2192 2309 uidem
2222 2273 2394 2309 iudicium
2415 2278 2455 2309 et

239 2329 388 2354 acumen
422 2322 520 2354 tuum
550 2316 725 2354 eiusmodi
754 2327 878 2353 eorum
908 2326 1091 2352 sermones
1123 2316 1291 2353 toleravit
1325 2328 1370 2352 ac
1401 2328 1473 2353 non
1503 2317 1696 2363 confestim
1724 2329 1787 2354 eos
1817 2318 1881 2364 qui
1914 2317 2004 2353 talia
2053 2322 2239 2364 oquuntur
2273 2317 2452 2354 convellit.

238 2363 334 2398 Nam
356 2363 389 2399 si
411 2363 476 2409 qui
496 2368 581 2399 sunt
603 2362 775 2405 homines,
806 2361 868 2408 qui
885 2365 1042 2413 propter
1064 2366 1263 2398 extremam
1279 2363 1504 2409 pravitatem
1527 2362 1601 2398 illis
1616 2363 1795 2410 praemiis
1825 2374 1865 2399 se
1887 2362 2092 2409 dignandos
2114 2363 2330 2406 existiment,
2357 2374 2454 2416 quae

238 2409 326 2444 solis
355 2409 526 2444 maximis
556 2407 793 2454 diqnitatibus
822 2416 1057 2449 servammus,
1089 2407 1170 2452 quis
1198 2418 1272 2443 non
1302 2418 1427 2443 eorum
1457 2408 1663 2443 tenuitatem
1693 2413 1729 2444 et
1756 2408 1934 2444 inscitiam
1959 2407 2099 2443 oderit?
2145 2407 2274 2454 Itaque
2297 2408 2453 2444 curiales

239 2454 381 2500 quidem
403 2453 477 2489 sint
503 2454 563 2489 isti
586 2464 718 2495 omnes,
750 2452 911 2498 quamvis
942 2450 1163 2488 vehementer
1193 2452 1441 2495 lamententur,
1472 2457 1509 2488 et
1530 2452 1727 2489 curialibus
1755 2453 1907 2489 obnoxii
1937 2453 2152 2495 muneribus,
2180 2453 2321 2499 pariter
2343 2457 2382 2489 at
2406 2464 2452 2488 ue

240 2498 462 2544 officialibus
484 2498 678 2534 secundum
702 2497 741 2533 id
763 2497 862 2543 quod
885 2496 969 2532 olim
993 2497 1070 2543 teqe
1092 2497 1269 2533 sancitum
1292 2501 1357 2539 est,
1381 2508 1467 2533 neve
1489 2497 1566 2533 ulla
1589 2508 1650 2534 eos
1672 2498 1802 2544 reliqio
1826 2509 1876 2534 ex
1891 2497 1960 2533 hac
1975 2497 2186 2534 condicione
2208 2498 2348 2545 eximat
2369 2501 2381 2540 (
2408 2509 2452 2534 oc

239 2545 332 2580 enim
355 2555 470 2590 neque
492 2548 648 2580 veterum
671 2543 748 2578 ulla
771 2553 886 2588 neque
908 2552 1083 2578 novarum
1107 2542 1224 2588 lequm
1244 2542 1378 2578 dictum
1401 2546 1478 2587 est),
1511 2542 1651 2589 indiqni
1681 2547 1798 2579 tamen
1821 2543 1920 2578 omni
1947 2542 2082 2578 honore
2111 2543 2244 2578 curiali
2270 2543 2352 2579 sint.
2400 2541 2452 2579 Et

240 2589 411 2635 quoniam
441 2589 538 2641 leqes
566 2588 678 2624 multa
708 2587 885 2624 dederunt
913 2586 1109 2623 curialibus
1132 2587 1350 2634 privileyia,
1380 2588 1505 2634 qualia
1536 2592 1621 2623 sunt
1648 2599 1693 2624 ne
1723 2587 1952 2624 verberentur
1981 2599 2068 2624 neve
2095 2588 2273 2623 sistantur
2297 2598 2384 2623 neve
2411 2588 2450 2623 in

240 2634 350 2670 aliam
366 2634 594 2681 promnciam
617 2633 797 2669 ducantur
819 2637 928 2678 atque
949 2635 1110 2667 sescenta
1134 2632 1219 2675 alia,
1243 2631 1370 2668 horum
1391 2632 1491 2668 nullo
1508 2633 1705 2679 fruantur:
1739 2632 1804 2669 sed
1824 2633 1859 2668 si
1879 2632 1970 2679 quid
1990 2632 2035 2668 de
2057 2631 2252 2668 curialibus
2273 2633 2447 2678 scriptum

240 2684 296 2716 est
325 2679 424 2726 quod
452 2679 499 2715 iis
526 2678 755 2726 privileqium
789 2688 863 2713 non
893 2677 1078 2723 conferat,
1113 2676 1182 2713 Ιιοο
1212 2678 1320 2713 etiam
1352 2677 1396 2714 de
1429 2677 1503 2713 illis
1530 2677 1660 2721 valeat,
1695 2682 1731 2714 et
1762 2683 1834 2714 tam
1862 2676 2072 2724 corporalia
2106 2687 2214 2723 quam
2228 2677 2449 2729 pecuniaria

240 2736 390 2761 munera
417 2728 657 2776 exequantur,
692 2734 779 2759 neve
808 2722 884 2758 ulla
914 2732 976 2758 eos
1006 2721 1090 2757 inde
1118 2722 1254 2770 eripiat
1281 2722 1361 2766 lex,
1398 2722 1535 2759 honore
1567 2728 1687 2759 autem
1736 2725 1892 2758 ruantur
1915 2722 2016 2758 nullo
2025 2749 2044 2774 ‚.
2069 2721 2135 2758 sed
2155 2722 2194 2757 in
2220 2721 2378 2767 unfamta
2401 2727 2450 2757 stt

241 2780 365 2806 eorum
387 2769 552 2806 conducio
576 2769 615 2804 in
639 2768 740 2815 quali
763 2767 871 2804 etiam
894 2767 1051 2803 animam
1073 2777 1151 2804 esse
1173 2767 1371 2804 voluerunt.
1420 2766 1481 2803 Ita
1503 2767 1617 2814 iqitur
1639 2768 1684 2804 iis
1731 2779 1776 2805 ac
1798 2767 1843 2804 de
1863 2778 1904 2803 re
1926 2771 2136 2803 constituas

375 2825 404 2861 1.
453 2823 614 2861 Ceterum
644 2824 737 2860 illud
771 2834 916 2871 quoque
949 2823 999 2859 ad
1027 2834 1094 2860 nos
1123 2822 1283 2859 detulisti
1343 2823 1418 2860 uod
1448 2824 1659 2870 quaestione
1688 2823 1837 2871 diqnum
1868 2822 1932 2859 tibi
1959 2823 2092 2859 extitit.
2150 2821 2327 2867 Quoniam
2356 2822 2448 2859 enim

242 2870 442 2907 haereticos
467 2870 705 2906 testimonium
735 2868 853 2905 dicere
875 2869 914 2904 in
937 2868 1058 2905 litibus
1087 2879 1180 2914 quas
1203 2867 1310 2904 ortlzo
1337 2869 1404 2905 oxi
1425 2869 1520 2905 inter
1542 2880 1581 2905 se
1603 2868 1735 2906 habent
1756 2868 1929 2906 vetuimus
1951 2888 1996 2894 —
2018 2868 2093 2920 qui·
2103 2867 2265 2920 dedimus
2287 2868 2361 2903 illis
2377 2878 2449 2915 per

242 2920 405 2952 nostram
424 2915 724 2957 constitutionem,
747 2919 789 2950 ut
807 2915 841 2950 si
862 2913 1003 2961 quidem
1026 2913 1120 2949 inter
1141 2924 1181 2949 se
1202 2914 1421 2950 misceantur
1444 2918 1480 2950 et
1495 2913 1638 2960 litiqent
1659 2919 1697 2951 at
1723 2925 1768 2951 ue
1785 2919 1936 2960 uterque
1955 2912 2157 2950 haerettcus
2178 2918 2228 2949 stt
2251 2917 2323 2949 tam
2345 2916 2449 2948 actor

243 2972 351 3007 quam
373 2971 469 3003 reus,
485 2960 631 3008 possint
656 2959 893 2996 testimonium
916 2959 1046 3002 dicere,
1070 2969 1149 2994 cum
1171 2969 1210 2995 se
1232 2959 1381 2996 invicem
1403 2958 1509 3005 diqni
1535 2959 1609 2995 sint
1631 2964 1667 2996 et
1703 2959 1872 3006 ttiqantes
1895 2962 1931 2994 et
1954 2962 2060 2994 testes
2066 2971 2081 3001 ;
2118 2968 2247 2994 rursus
2269 2958 2303 2994 si
2324 2956 2448 2994 haere-

291 3078 305 3109 1
332 3074 470 3108 οἴονται
482 3074 540 3116 Μ]
564 3072 614 3107 οἷς
637 3074 688 3107 L⁰
717 3071 756 3107 ol
770 3071 819 3107 L*
842 3068 912 3115 (ὅτι
925 3073 1132 3113 Haloander)
1159 3072 1173 3116 ΙΙ
1201 3074 1220 3106 3
1246 3069 1311 3105 λει-

1423 3072 1444 3106 2
1467 3072 1555 3113 01110]
1587 3072 1686 3105 hodie
1708 3072 1743 3105 R
1770 3070 1783 3115 ΙΙ
1811 3071 2028 3112 occasionem]
2065 3071 2127 3104 hoc
2149 3071 2352 3104 occasionem
2379 3070 2413 3103 V
2437 3068 2451 3112 Ι

243 3132 306 3154 του
329 3118 512 3166 γημάτων]
536 3117 713 3162 ἐζήτησαν
732 3120 808 3152 add.
822 3118 855 3151 L
868 3120 900 3152 in
913 3130 1014 3161 mar-9.
1031 3117 1043 3162 Ι]
1068 3119 1128 3150 καὶ
1141 3135 1186 3142 -
1197 3119 1219 3151 4
1236 3113 1311 3150 δια·

1379 3118 1399 3150 3
1412 3127 1496 3159 quae
1509 3131 1568 3151 om.
1583 3116 1638 3161 Vn
1656 3119 1678 3151 4
1691 3116 1852 3159 sapientia
1866 3119 1899 3149 et
1912 3117 1955 3157 R]
1973 3116 2133 3158 sapientie
2149 3116 2286 3150 VNeob.
2303 3115 2316 3160 Ι
2334 3118 2355 3150 5
2371 3124 2447 3147 acu-

243 3179 302 3211 κρι
335 3165 429 3217 ἦναι]
453 3167 487 3197 81
509 3174 593 3218 quae
617 3165 807 3221 competunt
829 3162 882 3196 his
898 3162 1063 3241 deognare
1078 3175 1108 3204 ς,
1132 3163 1312 3240 ands-mle

245 3208 602 3299 &ustitiam
613 3207 880 3288 {sirm
898 3210 930 3296 ,.7
941 3208 1312 3305 mm

246 3315 303 3334 om.
318 3313 337 3337 ς
355 3302 367 3344 ΙΙ
385 3303 426 3335 14
447 3298 576 3346 πρώην
590 3298 889 3351 νενομοθέτηται]
909 3298 985 3332 cod.
1003 3301 1031 3339 1,
1043 3306 1072 3338 ο,
1087 3303 1102 3328 7
1124 3296 1138 3351 Ι]
1156 3299 1195 3331 16
1207 3307 1312 3331 τουτο

247 3347 318 3386 Μς]
343 3341 485 3379 τούτων
507 3345 539 3379 L
569 3344 581 3387 ΙΙ
606 3341 716 3377 *οὖδδ
735 3344 828 3383 Ma)
851 3339 956 3376 ουδδν
972 3343 1005 3376 L
1030 3341 1044 3387 ΙΙ
1073 3339 1183 3375 *ουδὲ
1205 3342 1277 3376 ML
1300 3342 1311 3383 Η

251 3393 287 3423 17
301 3389 438 3433 ἁπάσης
456 3403 513 3424 om.
527 3401 547 3426 ς
572 3390 585 3432 ΙΙ
617 3390 714 3432 1980.
728 3391 769 3432 ff
788 3389 864 3423 cod.
882 3391 932 3429 10,
946 3395 994 3430 32,
1008 3394 1042 3422 ³3
1059 3394 1089 3421 et
1099 3387 1184 3422 Nou.
1203 3386 1284 3421 CLI
1301 3385 1314 3430 Ι

249 3436 291 3468 20
311 3434 424 3478 ’μήτε
438 3435 509 3469 ML
524 3434 537 3479 ΙΙ
563 3436 603 3468 21
626 3429 912 3477 ἆπολαβέτωσαν
929 3433 960 3466 L
977 3434 1035 3471 (id.
1050 3433 1106 3474 26)
1122 3433 1135 3478 Ι
1161 3433 1203 3466 23
1216 3443 1311 3477 χαρι·

250 3480 409 3522 ζομένων
422 3481 453 3513 L
473 3482 485 3522 11
508 3481 719 3526 προνομίων
731 3480 781 3512 L⁰
803 3477 816 3523 ΙΙ
847 3479 886 3512 2Ί
913 3476 979 3520 τὴν
1001 3474 1123 3520 τύχην]
1148 3477 1311 3515 fortunae.

250 3525 332 3556 unde
351 3524 410 3565 τῆς
425 3521 529 3566 τύχης
553 3525 766 3558 commendari
787 3535 851 3558 non
871 3531 954 3557 recte
973 3530 1070 3566 putat
1085 3523 1271 3556 Zachariae

252 3569 294 3601 28
317 3563 571 3610 ἠβουλήθησαν
592 3570 624 3602 L
657 3569 670 3610 ΙΙ
696 3565 823 3603 αὐτοὺς
845 3569 895 3602 L⁰
918 3566 930 3611 ΙΙ
959 3569 1001 3602 29
1026 3565 1068 3601 τὸ
1092 3567 1150 3608 M]
1174 3566 1278 3601 om.L

252 3609 376 3644 διάθες
397 3613 436 3644 Μ
446 3615 500 3652 (cs.
513 3616 556 3654 ς)]
580 3611 776 3648 διαθέσθαι
790 3612 850 3658 Lu
873 3614 913 3647 31
938 3610 1128 3658 γινόμενον
1147 3612 1177 3646 L
1195 3611 1209 3656 Ι
1231 3607 1312 3645 τοὺς

253 3670 310 3690 um.
320 3657 351 3689 L
365 3657 378 3698 ss
396 3658 437 3689 32
450 3656 613 3701 εἴρξαμεν
626 3660 682 3700 Μ]
694 3658 859 3705 εἴρξαμεν
870 3658 902 3692 L
917 3656 932 3701 Ι
947 3653 1013 3702 ἀφ’
1029 3647 1138 3691 ὦνΜ
1146 3656 1160 3701 Ι
1182 3657 1224 3691 33
1237 3652 1312 3689 διά-

251 3699 368 3742 ταξιν]
394 3702 469 3734 Cod.
486 3704 514 3741 1,
529 3709 557 3742 ⁶,
570 3710 601 3735 21

1378 3172 1453 3195 men
1466 3163 1564 3205 vulo]
1590 3172 1745 3195 cacumen
1761 3162 1838 3195 libri
1895 3162 1915 3195 6
1929 3160 2306 3195 delateraatiRVNeob.
2325 3159 2339 3204 Ι
2359 3159 2448 3193 enim

1379 3220 1438 3243 om.
1459 3208 1491 3240 V
1510 3206 1523 3251 ΙΙ
1554 3208 1594 3241 10
1616 3214 1691 3251 post
1714 3206 1839 3240 curiam
1862 3207 1968 3239 hiatus
1987 3207 2115 3240 dimidii
2128 3218 2240 3239 versus
2263 3212 2310 3239 est
2331 3206 2364 3239 in
2386 3203 2447 3247 Vn

1382 3254 1418 3286 11
1447 3254 1564 3285 exeant
1578 3252 1623 3293 R,
1634 3264 1717 3286 corr.
1730 3251 1780 3284 R³
1797 3251 1810 3295 ΙΙ
1825 3250 1973 3284 homines
1993 3251 2061 3285 ΒΤ
2083 3251 2095 3293 ΙΙ
2122 3252 2161 3285 13
2178 3252 2276 3284 8110111
2290 3249 2324 3283 R
2340 3248 2354 3293 Ι
2374 3247 2445 3282 offi-

1379 3296 1472 3329 cialis
1494 3297 1572 3330 RV
1588 3296 1753 3330 officialiis
1777 3297 1810 3330 T
1826 3295 1840 3340 ΙΙ
1865 3298 1912 3329 881
1934 3297 1979 3336 R]
2005 3308 2063 3329 om·
2084 3295 2147 3329 VT
2165 3295 2178 3337 11
2206 3297 2248 3329 14
2270 3293 2361 3336 regio
2378 3291 2412 3325 R

1382 3343 1421 3376 15
1434 3342 1648 3384 antiquorum
1666 3342 1698 3375 V
1709 3340 1723 3386 ΙΙ
1738 3340 1886 3383 qualibet
1896 3342 1979 3384 vulq.
1992 3339 2005 3385 ΙΙ
2019 3343 2058 3375 16
2071 3342 2130 3381 881]
2143 3339 2268 3373 dietum
2279 3340 2328 3371 eut
2338 3337 2423 3380 vulq.

1378 3389 1457 3419 sunt
1470 3388 1501 3420 R
1522 3389 1534 3430 ΙΙ
1566 3389 1605 3422 18
1626 3386 1829 3420 oedanturR
1852 3386 2074 3419 concedantur
2095 3385 2128 3418 V
2145 3383 2162 3436 Ι
2187 3385 2224 3418 19
2239 3382 2337 3416 sliam
2359 3381 2409 3414 V⁰

1380 3433 1422 3464 20
1442 3431 1536 3464 nulla
1558 3432 1595 3473 V,
1613 3444 1671 3466 om.
1687 3431 1720 3464 R
1740 3432 1752 3471 ΙΙ
1776 3431 1917 3473 quiquid
1939 3430 1974 3463 R
1996 3431 2009 3474 ΙΙ
2034 3431 2076 3464 23
2099 3428 2235 3471 empiat
2255 3426 2288 3460 V
2303 3432 2444 3469 arripiat

1379 3476 1450 3510 ΕΤ
1470 3478 1483 3519 ΙΙ
1514 3479 1555 3511 25
1579 3477 1619 3510 de
1643 3489 1701 3510 om.
1730 3476 1796 3520 Vfl
1835 3477 1877 3510 26
1902 3475 2080 3518 *disponet
2103 3473 2178 3507 libra·
2204 3471 2218 3514 Ι
2244 3472 2286 3522 30
2310 3481 2442 3512 quoque

1380 3521 1468 3562 quod
1491 3522 1654 3555 nuntiasti
1677 3521 1710 3554 R
1731 3521 1744 3564 ΙΙ
1771 3520 1995 3562 quaestionem
2015 3519 2048 3553 V
2068 3518 2081 3562 ΙΙ
2108 3517 2147 3551 31
2173 3515 2360 3568 perhiberet
2380 3516 2412 3548 V
2428 3517 2441 3559 n

1381 3566 1423 3599 32
1447 3566 1647 3600 horthodoxi
1667 3566 1700 3599 V
1716 3565 1868 3599 orwdoxi
1889 3565 1924 3598 R
1938 3566 1982 3606 (ει
2000 3565 2049 3598 eie
2069 3561 2211 3605 saeptus)
2232 3559 2246 3604 Ι
2275 3562 2317 3594 34
2340 3562 2440 3602 inter]

1379 3610 1415 3643 in
1436 3610 1497 3655 Vl!
1520 3613 1563 3646 35
1580 3614 1613 3645 et
1627 3611 1777 3653 uterque]
1803 3613 1836 3643 et
1858 3622 1916 3643 om.
1931 3607 1991 3652 ΕΙ
2012 3607 2067 3647 nit]
2089 3605 2136 3638 ιίο
2156 3604 2190 3638 R
2214 3603 2227 3649 Ι
2249 3606 2407 3657 auctor-R
2427 3606 2448 3650 p

1380 3657 1423 3690 36
1443 3666 1536 3698 posse
1551 3658 1649 3701 only]
1674 3658 1782 3700 ponet
1798 3655 1876 3688 libra·
1893 3654 1907 3698 Ι]
1930 3652 2002 3686 dari
2018 3651 2136 3684 addidi
2155 3649 2341 3701 (perhibere
2361 3651 2443 3684 addi

1379 3700 1479 3745 vulq.)
1501 3703 1514 3745 Ι]
1543 3703 1584 3735 37
1610 3703 1643 3735 81
1665 3698 1875 3741 litigantibus
1897 3709 1955 3731 om.
1978 3693 2067 3739 VT!
2094 3694 2303 3737 perhibente·
2324 3695 2357 3729 V
