2586 3990
135 156 442 189 COGNOSCI'I'UR
470 157 710 189 SECUNDUM
739 158 869 191 ILLAS

134 255 184 289 οἷς
203 254 224 299 ἦ
243 255 406 300 ἔκκλητος
422 256 623 299 ἐξητάζετο,
640 254 931 301 ἀμφιβάλλοντες
946 257 1034 302 πρὸς
1048 257 1117 301 τὴν
1131 255 1212 302 ἡμε-

133 304 242 346 τέραν
267 301 448 348 ἀνήγαγον
472 298 692 347 ἡμερότητα,
725 303 882 348 πότερον
912 301 982 350 ἄρα
1012 302 1105 337 κατὰ
1133 302 1214 337 τοὺς

132 348 355 391 κρατοῦντας
376 345 516 391 νόμους,
549 343 657 389 ἡνίκα
680 346 868 392 προῆλθεν
891 346 913 391 ἡ
932 345 1121 392 αὐτοτελὴς
1143 348 1212 393 ψῆ-

133 403 215 437 φος,
247 390 270 435 ἢ
300 391 392 426 κατὰ
421 391 490 435 τὴν
514 388 672 436 δύναμιν
702 395 768 426 τοῦ
791 392 906 437 νόμου
937 395 1003 427 τοῦ
1029 394 1121 438 μετὰ
1144 391 1212 435 τὴν

134 434 309 480 αὐτοτελῆ
338 439 463 483 ψῆφον
494 434 586 482 παρ’
613 434 718 481 ἡμῶν
742 437 983 482 φοιτήσαντος
1005 438 1073 482 τὴν
1097 434 1212 481 αὐτὴν

133 478 315 517 ’ὑπόθεσιν
340 480 481 528 ὤφελον
504 480 680 523 ἐξετάσαι.
728 481 826 527 ἡμεῖς
847 487 972 518 τοίνυν
1001 481 1141 517 δίκαιον
1163 482 1210 516 εἴ·

132 540 194 561 ναι
217 524 425 571 συνείδομεν
454 528 547 561 κατὰ
577 527 660 562 τούς
683 527 813 565 νόμους
842 528 925 563 τοὺς
956 530 997 563 ἐν
1019 529 1072 571 τῷ
1097 528 1211 572 καιρῷ

131 574 194 615 τῆς
224 569 413 616 δεδομένης
446 570 571 619 ψήφου
600 574 821 618 κρατοῦντας
851 573 917 617 τὴν
948 572 1213 619 προλεχθεῖσαν

131 618 192 659 τῆς
220 615 396 660 ’ἐκκλήτου
433 620 554 652 αἰτίαν
589 618 834 662 ἐξετασθῆναι
868 621 928 652 καὶ
961 618 1049 652 κατ’
1086 617 1213 652 αὐτοὺς

1196 143 1281 191 535

1890 145 1998 190 Nov.
2031 142 2144 189 CXV
2173 159 2234 201 pr.
2267 146 2302 187 1.
2335 143 2359 185 2

1280 256 1399 300 igitur,
1433 257 1529 302 apud
1553 268 1641 303 quos
1666 257 1857 303 appellatio
1882 257 2130 299 ventilabatur,
2156 257 2360 293 dubitantes

1281 303 1327 337 ad
1343 306 1501 338 nostram
1519 303 1740 338 clementiam
1757 303 1966 345 retulerunt,
1992 313 2038 338 an
2055 303 2249 338 secundum
2265 302 2360 346 leges

1281 357 1371 390 quae
1388 348 1606 390 obtinebant,
1629 348 1769 392 quando
1786 349 1962 393 processit
1978 348 2157 383 definitiva
2174 347 2360 388 sententia,

1279 402 1325 426 an
1358 393 1552 428 secundum
1587 397 1746 429 tenorem
1783 394 1869 437 legis
1909 403 1999 437 quae
2029 396 2114 438 post
2145 392 2361 429 definitivam

1247 439 1266 470 5
1281 439 1493 473 sententiam
1523 448 1545 472 a
1574 438 1676 474 nobis
1700 439 1925 484 promulgata
1956 442 2010 474 est
2034 437 2181 473 eandem
2215 448 2360 473 causam

1280 483 1483 518 examinare
1514 484 1694 519 deberent.
1744 484 1818 519 Nos
1850 484 1971 528 itaque
2001 483 2135 518 iustum
2169 493 2247 518 esse
2278 493 2359 528 per-

1281 528 1461 572 speximus
1493 530 1687 564 secundum
1717 529 1813 573 leges
1844 539 1935 573 quae
1965 528 2175 564 obtinebant
2200 532 2361 573 tempore

1281 573 1387 608 datae
1422 575 1619 609 sententiae
1663 574 1881 619 praedictam
1924 573 2174 619 appellationis
2216 583 2361 608 causam

1280 618 1475 653 examinari
1512 623 1548 653 et
1582 620 1770 654 terminum
1807 619 2004 654 secundum
2038 619 2137 663 ipsas
2172 619 2358 663 accipere;

130 665 239 716 πέρας
268 661 412 717 λαβεῖν·
450 661 660 708 συνείδομεν
684 661 724 698 δὲ
745 667 805 697 καὶ
828 664 876 697 εἰς
897 663 945 698 τὰ
967 662 1060 708 μετὰ
1083 664 1212 704 ταῦτα,
1227 665 1268 697 10
1280 664 1517 707 praevidimus
1542 666 1661 699 autem
1692 665 1919 716 etposthac,
1951 665 2163 716 quandoque
2186 663 2359 713 dubitatio

129 711 236 761 ῆνίκα
265 720 416 751 τοιαυτη
447 720 501 743 τις
532 708 789 756 άμφιςβήτησις
821 707 983 756 ἄναφυῇ,
1019 707 1113 743 κατὰ
1144 707 1214 751 τὴν

130 756 263 795 ομοίαν
286 753 393 794 τάξιν
417 754 555 798 ταύτην
578 754 833 799 περαιοῦσθαι.

1229 730 1234 734 ,
1280 708 1363 744 talis
1387 710 1587 753 emerserit,
1612 719 1690 745 eam
1714 709 1820 744 simili
1843 709 1967 745 ordine
1984 709 2179 744 terminari.

1129 865 1289 901 CAPUT
1312 866 1341 903 Ι.

198 947 270 978 Καὶ
301 942 362 978 διὰ
393 946 501 979 τοῦτο
531 945 768 990 θεσπίζομεν,
808 945 843 979 εἴ
870 957 959 979 ποτε
994 948 1079 989 περί
1112 955 1209 978 τινος

130 986 342 1024 ὑποθέσεως
373 989 549 1035 προέλθοι
583 992 701 1036 ψῆφος
730 988 922 1033 αὐτοτελὴς
955 993 1016 1024 καὶ
1046 988 1209 1031 ἔκκλητος

1336 945 1492 990 Ideoque
1513 946 1705 988 sancimus,
1730 946 1761 981 si
1781 946 1922 991 quando
1944 946 1988 981 de
2008 946 2126 991 aliqua
2147 956 2256 982 causa
2275 957 2358 991 pro·

1277 991 1424 1025 cesserit
1447 991 1626 1026 definitiva
1649 994 1826 1027 sententia
1856 996 1892 1027 et
1911 994 2116 1036 provocatio
2143 992 2252 1027 fuerit
2274 994 2359 1027 sub-

130 1032 450 1078 έπακολουθήσειε,
474 1035 556 1069 τοὺς
574 1036 641 1091 τὴν
661 1035 834 1079 ἔκκλητον
857 1033 1091 1077 ἐξετάζοντας
1114 1035 1207 1068 κατὰ
1224 1038 1263 1069 15
1278 1040 1416 1078 secuta,
1453 1037 1703 1080 appellationis
1737 1037 1996 1072 examinatores
2032 1037 2228 1072 secundum
2264 1037 2359 1081 leges

129 1080 211 1113 zois
226 1080 373 1124 νόμους,
398 1081 526 1114 οἵτινες
550 1094 640 1114 κατα
669 1081 737 1114 τὸν
761 1080 889 1127 καιρὸν
913 1082 975 1124 τῆς
999 1077 1209 1114 αὐτοτελοῦς

129 1127 251 1171 ψήφου
268 1123 454 1172 ἐκράτουν,
478 1128 586 1171 πέρας
605 1123 751 1160 διδόναι
774 1128 827 1168 τῷ
846 1124 1042 1173 πράγματι.
1078 1124 1207 1158 τούτου

130 1168 240 1204 αὐτοῦ
274 1169 442 1214 δηλονότι
473 1170 844 1217 παραφυλαττομένου
875 1175 935 1204 καὶ
966 1173 1007 1204 ἐν
1035 1171 1087 1213 τῷ
1122 1166 1207 1204 ἄνα-

128 1215 373 1261 ψηλαφᾶσθαι
395 1216 460 1270 τὰς
482 1217 559 1250 τῶν
583 1214 835 1256 ἐνδοξοτάτων
859 1217 1042 1271 ἐπάρλςων,
1057 1214 1209 1270 ψήφους,

1278 1091 1369 1125 quae
1392 1083 1552 1125 tempore
1583 1082 1784 1117 definitivae
1817 1082 2014 1117 sententiae
2046 1083 2257 1118 obtinebant
2287 1086 2358 1117 ter-

1278 1127 1411 1160 minum
1430 1126 1515 1160 dare
1531 1128 1684 1170 negotio.
1720 1128 1800 1162 Hoc
1816 1128 1939 1163 eodem
1956 1127 2120 1163 videlicet
2137 1129 2358 1164 observando

1278 1175 1314 1205 et
1344 1172 1381 1205 in
1404 1173 1641 1207 retractandis
1674 1173 1914 1217 amplissimae
1942 1173 2224 1218 (praefecturae)
2255 1183 2358 1218 prae-

1278 1216 1440 1251 torianae
1461 1217 1554 1251 sedis
1574 1219 1760 1252 sententiis
1782 1221 1817 1252 et
1832 1217 1869 1252 in
1886 1219 2171 1262 suggestionibus
2190 1218 2357 1259 iudicum,

128 1265 187 1294 καὶ
212 1263 272 1297 ἐπὶ
295 1264 373 1295 ταῖς
395 1265 592 1306 αναφοραῖς
620 1262 698 1295 τῶν
722 1259 917 1302 δικαστῶν,
942 1275 1005 1295 ovs
1021 1274 1209 1306 αμφοτερα
1223 1263 1265 1295 20
1279 1262 1422 1306 quando
1446 1268 1620 1306 utraeque
1643 1267 1765 1307 partes
1799 1264 1962 1298 omnibus
1986 1264 2259 1308 allegationibus
2283 1264 2359 1299 suis

127 1307 173 1340 τὰ
191 1310 279 1352 μέρη
300 1305 432 1341 πάσαις
455 1310 532 1340 ταῖς
553 1305 658 1340 ἰδίαις
681 1303 930 1347 ἀποτάξονται
956 1304 1209 1351 δικαιολογίαις

127 1355 187 1385 καὶ
208 1352 243 1386 οἱ
265 1350 431 1385 δικασταὶ
455 1348 506 1385 δι’
529 1352 673 1386 οἰκείων
697 1348 895 1398 ἀναφοραῖν
919 1352 1148 1397 ἐρωτήσουσι,
1171 1355 1211 1385 τί

129 1397 199 1441 ἄρα
220 1395 349 1443 ὤφειλε
373 1394 666 1440 διατυπωθῆναι.
715 1399 755 1431 ἐν
773 1398 865 1431 πᾶσι
886 1398 955 1444 γὰρ
978 1399 1051 1431 τοῖς
1073 1398 1207 1442 εἰρημέ-

127 1454 201 1476 νοις
226 1443 385 1487 θέμασιν
408 1444 559 1476 ἐκείνους
581 1442 665 1476 τοὺς
680 1440 811 1485 νόμους
834 1442 934 1490 παρὰ
959 1444 1036 1476 τῶν
1054 1439 1208 1488 διαγνω-

1277 1307 1560 1342 renuntiaverint
1589 1311 1625 1342 et
1655 1308 1789 1343 iudices
1820 1319 1887 1353 per
1919 1319 2003 1344 suas
2035 1310 2243 1352 relationes,
2274 1309 2359 1354 quid

1278 1352 1421 1396 disponi
1454 1352 1598 1394 debeat,
1636 1353 1941 1398 interrogaverint.
1989 1354 2033 1389 In
2067 1355 2230 1390 omnibus
2266 1355 2359 1389 enim

1276 1398 1470 1442 praedictis
1501 1398 1643 1433 casibus
1674 1399 1754 1433 illas
1784 1399 1878 1443 leges
1908 1410 1930 1434 a
1954 1399 2196 1443 cognitoribus
2225 1401 2359 1435 servari

1277 1443 1499 1478 decernimus
1531 1453 1622 1487 quae
1644 1447 1804 1488 tempore
1828 1446 2027 1480 sententiae
2058 1449 2123 1480 aut
2146 1450 2243 1480 certe
2265 1446 2358 1480 rela-

126 1485 262 1541 μόνωνυ
279 1486 530 1533 φυλάττεσθαι
551 1488 786 1542 θεσπίζομξν,
810 1489 913 1541 οἵπερ
933 1487 1025 1521 κατὰ
1040 1487 1108 1521 τὸν
1128 1486 1208 1541 χρρ-
1223 1490 1263 1522 25
1276 1488 1385 1523 tionis
1421 1489 1649 1531 obtinebant,
1686 1490 1827 1524 tametsi
1862 1490 2051 1534 contigerit
2085 1493 2212 1535 postea
2246 1491 2359 1535 legem

127 1546 193 1566 νον
218 1544 279 1576 της
294 1531 417 1578 ψήφου
435 1531 458 1575 ἢ
479 1530 614 1576 δηλαδὴ
638 1535 701 1576 τῆς
724 1544 909 1579 αναφορας
933 1533 1115 1578 ἐκράτουν,
1139 1545 1210 1565 καν

127 1579 157 1611 εἰ
181 1582 338 1623 συμβαίη
367 1577 458 1621 μετὰ
490 1579 607 1612 ταῦτα
637 1578 753 1620 νόμον
774 1580 944 1624 φοιτῆσαι
966 1581 1049 1613 νέον
1073 1592 1109 1612 τι
1133 1575 1208 1611 δια-

126 1624 312 1657 τυποῦντα
335 1626 395 1656 καὶ
413 1623 481 1665 τὴν
500 1624 629 1657 ἑαυτοῦ
655 1621 812 1668 δύναμιν
835 1627 895 1657 καὶ
919 1624 966 1657 εἰς
988 1623 1035 1657 τὰ
1057 1622 1209 1668 παρελη-

125 1667 269 1702 λυθότα
292 1665 491 1714 πράγματα
513 1665 753 1714 ἀναφέροντα.

1277 1534 1495 1578 promulgari
1537 1535 1621 1569 novi
1664 1535 1798 1579 aliquid
1838 1535 2084 1580 disponentem
2123 1540 2158 1570 et
2199 1539 2358 1571 tenorem

1278 1590 1382 1614 suum
1406 1579 1452 1614 ad
1475 1580 1669 1624 praeterita
1693 1590 1834 1625 quoque
1858 1581 2000 1625 negotia
2021 1580 2244 1617 referentem.

1126 1782 1285 1818 CAPUT
1309 1782 1355 1817 11.

188 1856 293 1893 Ἀλλὰ
324 1862 384 1892 καὶ
412 1860 520 1894 τοῦτο
551 1861 604 1903 τῷ
630 1860 788 1907 παρόντι
817 1860 1059 1907 προςτίθεμεν
1089 1861 1203 1905 νόμῳ.
1219 1863 1261 1895 30

124 1903 248 1948 ἐπειδὴ
301 1904 346 1949 ὰρ
375 1905 509 1948 μεταξὺ
540 1907 617 1939 τῶν
641 1904 889 1950 δικαζομένων
920 1903 1008 1939 ἔσθ’
1032 1902 1096 1940 ὅτε
1119 1918 1206 1950 συμ-

123 1954 241 1995 βαίνει
296 1949 425 1992 άτερον
447 1952 515 1994 μὲν
538 1952 615 1985 τῶν
638 1953 760 1996 μερῶν
793 1954 870 1986 ταῖς
894 1949 1000 1985 ἰδίαις
1023 1948 1204 1992 ἀποτάξα-

124 1996 218 2029 σθαι
242 1992 504 2042 δικαιολογίαις,
527 1997 569 2030 τό
593 1994 633 2029 δὲ
648 1996 735 2031 ἄλλο
757 1999 939 2043 γινῶσκον
962 1996 1067 2030 ἑαυτὸ
1093 1997 1206 2030 κακὸν

190 2099 216 2119 c.
239 2087 262 2119 Ι
283 2093 369 2118 extat
392 2086 428 2118 B
452 2088 484 2126 9,
501 2094 529 2127 2,
547 2095 573 2120 τ.

1342 1860 1413 1895 Sed
1436 1863 1470 1895 et
1494 1860 1583 1896 haec
1607 1862 1787 1906 praesenti
1812 1862 1974 1898 addimus
1998 1862 2191 1904 sanctioni,
2217 1866 2258 1898 ut
2273 1863 2358 1908 quia

1274 1906 1367 1941 inter
1401 1906 1598 1950 litigatores
1635 1907 1825 1952 aliquando
1862 1908 2036 1952 contingit
2076 1918 2182 1943 unam
2217 1909 2357 1953 quidem

1273 1955 1412 1996 partem
1449 1952 1522 1986 suis
1557 1953 1830 1996 allegationibus
1866 1954 2090 1995 renuntiare,
2133 1954 2239 1988 aliam
2274 1964 2357 1989 vero

1275 1997 1447 2032 scientem
1477 2007 1516 2032 se
1539 1998 1653 2033 malas
1681 2008 1811 2034 causas
1835 1999 1968 2034 habere
1999 2001 2083 2044 post
2107 1999 2358 2043 cognitionalis

193 2143 220 2164 c.
241 2131 285 2164 ΙΙ
305 2126 465 2173 (Ἐπειδὴ
490 2128 529 2164 δὲ
551 2129 685 2174 μεταξὺ
700 2158 796 2165 .....
799 2134 811 2173 )
836 2139 923 2166 extat
940 2132 974 2165 Β
988 2135 1019 2173 7,
1032 2140 1060 2174 4,
1074 2140 1101 2166 4.
1117 2151 1162 2156 -
1186 2132 1402 2166 summarium
1422 2134 1558 2167 babetur
1576 2130 1670 2167 Ῥοπ.
1691 2136 1744 2176 15,
1761 2142 1776 2168 ’1
1793 2135 1865 2176 (ubi
1879 2136 1997 2169 citatur
2014 2133 2126 2180 νεαρὰ
2142 2133 2210 2179 ρι’),
2236 2148 2357 2169 summa

126 2177 200 2209 Ath.
226 2178 378 2219 repetitur
401 2178 435 2208 in
454 2179 624 2219 paratitlis
647 2179 724 2210 Ath.
740 2180 760 2211 5
784 2183 859 2216 §13.

126 2277 244 2317 batur,
280 2286 358 2310 cum
390 2275 611 2321 ambiqerent
639 2274 689 2309 ad
718 2274 939 2310 clementiam
970 2280 1131 2311 nostram
1163 2276 1399 2318 rettulerunt,
1435 2279 1555 2311 utrum
1585 2276 1781 2311 secundum
1812 2278 1845 2312 le
1872 2288 1909 2312 es
1940 2288 2033 2323 quae
2056 2278 2254 2315 valuissent
2282 2291 2354 2326 quo

128 2327 287 2367 tempore
319 2320 503 2365 definitiva
532 2321 710 2355 sententia
738 2321 933 2364 processit,
966 2331 1014 2355 an
1036 2321 1232 2355 secundum
1263 2321 1332 2356 vim
1365 2320 1455 2366 leqis
1486 2332 1509 2355 a
1540 2321 1645 2356 nobis
1674 2326 1759 2367 post
1783 2288 2002 2366 deliiaeidvam
2032 2325 2246 2359 sententiam
2267 2336 2352 2371 pro-

126 2369 309 2411 mutqatae
339 2365 488 2400 eandem
521 2375 667 2399 cansam
699 2365 912 2399 examinare
944 2364 1137 2400 deberent?
1184 2364 1298 2400 Nobis
1328 2365 1443 2411 iqitur
1470 2376 1544 2410 par
1574 2377 1650 2400 esse
1680 2367 1793 2400 visum
1826 2372 1880 2402 est
1908 2368 2103 2403 secundam
2132 2369 2230 2414 leqes
2261 2382 2355 2415 quae

127 2417 288 2457 tempore
320 2410 415 2445 latae
445 2410 642 2445 sententiae
666 2410 833 2444 valebant
854 2410 1080 2455 praedictam
1104 2410 1364 2456 appellationis
1394 2421 1540 2445 causam
1564 2411 1774 2445 examinari
1802 2416 1910 2457 atque
1932 2412 2126 2447 secundum
2150 2425 2213 2448 eas
2238 2417 2355 2450 termi-

125 2467 210 2491 num
233 2455 397 2501 accipere
405 2467 419 2496 ;
450 2455 592 2501 placuit
614 2459 733 2489 autem
763 2458 805 2489 ut
826 2455 934 2490 etiam
958 2456 997 2489 in
1013 2459 1226 2501 posterum,

126 2502 269 2536 modum
295 2500 509 2535 terminetur.

1257 2455 1289 2489 si
1312 2455 1459 2501 quando
1484 2455 1660 2490 eiusmodi
1689 2455 1865 2491 dubitatio
1890 2457 2044 2500 oriatur,
2077 2469 2120 2492 ea
2143 2458 2293 2494 similem
2317 2461 2355 2495 in

260 2546 287 2581 1.
335 2547 388 2580 Ac
405 2549 606 2591 propterea
629 2544 822 2586 sancimus,
851 2544 885 2578 si
909 2544 1055 2590 quando
1080 2544 1124 2579 de
1148 2555 1259 2579 causa
1287 2544 1412 2589 aliqua
1435 2543 1619 2588 definitiva
1648 2546 1825 2580 sententia
1842 2547 2067 2592 processerit
2096 2551 2132 2583 et
2154 2548 2354 2595 appellatio

125 2592 314 2627 subsecuta
337 2591 400 2632 sit,
435 2594 475 2625 ut
497 2589 631 2624 iudices
662 2589 920 2635 appellationis
948 2589 1143 2624 secundum
1172 2600 1235 2624 eas
1266 2589 1374 2635 leyes,
1407 2600 1501 2635 quae
1533 2595 1692 2635 tempore
1721 2589 1926 2635 definitivae
1955 2593 2152 2627 sententiae
2175 2593 2353 2636 valebant,

126 2638 180 2672 rei
200 2637 308 2682 finem
331 2636 528 2682 imponant.
576 2633 693 2686 quue
708 2637 825 2686 ipsum
849 2634 1015 2670 videlicet
1037 2634 1244 2669 observetur
1266 2635 1373 2669 etiam
1393 2634 1431 2668 in
1447 2635 1690 2669 retractandis
1712 2636 2057 2680 qloriosissimorum
2073 2638 2353 2684 praefectorum

125 2681 311 2716 sententiis
333 2686 369 2716 et
390 2683 428 2715 in
452 2680 688 2715 relationibus
711 2680 886 2721 iudicum,
918 2679 1064 2730 quando
1088 2684 1243 2725 utraque
1261 2690 1356 2724 pars
1379 2679 1542 2714 omnibus
1564 2679 1843 2725 alleqationibus
1872 2681 1949 2715 suis
1977 2683 2240 2718 renuntiaverit
2262 2684 2353 2719 iudi-

126 2738 255 2772 cesque
276 2736 344 2772 per
366 2726 562 2760 relationes
590 2735 677 2760 suas
706 2724 795 2770 quid
815 2730 925 2759 statut
951 2729 1118 2770 oporteat
1143 2725 1373 2770 interroqent.
1422 2723 1468 2758 In
1491 2724 1653 2759 omnibus
1676 2726 1769 2760 enim
1800 2736 1893 2771 quos
1915 2726 2076 2762 diximus
2105 2728 2248 2763 casibus
2270 2729 2354 2764 illas

126 2772 223 2818 leqes
253 2782 275 2806 a
307 2770 555 2817 coqnitoribus
583 2770 758 2805 custodiri
787 2770 986 2812 sancimus,
1017 2781 1111 2815 quae
1141 2774 1300 2814 tempore
1330 2769 1527 2804 sententiae
1558 2774 1623 2804 aut
1653 2774 1749 2805 certe
1781 2770 1971 2806 relationis
1993 2771 2179 2815 valebant,
2214 2775 2354 2809 tametsi

119 2822 251 2863 postea
277 2816 388 2861 leqem
409 2815 507 2861 ferri
530 2816 717 2860 continqat
740 2825 834 2860 quae
856 2815 944 2849 novi
965 2814 1054 2860 quid
1074 2818 1213 2849 statuat
1235 2817 1271 2848 et
1293 2814 1363 2849 vim
1385 2824 1488 2848 suam
1512 2814 1562 2848 ad
1580 2815 1802 2860 praeteritas
1832 2827 1977 2867 quoque
2000 2827 2131 2852 causas
2153 2818 2306 2863 referat.

259 2861 305 2897 ΙΙ.
353 2860 428 2896 Sed
450 2859 519 2895 ltoc
542 2871 685 2906 quoque
706 2860 892 2905 praesenti
915 2860 988 2905 leqi
1010 2858 1193 2894 adicimus.
1242 2857 1418 2900 Quoniam
1441 2859 1533 2893 enim
1563 2860 1658 2894 inter
1688 2860 1873 2905 litiqantes
1901 2861 2080 2896 interdum
2104 2864 2284 2909 continqit
2313 2869 2354 2899 ut

125 2906 242 2942 altera
259 2917 351 2953 pars
366 2905 645 2951 alleqationibus
663 2905 740 2939 suis
757 2904 947 2947 renuntiet,
972 2904 1090 2940 altera
1108 2908 1226 2939 autem
1246 2914 1325 2938 cum
1345 2903 1532 2949 intelleqat
1549 2914 1588 2939 se
1608 2904 1739 2939 malam
1760 2904 1892 2941 babere
1910 2916 2057 2941 causam
2072 2912 2164 2953 post
2178 2909 2351 2954 coqnitio-

194 3008 209 3039 1
237 3003 441 3046 ἑξητάζοιτο
462 3005 533 3046 Mu
558 3002 659 3048 πρὸς]
684 3004 731 3037 εἰς
752 3005 783 3038 A
799 3005 811 3047 ΙΙ
837 3006 857 3038 2
881 3002 1016 3049 ἤγαγον
1032 3005 1062 3037 A
1079 3003 1091 3047 u
1117 3003 1205 3048 πρό-

126 3063 232 3096 τερον
255 3053 286 3083 Α
316 3049 328 3093 ΙΙ
356 3051 376 3082 6
400 3047 532 3095 ὄφελον
557 3051 586 3082 L
615 3050 627 3091 ΙΙ
655 3049 695 3093 β’
717 3052 748 3082 Α
773 3063 876 3093 marq.
900 3050 911 3093 ΙΙ
942 3048 1034 3082 εἶναι
1059 3062 1116 3081 om.
1141 3050 1173 3082 A
1195 3048 1207 3093 Η

129 3099 146 3129 7
181 3094 273 3128 κατὰ
296 3093 388 3135 τοὺς]
413 3094 495 3127 τοὺς
514 3108 571 3127 om.
593 3097 624 3127 A
653 3096 665 3137 ΙΙ
692 3094 744 3136 τῷ
772 3107 828 3127 om.
854 3095 905 3127 La
935 3096 945 3134 ΙΙ
974 3095 993 3127 8
1019 3091 1207 3137 δεδομένης

128 3142 212 3181 MA]
237 3136 423 3183 διδομένης
446 3140 476 3172 L
501 3139 513 3181 ΙΙ
540 3141 579 3172 13
604 3138 640 3184 γ’
657 3140 687 3172 Α
712 3153 813 3183 mary.
837 3139 849 3182 ΙΙ
874 3141 946 3171 Καὶ
969 3158 1007 3162 ——
1033 3138 1206 3180 θεσπίζο-

127 3198 205 3229 μεν,
229 3184 265 3217 εἴ
284 3186 384 3225 ποτε]
419 3185 641 3227 Θεσπίζομεν
671 3183 763 3217 κατὰ
792 3183 874 3217 τοὺς
905 3183 1035 3226 νόμους
1061 3181 1144 3216 τοὺς
1167 3185 1207 3217 ἐν

127 3231 182 3273 τῷ
206 3229 318 3272 καιρῷ
351 3229 413 3270 τῆς
437 3226 625 3272 δεδομένης
656 3226 778 3274 ψήφου
803 3229 1023 3276 κρατοῦντας
1053 3228 1121 3271 τὴν
1143 3229 1207 3271 τῆς

128 3271 297 3316 ἐκκλήτου
330 3274 452 3307 αἰτίαν
475 3273 719 3316 ἐξετασθῆναι
750 3276 809 3306 καὶ
838 3270 920 3306 κατ’
949 3269 1075 3306 αὐτοὺς
1098 3276 1206 3320 πέρας

128 3319 253 3364 λαβεῖν
285 3321 340 3362 (cf
368 3321 517 3360 7—10)‚
553 3322 612 3351 καὶ
644 3318 764 3352 εἴποτε
795 3320 844 3351 13⁶
889 3319 1123 3362 Θεσπίζομεν,
1159 3317 1205 3352 εἴ·

128 3377 217 3399 ποτε
238 3365 288 3397 ΒΓ
310 3368 322 3404 ΙΙ
349 3366 387 3398 15
414 3360 734 3397 *ἐπακολουθ’σοι
760 3365 836 3396 libri
857 3365 868 3405 Η
899 3366 938 3397 16
962 3362 1045 3397 τοὺς
1069 3377 1126 3396 om.
1142 3365 1168 3397 A
1194 3364 1206 3408 ΙΙ

129 3412 171 3444 22
196 3408 406 3453 ἐρωτήσωσι
430 3409 514 3441 ΑΒΓ
540 3410 552 3452 ΙΙ
584 3411 626 3443 23
675 3408 923 3442 ιατύποῦσθαι
947 3410 997 3441 La
1032 3408 1206 3451 τυπωθῆ-

127 3468 189 3488 ναι
213 3459 244 3488 A
267 3454 279 3499 ΙΙ
306 3455 345 3487 ἐν
369 3450 485 3488 ἅπασι
509 3456 554 3495 (in
579 3467 639 3494 mo.
660 3451 716 3496 δ’)
740 3456 771 3486 A
797 3454 808 3497 ΙΙ
830 3451 899 3500 γὰρ
923 3467 981 3487 οηι.
1003 3454 1054 3487 13⁶
1077 3453 1089 3498 ΙΙ
1115 3454 1205 3498 εἰρη-

128 3502 258 3543 μένοις]
293 3497 474 3543 ἡμετέροις
498 3501 528 3532 Α
555 3498 567 3543 ΙΙ
587 3500 637 3533 26
661 3496 684 3541 ἢ
718 3512 776 3532 om.
801 3500 832 3532 A
860 3499 872 3542 ΙΙ
904 3500 946 3532 28
969 3501 1029 3531 καὶ
1052 3498 1110 3540 εἰς]
1146 3501 1206 3532 καὶ

130 3558 188 3577 οηι.
204 3546 235 3578 A
259 3545 272 3588 ss
299 3548 342 3578 30
366 3543 390 3576 ε’
410 3546 439 3577 A
465 3557 566 3588 mary.
594 3547 605 3582 ΙΙ
631 3544 753 3586 τοῦτο]
783 3544 864 3576 haec
889 3556 907 3580 ς
935 3544 947 3587 ss
976 3545 1018 3616 3r2
1041 3545 1108 3587 μὲν
1129 3545 1206 3578 τῶν

207 3590 222 3597 -
341 3591 354 3609 ὓ
446 3589 462 3596 ..
594 3590 610 3596 -
765 3589 774 3600 ,
866 3591 873 3600 ,
1066 3590 1074 3600 ,
1167 3590 1183 3597 ,,

125 3590 375 3678 4’ἑῖἶίῗῖξῖμῖἑίῗ,ᾗ
398 3601 485 3678 Ξωιιν
498 3602 638 3669 33⁶⁰ss
660 3590 710 3667 ²1²ss2
729 3589 1106 3680 ’ἓεῆοἴεργῗὶαῗγκοῖῖἶι
1127 3602 1206 3679 Ἆωῖι

132 3678 234 3712 ἑαυτὸ
261 3681 316 3721 Μ]
340 3679 456 3722 ἑαυτῷ
483 3681 552 3713 LB
587 3678 719 3713 ἑαυτὸν
743 3680 773 3712 Α
801 3680 814 3723 ΙΙ
841 3679 954 3713 κακὸν
977 3698 1020 3703 -
1044 3679 1205 3725 πρᾶγμα]

131 3723 233 3757 malas
255 3735 367 3758 causas
391 3736 410 3761 ς

1319 3005 1334 3036 1
1363 3002 1554 3045 appellatio]
1580 3015 1678 3037 causa
1704 3006 1737 3038 T
1750 3005 1762 3047 ΙΙ
1779 3007 1798 3039 2
1823 3006 1928 3047 legem
1953 3006 2052 3049 R113
2077 3009 2250 3051 optinebat
2273 3010 2352 3054 1221}

1273 3048 1440 3081 sententia
1463 3047 1646 3081 diffinitiua
1672 3051 1702 3082 R
1718 3052 1729 3090 ΙΙ
1750 3053 1769 3084 5
1794 3051 2005 3093 promulgato
2027 3052 2075 3084 R¹
2096 3056 2106 3094 ΙΙ
2124 3054 2144 3086 6
2169 3055 2352 3087 examinari

1273 3094 1321 3126 [εἰ
1340 3093 1352 3137 ΙΙ
1367 3093 1595 3135 prospeximus
1617 3095 1648 3127 V
1660 3094 1672 3138 ΙΙ
1689 3097 1733 3129 -10
1758 3097 1802 3136 et]
1828 3096 1889 3127 etsi
1912 3096 1962 3128 115²
1980 3096 1991 3139 ΙΙ
2007 3100 2081 3139 post
2098 3098 2183 3130 hano
2198 3099 2321 3132 R¹VT
2339 3102 2351 3142 Ι)

1273 3140 1470 3180 quandoque
1495 3139 1576 3179 ΕΤ]
1600 3139 1628 3171 si
1651 3140 1784 3180 quando
1806 3141 1859 3182 Vll
1877 3140 1955 3173 talis
1979 3141 2146 3174 dubitatio
2172 3143 2227 3184 ΤΙΙ
2248 3146 2287 3178 11
2314 3155 2351 3176 ea

1282 3183 1336 3226 Vll
1354 3183 1532 3215 terminare
1559 3184 1592 3216 T
1613 3184 1625 3227 n
1654 3186 1695 3218 13
1719 3184 1759 3217 de
1783 3198 1841 3218 om.
1856 3185 1915 3225 Εἰ,
1940 3186 1976 3217 in
2001 3185 2078 3230 3³11
2112 3189 2153 3220 14
2176 3188 2352 3221 subsecuta

1272 3228 1374 3261 fuerit
1397 3228 1430 3260 R
1466 3227 1569 3260 fuerit
1592 3229 1747 3262 obsecuta
1771 3230 1804 3262 T
1812 3230 1823 3249 ¹
1849 3229 1861 3273 ΙΙ
1887 3232 1927 3264 15
1952 3231 2186 3265 examinatoris
2210 3233 2260 3266 Β*
2278 3233 2291 3277 ΙΙ
2310 3236 2350 3267 16

1272 3273 1474 3305 diffinitiuae
1497 3276 1643 3316 tempore
1671 3274 1702 3307 Τ
1724 3274 1736 3316 ΙΙ
1769 3276 1809 3308 18
1834 3275 2088 3318 *praefecturae
2108 3278 2231 3310 inserui
2253 3278 2351 3319 (sedis

1273 3326 1346 3352 ante
1370 3317 1544 3350 sententiis
1567 3320 1672 3361 suppl.
1698 3319 1804 3361 Beck)
1827 3319 1839 3362 ΙΙ
1865 3322 1905 3354 19
1930 3321 2092 3353 sententie
2117 3322 2168 3354 T¹
2187 3323 2198 3363 ΙΙ
2214 3333 2349 3364 sugges-

1271 3363 1421 3396 sionibus
1445 3363 1492 3395 R*
1510 3365 1521 3404 ΙΙ
1541 3364 1583 3397 20
1608 3368 1749 3405 utraque
1776 3366 1804 3395 V
1819 3370 1830 3405 u
1848 3366 1886 3398 21
1914 3365 2159 3398 renuntiauerit
2182 3367 2215 3399 R
2230 3368 2243 3410 ΙΙ
2262 3369 2350 3409 quod

1273 3409 1306 3441 R
1330 3410 1388 3450 qui
1405 3409 1455 3441 T¹
1475 3407 1486 3451 ΙΙ
1504 3408 1546 3440 22
1571 3408 1710 3441 debeant
1733 3410 1794 3442 VT
1806 3409 1818 3452 ΙΙ
1837 3410 1925 3442 enim
1950 3423 2007 3443 om.
2025 3411 2057 3443 T
2070 3411 2082 3453 ΙΙ
2108 3413 2150 3445 24
2172 3411 2349 3445 relationes

1282 3454 1327 3486 V¹
1347 3454 1359 3496 {l
1378 3455 1419 3486 25
1443 3455 1570 3495 postea]
1595 3457 1669 3496 post
1692 3464 1761 3486 eam
1779 3455 1811 3487 T
1821 3454 1830 3474 ¹
1848 3455 1860 3498 ΙΙ
1879 3457 1920 3489 30
1934 3458 2020 3488 rubr.
2045 3457 2095 3488 De
2118 3457 2170 3488 bis
2194 3458 2253 3498 qui
2274 3462 2350 3499 post

1271 3499 1554 3531 renuntiationem
1585 3498 1848 3531 aduersariorum
1878 3500 1999 3532 habere
2027 3510 2061 3533 se
2085 3501 2202 3534 dicunt
2225 3502 2348 3544 allega-

1272 3544 1379 3576 tiones
1403 3543 1626 3586 (probationes
1643 3545 1689 3586 Τ)
1711 3544 1781 3577 RT
1791 3546 1823 3577 in
1836 3558 1938 3588 marq.
1953 3546 2004 3587 (ετ
2014 3546 2092 3588 Iul.)
2110 3546 2122 3589 ΙΙ
2140 3547 2202 3580 hoo
2226 3550 2311 3591 vulq.
2337 3547 2349 3592 ss

1272 3589 1398 3621 adimus
1422 3588 1470 3622 V¹
1493 3588 1680 3621 addidimus
1706 3589 1739 3622 T
1752 3591 1763 3631 ΙΙ
1779 3591 1818 3621 ut
1837 3591 1927 3631 quia]
1954 3593 1991 3622 ut
2015 3591 2076 3623 del.
2099 3593 2240 3634 (Ιοηῑὶιιε,
2269 3593 2349 3634 quia

1272 3634 1360 3666 enim
1382 3634 1476 3667 Beck
1505 3633 1517 3676 ΙΙ
1546 3635 1584 3667 31
1613 3634 1756 3675 contigit
1776 3634 1810 3668 V
1831 3634 1844 3677 ss
1873 3635 1915 3668 33
1940 3634 2055 3676 malas]
2086 3636 2122 3669 in
2146 3636 2228 3670 alias
2248 3638 2349 3683 RVH

1272 3678 1526 3722 cognitionalias
1547 3679 1599 3712 V‘²
