2586 3990
254 131 361 173 N0V.
382 127 495 171 CXV
525 130 563 169 4.
594 129 620 168 5

251 240 328 272 τῶν
351 234 562 280 ἐπιτρόπων
584 236 645 267 καὶ
667 233 746 266 τῶν
768 230 891 266 ἄλλων
914 229 1134 277 κεφαλαίων,
1156 226 1328 274 καθάπερ

251 282 423 324 ἀνωτέρω
448 279 601 323 εἴρηται.
624 277 693 318 τὴν
708 273 807 311 ἰδίαν
829 275 992 319 ἐχόντων
1015 273 1128 316 ἰσχύν.
1175 274 1212 308 εἴ
1229 287 1266 308 τι
1289 272 1330 308 δὲ

250 328 272 368 ἡ
291 328 373 369 περὶ
393 322 546 369 ληγάτου
569 320 591 365 ἢ
614 319 909 367 φιδεϊκομμίσσου
937 316 960 362 ἢ
984 318 1204 368 ἐλευθεριῶν
1227 315 1249 360 ἢ
1269 317 1330 352 ἅλ-

250 369 326 404 λων
346 366 460 402 olam&
474 368 574 401 ’ποτε
595 364 803 412 κεφαλαίων
826 367 866 398 ἐν
887 363 1006 398 ἄλλοις
1024 362 1149 407 νόμοις
1163 362 1329 409 ευρεθείη

248 415 363 456 ταύτη
387 413 431 458 τῇ
480 411 620 452 ιατάξει
650 411 830 449 ἐναντίον,
862 410 969 444 τοῦτο
993 411 1138 452 κρατεῖν
1161 403 1246 442 κατ’
1271 405 1329 442 οὐ·

249 448 351 492 «itud
358 455 571 501 βουλόμεθα
593 452 744 498 τρόπον.
784 457 858 487 Καὶ
882 445 991 487 αὗται
1012 454 1080 496 μὲν
1095 454 1159 495 τῆς
1181 451 1328 487 exhere-

248 503 409 537 dationos
432 497 454 543 ἢ
478 500 747 546 praeteritionos
770 497 810 532 αἱ
832 500 957 532 ποιναι·
980 497 1024 531 τό
1047 510 1088 543 γε
1109 497 1157 530 εἰς
1179 497 1245 530 τὰς
1265 498 1330 539 τῆς

248 545 456 590 ἀχαριστίας
495 546 612 579 αἰτίας
647 543 742 578 κατὰ
780 544 859 577 τῶν
893 543 1091 597 εἰρημένων
1125 541 1330 586 προςιὸπων

249 589 550 634 διετνπώθησαν·
586 589 622 623 εἴ
641 599 734 623 τινες
766 585 806 622 δὲ
829 587 867 628 ἐξ
891 588 1017 621 αυτῶν
1047 588 1095 620 εἰς
1126 584 1329 632 ἐγκλήματα

1254 132 1262 143 ·
1313 114 1399 163 546

1830 129 1893 162 111·
1921 129 2013 162 CUM
2041 129 2102 160 DE
2131 126 2474 159 APPRLLATIONR

1395 238 1474 264 rum
1507 226 1712 263 dationibus
1745 235 1811 263 seu
1844 226 1922 262 aliis
1955 227 2138 273 capitulis,
2180 226 2273 261 sicut
2307 235 2350 260 su

1397 272 1533 308 dictum
1556 274 1629 315 est,
1659 280 1762 306 suam
1793 271 2033 308 obtinentibus
2063 271 2278 308 firmitatem.
2326 269 2365 305 81
2412 268 2474 305 uid

1399 322 1517 352 antem
1546 319 1611 351 aut
1639 325 1705 360 pro
1728 314 1852 359 legatis
1882 317 1956 351 sive
1976 316 2257 353 fideicommissis
2281 320 2343 350 aut
2365 314 2392 349 li
2417 325 2472 350 er·

1397 362 1533 396 tatibus
1557 365 1620 395 aut
1643 359 1859 412 quibuslibet
1882 359 1961 395 aliis
1983 361 2148 414 capitulis
2172 362 2209 396 in
2231 360 2311 395 aliis
2335 359 2473 404 legibus

1366 406 1579 441 5inventum
1608 404 1716 439 fuerit
1746 403 1832 439 hmo
1862 404 2107 441 constitutioni
2137 405 2371 446 contrarium,
2391 404 2474 439 ‘hoc

1398 450 1497 485 nullo
1527 449 1632 485 modo
1662 449 1824 484 volumus
1853 447 2026 484 obtinere.
2072 449 2122 485 Et
2150 450 2218 486 hae
2250 449 2389 493 quidem
2412 459 2474 485 ex·

1398 494 1637 530 heredationis
1669 498 1734 529 aut
1762 493 2025 538 praeteritionis
2059 505 2197 539 poenae
2227 500 2399 540 quantum
2428 493 2476 529 ad

1397 539 1659 583 ingratitudinis
1685 548 1813 574 causas
1837 544 1964 573 contra
1982 538 2184 582 praedictas
2206 549 2378 592 personas
2400 543 2474 574 sta·

1398 584 1554 619 tuendae
1576 590 1678 627 sunt3
1713 584 1745 619 si
1774 592 1866 628 quae
1896 586 2014 618 autem
2046 593 2090 618 ex
2119 584 2175 619 his
2203 589 2299 619 mter
2327 584 2476 619 crimina

248 638 511 687 αναφέρονται,
541 634 625 686 τούς
650 634 794 668 τούτων
818 631 1022 683 πράκτορας
1050 635 1110 665 καὶ
1133 630 1198 665 τὰς
1221 629 1331 664 ἄλλας
1345 633 1386 665 10
1399 632 1621 674 reputantur,
1654 639 1775 664 earum
1799 631 1967 664 auctores
1995 627 2102 663 etiam
2123 629 2213 665 alias
2235 639 2371 674 poenas
2394 639 2474 664 seu—

247 684 443 726 υπομένειν
464 690 595 715 ποινας
616 680 681 714 τὰς
703 681 777 713 τοῖς
796 687 918 722 νομοις
941 675 1188 722 διωρισμένας.

1399 674 1493 710 tiant
1513 673 1651 719 legibus
1675 673 1851 709 definitas.

1248 763 1406 801 CAPUT
1429 762 1472 800 V.

323 826 443 859 Ταῦτα
471 823 512 858 δὲ
540 821 826 867 διετυπώσαμεν,
858 823 918 857 ἵνα
944 825 1005 855 καὶ
1027 820 1111 855 τούς
1132 824 1248 867 γονεῖς
1270 823 1331 855 καὶ

248 870 331 906 τοὺς
346 867 478 905 παῖδας
492 865 568 904 ἀπὸ
585 869 647 911 τῆς
662 869 740 902 τῶν
755 866 948 910 διαθηκῶν
972 863 1109 911 ὕβρεως
1133 862 1330 911 ἐλευθερώ-

249 928 381 959 σωμεν.
428 914 459 948 εἰ
483 912 525 948 δέ
543 925 638 948 τινες
668 911 732 956 κλη
756 911 884 956 ονόμοι
913 909 1167 956 ὄνομασθεῖεν,
1199 908 1270 945 κᾶν
1299 911 1331 944 εἰ

249 961 367 1008 ῥητοῖς
382 958 456 1005 πρά
482 970 594 995 μασιν
612 925 756 1004 deneg

249 1005 318 1048 τὴν
348 1005 415 1049 μὲν
447 971 630 1046 δῖαθήκην
662 1002 712 1046 μὴ
744 999 1019 1046 ἀνατρέπεσθαι
1051 999 1330 1046 προς-τάττομεν,

249 1047 341 1094 ὅπερ
364 1047 401 1083 δ’
426 1046 474 1082 ἅν
498 1046 702 1083 ὑπέλαττον
725 1043 846 1081 αὐτοῖς
867 1047 930 1088 τῆς
952 1047 991 1079 ἐκ
1011 1046 1088 1079 τῶν
1103 1043 1232 1089 νόμων
1253 1049 1330 1090 μοι’-

249 1105 313 1140 ρας
335 1093 583 1139 καταλειφθῇ,
615 1092 724 1126 τοῦτο
755 1091 847 1125 κατὰ
877 1091 958 1125 τοὺς
989 1089 1115 1124 ἄλλους
1143 1087 1248 1134 ἡμῶν
1271 1091 1329 1124 νό·

248 1150 333 1182 μους
356 1138 456 1183 παρὰ
479 1139 558 1172 τῶν
572 1136 809 1191 κληρονόμων
833 1132 1149 1190 ἀποπληροῦσθαι.
1163 1180 1171 1190 *
1184 1140 1248 1180 μία
1265 1137 1331 1181 γάρ

1464 819 1565 855 Haec
1589 824 1708 855 autem
1731 819 1987 864 disposuimus,
2010 822 2053 854 ut
2074 822 2111 854 et
2133 804 2300 864 parentes
2322 823 2360 855 et
2380 819 2475 856 filios

1398 875 1422 900 a
1443 868 1738 900 testamentorum
1761 863 1893 899 iniuria
1915 863 2048 899 liberos
2070 862 2271 899 reddamus.
2312 864 2476 899 Ceterum

1399 910 1430 945 si
1454 911 1513 954 qni
1537 909 1684 945 heredes
1709 909 1844 944 fuerint
1863 908 2053 948 nominati,
2076 908 2216 943 etiamsi
2240 909 2345 944 certis
2367 910 2476 944 rebus

756 959 840 1000 ῆναι
860 956 1131 1001 προςταχθεῖεν,
1156 958 1196 990 έν
1211 953 1329 999 τούτῳ
1344 958 1385 990 15
1399 955 1487 990 iussi
1510 954 1644 989 fuerint
1666 964 1745 990 esse
1768 954 1942 995 contenti,
1973 954 2010 988 in
2033 953 2103 988 hoc
2125 957 2376 989 testamentum
2399 954 2475 998 qui—

1399 999 1478 1034 dem
1509 999 1712 1034 nullatenus
1738 999 1834 1034 solvi
1863 998 2123 1043 praecipimus,
2159 997 2327 1043 quicquid
2357 1005 2476 1034 autem

1400 1045 1517 1079 minus
1552 1044 1602 1078 eis
1637 1044 1792 1087 legitima
1825 1043 1988 1088 portione
2021 1042 2185 1078 relictum
2216 1047 2286 1086 est,
2321 1043 2391 1079 hoc
2421 1054 2476 1078 se-

1400 1089 1554 1124 cundum
1585 1089 1674 1123 alias
1699 1093 1841 1124 nostras
1869 1088 1964 1131 leges
1994 1089 2038 1122 ab
2063 1088 2254 1123 heredibus
2278 1088 2476 1133 adimpleri.

1400 1134 1485 1168 Sola
1508 1134 1600 1169 enim
1623 1138 1680 1168 est
1702 1137 1846 1169 nostrae
1869 1133 2071 1168 serenitatis
2102 1133 2253 1168 intentio
2277 1143 2300 1168 a
2322 1134 2477 1178 parenti-

250 1186 328 1218 ἐστι
351 1194 414 1226 της
437 1180 607 1234 ἡμετέρας
628 1181 871 1228 γαληνοτητος
894 1183 1041 1226 φροντὶς
1064 1193 1107 1214 το
1132 1194 1201 1224 την
1225 1176 1331 1225 ὓβριν
1346 1182 1387 1214 20
1401 1179 1467 1213 bus
1491 1182 1527 1213 et
1549 1178 1671 1214 liberis
1694 1178 1861 1214 iniuriam
1882 1177 2143 1223 praeteritionis
2173 1183 2210 1213 et
2233 1179 2477 1214 exheredatio-

249 1229 312 1271 τῆς
335 1227 605 1273 praeterinonoe
627 1229 687 1260 καὶ
711 1225 1001 1261 exheredationoe
1022 1227 1101 1259 τῶν
1115 1228 1254 1270 γονέων
1272 1228 1331 1258 καὶ

249 1274 328 1307 τῶν
350 1270 498 1307 παίδων
521 1269 672 1306 ἀνελεῖν.
720 1274 868 1306 σκοπεῖν
886 1271 956 1317 γὰρ
979 1267 1187 1315 ὀφείλουσιν
1215 1269 1251 1304 οἱ
1273 1283 1329 1316 γο-

249 1321 339 1361 νεῖς,
363 1314 425 1351 ὅτι
444 1320 505 1351 καὶ
522 1312 624 1350 αὐτοὶ
641 1313 765 1350 παῖδες
783 1316 955 1362 γεγόνασι
978 1318 1038 1348 καὶ
1052 1315 1099 1350 τὰ
1118 1311 1210 1349 αὐτὰ
1231 1314 1330 1359 παρὰ

248 1364 328 1397 τῶν
339 1363 495 1416 ,οἰκείων
524 1364 665 1407 γονέων
695 1358 884 1415 ἐσχήκασι,
917 1363 977 1394 καὶ
1008 1358 1268 1405 παραπλησίως
1298 1359 1333 1393 οἱ

1400 1224 1455 1258 nis
1487 1223 1640 1259 auferre.
1688 1223 1922 1260 Considerare
1951 1233 2104 1267 namque
2137 1223 2268 1258 debent
2300 1229 2476 1268 parentes,

1401 1268 1485 1313 quia
1508 1273 1544 1303 et
1566 1268 1635 1313 ipsi
1655 1268 1719 1303 filii
1740 1268 1887 1304 fuerunt
1916 1272 1952 1303 et
1974 1268 2096 1303 eadem
2127 1278 2149 1302 a
2173 1269 2246 1303 suis
2269 1268 2477 1313 parentibus

1400 1317 1642 1357 speraverunt,
1675 1315 1712 1348 et
1734 1314 1895 1349 similiter
1926 1313 1985 1357 qui
2015 1323 2108 1348 nunc
2140 1312 2204 1348 filii
2235 1319 2319 1348 sunt
2348 1313 2479 1349 debent

1400 1358 1544 1393 studere
1567 1363 1755 1403 parentum
1777 1359 1913 1394 animos
1938 1367 2077 1399 sanare,
2103 1357 2185 1401 quia
2207 1362 2244 1392 et
2261 1358 2332 1403 ipsi
2349 1369 2478 1402 paren-

248 1409 317 1442 νῦν
331 1418 434 1442 οντες
456 1409 528 1441 mot
543 1404 763 1448 σπουδάζειν
785 1417 869 1440 τους
893 1406 970 1460 τῶν
983 1408 1123 1451 γονέων
1148 1404 1331 1457 λογισμοὺς
1345 1407 1388 1440 25
1401 1407 1456 1438 tes
1486 1403 1563 1438 fieri
1594 1404 1798 1438 desiderant
1828 1407 1864 1439 et
1891 1413 1914 1438 a
1936 1402 2010 1437 suis
2035 1406 2162 1447 optant
2190 1403 2273 1437 filiis
2298 1403 2477 1439 honorari.

249 1449 482 1497 θεραπεύειν,
507 1449 631 1494 ἐπειδὴ
652 1454 712 1484 καὶ
729 1448 832 1486 αὐτοὶ
854 1462 968 1496 γονεις
992 1450 1214 1492 ἐπιθυμουσι
1237 1452 1331 1494 γενέ-

249 1497 344 1531 σθαι
367 1499 428 1531 καὶ
447 1494 521 1530 ὑπὸ
538 1497 616 1530 τῶν
633 1494 739 1530 ἰδίων
762 1495 927 1538 εὔχονται
950 1496 1156 1539 τιμηθῆναι
1175 1493 1330 1529 παίδων.

250 1538 345 1576 ὅθεν
369 1539 480 1585 δῆλον
502 1541 730 1583 καθέστηκεν
752 1541 800 1575 εἰς
821 1540 891 1584 τὴν
909 1541 987 1574 τῶν
1003 1537 1220 1585 ἀμφοτέρων
1240 1535 1331 1584 ὠφέ-

250 1586 351 1621 λειαν
374 1589 433 1620 καὶ
456 1584 659 1631 ἀσφάλειαν
681 1586 751 1620 τὸν
774 1583 943 1638 παρόντα
967 1582 1107 1630 ἀφορᾶν
1131 1584 1260 1628 νόμον·
1287 1581 1332 1617 ὃν

1402 1447 1502 1484 Unde
1526 1453 1562 1483 et
1585 1454 1727 1483 constat
1751 1449 1797 1484 ad
1816 1448 2001 1491 utriusque
2025 1448 2138 1492 panis
2162 1448 2351 1483 utilitatem
2370 1452 2479 1494 atque

1401 1493 1575 1528 cautelam
1606 1499 1829 1538 praesentem
1859 1493 1971 1537 legem
2002 1491 2113 1527 fuisse
2137 1494 2323 1536 prolatam.
2366 1493 2479 1538 Quam

1400 1547 1444 1572 ex
1467 1538 1536 1572 hac
1567 1539 1757 1574 occasione
1787 1537 2079 1583 promulgandam
2112 1547 2191 1572 esse
2220 1539 2478 1583 perspeximus.

1401 1583 1442 1617 In
1467 1583 1586 1628 aliquo
1609 1588 1728 1619 autem
1753 1583 1893 1628 negotio
1917 1583 2157 1627 disceptantes
2180 1582 2376 1618 invenimus
2394 1584 2477 1618 Pul-

249 1629 292 1665 οὐ
314 1634 421 1676 χωρὶς
441 1632 575 1672 αἰτίας,
608 1627 698 1664 ἀλλὰ
724 1641 938 1685 προφᾳσεως
984 1632 1155 1684 eveniens,
1174 1626 1331 1663 συνείδο-
1344 1631 1388 1663 30
1402 1627 1557 1663 cheriam
1580 1633 1718 1672 gratam
1742 1630 1884 1674 quidem
1906 1628 2014 1662 filiam
2043 1637 2066 1661 a
2089 1637 2155 1662 sua
2176 1628 2346 1671 genitrice
2368 1628 2480 1664 fuisse

248 1690 317 1721 μεν
339 1679 577 1721 προενεγκεῖν.
625 1672 776 1720 εὕρομεν
794 1688 862 1720 γαρ
878 1678 955 1708 Που
978 1678 1100 1720 χερίαν
1120 1674 1332 1718 ευχάριστον

212 1749 218 1763 x
248 1722 317 1765 μὲν
336 1720 522 1767 θυγατέρα
546 1719 646 1766 παρὰ
670 1721 733 1763 τῆς
755 1718 847 1754 ἰδίας
869 1719 1004 1766 μητρὸς
1027 1718 1230 1761 λεχθεῖσαν,
1255 1716 1331 1753 ἀπὸ

250 1765 487 1810 κληρονόμων
522 1763 562 1799 δὲ
597 1765 691 1799 κατὰ
725 1764 795 1807 τὴν
828 1762 1014 1807 διαθήκην
1049 1762 1333 1807 ὀνομασθεῖσαν,

249 1812 359 1846 τοῦτο
388 1811 455 1855 μὲν
483 1811 545 1845 ἐπὶ
575 1812 649 1844 τοῖς
678 1808 864 1856 πατρῴοις
894 1810 1003 1844 τοῦτο
1027 1807 1068 1843 δι’
1087 1813 1149 1843 καὶ
1177 1811 1238 1844 ἐπὶ
1262 1811 1334 1843 τοῖς

1401 1673 1550 1715 dictam,
1582 1674 1833 1709 exheredatam
1864 1676 1983 1709 autem
2016 1675 2230 1707 testamento
2263 1674 2480 1710 nominatam

1400 1722 1473 1753 tam
1496 1718 1534 1753 in
1557 1719 1717 1764 paternis
1749 1730 1856 1764 quam
1878 1720 1916 1755 in
1938 1718 2109 1753 maternis
2137 1716 2381 1755 facultatibus.
2429 1719 2480 1755 Et

318 1891 346 1912 c.
368 1878 403 1912 V
422 1880 464 1912 14
486 1878 533 1911 Εἰ
556 1874 599 1911 δέ
618 1887 713 1911 τινες
734 1896 779 1901 ——-
803 1879 845 1912 23
871 1873 1012 1911 ἀνελεῖν
1036 1885 1123 1911 extat
1146 1878 1182 1911 B
1205 1879 1260 1920 41,
1277 1885 1335 1918 5,2
1359 1889 1387 1910 c.
1411 1878 1510 1910 schol.
1536 1896 1580 1902 -
1604 1878 1738 1911 Summa
1759 1878 1837 1911 Alli.
1862 1885 2016 1921 repetatur
2040 1890 2074 1911 m
2093 1879 2263 1921 paratitlis
2287 1879 2362 1911 Atk.
2377 1879 2399 1912 9
2417 1883 2434 1917 ς’
2450 1886 2479 1920 8,

250 1936 371 1958 suma
396 1924 561 1958 Theodori
583 1924 616 1956 in
638 1919 708 1955 ΒΣ.

250 2003 286 2036 et
306 2004 426 2036 cetera
449 2009 492 2034 ca
519 1999 591 2041 ita,
619 2000 712 2034 sicut
741 2009 857 2044 supra
886 1998 1020 2034 dictum
1044 2003 1116 2040 est,
1145 1998 1214 2033 vim
1243 2008 1347 2032 suam
1377 1997 1544 2033 habeant.
1593 1997 1635 2033 Si
1658 1997 1747 2043 qaid
1776 2003 1895 2033 autem
1926 1999 1982 2034 vel
2003 1998 2048 2034 de
2071 1998 2193 2050 leqato
2225 1999 2283 2035 vel
2300 1999 2478 2044 fideicom-

250 2045 359 2079 misso
383 2043 441 2080 vel
461 2043 488 2078 ti
511 2043 686 2079 ertatibus
709 2043 767 2079 vel
787 2044 870 2078 aliis
894 2043 976 2078 ullis
999 2042 1178 2089 capitibus
1201 2043 1238 2076 in
1263 2042 1347 2076 aliis
1370 2042 1509 2089 leqibus
1531 2043 1739 2089 reperiatur
1763 2042 1847 2078 huic
1869 2044 2113 2078 constitutioni
2138 2045 2381 2087 contrarium,
2412 2045 2480 2081 noc

250 2089 351 2124 nullo
374 2088 481 2124 modo
505 2088 625 2124 valere
648 2088 820 2124 volumus.
867 2088 985 2133 Atque
1008 2087 1076 2123 liae
1107 2088 1250 2133 quidem
1278 2086 1573 2122 exheredationis
1603 2090 1659 2123 vet
1678 2088 1951 2133 praeteritionis
1975 2099 2122 2139 poenae
2149 2094 2325 2135 quantum
2352 2090 2403 2125 ad
2423 2090 2479 2126 in-

249 2133 488 2180 mutitudinis
509 2143 641 2168 causas
663 2132 836 2169 adversus
851 2132 1066 2179 praedictas
1077 2142 1266 2212 lpersonas
1287 2136 1448 2167 statutae
1463 2137 1573 2173 sant,·
1595 2133 1628 2167 si
1645 2143 1739 2178 qaae
1757 2137 1876 2168 autem
1891 2134 2003 2169 exiis
2022 2132 2073 2168 ad
2086 2133 2240 2169 erimina
2256 2134 2480 2179 referuntur,

1091 2188 1110 2211 e

250 2189 374 2215 eorum
383 2183 563 2259 Vauctores
585 2182 724 2213 ceteras
747 2188 891 2229 quoque
908 2188 1054 2224 poenas

1110 2177 1215 2223 qibus
1237 2175 1407 2221 definitas
1429 2179 1588 2212 subeant.
1631 2188 1634 2191 ’

479 2222 580 2258 Haec
603 2233 686 2258 vero
709 2226 970 2264 constituimus,
1001 2227 1043 2257 ut
1064 2225 1101 2257 et
1121 2225 1293 2267 parentes
1323 2225 1361 2257 et
1383 2221 1515 2257 liberos
1538 2233 1562 2257 a
1587 2226 1875 2257 testamentorum
1906 2222 2042 2257 iniuria
2065 2222 2306 2258 liberaremus.
2355 2223 2397 2259 Si
2419 2226 2482 2271 qui

250 2273 369 2304 autem
393 2267 541 2304 heredes
562 2267 739 2302 nominati
760 2267 843 2308 sint,
868 2267 1009 2302 etiamsi
1031 2267 1140 2303 certis
1162 2266 1269 2301 rebus
1291 2267 1452 2301 contenti
1471 2277 1548 2302 esse
1570 2266 1772 2308 iubeantur,
1797 2267 1835 2301 in
1858 2265 1928 2301 ltoc
1951 2267 2094 2312 quidem
2118 2278 2206 2302 casu
2232 2274 2481 2304 testamentum

2428 234 2527 260 ufl-

249 2324 324 2348 non
346 2312 503 2348 rescindi
519 2311 781 2358 praecipimus,
811 2311 877 2347 sed
897 2312 931 2347 si
978 2311 1042 2347 uid
1071 2311 1116 2347 iis
1147 2312 1264 2346 minus
1297 2311 1456 2356 leqitima
1481 2316 1592 2358 parte
1619 2311 1782 2347 relictum
1804 2311 1870 2351 sit,
1904 2311 1973 2346 ltoc
1996 2312 2191 2347 secundum
2224 2318 2361 2348 ceteras
2384 2314 2482 2360 leqes

249 2363 396 2393 nostras
426 2357 471 2393 ab
495 2356 685 2392 heredibus
707 2356 882 2403 suppleri.
965 2367 1013 2392 na
1036 2357 1130 2392 enim
1161 2360 1215 2391 est
1243 2356 1449 2392 serenitatis
1479 2362 1627 2391 nostrae
1657 2366 1763 2397 cura,
1793 2360 1835 2391 ut
1860 2356 2030 2391 iniuriam
2059 2356 2335 2408 praeteritionis
2358 2364 2395 2394 et
2416 2370 2480 2395 ex-

249 2402 493 2438 heredationis
512 2406 706 2447 parentum
730 2407 766 2436 et
788 2402 981 2437 liberorum
1008 2402 1187 2436 tollamus.
1237 2399 1380 2436 Etenim
1403 2401 1635 2436 considerare
1657 2400 1783 2436 debent
1799 2408 1974 2447 parentes
1996 2412 2035 2436 se
2057 2412 2159 2447 ipsos
2182 2413 2254 2448 quo
2282 2414 2326 2438 ue
2349 2403 2483 2441 liberos

246 2448 365 2493 fuisse
387 2453 498 2493 atque
520 2445 644 2482 eadem
667 2457 692 2482 a
707 2446 925 2492 parentibus
947 2446 1024 2481 suis
1047 2457 1124 2482 esse
1143 2451 1364 2486 consecutos,
1388 2451 1425 2481 et
1440 2446 1607 2482 similiter
1630 2445 1735 2481 liberi
1756 2446 1820 2491 qui
1839 2456 1935 2480 nunc
1958 2451 2043 2481 sunt
2062 2457 2210 2492 operam
2259 2459 2323 2482 are
2342 2448 2480 2487 debent.

249 2497 290 2527 ut
308 2497 505 2538 parentum
526 2501 677 2526 suorum
700 2491 840 2526 animos
859 2491 1028 2537 foveant,
1060 2491 1231 2536 quoniam
1255 2495 1290 2525 et
1310 2490 1382 2542 ipsi
1402 2497 1574 2537 parentes
1594 2491 1677 2533 fieri
1698 2491 1848 2536 capiunt
1877 2496 1986 2535 atque
2009 2502 2031 2525 a
2056 2491 2177 2526 tiberis
2206 2493 2283 2527 suis
2306 2492 2483 2530 honorari

248 2542 441 2583 exoptant.
494 2535 593 2572 Unde
615 2535 714 2570 mani
734 2541 848 2572 estam
871 2540 926 2572 est
948 2536 998 2571 ad
1020 2542 1256 2581 utrorumque
1278 2535 1469 2571 utilitatem
1492 2540 1527 2571 et
1546 2537 1773 2571 securitatem
1795 2540 1959 2581 spectare
1977 2541 2205 2581 praesentem
2226 2537 2349 2582 leyem,
2373 2549 2482 2584 quam

249 2592 324 2617 non
346 2583 424 2617 sine
447 2591 578 2622 causa,
609 2579 674 2615 sed
721 2585 784 2615 ata
808 2581 997 2616 occasione
1017 2580 1193 2627 proferre
1216 2581 1329 2615 visum
1352 2585 1416 2616 est.
1466 2580 1708 2626 Comperimus
1730 2579 1823 2615 enim
1849 2578 2076 2615 Pulclteriam
2099 2581 2182 2616 ticet
2203 2587 2346 2627 qratam
2367 2583 2482 2628 liliam

249 2638 273 2661 a
294 2633 409 2662 matre
431 2637 499 2661 sua
523 2625 656 2661 dictam
689 2631 806 2661 tamen
826 2625 1040 2662 exheredem
1068 2626 1107 2660 in
1132 2630 1341 2661 testamento
1373 2626 1591 2660 nominatam
1624 2636 1699 2660 esse
1730 2630 1800 2659 tam
1827 2629 2066 2670 paternorum
2097 2637 2205 2671 quam
2237 2634 2482 2663 maternorum

259 2676 2480 2688 ffl—

318 2706 335 2738 1
361 2704 440 2737 τῶν
463 2702 689 2749 ἐπιτρόπων]
724 2706 784 2737 καὶ
814 2704 893 2737 τῶν
923 2705 1010 2738 ἐπιτ
1032 2702 1136 2738 ὀπων
1159 2704 1192 2737 L
1220 2704 1233 2747 11
1261 2705 1333 2744 καὶ]

250 2759 311 2782 seu
334 2760 354 2785 ς
380 2751 393 2792 11
421 2750 441 2782 2
465 2748 567 2790 ἰσχὺν
591 2748 751 2790 ἐχόντων
774 2750 806 2783 A
830 2749 843 2792 11
871 2748 908 2782 εἴ
924 2761 962 2782 τι
987 2746 1038 2790 δε]
1073 2747 1146 2782 εἴτε
1168 2751 1197 2782 A
1225 2751 1237 2791 11
1267 2751 1286 2782 3
1310 2746 1334 2790 ἢ

250 2806 310 2827 om.
334 2793 438 2827 APr.
456 2794 521 2836 Ep.
550 2794 563 2837 11
594 2792 636 2837 λη
660 2791 750 2828 airon
773 2790 798 2836 ἢ
819 2790 1092 2838 φιδεικομμίσου
1118 2794 1149 2826 L
1186 2791 1334 2839 λεγάτου

259 2835 274 2847 “
296 2834 550 2883 φιδικομίσσου
566 2839 612 2872 Μ
634 2805 784 2884 λέγάτου
808 2838 879 2872 εἴτε
902 2841 984 2883 περὶ
1009 2835 1287 2883 φιδικομμίσσου
1304 2840 1333 2872 A

311 2882 400 2916 α’του
431 2880 455 2925 ἢ
480 2885 603 2917 πίστει
626 2886 699 2916 τινὶ
727 2878 818 2929 παρ’
844 2879 956 2917 αὐτοῦ
988 2881 1162 2917 δοθέντος
1186 2884 1243 2917 Pr.
1268 2885 1332 2926 Ep.

251 2927 370 2969 legatis
393 2928 463 2960 sive
485 2928 746 2962 fideicommissis
769 2939 790 2965 ς
817 2928 830 2972 Ι
860 2930 882 2962 4
905 2928 945 2962 ἐν
969 2941 1028 2961 om.
1056 2929 1113 2963 Pr.
1143 2928 1156 2972 11
1185 2931 1205 2962 5
1229 2929 1334 2962 ἐναν-

250 2975 331 3005 τίον
352 2972 397 3013 τῆ
418 2968 583 3012 διατάξει
606 2974 638 3006 A
668 2972 680 3016 11
707 2974 728 3006 6
750 2974 814 3015 τῆς
837 2972 1108 3013 ὀξὴθτθᾶεῐίοιιοε
1133 2976 1171 3012 (ε.
1191 2986 1219 3007 v.
1244 2968 1334 3008 ἄπο·

251 3015 480 3061 κληροσύνης)
508 3013 531 3059 ἢ
563 3018 845 3062 πραετεριίῑίοιιοε
873 3021 912 3055 (ε.
936 3031 966 3051 υ.
999 3016 1264 3062 ἀμνημοσύνης)
1295 3018 1341 3051 Μ

251 3062 314 3103 τῆς
329 3061 602 3102 εξοετεᾱειίοιιοε
619 3058 643 3104 ἢ
663 3062 917 3117 praeteritionos
937 3064 968 3096 L
995 3060 1292 3119 dxv-foedavimyoe
1310 3058 1334 3104 ἢ

250 3105 1103 3198 2353‘2‘2’52‘51525..2520.3⁷22222032§.aa
1119 3108 1175 3186 ¹22
1186 3120 1233 3198 ναι
1246 3119 1334 3194 ,zzz

250 3195 378 3273 aaz
392 3195 453 3282 ἐξιῇ
475 3192 684 3275 {ism
699 3194 1271 3285 antsnls‘i‘ffltett

253 3285 283 3317 L
300 3284 313 3326 Ι
328 3283 411 3318 τοὺς
422 3287 549 3331 γονεῖς]
574 3254 664 3320 τοὺς
681 3299 740 3320 om.
753 3287 785 3319 A
803 3285 816 3330 Ι
834 3289 875 3321 15
891 3287 933 3320 ἐν
957 3300 1015 3320 om.
1034 3287 1067 3320 Β
1083 3286 1098 3331 fl
1117 3289 1156 3320 17
1178 3254 1334 3321 5la0ci¹rwov

251 3329 281 3361 A
296 3329 353 3361 Pr.
367 3330 430 3372 Ep.
448 3331 460 3371 11
476 3331 556 3364 τῶν
578 3326 694 3373 νόμον
722 3330 764 3363 Μ
794 3331 860 3364 τοῦ
883 3329 995 3372 νόμον
1019 3330 1078 3370 A!
1109 3333 1147 3366 18
1171 3329 1333 3366 καταλει-

251 3371 364 3425 φθείη
381 3375 480 3429 Α“Ρι·.
496 3376 530 3408 Ε
552 3400 559 3408 .
578 3375 594 3428 11
614 3377 651 3410 19
667 3370 976 3427 αἱναπληροῧσθαι
991 3377 1057 3428 Ερἱ
1074 3375 1088 3419 Ι
1113 3377 1155 3410 20
1175 3377 1332 3421 φροντὶς]

252 3419 523 3497 ..metm
542 3419 1332 3512 ..insufflantes

254 3509 470 3554 τωριτίωνος
483 3511 544 3540 καὶ
559 3506 856 3553 ᾰξνερεδατίωνος
872 3510 903 3543 A
926 3504 1179 3553 ἇμνημοσύνης
1193 3512 1254 3543 καὶ
1270 3509 1333 3552 τῆς

253 3549 500 3593 αποκηριῗξεως
524 3553 556 3585 Β
590 3548 875 3598 ἄποκληρώσεως
898 3554 956 3587 Pr.
970 3555 1034 3597 Ep.
1061 3554 1075 3598 Ι
1101 3557 1162 3588 καὶ
1186 3551 1333 3588 παίδων

254 3590 313 3633 ΔΙ
332 3594 374 3626 25
397 3593 616 3637 σπουδάζειν
630 3598 672 3631 Μ
691 3597 826 3638 (debent
847 3598 979 3632 studere
998 3600 1044 3641 e)]
1067 3595 1332 3640 σπουδάζουσιν

258 3635 356 3688 Ε.Ρν.
374 3641 474 3679 (quod
487 3653 549 3672 non
566 3650 650 3674 recte
665 3644 784 3682 probat
794 3642 996 3686 Zachariae)
1018 3641 1263 3678 σπονδάσονσι
1277 3644 1303 3676 Α
1318 3642 1332 3686 fl

256 3681 294 3714 2.
313 3678 583 3724 δοξασθῆναιΔ
600 3685 615 3729 Ι
630 3684 787 3728 uatem}
811 3699 895 3730 quae
909 3694 1085 3731 uquam
1100 3687 1232 3722 mPr.
1248 3687 1263 3725 Ι
1286 3688 1329 3724 28

1401 2699 1506 2745 ὅθεν]
1526 2705 1613 2737 unde
1629 2707 1662 2737 et
1677 2715 1697 2740 ς
1712 2703 1724 2747 11
1743 2705 1786 2738 29
1804 2699 1948 2748 ἀφορᾶν
1963 2703 2093 2744 νόμον·
2118 2699 2175 2745 ὃν]
2192 2702 2318 2746 νόμον,
2340 2700 2399 2738 ὅτι
2415 2700 2481 2750 ἅφ-

1400 2749 1544 2793 ορῶντα
1560 2750 1592 2782 A
1607 2749 1727 2792 (legem
1744 2748 1845 2781 fuisse
1862 2747 2041 2791 prolatam:
2063 2758 2161 2789 quam
2182 2753 2213 2790 ς)
2230 2752 2241 2791 11
2260 2750 2303 2782 30
2315 2747 2358 2781 ού
2375 2752 2481 2794 χωρὶς

1401 2812 1444 2818 -
1458 2796 1498 2828 31
1513 2789 1663 2839 εὕρομεν
1677 2792 1758 2839 γὰρ]
1783 2804 1822 2826 ex
1841 2793 1902 2826 hac
1922 2794 2092 2825 occasione
2116 2794 2391 2836 promulgandam
2410 2804 2481 2827 esse

1400 2840 1635 2882 perspeximus.
1683 2839 1725 2871 In
1749 2838 1862 2880 aliquo
1886 2841 1995 2871 autem
2024 2839 2160 2879 negotio
2184 2838 2405 2881 disceptantes
2428 2840 2479 2871 in-

1400 2884 1550 2917 venimus
1575 2894 1594 2920 ς·
1618 2883 1631 2927 11
1653 2885 1840 2929 γινομένης
1863 2883 1956 2916 M‘A
1984 2883 1996 2923 11
2026 2885 2064 2916 31
2093 2881 2138 2923 ιζ’
2157 2896 2259 2926 marq.
2276 2885 2307 2917 A
2333 2882 2347 2927 fl
2373 2881 2480 2917 πολυ-

1400 2929 1586 2972 σχερίανβ
1601 2928 1614 2973 11
1633 2930 1675 2963 32
1688 2928 1800 2971 παρὰ]
1814 2923 1885 2962 ὑπὸ
1896 2928 1927 2961 A
1943 2927 1955 2969 ΙΙ
1973 2925 2240 2972 ἅποκληρόμανν
2251 2929 2364 2971 (sic)A
2387 2924 2480 2963 ἀπό-

1399 2971 1530 3017 κληρον
1549 2974 1614 3017 Ep.
1630 2973 1644 3018 11
1662 2974 1705 3007 33
1729 2971 1834 3014 κατὰ]
1858 2972 1905 3006 εἰς
1928 2974 1959 3005 A

1447 3064 1466 3096 3
1491 3065 1602 3095 autem
1622 3062 1672 3095 V²
1691 3063 1724 3095 in
1743 3074 1809 3095 rae.
1827 3061 1840 3104 11
1858 3063 1877 3095 5
1901 3064 2017 3093 contra
2044 3062 2094 3094 T¹
2111 3061 2124 3105 11
2141 3062 2162 3096 6
2186 3064 2221 3095 et
2244 3075 2302 3094 om.
2323 3062 2374 3095 Τι
2390 3062 2404 3105 11
2421 3062 2480 3095 hee

1403 3106 1526 3140 RVT²
1547 3108 1628 3140 haeo
1655 3107 1706 3140 Τι
1722 3106 1735 3150 Ι
1752 3105 2018 3139 exheredationis
2042 3116 2138 3139 causa
2162 3109 2222 3139 aut
2247 3106 2280 3140 T
2292 3106 2305 3150 1
2322 3107 2342 3141 8
2365 3107 2478 3149 ingra-

1402 3152 1563 3184 titudines
1584 3151 1637 3185 Va
1654 3150 1799 3195 ssoontra
1815 3163 1873 3184 om.
1891 3150 1948 3193 Vll
1965 3153 1985 3185 9
2000 3161 2039 3183 cx
2056 3164 2114 3184 om.
2131 3151 2182 3184 Τι
2198 3151 2212 3195 11
2229 3151 2276 3184 eis
2291 3150 2348 3195 ΤΗ
2366 3153 2406 3185 10
2425 3161 2479 3184 eo·

1400 3207 1475 3230 rum
1490 3197 1543 3230 Τί*
1561 3196 1573 3240 11
1588 3199 1714 3229 aotoroe
1735 3208 1774 3230 ex
1788 3196 2028 3238 Hamburqensi
2045 3197 2275 3240 Osenbrstqqen
2293 3195 2306 3239 11
2322 3205 2478 3238 personas

1404 3241 1482 3286 T¹u
1509 3243 1549 3276 12
1573 3241 1778 3283 disponimus
1799 3243 1858 3274 aut
1882 3242 1915 3273 et
1941 3240 2019 3284 '1‘111
2047 3242 2086 3274 13
2111 3242 2142 3282 a]
2167 3244 2200 3273 et
2223 3241 2256 3273 R
2311 3242 2352 3274 14
2371 3241 2477 3273 nomi-

1400 3287 1471 3319 nati
1497 3305 1537 3311 —
1566 3288 1607 3321 15
1627 3287 1754 3320 fuerint
1773 3298 1831 3319 om.
1848 3285 1906 3324 T¹‚
1929 3287 1976 3318 bis
2000 3298 2062 3318 scr.
2081 3286 2127 3318 R¹
2147 3285 2236 3329 110ῒεί
2310 3284 2407 3317 etiam
2431 3284 2479 3317 sio

1401 3331 1447 3364 R‘
1466 3331 1478 3374 11
1495 3331 1593 3365 rebus
1617 3344 1676 3364 om.
1690 3330 1724 3364 T
1735 3330 1748 3375 fl
1767 3332 1807 3366 15
1832 3329 2014 3373 contempti
2030 3330 2124 3374 RTfl
2140 3330 2175 3362 in
2197 3330 2260 3363 hoc
2283 3339 2359 3362 oasu
2379 3331 2476 3361 testa—

1399 3380 1547 3408 mentum
1571 3378 1779 3415 (testamento
1794 3375 1857 3415 T')
1890 3374 1985 3408 V²T
2016 3376 2478 3406 „asanaa-mentum

1409 3421 1457 3453 1⁷¹
1477 3421 1489 3464 11
1505 3421 1636 3462 quidem
1663 3433 1721 3454 οηι.
1743 3420 1799 3463 Vll
1819 3421 1860 3454 16
1884 3419 1989 3452 solum
2017 3419 2094 3464 T²u
2115 3422 2154 3454 17
2178 3419 2288 3452 minus
2311 3417 2358 3450 eis
2375 3420 2475 3459 vala]

1399 3465 1509 3498 minus
1529 3466 1559 3498 ei
1580 3465 1643 3499 VT
1661 3465 1692 3498 ei
1710 3466 1821 3498 minus
1840 3465 1872 3498 R
1890 3464 1902 3508 11
1921 3465 1963 3498 22
1984 3464 2118 3498 eandem
2137 3464 2169 3497 R
2184 3462 2198 3506 Ι
2215 3463 2257 3495 23
2270 3462 2402 3494 studere
2420 3463 2475 3495 de-

1399 3509 1479 3542 bent
1503 3510 1626 3554 31124
1649 3510 1729 3552 quia
1753 3510 1887 3552 Vvulq.]
1911 3509 1971 3551 qui
1995 3508 2088 3551 RTn
2104 3508 2147 3542 28
2170 3506 2396 3548 prospeximus
2419 3508 2451 3540 V
2465 3509 2477 3551 11

1400 3555 1443 3588 29
1466 3556 1586 3595 autem]
1612 3554 1701 3587 enim
1724 3554 1848 3598 Becku
1872 3554 2018 3596 negotio]
2042 3561 2120 3585 casu
2142 3550 2228 3584 BT*
2256 3550 2268 3594 11
2289 3551 2477 3585 invenimus

1399 3611 1456 3632 om.
1472 3599 1520 3631 Β*
1538 3599 1550 3643 11
1573 3598 1811 3642 pulcherimam
1829 3599 1862 3633 Τ
1879 3596 2136 3641 pulcherrimam
2156 3595 2185 3626 R
2196 3594 2233 3635 V,
2257 3608 2338 3628 corr.
2353 3599 2439 3640 vuly.
2462 3594 2477 3642 ss

1399 3644 1441 3677 ³0
1454 3643 1588 3685 quidem
1601 3643 1717 3686 filiam]
1734 3643 1838 3676 filiam
1850 3641 1987 3685 quidm
2002 3639 2056 3682 V}
2073 3640 2114 3690 ,3¹
2130 3638 2254 3690 dietum
2271 3640 2316 3673 R·
2334 3640 2346 3684 11
2413 3643 2417 3650 ’

1398 3691 1595 3722 testamento
1616 3689 1823 3722 nominatam
1841 3699 1900 3721 on.
1923 3683 1980 3729 V}
1994 3685 2211 3724 nominatam]
