2618 4010
281 157 388 203 Nov.
408 157 511 202 CIV.
569 156 640 201 CV
659 170 720 212 pr.
1344 152 1427 200 500
1636 170 1697 201 nn
1714 167 1949 203 rami-ona
1966 170 2170 204 smmum.
2200 146 2204 149 ⁵
2227 170 2288 202 nn
2306 168 2490 202 consur..

1334 288 1426 326 clv.
1683 257 1684 260 Ἴ
2229 291 2340 329 Auth.
2360 291 2493 328 LXIII.

845 356 974 413 <DE
1022 357 1462 408 PRAETORE
1518 357 1931 416 SICILIAE.)

921 434 1022 470 Idem
1039 434 1131 479 Aug.
1153 433 1369 471 'triboniano
1395 434 1576 480 quaestori
1594 435 1690 471 sacri
1708 435 1845 480 palatii.

411 500 492 536 Tua
523 502 704 545 cognoscit
735 501 935 537 sublimitas
958 505 1083 546 utpote
1106 502 1204 547 operi
1229 502 1432 546 quaestorio
1457 502 1662 547 praeposita
1694 504 1730 538 et
1760 502 1874 538 nostri
1907 503 2045 539 consilii
2073 505 2251 551 particeps
2284 504 2491 547 constituta,

277 546 371 591 quod
394 545 536 581 Siciliae
565 546 768 591 provinciae
799 546 994 582 secundum
1017 547 1130 582 instar
1160 547 1382 591 antiquitatis
1413 551 1614 592 praetorem
1642 547 1899 592 praefecimus,
1931 547 2009 584 eius
2032 550 2073 584 ut
2094 550 2350 594 gubernatione
2373 550 2492 586 omnia
2537 549 2557 581 5

276 591 414 635 privata
437 595 655 636 peragantur
679 597 715 626 et
737 591 907 627 militares
931 602 1108 636 expensae
1127 595 1378 645 procurentur.
1426 591 1519 627 Nam
1541 592 1703 637 publicas
1728 592 1885 628 eiusdem
1914 593 2050 628 insulae
2072 593 2272 630 functiones
2296 596 2363 631 sub
2387 595 2490 630 iuris-

279 636 433 671 dictione
462 636 526 671 viri
556 636 841 672 excellentissimi
873 637 1012 672 comitis
1044 646 1139 672 sacri
1163 637 1368 682 patrimonii
1399 647 1464 682 per
1490 637 1630 672 Italiam
1660 647 1737 672 esse
1766 637 1915 683 antiqua
1947 638 2165 674 consuetudo
2195 639 2358 683 tradidit,
2390 640 2492 675 cuius

232 683 254 719 1
278 681 493 717 auctoritate
515 684 589 717 tam
613 681 752 717 exactio
777 692 882 727 quam
906 682 1018 718 illatio
1042 692 1163 717 earum
1187 682 1408 727 procederet.
1501 682 1572 718 Sed
1595 682 1678 727 quia
1701 682 1781 718 lites
1803 682 1842 717 in
1865 686 1966 718 tanta
1988 683 2172 728 provincia
2192 685 2323 720 moveri
2347 695 2493 721 necesse

278 729 342 768 est,
373 726 534 762 volumus
557 730 614 768 ut,
646 726 679 762 si
701 727 843 772 quando
867 727 1085 772 appellatum
1107 727 1217 762 fuerit
1239 737 1262 762 a
1284 732 1448 772 praetore
1478 727 1533 763 vel
1557 737 1580 763 a
1603 728 1696 763 duce
1726 727 1781 763 vel
1805 727 1850 763 ab
1874 727 1993 772 aliquo
2023 727 2142 763 iudice
2165 728 2321 765 eiusdem
2343 730 2492 774 insulae,

277 771 533 816 appellationes
554 782 674 808 omnes
697 773 744 807 ad
760 776 862 807 tuum
878 773 1057 816 fastigium
1080 776 1249 817 tuamque
1272 773 1390 808 sedem
1405 773 1641 814 remittantur,
1666 776 1701 808 et
1723 773 1799 818 ipse
1818 773 1946 808 merita
1965 783 2087 809 earum
2109 783 2206 809 more
2223 775 2492 811 consultationis
2519 775 2560 808 10

277 816 448 852 discutias
472 821 509 852 et
532 817 579 852 ad
603 821 760 853 nostram
783 817 917 853 referas
942 818 1143 860 scientiam,
1168 819 1345 862 quatenus
1369 821 1433 853 tua
1455 817 1559 854 nobis
1584 818 1726 862 cognita
1749 818 1980 863 dispositione
2002 828 2046 853 ex
2066 821 2191 853 nostra
2213 819 2426 856 auctoritate
2449 820 2493 856 lis

278 861 474 904 dirimatur,
499 872 614 907 neque
638 862 684 897 ad
707 863 921 898 anteriorem
945 863 1094 898 Romam
1124 873 1240 907 neque
1263 862 1310 898 ad
1334 862 1442 898 alium
1464 863 1618 898 iudicem
1641 863 1747 899 huius
1771 863 1888 908 regiae
1913 863 2065 898 civitatis
2089 866 2202 906 eatur,
2233 864 2296 899 sed
2317 864 2395 909 ipse
2417 865 2494 900 vice

228 906 254 943 2
277 907 372 942 sacri
395 907 585 951 cognitoris
609 907 734 943 audias
757 910 794 943 et
816 908 913 943 litem
937 908 1092 943 dirimas.
1184 908 1234 943 Et
1256 918 1328 943 non
1351 909 1465 944 solum
1496 908 1586 943 haec
1617 912 1715 943 tuam
1746 907 2024 944 iurisdictionem
2055 907 2232 953 respicere
2261 908 2492 953 decernimus,

278 951 340 987 sed
364 952 469 987 etiam
502 953 531 988 si
556 953 640 997 quid
663 953 761 989 aliud
792 953 892 989 civile
916 954 1101 988 ordinatur
1133 953 1226 998 quod
1249 952 1517 989 confirmatione
1541 953 1717 997 indigeat,
1749 953 1787 988 id
1810 957 1863 988 est
1885 964 1951 999 pro
1976 953 2222 989 defensoribus
2247 953 2303 989 vel
2332 955 2493 999 patribus

278 997 459 1033 civitatum
484 997 683 1038 decretum,
717 1000 822 1041 [nam]
846 998 883 1033 id
907 1008 1048 1043 quoque
1071 998 1117 1034 ad
1140 1005 1237 1034 tuam
1261 998 1380 1034 sedem
1403 998 1545 1042 remitti,
1577 1003 1618 1033 ut
1639 1009 1704 1043 per
1726 1003 1824 1034 tuam
1847 998 2059 1034 sententiam
2088 1003 2316 1044 nostramque
2339 1000 2493 1035 auctori·
2520 1001 2560 1033 15

278 1046 388 1078 tatem
411 1043 616 1078 roboretur:
652 1043 735 1088 quia
758 1053 898 1088 semper
922 1043 1045 1079 Sicilia
1069 1044 1170 1088 quasi
1193 1044 1371 1088 peculiare
1395 1043 1529 1088 aliquid
1553 1043 1775 1079 commodum
1797 1043 2069 1088 imperatoribus
2094 1044 2262 1086 accessit,
2294 1047 2331 1079 et
2354 1047 2496 1089 oportet

277 1097 335 1123 res
359 1087 490 1130 civiles,
517 1098 596 1123 cum
621 1088 775 1133 aliquam
798 1089 988 1124 habuerint
1010 1089 1283 1131 dubitationem,
1307 1089 1423 1124 nostri
1446 1089 1647 1132 quaestoris
1670 1089 1801 1124 iudicio
1826 1088 1956 1132 dirimi,
1982 1089 2075 1133 quod
2099 1089 2260 1134 accipere
2284 1098 2307 1124 a
2324 1091 2388 1125 tua
2411 1089 2494 1124 sub-

276 1132 426 1168 limitate
451 1142 650 1175 censemus,
682 1144 788 1179 quam
812 1144 878 1169 nos
901 1135 1143 1179 proveximus,
1177 1144 1282 1179 quam
1305 1134 1460 1178 legitimo
1485 1134 1585 1178 operi
1608 1134 1896 1179 praeposuimus,
1929 1134 2030 1169 cuius
2055 1144 2163 1178 opere
2188 1138 2296 1179 atque
2318 1134 2497 1170 industria

279 1177 392 1213 omnis
415 1178 531 1223 legum
555 1179 779 1223 ambiguitas,
811 1181 925 1215 omnis
948 1180 1100 1215 latitudo
1123 1179 1161 1214 in
1186 1184 1409 1224 praesentem
1433 1179 1659 1214 concordiam
1683 1184 1718 1214 et
1741 1179 1927 1224 pulchram
1951 1179 2159 1214 brevitatem
2181 1179 2352 1224 pervenit.

228 1221 255 1259 8
413 1222 512 1267 Quae
534 1223 642 1268 igitur
663 1234 726 1269 per
749 1224 842 1260 hanc
865 1225 1018 1260 divinam
1042 1225 1153 1269 legem
1176 1228 1300 1260 nostra
1323 1224 1479 1260 decrevit
1502 1225 1711 1267 aeternitas,
1736 1230 1800 1259 tua
1824 1224 2023 1259 sublimitas
2049 1225 2164 1259 sciens
2187 1224 2497 1270 praeceptionibus
2520 1224 2563 1257 20

279 1268 354 1303 suis
377 1268 568 1304 admoneat
591 1268 794 1305 Sicilienses
814 1269 963 1313 iudices,
988 1274 1163 1314 quatenus
1184 1270 1309 1312 sciant,
1336 1270 1393 1304 cui
1411 1269 1566 1304 debeant
1586 1279 1714 1305 causas
1733 1269 1973 1315 appellatione
1992 1279 2184 1314 suspensas
2203 1269 2347 1312 referre,
2370 1272 2411 1305 ut
2433 1279 2498 1314 per

276 1318 359 1348 tuas
382 1317 596 1358 tuorumque
628 1324 876 1350 successorum
905 1315 1148 1360 suggestiones
1181 1316 1300 1350 omnia
1329 1315 1432 1350 nobis
1458 1314 1728 1350 manifestentur
1761 1319 1796 1350 et
1819 1314 2001 1350 videamur
2029 1324 2095 1359 per
2119 1315 2325 1359 semetipsos
2356 1315 2498 1350 easdem

279 1368 407 1394 causas
430 1369 611 1404 peragere.
659 1360 751 1395 Esse
781 1360 875 1396 enim
905 1371 978 1396 non
1009 1360 1189 1405 indignum
1218 1360 1430 1405 putavimus,
1463 1359 1537 1405 (ut)
1560 1359 1718 1395 Siciliam
1741 1361 1902 1396 nostrum
1933 1359 2191 1404 quodammodo
2211 1360 2387 1405 peculium
2411 1370 2496 1395 con-

278 1404 441 1440 stitutum
463 1408 668 1440 nostrorum
691 1405 872 1451 particeps
897 1406 1125 1441 consiliorum
1149 1408 1318 1451 quaestor
1340 1405 1407 1440 sub
1431 1404 1676 1441 iurisdictione
1700 1416 1764 1440 sua
1787 1405 1970 1450 suscipiat.

411 1449 513 1496 (Dat.
538 1464 598 1482 n·
625 1450 713 1486 Dec.
737 1451 821 1495 imp.
845 1451 903 1486 dn.
926 1451 1114 1487 Iustiniani
1137 1462 1196 1496 pp.
1221 1453 1311 1495 Aug.
1338 1461 1432 1486 anno
1457 1450 1520 1486 XI.
1543 1461 1580 1495 p.
1602 1462 1633 1486 c.
1658 1450 1822 1486 Belisarii
1844 1461 1875 1486 v.
1899 1460 1929 1486 c.
1956 1460 2049 1486 anno
2073 1449 2140 1495 Π.)
2356 1452 2402 1492 [a.
2418 1451 2496 1490 537]
2521 1449 2563 1483 25

787 1691 846 1735 ῑ>ῑῑ
1825 1698 1896 1734 cv.
1944 1697 2055 1732 Auth.
2068 1695 2233 1732 XXXIV.
2252 1695 2499 1733 0011.1Vtit.3

462 1765 641 1819 ΠΕΡΙ
670 1765 819 1818 ΤΩΝ
848 1763 1170 1818 ῩΠΑΤῼΝ.
1583 1767 1636 1816 R
1668 1766 1760 1815 DE
1796 1765 2217 1816 CONSULIBUS
2249 1767 2299 1815 R

320 1842 481 1892 Ἐγράφη
505 1847 720 1897 Στρατηγίῳ
744 1846 799 1899 τῷ
823 1843 1049 1899 ἐνδοξοτάτῳ
1073 1841 1202 1887 κόμητι
1226 1843 1304 1878 τῶν
1457 1843 1555 1880 Idem
1579 1844 1670 1888 Aug.
1688 1843 1856 1888 Stratigio
1880 1843 2000 1879 comiti
2022 1853 2206 1880 sacrarum
2229 1843 2467 1888 largitionum.

359 1891 478 1924 θείων
497 1889 719 1934 largitionum
739 1890 812 1926 απὸ
833 1887 987 1925 ὑπατων
1004 1892 1065 1922 καὶ
1085 1892 1276 1933 πατρικίῳ.

348 1956 661 2003 (Προοίμιον.)
712 1956 757 1990 Τὸ
790 1959 851 1999 τῆς
880 1954 1052 1991 ὑπατείας
1081 1954 1197 2000 ὄνομά
1230 1969 1270 1990 τε
1299 1958 1358 1990 καὶ
1370 1959 1413 1992 30
1469 1954 1754 2002 (Praefatio.)
1800 1954 2014 1991 Consulatus
2038 1965 2167 1991 nomen
2190 1958 2226 1991 et
2242 1964 2351 1991 causa
2373 1954 2499 2000 priscis

281 2004 431 2050 πρᾶγμα
453 2006 527 2037 τοῖς
541 2004 608 2046 μὲν
624 2000 735 2036 πάλαι
750 1998 934 2047 Ῥωμαίοις
959 2001 1048 2046 πρὸς
1070 2000 1139 2044 τὴν
1161 2001 1238 2035 τῶν
1254 2000 1358 2035 πολέ-
1425 2001 1565 2046 quidem
1594 2000 1765 2036 Romanis
1797 2000 1967 2035 adversus
1997 2001 2152 2036 hostium
2184 2001 2412 2036 adinventum
2444 2001 2500 2035 est

280 2062 362 2094 μων
385 2046 571 2091 ἐπενοήθη
592 2051 727 2093 χρείαν,
751 2044 817 2082 κᾶν
835 2050 912 2081 ταῖς
935 2046 1079 2092 ψήφοις,
1103 2043 1145 2079 ἃς
1162 2043 1279 2080 αὐτοῖς
1298 2048 1358 2080 ἐπὶ
1426 2046 1630 2088 utilitatem,
1665 2049 1701 2080 et
1730 2046 1766 2079 in
1799 2045 1970 2088 decretis,
2005 2055 2098 2090 quae
2128 2045 2179 2080 eis
2209 2046 2246 2081 in
2277 2044 2500 2080 ordinatione

280 2096 325 2138 τῆ
348 2096 549 2139 χειροτονίᾳ
571 2093 614 2126 τὸ
639 2092 763 2127 κοινὸν
787 2090 905 2127 ἐδίδου
936 2093 998 2135 τῆς
1023 2090 1202 2126 πολιτείας
1230 2093 1357 2135 σχῆμα,
1426 2091 1620 2126 communis
1644 2090 1754 2125 dabat
1775 2090 1994 2135 reipublicae
2016 2090 2149 2135 figura,
2181 2090 2422 2126 sortiebantur
2442 2099 2499 2125 re·

281 2131 515 2185 διελάγχανον
551 2137 649 2184 [γὰρ]
681 2134 792 2172 εὐθὺς
822 2137 887 2172 τὰς
919 2138 1089 2182 ἐπαρχίας
1123 2137 1163 2169 ἐν
1194 2135 1248 2170 αἷς
1277 2133 1358 2170 Ῥω·
1426 2140 1532 2181 pente
1556 2135 1757 2180 provincias
1779 2136 1816 2170 in
1840 2135 1968 2180 quibus
1986 2135 2138 2172 Romani
2161 2135 2290 2171 bellum
2309 2134 2501 2177 habebant,

280 2188 398 2230 μαίοις
421 2182 574 2228 πόλεμος
594 2178 656 2226 ἦν,
690 2186 749 2216 καὶ
781 2179 865 2216 κατ’
901 2179 1012 2216 αὐτὰς
1043 2180 1256 2226 ἐκληροῦντο
1295 2181 1359 2215 τὰς
1371 2184 1413 2217 35
1426 2184 1463 2216 et
1486 2180 1683 2216 secundum
1713 2181 1779 2215 has
1809 2180 2048 2216 sortiebantur
2071 2181 2207 2225 fasces3
2243 2190 2392 2225 sequens
2417 2189 2500 2215 vero

282 2227 450 2278 ῥάβδους·
476 2226 627 2274 ὕστερον
647 2225 687 2261 δὲ
706 2225 726 2261 ὁ
746 2226 872 2273 χρόνος
895 2228 942 2261 εἰς
961 2227 1029 2270 τὴν
1049 2227 1126 2260 τῶν
1145 2223 1358 2271 εὐσεβεστά-
1425 2229 1567 2306 ιθωᾶιιιε
1583 2227 1619 2260 in
1634 2226 1889 2271 imperatorum
1912 2226 2149 2271 piissimorum
2172 2229 2410 2270 transponens
2426 2224 2500 2260 bel·

280 2288 358 2310 των
390 2271 670 2319 αὐτοκρατόρων
698 2272 925 2317 μεταστήσας
961 2272 1003 2306 τὸ
1030 2270 1200 2316 πολεμεῖν
1230 2285 1270 2305 τε
1299 2274 1359 2305 καὶ
1425 2272 1486 2307 lan
1511 2271 1524 2306 i
1547 2275 1583 2306 et
1606 2270 1820 2316 pacificandi
1848 2274 2060 2316 potestatem
2088 2271 2135 2306 ad
2158 2271 2357 2316 largitatem
2388 2270 2501 2306 solam

280 2319 426 2375 εἰρήνῃν
444 2317 547 2366 ἄγειν
559 2319 725 2359 ἐξουσίαν
739 2319 786 2353 εἰς
798 2317 1007 2364 φιλοτιμίαν
1021 2315 1139 2361 μόνην
1154 2315 1196 2351 τὸ
1211 2317 1360 2363 πρᾶγμα
1427 2326 1571 2352 causam
1597 2316 1802 2352 consulibus
1831 2317 1981 2352 mutavit
2010 2320 2046 2352 et
2075 2317 2169 2352 hanc
2202 2319 2435 2361 temperatam
2465 2318 2502 2350 et

280 2369 353 2400 τοῖς
376 2364 528 2400 υπάτοις
549 2367 743 2408 μετέστησε
776 2366 835 2397 καὶ
859 2364 995 2405 ταύτην
1019 2361 1192 2408 σώφρονα
1219 2365 1279 2395 καὶ
1302 2374 1356 2396 τε-
1425 2361 1624 2398 ordinatam
1647 2371 1916 2406 mensuramque
1946 2372 2017 2397 non
2039 2361 2275 2397 excedentem.
2323 2360 2501 2396 Paulatim

281 2413 462 2457 ταγμέωηγν
477 2412 538 2463 gal
553 2409 596 2443 τὸ
613 2412 745 2454 μέτρον
763 2405 825 2443 οὒκ
842 2410 1088 2453 ἐκβαίνουσαν.
1122 2406 1213 2440 κατὰ
1228 2406 1357 2453 μικρὸν
1369 2410 1412 2442 40
1426 2417 1508 2442 vero
1524 2407 1682 2451 ,quidam
1712 2407 1764 2442 ita
1795 2410 2002 2451 sumptuose
2037 2417 2182 2442 causam
2216 2406 2373 2451 aggressi
2407 2406 2500 2449 sunt,

281 2454 323 2490 δέ
335 2467 429 2491 τινες
451 2467 549 2489 ουτω
573 2452 736 2500 δαψιλῶς
762 2455 817 2496 τῷ
840 2453 1027 2500 πράγματι
1050 2452 1357 2498 προςηνέχθησαν,
1426 2456 1467 2487 ut
1485 2462 1586 2488 suam
1606 2452 1748 2497 quidem
1769 2452 1914 2487 ederent
1932 2452 2267 2496 magnanimitatem,
2292 2461 2364 2488 non
2382 2455 2502 2487 tamen

281 2499 370 2536 ὥστε
397 2502 466 2543 τὴν
495 2500 637 2534 ἑαυτῶν
666 2501 734 2543 μὲν
764 2496 999 2539 ἐνδείξασθαι
1029 2497 1355 2544 μεγαλοφροσύνην,

348 2594 433 2628 Νου.
450 2591 540 2626 CIV
556 2591 606 2623 De
622 2592 772 2632 praetore
788 2590 922 2623 Siciliae
947 2591 1056 2624 eadem
1077 2597 1124 2623 est
1143 2597 1238 2632 atque
1261 2601 1331 2622 nov.
1344 2589 1459 2622 LXX
1465 2589 1562 2630 V(=
1574 2589 1725 2622 Authent.
1739 2588 1890 2630 LXIII)
1913 2588 1963 2621 De
1986 2587 2265 2631 appellationibus
2287 2586 2430 2627 Siciliae,
2454 2586 2503 2619 bis

278 2641 389 2684 posita
412 2639 446 2672 in
470 2648 603 2679 corpore
627 2637 822 2669 novellarum
847 2638 983 2679 indeque
1009 2638 1041 2668 in
1060 2636 1203 2678 epitomis
1227 2635 1353 2667 Iuliani
1374 2634 1551 2667 Athanasii
1575 2633 1746 2667 Theodori.
1797 2634 1849 2677 C'f.
1875 2646 1957 2677 quae
1978 2634 2034 2667 illo
2059 2634 2127 2667 loco
2153 2634 2354 2677 exposuimus
2373 2645 2410 2676 p.
2423 2632 2500 2672 378,

282 2687 338 2719 ubi
361 2697 399 2717 ex
422 2684 491 2716 cod.
514 2682 546 2715 V
565 2683 623 2724 qui
640 2682 727 2714 solus
752 2682 836 2714 hanc
859 2683 1108 2715 constitutionem
1132 2681 1274 2713 servavit
1297 2681 1519 2723 discrepantia
1543 2680 1725 2722 scripturae
1750 2680 1907 2712 adnotata
1932 2686 1986 2712 est.

349 2729 435 2764 Nov.
454 2727 699 2769 CV(Auekent.
714 2727 853 2760 XXXI
860 2727 945 2760 V=
971 2727 1049 2760 Coll.
1063 2725 1126 2758 IV
1140 2726 1186 2759 tit.
1201 2725 1237 2758 3:
1261 2725 1373 2768 yloss.)
1400 2724 1526 2758 Graece
1550 2731 1636 2758 extat
1659 2725 1692 2758 in
1717 2724 1800 2758 ML.
1824 2742 1868 2748 ——
1892 2724 1983 2767 Epit.
2010 2724 2130 2757 ΤΙιεοᾶ.
2156 2724 2231 2766 105,
2263 2723 2383 2756 Athan-
2407 2722 2501 2764 22,1.

282 2775 404 2809 Iulian.
430 2780 528 2807 const.
554 2771 726 2806 XCVIII.

1100 2958 1203 3010 DE
1246 2890 1688 3010 σοῆἔυιιουε.

485 3039 634 3087 Scripta
657 3044 709 3076 est
732 3038 917 3085 Strateqio
939 3038 1201 3084 qloriosissimo
1224 3037 1344 3074 comiti
1366 3047 1555 3073 sacrarum
1576 3036 1814 3083 larqitionum
1836 3045 1887 3072 ex
1909 3034 2056 3070 consule
2079 3039 2115 3070 et
2131 3033 2303 3081 patricio.

420 3108 685 3154 Praefatio.
734 3107 950 3143 Consulatus
972 3110 1007 3142 et
1030 3116 1159 3141 nomen
1189 3110 1223 3141 et
1253 3116 1312 3141 res
1341 3116 1364 3140 a
1388 3104 1565 3140 veteribus
1588 3103 1764 3140 Romanis
1793 3102 1843 3138 ad
1873 3102 2044 3138 bellorum
2075 3112 2178 3137 usum
2201 3101 2414 3147 excoqitata
2436 3104 2501 3143 est,

287 3160 322 3191 et
338 3166 410 3202 per
433 3154 578 3190 decreta
601 3164 696 3200 quae
719 3153 765 3187 iis
785 3156 871 3199 post
894 3152 1111 3187 creationem
1136 3150 1335 3186 communis
1356 3149 1578 3195 reipublicae
1607 3149 1731 3194 forma
1751 3148 1862 3184 dabat
1880 3148 2000 3183 statim
2019 3147 2231 3193 provincias
2247 3145 2503 3198 partiebantur

286 3201 325 3236 in
345 3199 475 3247 quibus
500 3198 652 3234 Romani
675 3197 804 3234 bellum
828 3195 1016 3238 habebant,
1039 3200 1074 3231 et
1095 3195 1290 3231 secundum
1313 3205 1357 3231 ea
1378 3195 1622 3231 sortiebantur
1642 3194 1789 3240 fasces,·
1812 3198 1945 3240 postea
1968 3203 2051 3228 vero
2077 3197 2143 3228 tem
2173 3203 2226 3234 us,
2254 3201 2334 3226 cum
2355 3201 2396 3242 tn
2486 3209 2502 3216 -

287 3247 458 3281 simorum
481 3243 737 3295 imperatorum
757 3245 973 3288 potestatem
996 3244 1032 3276 et
1054 3241 1184 3277 bellum
1207 3239 1401 3287 qerendum
1426 3244 1460 3275 et
1477 3250 1608 3287 pacem
1631 3238 1809 3285 aqendam
1834 3237 2068 3283 transferret,
2162 3236 2278 3272 solam
2296 3246 2393 3271 mum
2422 3244 2500 3285 een-

290 3291 376 3326 tiam
400 3289 607 3325 consulibus
634 3299 709 3324 rem
733 3287 873 3334 redeqit
901 3297 1051 3332 eamque
1074 3286 1297 3322 moderatam
1322 3284 1597 3330 ordinatamque
1619 3295 1684 3319 nec
1707 3283 1850 3318 modum
1873 3282 2118 3335 excedentem..
2171 3281 2300 3318 Verum
2318 3278 2499 3327 paulam

289 3334 461 3370 nonnulli
481 3333 572 3369 adeo
591 3333 769 3380 profusis
790 3332 992 3379 sumptibus
1015 3342 1094 3367 eam
1116 3342 1192 3367 rem
1215 3329 1380 3377 aqqressi
1402 3335 1497 3374 sunt,
1520 3335 1561 3364 ut
1583 3339 1685 3365 suam
1708 3327 1851 3374 quidem
1874 3327 2175 3374 maqmficentzam
2199 3326 2419 3362 ostentarent
2435 3331 2501 3357 nee

358 3428 398 3460 27
413 3427 499 3459 rubr.
524 3426 615 3467 Περὶ
643 3423 721 3456 τῶν
750 3419 902 3456 ὑπάτων
935 3422 991 3463 Μ]
1028 3423 1118 3475 Περὶ
1150 3417 1305 3455 ὑπάτων
1333 3420 1366 3454 L
1500 3421 1542 3454 28
1565 3418 1708 3472 stratilio
1726 3420 1774 3471 ¹7³,
1798 3418 2077 3471 ‘Strategiqvulffi
2101 3417 2125 3471 u·
2138 3416 2255 3470 comite
2276 3411 2339 3463 R]
2362 3411 2406 3445 32
2429 3411 2499 3476 eim

291 3474 367 3525 Aflt.
394 3471 513 3504 Theod.
543 3470 555 3513 ΙΙ
584 3470 626 3523 38
648 3470 742 3501 inser.
767 3464 805 3501 ‘0
829 3464 935 3500 αὐτὸς
958 3464 1125 3519 βασιλευς
1150 3467 1364 3517 Στρατηγίιρ
1419 3464 1532 3516 ‘RQ-⁷¹
1551 3464 1564 3508 ΙΙ
1581 3464 1643 3497 *ιιι
1663 3465 1884 3506 ordinatione]
1908 3463 2075 3497 ordinatio
2099 3460 2200 3503 libri!
2217 3459 2391 3532 33118131182-
2414 3455 2449 3532 111²?
2487 3454 2499 3500 ΙΙ

291 3529 420 3582 ’‘·⁰“⁷²'‘-
443 3513 682 3591 λαρνπωνᾱίἒῗ
706 3514 840 3598 A‘h'ffi
862 3511 1259 3591 119,Ξίῧὲιὲωέἓῖῑέ
1276 3511 1366 3597 (ῙΓῒ
1432 3510 1581 3587 ῗῖῗέἒ
1584 3515 1638 3588 ‘1¹¹2‘
1659 3509 1722 3588 Ἧι
1732 3507 2075 3595 ‘515⁰‘3i‘ssfiin'¹a{i
2086 3508 2136 3584 ἐξ
2154 3499 2321 3588 Ἕὲ.ΒΤιΙίι
2340 3502 2499 3587 ιιῖιιέἒῑῗ

292 3561 563 3648 ξῖἷῖζῗὲωξ)“ς3ἧ
575 3570 662 3638 ³⁷3⁰*
676 3570 846 3647 μᾶἶνΜῐι,
863 3616 920 3636 om.
935 3614 955 3639 ς
971 3602 983 3646 ιι
1001 3603 1044 3635 36
1055 3601 1189 3635 τῶν-
1202 3602 1244 3635 37
1256 3581 1365 3645 μεὶαί
1432 3601 1466 3632 et
1488 3599 1634 3632 beuandi
1685 3600 1692 3614 ·
1718 3598 1911 3632 bellandum
1933 3597 1983 3631 Β*
1997 3596 2076 3648 [37
2099 3573 2201 3626 solnm
2219 3590 2409 3642 largitatefn
2434 3591 2466 3623 R
2488 3593 2499 3634 n

293 3647 426 3689 στήσας
450 3662 507 3681 om.
522 3649 640 3692 131137
686 3647 728 3681 τὸ
753 3646 934 3691 πολεμεῖν]
957 3646 1021 3680 τοῦ
1045 3644 1214 3690 πολεμεῖν
1237 3646 1332 3682 ML:
1354 3646 1367 3690 Ι
1432 3644 1475 3678 38
1499 3645 1668 3677 mutuauit
1693 3645 1772 3679 libri
1783 3644 1796 3688 ΙΙ
1820 3643 2068 3686 temperantiam
2089 3637 2165 3688 1²¹]
2191 3636 2233 3670 39
2258 3637 2291 3668 et
2313 3635 2499 3669 ordinatam

295 3694 339 3725 38
363 3691 476 3736 λέγειν
500 3695 548 3726 La
565 3694 578 3736 ΙΙ
595 3695 637 3726 39
662 3689 834 3738 σώφρονα
857 3694 928 3733 καὶ]
953 3693 1013 3724 καὶ
1037 3704 1095 3726 οηι.
1110 3692 1140 3724 L
1431 3699 1681 3731 mensuramqu
1716 3689 1763 3722 V·
1798 3696 1983 3721 mensuram
2012 3685 2046 3717 et
2072 3681 2255 3734 ordinatam
2287 3691 2370 3722 quac
2402 3683 2499 3733 (quae

1433 3735 1495 3770 dez.
1510 3734 1572 3777 α’)
1596 3735 1628 3768 R
1646 3735 1717 3777 114⁰
1732 3733 1855 3775 agree-i
1870 3729 2018 3774 arn-11
2038 3725 2181 3769 quidem]
2205 3725 2293 3768 quod
2309 3726 2448 3770 R¹11t1n
2472 3726 2504 3760 T
