2586 3990
256 147 363 190 Nov.
394 144 527 188 CVIII
555 146 581 185 2
612 158 676 200 ep.

254 253 408 300 μηδεμία
442 255 591 297 τοιαύτη
625 264 679 287 τις
713 250 903 287 ὑπόκειται
939 251 1135 298 πρόφασις,
1170 249 1332 300 ἀνάγκην

256 302 348 341 ὲζχειν
368 299 514 333 πάντως
531 299 574 332 τὸ
591 301 766 342 τέταρτον
783 300 886 343 μέρος
904 298 966 340 τῆς
981 298 1112 330 οἰκείας
1127 297 1329 333 ἐνστάσεως

254 342 449 389 φυλάττειν
471 346 530 376 καὶ
553 344 597 389 τῇ
612 339 764 389 τοιαύτῃ
787 338 1083 377 άποκαταστάσει
1105 344 1328 388 χαρίζεσθαι.

254 389 285 421 εἰ
306 390 430 432 μέντοι
456 401 493 421 τι
517 386 694 430 δαπανῴη
719 389 812 430 ἔχων
841 383 936 420 ὅθεν
967 386 1036 429 τὴν
1066 383 1331 434 ἀποπλήρωσιν

254 432 458 475 ποιήσεται,
490 432 528 473 ἐξ
552 434 688 466 ἐκείνου
719 435 778 465 καὶ
802 428 1109 476 ἀναπληροῦσθαι
1139 432 1182 466 τὸ
1207 436 1329 478 τέταρ-

252 490 330 519 τον,
360 480 421 510 καὶ
452 476 544 511 κατὰ
574 475 752 522 μηδεμίαν
783 477 904 510 αἰτίαν
932 472 1023 510 αὐτὸ
1047 477 1254 519 μειοῦσθαι.
1300 478 1331 511 εἰ

253 520 293 556 δὲ
316 522 544 567 προςάψηται
566 522 630 556 τοῦ
653 522 824 567 τετάρτου
849 524 910 555 καὶ
933 517 996 555 οὐκ
1020 523 1089 563 ἔχει
1122 522 1212 567 πρὸς
1243 519 1331 556 ἄνα·

252 566 441 612 πλήρωσιν
463 567 591 612 ἑτέραν
614 564 751 609 οὐσίαν,
774 567 975 610 τηνικαῦτα
992 564 1140 611 δίδομεν
1162 566 1330 601 καὶκατὰ

251 613 330 646 τῶν
344 609 579 666 ᾗγορακότων
594 610 617 655 ἢ
633 611 750 646 ἄλλως
767 610 962 655 λαβόντων
985 611 1182 658 πράγματα
1205 612 1241 647 in
1257 622 1331 647 rem

1316 137 1398 187 516

1985 157 2046 189 m:
2073 155 2469 188 RES'I'ITUTIONIBUS

1400 257 1517 290 autem
1539 253 1639 288 nulla
1660 253 1743 289 talis
1767 254 1930 291 subiacet
1950 257 2104 299 occasio,
2134 255 2382 292 necessitatem
2403 255 2468 290 ha-

1397 300 1481 334 bere
1511 298 1654 333 omnino
1685 302 1848 343 quartam
1877 303 2015 345 partem
2044 303 2209 347 propriae
2237 299 2469 336 institutionis

1398 353 1540 379 servare
1563 346 1600 378 et
1621 342 1686 378 tali
1708 344 1924 380 restitutioni
1946 346 2088 382 donare.
2135 347 2173 382 Si
2195 351 2314 382 tamen
2336 343 2471 390 aliquid

1398 388 1606 434 expenderit
1622 387 1758 423 habens
1783 389 1877 424 unde
1896 391 2177 435 supplementum
2200 392 2320 434 faciat,
2344 400 2389 426 ex
2407 389 2469 425 illo

1366 436 1385 467 5
1398 433 1557 478 suppleri
1579 436 1751 478 quartam,
1775 436 1812 468 et
1830 443 1895 479 per
1913 435 2047 471 nullam
2069 446 2211 472 causam
2235 437 2328 471 hanc
2347 435 2467 470 minui.

1398 479 1437 513 Si
1460 488 1543 514 vero
1569 478 1756 522 contigerit
1778 483 1941 523 quartam
1973 482 2008 515 et
2030 491 2102 516 non
2124 481 2234 517 habet
2256 481 2302 516 ad
2325 481 2468 524 supple-

1398 525 1555 558 mentum
1585 523 1691 558 aliam
1722 524 1975 564 substantiam,
2005 528 2092 561 tune
2121 526 2244 562 damus
2279 530 2315 562 et
2343 529 2470 560 contra

1399 573 1574 613 emptores
1605 571 1670 603 aut
1692 569 1795 604 aliter
1817 569 2031 622 accipientes
2061 579 2118 606 res
2140 571 2177 606 in
2200 581 2273 607 rem
2297 574 2334 607 et
2356 571 2469 615 hypo-

1399 614 1523 649 thecas
1546 623 1590 649 ex
1613 615 1827 649 auctoritate
1850 615 1955 650 huius
1978 614 2076 659 legis,
2101 618 2142 651 ut
2163 615 2270 652 liceat
2292 616 2470 660 complere

252 659 312 691 καὶ
339 656 531 700 υποθήκας
565 659 604 691 ἐκ
637 659 712 709 ’τῆςυ
734 653 931 691 αὖθεντίας
964 655 1072 691 τοῦδε
1106 657 1171 691 τοῦ
1206 656 1330 701 νόμου,
1345 659 1386 692 10
1401 659 1469 694 sibi
1498 659 1861 695 fideicommissarium
1891 669 1936 694 ex
1963 669 2082 694 rerum
2111 661 2365 697 vindicatione:
2401 661 2469 695 hoc

253 699 341 735 ὥςτε
355 702 488 743 ἐξεῖναι
504 699 738 747 ἀναπληρουν
760 701 829 736 τὸν
844 701 1188 738 fideicommissariam
1211 702 1331 744 ἑαυτῷ

253 749 291 780 ἐκ
315 748 377 790 τῆς
399 748 477 781 τῶν
500 747 727 794 πραγμάτων
750 744 979 790 ἐκδικήσεως,
1010 749 1118 781 τοῦτο
1149 743 1242 793 ὅπερ
1270 749 1331 781 καὶ

253 794 314 826 ἐπὶ
333 793 410 826 τῶν
428 791 592 839 λεγάτων
615 791 683 836 ἤδη
707 790 914 836 δεδώκαμεν
937 795 996 826 καὶ
1019 792 1085 835 τὴν
1106 794 1145 826 ἐκ
1168 795 1231 836 τῆς
1254 790 1330 826 δια-

251 834 388 878 τάξεως
410 837 447 872 in
471 848 545 872 rem
570 835 688 872 αὐτοῖς
709 837 942 890 χαρισάμενοι
968 840 1028 871 καὶ
1052 837 1120 880 τὴν
1143 839 1207 872 τοῦ
1230 837 1330 872 fidei-

1399 704 1495 749 quod
1524 704 1562 740 in
1584 705 1709 748 legatis
1738 704 1809 739 iam
1832 704 1990 740 dedimus
2019 709 2056 740 et
2084 715 2129 740 ex
2152 706 2405 742 constitutione
2433 705 2469 740 in

1399 760 1473 784 rem
1507 749 1558 785 eis
1594 749 1767 784 donantes
1807 753 1842 784 et
1878 749 2141 785 fideicommissi
2177 751 2468 796 persecutionem.
2513 792 2515 794 q

1399 794 1502 830 Unde
1530 798 1567 830 et
1596 795 1796 829 cautionem
1818 794 2154 831 fideicommissariis
2185 796 2285 831 dabit
2311 806 2381 831 non
2405 795 2469 830 mi-

1398 850 1466 876 nus
1490 844 1651 884 quartam
1675 849 1828 882 servare,
1851 840 1919 875 nisi
1942 844 1978 875 et
1999 840 2011 874 i
2039 851 2114 875 sam
2133 843 2295 884 testator,
2319 841 2412 876 sicut
2433 840 2471 874 in

254 883 460 918 commissov
482 883 743 928 persecutiona.
783 894 872 916 ωςτε
887 885 948 916 καὶ
964 879 1165 928 ἀσφάλειαν
1182 881 1214 924 [ὁ
1231 882 1330 918 fidei·
1347 884 1386 917 15
1400 886 1630 930 pronuntiato
1655 885 1757 920 nobis
1784 885 1892 929 facto,
1923 885 2117 930 prohibuit.
2165 885 2254 920 Cum
2280 885 2372 921 enim
2394 885 2472 929 ipse

254 927 522 970 commissarios]
560 925 669 962 δώσει
696 928 761 962 τοῦ
791 927 840 972 μὴ
872 926 1029 962 ἔλαττον
1063 929 1128 962 τοῦ
1158 929 1331 974 τετάρτου

253 972 458 1019 φυλάττειν,
483 974 514 1006 εἰ
535 973 584 1017 μὴ
609 976 669 1007 καὶ
693 970 806 1015 αὐτὴν
830 970 849 1005 ὁ
875 970 1128 1017 διατιθέμενος
1151 970 1332 1019 συγχωρή-

253 1030 359 1059 σειεν,
391 1015 508 1063 ὥςπερ
537 1020 597 1053 ἐπὶ
625 1019 689 1052 τοῦ
711 1016 1014 1064 προςηγγελμένου
1043 1016 1132 1063 ἡμῖν
1160 1022 1333 1061 πεποίηκε

253 1063 403 1118 Pansam
444 1060 555 1097 αὐτοῦ
576 1063 647 1109 γὰρ
670 1063 735 1097 τοῦ
763 1060 1020 1106 διατιθεμένου
1043 1065 1168 1098 πᾶσαν
1190 1061 1253 1098 οὐκ
1277 1065 1332 1110 ἐγ-

251 1120 343 1187 γυην
356 1121 484 1163 μονον,
508 1105 599 1142 ἀλλὰ
619 1111 679 1142 καὶ
696 1104 896 1163 ἀσφάλειαν
909 1110 1219 1164 ,συγχωρήσαντοῆ
1242 1107 1264 1151 ἡ
1292 1110 1334 1143 ἅς
1345 1111 1388 1144 20

253 1167 276 1186 α
321 1166 484 1199 οιοτερον
504 1150 591 1187 αὐτὸ
609 1151 797 1188 διαθεῖναι
820 1166 884 1187 ουκ
900 1167 947 1188 αν
971 1156 1024 1196 εἰη
1048 1155 1111 1198 τῆς
1132 1155 1198 1188 τοῦ
1217 1167 1256 1188 τε
1279 1167 1332 1188 ευ·

252 1197 427 1240 τήσαντος
450 1200 713 1243 ἐστοχασμένον
734 1196 888 1245 γνώμης.

296 1239 390 1289 <Ἐπ
401 1247 415 1277 ί
421 1243 441 1277 λ
450 1257 470 1277 o
476 1256 523 1291 γο
531 1244 574 1288 ς.>
620 1243 727 1278 Κατὰ
742 1245 860 1277 ταῦτα
879 1247 1005 1278 τοίνυν
1020 1245 1116 1278 ἔστω
1132 1247 1206 1278 τοῖς
1220 1243 1331 1299 πράγ-

251 1300 341 1333 μασι
375 1288 479 1334 τομή,
516 1286 617 1331 αὐτῷ
651 1302 691 1323 τε
721 1286 840 1332 τούτῳ
875 1290 929 1332 τῷ
962 1292 1226 1335 παρασχομένῳ
1262 1302 1332 1333 την

1398 933 1553 966 testator
1575 940 1714 965 omnem
1740 941 1812 965 non
1832 930 2094 965 fideiussionem
2118 931 2249 975 solum,
2281 931 2343 979 sed
2366 930 2472 964 etiam

1401 976 1600 1011 cautionem
1622 975 1845 1017 relaxaverit,
1878 986 1943 1011 nos
1973 976 2076 1011 aliter
2103 976 2291 1022 disponere
2320 986 2394 1011 non
2417 978 2472 1012 est

1399 1021 1582 1057 morientis
1605 1021 1767 1056 conicere
1789 1022 2017 1056 voluntatem.

1454 1245 1724 1292 <Epilogus.>
1769 1246 1867 1282 Haec
1889 1246 1998 1291 igitur
2021 1247 2069 1282 sit
2092 1247 2211 1282 causis
2234 1247 2378 1289 decisio,
2403 1246 2471 1291 ipsi

1400 1301 1493 1335 quae
1521 1291 1687 1336 praebuit
1710 1292 1951 1336 quaestionem
1981 1295 2017 1327 et
2039 1292 2118 1327 aliis
2142 1292 2306 1327 omnibus
2336 1293 2373 1327 in
2394 1291 2471 1336 qui-

254 1332 404 1377 ζὴτησιν
423 1334 482 1367 καὶ
502 1337 574 1368 τοῖς
590 1333 710 1368 ἄλλοις
729 1330 870 1369 ἅπασιν
892 1331 952 1380 ἐφ’
970 1333 1021 1388 οἷς
1043 1331 1229 1388 ἧρξῆσθαι
1245 1346 1330 1379 συμ-
1345 1337 1387 1370 25
1400 1337 1467 1371 bus
1492 1337 1647 1381 pendere
1670 1337 1857 1381 contigerit
1877 1347 1995 1381 casus,
2017 1341 2309 1373 testamentorum
2331 1337 2472 1382 quidem

252 1382 370 1423 βαίνει
393 1378 439 1413 τὰ
464 1379 630 1423 θέματα,
661 1381 740 1413 τῶν
761 1381 829 1424 μὲν
852 1377 1045 1423 διαθηκων
1068 1393 1165 1414 ουτω
1188 1383 1331 1426 γενομέ·

252 1437 331 1458 νων
353 1428 414 1458 καὶ
437 1426 514 1458 τῶν
534 1422 766 1469 διαθεμένων
788 1425 876 1459 ἴσως
897 1424 1202 1468 τελευτησάντων,
1226 1424 1330 1459 οὔπω

253 1468 294 1503 δὲ
306 1470 372 1504 τοῦ
389 1466 552 1503 τοιούτου
575 1469 699 1517 χώραν
717 1468 893 1514 λαβόντος
916 1468 1220 1516 φιδεϊκομμίσσου,
1246 1466 1328 1504 ἀλλ’

253 1516 308 1548 ἔτι
323 1516 388 1549 ’τοῦ
404 1518 651 1568 βεβαρημένου
675 1515 872 1560 περιόντος.
912 1518 971 1548 καὶ
992 1515 1108 1550 ταῦτά
1132 1528 1251 1561 φαμεν
1269 1513 1331 1549 οὐκ

1399 1381 1576 1416 factorum
1593 1385 1630 1417 et
1642 1385 1854 1418 testatorum
1878 1383 2008 1427 quippe
2032 1383 2292 1424 defunctorum,
2316 1382 2472 1417 nondum

1399 1431 1518 1462 autem
1548 1428 1611 1462 tali
1633 1427 1750 1463 locum
1778 1428 1975 1472 accipiente
2004 1428 2291 1470 fideicommisso‚
2323 1427 2385 1462 sed
2409 1427 2471 1462 ad-

1399 1473 1471 1507 huc
1503 1483 1545 1508 eo
1577 1473 1638 1517 qui
1669 1476 1836 1517 gravatus
1869 1476 1923 1508 est
1953 1473 2152 1518 superstite.
2201 1473 2250 1508 Et
2272 1473 2361 1507 haec
2385 1471 2471 1507 dici-

1399 1528 1477 1553 mus
1500 1528 1573 1553 non
1595 1518 1632 1552 in
1656 1518 1737 1553 filiis
1762 1519 1893 1560 solum,
1925 1518 1987 1553 sed
2011 1518 2116 1553 etiam
2148 1518 2227 1553 aliis
2251 1528 2293 1553 co
2343 1517 2411 1552 atis
2435 1519 2472 1552 et

253 1562 314 1594 ἐπὶ
343 1558 488 1595 παίδων
518 1574 655 1604 novam,
684 1557 775 1594 ἀλλὰ
807 1562 974 1603 ‚catevah
999 1559 1121 1595 ἄλλων
1138 1562 1332 1614 δσυγγενῶν
1344 1563 1386 1595 30
1400 1563 1578 1598 extraneis
1602 1573 1624 1598 a
1645 1573 1788 1608 genere,
1819 1563 1857 1598 in
1881 1564 2008 1607 quibus
2032 1563 2175 1598 omnino
2199 1563 2272 1598 tale
2320 1563 2471 1598 deicom-

253 1608 313 1638 καὶ
335 1606 413 1639 τῶν
437 1605 511 1646 ἔξω
535 1606 600 1639 τοῦ
622 1609 754 1652 γένους,
779 1602 840 1651 ἐφ’
859 1604 913 1639 ὠν
937 1602 1030 1640 ὅλως
1052 1619 1195 1640 τοιουτο
1220 1603 1332 1651 φιδεϊ-

253 1647 455 1694 κόμμισσον
489 1649 773 1696 καταλελεῖφθαι
807 1654 1006 1695 συμβαίνει.
1054 1649 1096 1685 ‘H
1127 1655 1251 1685 τοίνυν
1285 1651 1330 1694 σὴ

254 1693 444 1738 ἐνδοξότης
464 1691 580 1729 ἅπασι
598 1697 715 1729 ταῦτα
737 1696 875 1742 φανερὰ
897 1697 1038 1739 ποιήσει
1061 1700 1134 1730 τοῖς
1153 1693 1332 1742 ἡμετέροις

253 1737 435 1783 ὑπηκόοις,
459 1737 546 1774 α’)’ςτε
562 1738 707 1783 εἰδέναι,
728 1741 821 1774 κατὰ
836 1745 921 1774 τίνα
936 1741 1077 1786 τρόπον
1092 1741 1256 1787 προςήκει
1271 1744 1332 1775 καὶ

1399 1608 1545 1643 missum
1575 1608 1728 1653 relinqui
1757 1609 1940 1653 contingit.
1989 1609 2068 1643 Tua
2090 1608 2197 1652 igitur
2225 1608 2336 1653 gloria
2360 1608 2471 1643 omni-

1399 1654 1466 1688 bus
1485 1654 1575 1688 haec
1590 1654 1777 1689 manifesta
1796 1654 1907 1688 faciat
1925 1654 2059 1689 nostris
2079 1654 2260 1696 subiectis,
2285 1657 2326 1688 ut
2346 1654 2471 1694 sciant,

1399 1699 1694 1743 quemadmodum
1723 1702 1904 1743 competat
1937 1701 1973 1733 et
2003 1699 2118 1733 vivere
2152 1709 2212 1734 eos
2248 1703 2284 1733 et
2312 1699 2401 1733 mori
2436 1701 2473 1732 et

1399 1744 1524 1779 testari
1541 1748 1576 1778 et
1590 1744 1861 1779 fideicommissa
1885 1744 2083 1788 relinquere
2107 1746 2142 1778 et
2161 1744 2231 1778 alia
2253 1753 2357 1787 agere
2381 1753 2471 1787 quae

254 1786 321 1828 ζῆν
349 1782 478 1819 αὐτοὺς
507 1789 568 1819 καὶ
597 1784 767 1820 τελευτᾶν
797 1789 858 1819 καὶ
883 1784 1124 1820 διατίθεσθαι
1148 1784 1331 1839 φιδεϊὲόμ-
1344 1789 1386 1821 35
1399 1789 1436 1823 in
1458 1789 1590 1824 talibus
1612 1793 1698 1824 sunt
1721 1790 1870 1824 sancita.

251 1829 365 1873 μισσά
386 1844 426 1864 τε
448 1829 737 1874 καταλιμπάνειν
766 1834 827 1864 καὶ
849 1831 896 1864 τὰ
921 1830 1013 1865 ἄλλα
1035 1833 1210 1877 πράττειν
1239 1843 1332 1877 απερ

253 1877 315 1909 ἐπὶ
337 1876 416 1910 τῶν
441 1875 618 1910 τοιούτων
642 1876 864 1918 νενόμισται.

309 1920 392 1956 Dat.
416 1921 452 1956 k.
478 1920 584 1957 Febr.
610 1921 680 1957 ΟΡ.
709 1921 830 1966 (imp.)
853 1921 912 1956 dn.
936 1921 1125 1956 Iustiniani
1154 1932 1214 1966 pp.
1239 1922 1331 1966 Aug.

253 1976 348 2001 anno
367 1966 463 2001 XIV.
490 1966 624 2001 Basilio
648 1977 700 2001 vc.
727 1977 824 2001 cons.
1188 1970 1233 2008 [a.
1249 1969 1326 2008 541]

249 2033 343 2078 fieri.
392 2031 434 2068 Si
457 2043 540 2068 vero
565 2033 666 2068 nulla
689 2032 867 2068 eiusmodi
887 2042 998 2067 causa
1021 2032 1145 2074 subsit,
1177 2034 1322 2068 omnino
1346 2044 1488 2069 necesse
1509 2033 1638 2069 habeat

1692 2041 1834 2069 uartam
1855 2040 1998 2080 partem
2022 2035 2258 2070 institutionis
2287 2046 2375 2071 suae
2397 2047 2472 2071 ser-

253 2089 339 2114 vare
366 2081 402 2113 et
426 2077 491 2113 tati
521 2077 742 2113 restitutioni
756 2080 961 2124 praestare.
1011 2077 1052 2112 Si
1075 2077 1165 2123 quid
1188 2082 1306 2113 tamen
1329 2077 1534 2130 expendat,
1567 2089 1645 2113 cum
1695 2079 1802 2115 abeat
1831 2079 1925 2115 unde
1946 2080 2230 2126 supplementum
2252 2080 2391 2126 faciat,
2422 2092 2473 2117 ea:

253 2134 295 2159 eo
319 2128 453 2168 quarta
476 2134 621 2168 quoque
643 2123 869 2169 suppleatur,
900 2133 987 2158 neve
1009 2121 1085 2157 ulla
1106 2122 1151 2157 de
1174 2133 1286 2158 causa
1309 2134 1352 2158 ea
1375 2127 1568 2158 minuatur.
1616 2123 1661 2158 Si
1681 2135 1765 2160 vero
1790 2129 1957 2170 quartam
1980 2125 2143 2171 attiqerit
2164 2136 2280 2171 neque
2301 2126 2410 2161 aliam
2434 2128 2472 2162 in

252 2167 537 2215 supplementum
560 2167 796 2203 substantiam
819 2166 960 2210 habeat,
992 2171 1066 2202 tum
1089 2167 1196 2203 etiam
1219 2167 1392 2203 adversus
1414 2179 1478 2204 eos
1500 2169 1564 2214 qui
1585 2173 1746 2204 emerunt
1769 2169 1824 2204 vel
1844 2169 1950 2204 aliter
1971 2181 2030 2205 res
2052 2175 2270 2216 acceperunt
2292 2171 2470 2206 actionem

253 2214 292 2248 in
322 2224 398 2248 rem
428 2218 463 2248 et
485 2211 709 2259 hypothecas
739 2214 867 2247 damus
897 2223 948 2248 ex
978 2213 1197 2248 auctoritate
1227 2212 1335 2248 liuius
1365 2213 1472 2260 leqis,
1504 2218 1545 2248 ut
1574 2214 1682 2250 liceat
1700 2213 2034 2259 fideicommissario
2064 2215 2134 2251 sibi
2161 2215 2233 2262 ipsi
2258 2217 2472 2262 satisfacere

247 2269 319 2305 per
340 2269 462 2294 rerum
485 2258 771 2300 vindicationem,
794 2257 834 2292 id
855 2257 955 2304 quod
976 2257 1082 2293 etiam
1106 2258 1144 2292 in
1168 2258 1296 2304 leqatis
1319 2258 1391 2293 iam
1414 2260 1665 2302 concessimus,
1693 2264 1766 2294 tam
1790 2260 1828 2294 in
1850 2270 1925 2295 rem
1948 2260 2122 2295 actionem
2145 2271 2195 2296 ex
2216 2261 2473 2296 constitutione

254 2314 362 2349 quam
388 2302 656 2348 fideicommissi
678 2305 967 2349 persecutionem
1001 2302 1047 2337 iis
1075 2302 1212 2349 tarqiti.
1259 2301 1404 2349 Itaque¹
1420 2304 1527 2339 etiam
1558 2305 1759 2340 cautionem
1794 2304 2176 2349 [fideicommissarius]
2201 2307 2401 2352 praestabit
2434 2318 2473 2342 se

253 2360 327 2384 non
350 2349 468 2383 minus
490 2353 625 2395 quarta
647 2352 884 2390 servaturum,
908 2347 979 2383 nisi
1001 2348 1117 2394 ipsam
1141 2359 1283 2394 quoque
1307 2353 1458 2384 testator
1481 2351 1670 2392 remiserit,
1693 2349 1991 2395 quemadmodum
2014 2350 2051 2385 in
2068 2350 2171 2396 facto
2195 2349 2245 2386 ad
2263 2361 2330 2386 nos
2352 2351 2471 2387 relato

251 2394 354 2440 fecit.
402 2393 498 2428 Nam
521 2393 584 2430 ubi
605 2394 683 2440 ipse
707 2397 860 2429 testator
883 2404 1021 2429 omnem
1045 2404 1119 2428 non
1138 2393 1405 2438 fideiussionem
1428 2394 1562 2439 solum,
1585 2395 1771 2430 sedetiam
1795 2395 1996 2430 cautionem
2018 2395 2166 2438 remisit,
2189 2395 2224 2430 si
2240 2406 2308 2432 nos
2330 2396 2471 2432 diverso

253 2438 359 2474 modo
383 2439 428 2474 de
450 2450 494 2475 ea
513 2450 554 2474 re
575 2443 825 2481 statueremus,
849 2437 889 2473 id
910 2449 984 2474 non
1007 2443 1099 2474 esset
1121 2439 1171 2474 ad
1193 2439 1358 2484 defuncti
1381 2439 1599 2475 voluntatem
1622 2439 1939 2475 accommodatum.

388 2483 477 2530 Epi
485 2484 500 2518 l
508 2495 633 2530 oqus.
681 2483 885 2520 Secundum
916 2482 1004 2519 haec
1035 2483 1150 2530 iqitur
1179 2485 1299 2519 causis
1329 2484 1462 2520 decisio
1491 2484 1576 2529 fiat,
1614 2490 1686 2520 tam
1717 2486 1792 2532 ipsi
1822 2485 1876 2520 itti
1906 2496 2000 2531 quae
2030 2485 2276 2531 quaestionem
2303 2486 2474 2532 praebuit

253 2540 363 2576 quam
393 2529 519 2564 ceteris
549 2529 713 2565 omnibus
742 2530 780 2563 in
807 2528 937 2575 quibus
966 2540 1025 2564 res
1048 2528 1212 2575 pendere
1242 2529 1361 2565 adhuc
1391 2531 1597 2575 continqat‚
1634 2530 1853 2566 testamentis
1881 2529 1934 2566 ita
1966 2530 2145 2576 consectis
2178 2534 2215 2566 et
2245 2531 2473 2567 testatoribus

251 2575 354 2621 forte
377 2574 572 2620 defunctis,
603 2573 754 2610 necdum
778 2585 862 2609 vero
887 2574 965 2609 loco
991 2573 1076 2609 dato
1100 2574 1275 2610 eiusmodi
1300 2574 1588 2622 fideicommissa,
1618 2576 1683 2611 sed
1705 2586 1747 2611 eo
1773 2575 1836 2621 qui
1859 2580 2031 2610 oneratus
2051 2580 2105 2610 est
2128 2575 2246 2611 adhuc
2267 2577 2471 2623 superstite.

253 2621 370 2666 Atque
393 2619 482 2655 llaec
505 2619 656 2654 dicimus
678 2630 752 2655 non
776 2619 819 2654 de
843 2618 966 2654 tiberis
988 2619 1086 2661 solis,
1118 2620 1183 2655 sed
1212 2620 1319 2655 etiam
1350 2620 1394 2655 de
1420 2620 1570 2666 reliquis
1600 2621 1767 2666 coqnatis
1797 2624 1833 2656 et
1862 2620 2060 2662 extraneis,
2092 2621 2188 2656 inter
2210 2631 2302 2667 quos
2330 2622 2474 2657 omnino

253 2664 428 2701 eiusmodi
447 2664 760 2709 fideicommissum
788 2664 880 2700 relin
907 2664 945 2699 ui
973 2664 1173 2710 continqat.
1223 2664 1300 2700 Tua
1323 2666 1437 2711 iqitur
1466 2665 1588 2711 qtoria
1619 2665 1782 2701 omnibus
1804 2665 1970 2701 subiectis
2000 2665 2137 2700 nostris
2167 2665 2257 2701 llaec
2279 2667 2474 2712 manifesta

251 2710 383 2755 faciet,
416 2715 458 2745 ut
479 2711 614 2752 sciant,
647 2708 859 2756 quemadmo
887 2720 945 2744 um
968 2720 1031 2745 eos
1053 2708 1178 2745 deceat
1200 2715 1235 2745 et
1257 2711 1374 2746 vivere
1397 2715 1431 2746 et
1454 2711 1548 2746 mori
1570 2714 1605 2745 et
1628 2712 1754 2747 testari
1785 2715 1893 2756 atque
1912 2709 2189 2755 fideicommissa
2212 2711 2416 2757 relinquere
2438 2717 2473 2747 et

253 2756 394 2801 reliqua
419 2766 528 2799 aqere
552 2766 647 2800 quae
669 2755 706 2789 in
731 2754 904 2789 eiusmodi
926 2754 1032 2789 rebus
1055 2765 1123 2789 usu
1146 2759 1291 2802 recepta
1313 2760 1408 2790 sunt.

297 2838 319 2869 4
331 2833 511 2877 δαπανοίη
523 2836 606 2876 ML,
621 2848 703 2869 corr.
714 2836 900 2869 Zachariae
918 2834 931 2880 ΙΙ
948 2837 966 2868 5
981 2837 1040 2868 καὶ
1053 2848 1110 2868 om.
1121 2847 1141 2871 ς
1158 2836 1171 2877 ΙΙ
1188 2838 1205 2869 7
1219 2846 1330 2879 προσ-
1363 2843 1366 2865 i

254 2879 386 2924 άψεται
411 2881 442 2913 L
459 2880 472 2924 ΙΙ
489 2883 509 2914 9
533 2880 570 2913 in
589 2880 658 2913 rem
682 2881 714 2914 L
745 2880 847 2926 ἰνρὲμ
867 2881 908 2913 Μ
921 2881 933 2924 ΙΙ
966 2883 1003 2915 10
1026 2876 1239 2914 αὖθεντείας
1264 2882 1295 2914 L
1318 2880 1330 2918 ΙΙ

257 2929 295 2961 11
326 2922 622 2971 φιδικοωίεςάτίοιι
647 2925 691 2958 Μ
720 2923 1054 2970 φιδεικομμισάριον
1084 2927 1114 2959 L
1143 2925 1156 2969 ΙΙ
1184 2925 1328 2967 *ἑαυτῷ

252 2973 370 3014 scripsi
390 2984 428 3003 ea:
451 2973 482 3012 ς]
506 2968 691 3004 ἕαυτὸνΜ
714 2966 871 3004 αὖτὸνὶ
887 2970 899 3014 ΙΙ
922 2972 961 3004 12
985 2973 1045 3003 καὶ
1069 2983 1127 3004 om.
1142 2983 1162 3007 ς
1176 2971 1189 3014 ΙΙ
1210 2973 1250 3005 13
1275 2967 1329 3003 δε-

253 3013 431 3059 δώκαμεν]
451 3017 529 3049 Cod.
545 3017 577 3053 6.
591 3024 636 3056 43,
650 3023 673 3050 1.
688 3023 704 3050 3
721 3021 775 3055 §2-
791 3023 806 3050 3
824 3016 837 3059 ΙΙ
857 3018 898 3049 14
915 3015 950 3048 in
967 3016 1035 3048 rem
1049 3017 1095 3049 M
1111 3011 1259 3062 άγωγὴν
1271 3017 1303 3049 L
1317 3014 1330 3060 ΙΙ

1400 2839 1483 2876 cett.)
1508 2833 1724 2881 ἐξεφωνήθη
1740 2837 1827 2879 μηνὶ
1849 2837 2075 2880 φεβρουαρίῳ
2092 2831 2248 2876 ὑπατείᾳ
2262 2831 2472 2878 Βελισαρίου

1399 2881 1470 2913 ἔτει
1495 2877 1546 2913 ιδ’
1570 2880 1632 2923 τῆς
1655 2878 1836 2923 βασιλείας
1864 2881 1981 2913 Theod.
2017 2878 2153 2925 ἐγράφη
2176 2875 2291 2924 ἡμέρᾳ
2313 2879 2357 2925 τῇ
2383 2875 2472 2925 αὐτῇ

1397 2928 1473 3004 Ξῖ
1483 2927 1661 3008 εοὲίνῖηιςάίε
1678 2939 1739 2969 quo
1756 2939 1826 2959 nov.
1844 2925 2002 2959 CVII=
2015 2927 2090 2958 Am.
2105 2928 2136 2966 9,
2150 2933 2182 2959 8:
2208 2926 2251 2968 cfi
2270 2926 2324 2958 ad.
2339 2926 2416 2966 513,
2426 2930 2472 2967 16)

253 3061 475 3094 fidikomissov
505 3061 741 3094 nersecutiona
765 3061 812 3094 M
840 3058 1110 3105 φιδεικομμίσου
1142 3072 1328 3105 περσεκουο

252 3107 412 3140 τίωναΕ
430 3106 444 3150 ss
462 3108 501 3140 15
526 3102 546 3138 ὁ
571 3106 835 3139 fidicomissarios
856 3106 896 3139 Μ
915 3103 935 3138 ὁ
958 3103 1329 3154 φιδεικομμισάριοςβ

252 3151 561 3184 fideicommissariis
584 3163 620 3190 ςς
657 3146 676 3184 ὁ
700 3149 917 3203 κληρονόμος
939 3152 993 3193 τῷ
1018 3151 1329 3193 fideicommissaxicp

253 3199 334 3232 coni.
347 3197 535 3230 Zachariae
558 3198 613 3240 (cfl
634 3197 697 3230 Iul.
722 3199 865 3240 scriptus
885 3196 979 3229 heres
997 3196 1144 3238 generali
1163 3197 1329 3230 fideicom-

252 3242 402 3275 missario
414 3242 601 3274 cautionem
613 3244 758 3284 praestet
784 3242 904 3275 Theoti.
922 3238 942 3274 ὁ
958 3237 1132 3281 ἀξιωθεὶς
1146 3238 1329 3276 ἀποκατα-

253 3287 388 3329 στῆσαί
407 3299 480 3320 τινι
498 3284 758 3338 κληρονομίαν).
784 3287 913 3320 Seclusi
927 3294 962 3320 ut
975 3288 1134 3331 ylossema
1152 3288 1164 3329 ΙΙ
1190 3289 1230 3321 17
1248 3297 1327 3332 συγ-

252 3331 1151 3420 admittit?aitsspizi²¹3il53¹²55222iz
1163 3332 1225 3410 '22¹
1285 3332 1329 3417 {2⁸1

254 3423 530 3465 ἐστοχασμένους
550 3422 596 3455 M
613 3422 887 3463 ἐστοχασμένων
910 3422 1096 3466 Homberyk
1119 3390 1330 3465 &iamneae-

254 3479 316 3499 νου
330 3467 516 3500 Zachariae
530 3467 543 3509 l]
563 3467 604 3500 23
628 3466 731 3500 Κατὰ
753 3467 883 3508 ταῦτα]
907 3466 1001 3499 Haec
1025 3479 1044 3502 ς
1060 3467 1072 3510 ΙΙ
1091 3468 1134 3500 24
1156 3466 1261 3510 τομή]
1285 3465 1328 3499 τὸ

254 3510 301 3552 μὴ
322 3512 363 3543 Μ
381 3511 433 3543 τῶ
456 3510 506 3554 μὴ
532 3512 562 3545 L
580 3512 592 3551 ΙΙ
609 3512 661 3553 τῷ
687 3525 745 3544 om.
759 3512 790 3544 L
809 3511 821 3555 ΙΙ
838 3513 880 3545 26
904 3506 1001 3545 οὕτω
1026 3525 1084 3545 om.
1099 3524 1118 3548 ς
1133 3512 1145 3554 ΙΙ
1166 3513 1207 3546 27
1233 3510 1329 3552 ἴσως]

255 3555 375 3597 quippe
399 3568 417 3591 ς
434 3556 446 3599 ΙΙ
464 3558 506 3590 28
531 3554 807 3601 φιδικομμίσσινυ
825 3557 854 3590 L
871 3556 884 3600 ΙΙ
902 3558 942 3591 31
968 3554 1053 3634 ἔξωὲ
1075 3556 1114 3596 ἐξ
1130 3552 1242 3590 αὐτοῦ
1254 3556 1334 3634 Lu

256 3598 511 3642 φιδικόμμισον
536 3603 566 3634 L
584 3602 596 3645 ΙΙ
612 3603 656 3635 32
680 3601 738 3643 σὴ]
763 3603 821 3635 σοῖ
846 3603 874 3635 L
891 3601 904 3644 ss
922 3604 962 3636 35
989 3614 1029 3646 φι
1055 3600 1211 3635 ‘admissa
1233 3613 1273 3635 τε

258 3641 509 3687 φιδεικόμμισὰ
532 3659 571 3678 τε
596 3648 625 3679 L
644 3647 657 3689 ΙΙ
682 3649 724 3680 36
744 3644 858 3679 τᾶλλα
883 3648 913 3680 L
931 3647 943 3690 ΙΙ
969 3648 1011 3680 38
1036 3647 1066 3679 d.
1092 3647 1124 3679 k.
1151 3646 1252 3679 febra.
1276 3656 1327 3690 ep.

258 3687 311 3718 dn.
337 3688 411 3720 inst.
436 3699 489 3730 pp.
514 3701 590 3728 aua.
615 3691 731 3722 basilio
756 3702 806 3724 uc.
831 3702 936 3724 conss.
961 3692 1006 3724 M
1034 3691 1100 3724 dat.
1124 3692 1157 3723 k.
1183 3691 1245 3723 seb.
1271 3690 1326 3723 dn.

258 3731 438 3763 iustiniano
454 3743 541 3764 anno
556 3735 672 3766 XIIII.
692 3746 741 3777 pc.
759 3735 850 3767 basil.
869 3746 957 3768 cons.
972 3736 1218 3775 Iul.v(0m.1ut.
1233 3736 1325 3767 codd.
1360 3731 1364 3766 .’

1381 3470 1446 3498 ‘est
1470 3480 1527 3500 om.
1553 3467 1599 3500 R¹
1629 3467 1642 3510 ΙΙ

1446 3063 1462 3096 1
1487 3060 1656 3094 subiaceat
1681 3062 1712 3094 R
1730 3061 1742 3105 ΙΙ
1767 3062 1786 3094 3
1812 3063 1846 3094 et
1868 3059 1940 3101 tali]
1965 3061 1998 3092 et
2019 3058 2082 3091 tali
2106 3061 2139 3092 et
2161 3058 2237 3091 aliis
2256 3060 2335 3093 libri
2350 3059 2363 3102 ΙΙ
2378 3059 2471 3092 resti—

1398 3106 1522 3139 tutioni
1532 3106 1637 3147 Beck]
1652 3106 1896 3139 restitutionem
1910 3105 1943 3138 R
1953 3104 1987 3138 V
2000 3104 2227 3137 restitutiones
2242 3105 2274 3138 T
2286 3104 2299 3148 ΙΙ
2316 3105 2360 3137 tffi
2373 3103 2473 3148 RT¹fl

1398 3153 1419 3185 6
1443 3151 1564 3185 habeat
1587 3151 1718 3195 Rvulq.
1736 3151 1749 3195 ΙΙ
1774 3153 1793 3186 8
1818 3154 1852 3184 et
1875 3150 1935 3184 del.
1949 3149 2028 3193 R’!
2050 3149 2221 3192 ipothecas
2242 3149 2276 3183 V
2297 3150 2471 3193 ypotheca-

1397 3197 1463 3229 rias
1490 3197 1522 3229 T
1539 3196 1552 3240 ΙΙ
1576 3198 1596 3230 9
1621 3197 1780 3239 compleri
1803 3196 1864 3240 Ru
1890 3197 1931 3230 10
1954 3194 2026 3227 fleri
2049 3194 2311 3228 commissarium
2331 3195 2365 3228 V
2379 3193 2470 3227 fidei-

1398 3242 1603 3274 commissum
1628 3242 1678 3275 Ε2
1690 3243 1775 3283 vnto.
1799 3240 1813 3286 ΙΙ
1842 3239 2074 3274 uendioatione
2100 3239 2210 3273 RVT
2229 3239 2242 3283 ΙΙ
2274 3241 2314 3274 12
2337 3239 2471 3272 donatae

1398 3290 1431 3319 et
1453 3286 1712 3320 fideicommissis
1743 3287 1793 3319 V¹
1822 3286 1835 3331 ΙΙ
1866 3287 1907 3320 13
1930 3284 2249 3318 fideicommissarius
2276 3285 2325 3318 Τ*
2340 3284 2427 3326 vulq.
2458 3285 2471 3324 fl

1400 3334 1441 3365 14
1458 3333 1622 3374 quartam]
1639 3334 1757 3374 quarta
1772 3344 1811 3365 ez
1824 3332 2066 3374 Hamburqenei
2081 3331 2309 3374 Osenbritqqen
2322 3327 2468 3405 gipsum]

1398 3378 1586 3410 cautionem
1601 3390 1627 3410 s.
1643 3389 1671 3410 υ.
1686 3378 1793 3410 adscr.
1810 3376 1860 3410 1⁷⁸
1876 3375 1890 3419 l]
1913 3377 1953 3409 15
1971 3375 2057 3407 enim
2083 3388 2142 3408 om.
2155 3375 2189 3408 R
2203 3374 2216 3419 ΙΙ
2241 3374 2282 3408 16
2302 3373 2323 3405 fl
2347 3382 2379 3404 οι
2401 3371 2468 3404 ius-

1398 3422 1528 3455 sionem·
1540 3423 1572 3455 T
1589 3421 1798 3455 fideiussione
1810 3421 1859 3454 Β*
1877 3419 1890 3464 fl
1905 3420 2023 3461 solum]
2049 3431 2115 3453 non
2134 3419 2242 3453 solum
2261 3416 2315 3461 Vfl
2343 3419 2381 3451 17
2401 3428 2467 3450 non

1671 3467 1712 3501 23
1737 3466 1807 3510 ipse
1833 3466 1882 3500 T¹
1911 3465 1924 3508 ΙΙ
1953 3467 1996 3499 24
2019 3466 2077 3507 qui
2101 3464 2176 3498 RT
2196 3462 2210 3506 Ι
2238 3463 2279 3496 25
2305 3462 2365 3504 leq.
2390 3472 2467 3495 con-

1398 3512 1523 3553 tingit?
1540 3512 1552 3555 ΙΙ
1570 3522 1685 3545 causas
1700 3512 1748 3544 Β*
1773 3512 1822 3552 (in
1843 3510 1930 3544 libro
1951 3521 2002 3542 .ω.
2027 3519 2140 3543 causas
2160 3507 2258 3541 schot.
2277 3507 2323 3546 T)
2340 3507 2352 3550 ΙΙ
2370 3509 2413 3541 28
2429 3518 2468 3540 eo

1398 3569 1456 3588 om.
1474 3557 1527 3599 ΤΙΙ
1553 3558 1611 3598 Et]
1635 3558 1680 3589 At
1701 3557 1751 3590 V‘⁴¹
1774 3556 1826 3589 Ad
1847 3554 1897 3589 V⁰
1916 3555 1928 3599 ΙΙ
1945 3557 1987 3590 29
2011 3558 2045 3587 et
2067 3566 2124 3587 σοι.
2137 3551 2215 3594 ΒἾΙ
2239 3552 2282 3585 30
2306 3562 2325 3583 a
2348 3563 2469 3593 genere

1398 3601 1503 3642 Beck]
1533 3612 1653 3643 genere
1676 3602 1722 3633 17¹
1756 3612 1852 3644 agere
1879 3599 2101 3641 RV³Tvnlffi
2126 3596 2140 3639 ΙΙ
2166 3597 2204 3629 31
2233 3598 2412 3638 eontigerit
2435 3599 2469 3630 R.

1396 3646 1481 3688 vulg).
1499 3646 1512 3687 ΙΙ
1530 3648 1570 3680 33
1596 3649 1785 3689 competant
1805 3646 1856 3680 V*⁸
1872 3646 1885 3689 ΙΙ
1902 3644 2025 3684 vivere]
2049 3643 2120 3675 iure
2132 3639 2180 3673 R¹
2197 3639 2211 3684 ΙΙ
2229 3645 2261 3673 et
2281 3643 2395 3675 testari
2419 3641 2468 3675 Vb

1396 3691 1496 3733 vulffi]
1522 3695 1560 3723 ut
1583 3694 1616 3724 et
1639 3691 1756 3724 testari
1778 3692 1812 3725 R
1842 3694 1881 3722 ut
1902 3688 2018 3722 tentari
2039 3686 2072 3720 T
2095 3688 2127 3718 et
2150 3687 2188 3717 ut
2211 3688 2360 3720 testatori
2384 3688 2433 3721 V⁰
2455 3687 2468 3732 ΙΙ

1396 3736 1438 3767 38
1462 3738 1694 3779 subscriptione
1716 3743 1827 3768 carent
1851 3735 1929 3767 libri
