2586 3990
164 128 225 161 DE
253 126 603 160 EGGLESIASTICIS
631 127 807 161 TITULIS

165 230 187 265 1
234 228 264 262 εἰ
288 225 327 262 δὲ
350 226 506 275 ληγάτον
529 224 628 272 παρά
648 238 745 262 τινος
763 227 810 262 εἰς
829 225 984 274 εὐσεβεῖς
1004 227 1117 262 αἰτίας
1135 238 1244 260 κατα·

118 308 120 310 ,
166 271 343 320 λειφθείη,
374 271 560 316 κελεύομεν
591 272 676 307 εἴσω
698 273 826 317 μηνῶν
850 274 888 315 ἓξ
911 271 985 308 ἀπὸ
1009 274 1073 317 τῆς
1097 273 1245 318 ἐμφανί-

165 330 255 353 σεως
277 319 340 362 τῆς
360 316 536 361 διαθήκης
555 314 837 362 ἀριθμουμένων
860 320 968 354 τοῦτο
988 319 1080 353 πᾶσι
1099 315 1245 363 τρόποις

165 362 390 409 παρέχεσθαι
413 361 463 397 οἶς
493 362 778 398 καταλέλειπται.
825 364 856 398 εἰ
880 361 920 398 δὲ
942 361 1181 409 ὑπέρθωνται
1210 361 1247 397 οἱ

165 410 283 452 τούτῳ
299 410 538 453 βεβαρημένοι
562 408 605 442 τὸ
622 410 765 443 τοιοῦτο
781 408 935 456 ληγάτον
951 410 1159 454 παρασχεῖν,
1184 410 1243 442 καὶ

165 453 321 499 καρποὺς
355 456 414 487 καὶ
447 451 572 487 τόκους
606 457 665 487 καὶ
697 454 822 489 πᾶσαν
855 454 1011 499 νόμιμον
1046 453 1243 497 ἐπαύξησιν

165 495 485 542 άπαιτηθήσονται
521 495 594 533 ἀπὸ
631 499 696 533 τοῦ
731 500 855 545 καιροῦ
892 500 953 543 τῆς
982 498 1144 541 τελευτῆς
1178 499 1242 533 τοῦ

165 543 188 578 2
234 543 340 578 τοῦτο
364 542 635 586 καταλιπόντος.
699 544 730 578 εἰ
754 542 792 579 δὲ
813 543 971 590 ληγάτον
994 541 1138 588 ἐτήσιον
1161 542 1243 597 oizp-

165 586 299 630 δήποτε
322 592 508 667 σιΞθασμίῳ
539 589 625 632 οἴκῳ
658 588 911 645 καταλειφθῇῌ
927 589 957 623 εἰ
979 590 1047 633 μὲν
1070 588 1106 623 οἱ
1127 601 1243 623 ταυτα
1269 614 1272 618 r

373 634 579 677 ευσθέντες,
604 632 626 677 ἢ
645 631 664 668 ὁ
682 633 793 688 τόπος
813 634 851 675 ἐξ
866 647 907 668 ου
925 633 1120 678 ἐκελεύσθη
1135 635 1242 668 τοῦτο
1259 636 1298 669 10
1312 637 1375 668 aut
1403 633 1503 669 locus
1535 643 1580 669 ex
1610 643 1680 686 quo
1712 643 1848 668 iussum
1877 637 1932 668 est
1960 632 2030 668 hoc
2061 633 2223 677 praeberi
2253 633 2291 668 in
2312 633 2390 677 ipsa

164 631 291 667 δοῦναι
312 647 349 667 κε

164 679 407 722 παρέχεσθαι,
444 681 483 713 ἐν
515 680 558 726 τῇ
584 678 674 727 αὐτῇ
703 693 724 723 η
756 680 800 726 τῇ
830 683 965 726 γείτονι
996 681 1150 726 ἐπαρχίᾳ
1178 678 1241 722 εἴη,

163 722 350 768 κελεύομεν
370 722 496 769 μηδενὶ
516 723 644 769 τρόπῳ
664 724 707 759 τὸ
724 725 890 766 τοιοῦτον
913 723 1081 771 ληγοίτονΟ
1093 726 1241 759 ἐκποιεῖ-

163 769 266 803 σθαι.
313 769 343 803 εἰ
374 767 413 803 δὲ
442 769 476 803 οἱ
500 767 608 804 τόποι
638 766 661 813 ἢ
690 769 737 804 τὰ
769 770 943 815 πρόςωπα
982 769 1020 810 ἐξ
1051 768 1105 804 ὧν
1134 770 1240 803 τοῦτο

164 812 323 857 δοθῆναι
359 814 585 860 προςετάχθη
621 818 837 860 πορρωτέρω
873 815 1007 858 εἴησαν,
1045 815 1242 858 τηνικαῦτα

1219 109 1299 159 661

1889 114 1996 158 Nov.
2028 113 2211 168 CXXXI
2242 115 2306 156 12.
2341 116 2390 158 13

1311 227 1333 261 1
1379 224 1416 261 Si
1439 228 1558 263 autem
1588 225 1744 271 legatum
1776 226 1822 262 ab
1845 226 1964 270 aliquo
1995 225 2042 262 ad
2072 225 2151 272 pias
2183 233 2313 262 causas
2333 234 2392 261 re-

1311 270 1492 315 linquitur,
1522 272 1684 308 iubemus
1707 271 1803 308 intra
1825 281 1963 307 menses
1990 281 2052 307 sex
2083 271 2130 307 ab
2152 270 2391 307 insinuatione

1312 317 1516 352 testamenti
1539 316 1778 353 numerandos
1809 316 1879 352 hoc
1902 316 2016 352 modis
2040 316 2204 352 omnibus
2227 316 2391 362 praeberi

1313 361 1441 405 quibus
1477 362 1639 398 relictum
1674 364 1739 398 est.
1794 361 1832 397 Si
1865 366 1986 398 autem
2020 361 2223 398 distulerint
2259 362 2320 406 qui
2353 362 2391 397 in

1280 405 1381 444 5hoc
1416 408 1553 443 onerati
1588 410 1672 443 sunt
1704 407 1906 443 huiusmodi
1940 407 2113 452 praebere
2147 407 2319 452 legatum,
2354 410 2392 442 et

1311 451 1468 487 fructum
1491 455 1528 489 et
1546 463 1675 489 usuras
1700 456 1735 488 et
1752 462 1855 488 omne
1878 453 2069 497 legitimum
2093 452 2281 496 exigantur
2303 462 2389 497 aug-

1311 500 1468 533 mentum
1492 508 1514 534 a
1537 500 1696 543 tempore
1720 498 1842 533 mortis
1868 498 1943 533 eius
1968 497 2030 542 qui
2052 498 2121 533 hoc
2144 497 2298 543 reliquit.

1312 542 1336 577 2
1383 543 1420 578 Si
1442 545 1560 579 autem
1591 543 1719 578 annale
1748 543 1903 587 legatum
1935 542 2081 578 cuilibet
2111 542 2305 578 venerabili
2327 542 2390 578 do-

1311 588 1383 622 mui
1408 588 1640 633 relinquatur,
1672 588 1868 640 siquidem
1901 587 1960 632 qui
1988 588 2058 623 hoc
2087 586 2173 622 dare
2196 587 2284 623 iussi
2307 590 2391 623 sunt

1311 680 1375 713 aut
1398 678 1512 714 vicina
1536 678 1719 723 provincia
1741 678 1859 721 fuerit,
1883 677 2046 713 iubemus
2069 677 2167 713 nullo
2191 677 2296 714 modo
2319 678 2390 713 tale

1310 724 1465 768 legatum
1489 723 1647 759 alienari.
1698 723 1735 758 Si
1757 733 1838 758 vero
1863 723 1943 758 loca
1966 725 2031 758 aut
2051 732 2225 767 personae
2246 732 2290 758 ex
2313 723 2390 767 qui-

1310 768 1377 804 bus
1409 769 1477 804 hoc
1506 769 1583 804 dari
1613 770 1844 814 praeceptum
1875 770 1931 803 est
1952 767 2091 812 longius
2122 768 2272 809 fuerint,
2304 770 2391 802 tunc

1310 814 1415 849 liceat
1444 814 1514 850 illis
1539 813 1667 859 quibus
1696 814 1765 849 hoc
1788 813 1950 849 relictum
1974 818 2044 855 est,
2078 812 2108 848 si
2132 815 2167 848 et
2192 822 2276 858 pars
2301 812 2389 848 obli-

165 860 296 899 ἐξέστω
327 861 472 902 ἐκείνοις
506 859 555 894 οἷς
585 873 692 894 τουτο
715 859 1009 902 καταλέλειπται,
1045 860 1076 893 εἰ
1107 862 1166 893 καὶ
1197 859 1239 893 τὸ
1258 862 1297 895 15
1309 863 1393 903 gata
1417 860 1609 902 consentit,
1643 862 1859 895 commutare
1887 859 2041 903 legatum
2071 861 2108 893 et
2130 858 2230 893 iuxta
2258 868 2324 903 pro
2348 867 2390 894 eo

164 903 376 948 ἐνεχόμενον
404 908 507 951 μέρος
530 908 706 948 συναινεῖ,
743 902 906 949 ἀμείβειν
935 906 978 940 τὸ
1003 903 1159 951 ληγάτον
1182 908 1242 938 καὶ

164 949 316 992 πλησίον
352 950 551 995 λαμβάνειν
591 948 680 998 ὑπὲρ
714 950 842 985 τούτου
879 948 1053 994 πρόςοδον
1089 948 1242 995 εὔπορον

164 999 222 1029 καὶ
246 996 335 1039 μετὰ
355 993 560 1041 προςθήκης
589 991 653 1029 οὐκ
676 995 862 1030 ἐλάττονος
892 997 956 1030 τοῦ
987 995 1159 1041 τετάρτου
1210 998 1242 1028 έ-

164 1051 243 1083 ρους
266 1042 326 1083 τῆς
349 1039 649 1086 καταλειφθείσης
672 1039 870 1085 ποσότητος
901 1044 959 1075 καὶ
989 1038 1079 1085 μηδὲ
1102 1009 1242 1076 notizie

1310 905 1493 950 percipere
1516 905 1649 940 reditus
1672 905 1831 947 idoneos,
1857 908 1892 939 et
1913 914 1994 939 cum
2017 906 2207 948 augmento
2230 913 2302 939 non
2325 902 2390 938 mi-

1310 960 1377 985 nus
1403 954 1549 994 quartae
1572 950 1684 995 partis
1709 950 1854 985 relictae
1879 949 2100 994 quantitatis,
2123 952 2159 985 et
2174 958 2288 993 neque
2311 949 2388 994 plu-

1310 995 1407 1030 rimis
1439 995 1583 1031 tributis
1617 994 1798 1031 fiscalibus
1829 998 2098 1040 praegravatos3
2133 996 2197 1030 aut
2227 994 2390 1038 vendere,

1311 1041 1342 1075 si
1366 1041 1552 1083 voluerint,
1584 1040 1787 1076 huiusmodi
1816 1041 1970 1085 legatum
2005 1042 2042 1075 et
2074 1049 2146 1075 non
2177 1039 2294 1075 minus
2325 1049 2390 1084 pro

165 1084 344 1130 δημοσίοις
367 1085 556 1139 τελέσμασι
579 1088 838 1141 βεβαρημένην.
887 1087 918 1120 εἰ
939 1085 978 1120 δὲ
996 1089 1056 1120 καὶ
1074 1085 1242 1129 πωλῆσαι
1256 1088 1298 1121 20
1311 1086 1426 1138 pretio
1465 1086 1648 1131 percipere
1687 1096 1793 1131 quam
1831 1096 1874 1122 ex
1913 1085 1977 1121 tali
2015 1086 2132 1129 legato
2169 1085 2208 1120 in
2244 1084 2392 1129 triginta

162 1130 352 1175 βούλοιντο
375 1131 417 1166 τὸ
442 1143 584 1165 τοιουτο
608 1130 774 1177 ληγατον,
802 1131 851 1176 μὴ
876 1131 1030 1166 ἔλαττον
1053 1132 1100 1166 εἰς
1123 1131 1165 1165 τὸ
1189 1134 1241 1166 τί-

161 1190 264 1221 μημα
287 1175 483 1221 λαμβάνειν
507 1176 572 1211 τοῦ
589 1173 687 1211 ὅσον.
703 1174 793 1222 ὑπὲρ
817 1178 881 1211 τοῦ
898 1177 1063 1211 τοιούτου
1087 1175 1241 1224 ληγάτου

163 1223 223 1255 ἐπὶ
254 1220 301 1255 λε’
325 1222 507 1256 ἐνιαυτοὺς
542 1220 753 1268 συνάγεται,
789 1218 886 1257 οὕτω
920 1225 1044 1267 μέντοι
1080 1219 1169 1257 ὥςτε
1197 1221 1240 1256 τὸ

162 1265 305 1301 τοιοῦτο
329 1271 465 1312 τίμημα
489 1267 536 1301 εἰς
559 1266 602 1301 τὸ
625 1270 804 1312 συμφέρον
823 1269 887 1301 τοῦ
908 1270 1163 1314 προειρημένου
1186 1279 1242 1302 σε-

161 1315 318 1356 βασμιόυ
343 1314 438 1347 οἴκου
462 1307 553 1346 ὅπου
578 1312 799 1358 κατελείφθη
824 1316 1031 1359 προχωρεῖν.

1312 1141 1464 1176 quinque
1498 1141 1613 1167 annos
1649 1132 1843 1176 colligetur,
1880 1131 1933 1166 ita
1962 1134 2082 1166 tamen
2116 1132 2159 1166 ut
2190 1129 2392 1166 huiusmodi

1310 1177 1464 1221 pretium
1494 1177 1541 1212 ad
1570 1177 1759 1212 utilitatem
1791 1177 1995 1221 praedictae
2023 1175 2234 1212 venerabilis
2265 1176 2390 1211 domus

1310 1222 1373 1258 ubi
1395 1222 1556 1258 relictum
1581 1225 1636 1258 est
1657 1222 1833 1267 proficiat.

1256 1315 1297 1348 25

1140 1402 1298 1440 CAPUT
1322 1402 1420 1438 XIII.

216 1457 500 1507 Ἀπαγορεύομεν
522 1457 561 1494 δὲ
576 1463 647 1495 τοῖς
664 1458 879 1496 ὁσιωτάτοις
899 1458 1107 1496 ἐπισκόποις
1129 1458 1241 1515 πρά]-

161 1519 260 1550 ματα
283 1505 410 1550 κινητὰ
432 1504 454 1549 ἢ
478 1502 631 1549 ἀκίνητα
655 1503 677 1549 ἢ
702 1503 934 1549 αὖτοκίνητα,
966 1502 1037 1540 ὅσα
1059 1505 1149 1550 μετὰ
1171 1519 1241 1549 την

162 1551 366 1595 ἐπισκοπὴν
383 1552 431 1585 εἰς
448 1547 572 1586 αὐτοὺς
596 1549 800 1595 οἱῳδήποτε
822 1551 950 1597 τρόπῳ
971 1550 1169 1595 περιέλθοι,
1194 1552 1242 1586 εἰς

162 1594 272 1632 ἰδίους
301 1599 477 1644 συγγενεῖς
508 1594 531 1639 ἢ
561 1594 652 1630 ἄλλα
681 1594 878 1640 οἱαδήποτε
909 1596 1084 1642 πρόςωπα
1115 1594 1243 1640 οἰῳδή-

1367 1459 1613 1496 Interdicimus
1638 1461 1757 1495 autem
1780 1459 2012 1495 sanctissimis
2035 1458 2213 1504 episcopis
2237 1467 2295 1494 res
2314 1468 2390 1494 mo-

1308 1505 1398 1541 biles
1429 1509 1492 1541 aut
1515 1505 1711 1541 immobiles
1742 1514 1890 1550 seseque
1918 1508 2115 1548 moventes,
2148 1513 2392 1558 quaecumque

1309 1553 1392 1596 post
1415 1551 1659 1596 episcopatum
1688 1550 1735 1586 ad
1766 1560 1826 1586 eos
1850 1560 1992 1604 quoquo
2023 1549 2128 1586 modo
2155 1550 2391 1595 pervenerint,

1311 1597 1350 1632 in
1372 1597 1536 1642 proprios
1560 1599 1730 1641 cognatos
1753 1599 1816 1631 aut
1838 1595 1875 1630 in
1900 1596 1987 1632 alias
2012 1604 2254 1641 quascumque
2276 1597 2391 1630 trans-

229 1698 255 1719 c.
281 1686 390 1719 XIII.
417 1688 518 1720 XIV
535 1689 661 1721 exhibet
690 1689 768 1722 Coll.
783 1689 906 1722 XXV
922 1701 993 1731 cap.
1008 1690 1050 1722 25
1075 1689 1132 1730 (=
1154 1689 1208 1730 Ο),
1234 1690 1328 1721 inser.
1350 1685 1444 1721 Ἴσον
1468 1687 1574 1721 θείου
1599 1687 1711 1731 νόμου
1736 1688 1790 1730 (cfi
1818 1688 1863 1721 ad
1886 1687 2032 1728 654‚16).

229 1743 254 1763 c.
281 1730 384 1763 XIII
403 1744 442 1764 ez·
467 1732 501 1764 B
525 1733 643 1765 habent
665 1734 738 1766 Ecl.
766 1734 848 1768 Bas.
873 1734 992 1775 I—X,
1023 1746 1077 1776 pr.
1103 1733 1125 1776 ξ
1145 1735 1173 1768 1.
1192 1735 1212 1767 2
1235 1733 1414 1767 Nomocflm
1439 1733 1539 1766 XIV
1556 1735 1602 1767 tit.
1623 1735 1722 1775 10,2‚
1759 1733 1780 1776 ξ
1798 1734 1817 1766 3
1842 1731 2021 1766 Νοιιιοο.(7ῑ’η
2045 1731 2145 1765 XIV
2163 1732 2209 1765 tit.
2228 1732 2280 1773 10,
2295 1738 2322 1764 5.
2347 1749 2392 1755 —

160 1777 322 1809 Summam
342 1784 493 1817 praestat
516 1777 649 1810 Nomoc.
672 1778 771 1810 XIV
786 1780 831 1811 tit.
853 1780 903 1819 10,
919 1786 950 1817 5;
981 1779 1142 1811 Theodori
1163 1790 1315 1811 summam
1340 1778 1361 1821 ᾗ
1378 1779 1406 1811 1.
1421 1779 1440 1811 2
1464 1780 1579 1821 repetit
1604 1778 1660 1811 ΒΓ.

158 1856 181 1891 1
227 1853 363 1896 Quodsi
386 1853 542 1900 leqatum
565 1854 610 1890 ab
634 1855 758 1901 aliquo
783 1855 832 1890 ad
850 1856 935 1902 pias
956 1866 1086 1891 causas
1108 1855 1269 1891 relictum
1292 1855 1355 1897 sit,
1391 1855 1550 1891 iubemus
1573 1855 1670 1890 intra
1695 1865 1833 1890 menses
1855 1864 1923 1890 sex
1948 1853 1993 1888 ab
2016 1853 2260 1890 insinuatione
2284 1857 2391 1890 testa-

159 1898 269 1934 menti
293 1899 556 1945 computandos
579 1898 619 1934 id
642 1900 805 1935 omnibus
828 1900 944 1936 modis
975 1901 1021 1935 iis
1044 1901 1173 1947 quibus
1195 1901 1359 1936 relictum
1383 1905 1435 1936 est
1456 1901 1651 1948 praestari.
1689 1900 1743 1940 ‚Si
1765 1910 1850 1936 vero
1876 1899 1940 1945 qui
1962 1909 2004 1935 eo
2030 1899 2172 1935 onerati
2193 1901 2278 1934 sunt
2301 1900 2394 1935 eius-

159 1943 256 1979 modi
280 1943 437 1989 leqatum
455 1947 650 1990 praestare
674 1945 889 1988 distulerint,
912 1949 946 1981 et
966 1946 1114 1991 fructus
1137 1950 1172 1981 et
1194 1956 1329 1980 usurae
1351 1950 1387 1981 et
1411 1957 1515 1980 omne
1538 1945 1733 1992 leqitimum
1757 1946 2012 1981 incrementum
2035 1955 2058 1979 a
2083 1949 2243 1991 tempore
2265 1945 2393 1980 mortis

161 1988 184 2022 2
230 1989 307 2023 eius
330 1989 393 2034 qui
416 1988 455 2022 id
477 1989 547 2023 reli
571 1990 624 2024 uit
648 1990 691 2024 ab
716 1990 762 2024 iis
785 1990 964 2035 eaeiqetur.
1056 1989 1194 2033 Quodsi
1217 1990 1348 2025 annale
1369 1990 1524 2036 leqatum
1548 1991 1758 2037 cuicumque
1780 1989 1979 2027 venerabili
1999 1989 2122 2024 domui
2144 1989 2310 2025 relictum
2332 1990 2391 2033 sit,

160 2033 194 2068 si
216 2032 357 2078 quidem
381 2033 407 2067 ii
430 2033 494 2078 qui
515 2033 528 2067 i
577 2033 665 2069 dare
687 2034 777 2069 iussi
791 2038 887 2077 sunt,
912 2035 967 2070 vel
982 2035 1083 2070 locus
1103 2045 1152 2070 ex
1198 2045 1244 2069 uo
1269 2035 1308 2069 id
1325 2036 1511 2080 praestari
1533 2036 1669 2070 iussum
1692 2040 1757 2077 est,
1780 2035 1818 2070 in
1839 2035 1962 2070 eadem
1986 2036 2042 2069 vel
2061 2034 2180 2070 vicina
2229 2035 2392 2070 rovincia

160 2078 250 2119 sint,
285 2077 446 2112 iubemus
476 2077 575 2112 nullo
607 2078 713 2114 modo
746 2079 919 2114 eiusmodi
950 2079 1107 2125 leqatum
1139 2091 1160 2113 a
1177 2079 1316 2120 cenari,·
1349 2080 1406 2114 sin
1438 2084 1556 2114 autem
1585 2080 1668 2114 loca
1699 2080 1755 2115 vel
1782 2090 1963 2126 personae
1992 2078 2088 2114 unde
2117 2078 2157 2114 id
2178 2045 2264 2115 dgri
2278 2090 2390 2126 prae-

161 2131 302 2169 ceptum
326 2127 380 2158 est
403 2122 547 2168 lonqius
570 2123 705 2164 absint,
736 2127 820 2158 tunc
843 2123 950 2159 liceat
972 2123 1046 2159 illis
1094 2123 1195 2159 uibus
1219 2123 1258 2158 id
1279 2123 1442 2159 relictum
1466 2128 1537 2165 est,
1569 2124 1601 2158 si
1619 2126 1725 2160 etiam
1744 2135 1839 2171 pars
1863 2125 2024 2170 obliqata
2048 2126 2260 2167 consentiat,
2294 2125 2390 2171 leqa-

163 2173 236 2204 tum
258 2172 476 2215 permutare,
509 2171 543 2203 et
567 2178 642 2214 pro
674 2178 716 2204 eo
743 2169 993 2215 propinquum
1023 2179 1063 2203 re
1089 2169 1176 2203 itum
1208 2168 1372 2214 accipere
1399 2168 1560 2214 fertilem
1594 2173 1628 2204 et
1660 2179 1738 2204 cum
1763 2169 1965 2205 accessione
1994 2179 2067 2204 non
2098 2168 2235 2205 minore
2257 2176 2391 2215 quarta

159 2218 268 2260 parte
290 2213 438 2248 relictae
462 2212 677 2258 quantitatis
707 2224 772 2248 nec
796 2213 917 2248 multis
937 2213 1092 2260 publicis
1118 2212 1260 2249 tributis
1281 2218 1574 2259 praeqravatum.
1622 2213 1759 2257 Quodsi
1781 2215 1887 2249 etiam
1911 2214 2062 2250 vendere
2085 2213 2195 2249 velint
2216 2215 2392 2250 eiusmodi

162 2260 332 2304 leqatum,
364 2269 434 2293 non
459 2258 577 2292 minus
600 2258 637 2292 in
659 2259 817 2304 pretium
841 2259 1024 2305 accipiant
1047 2269 1153 2304 quam
1178 2263 1350 2304 quantum
1381 2269 1431 2294 ex
1456 2259 1520 2294 tali
1544 2259 1664 2305 leqato
1693 2260 1730 2294 in
1756 2259 1907 2305 triqinta
1931 2259 2089 2305 quinque
2112 2269 2228 2295 annos
2250 2260 2390 2307 colliqi-

163 2309 233 2346 tur,
257 2303 309 2338 ita
335 2308 451 2339 tamen
473 2307 514 2339 ut
538 2302 609 2338 tale
625 2303 785 2356 pretium
810 2303 859 2338 ad
882 2303 1103 2339 commodum
1121 2303 1336 2350 praedictae
1360 2304 1572 2339 venerabilis
1599 2303 1726 2339 domus
1749 2304 1809 2340 ubi
1832 2304 1996 2340 relictum
2019 2308 2074 2339 est
2122 2304 2274 2350 reficiat.

294 2348 394 2384 XIII.
455 2346 708 2384 Interdicimus
738 2352 857 2384 autem
888 2349 1122 2384 sanctissimis
1152 2348 1351 2395 episcopis,
1386 2360 1431 2385 ne
1461 2359 1520 2384 res
1549 2349 1696 2386 mobiles
1732 2349 1787 2384 vel
1818 2348 2014 2384 immobiles
2048 2358 2090 2385 ve
2131 2360 2171 2396 se
2200 2353 2390 2394 moventes,

162 2404 407 2440 quaecumque
431 2397 519 2440 post
542 2393 792 2440 episcopatum
814 2398 1017 2440 susceptum
1048 2393 1097 2429 ad
1119 2404 1181 2429 eos
1202 2393 1278 2429 ullo
1302 2393 1409 2430 modo
1430 2395 1679 2440 pervenerint,
1712 2394 1762 2429 ad
1783 2399 1959 2440 coqnatos
1985 2404 2072 2430 suos
2101 2395 2157 2430 vel
2179 2394 2273 2430 alias
2296 2395 2391 2432 ullas

221 2490 237 2521 1
264 2483 303 2520 δὲ
327 2498 384 2519 om.
407 2487 479 2520 Ecl.
499 2486 511 2529 11
528 2484 564 2518 λε
589 2483 678 2519 άτον
700 2486 782 2518 LB⁸
798 2485 976 2519 Nomocfl'n
1004 2484 1142 2540 ληγάτα
1163 2485 1214 2519 ΒΓ
1230 2485 1242 2531 11

1309 2484 1565 2531 ἐπισυνάγεται
1589 2486 1620 2518 A
1639 2487 1670 2518 in
1687 2486 1802 2527 litura,
1828 2483 1991 2530 ἐνάγεται
2003 2485 2053 2518 Β0
2070 2485 2082 2528 11
2101 2487 2142 2519 25
2166 2484 2389 2530 κατελείφθη

162 2530 260 2577 παρά
283 2541 380 2565 τινος
404 2551 445 2555 -
472 2533 492 2565 2
513 2543 552 2564 κε
575 2530 712 2574 εύομεν]
749 2530 800 2572 εἴη
826 2531 855 2564 S
879 2530 891 2574 11
920 2542 973 2565 πα
996 2543 1018 2563 α
1047 2541 1144 2564 τινος
1168 2538 1243 2573 post

1309 2532 1375 2564 SL
1386 2532 1432 2572 B]
1461 2528 1691 2576 καταλειφθῇ
1713 2530 1770 2564 A?
1784 2531 1832 2564 M
1853 2529 1866 2574 11
1892 2532 2094 2584 προχειρεῖν
2116 2530 2278 2584 N‘omocst‘
2293 2533 2324 2573 2,
2338 2539 2355 2565 2
2377 2531 2389 2576 11

104 3712 106 3714 ’
169 3704 244 3745 1Ο,4
262 3703 274 3749 11
293 3705 334 3740 23
351 3702 372 3737 λ
395 3706 454 3740 καὶ
470 3700 496 3737 ε’
510 3703 688 3738 N0m00.dm

162 2575 391 2622 καταλειφθῇ
416 2577 488 2610 coll.
511 2577 559 2609 Β8
585 2576 596 2619 11
620 2573 849 2622 καταλειφθῇ
870 2576 960 2609 LB⁸
1009 2577 1046 2608 cl.
1079 2573 1239 2609 καταλει-

162 2623 261 2670 φθὲν
286 2625 316 2655 A
341 2622 353 2666 11
379 2623 398 2655 3
422 2621 484 2664 τῆς
508 2618 695 2664 διαθήκης]
728 2618 751 2663 ἢ
781 2621 844 2663 τῆς
866 2617 1058 2665 ἀσφαλείας
1079 2623 1242 2655 τουτέστι

162 2670 226 2702 τοῦ
250 2665 435 2711 ἱδιοχείρου
458 2667 592 2710 ἐκείνου
622 2662 722 2699 ὅστις
744 2661 969 2711 ἠσφαλίσατο
990 2663 1118 2699 δοῦναί
1135 2678 1171 2699 τι
1194 2665 1242 2699 εἰς

162 2710 316 2756 εὐσεβεῖς
335 2712 449 2745 αἰτίας
473 2713 549 2745 add.
564 2709 655 2746 Ῥοπ.
673 2711 685 2756 11
704 2713 725 2746 4
748 2713 940 2756 παρέχεται
957 2711 1117 2745 Nomoc.m
1129 2713 1160 2752 9,
1174 2719 1207 2745 27
1229 2712 1240 2752 11

163 2762 183 2794 5
205 2756 338 2800 τούτῳ]
362 2754 506 2790 τούτων
529 2757 576 2790 Μ
603 2757 711 2790 τοῦτο
737 2757 804 2790 Sv.
818 2758 851 2799 l.,
875 2757 979 2790 ABcs
993 2757 1154 2790 Νοηιοιι.7η
1171 2758 1201 2798 2,
1214 2764 1241 2799 2,

162 2804 199 2837 in
222 2805 285 2836 hoc
308 2815 327 2840 ς
345 2803 356 2846 11
381 2804 576 2846 βαρημένοι
600 2803 644 2835 Μ
665 2802 678 2845 11
702 2800 758 2843 τὸ]
782 2804 842 2835 καὶ
864 2800 907 2835 τὸ
930 2801 1082 2836 Nomoc.d
1105 2801 1117 2845 11
1142 2798 1241 2848 λεγοί-

161 2862 227 2883 τον
251 2849 382 2882 ALB⁶
394 2847 571 2882 Nemeam
598 2846 610 2891 11
634 2849 802 2891 παρέχειν
827 2848 855 2880 S
868 2848 1026 2881 Νοτηοσ.7η
1041 2849 1071 2886 9,
1086 2854 1119 2880 2¹1
1146 2847 1158 2890 11
1182 2848 1241 2880 καὶ

163 2908 222 2928 om.
247 2894 277 2926 A
305 2893 317 2937 11
345 2895 364 2927 6
389 2891 556 2937 καρποὺς]
588 2893 734 2925 fructum
759 2904 778 2928 ς
802 2892 814 2935 11
841 2890 1008 2936 νόμιμον]
1041 2889 1129 2935 ὁμοῦ
1156 2891 1206 2925 Bt
1230 2891 1242 2937 11

164 2941 182 2972 7
206 2938 271 2972 τοῦ
296 2938 415 2978 τοῦτο]
448 2937 511 2970 τοῦ
537 2949 595 2971 om.
615 2938 643 2971 S
657 2938 817 2971 Nomoc.⁷'‘
832 2938 863 2979 2,
877 2945 901 2971 1.
923 2941 954 2979 9,
973 2945 1018 2978 27,
1049 2938 1163 2970 τοῦτο·
1181 2950 1238 2971 om.

163 2984 212 3017 B³
235 2983 247 3027 11
278 2984 297 3016 8
322 2979 362 3015 δὲ
382 2995 440 3015 om.
457 2983 528 3016 Ecl.
545 2982 723 3016 Nomoc.d⁷⁷1
741 2983 808 3023 2,1.
835 2984 915 3023 10,4
944 2983 956 3026 11
984 2980 1136 3027 λεγάτον
1160 2982 1240 3015 ML

163 3029 324 3062 Nemeam
342 3028 383 3068 (et
398 3029 466 3060 sim.
485 3029 585 3071 infra)
603 3027 615 3070 11
633 3025 777 3069 ἐτήσιον
800 3024 1003 3070 οἱῳὸήποτε
1027 3040 1085 3060 om.
1101 3028 1129 3061 S
1158 3026 1240 3070 οἱῳ-

164 3071 299 3115 δήποτε
315 3085 372 3105 om.
388 3072 566 3106 Nomocstm
582 3075 632 3113 10,
643 3081 659 3106 4
675 3072 687 3116 11
707 3074 726 3106 9
744 3072 841 3115 οἴκῳ]
866 3075 938 3106 τινὶ
955 3072 1041 3114 οἴκῳ
1060 3073 1087 3105 S
1101 3072 1114 3116 11
1131 3084 1240 3106 κατα-

163 3116 329 3160 λειφθείη
355 3118 383 3150 S
395 3116 572 3151 Nomocstm
590 3117 602 3161 11
619 3116 649 3150 εἰ
672 3118 739 3159 μὲν
759 3137 800 3143 -
831 3119 871 3152 12
895 3115 1084 3160 κελεύομεν
1107 3130 1165 3151 om.
1179 3118 1209 3151 S
1229 3117 1241 3162 11

163 3164 271 3196 τοῦτο
288 3164 318 3195 A
335 3163 346 3205 11
368 3165 406 3197 10
432 3159 558 3195 δοῦναι
584 3176 640 3196 om.
660 3163 708 3195 ΒΕ
726 3162 738 3206 11
757 3165 793 3197 11
820 3163 859 3196 ἐν
883 3163 927 3205 τῆ
951 3182 994 3187 —-
1018 3161 1070 3204 εἴη
1092 3170 1165 3205 post
1188 3163 1239 3196 ἐκ·

163 3206 353 3243 ποιεῖσθαι
376 3208 445 3248 (12)
472 3208 540 3240 coll.
556 3210 621 3241 Ma
646 3207 658 3250 11
690 3209 728 3242 13
754 3207 795 3249 εἰ]
820 3206 857 3241 οἷ
878 3198 1030 3242 Nomocfl
1052 3209 1104 3248 10,
1119 3215 1137 3242 4
1159 3206 1172 3251 11
1199 3210 1240 3243 14

163 3251 390 3297 πορρωτάτω
404 3251 582 3286 Nomoc.dm
595 3254 627 3294 2,
641 3260 657 3287 2
673 3251 685 3297 11
703 3251 770 3285 εἰσὶ
784 3253 814 3286 A
831 3253 843 3296 11
863 3255 902 3288 15
919 3253 1069 3286 ἐκείνους
1081 3253 1240 3287 Nomoc.⁷⁷‘

164 3300 196 3339 2,
213 3307 235 3332 ι.
262 3299 292 3338 2,
310 3304 325 3330 2
353 3297 364 3340 11
399 3299 438 3332 16
463 3300 652 3341 συμβαίνει
676 3301 903 3341 (συμβαίνειν
925 3312 955 3330 υ.
982 3300 1016 3339 Ζ.)
1041 3299 1069 3331 S
1098 3296 1110 3343 11
1135 3294 1239 3344 ὑπερ-

164 3346 327 3386 αμείβειν
343 3343 371 3376 S
379 3343 526 3386 plerique
542 3342 554 3386 11
585 3345 622 3376 17
648 3338 738 3387 ὑπὲρ
757 3341 882 3377 τούτου
902 3341 1102 3387 λαμβάνειν
1119 3343 1150 3377 A
1179 3341 1239 3376 λα-

163 3390 242 3432 βεῖν
261 3386 350 3432 ὑπὲρ
370 3383 498 3421 τούτου
520 3388 679 3421 Νονηοο.7η
706 3387 718 3428 11
739 3390 777 3422 18
801 3390 860 3421 καὶ
885 3401 942 3421 om.
958 3390 987 3422 A
1004 3388 1016 3433 11
1033 3388 1099 3422 τοῦ
1113 3387 1238 3434 τετάρ-

162 3446 226 3467 του
243 3447 301 3466 om.
318 3434 368 3466 B⁶
384 3432 396 3476 11
414 3435 455 3466 20
476 3431 507 3465 εἰ
528 3429 568 3466 δὲ
590 3434 650 3466 καὶ
673 3431 839 3476 πωλῆσαι
861 3429 1064 3478 βούλοιντο]
1088 3435 1146 3466 aut
1163 3444 1238 3467 ven-

163 3478 239 3511 dere
256 3479 285 3511 si
302 3478 469 3511 voluerint
486 3489 505 3514 ς
520 3477 531 3519 11
550 3480 609 3510 καὶ
626 3491 683 3511 om.
699 3479 726 3511 S
738 3479 898 3512 Νοιηοε.7η
911 3480 942 3519 2,
953 3487 968 3512 2
986 3479 998 3522 11
1016 3480 1054 3512 21
1074 3476 1239 3522 βούλοιτο

164 3523 237 3556 ML
247 3523 423 3557 Nomoe.‘1⁷'¹
447 3521 659 3567 βουληθῶσι
676 3523 734 3561 SA
750 3523 762 3567 11
780 3522 823 3557 τὸ
843 3523 983 3557 τοιοῦτο
1005 3521 1160 3569 ληγάτον
1181 3538 1237 3558 om.

1310 2577 1350 2610 27
1377 2573 1399 2618 ἢ
1425 2571 1652 2618 αὖτοκίνητα]
1677 2586 1810 2617 seseque
1828 2578 1996 2608 moventes
2017 2587 2047 2616 ς,
2070 2588 2092 2618 η
2115 2578 2390 2619 αυτοκίνητα-

1310 2622 1351 2655 28
1369 2616 1497 2654 αὐτοὺς
1519 2634 1577 2654 om.
1596 2620 1651 2676 011
1669 2622 1710 2655 28
1727 2619 1853 2665 τρόπῳ
1871 2633 1929 2654 om.
1944 2621 2016 2655 Ecl.
2033 2620 2045 2664 11
2063 2618 2240 2668 περιέλθῃ
2260 2622 2302 2663 B,
2329 2635 2387 2656 om.

1308 2668 1359 2699 La
1385 2666 1396 2710 11
1425 2667 1466 2700 29
1498 2663 1585 2699 ἄλλο
1608 2662 1823 2709 οιονδήποτε
1851 2663 2055 2711 πρόσωπον
2078 2666 2151 2699 Ecl.
2180 2665 2193 2707 11
2221 2664 2325 2708 ἄλλα]
2351 2668 2388 2701 in

1307 2711 1389 2746 alios
1414 2723 1433 2748 ς
1450 2712 1461 2755 11
1478 2708 1681 2754 οἱῳδήποτε
1695 2708 1824 2756 τρόπῳ
1842 2725 1899 2746 om.
1915 2724 1944 2754 ς,
1968 2709 2061 2745 κατὰ
2078 2707 2290 2754 οἱονδήποτε
2304 2712 2387 2758 τρό-

1307 2769 1379 2791 πον
1402 2760 1432 2789 A

1377 2893 1390 2924 1
1409 2892 1496 2923 rubr.
1521 2889 1558 2922 Si
1581 2889 1670 2923 intra
1687 2889 1734 2923 VI
1760 2900 1887 2923 menses
1910 2889 1968 2932 pia
1990 2889 2148 2924 uoluntas
2173 2891 2300 2935 inpleta
2319 2902 2387 2926 non

1308 2936 1408 2969 fuerit
1432 2936 1513 2977 (non
1537 2935 1758 2977 adimpleatur
1783 2936 1833 2977 T)
1857 2935 1926 2968 ΒΤ
1945 2936 1978 2969 in
2003 2948 2105 2980 marq.
2130 2936 2182 2978 (ex
2198 2937 2275 2979 Iul.)
2304 2937 2316 2980 11
2344 2937 2386 2970 ab

1307 2981 1420 3022 aliquo
1444 2980 1588 3023 legatum
1611 2980 1667 3022 Vn
1682 2980 1753 3023 pias
1775 2979 1980 3022 relinquitur
2003 2990 2116 3013 causas
2142 2981 2284 3025 Tvul9.]
2309 2992 2386 3016 cau-

1307 3037 1357 3059 sas
1379 3027 1452 3069 pias
1467 3025 1674 3067 relinquitur
1691 3025 1738 3058 R²
1760 3025 1832 3068 pias
1847 3025 2049 3067 relinquitur
2064 3026 2098 3058 R
2111 3025 2165 3070 1711
2183 3027 2202 3060 2
2226 3028 2294 3066 sex]
2321 3029 2387 3060 tres

1315 3072 1347 3106 V
1359 3071 1371 3114 11
1389 3073 1408 3105 3
1425 3070 1643 3103 numerandas
1666 3069 1721 3114 Vn
1738 3072 1758 3104 4
1775 3070 1939 3111 reli0tum]
1961 3070 2165 3112 relinquitur
2182 3071 2232 3103 [ἴα
2247 3071 2260 3114 11
2279 3071 2386 3105 distu-

1307 3116 1384 3150 lerit
1409 3116 1441 3149 T
1450 3116 1459 3136 ¹
1478 3115 1491 3159 11
1516 3118 1535 3150 5
1560 3115 1711 3148 honerati
1736 3115 1841 3149 RVT
1861 3115 1873 3158 11
1898 3116 1918 3149 6
1941 3125 2042 3148 usura
2066 3115 2116 3148 Β*
2130 3116 2143 3159 11
2166 3126 2295 3148 omnem
2319 3117 2353 3150 R
2374 3117 2386 3161 11

1307 3162 1521 3204 augmentum
1537 3160 1688 3202 exigatur
1707 3161 1738 3193 T
1749 3160 1761 3205 11
1781 3163 1799 3194 7
1816 3159 1990 3202 reliquerit
2017 3160 2072 3204 ΤΙΙ
2090 3162 2206 3195 8rubr.
2230 3161 2279 3194 De
2296 3161 2384 3204 lega-

1308 3209 1349 3239 tis
1371 3206 1545 3239 annalibus
1563 3205 1729 3248 (analibus
1742 3206 1788 3247 R)
1812 3205 1854 3238 ad
1869 3204 2026 3247 religiosa
2049 3205 2122 3238 loca
2141 3205 2386 3248 pertinentibus

1308 3252 1375 3285 ΒΤ
1394 3254 1427 3286 in
1448 3259 1548 3295 mai-q.
1571 3252 1623 3291 (ex
1638 3251 1714 3293 Iul.)
1731 3250 1744 3294 11
1762 3250 1913 3283 ciuilibet
1934 3251 1984 3284 Va
2000 3249 2013 3295 11
2032 3252 2052 3285 9
2075 3250 2306 3292 relinquaetur
2323 3253 2356 3285 Τ
2381 3252 2386 3298 1

1307 3297 1365 3339 qui
1390 3309 1447 3331 om.
1464 3296 1514 3330 R¹
1530 3296 1543 3340 11
1567 3295 1648 3328 iussi
1671 3297 1760 3337 sunt]
1785 3295 1883 3329 iussis
1907 3295 1956 3328 12¹
1979 3295 1992 3340 11
2021 3298 2060 3330 10
2084 3296 2158 3337 hoc]
2183 3298 2216 3329 et
2238 3296 2301 3330 hoo
2326 3297 2358 3330 V
2381 3299 2386 3342 1

1309 3345 1348 3378 13
1374 3342 1450 3374 dare
1475 3342 1506 3374 R
1531 3341 1542 3384 11
1570 3342 1612 3375 14
1633 3342 1675 3381 et]
1701 3342 1759 3374 aut
1784 3342 1860 3375 libri
1888 3341 1985 3374 etiam
2005 3342 2092 3385 vulq.
2117 3341 2129 3384 11
2153 3341 2294 3384 obligati
2317 3342 2350 3375 R
2372 3344 2384 3385 11

1311 3390 1348 3424 15
1368 3387 1535 3420 consensit
1556 3387 1610 3429 Vll
1631 3387 1671 3420 16
1688 3386 1837 3419 redditus
1853 3385 1903 3419 13²
1912 3385 2001 3420 V³T
2020 3386 2143 3419 reditos
2164 3385 2214 3420 Vb
2239 3386 2385 3420 redidtos

1313 3434 1375 3474 Va,
1401 3445 1458 3466 om.
1478 3432 1526 3465 R¹
1551 3431 1564 3475 11
1591 3441 1659 3464 non
1683 3445 1741 3465 om.
1761 3432 1810 3465 T¹
1839 3431 1852 3475 11
1880 3432 1922 3466 20
1947 3432 2094 3474 accipere
2123 3432 2154 3464 T
2177 3432 2190 3475 11
2219 3433 2260 3466 21
2285 3433 2383 3466 annis

1307 3479 1375 3511 ΕΤ
1393 3477 1406 3517 11
1424 3476 1596 3520 colligitur
1622 3477 1747 3521 Tvuly.
1766 3476 1778 3520 11
1795 3477 1839 3510 tffi
1860 3477 1893 3510 R
1910 3476 1925 3520 11
1938 3479 1978 3510 ut
2002 3489 2060 3510 om.
2083 3477 2133 3511 V¹
2150 3475 2162 3521 11
2185 3478 2226 3511 23
2251 3479 2300 3510 est
2324 3490 2382 3512 om.

1314 3523 1365 3557 V¹
1384 3522 1396 3566 11
1414 3524 1456 3557 26
1465 3525 1553 3556 rubr.
1569 3522 1619 3554 De
1634 3522 1833 3555 testamento
1849 3521 1993 3565 episcopi
2009 3521 2063 3555 uel
2079 3521 2216 3555 alterius
2230 3522 2382 3556 ammini-

115 3587 117 3590 <
165 3567 193 3600 S
210 3567 222 3611 11
237 3566 298 3611 μὴ]
323 3571 356 3601 et
375 3579 440 3602 non
467 3581 485 3605 ς
504 3569 516 3610 11
532 3568 578 3602 εἰς
594 3567 636 3601 τὸ
656 3568 785 3602 SALB
795 3571 825 3611 ς]
851 3582 908 3602 om.
921 3570 965 3602 M
977 3569 989 3612 11
1006 3570 1048 3603 22
1071 3566 1196 3613 λαβεῖν
1214 3571 1241 3604 S
1306 3568 1456 3601 stratoris
1480 3567 1748 3610 (aministratoris
1770 3567 1814 3610 R)
1839 3567 2039 3601 uenerabilis
2061 3566 2127 3600 loci
2150 3568 2220 3601 ΒΤ
2230 3569 2264 3602 in
2280 3580 2382 3612 marq.

164 3612 325 3646 Nemeam
343 3616 395 3655 10,
408 3621 425 3648 4
460 3606 575 3647 αὐτοῦ’
591 3611 788 3656 λαμβάνειν
808 3616 837 3647 A
867 3614 879 3658 11
909 3609 996 3648 ὅσον
1015 3610 1115 3659 ὑπὲρ]
1152 3610 1241 3649 ὅσον
1307 3616 1358 3656 (ex
1373 3614 1451 3656 Iul.)
1468 3613 1480 3657 11
1497 3612 1619 3646 sanctis
1646 3613 1678 3646 T
1699 3612 1768 3657 1127
1792 3614 1850 3646 aut
1873 3612 2059 3646 immobiles
2080 3625 2138 3646 om.
2160 3611 2277 3657 Ῐ71128
2302 3623 2384 3655 quo-

164 3654 254 3702 ἧπερ
279 3657 367 3699 (ε’ίπε
413 3672 441 3693 υ.
458 3659 492 3699 l.)
517 3659 545 3692 S
568 3653 704 3693 ὅσονπε
749 3656 773 3703 ἢ
796 3660 835 3692 ἐκ
858 3661 890 3693 A
916 3659 928 3704 11
958 3659 1056 3693 τοιοῦ
1081 3660 1240 3694 Nemeam

369 3671 389 3713 9
705 3671 907 3751 ἦένιαυτοῖς
921 3704 996 3739 Bv?
1019 3701 1164 3749 χρόνους
1177 3706 1207 3739 A
1229 3704 1242 3751 11

1272 3683 1278 3742 l
1308 3661 1385 3702 quo]
1403 3669 1610 3701 quocumque
1630 3659 1658 3690 R
1676 3657 1688 3701 11
1704 3660 1929 3700 peruenerunt
1952 3659 1983 3693 V
1996 3659 2138 3701 pereunt
2154 3658 2186 3692 T
2192 3658 2204 3679 ²
2220 3658 2233 3703 11
2250 3659 2292 3693 29
2306 3669 2383 3702 pro-

1308 3704 1390 3748 priis
1410 3704 1466 3748 Vss
1483 3704 1519 3737 in
1543 3704 1638 3744 alias]
1663 3704 1698 3736 in
1724 3716 1782 3737 om.
1796 3704 1829 3737 T
