2586 3990
160 136 399 170 MONACHOS
427 136 593 170 VIVERE

161 238 270 280 κοινῴΙ
293 234 509 271 διαιτᾶσθαι
532 234 625 270 κατὰ
641 235 683 270 τὸ
705 236 783 271 τῶν
796 235 1027 280 καλουμένων
1042 238 1237 279 κοινοβίων

162 283 297 326 σχῆμα,
321 285 380 316 καὶ
401 281 491 327 μήτε
515 278 606 315 ἰδίας
630 283 723 324 ἐχειν
745 280 896 325 οἰκήσεις
918 280 1007 326 μήτε
1028 285 1237 328 περιουσίαν

161 324 350 374 ἀθροίζειν
371 327 460 372 μήτε
481 329 564 371 βίον
588 329 681 369 ἔχειν
705 323 918 373 ἀμάρτυρον,
940 324 1028 361 ἀλλὰ
1051 328 1154 373 κοινῇ
1171 327 1239 370 μὲν

163 370 289 408 αὖτοὺς
323 372 525 414 σιτεῖσθαι,
561 370 758 407 καθεύδειν
789 370 827 407 δὲ
857 368 1022 407 ἅπαντας
1052 373 1092 406 ἐν
1115 372 1236 415 κοινῷ,

160 421 220 451 καὶ
250 418 318 453 τὸν
349 414 552 460 εὐσχήμονα
582 415 819 461 μεταδιώκειν
850 421 932 462 βίον
967 419 1027 451 καὶ
1056 413 1239 463 μάρτυρας

161 463 252 497 εἶναι
283 463 344 505 τῆς
375 458 542 505 ἀλλήλων
572 461 822 507 κοσμιότητος,
853 465 913 496 καὶ
936 462 1016 496 τοὺς
1045 465 1237 508 νεωτέρους

160 505 345 542 αἰδεῖσθαι
376 507 444 551 τὴν
469 506 600 542 πολιὰν
629 509 706 543 τῶν
729 508 844 543 ταῦτα
869 507 1148 542 ἐποπτευόντων
1177 510 1237 541 καὶ

160 550 361 595 ἐξεπίτηδες
390 555 449 586 καὶ
481 550 683 599 ἀγρυπνίαν
712 552 1008 597 προςλαμβάνειν,
1040 553 1099 586 ἴνα
1128 552 1177 597 μή
1200 565 1237 586 τι

159 596 340 654 πάρεργον
369 595 460 642 μηδὲ
484 599 522 639 ἐξ
546 596 659 634 ὕπνου
682 601 827 653 γε’νηται
858 595 948 642 μηδὲ
968 594 1142 641 ἀσχήμων
1165 597 1238 631 θέα

1225 117 1311 167 667

1879 122 1986 166 Nov.
2016 121 2239 165 cxxx-111
2266 133 2326 176 pr.
2355 99 2380 163 '1

1306 233 1459 270 cundum
1495 234 1591 279 quod
1626 242 1672 279 ap
1698 233 1828 269 ellatur
1865 233 2118 270 coenobiorum
2151 233 2312 275 schema,
2349 233 2386 268 et

1304 288 1419 325 neque
1449 279 1596 325 propria
1628 279 1674 315 ha
1700 288 1759 314 ere
1790 279 1995 315 habitacula
2026 289 2140 324 neque
2164 277 2384 315 substantias

1308 334 1522 369 congregare
1556 335 1671 370 neque
1698 324 1806 360 vitam
1837 325 1914 359 sine
1944 324 2158 367 testimonio,
2195 324 2257 360 sed
2289 334 2383 359 com-

1305 370 1457 406 muniter
1488 370 1627 415 quidem
1657 380 1719 406 eos
1743 369 1942 414 comedere,
1974 370 2128 406 dormire
2149 379 2232 405 vero
2264 379 2384 406 omnes

1274 416 1345 451 5in
1376 425 1577 458 commune,
1613 418 1650 451 et
1681 416 1866 451 honestam
1902 415 2033 451 sectari
2067 416 2174 451 vitam
2209 418 2245 450 et
2274 416 2384 450 testes

1306 471 1384 497 esse
1408 463 1556 496 ornatus
1580 461 1769 502 alterutris,
1800 465 1836 496 et
1858 461 2000 496 iuvenes
2024 461 2165 505 quidem
2188 460 2301 496 vereri
2325 469 2384 494 ca-

1306 506 1427 541 nitIem
1450 506 1540 542 haec
1563 506 1827 551 respicientium
1851 508 1886 541 et
1910 516 1954 541 ex
1978 506 2094 541 studio
2120 505 2225 541 etiam
2248 504 2385 549 vigilias

1307 561 1502 593 assumere,
1533 554 1573 586 ut
1604 561 1649 586 ne
1680 551 1766 596 quid
1795 550 1963 587 facinoris
1994 551 2100 586 veluti
2130 561 2194 596 per
2224 559 2385 586 somnum

1276 600 1277 603 ’
1306 596 1370 631 fiat
1409 605 1522 641 neque
1555 596 1671 641 turpis
1711 595 1872 632 videatur
1912 596 2008 640 aliis,
2047 596 2108 631 sed
2145 595 2386 641 unusquisque

158 646 230 677 τοῖς
253 641 388 686 amois,
413 640 494 677 ἀλλ’
514 645 661 679 ἕκαστος
682 657 750 687 την
773 640 901 677 ἑαυτου
925 642 1146 687 κοσμιότητα
1169 639 1238 676 κάν
1255 645 1292 677 10
1307 652 1407 678 suam
1431 642 1654 677 honestatem
1677 641 1782 676 etiam
1807 641 2010 677 dormiendo
2036 641 2226 677 custodiat.

158 688 211 731 τῷ
236 687 432 722 καθεύδειν
456 688 640 734 φυλάττοι.

1163 754 1317 791 CAPUT
1342 755 1369 789 Ι.

233 813 350 847 Τινῶν
374 810 413 846 δὲ
447 810 521 857 “aiv
545 811 899 860 προςαγγελθέντων,
923 807 1016 857 ἅπερ
1040 815 1100 846 καὶ
1122 813 1238 856 μείζο-

160 868 218 892 νος
249 861 308 891 καὶ
334 827 600 904 ἀσφαλεστέρου
631 858 743 903 νόμου
768 855 979 902 προςεδεῖτο,
1009 857 1155 891 εἰκότως
1179 859 1240 892 ἐπὶ

159 903 227 946 τὴν
250 904 440 948 παροῦσαν
469 900 680 958 (ἐφικόμεθα
704 904 929 947 νομοθεσίαν
959 903 1005 936 εἰς
1029 904 1161 945 ἐκείνης
1184 915 1238 936 τε-

1373 810 1594 855 Quibusdam
1626 819 1708 846 vero
1739 809 1842 845 nobis
1875 809 2063 851 nuntiatis,
2100 819 2191 854 quae
2213 809 2321 854 digna
2352 811 2387 844 et

1307 856 1431 891 maiori
1467 855 1606 892 cautela
1637 855 1723 900 legis
1754 855 1921 899 egebant,
1958 857 2056 890 recte
2088 854 2133 890 ad
2165 856 2388 900 praesentem

1306 903 1463 937 venimus
1488 901 1706 938 sanctionem
1730 901 1776 935 ad
1791 900 1886 935 illius
1910 899 2167 945 perfectionem
2191 904 2227 935 et
2242 900 2386 944 supple-

161 947 305 982 λείωσίν
328 961 367 983 τε
391 952 450 982 καὶ
475 947 744 1003 αναπλήρωσιν,
777 945 828 982 δι>
853 948 892 991 ἧς
917 948 1151 994 θεσπίζομεν,
1175 960 1238 991 μη-
1254 950 1292 981 15
1306 952 1478 987 mentum,
1510 957 1575 992 per
1599 956 1703 990 quam
1728 945 1925 988 sancimus,
1950 946 2087 981 nullum
2111 945 2252 990 penitus
2277 946 2386 980 licen-

162 992 248 1027 δένα
265 993 452 1028 παντελῶς
472 991 570 1028 ἰδίαν
587 996 679 1036 ἐχειν
693 995 831 1036 οἱκησιν
854 991 944 1037 μηδὲ
960 993 1001 1027 τὸ
1019 992 1239 1036 καλούμενον

161 1038 310 1080 κελλίον,
347 1039 377 1072 εἰ
406 1039 454 1082 μὴ
486 1039 594 1083 μόνος
625 1039 800 1081 εἴηκατὰ
833 1042 875 1073 τό
909 1039 1150 1084 μοναστήριον
1187 1038 1240 1071 ἑνὶ

161 1084 270 1126 τυχὸν
302 1081 325 1126 ἢ
350 1082 413 1118 δύο
436 1085 614 1128 χρώμενος
638 1082 751 1128 ύπουρ
775 1087 825 1118 οἷς
855 1087 914 1117 καὶ
938 1084 1004 1118 τὸν
1034 1085 1073 1117 ἐν
1097 1083 1239 1127 θεωρίᾳ

160 1142 199 1163 τε
223 1132 282 1162 καὶ
297 1127 423 1172 ἡσυχίᾳ
448 1128 552 1176 διαζῇ
577 1133 670 1183 βίον,
695 1126 777 1183 0}stst
796 1126 888 1163 ὅλως
912 1127 1033 1163 ὄντων
1058 1127 1239 1164 πλειόνων

1306 993 1392 1027 tiam
1416 992 1549 1027 habere
1572 991 1758 1027 habitandi
1783 991 1998 1036 appellatam
2023 990 2204 1034 cellulam,
2237 990 2307 1025 nisi
2330 1000 2387 1025 so-

1306 1038 1362 1072 lus
1387 1037 1495 1072 fuerit
1516 1040 1552 1072 et
1574 1037 1828 1072 monasterium
1852 1037 1991 1071 duobus
2023 1040 2126 1072 utens
2149 1036 2319 1071 ministris
2352 1038 2388 1071 et

1308 1084 1547 1118 coutinentem
1583 1086 1619 1117 et
1653 1082 1808 1127 quietam
1845 1082 1949 1126 degat
1983 1082 2108 1124 vitam,
2148 1082 2210 1117 sed
2246 1082 2388 1117 omnino

1309 1139 1388 1163 cum
1413 1128 1484 1163 sint
1505 1127 1649 1173 plurimi
1673 1127 1755 1171 viri,
1788 1137 1861 1162 una
1893 1128 1940 1163 sit
1961 1136 2082 1163 eorum
2108 1126 2327 1163 conversatio
2353 1129 2389 1161 et

161 1172 307 1219 ἀνδρῶν
335 1179 436 1230 μίανκ
455 1175 547 1209 εἶναι
578 1189 647 1228 την
672 1175 796 1209 αυτιῦν
826 1174 1030 1209 συνέλευσιν
1061 1177 1121 1207 καὶ
1143 1172 1238 1216 εὐχο-
1253 1175 1293 1208 20
1308 1174 1486 1209 orantium
1522 1177 1557 1208 et
1592 1183 1681 1218 quae
1716 1175 1868 1208 naturae
1907 1175 1991 1208 sunt
2026 1182 2134 1217 opera
2169 1172 2387 1213 facientium,

161 1222 281 1263 με’νων
312 1223 372 1253 καὶ
395 1234 442 1253 τα
464 1221 526 1263 τῆς
548 1232 688 1266 φύσεως
720 1221 804 1266 ἔργα
833 1219 1087 1265 πραττόντων,
1118 1217 1240 1254 ὁπόσα

162 1263 332 1322 ἄμεμπτα
356 1278 396 1299 τε
420 1268 477 1299 καὶ
502 1262 705 1310 ἀδιάβλητα
729 1265 942 1307 καθέστηκε,
969 1268 1028 1298 καὶ
1051 1266 1151 1311 κοινῇ
1174 1266 1239 1308 μὲν

161 1322 209 1344 ως
232 1310 368 1356 εἴρηται
392 1310 588 1353 σιτεῖσθαι,
613 1311 713 1357 κοινῇ
734 1309 772 1344 δὲ
793 1308 996 1345 καθεύδειν.
1036 1313 1095 1343 καὶ
1120 1311 1150 1344 εἰ
1173 1312 1239 1353 μὲν

160 1357 335 1389 τοσοῦτον
369 1355 421 1398 εἴη
456 1356 498 1389 τὸ
532 1356 674 1399 πλῆθος
709 1352 876 1390 ὅσονείς
907 1357 972 1390 ἕνα
997 1355 1094 1389 οἶκον
1117 1357 1238 1399 χωρεῖ-

1308 1221 1483 1264 quatenus
1507 1218 1741 1263 inculpabiles
1765 1223 1802 1253 et
1822 1218 2082 1253 inaccusabiles
2108 1218 2322 1260 consistant3
2353 1220 2390 1252 et

1309 1264 1540 1299 communiter
1561 1264 1712 1308 quidem,
1734 1263 1827 1298 sicut
1845 1264 1978 1298 dictum
1996 1267 2058 1305 est,
2079 1264 2270 1304 comedere,
2293 1273 2387 1298 com-

1307 1308 1460 1345 muniter
1494 1319 1634 1354 quoque
1668 1309 1832 1344 dormire.
1880 1308 1929 1343 Et
1967 1309 1997 1344 si
2032 1308 2172 1354 quidem
2207 1309 2308 1343 tanta
2343 1307 2390 1343 sit

1306 1354 1494 1390 multitudo
1544 1355 1655 1389 nanta
1674 1354 1712 1389 in
1733 1365 1804 1389 uno
1826 1354 2031 1389 habitaculo
2055 1354 2219 1399 capiatur
2240 1373 2284 1378 —
2301 1353 2388 1388 alio-

162 1401 325 1434 σθαι-·
351 1402 525 1448 ἑπείτοιγε
549 1414 658 1444 τυχον
683 1399 747 1434 δύο
765 1399 786 1444 ἢ
802 1404 891 1445 τρεῖς
915 1402 1026 1435 οἴκους
1051 1400 1142 1434 εἶναι
1159 1400 1239 1435 τοὺς
1253 1402 1294 1434 25
1309 1400 1393 1444 quin
1425 1399 1494 1435 duo
1543 1410 1648 1435 orsan
1680 1403 1743 1434 aut
1774 1399 1843 1435 tria
1872 1399 2078 1435 habitacula
2105 1409 2183 1435 esse
2213 1409 2303 1444 quae
2329 1408 2389 1434 ca-

161 1444 366 1490 δεχομένους
402 1443 539 1481 αὐτούς.
595 1445 731 1491 μηδένα
765 1450 888 1490 μέντοι
925 1445 1110 1481 παντελῶς
1145 1445 1239 1480 ἴδιον

161 1493 253 1533 ἔχειν
276 1489 398 1535 μηδέν,
430 1489 512 1526 ἀλλῖ
539 1496 578 1525 ἐν
602 1493 709 1535 κοινῷ
737 1494 802 1535 ζῆν
826 1490 970 1534 νύκτωρ
1002 1504 1041 1525 τε
1065 1494 1123 1524 καὶ
1147 1488 1236 1535 μεθ’

161 1534 307 1581 ἡμέραν,
337 1538 396 1571 ἵνα
422 1537 457 1570 αἱ
481 1537 604 1572 νύκτες
629 1535 745 1572 αὐτοῖς
768 1537 836 1579 τὴν
858 1535 973 1580 αὐτὴν
996 1539 1072 1571 ταῖς
1097 1534 1240 1582 ἡμέραις

161 1584 274 1623 ἔχοιεν
291 1579 550 1637 παρατήρησιν.
594 1578 636 1617 οὗ
651 1582 721 1629 γὰρ
738 1580 980 1616 καθεύδουσιν
996 1578 1153 1616 ἅπαντες
1174 1580 1240 1622 ἀεί,

1307 1446 1409 1490 piant
1432 1455 1505 1480 eos.
1548 1444 1695 1480 Nullum
1719 1448 1837 1480 tamen
1870 1445 2011 1481 omnino
2039 1445 2221 1491 proprium
2245 1444 2388 1486 habere,

1308 1491 1371 1527 sed
1395 1491 1431 1526 in
1448 1501 1633 1526 commune
1656 1491 1771 1526 vivere
1795 1491 1962 1526 noctibus
1986 1493 2023 1526 et
2042 1490 2178 1534 diebus,
2202 1492 2244 1525 ut
2266 1493 2389 1525 noctes

1308 1536 1358 1571 eis
1384 1536 1531 1571 eandem
1555 1536 1712 1571 habeant
1736 1545 1840 1580 quam
1866 1535 1940 1571 dies
1966 1536 2258 1572 observationem.
2308 1534 2390 1570 Non

1310 1582 1403 1617 enim
1435 1581 1613 1616 dormiunt
1644 1591 1766 1617 omnes
1798 1591 1948 1626 semper,
1980 1582 2043 1617 sed
2074 1581 2192 1626 palam
2220 1583 2276 1616 est
2306 1580 2391 1624 quia

162 1624 253 1661 ἀλλὰ
278 1625 459 1683 πρόδηλον
490 1639 538 1661 ως
567 1627 603 1662 οἱ
630 1630 698 1672 μὲν
723 1630 761 1661 ἐν
785 1629 837 1671 τῷ
862 1625 1058 1662 καθεύδειν
1082 1628 1182 1668 εἰσίν,
1207 1626 1241 1660 οἱ
1255 1629 1296 1662 30
1310 1627 1370 1662 alii
1394 1627 1534 1672 quidem
1557 1627 1594 1662 in
1619 1637 1742 1662 somno
1767 1630 1860 1667 sunt,
1885 1627 1946 1661 alii
1968 1636 2051 1662 vero
2074 1626 2231 1670 vigilant,
2254 1627 2292 1661 et
2315 1636 2388 1661 om-

162 1671 200 1706 δὲ
213 1675 435 1719 έγρηγορασι,
452 1676 510 1706 καὶ
527 1672 676 1708 πάντως
692 1675 840 1707 ἔσονταί
853 1684 946 1707 τινες
963 1672 999 1706 οἱ
1012 1671 1093 1706 τους
1107 1671 1241 1707 καθεύ-

161 1715 289 1751 δοντας
321 1718 588 1752 ἐποπτεύοντες.
634 1719 665 1752 εἰ
695 1716 738 1752 δέ
755 1731 838 1751 τινα
865 1717 1041 1760 οἰκήματά
1067 1719 1166 1752 ἐστιν
1198 1722 1237 1750 ἐν

1309 1672 1392 1708 nino
1417 1675 1500 1708 sunt
1524 1672 1665 1716 quidam
1690 1672 1902 1708 dormientes
1925 1671 2165 1717 inspicientes.
2214 1670 2253 1707 Si
2272 1674 2391 1707 autem

226 1797 255 1816 υ.
276 1787 316 1819 15
343 1787 565 1829 Θεσπίζομεν
590 1806 632 1810 —-
657 1787 700 1820 29
721 1785 971 1830 παρατήρησιν
996 1794 1104 1820 extant
1126 1786 1178 1819 Bt
1189 1789 1227 1828 4,
1248 1795 1275 1828 1,
1294 1795 1335 1829 17,
1371 1799 1402 1819 υ.
1424 1789 1463 1821 15
1491 1786 1718 1828 Θεσπίζομεν
1741 1803 1786 1809 -
1811 1786 1852 1818 32
1878 1783 2138 1819 ἐποπτεύοντες
2163 1786 2210 1820 B⁸
2237 1788 2282 1819 M
2304 1788 2355 1828 17,
2373 1793 2391 1820 6

154 1843 190 1874 p.
206 1831 271 1864 508
284 1831 387 1864 Ζαει.

160 1908 277 1944 dinem
293 1908 460 1955 efficiunt
483 1909 520 1943 in
544 1910 725 1945 communi
746 1909 860 1946 vivere
882 1908 1074 1945 secundum
1096 1909 1256 1955 formam
1281 1908 1534 1944 coenobiorum
1559 1919 1652 1955 quae
1668 1911 1854 1951 vocantur,
1878 1918 1922 1943 ac
1945 1919 2060 1955 neque
2078 1909 2238 1956 propria
2261 1908 2393 1946 habere

161 1953 365 1989 habitacula
387 1964 503 2000 neque
526 1964 613 2000 opes
635 1955 817 1991 cumulare
840 1965 954 2000 neque
976 1954 1084 1989 vitam
1109 1954 1243 2000 absque
1268 1954 1415 1990 testibus
1439 1964 1565 2000 aqere,
1597 1953 1662 1990 sed
1682 1954 1915 1989 communiter
1937 1965 2000 1990 eos
2024 1965 2154 1990 cenare
2177 1958 2213 1991 et
2235 1954 2273 1990 in
2297 1966 2391 1991 com-

161 1999 259 2034 muni
291 2009 411 2033 omnes
441 1999 589 2041 cubare,
621 2004 656 2035 et
685 1999 870 2035 honestam
902 1999 1009 2034 vitam
1041 2000 1188 2038 sectari,
1220 2003 1254 2034 et
1287 2002 1392 2034 testes
1422 2010 1499 2035 esse
1528 1999 1675 2035 invicem
1707 1998 1924 2042 honestatis,
1956 2010 1999 2034 ac
2032 1999 2193 2036 iuniores
2225 2000 2392 2036 canitiem

160 2054 283 2080 eorum
307 2043 371 2088 qui
392 2042 481 2078 haec
504 2050 633 2078 curant
656 2044 810 2080 revereri
834 2047 868 2079 et
889 2043 975 2078 data
1000 2054 1112 2089 opera
1135 2045 1242 2078 etiam
1268 2045 1299 2079 vi
1328 2044 1409 2078 ilias
1433 2054 1553 2089 aqere,
1583 2055 1627 2079 ne
1676 2043 1739 2079 uid
1761 2044 2047 2090 intempestivum
2072 2055 2116 2080 ne
2137 2055 2205 2091 per
2228 2056 2390 2080 somnum

162 2088 303 2168 quidegn
328 2087 398 2132 siat
428 2098 513 2123 neve
544 2087 768 2124 inhonestum
798 2090 925 2124 ceteris
954 2088 1219 2134 spectaculum,
1249 2098 1287 2122 se
1342 2098 1444 2122 suam
1476 2089 1628 2134 quisque
1651 2054 1871 2124 honestatem
1896 2090 2003 2124 etiam
2030 2089 2125 2124 inter
2147 2089 2391 2125 dormiendum

162 2137 261 2169 custo
289 2137 351 2168 tat.

295 2178 324 2213 l.
373 2176 446 2213 Sed
475 2188 554 2212 cum
583 2177 749 2213 nuntiata
781 2178 883 2213 nobis
912 2178 984 2212 sint
1013 2177 1207 2223 quaedam,
1238 2188 1332 2223 quae
1363 2180 1398 2213 et
1418 2178 1556 2214 maiore
1587 2182 1623 2214 et
1642 2178 1804 2223 firmiore
1836 2178 1914 2224 leqe
1939 2178 2161 2224 indiqerent,
2191 2179 2319 2215 merito
2344 2180 2393 2215 ad

162 2223 257 2260 hanc
290 2223 400 2269 leqem
432 2222 528 2257 illius
544 2222 802 2303 'perficiendae
832 2227 865 2258 et
895 2222 1118 2269 supplendae
1141 2233 1252 2258 causa
1280 2222 1472 2268 ferendam
1493 2224 1739 2269 pervenimus,
1764 2234 1836 2270 per
1860 2234 1967 2269 quam
1991 2223 2186 2267 sancimus,
2217 2225 2392 2260 neminem

163 2269 308 2304 omnino
330 2268 519 2314 propriam
569 2267 674 2303 abere
699 2267 952 2303 habitationem
977 2278 1092 2313 neque
1114 2267 1280 2303 cellulam
1304 2279 1397 2313 quae
1421 2273 1582 2310 vocatur,
1608 2269 1678 2303 nisi
1701 2268 1800 2304 solus
1823 2269 1861 2304 in
1884 2268 2103 2304 monasterio
2127 2269 2173 2303 sit
2196 2280 2268 2304 uno
2290 2270 2393 2316 forte

163 2313 344 2350 duobusve
367 2313 540 2348 ministris
564 2316 665 2348 utens
689 2317 723 2348 et
746 2314 855 2348 vitam
879 2314 916 2348 in
940 2312 1241 2358 contemplatione
1265 2316 1298 2348 el
1321 2312 1514 2348 solitudine
1534 2318 1704 2359 peraqat,
1731 2314 1796 2349 sed
1819 2314 1941 2359 utique
1965 2324 2044 2349 cum
2062 2313 2192 2360 plures
2214 2314 2289 2351 sint
2312 2315 2391 2358 viri,

163 2370 271 2395 unum
296 2369 373 2394 esse
396 2369 519 2394 eorum
542 2362 751 2394 conventum
784 2362 819 2393 et
841 2357 924 2393 dum
948 2362 1055 2393 orant
1085 2362 1119 2393 et
1142 2357 1226 2393 dum
1250 2363 1403 2394 naturae
1434 2369 1546 2404 opera
1565 2362 1751 2405 peraqunt
1783 2369 2029 2404 quaecumque
2053 2358 2334 2405 reprehensione
2357 2365 2394 2396 et

162 2404 367 2451 suspicione
391 2407 515 2438 carent
523 2415 538 2445 ;
573 2407 607 2438 et
631 2403 872 2445 communiter,
902 2404 958 2438 uti
977 2402 1109 2437 dictum
1134 2406 1198 2444 est,
1231 2413 1360 2439 cenare
1384 2403 1686 2450 communiterque
1710 2403 1850 2439 cubare.
1898 2404 1951 2439 Ac
1973 2405 2008 2439 si
2030 2403 2171 2450 quidem
2200 2409 2322 2440 tantus
2345 2406 2392 2441 sit

163 2460 342 2492 numerus,
391 2451 539 2484 uantum
564 2459 637 2483 una
661 2449 787 2483 domus
810 2459 852 2483 ca
881 2449 933 2483 iat
953 2449 1015 2491 (ita
1031 2459 1090 2483 res
1106 2447 1265 2491 habeat):
1294 2448 1431 2494 alioqui
1455 2448 1547 2484 duae
1568 2449 1731 2493 fortasse
1756 2453 1868 2484 tresve
1891 2449 1963 2483 sint
1986 2448 2113 2484 domus
2138 2460 2231 2495 quae
2254 2461 2315 2486 eos
2337 2462 2391 2486 re-

164 2495 311 2542 cipiant.
396 2504 472 2529 emo
499 2505 579 2530 vero
604 2494 747 2529 omnino
772 2493 834 2539 qui
860 2503 968 2539 quam
987 2494 1137 2539 proprii
1157 2493 1304 2536 habeat,
1337 2493 1401 2529 sed
1423 2498 1530 2528 noctu
1554 2494 1682 2540 dieque
1706 2494 1743 2530 in
1768 2495 1948 2529 communi
1969 2495 2107 2535 vivant,
2141 2497 2180 2529 ut
2201 2500 2324 2531 noctes
2346 2496 2391 2531 iis

163 2540 310 2576 eandem
335 2550 414 2575 cum
437 2538 561 2574 diebus
585 2539 867 2574 observationem
891 2538 1057 2574 habeant.
1103 2537 1229 2584 Neque
1251 2539 1342 2574 enim
1369 2550 1489 2574 omnes
1512 2549 1650 2584 semper
1671 2539 1865 2580 dormiunt,
1889 2539 1953 2574 sed
1975 2539 2207 2584 manifestum
2223 2544 2277 2576 est
2299 2540 2391 2576 alios

163 2585 322 2621 dormire
344 2584 436 2619 alios
460 2584 622 2629 viqz‘tare,
653 2588 688 2620 et
712 2584 835 2630 utique
856 2584 942 2629 fore
966 2584 1108 2628 aliquos
1140 2585 1205 2629 qui
1226 2584 1442 2619 dormientes
1465 2584 1670 2630 inspiciant.
1716 2583 1855 2627 Quodsi
1885 2595 1979 2630 quae
2008 2589 2093 2619 sunt
2123 2584 2329 2622 habitacula
2352 2587 2389 2622 in

233 2678 248 2709 1
275 2674 317 2708 τὸ
342 2675 419 2708 τῶν
442 2672 685 2717 καλουμένων]
720 2672 761 2706 τὸ
793 2671 1011 2717 καλούμενον
1041 2673 1119 2707 τῶν
1145 2674 1208 2710 Ας
1230 2673 1242 2715 ΙΙ

165 2724 185 2756 2
210 2718 359 2763 οἰκήσεις
387 2720 444 2756 Off
468 2721 525 2761 (cf.
543 2733 612 2752 nov.
631 2720 697 2753 Vc.
712 2721 730 2753 3
745 2721 848 2769 p·,31'
863 2720 923 2760 28)]
950 2716 1088 2761 κτήσεις
1105 2719 1209 2752 MLA
1231 2717 1242 2761 ΙΙ

166 2769 186 2802 3
210 2767 303 2808 ἔχειν
327 2779 385 2799 om.
405 2766 461 2801 Os-
477 2765 489 2808 ἱ]
508 2766 528 2798 4
554 2762 603 2806 δὲ]
629 2777 667 2797 τε
691 2765 721 2797 Α
740 2764 752 2807 ΙΙ
768 2759 932 2797 ἅπαντας
955 2765 985 2796 Α
1011 2766 1064 2806 (cf.
1077 2778 1110 2807 p.
1125 2765 1179 2805 31,
1193 2766 1242 2806 30)

165 2811 303 2847 πάντας
328 2811 396 2852 Ος]
429 2806 557 2843 αὐτοὺς
577 2810 648 2842 ML
665 2810 676 2851 1]
696 2812 715 2844 5
735 2806 1023 2848 μεταδιώκοντας
1046 2811 1129 2852 βίον
1151 2805 1240 2853 μάρ-

164 2866 271 2901 τυρας
285 2856 317 2889 A
335 2860 347 2899 1]
363 2858 383 2890 6
407 2854 488 2888 τοὺς
508 2856 710 2898 νεωτέρους]
733 2857 867 2887 iuvenes
883 2855 1014 2896 quidem
1040 2866 1059 2890 ς
1074 2854 1086 2899 ΙΙ
1107 2857 1124 2887 7
1143 2852 1241 2887 πολι-

165 2906 265 2935 τείαν
294 2902 360 2934 Cv.
376 2902 396 2933 l.
414 2901 426 2943 11
452 2903 470 2935 8
495 2902 555 2932 καὶ
579 2913 637 2933 om.
663 2902 691 2932 A
712 2903 723 2942 ΙΙ
749 2901 768 2933 9
790 2896 890 2943 μηδὲ]
916 2899 1020 2932 veluti
1045 2911 1073 2939 ς,
1099 2912 1156 2933 om.
1177 2900 1209 2933 A
1231 2899 1242 2945 ss

165 2944 255 2990 μηδὲ
274 2941 445 2989 ἀσχήμων
466 2945 539 2977 θέα
554 2946 627 2977 τοῖς
647 2942 775 2985 ἄλλοις]
800 2947 859 2977 καὶ
883 2946 955 2977 τοῖς
979 2942 1112 2977 λοιποῖς
1135 2942 1203 2986 ἅσχ
1226 2964 1241 2969 -

166 3002 229 3033 μσς
247 2989 320 3023 θέα
341 2992 372 3023 Α
404 3001 510 3032 neque
531 2990 637 3032 turpis
660 2989 812 3022 videatur
835 2989 909 3022 aliis
934 3001 953 3025 ς
977 2989 1062 3029 (θεά
1086 2991 1157 3023 τοῖς
1180 2957 1242 3023 ἄλ-

166 3035 239 3069 λοις
262 3048 319 3068 om.
338 3036 403 3068 C'v.
419 3036 452 3075 l.)
469 3035 481 3078 ΙΙ
502 3037 541 3069 10
557 3035 710 3067 ἕκαστον
725 3036 756 3067 A
773 3035 785 3077 Ι]
811 3037 848 3068 11
871 3033 1065 3080 φυλάττειν
1082 3035 1151 3067 MA
1168 3035 1181 3079 ΙΙ
1201 3037 1242 3069 12

167 3077 257 3123 ἅπερ
272 3080 327 3120 Μ]
345 3075 450 3119 ἀξίαν
466 3082 545 3123 (pro
559 3076 672 3118 ἀξίων
680 3079 709 3119 ⁶2)
730 3081 760 3112 A
785 3074 878 3123 ἅπερ
895 3079 978 3119 ἄξια
992 3080 1081 3115 ΕΟς
1098 3080 1109 3122 ΙΙ
1130 3082 1168 3114 13
1183 3083 1243 3113 καὶ

167 3121 1026 3212 ἐὲῖελῑσῐξρς]11ῆῖῑῑδῑὲιῖῖθεδῐῖτὲιιςῑιέ
1052 3124 1170 3211 'list
1183 3128 1243 3215 'si

171 3217 210 3250 16
236 3212 332 3247 ἰδίαν
355 3183 616 3256 ε’χεινηοῖκησιν]
642 3214 812 3246 licentiam
835 3183 954 3247 illabere
974 3182 1147 3247 habssittandi
1168 3217 1201 3256 (i,
1216 3229 1241 3250 e.

167 3257 291 3293 ἄδειαν
308 3259 401 3300 ἔχειν
416 3259 557 3302 οἰκῆσαι
567 3260 596 3300 Ῡ)
618 3271 636 3295 ς
655 3260 666 3302 ΙΙ
681 3256 781 3303 μηδὲ]
806 3256 828 3301 ἢ
851 3261 886 3302 C,
900 3273 957 3292 om.
973 3271 991 3295 ς
1009 3259 1020 3303 Ι]
1041 3261 1080 3293 17
1094 3260 1124 3292 εἰ
1136 3258 1244 3303 (πλὴν

168 3305 198 3338 εἰ
213 3306 257 3347 Α)
279 3303 328 3348 μὴ
344 3302 453 3348 μόνος
469 3305 557 3340 AC&
571 3306 626 3348 (cf
640 3317 709 3337 nov.
729 3305 792 3337 Vc.
809 3306 827 3338 3
839 3318 873 3348 p.
885 3306 937 3345 31,
949 3306 1011 3346 38)]
1037 3317 1094 3338 om.
1110 3306 1219 3339 MLB
1233 3305 1244 3350 ΙΙ

168 3350 270 3390 κατὰ]
295 3352 327 3382 et
351 3351 385 3389 (i,
403 3362 428 3382 e.
445 3350 543 3389 xai?)
570 3361 588 3385 ς
606 3349 617 3392 ΙΙ
643 3349 696 3382 ἑνὶ
720 3348 829 3391 τυχὸν
853 3347 875 3392 ἢ
900 3363 956 3382 om.
972 3361 991 3385 ς
1008 3349 1020 3392 ΙΙ
1048 3351 1088 3384 18
1112 3347 1192 3384 δυσὶ
1221 3353 1249 3385 C

167 3399 228 3429 v.l.
249 3396 259 3436 ΙΙ
275 3394 453 3438 χρώμενος
465 3395 591 3436 Αο(ς)]
608 3394 839 3438 χρώμενονΒ
854 3396 1055 3439 χρωμένους
1067 3396 1139 3429 ML
1157 3396 1169 3440 ss
1185 3399 1244 3429 καὶ

169 3442 199 3473 Α
215 3441 277 3479 Cy]
302 3438 394 3472 κατὰ
422 3440 527 3472 MLB
557 3440 569 3482 ss
598 3438 675 3480 τὸν]
700 3438 767 3472 τὸν
790 3440 866 3472 τῶν
890 3442 930 3480 (υ.
946 3441 964 3472 l.
990 3440 1069 3481 τοῦ)
1094 3441 1142 3474 Β*
1165 3441 1178 3485 ΙΙ
1202 3444 1242 3476 19

170 3483 273 3530 διαζῇ
287 3485 387 3524 ΑΟς]
413 3482 540 3525 διαζῆν
554 3485 663 3518 MLB
680 3485 692 3527 ΙΙ
709 3479 807 3528 ὅμως
824 3486 888 3518 Cv.
903 3485 922 3517 l.
942 3485 954 3528 ΙΙ
971 3482 1104 3527 ὄντων]
1128 3482 1148 3519 ὃ
1168 3487 1244 3519 τῶν

173 3531 220 3563 B⁶
244 3529 320 3562 τῶν
332 3530 363 3562 A
382 3530 394 3572 ΙΙ
411 3532 451 3563 2Ο
470 3527 594 3562 αὐτῶν
610 3530 709 3562 οηι.Α
725 3529 736 3573 Ι]
756 3527 942 3562 συνάλισιν
960 3531 989 3563 C
1003 3529 1014 3574 ΙΙ
1029 3532 1088 3563 καὶ
1104 3527 1241 3574 εὐχομέ-

169 3577 258 3615 νων]
279 3570 480 3617 εύχομένων
498 3586 538 3607 τε
552 3575 582 3607 A
602 3574 614 3618 ΙΙ
632 3576 670 3607 21
687 3571 894 3608 ποιούντων
906 3576 935 3607 A
954 3574 966 3617 1]
984 3573 1104 3608 ὁπόσα
1122 3577 1242 3617 MLB]

172 3614 271 3653 ὅπως
284 3621 349 3653 AO
356 3631 375 3656 ς
390 3619 402 3664 ΙΙ
423 3621 464 3653 22
480 3631 520 3653 τε
536 3633 593 3652 om.
607 3620 658 3652 B⁰
673 3619 685 3664 ΙΙ
704 3619 905 3662 καθέστηκε
919 3621 1041 3661 MLB]
1064 3620 1242 3663 καθεστή-

170 3676 225 3697 κοι
243 3665 293 3699 Ος
317 3661 476 3708 διαμένοι
488 3666 519 3698 A
537 3664 549 3708 Ι]
567 3666 608 3699 23
625 3661 673 3697 αἶς
688 3664 824 3710 εἴρηται
846 3678 902 3698 om.
916 3665 946 3698 A
964 3665 976 3707 ΙΙ
988 3666 1243 3699 ·σιτει’σθωσαν

1310 2685 1366 2707 τοι
1390 2687 1457 2707 cum
1470 2674 1666 2708 Haloandro
1685 2675 1868 2718 υα19.(ΒῙ)
1887 2675 1985 2714 male;
2011 2676 2162 2709 omittitur
2183 2689 2221 2710 ex
2241 2689 2298 2709 usu
2315 2689 2391 2720 per-

1309 2719 1438 2761 vulqato
1451 2721 1573 2762 prioris
1587 2721 1744 2754 enuntiati
1757 2722 1909 2764 apodosis
1915 2721 2023 2763 facile
2035 2721 2217 2764 supplenda
2234 2726 2246 2765 ΙΙ
2265 2723 2307 2756 24
2319 2720 2391 2756 εἷεν

1309 2764 1340 2797 A
1358 2763 1370 2807 ΙΙ
1386 2759 1486 2805 ὅσον]
1505 2761 1553 2798 (ὃς
1567 2766 1599 2798 A
1617 2764 1629 2809 ΙΙ
1646 2766 1687 2798 25
1706 2762 1770 2798 δύο
1785 2765 1893 2807 τυχὸν
1916 2761 1940 2808 ἢ
1961 2768 2051 2811 τρεῖς
2076 2767 2131 2802 Os
2154 2768 2246 2811 τρεῖς
2268 2764 2291 2809 ἢ
2314 2763 2390 2810 δύο,

1310 2822 1367 2842 om.
1381 2807 1491 2851 τυχὸν
1503 2811 1533 2843 Α
1550 2810 1562 2853 ΙΙ
1581 2811 1623 2844 26
1635 2807 1764 2853 μηδενὶ
1777 2811 1858 2844 LBs
1876 2810 1888 2854 ss
1904 2813 2040 2855 μέντοι]
2060 2808 2100 2844 δὲ
2115 2824 2181 2844 cum
2193 2813 2390 2846 Haloandro

1308 2854 1491 2898 vu19.(Bs)
1508 2855 1519 2898 ΙΙ
1547 2857 1587 2890 27
1611 2853 1724 2898 μηδὲν
1749 2869 1806 2889 om.
1825 2857 1877 2892 Ος
1894 2856 1906 2899 Ι]
1934 2858 1976 2890 28
2002 2856 2061 2890 ἵνα
2085 2854 2134 2898 αἱ]
2159 2851 2219 2890 ὅτι
2242 2859 2302 2890 καὶ
2325 2858 2357 2891 A
2379 2856 2392 2903 Η

1310 2900 1351 2932 29
1375 2895 1416 2932 ού
1440 2898 1520 2945 γὰρ]
1546 2896 1610 2942 οὐχ
1632 2897 1687 2933 ἀεὶ
1700 2901 1815 2942 (sie)A
1831 2900 1843 2945 ΙΙ
1863 2897 1916 2934 ἀεὶ
1941 2915 1998 2935 om.
2016 2903 2048 2935 A
2072 2902 2084 2945 Ι]
2110 2903 2148 2936 31
2177 2900 2391 2948 ἐγρηγόρασι

1310 2944 1433 2996 LAC]
1467 2945 1710 2991 ἐγρηγόρησαν
1734 2946 1958 2992 (ἐγρηγόρησι
1984 2947 2033 2980 B⁸
2049 2948 2119 2980 cod.
2140 2948 2248 2991 Lips.)
2274 2949 2357 2981 ΜΒ
2378 2946 2392 2993 Ι]

1310 3000 1441 3023 παντες
1459 2991 1522 3024 Ου.
1537 2993 1568 3034 l.,
1583 2993 1613 3024 L
1638 2987 1763 3025 πάντα
1776 2993 1828 3024 Βο
1845 2993 1856 3034 ΙΙ
1874 2990 1908 3025 οἱ
1932 3004 1990 3024 om.
2004 2992 2035 3025 A
2054 2991 2066 3036 ss
2083 2993 2125 3026 32
2150 3004 2264 3026 τινων
2278 2994 2329 3026 Aa

1373 3125 1389 3158 1
1416 3123 1591 3156 cenobium
1615 3123 1816 3165 (scenobium
1841 3125 1890 3165 ta)
1916 3125 2011 3165 libri,
2036 3136 2116 3158 corr.
2137 3125 2224 3167 ναῖς.
2247 3124 2259 3168 ΙΙ
2285 3135 2390 3159 sceme

1311 3170 1342 3201 et
1366 3176 1376 3201 t
1408 3171 1508 3201 semet
1530 3170 1563 3202 T
1581 3169 1593 3212 ΙΙ
1618 3170 1637 3202 2
1659 3178 1766 3210 neque
1785 3187 1828 3192 —
1844 3168 2039 3202 habitacula
2063 3182 2121 3202 om.
2144 3169 2176 3202 T
2197 3169 2210 3213 [Ι
2234 3170 2389 3203 substan-

1309 3214 1389 3246 tiam
1413 3221 1424 3247 t
1442 3213 1453 3252 ΙΙ
1469 3215 1490 3248 4
1514 3225 1567 3246 eos
1583 3214 1715 3256 quidem
1731 3213 1898 3247 comedere
1923 3215 1955 3247 T
1968 3214 1980 3257 ΙΙ
1998 3215 2018 3247 6
2043 3216 2175 3247 ornatos
2200 3216 2284 3257 libri,
2306 3228 2388 3249 corr.

1310 3260 1393 3302 vuly.
1419 3258 1430 3301 ΙΙ
1454 3259 1610 3292 alterutri
1635 3261 1725 3301 libri,
1750 3272 1832 3292 corr.
1846 3261 1931 3302 vuly.
1957 3259 1969 3303 ΙΙ
1995 3259 2170 3291 inueniens
2198 3261 2229 3293 T
2245 3260 2257 3303 ΙΙ
2275 3271 2389 3294 uerere

1311 3306 1399 3344 (uere
1417 3306 1439 3344 t)
1457 3305 1612 3337 canitiem
1630 3305 1662 3337 T
1669 3304 1705 3337 lt
1728 3305 1935 3337 uenerandae
1951 3304 2087 3337 canitiei
2106 3304 2156 3337 Τ2
2173 3304 2185 3347 ΙΙ
2204 3307 2221 3338 7
2247 3305 2310 3338 hoc
2328 3306 2360 3338 T
2378 3305 2391 3350 ΙΙ

1311 3352 1329 3382 ὃ
1354 3350 1540 3391 sompnium
1566 3357 1576 3383 t
1594 3349 1606 3394 Ι]
1625 3350 1665 3383 12
1681 3350 1840 3391 quaedam
1866 3351 1951 3391 libri,
1968 3362 2050 3383 corr.
2063 3351 2148 3393 vulq.
2167 3350 2180 3394 ΙΙ
2199 3352 2239 3384 13
2256 3350 2387 3392 maiori]

1311 3405 1373 3435 que
1398 3394 1499 3436 digna
1522 3395 1640 3427 maiori
1663 3394 1740 3437 1⁷¹ss
1766 3394 1854 3436 leges
1880 3395 1913 3428 T
1922 3402 1934 3428 t
1949 3394 1961 3438 ΙΙ
1984 3397 2172 3436 praesentes
2196 3395 2236 3437 tl}
2264 3398 2304 3430 15
2329 3407 2388 3439 per

1311 3442 1420 3481 quam]
1439 3450 1636 3481 quamquam
1651 3440 1683 3473 T
1691 3440 1700 3482 ΙΙ
1712 3440 1841 3472 nullam
1859 3447 1879 3481 t,
1893 3453 1951 3473 om.
1966 3441 1997 3473 T
2008 3439 2020 3483 Ι]
2040 3442 2078 3473 17
2094 3442 2127 3472 et
2139 3440 2386 3482 monasterium]

1312 3487 1371 3527 leq.
1395 3484 1431 3517 in
1455 3485 1679 3518 monasterio?
1697 3483 1710 3529 Ι]
1729 3487 1768 3519 18
1789 3485 1941 3526 *degunt
1966 3486 2019 3518 Tt
2043 3485 2163 3527 degant
2187 3486 2242 3526 al„
2265 3487 2351 3528 ναῖς.
2375 3484 2389 3531 ΙΙ

1314 3531 1353 3564 19
1381 3532 1466 3571 cum]
1504 3541 1579 3563 eum
1605 3532 1685 3563 tuno
1709 3538 1720 3563 t
1747 3530 1759 3573 ΙΙ
1789 3531 1830 3564 20
1856 3530 2024 3562 orantium
2048 3532 2146 3573 vuly.]
2177 3531 2388 3574 operantium

1312 3576 1343 3608 T
1349 3582 1361 3608 t
1377 3575 1388 3618 ΙΙ
1407 3576 1446 3608 21
1469 3575 1704 3618 inculpabilem
1731 3579 1765 3608 ,a
1782 3575 1793 3619 ΙΙ
1817 3575 2070 3608 inaccusabilem
2088 3579 2123 3609 ια
2146 3575 2387 3610 inaccurabiles

1313 3621 1344 3653 T
1367 3619 1379 3664 ΙΙ
1403 3622 1435 3653 et
1459 3633 1517 3654 om.
1533 3622 1583 3654 T¹
1602 3621 1613 3664 ΙΙ
1639 3621 1681 3653 22
1705 3621 1750 3652 sic
1775 3620 1814 3663 tl}
1832 3620 1997 3654 comedere
2016 3621 2048 3653 T
2067 3619 2079 3661 Ι]
2102 3621 2386 3662 communiterque

1310 3666 1450 3698 dormire
1472 3666 1523 3707 ΤΙΙ
1544 3667 1583 3700 27
1607 3669 1645 3698 ut
1661 3667 1693 3698 et
1709 3667 1838 3698 noctem
1864 3674 1875 3699 t
1892 3666 1904 3709 ΙΙ
1922 3666 1964 3699 29
1988 3666 2077 3707 quia]
2104 3666 2259 3707 quoniam
2284 3665 2324 3709 tss
2342 3668 2384 3700 30

173 3716 202 3743 et
222 3706 503 3743 καθευὸἐτωσαν
527 3711 557 3743 Α
573 3710 585 3755 ΙΙ
607 3711 667 3743 καὶ
690 3710 761 3753 (om.
780 3711 828 3743 B⁸
842 3723 871 3743 υ.
887 3711 919 3752 l.)
944 3710 975 3742 εἰ
995 3711 1074 3754 μὲν]
1106 3711 1137 3743 εἰ
1158 3714 1241 3754 μέν·
1272 3709 1277 3751 1
1310 3713 1397 3752 vero]
1421 3721 1488 3744 non
1510 3711 1542 3744 T
1550 3711 1561 3731 ²
1579 3710 1592 3755 ss
1613 3713 1653 3746 31
1680 3710 1812 3753 quidem
1837 3718 1850 3745 t
1866 3710 1879 3756 ΙΙ
1894 3711 1922 3743 si
1947 3723 2005 3744 om.
2020 3711 2052 3744 T
2060 3711 2070 3730 ¹
2087 3711 2099 3754 ΙΙ
2116 3713 2236 3752 autem]
2262 3714 2338 3744 ante
2357 3711 2389 3745 T

2045 3767 2115 3800 84*
