2618 4010
140 177 199 207 DE
228 174 555 208 DONATIONIBUS
586 175 616 205 A
647 173 919 206 CURIALIBUS

142 278 358 321 κρινομένου.
398 276 611 320 κρατοῦντος
629 271 668 307 δὲ
684 275 748 308 τοῦ
765 273 877 318 νόμου
895 275 954 307 ἐπὶ
971 275 1049 308 τῶν
1067 270 1220 317 ὕστερον

142 324 326 365 ἐσομένων
347 321 494 367 γάμων·
535 321 595 353 ἐπὶ
619 317 689 363 γὰρ
709 321 787 353 τῶν
811 316 1068 360 συνεστώτων,
1099 318 1130 350 εἰ
1153 318 1220 361 μὲν

143 364 340 401 ὑπόλοιπός
372 368 471 399 ἐστιν
502 361 522 408 ἡ
554 362 720 398 ὃεκαετία
751 363 774 406 ἢ
803 362 865 398 οὐκ
891 363 1054 398 ἐλάττων
1078 361 1220 401 ὃιετίας,

143 413 278 446 τοῦτον
299 413 407 454 ἐχέτω
423 410 492 444 τὸν
507 409 639 455 χρόνον
655 412 715 444 ἐπὶ
731 411 775 457 τῇ
793 407 1002 456 ἀναργυρίᾳ,
1024 405 1101 452 ἥτις
1121 404 1219 449 αὐτῷ

143 460 202 490 καὶ
225 456 295 500 τὴν
318 456 570 501 παραπομπὴν
594 454 762 489 δίδωσιν·
788 456 819 488 εἰ
842 454 881 490 δὲ
905 453 1102 497 ἢέλάττων
1120 449 1220 494 αὐτῷ

142 503 204 544 τῆς
224 500 356 535 &artas
379 498 614 535 ὑπολείπεται
633 501 759 548 χρόνος
782 498 804 543 ἢ
823 504 883 534 καὶ
903 500 1028 542 ἐξῆκεν
1043 495 1062 532 ὁ
1078 497 1220 541 σύμπας

143 547 204 589 τῆς
233 545 415 580 δεκαετίας
443 546 580 591 καιρός,
617 547 814 589 τηνικαῦτα
844 542 962 579 αὐτοῖς
991 546 1058 589 μὲν
1082 540 1219 576 διετίαν

143 589 289 635 δίδομεν
312 592 360 625 εἰς
382 591 424 625 τὸ
445 592 666 637 μέμψασθαι
691 592 734 638 τῇ
762 587 977 636 ἇναργυρίᾳ,
997 591 1070 623 τοῖς
1094 586 1134 622 δὲ
1157 584 1217 620 αὗ-

141 638 218 670 τιῦν
245 635 475 690 κληρονόμοις
505 637 597 680 μετὰ
632 635 794 670 διάλυσιν
822 635 1025 689 τοῦὶγάμου
1049 634 1134 667 εἴσω
1158 633 1219 675 τῆς

1224 154 1309 203 487

2086 154 2193 199 Nov.
2225 153 2279 199 CI
2307 166 2369 211 pr.

1288 270 1364 314 lege
1400 280 1508 315 super
1542 270 1597 306 his
1636 279 1726 314 quae
1761 271 1887 314 postea
1924 269 2068 304 futurae
2104 271 2187 304 sunt
2216 278 2264 302 nu
2290 267 2369 310 tiis3

1289 325 1398 360 super
1427 316 1483 350 his
1514 316 1606 351 enim
1638 325 1731 360 quae
1762 319 1945 355 constant,
1984 314 2157 358 siquidem
2189 313 2258 348 resi
2284 323 2368 347 uum

1290 365 1345 395 est
1369 361 1578 396 decennium
1601 366 1665 395 aut
1686 371 1757 396 non
1781 361 1895 395 minus
1920 360 2118 401 biennium,
2144 360 2213 394 hoc
2236 358 2368 393 habeat

1288 409 1429 450 tempus
1464 406 1501 441 in
1536 417 1608 441 non
1645 408 1831 441 numerata
1865 406 2035 450 pecunia,
2072 404 2166 449 quod
2198 403 2231 438 ei
2261 403 2367 437 etiam

1257 455 1275 486 5
1289 451 1593 487 transmissionem
1612 451 1723 487 dabit.
1766 451 1803 486 Si
1826 460 1908 486 vero
1930 454 1992 485 aut
2011 450 2127 484 minus
2149 449 2181 484 ei
2200 448 2366 483 biennino

1288 497 1460 541 reliquum
1495 500 1550 532 est
1582 499 1720 542 tempus
1753 498 1816 531 aut
1839 496 1944 531 etiam
1969 495 2123 531 excessit
2146 497 2260 529 totum
2284 493 2364 528 dec-

1289 543 1383 576 ennii
1416 547 1573 587 tempus,
1609 545 1694 577 tunc
1730 542 1818 586 ipsis
1855 542 1995 586 quidem
2031 540 2210 575 biennium
2243 538 2366 572 (lamus

1289 587 1334 622 ad
1364 588 1544 632 querelam
1567 598 1639 622 non
1663 590 1870 622 numeratae
1893 586 2076 631 pecuniae,
2102 594 2223 619 eorum
2247 586 2366 617 autem

1289 633 1479 668 heredibus
1510 636 1546 667 et
1577 635 1659 677 post
1689 633 1900 667 solutionem
1924 630 2137 666 matrimonii
2168 629 2260 663 intra
2293 632 2365 662 tres

141 682 330 726 τριμήνου,
364 683 424 715 ἱνα
457 680 517 715 διὰ
550 681 704 716 πάντων
729 679 847 715 αὐτοῖς
870 694 913 714 τυ
939 679 1078 714 δίκαιον
1110 676 1218 724 φυλά-
1235 680 1275 712 10
1288 689 1438 719 menses,
1464 681 1504 712 ut
1527 687 1593 722 per
1616 678 1734 712 omnia
1758 678 1808 712 eis
1832 677 2005 711 iustitiam
2029 684 2218 710 servemus.

142 726 193 765 ξω
221 740 270 760 εν.

184 741 278 817 ἔΕπ
288 776 302 805 ί
308 772 327 806 λ
338 771 464 818 oyes.)
509 772 557 805 Τὰ
575 776 699 806 τοίνυν
715 770 957 816 παραστάντα
976 766 1061 813 ἡμῖν
1078 771 1136 802 καὶ
1158 766 1218 801 διὰ

141 815 246 850 τοῦδε
270 820 333 850 τοῦ
360 818 463 851 θείου
489 815 690 861 δηλούμενα
713 817 823 860 νόμου
847 814 868 859 ἡ
891 816 934 858 σὴ
953 812 1106 859 ὑπεροχὴ
1125 815 1149 846 ἔ
1165 827 1217 859 γῳ

141 866 200 895 καὶ
224 865 353 897 πεόατι
378 861 606 908 παραδοῦναι
631 861 836 896 σπευσάτω.
891 861 974 895 Dat.
989 871 1069 894 XIII.
1087 860 1122 894 k.
1160 870 1217 893 an.

1355 766 1625 813 (Epilogus.)
1678 766 1777 809 Quae
1811 766 1921 809 igitur
1949 765 2164 810 placuerunt
2194 764 2296 798 nobis
2333 766 2368 797 et

1289 823 1352 858 per
1376 814 1467 848 hanc
1493 822 1632 847 sacram
1653 811 1835 846 declarata
1859 813 1944 845 sunt
1964 810 2085 853 legem,
2111 812 2175 844 tua
2195 808 2366 843 celsitudo

1288 858 1477 894 manifesta
1501 858 1663 892 omnibus
1693 856 1812 891 facere
1834 856 1989 891 festinet.
2083 855 2165 889 Dat.
2191 864 2267 888 XVI.
2294 853 2365 887 kal.

143 908 211 942 ΟΡ.
228 897 348 953 (imp.)
365 909 424 944 dn.
443 908 630 943 Iustiniani
654 919 713 952 pp.
734 909 824 951 Aug.
850 917 943 941 anno
957 906 1054 940 XIII.
1078 905 1218 949 Apione
1234 907 1273 938 15
1288 904 1363 938 Ian.
1382 903 1502 949 (imp.)
1519 903 1575 937 dn.
1591 902 1780 937 Iustiniani
1801 912 1862 946 pp.
1885 902 1975 945 Aug.
1994 910 2088 935 anno
2107 900 2202 934 XIII.
2228 898 2368 943 Apione

142 964 173 987 V.
195 964 224 987 C.
251 963 347 988 CODS.

656 1113 707 1154 ᾗ

348 1188 521 1241 ΠΕΡΙ
553 1186 1015 1240 BOYAEYTsaN.

142 1468 298 1516 Ἐγράφη
319 1466 470 1517 Ἰωάννῃ
494 1471 547 1512 τῷ
568 1467 793 1511 ἐνδοξοτάτῳ
820 1468 962 1514 ἐπάρχῳ
988 1472 1222 1514 πραιτωρίων

198 1516 239 1548 τὸ
253 1515 301 1559 β’,
327 1512 400 1548 ἀπὸ
427 1513 580 1549 ὑπάτων
604 1512 859 1560 <ὐρὸιναρίων>
890 1518 948 1547 καὶ
974 1518 1163 1561 πατρικίῳ.

196 1584 328 1627 (Προο
338 1586 384 1626 ίμ
394 1597 405 1615 ι
415 1595 434 1616 o
444 1582 494 1625 ν.>
542 1580 661 1625 Καλῆς
692 1580 778 1625 ἡμῖν
808 1582 1029 1625 νομοθεσίας
1057 1579 1223 1628 ἀφορμὴν

1184 952 1219 991 [ιι
1243 951 1321 990 539]
1381 961 1411 983 v.
1433 959 1462 983 c.
1490 948 1646 983 consule.

1799 1116 1844 1152 CI

1451 1187 1501 1234 R
1543 1186 1636 1234 DE
1673 1144 2188 1234 DONATIONIBUS

1287 1255 1332 1303 A
1366 1253 1775 1303 CURIALIBUS
1812 1251 2056 1302 FAoTis
2096 1251 2244 1301 suis
2282 1252 2367 1299 AB

1232 1320 1681 1372 201NTESTATO
1725 1321 1858 1369 VEL
1900 1318 2367 1369 TESTAMENTO

1371 1389 1608 1439 EORUM
1656 1387 2200 1439 SUGCESSORIBUS
2242 1388 2295 1436 R

1445 1467 1542 1502 Idem
1566 1468 1656 1510 Aug.
1683 1466 1834 1501 Iohanni
1858 1477 1917 1511 pp.
1941 1476 2004 1511 per
2028 1465 2218 1500 Orientem.

1335 1581 1380 1627 <P
1390 1591 1408 1615 r
1417 1591 1438 1615 a
1448 1581 1489 1615 ef
1496 1591 1518 1615 a
1526 1580 1624 1624 tio.)
1665 1580 1786 1614 Bonae
1807 1578 1911 1614 nobis
1932 1578 2127 1613 sanctionis
2144 1577 2370 1613 occasionem

144 1628 363 1672 προςέλευσίς
379 1640 494 1661 τινων
511 1625 644 1661 δέδωκε
662 1627 877 1672 βουλευτῶν,
898 1631 957 1660 καὶ
978 1625 1087 1661 τόνδε
1102 1626 1222 1661 ποιού-
1237 1628 1277 1660 25
1293 1627 1516 1670 quorundam
1553 1625 1737 1660 curialium
1773 1623 2014 1668 interpellatio
2051 1623 2165 1663 dediii,
2206 1625 2243 1657 et
2277 1623 2370 1656 hanc

142 1673 242 1717 μεθα
263 1673 330 1706 τὸν
353 1671 465 1716 νόμον
489 1669 552 1706 οὐκ
576 1674 640 1706 ἐπί
661 1687 775 1707 τινων
798 1672 1016 1717 βουλευτῶν,
1049 1670 1128 1706 ἀλλῚ
1163 1675 1223 1707 ἐπὶ

142 1720 186 1764 τῇ
209 1715 359 1760 ὑπηκόῳ
384 1718 493 1764 πάσῃ,
520 1718 666 1763 λέγομεν
687 1716 726 1751 δὲ
742 1715 831 1751 ὅσον
848 1732 887 1752 τε
903 1719 993 1763 πρὸς
1010 1719 1106 1760 ἑῴαν
1123 1720 1223 1752 ἐστὶν

142 1767 201 1796 καὶ
226 1759 314 1796 ὅσον
338 1762 509 1807 δυόμενος
533 1760 629 1807 ἥλιος
653 1764 766 1810 ἐφορᾷ
787 1767 846 1797 καὶ
870 1759 958 1797 ὅσον
983 1765 1021 1796 ἐκ
1041 1764 1117 1796 τῶν
1134 1762 1223 1798 πλα-

142 1812 233 1852 γίων
252 1809 487 1862 ςε’κατέρωίὴέν
508 1810 617 1842 ἐστιν.
659 1807 781 1851 ἐπειδὴ
798 1809 867 1855 γὰρ
885 1806 1133 1843 ἐσπούδασται
1150 1813 1223 1842 τοῖς

1292 1674 1403 1716 legem
1438 1672 1589 1706 facimus
1625 1681 1697 1705 non
1732 1670 1777 1705 ad
1813 1669 1986 1714 quosdam
2023 1669 2190 1711 curiales,
2227 1669 2289 1703 sed
2324 1667 2370 1702 ad

1293 1727 1414 1753 omnes
1440 1717 1498 1761 qui
1523 1716 1625 1751 nobis
1651 1715 1857 1756 oboediunt,
1883 1714 2029 1749 dicimus
2055 1717 2173 1749 autem
2198 1715 2369 1757 quantum

1293 1763 1434 1807 quidem
1471 1763 1516 1797 ad
1553 1763 1724 1797 orientem
1760 1764 1814 1796 est
1849 1764 1884 1795 et
1913 1762 2085 1804 quantum
2121 1760 2174 1794 sol
2204 1758 2370 1794 occidens

1292 1808 1438 1853 respicit
1480 1811 1515 1841 et
1557 1809 1729 1852 quantum
1774 1816 1817 1841 ex
1859 1806 2045 1849 utriusque
2086 1805 2260 1839 lateribus
2303 1808 2368 1839 est.

146 1854 213 1898 πρὸ
241 1868 343 1897 ημων
367 1854 412 1887 τὰ
438 1855 611 1900 περὶτῶν
627 1853 832 1897 βουλευτῶν
849 1855 1002 1888 καὶτῶν
1019 1852 1223 1888 ἐπιδόσεων
1237 1856 1278 1887 30
1292 1854 1465 1898 Quoniam
1505 1854 1598 1888 enim
1640 1851 1844 1887 sollicitudo
1886 1851 1954 1885 fuit
1993 1851 2042 1885 eis
2083 1852 2143 1894 qui
2183 1854 2266 1884 ante
2304 1860 2370 1883 nos

146 1901 220 1933 τῶν
244 1900 291 1932 εἰς
314 1899 375 1933 τὰς
393 1899 533 1943 βουλάς,
558 1903 617 1932 καὶ
634 1903 727 1933 τίνες
742 1901 808 1943 μὲν
825 1899 990 1933 ἕλκονται
1007 1899 1096 1944 πρὸς
1112 1898 1223 1942 τύχην

143 1944 376 1988 βουλευτικὴν
392 1948 485 1978 τίνες
502 1943 541 1978 δὲ
559 1943 845 1990 ἐλευθεροῦνται,
866 1947 977 1978 έκεῖνο
996 1945 1222 1989 θεσπίζομεν

144 1990 186 2023 τὰ
221 1988 347 2023 ἄδειαν
376 1989 468 2023 εἶναι
498 1993 570 2023 τοῖς
594 1989 799 2033 βουλευταῖς
822 1987 862 2024 οὐ
886 1991 1002 2034 μόνον
1024 1991 1086 2033 τῆς
1111 1987 1219 2034 αὐτῆς

1291 1900 1437 1934 fuerunt
1470 1898 1513 1933 de
1545 1898 1738 1933 curialibus
1762 1901 1797 1932 et
1821 1897 1864 1931 de
1889 1896 2138 1931 collationibus
2162 1896 2198 1930 in
2223 1894 2369 1933 curIam,

1290 1944 1359 1990 (et>
1389 1944 1450 1989 qui
1481 1945 1564 1979 sunt
1594 1944 1654 1988 qui
1683 1943 1877 1977 trahuntur
1906 1941 1951 1976 ad
1984 1943 2137 1980 curiam.
2169 1941 2229 1985 qui
2252 1944 2371 1975 autem

1291 1993 1375 2025 sunt
1399 1990 1460 2034 qui
1477 1993 1667 2030 exuuntur,
1692 1988 1779 2023 illud
1796 1987 1985 2030 sancimus,
2011 1987 2188 2021 licentiam
2213 1996 2292 2021 esse
2309 1997 2369 2020 cu-

213 2082 296 2114 Nov.
326 2081 376 2113 CI
401 2082 564 2121 (Authent.
595 2081 656 2121 CI)
685 2081 811 2114 Graece
837 2088 924 2113 extat
949 2082 980 2113 in
1006 2081 1087 2113 ML.
1114 2101 1155 2105 —
1181 2083 1270 2124 Epit.
1298 2082 1417 2114 Theod.
1445 2083 1521 2121 101,
1554 2081 1675 2113 Athon.
1702 2082 1732 2120 8,
1755 2087 1781 2112 5.
1829 2079 1951 2111 Iulian.
1977 2085 2074 2110 const.
2102 2078 2235 2112 XCIV.

145 2170 272 2210 minor,
297 2180 407 2204 causa
432 2169 631 2203 dirimatur.

681 2172 797 2214 Atque
821 2169 883 2204 lea:¹
907 2170 943 2202 in
968 2170 1203 2204 matrimoniis
1226 2174 1355 2215 postea
1378 2169 1519 2214 suturis
1542 2169 1678 2203 valeat:
1713 2168 1751 2201 in
1781 2167 1827 2200 iis
1857 2166 1949 2201 enim
1982 2176 2075 2210 quae
2098 2166 2169 2199 iam
2193 2171 2370 2208 constant,

145 2215 178 2248 si
207 2215 349 2265 quidem
374 2213 590 2264 decennium.
604 2214 781 2259 reliquum
807 2219 860 2248 est
882 2219 945 2248 aut
968 2224 1041 2248 non
1063 2215 1179 2248 minus
1203 2214 1357 2255 biennio,
1383 2213 1450 2248 hoc
1476 2219 1613 2258 tempus
1636 2212 1767 2247 habeat
1790 2211 1839 2245 ad
1862 2212 2043 2256 querelam
2067 2222 2139 2245 non
2163 2217 2372 2246 numeratae

145 2270 341 2305 pecuniae,
372 2270 464 2304 quae
486 2269 517 2292 et
543 2263 650 2292 etiam
676 2259 981 2293 transmissionem
999 2263 1191 2304 praestat;
1221 2259 1253 2293 si
1275 2270 1358 2294 vero
1383 2262 1446 2292 aut
1469 2258 1585 2292 minus
1609 2258 1750 2292 biennio
1778 2260 1843 2290 tem
1872 2266 1915 2290 us
1938 2255 2154 2300 relinquitur
2178 2259 2241 2290 aut
2264 2257 2370 2291 etiam

149 2309 260 2339 totum
284 2304 446 2339 decennii
472 2307 609 2348 tempus
641 2303 752 2344 exiit,
787 2308 859 2338 tum
882 2303 972 2349 ipsis
995 2303 1136 2348 quidem
1161 2303 1340 2338 biennium
1365 2303 1491 2337 damus
1515 2302 1564 2336 ad
1587 2302 1805 2346 querendum
1854 2312 1872 2334 e
1895 2311 1969 2334 non
1993 2305 2182 2335 numerata
2198 2302 2370 2347 pecunia,

150 2349 338 2384 heredibus
369 2354 486 2383 autem
518 2359 642 2382 eorum
667 2353 755 2394 post
785 2348 999 2382 solutionem
1029 2348 1250 2382 matrimoni-i
1283 2348 1390 2382 trium
1414 2347 1585 2381 mensium
1609 2347 1785 2392 spatium,
1818 2349 1858 2380 ut
1887 2356 1955 2390 per
1980 2346 2100 2379 omnia
2124 2345 2170 2379 iis
2192 2356 2371 2381 servemus

148 2394 247 2439 quod
269 2395 400 2428 iustum
425 2398 488 2428 est.

286 2438 524 2484 Epiloqus.
580 2437 678 2480 Quae
703 2439 813 2483 iqitur
838 2437 940 2472 nobis
960 2437 1176 2483 placuerunt
1200 2442 1234 2473 et
1252 2449 1323 2483 per
1347 2438 1440 2472 hanc
1463 2446 1605 2471 sacram
1634 2436 1744 2480 leqem
1767 2434 2002 2469 declarantur
2024 2438 2084 2468 tua
2106 2435 2306 2471 sublimitas
2324 2437 2373 2471 ad

149 2495 242 2530 opus
264 2484 502 2529 effectumque
525 2484 704 2518 adducere
726 2484 879 2518 studeat.

976 2684 1079 2734 DE
1113 2615 1548 2734 instigamus.

240 2766 388 2813 Scripta
413 2769 465 2800 est
487 2764 645 2800 Iohanni
668 2764 931 2810 qloriosissz'mo
955 2763 1145 2808 praesecto
1170 2763 1358 2808 praetorio
1383 2763 1528 2804 iterum,
1553 2773 1602 2796 ex
1627 2760 1774 2796 consule
1796 2760 2031 2807 (ordinario)
2054 2767 2089 2797 et
2110 2763 2279 2808 patricio.

288 2833 547 2879 Praefatio.
597 2832 727 2867 Bonae
750 2831 853 2866 nobis
877 2831 966 2882 leqis
988 2829 1163 2875 ferendae
1187 2831 1328 2876 copiam
1353 2828 1450 2864 dedit
1472 2828 1715 2874 interpellatio
1740 2829 1996 2863 nonnullorum
2020 2829 2222 2871 curialium,
2249 2831 2372 2877 itaque

150 2880 244 2916 hanc
269 2881 380 2925 leqem
403 2878 562 2923 facimus
585 2888 660 2912 non
683 2878 728 2912 de
751 2876 936 2911 nonnullis
960 2875 1167 2915 curialibus,
1196 2876 1260 2910 secl
1281 2875 1324 2909 de
1348 2875 1516 2909 universa
1539 2874 1681 2909 dicione
1705 2878 1841 2915 nostra,
1866 2873 2001 2908 scilicet
2025 2879 2061 2909 et
2084 2886 2176 2920 quae
2201 2877 2371 2910 orientem

151 2936 274 2961 versus
294 2929 347 2960 est
362 2929 398 2959 et
414 2934 521 2969 quam
542 2922 708 2957 occidens
731 2923 789 2956 sol
804 2922 934 2956 lustrat
958 2926 993 2956 et
1013 2931 1106 2965 quae
1130 2920 1174 2955 ab
1198 2924 1351 2965 utroque
1375 2919 1486 2954 latere
1505 2923 1566 2954 est.
1615 2918 1792 2961 Quoniam
1812 2919 1905 2954 enim
1927 2930 1949 2953 a
1970 2919 2215 2955 decessoribus
2238 2922 2372 2956 nostris

152 2981 264 3016 opera
287 2969 374 3004 data
404 2973 458 3003 est
479 2968 525 3002 iis
556 2979 649 3013 quae
670 2967 850 3013 pertinent
874 2966 923 3001 ad
946 2965 1102 3000 curiales
1125 2970 1161 3000 et
1184 2965 1382 3000 oblationes
1406 2963 1518 2998 curiis
1539 2964 1665 3009 factas
1688 2969 1723 2999 et
1745 2963 1890 3009 quinam
1914 2963 1964 2998 ad
1984 2965 2176 3008 fortunam
2200 2966 2371 3000 curialem

154 3015 346 3050 trahantur
377 3014 523 3059 quinam
559 3013 766 3053 liberentur,
797 3011 890 3046 illud
918 3011 1117 3050 sancimus,
1154 3015 1194 3045 ut
1229 3010 1424 3045 curialibus
1455 3009 1562 3043 liceat
1592 3020 1666 3043 non
1694 3010 1809 3043 solum
1840 3009 1996 3044 eiusdem
2029 3010 2184 3044 civitatis
2217 3011 2373 3046 curiales

218 3118 233 3148 1
261 3112 300 3147 δὲ
317 3115 419 3155 MBl]
445 3111 550 3146 τοῦδε
567 3113 676 3149 ΕΒῙς
693 3114 705 3157 11
731 3115 750 3147 2
774 3111 901 3158 γάμων
925 3125 983 3145 om.
1002 3111 1049 3144 Bl
1066 3111 1078 3154 11
1103 3113 1122 3145 3
1147 3107 1225 3152 οὐχ’

154 3158 318 3193 ἐλάττων
343 3160 386 3192 M
397 3159 409 3203 11
429 3163 447 3193 5
473 3157 628 3192 ἔλαττον
653 3160 683 3191 L
703 3162 712 3198 11
733 3160 772 3192 10
796 3156 839 3190 τὸ
862 3155 1002 3190 δίκαιον
1027 3153 1144 3189 αὐτοῖς
1165 3158 1195 3188 L
1219 3155 1230 3200 11

157 3208 196 3240 13
215 3206 307 3251 ἔργω
323 3207 383 3236 καὶ
400 3206 528 3249 πέρατι
544 3201 771 3247 παραδοῦναι
787 3204 843 3243 Μ]
862 3201 998 3247 φανερὰ
1014 3201 1104 3234 πᾶσι
1122 3213 1228 3233 κατα-

156 3251 285 3292 στῆσαι
310 3251 362 3285 [ις
379 3250 390 3292 11
418 3252 457 3283 14
480 3252 600 3282 subscr.
624 3262 680 3281 om.
705 3249 765 3281 Iul.
783 3249 794 3290 11
813 3257 892 3281 xm.
918 3248 951 3279 k.
976 3247 1066 3278 iann.
1090 3247 1135 3278 M
1159 3245 1229 3289 πρὸ

155 3294 202 3342 ιγ’
231 3292 376 3327 καλανὸ.
400 3290 652 3338 Ἰαννουαρίων
677 3295 764 3334 Am]
800 3303 876 3327 XVI.
901 3292 967 3324 kal.
998 3293 1065 3324 ian.
1091 3303 1110 3327 ς
1144 3293 1229 3334 μηνὶ

155 3341 348 3385 ἰανουαρίῳ
367 3341 485 3373 Theod.
510 3341 633 3381 (eadem
657 3340 709 3372 die
734 3340 842 3371 datam
869 3351 935 3371 esse
959 3337 1114 3370 novellam
1133 3344 1230 3379 putat

156 3387 342 3419 Zachariae
367 3398 431 3428 qua
455 3385 629 3418 XCVIII.
656 3384 797 3420 XCIX)
829 3385 841 3425 11
873 3385 912 3416 15
938 3393 987 3424 cp.
1014 3382 1084 3423 (om.
1110 3383 1141 3423 ς)
1173 3381 1227 3414 dn.

155 3432 233 3464 inst.
258 3441 314 3474 pp.
338 3440 414 3472 aug.
441 3431 484 3463 Μ
489 3441 517 3468 ς,
558 3427 739 3472 βασιλείας
768 3425 1021 3461 Ἰουστινιανοῦ
1046 3428 1138 3467 Am,
1171 3440 1228 3459 om.

159 3477 277 3521 Theod.
296 3476 309 3519 11
337 3486 425 3507 anno
450 3475 539 3507 XIII
565 3474 692 3527 Apione
712 3484 760 3505 vc.
784 3473 917 3506 consule
935 3476 990 3513 (ς),
1014 3470 1056 3504 τὸ
1076 3470 1120 3516 ιγ’
1138 3468 1228 3504 ὑπα-

157 3523 252 3553 τείας
272 3516 445 3554 Ἀπίωνος
466 3522 553 3559 Atl1.]
579 3522 734 3560 υπατείᾳ
752 3517 912 3552 Ἀπίονος
939 3518 1070 3558 Theod.,
1085 3530 1142 3549 om.
1156 3518 1201 3550 M
1219 3517 1230 3561 11

160 3567 201 3598 22
216 3568 309 3598 inser.
326 3562 363 3600 Ὁ
380 3562 486 3599 αὐτὸς
505 3563 670 3608 βασιλεὺς
692 3564 744 3605 τῷ
766 3560 863 3605 αὐτῷ
878 3564 952 3596 Ath.
968 3564 1021 3605 (cf.
1036 3564 1067 3604 ς)
1084 3561 1095 3605 11
1114 3563 1155 3595 23
1169 3560 1228 3606 ὀρ-

160 3607 333 3654 διναρίων
360 3613 476 3643 addidi
498 3607 706 3655 (ὀρδιναρίῳ
734 3611 808 3642 add.
834 3608 1033 3648 Zachariae)
1064 3608 1076 3650 11
1105 3609 1146 3640 28
1170 3610 1230 3639 καὶ

160 3650 248 3687 ὅσον
270 3652 437 3699 δυόμενος
460 3676 502 3680 —
528 3658 569 3689 29
595 3657 694 3687 ἐστιν
722 3656 783 3695 Le]
809 3667 865 3687 om.
892 3654 936 3686 M
955 3653 967 3696 11
996 3653 1036 3686 31
1063 3651 1126 3685 τὰς
1147 3655 1227 3696 βου-

161 3698 234 3740 λάς]
259 3701 381 3733 curiam
406 3702 491 3744 §Uf-
510 3703 586 3741 438,
602 3709 641 3734 13.
661 3708 704 3733 27.
731 3702 807 3740 491,
822 3701 870 3740 30)
895 3699 907 3742 11
932 3699 1024 3731 τινὲς
1037 3716 1079 3722 —
1092 3700 1185 3730 τίνες
1200 3699 1228 3730 L

162 3746 253 3778 τινὲς
266 3765 303 3769 --
320 3747 412 3779 τινὲς
428 3747 466 3779 Μ
480 3746 491 3790 11
511 3745 598 3790 πρὸς
615 3744 725 3787 τύχην
746 3742 988 3788 βουλευτικὴν]
1009 3743 1049 3775 ad
1066 3743 1191 3774 curiam
1211 3755 1229 3778 ς

1366 3113 1384 3145 2
1410 3111 1498 3143 enim
1522 3124 1579 3143 om.
1611 3111 1644 3143 V
1669 3109 1680 3150 ΙΙ
1711 3113 1865 3142 constant
1888 3124 1949 3143 scr.
1979 3110 2027 3143 V²
2052 3113 2083 3143 in
2108 3123 2174 3143 ras,
2202 3112 2241 3144 12
2268 3112 2325 3144 litt.
2361 3112 2372 3153 11

1298 3158 1316 3189 3
1342 3167 1408 3189 non
1435 3169 1492 3188 om.
1521 3155 1571 3188 T¹
1589 3156 1599 3196 11
1618 3155 1754 3187 biennio
1779 3155 1894 3198 '1'2n4
1918 3166 1985 3187 non
2012 3168 2068 3188 om.
2093 3155 2148 3198 Vn
2166 3156 2264 3187 etiam
2288 3156 2320 3188 ei
2345 3157 2377 3189 T

1298 3202 1329 3234 ei
1346 3215 1402 3234 om.
1427 3200 1482 3243 Vn
1501 3202 1519 3233 5
1544 3200 1654 3232 minus
1670 3202 1728 3231 aut
1746 3200 1797 3232 T¹
1815 3200 1826 3243 11
1843 3200 2016 3233 biennium
2036 3200 2092 3243 Vss
2111 3201 2131 3233 6
2154 3202 2212 3232 aut
2236 3213 2294 3234 om.
2315 3201 2347 3234 V

1298 3250 1316 3281 6
1330 3260 1375 3289 sq.
1398 3248 1527 3287 tempus
1552 3248 1657 3277 totum
1682 3245 1833 3277 decennii
1855 3246 1887 3277 R
1904 3246 1916 3288 11
1943 3248 1960 3278 ''t'
1984 3245 2098 3277 damus
2123 3245 2293 3277 biennium
2311 3246 2343 3278 T

1298 3293 1316 3326 8
1333 3294 1411 3333 11011]
1429 3293 1464 3323 ΓΠ
1479 3293 1511 3331 (i.
1523 3304 1548 3323 e.
1562 3291 1652 3329 inde)
1669 3290 1718 3322 T²
1735 3290 1747 3332 11
1765 3292 1785 3323 9
1798 3290 1887 3322 inter
1903 3291 1951 3323 T¹
1963 3289 1974 3333 11
1991 3292 2030 3323 10
2045 3291 2075 3322 ei
2089 3291 2155 3323 RT
2170 3291 2181 3331 11
2202 3293 2371 3324 14subscr.

1298 3339 1440 3371 dedimus
1465 3349 1503 3368 ex
1523 3336 1577 3378 Vll
1600 3338 1638 3369 15
1664 3335 1751 3367 dimo
1774 3335 1850 3367 iusi..
1873 3336 1926 3377 Vn
1946 3335 2053 3367 XIIII
2076 3334 2133 3379 Vn
2158 3337 2195 3368 17
2211 3343 2307 3369 const.
2329 3337 2378 3369 CI

1299 3384 1449 3415 omittitur
1466 3383 1498 3414 in
1515 3381 1557 3419 R,
1581 3382 1663 3413 inter
1679 3388 1927 3424 extravayantes
1945 3382 2128 3414 Authentici
2147 3382 2280 3413 habetur
2296 3383 2329 3414 in
2346 3382 2377 3414 T

1297 3431 1321 3467 f.
1345 3429 1407 3461 178
1431 3429 1471 3459 ab
1490 3427 1593 3459 altera
1616 3438 1711 3458 manu
1727 3428 1850 3468 scripta
1867 3425 1878 3468 11
1899 3427 1939 3459 18
1954 3428 2041 3458 rubr.
2060 3438 2118 3458 om.
2141 3425 2197 3468 VH
2215 3427 2259 3459 24
2274 3426 2372 3458 Mone

1306 3472 1360 3515 VH
1384 3471 1478 3504 nobis
1503 3484 1561 3503 om.
1589 3471 1621 3503 T
1641 3470 1653 3514 11
1676 3471 1846 3503 occasione
1872 3471 1904 3503 T
1921 3472 1932 3513 ΙΙ
1963 3473 2003 3504 25
2028 3472 2090 3502 hac
2113 3470 2184 3512 lege
2207 3472 2372 3504 sancimus

1302 3520 1333 3551 T
1344 3518 1355 3560 ΙΙ
1375 3519 1417 3550 26
1434 3516 1599 3558 quondam
1619 3517 1650 3548 T
1663 3516 1674 3558 11
1692 3516 1733 3548 ad
1757 3526 1867 3548 omnes
1892 3529 1950 3548 om.
1973 3516 2028 3558 Vn
2047 3517 2088 3548 27
2115 3518 2275 3556 quantum
2299 3518 2372 3558 qui-

1298 3564 1369 3595 dem
1393 3564 1493 3604 vulq.]
1520 3563 1679 3602 quantum
1705 3561 1792 3602 quod
1815 3562 1877 3593 VT
1908 3565 2134 3602 quantumque
2160 3562 2340 3596 Heimbach
2363 3565 2373 3602 11

1299 3610 1339 3641 29
1365 3609 1514 3648 utrisque
1538 3607 1624 3649 vulo.
1651 3606 1663 3649 11
1687 3608 1729 3639 32
1754 3608 1786 3638 et
1810 3607 1928 3639 addidi
1952 3606 1964 3649 11
1991 3608 2031 3639 33
2056 3606 2247 3638 *eruuntur
2268 3607 2300 3639 V
2319 3618 2372 3639 ex-

1298 3655 1437 3694 iguntur
1466 3653 1496 3684 T
