2618 4010
166 135 223 166 DE
254 133 488 166 PRAETORE
517 133 772 166 LYGAONIAE

161 236 216 277 τῷ
242 234 337 278 θείῳ
370 234 482 278 νόμῳ,
517 231 672 276 δηλοῦσα
701 236 741 267 τί
771 235 837 277 μὲν
868 232 1044 281 προςῆκόν
1072 234 1149 268 ἐστι
1179 230 1246 267 τὸν

163 276 353 326 γινόμενον
377 282 547 325 παρέχειν
576 276 754 325 προφάσει
786 280 864 312 τῶν
894 279 957 321 τῆς
983 275 1088 324 ἀρχῆς
1111 275 1241 323 συμβό-

164 324 239 358 λων
271 325 342 358 εἴτε
365 325 406 357 ἐν
434 325 488 367 τῷ
512 324 607 367 stete)
633 322 858 368 λατερκούλῳ
892 324 962 357 εἴτε
994 326 1034 358 ἐν
1064 324 1118 367 τῷ
1151 322 1248 357 δικα-

162 373 296 417 στηρίῳ
330 370 406 423 τῶν
438 367 688 409 ἐνδοξοτάτων
721 369 904 414 ἐπάρχων,
937 373 976 402 τί
1007 367 1046 403 δὲ
1077 369 1119 402 τὸ
1152 366 1247 403 διδό-

1252 117 1328 165 195

2047 121 2153 165 Νον.
2187 122 2308 163 XXV
2339 136 2398 177 pr.

1314 232 1501 268 declarans
1521 232 1693 286 quantum
1714 232 1854 276 quidem
1873 234 2052 286 competat
2073 232 2275 269 ordinatum
2293 244 2397 279 prae-

1312 277 1396 313 bere
1421 288 1609 313 occaslone
1634 277 1876 312 codicillorum
1903 278 2035 321 cinguli
2061 278 2132 313 sive
2157 278 2193 313 in
2216 289 2320 314 sacro
2346 280 2396 314 la-

1317 323 1455 358 terculo
1481 323 1554 358 sive
1577 323 1614 358 in
1633 323 1814 368 praetorio
1839 323 2173 366 gloriosissimorum
2197 324 2398 368 praefecto-

1317 379 1406 410 rum,
1433 368 1516 413 quid
1540 370 1660 403 autem
1686 367 1843 402 dandum
1868 368 1916 402 sit
1936 368 2004 413 ipsi
2030 372 2065 403 et
2085 369 2259 404 assessori
2284 373 2320 404 et
2339 370 2399 414 qui

162 427 273 465 μενον
297 415 397 457 mm}
422 427 461 448 τε
486 417 545 469 ζιαὶ
566 415 619 457 τῷ
642 413 810 460 παρέδρῳ
837 418 896 448 καὶ
917 417 989 448 τοῖς
1010 416 1091 460 περὶ
1114 411 1245 448 αὐτόν’
1285 418 1303 448 5
1319 414 1415 448 circa
1440 424 1520 448 eum
1545 417 1646 449 sunt:
1690 412 1811 456 sicque
1835 412 1891 458 <a>
1916 414 2018 448 nobis
2050 414 2145 448 circa
2171 415 2398 449 administra-

162 460 258 494 ουτω
276 472 315 493 τε
328 461 388 502 τῆς
408 472 482 505 παρ
516 461 620 503 ημῶν
641 464 724 504 περὶ
745 458 808 493 τὰς
824 456 931 503 ἀρχὰς
946 463 1116 506 προνοίας
1132 455 1247 494 ἅπασι

163 506 316 549 φανερῆς
337 508 528 550 γινομένης
552 507 690 537 ἐκεῖνον
717 502 801 548 ἡμῖν
825 504 996 549 καθαρὰν
1028 507 1088 538 καὶ
1109 517 1245 538 παντα-

163 549 276 591 χόθεν
294 547 414 582 δεδοκι
444 552 601 592 ασμένην
619 546 686 591 τὴν
703 550 830 583 ἑαυτοῦ
851 553 1018 595 παρέχειν
1036 548 1245 596 ὑπουργίαν.

163 599 179 628 l
241 595 373 628 Τοῦτον
427 596 444 628 ἃ
475 593 518 637 δὴ
548 593 614 627 τὸν
637 592 751 647 ’νόμον
777 594 882 646 δείξει
906 597 972 638 μὲν
997 590 1134 628 ἅπασιν
1161 590 1183 637 ἥ
1207 608 1247 627 τε

1318 460 1433 494 tiones
1458 458 1682 504 providentia
1707 458 1845 492 cunctis
1872 458 2062 493 manifesta
2086 459 2183 494 illum
2209 460 2311 494 nobis
2338 460 2397 494 ‹le-

1319 508 1376 539 cet
1406 515 1532 548 purum
1565 506 1601 538 et
1631 503 1787 547 undique
1818 503 2058 548 approbatum
2091 514 2194 538 suum
2227 505 2399 549 praebere

1317 549 1561 584 ministerium.

1316 596 1337 630 1
1391 594 1493 628 Hanc
1516 594 1638 639 itaque
1671 593 1783 636 legem
1809 593 2006 628 declarabit
2038 593 2197 637 equidem
2225 595 2398 631 universis

162 639 240 673 τῶν
266 639 384 673 θείων
407 637 511 684 ἡμῶν
540 637 743 679 διαταξεων
769 639 989 686 ανάγνωσις·
1027 642 1086 672 καὶ
1110 638 1178 686 γὰρ
1203 637 1246 692 δὴ
1264 642 1302 674 10
1317 640 1423 675 etiam
1443 649 1627 674 sacrarum
1646 642 1850 673 nostrarum
1868 638 2162 673 constitutionum
2183 640 2288 675 lectio
2304 643 2398 681 (nam

163 687 221 717 καὶ
246 686 377 718 τοῦτον
401 686 512 718 ἐκεῖσε
535 686 718 730 γραφῆναι
748 682 1105 728 παρεκελευσάμεθα·
1142 682 1248 718 αὐτος

164 728 204 763 δὲ
227 730 275 763 εἰς
297 732 403 775 ἔργον
423 730 525 770 ἄξεις,
557 729 657 764 ὅπως
681 727 726 764 ἂν
749 734 854 776 μείνῃ
881 727 939 762 διὰ
964 729 1098 763 παντὸς
1123 730 1163 763 ἐν
1187 727 1246 763 αύ-

164 778 236 808 τοῖς
260 778 333 808 τοῖς
356 777 469 821 ἔργοις
494 774 689 819 ἐκλάμπων
713 788 752 808 τε
777 777 836 807 καὶ
861 773 1086 819 φαινόμενος.

209 820 291 854 Dat.
314 831 375 854 xv.
398 820 468 854 kal.
490 821 567 854 Iun.
593 820 659 854 ΟΡ.
686 819 853 853 Belisario
878 830 908 853 v.
928 829 957 854 c.
981 829 1077 854 cons.

218 889 280 920 Δεῖ
311 888 538 941 παρέχεσθαι
568 889 620 930 τῷ
653 890 834 933 πραίτωρι
860 885 1028 920 Πισιδίας
1056 884 1154 929 αὐτῷ
1179 888 1245 939 μὲν
1263 889 1301 921 15

162 928 251 976 ὑπὲρ
283 930 450 966 άννονων
486 935 545 965 καὶ
582 936 750 967 καπίτων
785 934 845 964 καὶ
878 930 1001 973 λοιπῆς
1034 942 1247 976 παραψυχης

163 978 225 1012 sol.
252 978 354 1017 CCC,
380 979 432 1020 τῷ
460 975 569 1011 αὐτοῦ
593 975 763 1023 παρέδρῳ
789 976 851 1010 sol.
878 976 1032 1016 LXXII,
1065 978 1110 1023 τῇ
1137 973 1245 1010 αὐτοῦ

162 1020 260 1062 τάξει
281 1023 359 1058 auri
383 1024 443 1058 lib.
465 1022 510 1057 11.

210 1069 273 1100 Δεῖ
293 1066 333 1101 δὲ
358 1065 468 1101 αὐτὸν
493 1070 661 1111 παρέχειν
690 1065 868 1113 προφάσει
894 1064 1090 1110 συμβόλων
1115 1063 1245 1101 οὕτως·

208 1162 280 1192 τοῖς
298 1157 546 1203 περιβλέπτοις
563 1154 833 1202 χαρτουλαρίοις
848 1159 944 1203 τρισὶ
962 1157 1024 1190 τοῦ
1046 1156 1150 1190 θείου
1168 1170 1244 1189 κου-

163 1204 345 1247 βουκλειόυ
1104 1201 1167 1237 sol.
1194 1201 1245 1235 IX

207 1250 259 1292 τῷ
281 1252 498 1294 πριμικηρίῳ
523 1249 600 1280 τῶν
622 1243 891 1293 λαμπροτάτων
910 1245 1118 1293 τριβούνων
1139 1260 1244 1281 νοτα-

164 1297 253 1339 ρι’ων
277 1297 335 1326 καὶ
358 1296 431 1326 τοῖς
454 1292 701 1327 laterculislois
1034 1292 1099 1327 SOI.
1125 1292 1244 1326 XXIV

208 1340 260 1381 τῷ
286 1335 395 1372 αὐτοῦ
419 1337 552 1381 βοηθῷ
1103 1337 1168 1372 sol.
1194 1338 1299 1372 11125

207 1385 250 1429 τῇ
275 1380 373 1422 τάξει
395 1384 471 1417 τῶν
493 1381 741 1423 ἐνδοξοτάτων
765 1379 935 1430 ἐπάρχων
959 1379 1049 1428 ὑπὲρ
1073 1381 1206 1428 προςτά
1232 1402 1243 1409 -

163 1439 274 1472 ματος
297 1431 356 1462 καὶ
380 1426 494 1471 πάσης
520 1428 640 1474 ἑτέρας
665 1428 782 1461 αἰτίας
1077 1429 1140 1463 sol.
1165 1396 1243 1462 XL.

308 1586 484 1639 ΠΕΡΙ
521 1586 664 1639 ΤΟΥ
677 1531 1112 1640 ΚΙΕῙΡΑΙΤΩΡΟΣ

475 1655 631 1706 AYK
639 1654 875 1707 AONIA
883 1655 935 1706 Σ.

164 1720 411 1768 Αὐτοκράτωρ
435 1719 684 1756 Ἰουστινιανὸς
706 1720 914 1768 Αὔγουστος
939 1719 1088 1768 Ἰωάννῃ
1113 1722 1166 1764 τῷ
1194 1722 1247 1755 ἐν·

163 1765 346 1810 δοξοτάτῳ
380 1766 524 1812 ἐπάρχῳ
561 1769 639 1801 τῶν
672 1767 780 1812 ἱερῶν
816 1768 876 1810 τῆς
901 1763 976 1800 ςἘω
1010 1771 1247 1812 πραιτωρίων

353 1811 395 1846 τὸ
416 1812 463 1857 β’,
496 1811 568 1846 ἀπὸ
593 1809 746 1846 ὑπάτων
771 1816 830 1846 καὶ
855 1816 1046 1859 πατρικίῳ.

190 1870 342 1923 Μ<Πρρο
351 1873 395 1913 ίμ
405 1868 501 1913 ιον.)
540 1868 584 1902 Τὸ
598 1867 804 1903 Λυκαόνων
821 1868 932 1902 ἔθ’νος
947 1871 1086 1912 μείζονι
1106 1869 1166 1911 τῆς
1183 1869 1249 1902 νῦν

1316 688 1352 719 et
1376 685 1469 719 hanc
1502 685 1551 719 ibi
1576 683 1754 719 conscribi
1778 684 2059 728 praecepimus),
2093 684 2168 728 ipse
2202 689 2320 720 autem
2353 686 2398 720 ad

1317 729 1482 764 effectum
1519 729 1711 774 perduces,
1749 733 1924 772 quatenus
1961 730 2105 764 maneat
2140 740 2278 773 semper
2311 730 2399 775 ipsis

1317 774 1483 818 operibus
1510 775 1680 818 effulgens
1706 777 1741 808 et
1763 774 1951 809 luciscens.

1219 823 1266 861 [a.
1282 821 1358 861 535]
1407 819 1491 855 Dat.
1509 830 1568 855 xv.
1591 820 1625 854 k.
1650 818 1771 854 Iunias
1794 819 1862 854 ΟΡ.
1889 819 2057 854 Belisario
2083 830 2113 853 v.
2138 830 2167 853 c.
2191 829 2289 854 cons.

1362 887 1513 931 Oportet
1534 888 1697 932 praeberi
1719 888 1879 931 praetori
1898 886 2051 922 Pisidiae
2076 887 2143 930 ipsi
2172 887 2313 931 quidem
2334 898 2398 932 pro

1316 932 1468 967 annonis
1502 937 1537 966 et
1562 933 1739 977 capitibus
1773 937 1810 968 et
1831 933 1967 977 reliquo
2004 933 2240 967 emolumento
2266 933 2399 967 solidos

1315 988 1461 1012 numero
1498 978 1731 1021 octingentos,
1769 978 1844 1014 eius
1879 978 2051 1013 assessori
2086 977 2218 1012 solidos
2250 987 2398 1013 numero

1315 1023 1541 1066 septuaginta
1574 1023 1662 1065 duo,
1700 1023 1776 1058 eius
1815 1023 1935 1059 officio
1968 1023 2047 1057 auri
2084 1023 2194 1057 libras
2232 1023 2398 1066 quinque.

1362 1067 1512 1112 Oportet
1542 1072 1660 1102 autem
1686 1079 1765 1102 eum
1799 1069 1970 1113 praebere
2004 1067 2192 1103 occasione
2218 1068 2399 1103 codicillo-

1261 1115 1302 1146 20
1315 1122 1393 1146 rum
1418 1112 1487 1146 ita:

1361 1157 1617 1202 spectabilibus
1641 1158 1869 1193 chartulariis
1889 1159 2002 1193 tribus
2025 1158 2119 1194 sacri
2141 1158 2296 1193 cubiculi
2314 1158 2400 1194 soli-

1315 1202 1379 1238 dos
1403 1213 1551 1237 numero
1577 1213 1700 1236 novem

1359 1248 1560 1292 primicerio
1582 1248 1860 1282 clarissimorum
1877 1248 2101 1283 tribunorum
2124 1249 2342 1284 notariorum
2365 1251 2401 1283 et

1314 1292 1613 1328 laterculensibus
1640 1292 1773 1327 solidos
1799 1302 1945 1327 numero
1971 1293 2092 1337 viginti
2117 1297 2286 1338 quattuor

1362 1338 1438 1373 eius
1464 1338 1620 1373 adiutori
1646 1337 1781 1373 solidos
1806 1347 1950 1372 numero
1976 1349 2037 1373 sex

1361 1383 1480 1418 officio
1517 1383 1855 1427 gloriosissimorum
1892 1384 2155 1426 praefectorum
2192 1394 2256 1428 pro
2295 1394 2399 1427 prae-

1316 1429 1428 1473 ceptis
1448 1433 1482 1464 et
1503 1429 1596 1463 omni
1616 1429 1686 1463 alia
1707 1438 1818 1463 causa
1839 1427 1972 1463 solidos
1992 1439 2138 1464 numero
2154 1429 2399 1473 quadraginta.

1347 1590 1408 1638 R.
1432 1590 1524 1638 DE
1560 1529 1925 1638 PRAETgffli
1961 1587 2368 1640 LYCAONIAE.

1467 1722 1554 1766 Imp.
1582 1722 1800 1757 Iustinianus
1831 1722 1924 1766 Aug.
1948 1722 2100 1758 Iohanni
2124 1734 2183 1768 pp.
2210 1723 2257 1759 ΙΙ.

1371 1868 1660 1913 (Praefatio.)
1721 1869 1925 1914 Lycaonum
1961 1872 2099 1913 gentem
2135 1869 2259 1905 maiori
2296 1880 2402 1915 quam

163 1926 267 1956 ουσης
290 1915 394 1959 αρχῆς
418 1916 687 1959 κατακοσμῆσαι
713 1912 854 1948 δίκαιον
879 1911 1064 1958 ᾠήθημεν,
1090 1911 1241 1958 &noete
1258 1917 1298 1948 35
1313 1924 1409 1949 nunc
1443 1916 1497 1948 est
1529 1914 1668 1957 cingulo
1703 1914 1873 1949 decorare
1905 1914 2037 1950 iustum
2058 1915 2320 1951 aestimavimus
2344 1926 2400 1950 re-

208 1983 295 2016 Νου.
305 1983 555 2017 XXVGraece
571 1991 659 2016 extat
672 1985 704 2016 in
719 1984 803 2023 ML,
817 1984 891 2015 inde
905 1996 924 2015 a
939 1995 1011 2026 cap.
1026 1985 1038 2016 1
1057 1980 1291 2026 [Συνείδομεν
1304 1982 1367 2015 τοῦ
1381 1982 1460 2015 τῶν
1473 1981 1680 2016 Λυκαόνων
1693 1982 1825 2016 ἔθνους
1837 1983 1905 2026 τὴν
1918 1981 2029 2028 ἀρχὴν
2042 1983 2325 2026 κατακοσμῆσαι]
2335 1986 2403 2015 ’καὶ

163 2024 299 2069 ταύτην
312 2031 401 2071 μίαν
413 2024 608 2073 ἀποφῆναι,
622 2025 793 2074 καθάπερ
807 2028 846 2060 ἐν
856 2025 1025 2061 Πισίδαις
1037 2029 1126 2068 (197,
1138 2035 1181 2064 14)
1194 2055 1199 2061 .
1212 2053 1220 2061 .
1232 2055 1238 2061 .
1251 2054 1259 2062 .
1273 2030 1303 2060 ιἰι
1320 2028 1354 2060 Β
1366 2030 1396 2066 6,
1409 2036 1437 2061 9.
1447 2048 1480 2051 —
1494 2028 1584 2071 Epic.
1598 2029 1718 2062 Theod.
1732 2031 1786 2070 25,
1798 2030 1919 2062 Athen.
1931 2033 1962 2070 4,
1974 2039 1999 2062 ὁ.
2014 2030 2136 2063 Iulian.
2147 2037 2244 2062 const.
2258 2030 2296 2061 X
2306 2029 2401 2062 VIII.

163 2117 332 2158 declaret,
357 2117 446 2162 quid
469 2116 612 2162 quidem
635 2127 714 2151 eum
739 2116 801 2167 qui
823 2117 1061 2162 niccqistralus
1083 2117 1237 2160 futurus
1261 2121 1325 2158 est,
1351 2117 1548 2162 iiisiqniuin
1572 2117 1811 2163 maqistratus
1834 2118 1980 2152 nomine
2003 2118 2077 2153 sive
2100 2118 2138 2151 in
2161 2129 2268 2152 sacro
2294 2118 2403 2153 later-

168 2162 249 2196 culo
273 2161 347 2197 sive
371 2163 408 2196 in
432 2162 567 2197 iudicio
591 2162 938 2207 ylorioszssimorum
969 2172 1061 2207 prae
1084 2164 1244 2196 ‘ectorum
1261 2167 1458 2207 praestare
1488 2173 1563 2207 par
1585 2162 1651 2203 sit,
1684 2162 1772 2196 (uid
1795 2167 1913 2197 autem
1945 2162 1994 2196 sit
2015 2162 2116 2208 quod
2145 2168 2182 2198 et
2203 2163 2274 2209 ipsi
2297 2163 2404 2198 detur

163 2212 198 2242 et
221 2208 399 2242 assessori
421 2211 456 2242 et
478 2207 525 2241 iis
549 2208 615 2252 qui
635 2207 734 2241 eirca
759 2217 838 2241 eum
857 2210 959 2241 sunt:
993 2210 1033 2240 ut
1078 2216 1120 2240 oe
1138 2206 1246 2240 modo
1266 2211 1393 2241 nostra
1418 2206 1462 2241 de
1480 2207 1686 2251 maqistrati
1712 2218 1754 2241 us
1779 2218 1868 2241 eura
1889 2207 2053 2241 omnibus
2076 2208 2273 2252 manifesta
2296 2209 2402 2253 faeta

164 2254 184 2286 1
243 2252 304 2287 ille
327 2251 430 2286 nobis
454 2252 633 2296 iiiteyrum
664 2256 699 2286 et
722 2251 882 2296 undique
902 2250 1099 2296 probatum
1130 2261 1248 2298 suum*
1253 2255 1421 2296 praestet
1443 2251 1689 2286 ministerium.
1774 2251 1881 2286 Hane
1904 2256 2022 2286 autem
2048 2252 2161 2302 leyem
2186 2264 2265 2287 eum
2291 2255 2401 2287 omnl-

166 2297 231 2331 bus
256 2296 420 2331 ostendet
450 2306 639 2330 sacrarum
671 2300 881 2330 nostrarum
910 2295 1208 2330 constitutionum
1241 2296 1343 2330 lectio
1374 2297 1516 2337 (etenim
1540 2295 1634 2330 hane
1689 2307 1807 2341 noque
1837 2295 1887 2330 ibi
1903 2297 2084 2342 perscribi
2110 2297 2302 2341 iussimus),
2329 2303 2402 2332 tum

165 2342 243 2387 ipse
267 2342 315 2376 acl
338 2341 504 2386 effectura
521 2340 715 2386 perduces,
741 2344 781 2373 nt
804 2340 840 2373 in
862 2344 1079 2386 perpetuum
1104 2345 1249 2374 maneat
1273 2340 1310 2374 in
1336 2340 1426 2386 ipsis
1447 2341 1563 2385 factis
1587 2340 1767 2386 effufyens
1791 2345 1901 2386 atque
1924 2342 2130 2386 conspicua.

304 2385 456 2431 Oportet
482 2385 655 2431 praeberi
679 2385 851 2430 praetori
878 2385 1041 2418 Pisidiae
1073 2384 1146 2430 ipsi
1177 2384 1319 2430 quidem
1353 2396 1580 2430 annonarum
1617 2391 1652 2419 et
1685 2385 1844 2431 capitum
1876 2396 1919 2419 ae
1942 2386 2075 2431 reliqui
2106 2386 2236 2422 solacii
2260 2388 2402 2422 nomine

166 2430 231 2465 sol.
249 2430 351 2471 CCC,
384 2431 562 2465 assessori
583 2431 660 2464 eius
684 2429 748 2463 sol.
775 2428 944 2471 LXXII,
975 2428 1118 2463 eollorti
1142 2429 1218 2463 eius
1242 2441 1320 2464 aur.
1347 2429 1406 2464 lib.
1426 2429 1476 2463 ΙΙ.
1547 2430 1698 2465 Omrlet
1723 2435 1842 2465 autem
1868 2431 1984 2476 ipsum
2002 2431 2183 2481 praebere
2207 2432 2402 2478 insiqnium

167 2476 309 2510 nomine
334 2477 403 2510 ita.-
441 2475 698 2522 spectabilibus
724 2474 959 2509 chartulariis
992 2474 1105 2509 tribus
1129 2474 1226 2509 sacri
1250 2474 1405 2509 cubiculi
1429 2475 1494 2509 sol.
1522 2442 1598 2516 IAJ,
1624 2474 1839 2520 primicerio
1864 2475 2148 2510 elarisswnorum
2175 2477 2401 2511 tribunorum

169 2521 396 2555 notariorum
426 2525 460 2555 et
492 2520 790 2555 latereulensz'bas
822 2519 886 2554 sol.
914 2519 1027 2553 XXV
1028 2547 1035 2557 ,
1069 2518 1230 2554 adiutori
1260 2520 1337 2554 eius
1365 2519 1431 2555 sol.
1461 2518 1543 2561 III,
1593 2519 1722 2564 officio
1755 2519 2102 2565 qloriosissimormn
2122 2523 2400 2567 praefectorum

162 2577 234 2612 pro
259 2566 417 2601 iussione
440 2571 475 2600 et
499 2566 594 2600 omni
618 2565 760 2610 reliqua
785 2575 895 2599 causa
919 2564 983 2599 sol.
1007 2564 1082 2599 XL.

808 2711 909 2760 oe
940 2654 1518 2761 1›RAET02{}1'JLJ024
1528 2710 1761 2762 οΝΙΑΕ.

317 2779 406 2826 Imp.
435 2778 662 2814 lastinianus
686 2780 872 2824 Auqustus
898 2778 1056 2813 lolianni
1080 2778 1340 2823 qloriosisslmo
1363 2779 1558 2824 praefecto
1583 2789 1690 2813 sacro
1719 2779 1876 2814 Orientis
1894 2780 2088 2826 praetorio
2113 2781 2253 2822 iterum,

1067 2823 1258 2858 exconsuli
1280 2827 1315 2857 et
1330 2823 1504 2869 patricio.

305 2869 452 2914 Praef
452 2869 519 2904 ati
527 2881 558 2903 ο.
619 2869 829 2914 Lycaonum
859 2874 1000 2914 (sentem
1030 2869 1167 2902 maiore
1195 2879 1302 2912 qnam
1327 2868 1390 2912 qui
1416 2879 1510 2903 nune
1539 2874 1593 2904 est
1620 2870 1836 2914 ἰηαιχὶςίιάίιι
1867 2881 2000 2904 ornare
2025 2882 2098 2915 par
2119 2882 2195 2905 esse
2217 2871 2401 2906 eoeiste'ma-

216 2951 226 2980 1
252 2946 329 2988 τὸν]
344 2946 386 2981 τὸ
402 2950 500 2991 Mpr.
521 2949 532 2990 ΙΙ
550 2951 568 2981 2
588 2946 801 2991 συμβούλων
821 2948 860 2998 L*
882 2947 929 2999 113
952 2944 1177 2993 λατερκούλῳ
1195 2949 1249 2987 Μ]
1323 2950 1363 2979 2ίί
1389 2944 1558 2990 ἐπάρχων
1586 2949 1720 2989 Thema]
1753 2944 1926 2991 ὑπάρχων
1953 2949 2062 2981 MLB
2093 2949 2104 2993 ΙΙ
2136 2948 2403 2996 προςτάγματος

171 2989 407 3036 λατερκούλον
428 2995 454 3025 L
479 2993 645 3035 οἰκειακῷ
670 2995 700 3026 Β
719 2994 730 3037 Η
750 2997 769 3026 4
795 2994 996 3036 *υπαρχων
1023 2994 1098 3026 libri
1116 2993 1126 3036 ΙΙ
1153 2997 1169 3024 Ξ)
1197 2993 1250 3034 τῷ

171 3036 339 3081 παρέδρῳ
354 3039 406 3077 Δ11]
427 3036 596 3082 παρέδρῳ
613 3039 680 3070 LB
700 3039 710 3078 Η
726 3039 799 3071 τοῖς
815 3035 1020 3080 παρεαύτόν
1038 3039 1064 3070 L
1082 3037 1094 3081 ss
1113 3041 1131 3072 6
1153 3034 1250 3070 οὕτω

171 3085 221 3121 τε]
240 3083 299 3124 ley.
315 3078 434 3114 dieze?
453 3083 464 3124 11
481 3083 552 3123 τῆς]
566 3085 638 3115 τοῖς
652 3084 697 3115 Μ
707 3083 718 3126 ΙΙ
739 3085 758 3116 9
776 3078 797 3124 ἤ
811 3095 849 3115 τε
865 3080 1019 3123 MLfflv‘y
1035 3084 1227 3115 llaloancler
1240 3081 1251 3127 ΙΙ

177 3129 213 3160 14
238 3137 297 3158 xv.
320 3127 351 3158 k.
372 3127 447 3158 Iun.
472 3126 633 3168 Melum]
668 3126 738 3172 πρὸ
763 3124 802 3160 ιε’
818 3124 966 3160 καλανδ.
993 3124 1139 3160 ἰουλίων
1163 3129 1249 3168 ΑιΙι.,

171 3173 202 3203 k.
220 3172 294 3204 Iun.
310 3171 398 3204 Iulfl)
423 3174 510 3214 μηνὶ
530 3171 652 3213 ἰουνίῳ
670 3174 789 3205 leeod.
806 3172 884 3210 (dat.
903 3173 943 3213 ᾗ
963 3172 1215 3213 uilisa1·iiIul.v)
1239 3172 1242 3214 Ι

172 3216 264 3248 Bilis.
282 3217 416 3248 MIulflJ
439 3217 599 3249 uiliscarii
621 3216 700 3250 Iulfl
718 3216 730 3260 ΙΙ
753 3220 789 3250 15
813 3214 868 3249 δεῖ
881 3217 976 3256 LBg]
998 3214 1166 3250 ὑποτελεῖ
1178 3218 1220 3249 M
1239 3215 1242 3261 Ι

177 3264 210 3293 17
236 3261 295 3293 sol.
313 3263 532 3303 (νομίσματα
545 3264 623 3301 s.v.)
646 3262 728 3294 CCC
747 3263 802 3302 M]
825 3264 1029 3304 νομίσματα
1049 3260 1079 3294 τ’
1096 3258 1247 3306 (τριακό-

171 3318 231 3338 σια
249 3308 293 3345 B)
315 3307 384 3338 LB
397 3307 514 3338 Themi.
542 3306 678 3347 (solidos
702 3318 839 3339 numero
861 3307 1068 3347 octingentos
1093 3310 1124 3345 ς)
1150 3307 1161 3350 ΙΙ
1188 3307 1247 3340 sol.

171 3351 319 3391 LXXII]
340 3350 397 3383 sol.
411 3377 415 3380 ,
429 3354 646 3394 (νομίσματα
660 3365 684 3383 s.
696 3355 739 3391 v.)
754 3351 884 3383 LXXL
900 3353 971 3389 (sic)
988 3351 1034 3384 M
1045 3354 1249 3395 νομίσματα

170 3392 224 3438 οβ’
241 3392 501 3439 (ἑβδομήκοντα
526 3393 588 3428 δύο
616 3397 661 3436 R)
688 3397 885 3428 LRleeoa'.
914 3396 926 3439 ss
954 3397 992 3430 18
1019 3397 1093 3429 auri
1116 3397 1174 3430 lib.
1201 3398 1248 3436 ΙΙΙ

171 3441 303 3473 aurcub
322 3452 344 3473 u
364 3442 403 3473 M
420 3442 508 3482 (auri
527 3441 628 3472 libras
641 3441 788 3482 quinque
809 3444 839 3481 ς)
862 3443 1004 3486 χρυσίου
1026 3439 1146 3485 λίτρας
1168 3439 1202 3485 β’
1219 3443 1248 3475 L

172 3483 292 3532 λίτρας
303 3482 338 3528 β’
352 3487 393 3518 M
401 3499 425 3518 s.
436 3499 477 3527 v.‚
492 3487 523 3518 Β
537 3484 657 3518 ΤΙιεόᾱ.
671 3486 681 3527 Η
704 3489 739 3518 21
759 3483 1045 3530 χαρτουλλαρίοις
1057 3487 1116 3529 Ml!
1133 3489 1174 3520 22
1189 3487 1247 3519 sol.

171 3530 224 3562 IX
245 3531 302 3572 M]
326 3533 531 3574 νομίσματα
558 3527 596 3563 θ’
619 3531 738 3568 (ἐννέα
760 3532 807 3569 B)
834 3532 873 3563 M
886 3545 910 3564 s.
926 3543 965 3569 v.‚
990 3532 1059 3564 BL
1086 3533 1205 3566 Theod.
1240 3531 1250 3575 ΙΙ
1282 3555 1285 3581 3

172 3577 215 3608 24
250 3573 500 3608 Zaterculistots
536 3577 569 3607 Jl
607 3573 909 3618 λατερκουλοσίοις
941 3576 971 3608 L
1008 3573 1250 3622 λατερκούλοι-.-“
1283 3584 1285 3611 i

175 3620 294 3653 Theod.
312 3621 497 3654 οἰκειακοῖς
512 3623 545 3654 Β
565 3620 576 3665 ΙΙ
593 3621 778 3652 s01.XX1V
791 3622 895 3662 lissef.
907 3622 950 3660 ς)]
971 3624 1175 3664 νομίσματα
1195 3619 1246 3654 κδ’

177 3664 307 3706 Theod.,
325 3669 531 3709 νομίσματα
550 3664 597 3698 κε’
611 3667 651 3698 Μ
665 3679 687 3698 s.
703 3679 742 3703 v...
760 3666 825 3698 BL
845 3664 857 3709 ss
881 3667 921 3698 25
944 3665 1001 3698 sol.
1014 3666 1100 3698 CLL
1125 3667 1172 3708 M,
1197 3680 1250 3698 νω-

173 3711 333 3750 μίσματα
355 3705 386 3755 γ’
398 3713 491 3755 (τρία
512 3712 555 3751 Β)
568 3712 642 3745 Ass.
660 3723 697 3750 v.,
714 3711 781 3743 BL
793 3711 923 3752 Tkeod„
945 3710 1002 3744 sol.
1018 3721 1108 3743 num.
1125 3722 1180 3743 sex
1200 3724 1218 3747 ς
1242 3710 1253 3755 Η

1325 2993 1379 3032 Μ]
1406 2988 1693 3036 προςταγμάτων
1718 2994 1807 3028 ΕΙ)’ς
1827 2994 1837 3030 lt
1863 2995 1903 3026 27
1930 2994 1988 3026 sol.
2012 3005 2101 3026 num.
2128 2995 2347 3036 quadraginta
2373 3008 2402 3035 ς,

1320 3037 1377 3069 sol.
1391 3037 1449 3068 XC
1469 3038 1507 3069 Al
1523 3041 1729 3080 νομίσματα
1747 3036 1774 3077 ξ
1788 3035 1974 3078 (ἑξήκοντα
1985 3039 2033 3078 Β)
2053 3040 2083 3071 Β
2096 3040 2216 3072 leeod.
2238 3052 2316 3082 νομ.
2331 3039 2359 3081 ζ’
2374 3041 2403 3073 L

1321 3094 1397 3124 ’νομ.
1413 3081 1433 3114 ι’
1452 3082 1488 3113 Μ
1499 3096 1524 3115 s.
1536 3096 1563 3115 υ.
1582 3082 1593 3126 ΙΙ
1622 3086 1662 3115 32
1689 3079 1865 3127 *ὑπάρχῳ
1893 3084 1971 3116 libri
1987 3085 1998 3125 ΙΙ
2022 3082 2131 3127 ἱερῶν
2155 3098 2214 3116 om.
2232 3086 2259 3117 L
2277 3085 2288 3128 Η
2313 3083 2404 3118 &abac

1320 3123 1445 3165 (αἰώας
1459 3127 1519 3167 ΙἉ)
1546 3128 1577 3159 L
1593 3130 1604 3168 ΙΙ
1625 3128 1667 3160 33
1692 3131 1896 3172 πατρικίων
1920 3129 1952 3161 L

1366 3208 1384 3238 3
1410 3206 1611 3247 praetorium
1636 3207 1668 3238 V
1688 3205 1700 3249 ΙΙ
1724 3208 1745 3239 4
1771 3207 1859 3247 quod
1887 3206 1944 3250 ΤΗ
1970 3208 2028 3248 qui
2053 3221 2111 3241 om.
2134 3209 2167 3241 V
2185 3209 2196 3250 ss
2222 3211 2240 3242 5
2267 3220 2283 3240 a
2309 3209 2404 3242 nobis

1325 3252 1565 3292 Osenbriiqqen]
1591 3251 1685 3283 nobis
1710 3252 1746 3293 V,
1769 3264 1827 3284 om.
1847 3253 1883 3291 T,
1909 3255 2021 3284 nostra
2045 3254 2133 3296 vulq.
2154 3253 2166 3298 ΙΙ
2191 3254 2402 3287 administra·

1320 3296 1421 3328 tionis
1443 3296 1504 3328 VT
1517 3295 1528 3337 ΙΙ
1560 3298 1579 3329 6
1604 3295 1848 3338 prouidentiam
1877 3297 1931 3339 ΤΗ
1959 3300 2079 3329 cuneta
2099 3298 2157 3341 Vl}
2184 3298 2276 3331 dccet
2304 3300 2403 3333 Oseu-

1322 3342 1477 3383 briiquen]
1503 3341 1590 3372 dicet
1613 3342 1643 3373 T
1664 3341 1775 3374 dicent
1797 3342 1852 3383 Vll
1870 3344 1887 3374 7
1914 3353 2030 3383 puram
2058 3342 2108 3387 Vss
2128 3344 2345 3385 approbatum
2362 3364 2402 3369 -

1321 3389 1339 3418 ἱ)
1366 3386 1476 3426 itaque
1502 3398 1560 3417 om.
1595 3386 1628 3418 V
1650 3385 1662 3429 ΙΙ
1692 3388 1711 3419 9
1745 3386 1929 3419 declarauit
1955 3388 2032 3419 libri
2059 3386 2071 3430 ΙΙ
2102 3389 2235 3428 quidem
2261 3391 2344 3434 vulq.
2391 3389 2403 3433 ΙΙ

1326 3433 1358 3464 11
1387 3430 1610 3472 praecipimus
1637 3432 1669 3464 Τ
1691 3431 1702 3473 ΙΙ
1730 3433 1769 3464 13
1795 3431 1963 3464 lucescens
1990 3433 2021 3464 T
2044 3432 2055 3476 ΙΙ
2091 3435 2130 3466 14
2157 3434 2235 3475 CR]
2262 3434 2340 3477 Cap.
2366 3436 2403 3475 T,

1321 3489 1379 3508 om.
1399 3474 1451 3518 Vn
1471 3475 1632 3508 bilisiario
1653 3477 1727 3509 uiro
1749 3477 1930 3508 clarissimo
1950 3477 2085 3510 consule
2107 3478 2164 3522 Vll
2185 3481 2224 3513 15
2246 3480 2401 3518 Pisidiae]

1320 3520 1482 3562 praesidie
1494 3520 1542 3563 Vl}
1561 3522 1596 3553 17
1612 3521 1821 3562 octingentos
1834 3541 1865 3544 w<
1880 3532 2017 3554 numero
2032 3536 2089 3555 om.
2100 3523 2135 3556 V
2146 3522 2158 3567 ΙΙ
2178 3526 2216 3558 18
2231 3525 2401 3557 LXXXII

1324 3567 1355 3597 'l'
1370 3565 1381 3608 ΙΙ
1402 3567 1439 3597 19
1466 3567 1588 3606 autem]
1615 3566 1713 3598 etiam
1737 3566 1795 3610 ΤΙΙ
1820 3567 2022 3599 occasionem
2045 3568 2075 3601 V
2090 3567 2102 3611 ΙΙ
2125 3570 2166 3603 23
2187 3569 2404 3612 *primicerio

1321 3614 1352 3642 ct
1378 3610 1588 3642 tribunorum
1615 3612 1701 3652 libri,
1735 3614 1768 3643 et
1793 3625 1851 3644 om.
1877 3614 1963 3654 vulo.
1989 3612 2001 3655 ΙΙ
2027 3612 2316 3647 laterculiensibus
2340 3616 2373 3646 V
2392 3615 2404 3658 ΙΙ

1322 3667 1364 3699 24
1387 3664 1510 3707 uiginti
1537 3669 1602 3700 tres
1628 3668 1661 3702 Τ
1687 3668 1699 3712 ΙΙ
1732 3669 1774 3702 29
1788 3670 1874 3702 rubr.
1904 3661 1956 3701 Κὲ
1986 3668 2021 3713 ly
2055 3679 2146 3700 xx·v
2173 3671 2221 3702 De
2254 3674 2402 3712 praetore

1323 3710 1483 3744 Licaonio
1514 3712 1542 3744 V

2061 3761 2132 3793 25*
