2586 3990
1256 139 1340 186 639

1323 257 1399 289 tero
1424 253 1640 298 perimimus.
1689 253 1728 289 Si
1751 263 1835 290 vero
1865 264 1937 290 non
1962 257 2185 300 opportunus
2210 253 2414 291 inveniatur

1326 299 1585 343 canonicarius‚
1609 309 1684 336 non
1702 299 1876 345 impulsor
1899 300 2070 343 mittatur,
2103 299 2165 336 sed
2189 299 2250 335 illo
2275 302 2411 336 remoto

1326 345 1417 379 alter
1441 344 1616 389 dirigatur
1647 344 1908 381 canonicarius.
1956 345 2077 390 Ipsum
2102 355 2243 390 quoque
2267 346 2411 381 canoni-

1328 389 1462 424 carium
1487 392 1692 426 contentum
1716 400 1796 427 esse
1828 390 1991 426 iubemus
2017 391 2196 436 deputatis
2222 394 2412 427 consuetu-

1294 438 1312 469 5
1327 434 1468 470 dinibus
1494 438 1529 471 et
1553 436 1690 472 nullam
1713 436 1879 473 subiectis
1903 436 2036 472 inferre
2059 436 2262 472 laesionem.

171 154 229 184 ΕΤ
258 153 375 186 ALus
407 153 642 186 CAPITULIS
1916 144 2024 188 Nov.
2054 138 2272 187 CXXVIII
2302 144 2413 186 6—8

171 251 203 285 εἰ
227 250 267 286 δὲ
290 249 536 295 ἀνεπιτήδειος
559 249 692 300 εὑρεθῇ
719 251 738 286 ὁ
763 254 1028 299 κανονικάριος,
1057 252 1106 298 μὴ
1132 252 1252 293 ἐξπελ-

171 296 295 331 λευτ“ς
318 298 536 342 πεμπέσθω,
568 294 650 331 ἀλλ’
679 300 816 333 ἐκείνου
840 296 1122 354 ἄποκινουμένου
1151 297 1255 332 ἄλλος

171 311 381 377 στελλέσθω
405 342 661 388 κανονικάριος.
698 348 757 377 καὶ
784 342 898 378 αὑτὸν
922 342 961 378 δὲ
983 357 1050 378 τον
1066 345 1255 378 κανονικά-

170 399 250 432 ριον
271 385 464 432 ἀρκεῖσθαι
485 385 673 432 κελεύομεν
697 391 774 423 ταῖς
799 387 1015 434 ιὸρισμέναις
1047 389 1258 432 συνηθείαις

169 435 229 465 καὶ
256 430 437 477 μηδεμίαν
459 435 532 467 τοῖς
556 432 770 468 ὑποτελέσιν
795 435 945 480 ἐπάγειν
968 433 1122 479 βλάβην.

1164 535 1322 572 CAPUT
1346 534 1426 570 VII.

1393 602 1431 637 Si
1466 605 1584 638 autem
1618 603 1809 648 aliquando
1847 604 2036 649 contigerit
2073 604 2411 649 superindictionem

223 600 279 634 Εἴ
297 613 385 636 ποτε
411 599 450 635 δὲ
474 606 629 647 συμβαίη
655 601 831 647 ἐπιβολὴν
862 601 1074 645 οἱαςδήποτε
1099 599 1257 645 κτήσεως

485 646 492 656 “
579 647 585 657 ’
1325 647 1514 684 cuiuslibet
1545 649 1781 693 possessionis
1811 659 2004 685 conservae
2036 653 2099 684 aut
2131 650 2411 685 contributariae

167 643 381 690 ὁμοδούλων
417 645 439 690 ἢ
474 659 692 691 ομοκηνσων
725 648 918 694 γενέσθαι,
955 648 993 688 ἐξ
1024 649 1160 681 ἐκείνου
1190 649 1255 681 τοῦ

166 692 296 736 χρόνον
321 691 510 736 κελεύομεν
535 693 603 727 τὸν
632 693 701 736 τὴν
722 692 897 737 ἐπιβολὴν
910 690 1123 736 ηδεχόμενον
1148 689 1255 727 ἆπαι-
1324 692 1417 735 fieri,
1452 703 1494 728 ex
1518 694 1580 729 illo
1604 697 1765 738 tempore
1795 693 1957 730 iubemus
1991 694 2273 739 superindictum
2297 695 2410 730 susci-

167 736 315 770 τεῖσθαι
336 734 427 783 ὑπὲρ
446 735 554 781 αὐτῆς
571 737 617 772 τὰ
636 736 802 782 δημόσια,
828 739 867 778 ἐξ
883 738 925 772 οὑ
943 736 1137 781 παρεδόθη
1156 734 1254 780 αὐτῷ
1325 737 1481 781 pientem
1511 738 1605 783 exigi
1636 750 1701 783 pro
1726 749 1768 775 eo
1793 739 1948 784 fiscalia,
1982 749 2025 774 ex
2050 749 2118 783 quo
2144 740 2275 775 tradita
2299 744 2353 774 est
2378 739 2412 774 ei

167 779 188 824 ἡ
215 781 479 826 ἐπιβαλλομένη
505 784 635 826 κτῆσις.
683 783 732 828 μὴ
763 781 878 817 ἄλλως
910 781 948 816 δὲ
978 782 1047 825 τὴν
1080 782 1255 826 ἐπιβολὴν
1272 786 1310 817 10
1325 783 1568 827 superindicta
1603 785 1801 828 possessio;
1845 794 1917 819 non
1952 784 2058 819 aliter
2091 787 2210 819 autem
2247 784 2409 828 superin-

166 828 357 872 γίνεσθαι,
383 828 477 871 εἰμὴ
505 829 691 874 ἐγγράφως
715 832 796 872 περὶ
820 828 949 862 τούτου
974 828 1131 868 ἐξέτασις
1154 830 1255 872 γένη“
1325 828 1457 863 (lictum
1482 828 1578 872 fieri,
1604 829 1674 864 nisi
1697 839 1741 864 ex
1765 829 1899 874 scripto
1930 829 1974 864 de
1998 829 2068 865 hoc
2099 830 2314 864 examinatio
2346 829 2410 864 fiat

166 884 227 905 ται
252 874 350 916 παρὰ
376 874 429 916 τῷ
455 875 517 916 τῆς
549 876 717 919 ἐπαρχίας
739 874 898 919 ἄρχοντι,
923 876 982 906 καὶ
998 874 1118 918 ψῆφος
1142 869 1254 906 αὐτοῦ
1325 874 1420 917 apud
1444 873 1648 918 provinciae
1679 874 1831 910 iudicem
1862 876 1898 909 et
1929 875 2106 910 sententia
2138 875 2213 910 eius
2238 874 2412 919 procedat

167 916 331 964 προέλθῃ
354 915 558 962 διορίζουσα
582 918 651 953 τὸν
676 915 871 964 ὀφείλοντα
890 916 1070 958 δέξασθαι
1094 917 1161 961 τὴν
1177 919 1254 951 ἑπι-
1324 918 1495 954 definiens
1520 928 1599 953 eum
1625 920 1684 964 qui
1703 919 1808 955 debet
1832 919 2014 963 suscipere
2039 920 2329 965 superindictum.
2372 919 2410 954 Si

166 961 289 1005 βολήν.
338 963 368 996 εἰ
401 961 443 996 δέ
474 974 527 997 τις
558 967 714 1008 νομίσειε
738 962 964 1008 βεβλάφθαι,
998 963 1131 1003 ἐξέστω
1158 960 1256 1005 αὐτῷ
1324 963 1402 1007 quis
1434 968 1552 998 autem
1585 965 1762 1008 putaverit
1794 974 1833 1000 se
1863 965 1973 1008 laedi,
2007 965 2114 1000 liceat
2144 965 2178 1000 ei
2204 973 2409 1010 provocare,

166 1006 419 1051 ἐκκαλεῖσθαι,
452 1008 512 1042 ἵνα
542 1010 581 1042 ἐν
611 1010 665 1051 τῷ
699 1006 919 1053 δικαστηρίῳ
954 1010 1029 1042 τῶν
1062 1006 1251 1048 ἐνδοξοτά-
1270 1011 1310 1043 15
1326 1011 1366 1043 ut
1389 1009 1427 1043 in
1451 1008 1530 1044 foro
1554 1009 1890 1053 gloriosissimorum
1920 1011 2185 1055 praefectorum
2218 1009 2409 1055 appellatio

167 1065 244 1106 τιον
268 1051 476 1132 ἐπάρχωνέξ
495 1052 658 1097 ἔκκλητος
681 1052 947 1101 ἐγγυμνάζηται
972 1056 1031 1087 καὶ
1055 1053 1148 1088 κατὰ
1173 1052 1255 1087 τοὺς
1325 1053 1548 1089 examinetur
1571 1057 1608 1090 et
1632 1056 1827 1091 secundum
1849 1056 1945 1099 leges
1966 1056 2156 1092 terminum
2180 1055 2363 1100 suscipiat.

166 1110 297 1141 νομους
321 1102 430 1143 πέρας
477 1101 608 1141 ε’χηται.

1149 1165 1305 1202 CAPUT
1330 1166 1426 1202 VIII.

222 1233 275 1266 Εἴ
294 1244 382 1267 ποτε
408 1231 446 1267 δὲ
467 1237 623 1277 συμβαίη
650 1232 832 1278 δεσπότην
856 1233 1069 1278 οἱαςδήποτε
1093 1233 1253 1278 κτήσεως

165 1276 189 1322 ἢ
202 1278 260 1334 κμη
283 1279 483 1332 φαίνεσέθαι
508 1275 531 1321 ἢ
554 1279 644 1323 πρὸς
661 1278 730 1322 τὴν
747 1281 823 1314 τῶν
840 1278 1024 1324 δημοσίων
1045 1279 1253 1335 καταβολὴν

1389 1234 1428 1269 Si
1451 1244 1532 1270 vero
1557 1235 1749 1279 aliquando
1783 1235 1969 1278 contigerit
2001 1235 2179 1271 dominum
2204 1235 2407 1271 cuiuscum-

1322 1289 1390 1323 que
1414 1280 1649 1324 possessionis
1681 1283 1746 1315 aut
1777 1290 1848 1315 non
1874 1290 2046 1324 apparere
2078 1285 2140 1316 aut
2164 1281 2209 1316 ad
2233 1281 2407 1316 fiscalium

165 1338 214 1368 μη
240 1327 374 1368 αρκεῖν,
399 1335 486 1357 were
511 1322 571 1357 διὰ
588 1325 696 1358 τοῦτο
721 1324 789 1377 τὴν
810 1327 874 1368 ,τῆς
898 1324 1067 1380 ἐπιβολῆς
1092 1326 1253 1368 ανάγκην
1266 1327 1308 1359 20
1322 1325 1537 1360 solutIOnem
1560 1336 1632 1361 non
1658 1325 1835 1367 sufficere,
1873 1328 1912 1360 ut
1936 1335 1980 1360 ex
2003 1327 2072 1361 hoc
2096 1326 2408 1371 superindictionis

165 1369 360 1416 γενέσθαι,
400 1368 588 1412 κελεύομεν
624 1382 841 1415 παραχρημα
882 1384 1021 1413 ταυτην
1056 1369 1251 1415 παραδίδο-

165 1414 259 1448 σθαι
288 1417 362 1448 τοῖς
393 1411 575 1457 ὁμόδουλοι
608 1411 631 1457 ἢ
660 1412 847 1459 ὁμόκηνσα
878 1420 992 1461 χωρία
1029 1419 1252 1459 κεκτημένοις

163 1458 255 1503 μετὰ
292 1459 447 1493 πάντων
481 1460 558 1493 τῶν
591 1461 630 1493 ἐν
661 1458 751 1506 αὑτῇ
785 1457 1050 1505 εὑρισκομένων
1080 1462 1253 1507 γεωργῶν

164 1507 224 1538 καὶ
249 1503 449 1538 πεκουλίων
473 1501 597 1538 αὐτῶν
626 1508 685 1538 καὶ
709 1505 883 1548 ἑνθηκῶν
914 1509 973 1539 καὶ
1005 1508 1158 1551 καρπῶν
1191 1510 1251 1539 καὶ

1321 1370 1516 1405 necessitas
1549 1370 1777 1415 suscipiatur,
1813 1370 1975 1405 iubemus
2007 1376 2154 1416 repente
2189 1372 2282 1406 hanc
2313 1370 2409 1406 tradi

1322 1415 1376 1449 his
1401 1415 1462 1459 qui
1484 1425 1660 1451 conserva
1684 1418 1747 1450 aut
1768 1415 2028 1451 contributaria
2051 1416 2199 1461 praedia
2223 1416 2408 1461 possident

1322 1470 1401 1494 cum
1428 1460 1592 1496 omnibus
1625 1460 1685 1505 qui
1708 1460 1745 1495 in
1770 1471 1812 1495 ea
1836 1461 2065 1496 inveniuntur
2097 1462 2262 1507 agricolis
2286 1465 2322 1496 et
2345 1471 2407 1506 pe-

1322 1506 1425 1541 culiis
1459 1516 1580 1541 eorum
1613 1509 1650 1541 et
1678 1506 1829 1541 enthicis
1862 1509 1897 1540 et
1928 1506 2104 1542 fructibus
2138 1510 2174 1542 et
2196 1507 2408 1542 animalibus

166 1550 274 1592 ζιρων
305 1553 364 1583 καὶ
389 1550 527 1584 παντὸς
551 1548 658 1583 ἄλλου
692 1551 888 1586 instructov
912 1554 971 1585 καὶ
995 1551 1251 1586 instrumentov
1266 1553 1307 1585 25
1322 1554 1356 1585 et
1387 1551 1483 1586 omni
1514 1551 1583 1587 alio
1619 1551 1795 1587 instructo
1830 1551 2136 1597 instrumentoque
2170 1552 2221 1587 ibi
2251 1552 2406 1587 invento.

164 1596 228 1628 τοῦ
261 1596 371 1628 ἐκεῖσε
406 1593 665 1640 εὑρισκομένου.
715 1597 745 1629 εἰ
777 1594 816 1630 δὲ
847 1595 869 1639 ἢ
903 1596 946 1630 τὸ
979 1596 1175 1641 πρόςωπον
1207 1596 1249 1630 τὸ

165 1637 311 1681 ὀφεῖλον
347 1637 463 1682 αὑτὴν
499 1640 592 1674 κατὰ
630 1640 713 1674 τοὺς
749 1640 880 1685 νόμους
914 1638 1168 1682 ὑποδέξασθαι
1201 1642 1250 1685 μὴ

165 1685 298 1730 εὑρεθῆ
330 1683 353 1727 ἢ
385 1684 483 1728 ἄλλῳ
517 1683 719 1728 οἱῳδήποτε
752 1684 880 1731 τρόπῳ
906 1683 1155 1732 ὑπερτεθῆναι
1183 1687 1252 1729 τὴν

164 1720 340 1782 ἐπιβολὴν
371 1733 545 1783 συμβαίη,
579 1730 767 1784 κελεύομεν
798 1729 1043 1775 ὑπομνήματα
1074 1733 1251 1779 γενέσθαι

1322 1597 1358 1631 Si
1395 1606 1476 1631 vero
1514 1600 1576 1631 aut
1610 1606 1764 1642 persona
1807 1606 1897 1641 quae
1935 1597 2063 1632 debeat
2099 1607 2177 1632 eam
2212 1597 2408 1632 secundum

1321 1642 1414 1685 leges
1438 1642 1620 1686 suscipere
1649 1653 1720 1677 non
1750 1642 1958 1685 inveniatur,
1993 1644 2057 1677 aut
2080 1643 2151 1677 alio
2185 1652 2407 1687 quocumque

1321 1688 1425 1721 modo
1447 1686 1581 1722 differri
1603 1687 1882 1732 superindictum
1904 1687 2102 1731 contigerit,
2123 1687 2286 1722 iubemus
2307 1690 2408 1731 gesta

1321 1732 1449 1767 confici
1479 1732 1574 1777 apud
1608 1732 1812 1777 provinciae
1841 1732 1995 1767 iudicem
2029 1732 2267 1778 significantia
2293 1732 2407 1777 quali-

163 1775 261 1821 παρὰ
278 1788 331 1818 τῳ
349 1786 412 1818 της
429 1777 599 1828 ἐπαρζίας
616 1789 764 1831 αρχοντι
786 1775 965 1820 δηλοῦντα
984 1778 1052 1831 τὴν
1069 1775 1251 1820 ποιότητα
1265 1779 1306 1812 30
1321 1779 1430 1811 tatem
1452 1780 1488 1812 et
1511 1781 1643 1812 statum
1667 1778 1742 1813 eius
1762 1778 2001 1830 possessionis
2025 1781 2061 1812 et
2085 1778 2204 1813 omnia
2227 1778 2263 1812 in
2289 1788 2331 1812 ea
2354 1779 2406 1812 in-

161 1824 222 1854 καὶ
246 1820 471 1854 κατάστασιν
502 1831 564 1863 της
588 1823 696 1864 αυτῆς
720 1821 877 1865 κτήσεως
906 1826 965 1856 καὶ
990 1835 1114 1857 παντα
1140 1822 1186 1856 τὰ
1211 1824 1251 1856 ἐν

163 1862 252 1913 αὐτῇ
277 1863 532 1910 εὑρισκόμενα,
566 1866 626 1900 ἵνα
652 1863 767 1901 οὕτως
791 1864 906 1910 αὐτὴν
926 1867 962 1902 οἱ
978 1865 1251 1912 πολιτευόμενοι

162 1910 272 1957 ἤγουν
297 1910 492 1956 ἑξάκτωρες
522 1907 545 1954 ἢ
569 1909 726 1955 βίνδικες
758 1910 780 1956 ἢ
807 1913 988 1953 ταξεῶται
1013 1912 1250 1959 παραλαμβά-

163 1968 300 2000 νουσιν,
334 1953 421 2011 ὥςτε
450 1957 480 1990 εἰ
512 1956 603 2000 μετὰ
632 1959 749 1991 ταῦτα
774 1956 959 2003 εὑρεθεῖεν
989 1958 1025 1992 οἱ
1048 1956 1252 2004 ὀφείλοντες

1320 1826 1435 1864 venta,
1461 1826 1502 1857 ut
1518 1823 1569 1857 sic
1591 1832 1667 1858 eam
1695 1823 1847 1858 curiales
1872 1833 1936 1858 seu
1961 1826 2146 1858 exactores
2171 1826 2234 1858 aut
2252 1823 2407 1858 vindices

1319 1870 1383 1902 aut
1407 1867 1580 1903 officiales
1605 1869 1821 1913 suscipiant,
1853 1873 1888 1903 et
1911 1868 1942 1903 si
1966 1872 2093 1914 postea
2115 1868 2314 1904 inveniatur
2346 1868 2407 1912 qui

1321 1913 1449 1949 debeat
1484 1923 1562 1949 eam
1598 1914 1794 1950 secundum
1827 1913 1924 1958 leges
1960 1913 2161 1972 suscipere,
2197 1924 2270 1950 non
2304 1913 2408 1949 aliter

164 1998 279 2044 αὑτὴν
302 2015 396 2035 κατα
427 2000 509 2036 τοὺς
533 1999 662 2046 νόμους
688 2001 887 2048 δέξασθαι,
922 2004 971 2048 μὴ
995 2002 1112 2038 ἄλλως
1143 2005 1251 2038 τοῦτο
1265 2006 1307 2038 35

209 2105 236 2126 c.
257 2091 330 2126 VII
343 2093 400 2134 (—
416 2093 456 2126 13
472 2090 659 2135 ἐπιβολήν)
677 2101 706 2126 et
730 2094 823 2127 VIII
840 2107 877 2127 ex
893 2095 929 2127 B
947 2096 1058 2137 56,1s,
1075 2103 1090 2128 G
1116 2096 1183 2136 [56,
1197 2102 1245 2136 20,
1260 2102 1276 2128 8
1295 2096 1346 2127 cit.
1367 2095 1413 2126 RS
1432 2095 1465 2127 in
1483 2096 1532 2128 ed.
1547 2095 1747 2134 Zachariae]
1773 2101 1881 2127 servat
1906 2094 1955 2127 B⁸
1970 2096 2006 2127 Ε
2019 2095 2073 2137 34,
2086 2102 2099 2128 1
2120 2107 2157 2138 p.
2173 2096 2237 2129 333
2256 2095 2360 2128 Zach.

164 2181 206 2217 Si
236 2191 321 2216 vero
354 2182 608 2216 canonicarius
636 2193 770 2228 parum
801 2182 953 2217 idoneus
985 2183 1201 2225 inveniatur,
1231 2194 1275 2218 ne
1299 2182 1508 2228 compulsor
1532 2184 1709 2224 mittatur,
1744 2182 1809 2217 secl
1839 2182 1903 2216 illo
1937 2187 2073 2217 remoto
2104 2183 2197 2218 alter
2220 2183 2407 2228 deleqetur

163 2226 431 2262 canonicarius.
479 2225 552 2260 Sed
574 2226 690 2272 ipsum
716 2237 859 2272 quoque
883 2229 1154 2263 canonic-arium
1179 2231 1385 2263 contentum
1416 2237 1493 2262 esse
1516 2227 1678 2262 iubemus
1707 2226 2023 2263 consuetudinibus
2054 2228 2260 2264 constitutis
2291 2239 2407 2274 neque

166 2272 278 2307 ullum
302 2271 470 2306 subiectis
493 2271 661 2306 damnum
685 2272 835 2317 inferre.

298 2316 378 2353 VII.
427 2314 501 2351 Sed
522 2316 554 2351 si
577 2317 723 2362 quando
748 2318 940 2363 contiqerit
963 2317 1200 2352 adiectionem
1224 2318 1479 2362 cuiuscumque
1500 2317 1743 2362 possessionis
1767 2326 2021 2352 conservorum
2047 2316 2104 2352 vel
2125 2317 2406 2353 contribatario-

163 2373 244 2398 rum
263 2360 501 2408 praediorum
522 2361 620 2405 fieri,
651 2372 700 2397 ex
723 2362 786 2397 illo
813 2368 971 2409 tempore
994 2362 1155 2397 iubemus
1177 2362 1222 2397 ab
1246 2373 1288 2397 eo
1313 2361 1375 2407 qm·
1396 2361 1632 2397 adiectionem
1658 2362 1788 2407 recipit
1809 2372 1879 2408 pro
1896 2373 1939 2397 ea
1957 2361 2108 2407 publica
2133 2362 2268 2399 tributa
2291 2363 2405 2409 exiqi,

164 2418 213 2443 ex
236 2418 308 2453 quo
333 2406 469 2441 tradita
493 2407 525 2440 ei
548 2410 601 2441 est
625 2406 765 2442 adiecta
783 2408 979 2453 possessio.
1027 2406 1125 2443 Nece
1151 2411 1268 2442 tamen
1293 2407 1401 2441 aliter
1431 2406 1586 2442 adiectio
1608 2407 1692 2451 fiat,
1725 2407 1795 2441 nisi
1825 2407 1863 2441 in
1887 2407 2034 2452 scriptis
2065 2406 2109 2442 de
2133 2417 2175 2442 ea
2203 2418 2243 2443 re
2267 2409 2405 2444 exami-

165 2454 266 2487 natio
292 2451 393 2497 apud
413 2451 617 2497 praesidem
638 2453 848 2497 provinciae
871 2453 1036 2487 instituta
1069 2456 1103 2487 et
1126 2452 1303 2487 sententia
1328 2452 1403 2486 eius
1424 2452 1574 2497 prolata
1599 2454 1646 2487 sit
1678 2463 1771 2496 quae
1794 2451 1958 2497 desiqnet
1981 2462 2060 2486 eum
2085 2452 2150 2496 qui
2171 2452 2405 2489 adiectionem

164 2498 325 2543 recipere
349 2496 483 2531 debeat.
533 2495 577 2530 Si
598 2498 679 2541 quis
702 2508 786 2532 vero
809 2508 847 2532 se
870 2498 1001 2532 danzno
1027 2497 1197 2542 affectum
1216 2500 1333 2543 putet,
1359 2497 1466 2532 liceat
1489 2497 1522 2532 ei
1546 2497 1746 2544 appellare,
1777 2500 1817 2531 ut
1839 2498 1876 2532 in
1901 2496 2035 2531 iudicio
2060 2497 2406 2541 qloriosissimorum

163 2543 437 2589 praefectorum
461 2541 662 2587 appellatio
687 2547 903 2578 exerceatur
927 2546 961 2577 et
982 2543 1177 2577 seeundum
1198 2543 1294 2588 leqes
1318 2543 1508 2577 terminum
1534 2542 1702 2588 accipiat.

300 2586 396 2621 VIII.
453 2586 583 2621 Verum
607 2587 641 2621 si
663 2587 809 2632 quando
835 2588 1016 2622 dominum
1048 2588 1302 2632 cuiuscumque
1360 2587 1571 2622 ossessionis
1603 2591 1666 2623 aut
1691 2598 1763 2622 non
1788 2597 1971 2633 apparere
2002 2590 2066 2622 aut
2096 2587 2145 2622 ad
2177 2586 2311 2623 tributa
2335 2588 2404 2623 sol-

165 2632 279 2668 venda
303 2642 376 2667 non
399 2632 570 2677 sufficere
594 2633 798 2678 contiqerit,
831 2637 871 2668 ut
895 2632 1031 2667 idcirco
1064 2632 1277 2667 adiectionis
1305 2598 1373 2676 ἧι
1397 2632 1606 2673 necessitas,
1639 2632 1799 2667 iubemus
1831 2643 1910 2667 eam
1934 2632 2125 2677 confestim
2156 2632 2203 2667 iis
2234 2633 2298 2678 qui
2322 2644 2405 2669 con-

164 2688 268 2713 serva
300 2681 365 2712 aut
388 2677 652 2712 contributaria
676 2677 834 2722 praedia
858 2677 1048 2723 possident
1078 2687 1158 2711 cum
1183 2677 1346 2712 omnibus
1369 2678 1508 2712 colonis
1537 2678 1599 2722 qui
1630 2678 1666 2711 in
1692 2688 1734 2712 ea
1766 2677 2000 2723 reperiuntur
2030 2687 2222 2723 eorumque
2252 2677 2406 2723 peculii-s

164 2726 200 2758 et
228 2723 371 2757 dotibus
401 2721 582 2764 (entltecis)
615 2727 650 2757 et
678 2723 862 2767 fructibus
892 2726 928 2758 etv
956 2722 1174 2757 animalibus
1204 2726 1239 2757 et
1269 2723 1367 2757 omni
1395 2722 1469 2757 alio
1502 2722 1679 2757 instructo
1711 2723 2022 2767 instrumentoque
2052 2722 2102 2756 ibi
2125 2726 2270 2768 reperto
2297 2724 2402 2758 tradi.

163 2767 303 2810 Quodsi
325 2770 389 2802 aut
439 2777 571 2802 ersona
596 2777 691 2812 quae
714 2779 791 2802 eam
815 2767 1008 2803 secundum
1033 2768 1130 2813 [eyes
1153 2767 1335 2813 suscipere
1359 2767 1486 2803 debeat
1508 2778 1580 2802 non
1603 2768 1818 2809 inveniatur,
1847 2771 1912 2802 aut
1935 2768 2008 2803 alio
2032 2767 2188 2813 quolibet
2213 2767 2317 2802 modo
2342 2769 2405 2802 ad-

163 2813 352 2848 iectionem
385 2778 527 2858 dijfferri
550 2813 753 2858 continqat,
787 2813 946 2848 iubemus
978 2816 1061 2848 acta
1085 2812 1186 2857 apud
1201 2812 1410 2858 praesidem
1432 2812 1644 2858 provinciae
1668 2812 1817 2857 confici,
1849 2823 1942 2863 quae
1965 2812 2172 2858 siqnificent
2194 2813 2406 2859 qualitatem

163 2862 200 2894 et
222 2861 354 2893 statum
378 2856 534 2892 eiusdem
556 2858 795 2903 possessionis
820 2859 1011 2904 omniaque
1035 2868 1127 2902 quae
1151 2859 1188 2892 in
1212 2868 1255 2892 ea
1275 2858 1520 2903 reperiuntur,
1546 2861 1586 2892 ut
1610 2859 1661 2893 ita
1685 2868 1764 2892 eam
1781 2857 1937 2892 curiales
1960 2858 2016 2893 vel
2038 2862 2229 2893 exactores
2253 2858 2310 2894 vel
2331 2859 2405 2893 vin-

164 2903 261 2939 dices
277 2903 332 2939 vel
348 2902 529 2948 officiales
551 2903 773 2948 suscipiant:
796 2906 837 2938 ut
858 2903 891 2938 si
911 2907 1042 2949 postea
1066 2903 1296 2948 reperiantur
1320 2902 1383 2947 qui
1404 2902 1555 2937 debeant
1574 2913 1652 2938 eam
1673 2902 1868 2937 secundum
1894 2902 1989 2948 leqes
2007 2903 2181 2949 recipere,
2205 2914 2280 2938 non
2299 2903 2407 2939 aliter

221 2995 241 3026 6
267 2990 474 3035 ἐπιβουλὴν,
499 3005 567 3025 so.
592 2990 767 3034 ἐπιβολὴν
793 2993 837 3024 M
857 2992 869 3035 ΙΙ
901 2995 938 3026 11.
963 2991 1138 3037 γενέσθαι
1163 2994 1212 3026 Β3
1244 2995 1249 3038 Ι

165 3035 350 3082 ἐγγράφως
375 3034 550 3078 M;(Iut.)]
576 3037 600 3068 ε’
616 3046 750 3083 γραφος
771 3037 853 3069 LB⁸
877 3037 889 3080 ΙΙ
918 3038 957 3071 13
984 3036 1159 3080 προέλθοι
1183 3039 1214 3071 L
1246 3039 1250 3082 Ι

165 3079 401 3127 ὀφειλόμενον
416 3082 462 3114 M
479 3081 491 3125 ΙΙ
509 3083 551 3115 14
565 3082 582 3112 ε’
604 3084 698 3114 ε’στω
711 3082 742 3114 L
753 3084 783 3122 ς]
802 3080 940 3120 ἐξέστιν
953 3084 1024 3124 (sic)
1040 3083 1089 3123 M,
1107 3082 1250 3121 ἔξεστιν

165 3129 250 3171 vuly.
268 3127 279 3170 ΙΙ
302 3129 341 3160 15
368 3124 600 3171 ἐγκαλεῖσθαι
625 3135 655 3160 et
682 3129 721 3160 16
741 3124 906 3171 ἔγκλητος
923 3127 991 3170 Mn
1014 3129 1053 3160 16
1075 3124 1249 3172 ὑπάρχων

166 3174 216 3205 La
236 3172 247 3216 ΙΙ
264 3168 524 3216 ἐγγυμνάζεται
541 3172 625 3213 ML,
642 3184 723 3205 corr.
738 3173 935 3205 Ilaloander
954 3172 966 3216 ΙΙ
983 3174 1025 3205 22
1047 3170 1249 3215 ὁμόκινσσα

166 3219 197 3250 L
216 3216 228 3261 ΙΙ
245 3219 286 3250 25
305 3215 443 3249 παντὸς
463 3214 570 3248 ἄλλου
595 3214 829 3260 ἰνστρούκτου
850 3219 909 3249 καὶ
933 3217 1160 3250 instrumentu
1183 3218 1247 3250 τοῦ

166 3263 211 3295 Μ
242 3261 379 3295 παντὸς
403 3259 511 3294 ἄλλου
537 3262 662 3294 instruc
692 3263 730 3302 (s.
750 3275 778 3294 v.
804 3259 910 3303 ἄλλης
933 3261 1159 3303 ἐξοπλίσεως)
1190 3265 1249 3295 καὶ

166 3308 390 3340 ινεὲτυῐηεηΐιι
415 3307 478 3339 τοῦ
503 3308 540 3348 (s.
561 3320 590 3339 υ.
612 3303 831 3351 ἀμφιάσεως)
857 3307 887 3339 L
924 3306 1040 3350 πάσης
1064 3305 1169 3349 ἄλλης
1196 3307 1248 3347 ἐξ·

165 3351 341 3385 οπλίσεως
364 3354 423 3383 καὶ
449 3349 658 3405 ἅμφιάσεως
682 3352 731 3384 Β8
747 3350 759 3395 ΙΙ
780 3353 822 3384 26
846 3347 1094 3396 εὑρισκομένης
1111 3353 1160 3385 Bs
1176 3353 1187 3395 ΙΙ
1208 3355 1248 3386 2ἵ

167 3394 325 3430 (ι’ὗτὸνΙι
343 3396 354 3440 ΙΙ
374 3398 414 3430 28
440 3396 574 3440 εὑρεθῆ
589 3398 646 3438 M]
671 3393 837 3442 εὑρεθείη
863 3398 946 3429 LBs
973 3398 985 3440 ΙΙ
1012 3399 1054 3431 29
1077 3397 1250 3442 γίνεσθαι

166 3443 226 3483 13⁸,
244 3444 331 3485 quod
346 3444 465 3484 recepit
482 3443 669 3475 Zachariae
694 3442 706 3485 11
732 3444 774 3475 30
798 3442 880 3484 τὴν]
904 3442 1016 3475 τινὰΫ
1042 3444 1091 3475 La
1108 3443 1120 3486 ΙΙ
1145 3442 1248 3476 ποιό-

165 3498 257 3528 τητα
274 3488 357 3520 LB⁸
374 3499 393 3522 ς
405 3488 480 3520 Aeli.
495 3487 572 3527 lut]
598 3486 785 3529 ποσότητα
800 3487 1002 3528 Μ(Τ1ιεοι1.)
1021 3487 1033 3530 ΙΙ
1049 3489 1090 3522 31
1109 3488 1170 3530 τῆς
1187 3484 1248 3520 αὗ-

165 3533 239 3573 τῆς]
265 3533 336 3565 eius
358 3545 376 3568 ς
394 3532 405 3575 ΙΙ
424 3533 466 3566 32
485 3532 570 3565 *ἵνα
587 3534 637 3574 (ut
658 3544 676 3567 ς
690 3533 778 3573 lum]
804 3534 863 3564 καὶ
882 3533 1004 3565 MLB³
1029 3534 1041 3576 11
1065 3535 1106 3567 33
1128 3531 1248 3578 ἤγουν]

166 3586 238 3620 εἴτε
252 3581 318 3622 οὑν
331 3590 380 3621 B⁸
398 3589 409 3632 ΙΙ
428 3584 612 3632 ἐξάκτορες
630 3589 678 3620 Β8
709 3578 847 3632 ἑξάκῶρ
861 3590 944 3630 (sie),
965 3602 991 3622 s.
1005 3602 1033 3622 v.
1052 3584 1249 3631 ἆπαιτηταὶ

166 3633 198 3665 L
224 3632 236 3676 ss
262 3630 428 3676 ὒίνδιοθε,
458 3648 483 3666 s.
502 3647 528 3667 υ.
555 3631 687 3666 ἔκδικοι
713 3634 742 3666 L
772 3633 783 3676 ΙΙ
815 3630 1156 3677 παραλαμβάνωσιν
1181 3648 1247 3667 cum

167 3678 350 3721 Scrimyero
367 3681 452 3723 vuly.
471 3679 483 3722 ΙΙ
502 3680 544 3712 34
568 3676 751 3723 εὑρεθεῖεν
767 3677 803 3711 οἱ
817 3674 1032 3724 ὀφείλοντες]
1057 3679 1249 3712 inveniatur

167 3723 225 3764 qui
249 3722 365 3756 debeat
389 3736 407 3761 ς
424 3725 436 3768 ΙΙ
455 3725 496 3758 35
521 3724 629 3757 τοῦτο
654 3737 710 3757 om.
734 3736 753 3759 ς

1377 2995 1395 3026 3
1422 3003 1553 3033 quoque
1575 2992 1805 3024 canonicarius
1827 2992 1876 3025 V²
1894 2992 1905 3035 ΙΙ
1925 2994 1945 3025 4
1969 2994 2196 3035 contemptum
2219 2994 2282 3026 VT
2301 2994 2312 3036 ΙΙ
2340 3003 2406 3025 esse

1319 3051 1376 3070 om.
1394 3038 1426 3070 T
1438 3037 1450 3081 u
1468 3037 1648 3080 deputatis]
1674 3037 1714 3069 dc
1731 3037 1874 3079 priuatis
1894 3036 1949 3080 ΤΙΙ
1970 3038 1988 3069 5
2008 3040 2040 3069 ct
2064 3050 2121 3071 om.
2140 3039 2187 3070 T¹
2206 3038 2217 3080 ΙΙ
2234 3037 2337 3070 infert
2356 3039 2406 3071 T¹

1318 3083 1442 3115 inferat
1468 3083 1518 3115 Τ2
1537 3083 1548 3126 ΙΙ
1575 3084 1594 3115 6
1619 3082 1882 3124 superdictiones
1910 3081 1959 3114 Τ1
1996 3082 2296 3124 superindictioncs
2323 3083 2372 3115 Τ2
2395 3083 2407 3127 Η

1320 3130 1336 3160 7
1363 3138 1561 3160 conseruare
1586 3130 1644 3159 aut
1669 3126 1911 3159 contributaria
1931 3125 1988 3169 VH
2006 3130 2024 3160 9
2049 3138 2109 3168 pro
2128 3137 2166 3159 eo
2183 3127 2319 3168 fiscalia]
2344 3138 2406 3170 pro

1318 3172 1486 3205 fiscalibus
1513 3174 1544 3205 T
1566 3172 1578 3215 ΙΙ
1606 3174 1646 3205 10
1672 3172 1829 3214 possessio
1850 3171 2076 3212 superindicta
2103 3173 2135 3204 T
2156 3172 2167 3215 ΙΙ
2189 3174 2226 3206 11
2253 3172 2320 3205 nisi
2346 3186 2405 3206 om.

1327 3218 1381 3260 Vn
1400 3228 1439 3249 ex
1459 3217 1621 3259 rescripto
1641 3218 1672 3249 T
1682 3218 1767 3260 vulq.
1786 3216 1798 3259 11
1819 3218 1858 3250 12
1883 3217 2023 3248 scicntia
2050 3217 2098 3249 T¹
2116 3217 2128 3260 11
2145 3218 2325 3259 procedens
2343 3219 2374 3250 T
2393 3218 2406 3262 ΙΙ

1321 3265 1359 3296 15
1383 3262 1655 3304 gloriosimorum
1675 3262 1707 3294 T
1719 3261 1731 3304 11
1752 3263 1791 3295 16
1816 3261 1974 3293 terminos
2001 3261 2056 3304 Vl}
2076 3264 2116 3295 18
2142 3263 2316 3304 contingat
2343 3264 2374 3295 T
2393 3264 2405 3304 ss

1318 3308 1478 3348 cuiusque
1501 3306 1556 3351 Vl}
1582 3310 1623 3340 20
1649 3309 1698 3347 ut]
1720 3310 1778 3339 aut
1804 3307 1836 3339 Τ
1849 3307 1860 3349 ΙΙ
1879 3309 1928 3346 ex]
1954 3316 2013 3349 per
2042 3307 2096 3350 ΤΙΙ
2114 3308 2357 3350 superindictio
2379 3307 2412 3340 V

1318 3353 1514 3385 indictionis
1543 3353 1574 3384 T
1594 3351 1605 3395 ΙΙ
1630 3353 1670 3384 23
1697 3362 1772 3384 cum
1796 3371 1840 3375 ——
1864 3361 1901 3383 ea
1924 3365 1986 3384 scr.
2010 3353 2059 3384 V²
2079 3355 2112 3385 in
2133 3360 2216 3395 spat.
2236 3366 2307 3385 vac.
2327 3353 2338 3395 ΙΙ
2363 3355 2405 3386 24

1319 3397 1460 3430 euthicis
1478 3398 1523 3438 V]
1550 3397 1795 3439 emphiteoticis
1818 3397 1853 3437 T,
1879 3397 2026 3428 enthecis
2042 3398 2129 3440 vulg).
2149 3398 2160 3441 ΙΙ
2179 3400 2211 3430 et
2228 3398 2404 3438 fructibus]

1319 3446 1351 3475 et
1375 3456 1434 3475 om.
1450 3442 1505 3486 Tu
1526 3444 1567 3475 25
1585 3442 1809 3474 instrumento
1827 3451 1910 3482 quae
1934 3442 1988 3484 VH
2006 3442 2159 3474 iniuncto
2181 3444 2212 3475 T
2226 3442 2237 3486 ΙΙ
2257 3445 2297 3476 27
2316 3443 2405 3484 leges

1328 3489 1370 3528 V]
1390 3487 1497 3529 legem
1512 3488 1544 3520 T
1553 3488 1636 3530 vuly.
1657 3486 1669 3530 ΙΙ
1687 3497 1829 3528 quocum
1845 3487 1877 3519 T
1890 3486 1901 3529 ΙΙ
1921 3488 1962 3520 28
1978 3487 2146 3529 contingit
2166 3487 2223 3531 Vll
2242 3490 2283 3522 29
2298 3488 2399 3529 quali-

1318 3535 1417 3564 tatem
1440 3533 1487 3573 V]
1514 3534 1546 3564 et
1570 3531 1764 3573 qualitatem
1794 3532 1920 3573 Tvulq.
1939 3532 1950 3574 ΙΙ
1969 3533 2012 3564 30
2038 3535 2070 3564 ct
2095 3533 2206 3565 omnia
2230 3534 2267 3565 in
2292 3544 2330 3565 ea
2353 3533 2405 3565 in-

1318 3581 1419 3610 uenta
1443 3590 1504 3610 scr.
1528 3577 1577 3610 V²
1594 3579 1626 3610 in
1644 3585 1727 3620 spat.
1744 3589 1816 3609 vac.
1833 3576 1846 3620 ΙΙ
1873 3577 1914 3610 31
1940 3587 1997 3609 scu
2020 3578 2065 3618 V]
2096 3577 2167 3610 siue
2189 3579 2222 3611 T
2243 3579 2255 3622 ss
2279 3578 2406 3611 iudices

1321 3624 1352 3656 T
1367 3623 1379 3667 ΙΙ
1395 3624 1437 3656 32
1463 3625 1507 3663 et]
1534 3624 1594 3667 leq.
1612 3622 1676 3655 ut‘?
1696 3621 1709 3666 ΙΙ
1724 3621 1851 3655 iuuerit
1876 3621 1909 3655 T
1925 3620 1938 3666 ΙΙ
1965 3623 2007 3655 33
2033 3622 2137 3665 legem
2159 3624 2309 3666 accipere
2333 3624 2366 3657 T
