2618 4010
246 122 353 166 Nov.
383 121 421 164 V
450 123 559 163 3-5
1329 117 1387 167 32
2145 137 2205 172 nn
2235 136 2462 172 uomoms

247 247 284 267 τε
304 236 362 266 καὶ
386 229 582 284 τελειότητι
606 228 803 272 διαζῶντες
825 233 909 274 βίον
932 228 1071 274 ἰδιάζον
1094 232 1208 274 ἔχοιεν
1230 232 1322 274 οἰκη-
1391 231 1621 276 templatione
1653 233 1690 267 et
1716 232 1938 285 perfectione
1967 233 2132 280 degentes
2156 226 2263 272 vitam
2294 242 2465 275 remotam
2518 234 2520 236 V

243 276 385 323 μάτιον,
417 272 475 310 οὓς
504 274 548 318 δη
571 273 691 308 καλεῖν
715 271 947 323 ἀναχωρητᾶς
968 289 1009 311 τε
1037 279 1097 310 καὶ
1126 273 1324 318 ἡσυχαστὰς
1392 276 1548 311 habeant
1571 276 1607 311 in
1631 276 1697 312 hos
1724 278 1797 321 itio,
1823 289 1913 324 quos
1935 290 2063 316 vocare
2086 282 2314 318 anachoritas
2339 281 2389 323 (id
2411 287 2466 320 est

245 322 435 362 εἰώθασιν,
470 316 516 354 ὥς
539 320 600 362 τῆς
630 318 836 373 κοινότῃτος
867 322 927 356 ἐπὶ
950 321 992 355 τὸ
1016 324 1178 367 κρεῖττον
1201 320 1322 367 έξῃρη·
1392 320 1628 363 discedentes)
1652 323 1689 356 et
1736 322 1942 367 esychastas
1971 324 2020 368 (id
2044 328 2100 362 est
2122 326 2356 371 quiescentes)
2379 337 2463 364 con·

244 371 377 411 μένους.
425 367 600 411 έπείτοιγε
633 363 715 398 τοὺς
742 363 883 407 aliove,
918 361 1015 400 ὅσοις
1049 366 1096 399 εἰς
1130 363 1272 408 πλῆθος
1301 364 1322 408 ἡ
1392 367 1602 407 sueverunt,
1634 367 1814 410 tamquam
1839 377 1862 402 a
1885 370 2132 406 communione
2155 371 2202 407 ad
2225 371 2374 407 meliora
2404 382 2465 408 ex·

244 411 324 445 ἇσκι
336 422 389 444 aas
420 411 539 450 ἐστίν,
574 410 614 442 ἐν
647 411 722 443 τοῖς
751 408 978 455 καλουμένοις
1008 413 1200 464 κοινοβίοις
1229 409 1322 444 εἶναι
1358 413 1377 445 5
1392 413 1533 455 ceptos:
1571 409 1730 454 alioquin
1750 411 1856 454 alios,
1890 413 2169 459 quibuscumque
2191 416 2284 451 inter
2307 416 2466 452 multitu·

243 460 310 500 βου
342 453 465 500 ’μεθω
500 452 615 488 οὕτως
630 453 697 501 γὰρ
719 451 740 489 ὁ
758 453 859 498 ζῆλος
879 452 998 489 αὐτοῖς
1020 455 1068 488 εἰς
1090 453 1222 501 αρετὴν
1246 455 1320 489 ἐπι·
1391 454 1509 490 dinem
1528 454 1748 490 conversatio
1768 459 1834 498 est,
1857 457 1895 492 in
1909 457 1976 502 his,
1996 470 2086 504 quae
2105 465 2277 496 vocantur
2294 461 2468 497 coenobia.

244 499 364 541 δώσει,
385 501 444 533 καὶ
455 497 613 542 μάλιστα
633 502 706 533 τοῖς
723 498 922 542 νεάζουσιν,
946 500 1017 546 εἴγε
1035 498 1125 543 μετὰ
1143 500 1222 533 τῶν
1240 511 1322 546 πρε·
1391 499 1441 541 (id
1473 501 1529 534 est
1559 499 1596 534 in
1625 500 1803 535 communi
1832 500 1920 545 vita)
1954 512 2032 540 esse
2062 505 2235 542 volumus.
2283 506 2343 542 Sic
2373 506 2467 541 enim

243 547 430 590 σβυτέρων
456 541 655 579 τάττοιντο.
695 542 883 591 γενήσεται
907 543 974 590 γὰρ
991 540 1013 587 ἦ
1031 544 1108 578 τῶν
1132 542 1322 578 παλαιοτέ-
1390 544 1489 579 zelus
1514 544 1564 579 eis
1588 544 1632 579 ad
1657 544 1822 580 virtutem
1846 547 1994 591 crescit,
2024 552 2061 584 et
2087 551 2238 586 maxime
2270 551 2467 594 iuvenibus,

243 602 318 634 ρων
338 587 501 623 πολιτεία
521 590 582 632 τῆς
599 587 764 631 νεότητος
784 587 934 636 ἀκριβὴς
946 586 1188 635 παιδαγωγια.
1225 586 1322 623 οὕτω
1391 588 1423 623 si
1447 599 1527 623 cum
1551 588 1750 624 senioribus
1775 590 2053 629 constituantur:
2087 594 2150 629 fiet
2173 596 2264 631 enim
2289 595 2467 631 seniorum

242 648 282 668 τε
305 633 474 669 ἔστωσαν
504 634 545 668 ἐν
573 637 646 668 τοῖς
669 638 859 678 κοινοβιόιε
882 643 934 673 τῳ
963 634 1069 678 σφῶν
1100 630 1222 667 αὐτῶν
1246 631 1321 680 ἦγε·
1338 637 1378 669 10
1392 633 1614 669 conversatio
1638 634 1831 670 iuventutis
1855 635 2020 673 educatio
2043 638 2221 683 perfecta3
2255 644 2290 676 et
2319 641 2371 675 sic
2395 641 2466 675 sint

242 678 327 723 μόνι
350 676 576 724 πειθόμενοι,
600 682 660 712 καὶ
678 678 745 721 τὴν
763 676 1059 725 παραδεδομένην
1076 678 1195 713 αὐτοῖς
1214 676 1321 722 ἅσκη-
1390 678 1428 714 in
1446 679 1625 714 coenobiis
1642 690 1706 715 suo
1730 680 1875 724 proprio
1891 680 2014 716 abbati
2034 683 2271 728 oboedientes,
2296 689 2333 720 et
2355 685 2467 720 tradi-

242 736 302 758 σιν
324 721 524 769 ἀμέμπτως
544 724 743 770 τηροῦντες.
1390 727 1464 758 tam
1494 723 1563 759 sibi
1593 725 1898 760 conversationem
1933 725 2196 772 inculpabiliter
2226 730 2467 766 observantes.

1203 812 1360 849 CAPUT
1385 813 1447 849 IV.

285 874 348 928 <”Δ“>
380 883 424 915 Εἰ
444 881 485 915 δέ
500 893 551 915 τις
571 877 669 920 ἅπαξ
689 878 816 914 ἑαυτὸν
835 880 1064 926 καθιερώσας
1084 883 1142 913 καὶ
1162 882 1225 914 τοῦ
1243 877 1322 923 σχή·
1437 880 1475 915 Si
1511 881 1588 925 quis
1624 885 1742 917 autem
1777 883 1883 918 semel
1920 883 2012 918 sorte
2045 883 2184 920 dicatus
2220 885 2467 932 schemateque

240 939 351 971 ματος
374 927 493 969 τυχών
512 926 589 960 εἶτα
609 924 838 970 ἀναχωρῆσαι
853 926 917 959 τοῦ
931 929 1174 978 μοναστηρίου
1197 924 1323 969 βουλη·
1391 925 1528 970 potitus
1565 925 1689 961 deinde
1723 937 1746 961 a
1780 929 1997 963 monasterio
2035 928 2216 964 discedere
2250 931 2400 967 voluerit
2433 938 2469 967 et

243 973 327 1015 θείη
350 975 409 1005 καὶ
428 969 579 1013 ἰδιώτην
597 969 704 1012 τυχὸν
722 969 871 1003 ἑλέσθαι
889 973 983 1014 βίον,
1008 968 1115 1004 αὐτος
1133 972 1201 1014 μὲν
1220 971 1322 1011 ἵστω,
1338 973 1377 1005 15
1390 970 1566 1015 privatam
1591 970 1755 1006 fortassis
1785 973 1818 1007 el
1863 982 1922 1008 ere
1946 973 2071 1015 vitam,
2103 974 2180 1018 ipse
2204 974 2344 1019 quidem
2367 976 2468 1018 sciat,

241 1021 352 1051 ποίαν
375 1014 465 1061 ὑπὲρ
483 1014 612 1049 τούτου
634 1014 742 1048 δώσει
765 1015 819 1058 τῷ
845 1015 927 1058 θεῷ
950 1014 1018 1059 τὴν
1042 1012 1251 1062 ἀπολογίαν,
1275 1014 1321 1050 τὰ
1392 1025 1511 1059 quam*
1527 1026 1594 1060 pro
1618 1016 1687 1050 hoc
1712 1015 1812 1051 dabit
1865 1027 1906 1052 eo
1931 1018 2229 1064 satisfactionem3
2261 1029 2319 1055 res
2350 1023 2468 1056 autem

242 1060 435 1109 πράγματα
459 1064 600 1105 μέντοι,
625 1057 745 1094 ὁπόσα
768 1056 813 1093 ἂν
837 1061 919 1102 ἔχοι,
945 1059 1124 1102 &winewic
1146 1059 1189 1094 τὸ
1212 1073 1321 1105 μονα·
1392 1071 1635 1105 quascumque
1667 1061 1811 1103 habuit,
1843 1062 1926 1097 dum
1955 1063 1992 1098 in
2016 1064 2270 1099 monasterium
2301 1064 2468 1106 intrabat,

240 1106 388 1152 στήριον
412 1104 524 1152 εἰςῄει,
544 1105 660 1139 ταῦτα
683 1104 745 1147 τῆς
764 1102 975 1140 δεσποτείας
998 1107 1101 1140 ἔσται
1124 1106 1189 1140 τοῦ
1212 1119 1322 1151 μονα·
1391 1115 1452 1141 eas
1477 1105 1622 1141 dominii
1644 1116 1723 1141 esse
1752 1108 1975 1150 monasterii.
2006 1111 2043 1144 et
2065 1109 2152 1144 nihil
2183 1109 2328 1154 penitus
2353 1110 2468 1146 eiciat.

240 1155 395 1198 στηρίου,
421 1154 480 1184 καὶ
504 1148 570 1184 οὐδ
578 1147 586 1160 ²
613 1149 736 1184 ὁτιοῦν
760 1148 948 1184 παντελῶς
972 1149 1096 1191 ἐξάξει.

1240 1240 1396 1276 CAPUT
1421 1240 1465 1277 V.

283 1300 343 1352 (ff)
379 1305 529 1341 Κάκεῖνο
547 1305 587 1341 δὲ
603 1305 908 1353 προςδιορίζομεν,
934 1303 1021 1341 ὥςτε
1044 1306 1110 1342 τὸν
1124 1309 1172 1342 εἰς
1210 1319 1321 1348 μονα·
1337 1311 1377 1342 20
1435 1308 1528 1343 Illud
1577 1319 1695 1354 uoque
1720 1308 1965 1353 decernimus,
1997 1311 2058 1355 qui
2080 1310 2117 1346 in
2140 1311 2391 1348 monasterium
2414 1312 2469 1348 in·

241 1349 308 1395 στὴ
332 1364 388 1385 ιον
400 1352 542 1384 εἰςιέναι
556 1350 788 1397 βουλόμενον,
821 1355 909 1399 πρὶν
933 1353 980 1386 εἰς
1013 1352 1056 1387 τὸ
1078 1351 1322 1400 μοναστὴριον
1390 1353 1500 1388 troire
1522 1364 1564 1390 vo
1581 1354 1683 1396 uerit,
1705 1358 1895 1406 antequam
1910 1354 1946 1389 in
1965 1356 2219 1392 monasterium
2239 1357 2469 1402 ingrediatur,

238 1400 306 1432 εἰςέ
328 1399 410 1440 θοι,
438 1395 564 1432 ἄδειαν
595 1396 687 1440 ἔχειν
717 1400 791 1431 τοῖς
815 1397 941 1431 ἑαυτοῦ
972 1398 1132 1444 χρῆσθαι
1155 1396 1248 1432 καθ’
1277 1395 1321 1432 ὃν
1389 1398 1570 1434 licentiam
1594 1399 1728 1435 habere
1751 1410 1825 1434 suis
1849 1400 1903 1434 uti
1926 1410 1997 1445 quo
2022 1400 2172 1436 voluerit
2194 1401 2310 1438 modo.
2348 1402 2469 1455 Ingre-

238 1442 406 1487 βούλεται
421 1440 570 1488 τρόπον.
595 1440 810 1476 Enetum
830 1441 898 1489 γὰρ
911 1440 1319 1486 συνακολουθήσειπάν-
1389 1443 1542 1479 dientem
1571 1454 1725 1490 namque
1760 1444 1866 1479 simul
1898 1449 2069 1480 secuntur
2098 1446 2240 1482 omnino
2275 1456 2351 1490 res,
2387 1448 2471 1482 licet

238 1501 309 1523 τως
332 1486 375 1522 τὰ
408 1487 621 1534 πράγματα,
651 1484 719 1522 κᾶν
748 1488 779 1521 εἰ
805 1488 855 1532 μὴ
884 1488 1000 1533 ῥητῶς
1029 1487 1178 1535 εἰςιὶγειν
1204 1490 1320 1522 ταῦτα
1387 1499 1459 1524 non
1490 1489 1682 1534 expressim
1714 1490 1796 1534 quia
1827 1489 2027 1525 introduxit
2056 1500 2118 1526 eas
2149 1491 2295 1536 dixerit,
2331 1495 2369 1527 et
2398 1502 2470 1528 non

269 1531 381 1575 ἡσειε,
406 1536 465 1566 καὶ
488 1530 551 1566 οὐκ
574 1534 676 1566 ἔσται
701 1531 816 1579 κύριος
841 1529 965 1566 αὐτῶν
988 1530 1051 1567 οὐκ
1075 1532 1129 1567 ἔτι
1153 1531 1235 1568 κατ’
1262 1531 1318 1567 οὐ·
1335 1536 1373 1567 25
1387 1533 1454 1568 erit
1474 1533 1636 1570 dominus
1657 1544 1779 1570 earum
1799 1535 1948 1570 ulterius
1968 1535 2043 1571 ullo
2063 1535 2179 1571 modo.
2217 1535 2256 1571 Si
2275 1546 2359 1572 vero
2379 1536 2470 1572 filios

261 1582 325 1612 ε’να
355 1575 503 1624 τρόπον.
553 1578 599 1611 Εἰ
623 1576 664 1612 δέ
690 1591 731 1623 γε
755 1575 887 1612 παῖδας
917 1576 1007 1620 ἔχοι,
1040 1579 1071 1612 εἰ
1101 1580 1168 1623 μὲν
1198 1577 1321 1621 ἔτυχεν
1390 1578 1575 1621 habuerit,
1613 1579 1645 1614 si
1677 1579 1817 1624 quidem
1855 1580 2003 1625 contigit
2030 1581 2100 1615 iam
2136 1591 2216 1616 eum
2245 1591 2303 1618 res
2333 1581 2470 1627 aliquas

239 1621 305 1667 ἤδη
331 1620 522 1670 πράγματα’
547 1636 631 1656 τινα
657 1620 907 1672 δωρησάμενος
923 1620 1051 1665 αὐτοῖς,
1076 1622 1098 1667 ἢ
1121 1622 1212 1657 κατὰ
1235 1637 1320 1670 προ·
1390 1623 1542 1659 donasse
1566 1624 1634 1667 eis,
1665 1627 1729 1659 aut
1756 1635 1821 1669 per
1843 1625 2124 1670 antenuptialem
2149 1626 2377 1662 donationem
2408 1629 2471 1662 aut

237 1673 413 1715 γιιμιαίαν
444 1666 583 1721 δωρεὰν
607 1665 628 1710 ἢ
653 1667 744 1701 κατὰ
777 1666 922 1714 προικὸς
951 1665 1137 1714 πρόφασιν
1167 1667 1321 1710 ἐπιδούς,
1390 1679 1454 1713 per
1477 1669 1570 1704 dotis
1591 1669 1815 1704 occasionem
1835 1670 2017 1713 obtulisse,
2042 1674 2079 1706 et
2097 1671 2236 1706 faciunt
2255 1671 2345 1707 haec
2364 1681 2470 1725 quar·

238 1715 296 1747 καὶ
330 1716 426 1747 ποιεῖ
455 1725 572 1747 ταυτα
596 1711 637 1746 τὸ
670 1716 846 1759 τέταρτον
873 1714 951 1746 τῶν
975 1713 1014 1754 ἐξ
1037 1711 1237 1748 ἀδιαθέτου
1261 1714 1322 1756 τῆς
1390 1718 1462 1748 tam
1487 1714 1533 1749 ab
1557 1715 1729 1749 intestato
1754 1714 1830 1749 eius
1850 1715 2081 1759 substantiae,
2106 1716 2242 1751 nullum
2265 1716 2302 1751 in
2325 1716 2470 1762 reliquis

239 1754 347 1792 αὐτοῦ
372 1761 593 1805 περιουσίας,
617 1755 796 1802 μηδεμίαν
821 1759 881 1792 ἐπὶ
904 1761 978 1792 τοῖς
1002 1756 1138 1793 λοιποῖς
1158 1758 1320 1806 πράγμα-
1335 1761 1377 1793 30
1390 1759 1496 1794 rebus
1521 1759 1679 1795 habeant
1711 1759 1937 1803 participium
1960 1759 2039 1805 filii3
2074 1760 2129 1796 sin
2153 1765 2273 1796 autem
2296 1765 2360 1796 aut
2383 1761 2471 1796 nihil

238 1815 298 1836 σιν
330 1804 513 1845 ἐχέτωσαν
540 1806 734 1847 μετουσίαν
766 1802 801 1836 οἱ
832 1800 968 1837 παῖδες.
1016 1804 1062 1837 Εἰ
1096 1801 1136 1843 δὲ
1165 1800 1187 1847 ἢ
1216 1802 1322 1838 οὐδὲν
1392 1803 1444 1839 eis
1468 1804 1654 1840 donaverit
1677 1808 1742 1839 aut
1764 1804 1882 1839 minus
1907 1808 2049 1849 quarta,
2080 1810 2117 1841 et
2146 1810 2335 1851 postquam
2366 1806 2470 1841 abre·

239 1845 357 1882 αὐτοῖς
381 1845 589 1894 δωρήσηται
613 1846 634 1890 ἢ
663 1846 811 1881 ἔλαττον
840 1849 904 1881 τοῦ
928 1846 1117 1895 τετάρτου,
1149 1851 1209 1883 καὶ
1232 1847 1323 1894 μετὰ
1390 1849 1560 1884 nuntians
1594 1853 1824 1884 conversatus
1859 1849 1968 1884 fuerit
1998 1850 2092 1886 inter
2122 1851 2314 1886 monachos
2342 1851 2469 1886 nihilo-

237 1892 279 1926 τὸ
303 1891 541 1940 παραγγεῖλαι
565 1892 630 1926 τὸν
660 1890 958 1937 ἀποταττόμενον
982 1894 1030 1927 εἰς
1059 1893 1236 1938 μοναχούς
1266 1892 1321 1928 οὗ·
1390 1893 1507 1929 minus
1538 1898 1666 1939 quarta
1698 1893 1872 1929 debeatur
1903 1894 1983 1930 filiis
2006 1899 2070 1930 aut
2099 1896 2145 1931 ad
2174 1896 2470 1941 supplementum,

239 1936 301 1971 δέν
325 1937 434 1980 ἧττον
458 1936 500 1971 τὸ
533 1941 708 1983 τέταρτον
739 1935 946 1983 ὀφειλέσθω
975 1941 1048 1972 τοῖς
1079 1942 1206 1974 παισὶν
1230 1936 1251 1982 ἢ
1276 1939 1323 1973 εἰς
1391 1939 1422 1974 si
1447 1939 1595 1983 contigit
1618 1949 1679 1974 eos
1699 1939 1770 1973 iam
1793 1939 1928 1983 aliquid
1952 1941 2145 1985 accepisse,
2170 1945 2234 1976 aut
2252 1941 2358 1976 etiam
2381 1950 2468 1986 qua-

238 1981 507 2035 ιζναπλήρωσιν,
532 1983 602 2030 εἴγε
626 1984 752 2024 ἔτυχον
775 1980 842 2026 ἤδη
866 1995 902 2016 τι
927 1981 1108 2027 λαβόντες,
1132 1981 1154 2027 ἢ
1175 1986 1234 2017 καὶ
1259 1981 1319 2029 ἐφ’
1336 1987 1376 2018 35
1390 1986 1495 2019 tenus
1527 1987 1642 2019 totum
1677 1984 1729 2019 eis
1764 1984 1878 2019 detur.
1928 1984 1966 2019 Si
1995 1990 2114 2020 autem
2146 1995 2293 2021 uxorem
2323 1985 2469 2028 habens,

238 2027 268 2070 ᾡ
292 2027 334 2061 τὸ
359 2040 433 2061 παν
458 2025 577 2061 αὐτοῖς
601 2025 769 2070 δοθῆναι.
817 2028 863 2061 Εἰ
888 2025 929 2061 δὲ
944 2027 1104 2074 γαμετὴν
1128 2027 1221 2071 ἔχων
1245 2029 1323 2063 εἶτα
1391 2028 1516 2064 deinde
1541 2039 1617 2064 eam
1649 2028 1851 2073 relinquens
1883 2028 1920 2064 in
1952 2030 2207 2066 monasterium
2238 2030 2470 2075 ingrediatur,

240 2071 352 2115 αὐτὴν
385 2070 580 2107 ἀπολιπών
603 2073 651 2106 εἰς
682 2071 926 2118 μοναστήριον
949 2073 1063 2115 sistet,
1095 2069 1118 2116 ἥ
1147 2087 1188 2107 τε
1217 2074 1323 2120 προῖξ

254 1579 260 1588 x

283 2176 355 2207 cap.
379 2164 439 2197 IV
456 2165 488 2197 in
515 2165 639 2197 brevius
664 2171 858 2196 contractum
884 2171 972 2196 extat
999 2164 1077 2197 Coll.
1103 2164 1335 2197 LXXXVII
1355 2166 1452 2207 capit.
1478 2166 1498 2197 9
1523 2166 1612 2205 (inde
1632 2165 1764 2199 Nomoc.
1792 2166 1823 2198 L
1848 2167 1894 2199 tie.
1918 2168 1983 2207 34).

282 2221 355 2252 cap.
384 2209 415 2241 V
430 2210 548 2252 paucis
571 2210 741 2242 immutatis
766 2210 861 2242 habet
889 2208 967 2242 Coll.
982 2209 1213 2242 LXXXVII
1230 2211 1326 2252 capit.
1352 2211 1392 2243 10
1413 2210 1502 2251 (inde
1525 2210 1658 2243 Nomoc.
1678 2211 1707 2243 L
1733 2211 1778 2244 tit.
1800 2211 1866 2248 34).
1915 2211 2129 2244 summarium
2153 2211 2272 2245 habent
2290 2211 2468 2246 Prochiron

238 2256 293 2295 24,
318 2262 346 2295 2,
370 2255 577 2297 Epanaqoqe
600 2255 632 2293 9,
658 2261 674 2286 9
701 2266 739 2286 ex
765 2254 902 2291 Theod.;
929 2253 1060 2287 Nomoc.
1087 2254 1188 2286 XIV
1203 2256 1249 2288 tit.
1275 2256 1327 2296 11,
1350 2262 1372 2287 1.

238 2365 543 2412 contemplatione
579 2370 616 2400 et
646 2365 875 2411 perfectione
906 2365 1015 2400 vitam
1051 2369 1184 2411 ayant,
1214 2366 1411 2412 propriam
1447 2365 1608 2401 casulam
1644 2365 1819 2408 habeant,
1855 2376 1948 2412 quos
1979 2365 2122 2411 quidem
2158 2366 2401 2403 anachoretas
2434 2372 2469 2403 et

238 2409 474 2456 hesychastas
497 2420 629 2446 vocare
650 2410 785 2452 solent,
819 2414 1001 2456 tamquam
1025 2420 1048 2444 a
1073 2410 1253 2444 communi
1275 2410 1349 2446 vita
1373 2409 1424 2445 ad
1445 2409 1597 2446 meliora
1620 2414 1804 2456 exceptos.
1851 2411 1900 2446 At
1922 2410 2015 2446 enim
2037 2410 2219 2457 reliquos,
2243 2411 2468 2457 quibuscum-

238 2466 307 2501 que
329 2455 425 2490 inter
448 2454 710 2490 multitudinem
739 2455 957 2491 exercitatio
982 2458 1052 2497 est,
1081 2455 1120 2489 in
1144 2454 1327 2490 coenobiis
1350 2466 1445 2501 quae
1468 2458 1646 2491 vocantur
1668 2466 1745 2491 esse
1768 2454 1941 2491 volumus.
1990 2454 2052 2490 Sic
2075 2456 2167 2491 enim
2191 2455 2386 2492 aemulatio
2409 2467 2468 2492 eo·

237 2511 316 2535 rum
340 2499 391 2534 acl
412 2500 577 2536 virtutem
600 2500 856 2535 incrementum
881 2500 1011 2546 capiet,
1035 2503 1071 2535 et
1092 2500 1252 2536 maxime
1274 2500 1452 2542 iuvenum,
1477 2500 1510 2535 si
1533 2511 1613 2535 cum
1636 2500 1840 2536 senioribus
1858 2500 2130 2536 consocientur:
2148 2501 2214 2546 fiet
2236 2501 2329 2536 enim
2352 2500 2468 2537 senio*-

237 2556 318 2580 rum
349 2545 446 2580 ratio
477 2545 572 2581 vitae
602 2545 797 2580 iuventutis
826 2549 1001 2580 accurata
1026 2544 1194 2580 educatio
1203 2557 1219 2586 ,·
1252 2544 1396 2591 sintque
1429 2546 1483 2579 ita
1512 2545 1550 2579 in
1582 2545 1765 2580 coenobiis
1787 2544 1958 2591 praesuli
1988 2556 2056 2580 sno
2087 2545 2184 2580 dicto
2216 2545 2405 2582 audientes
2432 2550 2469 2582 et

240 2589 412 2625 traditam
435 2590 528 2636 ipsis
550 2590 848 2626 exercitationem
871 2591 1085 2636 incorrupte
1107 2594 1302 2625 servantes.

372 2635 434 2670 IV.
481 2634 523 2670 Si
547 2635 629 2680 quis
660 2639 798 2676 autem,
822 2639 1023 2680 postquam
1046 2634 1155 2669 semel
1173 2645 1212 2669 se
1234 2634 1413 2677 sacravit,
1443 2632 1640 2680 habituque
1658 2634 1802 2681 potitus
1825 2637 1896 2677 est,
1927 2633 2055 2669 deinde
2077 2644 2128 2670 ea:
2150 2635 2372 2670 monasterio
2395 2635 2467 2671 dis-

238 2679 363 2715 cedere
386 2684 422 2714 et
448 2679 632 2726 privatam
660 2680 763 2724 forte
786 2679 895 2715 vitam
918 2679 1053 2715 sectari
1077 2679 1251 2721 voluerit,
1283 2680 1361 2726 ipse
1385 2678 1527 2726 quidem
1557 2679 1671 2721 sciat,
1704 2679 1846 2725 qualem
1875 2679 2055 2714 radonem
2086 2678 2156 2714 hac
2186 2678 2231 2714 de
2259 2690 2301 2715 re
2328 2679 2396 2715 deo
2419 2681 2469 2716 sit

170 2752 174 2757 .
237 2723 447 2759 redditurus
454 2736 469 2766 ,⁰
491 2735 551 2759 res
574 2735 658 2776 vero
678 2734 921 2770 quascumque
945 2723 1089 2766 habuit,
1114 2734 1193 2759 cum
1216 2725 1473 2760 monasterium
1495 2725 1680 2770 ingressus
1698 2728 1763 2767 est,
1786 2734 1851 2759 eae
1873 2723 1912 2758 in
1936 2723 2096 2759 dominio
2115 2724 2326 2759 monasterii
2348 2730 2467 2768 erunt,

239 2779 306 2804 nec
329 2769 523 2815 quicquam
548 2780 693 2804 ommno
717 2769 872 2815 auferet.

374 2814 416 2850 V.
465 2813 567 2849 Illud
588 2825 734 2860 qnoque
758 2818 955 2860 praeterea
978 2813 1220 2857 decernimus,
1253 2817 1294 2849 ut
1316 2814 1380 2894 qui
1403 2814 1660 2849 monasterium
1685 2813 1762 2849 vult
1783 2812 1946 2859 inyredi,
1969 2816 2054 2849 ante
2076 2824 2185 2860 quam
2208 2814 2465 2850 monaster-ium

238 2859 447 2901 intraverit,
473 2863 693 2905 potestatem
718 2859 850 2895 habeat
872 2859 979 2895 rebus
1005 2860 1081 2894 suis
1109 2871 1152 2895 eo
1178 2870 1250 2905 quo
1275 2870 1315 2895 ve
1329 2860 1359 2894 it
1381 2858 1489 2894 modo
1513 2857 1646 2894 utendi.
1698 2857 1906 2905 Inqressum
1930 2858 2022 2893 enim
2055 2858 2201 2893 omnino
2229 2869 2288 2894 res
2313 2869 2388 2894 una
2411 2870 2465 2895 se-

239 2907 407 2946 ruentur,
443 2905 584 2939 etiamsi
618 2915 656 2939 se
687 2915 750 2939 eas
780 2905 922 2950 inferre
951 2915 1024 2939 non
1055 2915 1229 2950 expresse
1260 2903 1416 2947 dixerit,
1451 2915 1566 2950 neque
1599 2903 1675 2938 ullo
1704 2902 1811 2938 modo
1843 2913 1967 2938 earum
2002 2902 2169 2938 dominus
2201 2903 2358 2950 amplius
2386 2904 2465 2940 erit.

269 2949 282 2983 i
304 2959 389 2984 vero
414 2948 548 2984 liberos
572 2949 712 2991 habeat,
736 2950 768 2984 si
792 2949 934 2995 quidem
958 2950 1010 2985 eis
1033 2949 1105 2984 iam
1125 2948 1301 2995 quasdam
1324 2959 1383 2984 res
1404 2949 1507 2995 forte
1525 2948 1716 2984 donaverit
1736 2948 1811 2984 sive
1831 2948 1870 2982 in
1889 2947 2122 2984 donationem
2140 2953 2296 3000 propter
2318 2949 2467 2996 nuptias

238 2995 313 3029 stve
335 2994 373 3028 in
397 2993 515 3029 dotem
540 3005 673 3040 eaeque
697 3000 865 3040 quartam
891 2995 1069 3031 bonorum
1093 2995 1170 3030 eius
1193 2994 1239 3029 ab
1262 2994 1435 3030 intestato
1459 2994 1644 3040 efficiant,
1668 2992 1805 3028 nullam
1828 2993 1866 3027 in
1890 2992 2041 3044 reliquis
2062 2992 2169 3028 rebus
2192 2993 2296 3028 liberi
2316 2998 2464 3040 partem

240 3038 406 3074 habeant.
462 3037 601 3081 Quodsi
632 3040 688 3074 vel
716 3039 809 3074 nihil
839 3039 895 3076 vel
924 3040 1043 3075 minus
1074 3043 1208 3086 quarta
1237 3039 1312 3074 illis
1343 3038 1551 3082 donaverit,
1585 3039 1693 3074 etiam
1726 3041 1922 3085 postquam
1950 3048 1983 3072 ts
2013 3037 2078 3084 qui
2104 3038 2292 3074 renuntiat
2320 3049 2359 3073 se
2389 3049 2465 3074 mo-

242 3083 396 3119 nachum
423 3084 619 3130 professus
639 3085 775 3130 fuerit,
807 3085 1043 3120 nihilominus
1065 3087 1200 3131 quarta
1234 3083 1356 3120 liberis
1378 3083 1563 3126 debeatur,
1593 3084 1667 3120 sive
1689 3083 1728 3118 in
1759 3082 2064 3135 supplementum,
2094 3083 2128 3117 si
2158 3082 2247 3128 quid
2267 3083 2371 3128 forte
2392 3083 2464 3118 iam

241 3129 456 3175 acceperint,
480 3129 554 3164 sive
572 3130 677 3164 etiam
703 3134 743 3165 ut
767 3134 879 3165 totum
898 3129 951 3165 eis
966 3129 1081 3165 detur.
1119 3128 1161 3164 Si
1179 3139 1264 3164 vero
1283 3139 1437 3164 uxorem
1457 3128 1589 3164 habeat
1606 3139 1720 3175 eaque
1734 3128 1861 3164 relucta
1885 3127 2142 3163 monasterium
2166 3127 2406 3174 inqrede'atur,
2429 3133 2466 3164 et

285 3245 305 3277 2
341 3239 385 3284 (Σὴ
411 3243 468 3284 Μ]
493 3239 548 3276 δεῖ
569 3243 599 3275 Α
619 3242 631 3284 ΙΙ
647 3255 685 3275 τε
710 3256 768 3277 om.
797 3245 821 3275 A
842 3243 854 3285 11
871 3246 891 3277 5
917 3241 1060 3285 αὔξησις
1083 3244 1113 3275 Α
1129 3242 1141 3287 ΙΙ
1161 3246 1181 3276 6
1205 3237 1319 3275 οὕτως
1435 3244 1448 3276 1
1475 3242 1710 3284 perfectionem
1735 3241 1884 3284 digentes
1899 3242 1945 3274 lc·
1961 3243 1973 3284 ΙΙ
1993 3243 2012 3274 2
2036 3240 2270 3272 annaohoritas
2283 3241 2316 3274 R
2333 3239 2382 3284 [13
2405 3239 2462 3272 he·

245 3289 303 3328 Λς]
329 3286 430 3321 οὗτος
455 3289 495 3321 Μ
524 3286 537 3332 ΙΙ
565 3290 600 3320 13
626 3286 755 3320 ἑαυτὸν
779 3284 1021 3333 καθιερώσας]
1046 3288 1131 3320 forte
1155 3289 1190 3328 (i.
1209 3300 1233 3321 e.
1259 3299 1317 3320 τυ·
1386 3286 1578 3330 sycastasV
1597 3287 1758 3319 hescastas
1778 3285 1876 3330 316
1902 3286 2111 3318 conuersatio
2131 3285 2190 3326 est]
2213 3284 2463 3318 conuersatione

242 3331 316 3372 χον)
342 3333 470 3366 dicatus
494 3344 513 3368 ς
528 3334 541 3375 ΙΙ
562 3334 602 3366 14
627 3330 704 3365 εἶτα
729 3346 786 3365 om.
808 3333 839 3365 A
866 3331 877 3376 ΙΙ
900 3335 936 3366 17
963 3335 1088 3377 μέντοι
1112 3345 1171 3366 om.
1195 3333 1226 3365 A
1242 3331 1255 3376 ΙΙ
1273 3327 1318 3364 ἂν
1386 3333 1418 3366 R
1434 3331 1447 3376 ΙΙ
1467 3334 1483 3364 7
1508 3331 1544 3364 in
1559 3343 1618 3365 om.
1635 3332 1720 3375 vulq.
1740 3330 1803 3375 nid
1819 3332 1868 3364 cst
1887 3330 2075 3363 communia
2093 3329 2181 3362 vitae
2207 3329 2436 3380 Oeentrttqyen

242 3377 326 3417 ‘''Zffli
351 3376 482 3418 εἶχενΛ
503 3376 516 3422 fl
536 3379 574 3411 18
599 3376 715 3410 ταῦτα
730 3390 787 3410 om.
801 3377 833 3410 A
848 3377 861 3420 ss
878 3377 939 3420 τῆς
957 3378 1113 3429 ΙιονῆςΑ
1131 3378 1144 3420 fl
1162 3378 1202 3411 19
1226 3388 1316 3410 παν·
1389 3379 1428 3411 13
1453 3378 1660 3417 mementoque
1680 3377 1786 3420 suppl.
1803 3375 1838 3411 V
1842 3374 1858 3396 ⁸
1881 3377 1913 3409 in
1936 3383 2022 3419 spat.
2046 3373 2146 3417 vac..
2167 3375 2207 3408 14
2229 3375 2355 3415 pontus
2378 3372 2417 3406 V
2422 3372 2431 3392 ¹

247 3419 351 3453 ιελιῦς
375 3422 515 3455 ἐκεῖθεν
539 3418 652 3462 ἐξάξει
676 3422 707 3455 A
737 3421 814 3465 ΙΙ’21
855 3421 902 3454 εἰς
928 3434 969 3455 το
993 3433 1143 3466 μοναστ.
1168 3434 1226 3455 om.
1250 3422 1281 3454 A
1305 3419 1318 3467 Ι
1387 3423 1429 3455 2⁴)
1453 3421 1719 3454 discernimusV
1732 3421 1745 3464 ΙΙ
1761 3422 1802 3454 22
1826 3421 1905 3463 quo]
1930 3421 1988 3464 qui
2006 3418 2084 3463 R¹fl
2101 3419 2144 3452 23
2161 3419 2341 3459 sequentur
2352 3417 2462 3468 ”uls-,l

245 3468 283 3499 24
314 3463 371 3506 τὰ]
396 3463 504 3499 αὐτοῦ
529 3469 587 3499 καὶ
611 3466 656 3500 τὰ
681 3467 711 3500 A
737 3467 750 3511 u
773 3466 804 3500 εἰ
825 3480 883 3500 οηι.
909 3469 937 3499 Α
962 3467 974 3511 ΙΙ
991 3464 1158 3514 εἰσάγειν]
1185 3462 1231 3500 ὠς
1255 3465 1316 3499 εἰς·
1386 3468 1426 3500 24
1453 3466 1533 3508 quia
1556 3465 1594 3499 V
1600 3465 1623 3506 ¹]
1649 3466 1708 3507 qui
1731 3463 1822 3499 RV’
1844 3466 1929 3508 vulg.
1949 3465 1962 3509 ΙΙ
1985 3462 2208 3497 introduxerit
2225 3461 2263 3495 V
2282 3462 2367 3505 vuly.
2386 3460 2461 3506 fleis

243 3506 322 3556 ιίγοι
347 3512 376 3542 Λ
395 3513 439 3551 (ς)
474 3511 486 3553 [1
519 3513 560 3545 25
600 3509 730 3557 κύριος]
768 3525 829 3546 om.
853 3511 898 3545 Μ
901 3516 929 3553 ⁰,
972 3515 1101 3559 κυρίως
1130 3525 1153 3544 ο.
1180 3524 1210 3545 υ.
1235 3511 1282 3544 M
1305 3509 1318 3550 ΙΙ
1385 3511 1433 3544 Ιί·
1453 3512 1465 3554 ΙΙ
1480 3520 1534 3543 sas
1553 3510 1676 3542 dixerit
1691 3523 1749 3543 om.
1767 3510 1805 3543 V
1810 3508 1848 3555 ιΙ
1867 3510 1908 3543 25
1926 3511 1998 3542 erat
2012 3508 2048 3543 V
2055 3508 2066 3529 ¹
2084 3508 2097 3551 ΙΙ
2112 3508 2157 3559 ‚²⁰
2168 3506 2335 3548 wilt-fingit
2346 3505 2384 3539 V
2388 3506 2435 3539 'T
2448 3508 2462 3550 Ι

243 3557 282 3588 27
309 3565 338 3588 π
363 3551 383 3586 ά
407 3566 506 3598 ματα
529 3553 595 3609 ἤδη
619 3555 702 3590 τινὰ
725 3554 959 3603 χαρισάμενος
983 3555 1005 3599 ἢ
1027 3554 1120 3590 κατὰ
1142 3557 1174 3591 Α
1199 3555 1213 3600 ΙΙ
1229 3558 1266 3590 31
1295 3551 1317 3598 ἢ
1385 3557 1426 3590 29
1450 3554 1603 3596 reliquiis
1625 3555 1660 3588 R
1679 3554 1692 3599 ss
1717 3557 1759 3589 30
1783 3558 1842 3587 aut
1865 3553 1952 3587 nihil
1975 3552 2062 3593 RV]
2086 3550 2173 3583 mlul
2196 3551 2283 3593 vuly.
2302 3551 2315 3594 ΙΙ
2336 3552 2375 3585 3¹
2402 3550 2459 3583 do-

245 3611 302 3631 nm.
327 3567 359 3631 λ)
384 3567 462 3641 (3²
496 3596 696 3645 δωρησεται
722 3604 750 3634 Α
783 3603 795 3645 ΙΙ
823 3603 864 3636 33
889 3599 1126 3648 παραγγεῖλαι
1152 3601 1210 3642 Μ]
1235 3610 1315 3634 συν·
1385 3599 1518 3632 nauerit
1541 3599 1587 3631 eis
1611 3599 1648 3633 V
1656 3600 1664 3619 ¹
1690 3599 1704 3643 Ι
1725 3601 1857 3640 quarta]
1880 3609 1900 3631 a
1931 3599 2049 3648 quarta
2071 3595 2109 3630 V
2114 3595 2125 3616 ¹
2148 3594 2224 3647 liet]
2248 3607 2308 3628 Μ·
2339 3595 2424 3639 ⁰¹⁴19·
2448 3594 2461 3639 ΙΙ

244 3643 618 3736 ἓξ’“ἓζῖ“ἶῗ’λῖριῖτέ’.
638 3648 702 3733 Ξέη
715 3643 904 3735 ἷξῗχοῗὲάι
924 3642 1275 3735 Ξῗίῖτὲαἶῖιξῖὶέ
1385 3643 1821 3732 35÷32235“13‘22¹53q33;?
1833 3643 1979 3724 §111¹ss
2002 3639 2130 3683 ’Μ
2153 3649 2219 3672 '²¹¹¹
2243 3638 2303 3686 ¹³⁸
2323 3641 2364 3674 ³⁶
2389 3650 2458 3673 ⁹⁸¹³
