2586 3990
340 11 362 22 ο

163 139 221 172 ΕΤ
248 138 367 173 ALIIS
394 138 674 172 PARENTIBUS

164 238 399 282 θεσπίζομεν,
421 237 563 273 εἴποτέ
580 249 634 273 τις
647 238 737 285 γυνὴ
760 236 840 282 δίχα
863 238 963 274 τινὸς
985 239 1062 274 τῶν
1078 251 1240 286 προειρη-

161 286 283 329 μένων
315 280 336 328 ἡ
363 287 401 319 ἲν
432 283 562 318 αἰτιῶν
591 282 790 328 βουληθείη
820 283 888 319 τὸν
912 284 1002 330 πρὸς
1033 284 1101 320 τὸν
1124 295 1242 320 συνοι-

161 330 296 364 κοῦντα
347 328 492 364 ιαλῦσαι
522 328 647 375 γάμον,
681 327 808 363 ἄδειαν
838 331 906 374 μὲν
936 326 1052 374 αὐτὴν
1074 330 1124 375 μὴ
1147 331 1240 374 ἐχειν

161 374 270 408 τοῦτο
304 373 489 423 πράττειν,
524 374 556 408 εἰ
586 371 626 408 δὲ
656 376 822 421 ἐπιμείνῃ
856 376 903 422 τῇ
936 376 1087 422 τοιαύτῃ
1121 372 1242 420 ἀσεβεῖ

162 421 365 465 προαιρέσει
380 422 440 453 καὶ
456 417 649 464 ῥεπούὸιον
673 423 799 467 πέμψῃ
823 421 879 463 τῷ
901 416 1024 467 ἀνδρί,
1053 417 1240 464 κελεύομεν

160 463 228 507 τὴν
249 466 315 508 μὲν
338 466 470 510 προῖκα
493 465 546 507 τῷ
573 461 678 511 ἀνδρὶ
703 463 862 508 δοθῆναι
885 468 959 500 τοῖς
982 468 1112 500 κοινοῖς
1134 467 1240 500 παισὶ

158 508 252 543 κατὰ
283 508 366 543 τοὺς
388 509 519 552 νόμους
542 509 879 554 φυλαχθησομένην,
910 511 941 544 εἰ
971 508 1010 544 δὲ
1032 508 1162 545 παῖδας
1189 510 1238 554 μὴ

159 554 283 597 ἔχοιεν,
319 552 440 600 κέρδος
472 555 645 601 γίνεσθαι
679 557 734 599 τῷ
765 552 889 601 ἀνδρί,
918 555 987 598 τὴν
1019 553 1059 590 δὲ
1087 558 1239 602 γυναῖκα

158 596 315 642 κινδύνῳ
340 600 404 633 τοῦ
430 597 601 634 δικαστοῦ
631 602 695 635 τοῦ
725 601 788 644 τῆς
815 597 1027 636 ὑποθέσεως
1061 597 1245 646 ἄκροασαψ

1229 123 1315 172 563

2025 127 2132 172 Nov.
2155 127 2308 172 cxvu
2342 129 2391 171 13
2429 112 2431 115 ’

1309 247 1400 280 mus,
1425 237 1456 274 si
1475 237 1616 284 quan‘do
1641 237 1767 274 mulier
1791 238 1881 274 citra
1904 239 2058 284 aliquam
2081 239 2346 285 praedictarum
2369 248 2392 274 a

1308 283 1412 319 nobis
1435 293 1623 319 causarum
1643 282 1795 319 voluerit
1818 283 1935 319 mariti
1959 285 2096 320 solvere
2116 283 2390 327 matrimonium,

1308 328 1490 364 licentiam
1514 329 1654 381 quidem
1677 337 1756 364 eam
1779 338 1853 363 non
1875 329 2008 365 habere
2031 330 2101 365 hoc
2117 339 2232 374 agere,
2258 329 2289 365 si
2308 339 2390 365 vero

1308 377 1544 417 permanserlt
1572 374 1610 410 in
1640 373 1842 409 huiusmodi
1873 373 1982 418 impia
2012 375 2193 411 voluntate
2225 378 2262 411 et
2283 384 2322 410 re
2349 385 2389 409 u-

1276 423 1294 455 5
1308 418 1405 454 dium
1437 418 1566 456 marito
1600 417 1855 462 transmiserit,
1894 419 2056 455 iubemus
2096 420 2214 456 dotem
2249 419 2310 465 qui
2335 429 2390 455 em

1308 464 1383 500 viro
1407 463 1486 500 dari
1509 463 1756 500 communibus
1782 463 1866 498 filiis
1890 464 2085 500 secundum
2109 465 2221 510 legem
2245 474 2388 500 servan-

1308 508 1409 553 dam,
1448 509 1478 544 si
1513 511 1634 545 autem
1673 507 1765 544 filios
1802 519 1875 544 non
1914 509 2098 552 habuerit,
2135 509 2274 545 lucrum
2312 509 2390 544 fieri

1307 554 1453 597 marito,
1495 554 1675 590 mulierem
1711 563 1795 589 vero
1836 554 1995 597 periculo
2039 554 2166 591 iudicis
2210 554 2389 599 negotium

1307 598 1484 635 audientis
1506 598 1602 635 tradi
1625 598 1792 644 episcopo
1818 598 1968 635 civitatis
1996 599 2032 634 in
2058 610 2129 644 qua
2155 599 2388 636 communiter

157 645 265 697 μένου
289 642 563 696 παραδίδοσθαι
594 646 647 688 τῷ
673 643 862 699 ἐπισκόπει
892 646 955 688 τῆς
978 644 1118 681 πόλεως
1140 641 1234 680 καθ’
1253 647 1293 680 10
1307 643 1522 679 domicilium
1545 644 1593 679 ha
1618 646 1758 685 uerunt,
1787 648 1961 687 quatenus
1985 643 2080 679 illius
2105 644 2329 689 providentia
2350 644 2389 679 in

157 685 203 732 ἦν
226 700 355 723 κοινως
385 689 452 733 τὴν
482 690 621 733 οἴκησιν
650 691 756 733 εἶχον,
790 702 878 727 caere
907 691 951 736 τῇ
983 691 1119 724 ἐκείνου
1150 703 1235 736 προ-

156 735 239 776 νοίᾳ
268 735 309 768 ἐν
339 739 570 780 μοναστηρίῳ
608 733 722 779 αὐτὴν
756 734 988 780 ἐμβληθῆναι
1023 732 1237 781 ὀφείλουσαν

155 780 221 822 μέχ
244 791 256 811 ι
278 780 342 822 τῆς
360 778 452 814 ἰδίας
477 782 569 824 ζωῆς
593 782 704 815 ἐκεῖσε
723 782 1005 826 προςκαρτερεῖν.
1049 783 1109 814 καὶ
1125 780 1156 814 εἰ
1170 781 1237 824 μὲν

157 826 224 857 παῖ
248 835 288 858 ας
319 825 392 879 ὲὲςοι
423 823 444 868 ἦ
474 825 622 869 τοιαύτη
644 825 746 872 γυνή,
778 825 821 859 τὸ
847 823 1010 870 δίμοιρον
1039 827 1143 872 μέρος
1174 826 1237 859 τ”ς

1306 689 1558 725 monasterium
1590 688 1676 734 ipsa
1710 688 1888 730 mittatur,
1931 690 1972 724 ut
2006 689 2135 724 debeat
2175 690 2288 725 donec
2324 689 2386 724 ad-

1305 734 1435 770 vixerit
1463 733 1513 768 ibi
1544 733 1751 769 consistere.
1798 733 1847 767 Et
1879 733 1910 768 si
1934 733 2076 779 quidem
2107 734 2197 770 filios
2221 734 2388 770 habuerit

1305 778 1509 815 huiusmodi
1541 778 1678 820 mulier,
1714 777 1804 813 duas
1836 779 1957 822 partes
1992 779 2158 823 propriae
2193 779 2270 814 eius
2301 778 2386 814 sub-

1306 824 1458 859 stantiae
1489 823 1566 859 dari
1597 823 1690 866 filiis,
1726 822 1869 859 tertiam
1893 833 1976 859 vero
2008 824 2223 860 monasterio
2255 824 2292 859 in
2317 833 2387 876 quo

156 866 269 912 ἰδικῆς
300 882 409 914 αυτης
439 875 644 923 περιουσίας
674 869 831 913 δοθῆναι
850 872 935 913 ,τοῖς
965 873 1087 912 παισί,
1122 869 1165 904 τὸ
1221 871 1237 902 ὲ
1254 872 1292 904 15
1305 868 1459 904 mittitur
1493 868 1667 921 applicari
1699 868 1778 903 iure
1810 868 2064 913 proprietatis3
2107 869 2139 904 si
2175 879 2258 905 vero
2293 867 2387 903 filios

155 917 280 959 τρίτον
302 917 407 960 μέρος
429 929 483 958 τῳ
507 919 738 961 μοναστηρίῳ
772 917 811 950 ἐν
835 915 865 958 ᾧ
891 914 1108 959 ἐμβάλλεται
1131 926 1235 950 ποος-

155 959 370 1004 κυρωθῆναι
394 958 603 995 δεσποτείας
627 958 772 1003 δικαίῳ·
809 961 839 994 εἰ
863 958 903 994 δὲ
926 957 1057 995 παῖδας
1079 959 1128 1003 μὴ
1152 947 1235 1002 ἔχοι,

155 1005 224 1038 εἰσὶ
249 1002 288 1038 δὲ
311 1001 404 1052 αὐτῇ
426 1008 556 1052 γονεῖς,
582 1005 625 1039 τὸ
646 1007 713 1050 μὲν
738 1003 900 1051 δίμοιρον
923 1007 1026 1049 μέρος
1049 1006 1110 1047 τῆς
1132 1003 1237 1048 οὔσης

156 1046 248 1095 αὐτῇ
269 1055 473 1096 περιουσίας
491 1052 536 1098 τῇ
552 1053 782 1095 μοναστηρίῳ
807 1050 1033 1096 παρέχεσθαι
1058 1050 1155 1084 ἔνθα
1176 1051 1235 1094 ἐμ-

1304 924 1377 949 non
1401 914 1578 956 habuerit,
1610 916 1694 949 sunt
1718 916 1837 948 autem
1862 913 1895 947 ei
1918 915 2096 958 parentes,
2130 914 2219 949 duas
2245 913 2387 959 quidem

1305 962 1424 1003 partes
1449 959 1526 994 eius
1550 958 1771 994 substantiae
1795 958 2011 994 monasterio
2035 958 2198 1003 praeberi
2221 959 2283 994 ubi
2306 958 2385 992 mit-

1305 1003 1404 1046 titur,
1428 1004 1568 1039 tertiam
1593 1013 1676 1040 vero
1692 1007 1830 1049 partem
1852 1003 1947 1038 illius
1971 1004 2181 1048 parentibus
2205 1003 2292 1047 dari,
2316 1002 2387 1039 nisi

1306 1050 1425 1084 tamen
1457 1050 1523 1084 sub
1546 1050 1728 1094 potestate
1759 1058 1836 1084 eam
1866 1048 2039 1084 habentes
2062 1048 2306 1086 inrationabili
2329 1058 2384 1083 re·

154 1091 344 1138 βάλλεται,
381 1096 423 1129 τὸ
457 1093 497 1129 δὲ
523 1099 651 1151 τρίτον
684 1098 787 1141 μέρος
821 1096 1061 1150 τοῖς,έκείνης
1093 1096 1234 1141 γονεῦσι
1251 1096 1292 1128 20
1306 1094 1413 1138 pudio
1441 1097 1718 1129 consenserunt:
1742 1093 1780 1129 in
1798 1093 1867 1129 hoc
1891 1093 1984 1128 enim
2009 1094 2274 1130 consentientes
2297 1093 2386 1128 nihil

155 1138 344 1182 δίδοσθαι,
378 1139 474 1184 πλὴν
502 1154 532 1174 ει
555 1154 603 1186 μη
629 1138 846 1181 ὑπεξουσίαν
875 1140 991 1184 αυτὴν
1021 1142 1158 1183 ἔχοντες
1180 1140 1233 1183 τῷ

155 1181 276 1230 ἀλόγῳ
309 1186 509 1233 συνῄνεσαν
532 1183 727 1232 ῥεπουδίῳ·
764 1184 884 1229 τούτῳ
908 1185 977 1232 γὰρ
1005 1187 1235 1220 συναινέσαν-

153 1241 218 1264 τας
241 1227 347 1264 οὐδὲν
373 1227 501 1265 αὐτοὺς
524 1230 710 1265 παντελῶς
740 1232 778 1264 ἐκ
807 1231 870 1274 τῆς
892 1228 1014 1265 οὐσίας
1036 1231 1096 1274 τῆς
1122 1230 1233 1276 θυγα-

153 1274 238 1321 τρὸς
260 1276 354 1318 ἐχειν
375 1277 637 1323 συγχωροῦμεν,
660 1272 749 1309 ἄλλα
771 1274 895 1310 πάντα
918 1277 971 1319 τῷ
990 1272 1109 1322 εὐαγεῖ
1124 1288 1236 1320 μονα-

1306 1148 1367 1174 eos
1390 1139 1534 1184 penitus
1559 1149 1602 1173 ex
1626 1139 1829 1175 substantia
1861 1138 1956 1174 filiae
1979 1139 2112 1174 habere
2134 1139 2385 1184 permittimus,

1305 1183 1368 1218 sed
1401 1184 1490 1219 haec
1522 1184 1641 1219 omnia
1671 1183 1865 1220 venerabili
1895 1185 2110 1219 monasterio
2135 1186 2297 1220 volumus
2320 1194 2386 1228 ap-

1329 1228 1448 1273 licari3
1472 1239 1578 1273 porro
1600 1238 1714 1274 neque
1734 1228 1815 1264 filiis
1836 1238 1951 1274 neque
1971 1229 2181 1274 parentibus
2202 1227 2385 1265 existenti-

1330 1284 1374 1309 us
1398 1273 1430 1308 ei
1461 1283 1602 1309 omnem
1626 1273 1787 1309 similiter
1817 1273 1892 1309 eius
1917 1275 2154 1310 substantiam
2186 1277 2386 1320 competere

154 1323 291 1374 στηρίῳ
324 1320 885 1376 arpos-acgqofiostou³,ttozntcilaset‘roz-c
908 1321 998 1365 μήτε
1028 1319 1067 1355 δὲ
1090 1318 1234 1356 παίδων
1250 1322 1291 1355 25
1305 1319 1532 1354 monasterio.
1581 1318 1618 1353 Si
1649 1328 1732 1354 vero
1764 1318 1871 1353 iudex
1905 1319 1965 1364 qui
1996 1320 2176 1363 negotium
2208 1319 2387 1356 examinat

152 1378 241 1409 μητε
269 1369 408 1412 γονέων
431 1379 556 1400 οντων
588 1367 678 1413 αυτῇ
710 1367 835 1401 πᾶσαν
867 1369 1000 1411 ομοίως
1029 1366 1097 1409 τὴν
1128 1363 1236 1408 αὐτῆς

153 1414 362 1465 περιουσίαν
392 1413 447 1454 τῷ
474 1414 705 1455 μοναστηρίῳ
731 1410 928 1456 προςήκειν.
976 1411 1007 1445 εἰ
1031 1408 1070 1445 δὲ
1093 1409 1111 1444 ὁ
1137 1408 1235 1445 δικα-

152 1466 239 1499 στης
262 1451 282 1489 ὁ
306 1455 376 1499 τὴν
398 1454 583 1491 ὑπόθεσιν
607 1456 776 1497 ἐξετάσας
799 1457 907 1490 τοῦτο
936 1455 986 1501 μὴ
1010 1456 1151 1499 ποιήσει
1175 1458 1234 1489 καὶ

153 1498 364 1580 παραδώσει
394 1501 463 1545 τὴν
494 1502 540 1535 εἰς
570 1502 677 1536 τοῦτο
700 1504 1064 1548 καταγινωσκομένην
1095 1502 1147 1544 τῷ
1173 1502 1235 1543 τῆς

1304 1364 1374 1400 hoc
1405 1375 1478 1399 non
1509 1363 1636 1399 fecerit
1671 1365 1707 1399 et
1735 1363 1923 1399 tradiderit
1955 1364 1992 1398 in
2026 1364 2095 1400 hoc
2130 1365 2386 1409 deprehensam

1306 1409 1457 1445 civitatis
1491 1409 1672 1454 episcopo,
1704 1412 1745 1443 ut
1775 1408 1902 1444 debeat
1930 1408 1967 1443 in
1998 1410 2251 1445 monasterIum
2281 1409 2384 1453 mitti,

1305 1454 1336 1490 si
1360 1454 1501 1499 quidem
1531 1454 1568 1489 in
1592 1454 1660 1489 hac
1683 1453 1888 1489 felicissima
1919 1454 2060 1489 cIvitate
2085 1455 2131 1490 sit
2154 1455 2276 1496 iudex,
2308 1455 2386 1499 ipse

1305 1500 1446 1545 quidem
1466 1498 1568 1535 XXV
1584 1499 1754 1535 librarum
1770 1499 1848 1535 auri
1870 1509 2021 1544 poenam
2042 1500 2202 1544 exigitur,
2227 1500 2386 1536 officium

152 1544 202 1580 πό
227 1557 292 1580 ecoe
323 1547 513 1590 ἐπισκόπῳ
533 1543 771 1602 κόφειζλουσανχ
793 1545 1025 1592 ἐμβληθῆναι
1057 1548 1097 1580 ἐν
1125 1559 1232 1591 μονα·
1248 1548 1290 1580 30
1304 1546 1424 1581 autem
1448 1545 1524 1580 eius
1549 1544 1639 1580 alias
1661 1544 1712 1590 X3
1748 1545 1779 1580 si
1802 1554 1885 1580 vero
1916 1545 1952 1579 in
1975 1545 2159 1590 provincIa
2189 1545 2236 1581 sit
2261 1545 2384 1581 huius-

152 1595 299 1646 στηρίῳ,
324 1592 356 1625 εἰ
370 1594 438 1636 μὲν
453 1604 546 1626 κατα
570 1605 708 1635 ταυτην
731 1605 800 1635 την
823 1589 1022 1636 εὐδαίμονα
1045 1589 1157 1626 πόλιν
1180 1591 1233 1635 εἴη

152 1633 172 1669 ὁ
198 1649 329 1681 αρχων,
366 1634 474 1671 αὐτὸς
537 1639 575 1671 ὲν
611 1637 721 1671 εἴκοσι
756 1641 899 1692 χρυσίου
934 1636 1069 1682 λιτρῶν
1101 1636 1234 1679 ποινὴν

152 1678 464 1725 ἇπαιτηθήσεται,
489 1696 511 1738 η
537 1680 577 1716 δὲ
599 1681 700 1723 τάξις
725 1683 835 1716 αυτοῦ
860 1683 981 1726 ἑτέρας
1005 1680 1107 1717 δέκα·
1140 1683 1171 1717 εἰ
1195 1680 1235 1716 δὲ

151 1726 244 1760 κατὰ
264 1725 389 1773 χώραν
412 1727 464 1770 εἴη
489 1740 509 1761 o
534 1728 693 1762 τοιοῦτος
716 1726 839 1773 ἄρχων
862 1731 923 1761 καὶ
952 1727 1001 1771 μὴ
1027 1727 1156 1772 πράξει
1186 1726 1232 1762 τὰ

1303 1590 1399 1626 modi
1421 1590 1532 1625 iudex
1555 1591 1591 1625 et
1614 1599 1687 1626 non
1710 1589 1820 1634 egerit
1846 1599 1938 1635 quae
1962 1599 1984 1625 a
2007 1591 2112 1626 uobis
2135 1590 2172 1625 in
2195 1591 2264 1626 hoc
2287 1590 2387 1626 iussa

1305 1638 1399 1679 sunt,
1424 1636 1459 1670 X
1482 1636 1654 1671 librarum
1677 1635 1756 1670 auri
1779 1635 1960 1679 persolvat
1982 1645 2145 1688 poenam,
2170 1639 2206 1671 et
2229 1635 2387 1671 officium

1304 1680 1379 1716 eius
1403 1680 1494 1716 alias
1517 1681 1568 1726 V3
1602 1681 1633 1715 si
1656 1690 1739 1716 vero
1770 1679 1878 1715 iudex
1909 1679 2019 1716 fuerit
2049 1690 2122 1716 non
2151 1681 2288 1717 habens
2313 1681 2384 1716 cin-

1302 1727 1443 1780 gulum,
1479 1726 1558 1771 ipse
1589 1725 1729 1771 quidem
1764 1735 1916 1770 poenam
1948 1725 1983 1760 X
2012 1725 2092 1760 auri
2121 1725 2294 1761 librarum
2325 1735 2385 1761 ex-

151 1767 237 1815 ἡμῖν
268 1774 330 1807 ἐπὶ
360 1772 480 1816 τούτῳ
512 1772 771 1817 παραστάντα,
808 1770 894 1806 δέκα
923 1776 1067 1817 χρυσίου
1098 1771 1233 1818 λιτρῶν
1247 1774 1289 1808 35
1302 1771 1420 1817 igitur,
1437 1771 1679 1807 ministrantes
1698 1772 1818 1806 autem
1833 1770 1866 1806 ei
1883 1770 2057 1816 quinque:
2082 1773 2259 1816 quatenus
2275 1771 2387 1807 multa

151 1814 354 1860 καταθήσει
378 1817 522 1861 ποινήν,
553 1820 613 1851 καὶ
636 1815 658 1861 ἡ
682 1815 783 1872 τάξις
804 1814 922 1852 «αὐτοῦ
947 1819 1082 1873 ἑτέρων
1106 1820 1231 1852 πέντε

1303 1827 1395 1863 quae
1414 1817 1498 1853 hinc
1518 1817 1660 1852 accedit
1683 1826 1705 1851 a
1724 1817 1927 1851 memoratis
1952 1816 2113 1861 personis
2137 1826 2202 1861 per
2221 1817 2387 1852 comitem

1302 1863 1521 1907 privatarum
1542 1864 1577 1897 et
1593 1861 1831 1907 palatinorum
1850 1861 2010 1897 scholam
2027 1861 2191 1905 exigatur
2212 1865 2246 1896 et
2261 1864 2384 1897 nostro

150 1862 181 1895 εἰ
205 1860 245 1895 δὲ
267 1861 436 1906 δικαστὴς
465 1864 519 1907 εἴη
548 1863 597 1907 μὴ
630 1864 724 1905 έχων
755 1861 875 1907 αρχήν,
913 1860 1021 1898 αὐτος
1049 1865 1118 1905 μὲν
1148 1861 1233 1897 δέκα

1302 1908 1503 1953 assignetur
1525 1906 1675 1944 aerario.
1724 1906 1763 1943 Si
1785 1909 1905 1944 autem
1937 1908 1974 1942 et
1997 1906 2049 1943 vir
2074 1907 2172 1944 circa
2202 1906 2385 1946 mulierem

150 1910 293 1953 χρυσίου
317 1906 453 1952 λιτρῶν
477 1908 609 1951 ποινὴν
634 1906 948 1952 ἀπαιτηθήσεται,
981 1907 1017 1942 οἱ
1039 1906 1079 1943 δὲ
1101 1905 1231 1954 ὑπουρ-

150 1952 296 1998 γοῦντες
313 1949 412 1996 αὐτῷ
435 1956 551 1988 πέντε.
594 1949 682 1988 ὥςτε
697 1953 739 1988 τὸ
758 1954 932 1988 ἐντεῦθεν
947 1952 1109 1999 ἁρμόζον
1126 1954 1231 1998 πρός-

151 2010 259 2040 τιμον
281 1997 375 2032 κατὰ
398 1999 475 2033 τῶν
499 1999 697 2043 εἰρημένων
720 1997 924 2043 προςώπων
949 1997 1009 2033 διὰ
1033 2000 1098 2033 τοῦ
1122 1999 1230 2043 κόμη·
1244 2002 1288 2034 40

151 2053 211 2076 τος
241 2043 318 2077 τῶν
349 2043 543 2088 πριβάτων
573 2047 633 2077 καὶ
662 2045 725 2087 τῆς
753 2045 831 2077 τῶν
859 2042 1075 2078 παλατίνων
1105 2043 1231 2087 σχολῆς

152 2084 394 2122 ἀπαιτεῖσθαι
417 2091 476 2122 καὶ
498 2089 554 2132 τῷ
576 2087 736 2133 ἡμετέρῳ
758 2089 1049 2134 προςκυροῦσθαι
1068 2093 1230 2133 ταμιείῳ.

153 2133 198 2166 Εἰ
219 2131 259 2167 δὲ
280 2135 341 2167 καὶ
364 2130 384 2166 ὁ
409 2130 501 2180 ἀνὴρ
523 2132 592 2167 τὸν
608 2133 698 2178 πρὸς
719 2133 787 2176 τὴν
801 2136 954 2180 γυναῖκα
977 2131 1146 2167 διαλῦσαι
1168 2132 1231 2180 γά-

151 2268 307 2310 student,
331 2269 523 2309 sancimus,
546 2267 579 2302 si
599 2277 694 2313 quae
714 2267 817 2313 forte
841 2266 968 2301 mulier
991 2267 1069 2302 sine
1091 2267 1216 2312 aliqua
1237 2267 1509 2313 praedictarum
1529 2280 1552 2303 a
1570 2269 1675 2305 nobis
1695 2280 1888 2306 causarum
1911 2271 2179 2307 matrimonium
2200 2283 2279 2308 cum
2300 2283 2385 2309 con.-

151 2314 236 2360 iuqe
259 2313 397 2349 solvere
420 2312 593 2355 voluerit,
625 2311 664 2346 id
687 2311 828 2363 quidem
851 2322 925 2346 non
950 2311 1057 2347 licere
1080 2312 1113 2347 ei
1134 2313 1284 2359 facere;
1318 2313 1353 2348 si
1374 2323 1458 2349 vero
1482 2313 1520 2348 in
1543 2313 1720 2350 eiusmodi
1750 2315 1862 2361 impia
1895 2316 2081 2352 voluntate
2130 2318 2386 2354 erseveraverit

152 2363 187 2395 et
209 2369 249 2394 re
278 2357 400 2393 adium
423 2357 554 2392 marito
578 2357 725 2399 miserit,
757 2356 917 2392 iubemus
946 2356 1065 2393 dotem
1096 2357 1238 2403 quidem
1269 2357 1401 2393 marito
1433 2356 1519 2393 dari
1546 2358 1668 2394 liberis
1698 2359 1943 2395 communibus
1974 2371 2082 2396 secun
2110 2372 2168 2396 um
2192 2362 2289 2408 leqes
2309 2373 2385 2399 ser-

152 2369 327 2445 vandiim,
358 2402 390 2437 si
414 2406 531 2437 autem
556 2401 688 2438 liberos
711 2412 786 2437 non
810 2400 982 2444 habeant,
1014 2401 1152 2437 lucrum
1172 2402 1257 2447 fieri
1279 2403 1425 2446 marito,
1456 2403 1640 2439 mulierem
1665 2410 1748 2440 vero
1799 2405 1935 2440 ericulo
1959 2405 2088 2442 iudicis
2111 2406 2177 2452 qui
2197 2417 2274 2443 eam
2298 2418 2384 2443 cau·

152 2460 231 2484 sam
253 2451 452 2494 coqnoscat
475 2447 645 2494 episcopo
669 2447 781 2489 urbis,
811 2446 850 2481 in
874 2457 947 2498 qua
971 2446 1207 2483 communiter
1229 2446 1447 2483 domicilium
1471 2447 1665 2490 habebant,
1701 2415 1813 2492 tradi,
1846 2453 1888 2486 ut
1910 2450 2009 2486 illius
2032 2461 2122 2486 cura
2145 2451 2184 2486 in
2205 2456 2384 2489 monaste-

152 2495 247 2529 rium
269 2493 483 2528 immittatur
513 2503 626 2538 usque
650 2491 700 2527 ad
718 2491 827 2537 finem
849 2495 942 2527 vitae
965 2502 1052 2527 suae
1075 2491 1124 2527 ibi
1139 2502 1394 2538 permansura.
1442 2493 1496 2528 Ac
1518 2493 1550 2528 si
1573 2493 1716 2539 quidem
1747 2494 1879 2530 liberos
1902 2493 2035 2531 babeat
2057 2507 2100 2531 ea
2124 2496 2263 2537 mulier,
2292 2497 2386 2534 duae

146 2542 278 2586 partes
327 2538 474 2584 ropriae
497 2537 576 2585 eius
594 2536 817 2572 substantiae
841 2536 962 2571 liberis
986 2536 1127 2578 dentur,
1160 2538 1267 2572 tertia
1291 2541 1410 2574 autem
1432 2549 1526 2584 pars
1549 2540 1769 2575 monasterio
1802 2540 1840 2574 in
1871 2540 1970 2586 quod
2001 2541 2203 2576 immittitur
2235 2541 2386 2577 dominii

153 2586 232 2620 iure
253 2594 275 2618 a
303 2582 468 2624 dicatur;
490 2582 546 2617 sin
569 2581 701 2617 liberos
718 2591 793 2616 non
809 2580 950 2622 habeat,
973 2585 1146 2627 parentes
1165 2586 1284 2618 autem
1307 2583 1342 2617 ei
1355 2582 1438 2624 sint,
1463 2582 1557 2619 duae
1573 2583 1715 2629 quidem
1732 2589 1864 2636 partes
1880 2584 2103 2621 substantiae
2123 2596 2231 2632 quam
2255 2585 2386 2623 habeat

153 2628 374 2665 monasterio
407 2628 445 2663 in
476 2627 574 2673 quod
603 2625 808 2662 immittitur
835 2625 1092 2672 praebeantur,
1125 2627 1232 2662 tertia
1255 2637 1339 2663 vero
1357 2638 1454 2679 pars
1479 2627 1697 2674 parentibus
1725 2628 1824 2665 itlius
1847 2628 1963 2671 detur,
1996 2630 2067 2665 nisi
2089 2631 2123 2666 si
2146 2631 2183 2666 in
2200 2634 2385 2677 potestate

153 2685 232 2712 eam
256 2673 425 2719 babentes
449 2671 493 2708 de
513 2671 647 2707 iniusto
671 2671 826 2717 repudio
851 2671 1115 2707 consenserint:
1150 2682 1234 2706 nam
1258 2671 1321 2717 qui
1351 2682 1389 2707 m
1417 2671 1486 2708 boc
1509 2674 1774 2718 consenserint,
1806 2685 1869 2710 eos
1891 2674 1984 2711 nihil
2014 2675 2158 2711 omnino
2189 2686 2239 2712 ea:
2264 2677 2384 2723 patri-

153 2719 274 2755 monio
295 2718 397 2763 filiae
420 2716 553 2753 babere
569 2716 747 2763 patimur,
770 2715 835 2752 sed
858 2716 977 2752 omnia
999 2727 1105 2751 sacro
1130 2716 1348 2752 monasterio
1373 2716 1494 2752 addici
1517 2717 1700 2760 volumus;
1734 2719 1768 2754 si
1791 2729 1876 2755 vero
1901 2730 1968 2756 nec
1991 2719 2096 2756 liberi
2126 2730 2191 2756 nec
2208 2725 2384 2767 parentes

153 2765 189 2802 ei
208 2765 298 2806 sint,
356 2763 468 2797 ariter
500 2762 615 2798 omnis
645 2762 723 2798 eius
752 2760 955 2797 substantia
987 2760 1036 2796 ad
1063 2760 1322 2797 monasterium
1350 2762 1542 2807 pertineat.
1590 2761 1726 2805 Quodsi
1748 2763 1862 2799 iudea:
1896 2765 1960 2810 qui
1982 2774 2130 2800 causam
2161 2766 2385 2802 examinavit

153 2809 193 2846 id
213 2820 288 2844 non
309 2774 443 2855 ficerat
466 2817 532 2843 nec
558 2806 749 2842 tradiderit
771 2817 850 2841 eam
878 2816 971 2852 quae
994 2805 1063 2841 boc
1085 2805 1229 2841 nomine
1253 2805 1489 2842 condemnata
1512 2810 1566 2842 est
1596 2807 1766 2860 episcopo
1791 2808 1891 2844 urbis
1913 2809 1952 2845 in
1975 2810 2233 2846 monasterium
2256 2810 2383 2846 immit-

104 2871 108 2875 ·
153 2854 314 2895 tendam,
344 2854 377 2888 si
400 2852 543 2904 quidem
567 2852 605 2886 in
629 2851 698 2887 bac
719 2850 822 2896 felici
845 2850 934 2887 urbe
955 2851 1003 2886 sit
1024 2851 1272 2897 maqistratus,
1303 2854 1339 2886 et
1361 2850 1406 2886 ab
1435 2851 1516 2897 ipso
1547 2851 1675 2898 viqinti
1698 2853 1872 2889 librarum
1896 2854 1980 2889 auri
2002 2865 2128 2901 poena
2151 2855 2321 2901 exiqetur
2350 2860 2385 2891 et

154 2898 199 2935 ab
224 2899 351 2944 officio
376 2908 454 2933 eius
477 2897 573 2932 aliae
595 2897 713 2933 decem
723 2909 739 2938 ,·
771 2896 829 2931 sin
853 2896 890 2931 in
906 2896 1103 2943 provincia
1124 2895 1173 2931 sit
1195 2895 1370 2931 eiusmodi
1392 2897 1626 2942 maqistratus
1648 2908 1763 2943 neque
1789 2899 1923 2943 fecerit
1945 2909 2039 2945 quae
2063 2899 2167 2935 nobis
2190 2898 2260 2935 kae
2283 2900 2320 2935 in
2344 2911 2385 2935 re

151 2944 381 2990 placuerunt,
404 2941 525 2978 decem
548 2941 723 2977 librarum
747 2941 829 2976 auri
850 2951 1006 2987 poenam
1022 2940 1241 2986 praestabit,
1266 2945 1301 2976 et
1326 2940 1490 2992 officium
1513 2941 1590 2977 eius
1614 2942 1770 2978 aliarum
1793 2943 1953 2989 quinque
1961 2956 1976 2986 ;
2005 2944 2063 2979 sin
2087 2955 2171 2981 vero
2195 2944 2310 2981 iudex
2337 2946 2385 2981 sit

154 2989 219 3034 qui
241 2988 378 3023 nullum
410 2987 662 3032 maqistratum
718 2989 815 3027 erat,
850 2985 894 3020 ab
919 2987 999 3033 ipso
1030 2985 1173 3031 quidem
1204 2985 1322 3021 decem
1348 2984 1522 3021 librarum
1545 2986 1628 3021 auri
1653 2998 1774 3032 poena
1798 2988 1979 3033 emacim,
2014 3000 2038 3024 a
2062 2989 2235 3024 ministris
2265 2994 2385 3025 autem

154 3033 232 3069 eius
255 3033 433 3079 quinque.-
456 3035 608 3076 atquae
631 2997 716 3066 indi
739 3030 909 3077 competit
930 3030 1044 3066 multa
1068 3041 1090 3065 a
1110 3029 1310 3076 praedictis
1360 3031 1499 3066 ersonis
1513 3041 1587 3084 per
1603 3032 1764 3068 comitem
1782 3043 1902 3067 rerum
1919 3034 2150 3079 privatarum
2173 3037 2209 3069 et
2223 3033 2383 3069 scholam

146 3078 400 3125 palatinorum
425 3077 600 3121 exigatur
623 3079 819 3121 nostroque
843 3075 988 3111 aerario
1014 3074 1213 3111 addicatur.
1262 3074 1309 3110 Se
1358 3075 1465 3110 etiam
1487 3085 1519 3110 sa
1539 3076 1693 3112 maritus
1716 3076 1981 3112 matrimonium
2006 3088 2086 3113 cum
2105 3089 2224 3114 uxore
2246 3078 2384 3114 solvere

1305 3200 1390 3240 libri,
1405 3211 1486 3232 corr.
1499 3200 1585 3243 ναῖς.
1604 3199 1616 3243 ΙΙ
1633 3201 1845 3241 monasterio]
1866 3201 1901 3232 in
1918 3201 2129 3234 matrimonio
2146 3202 2194 3235 Τ*
2213 3200 2225 3246 ΙΙ
2239 3201 2276 3235 in
2294 3203 2384 3244 quod

1303 3245 1390 3288 vuly.
1407 3244 1418 3285 ΙΙ
1449 3245 1486 3278 15
1511 3243 1678 3286 applicare
1703 3246 1787 3286 libri,
1813 3257 1894 3278 corr.
1910 3245 2030 3289 Becku
2060 3248 2099 3280 17
2124 3246 2302 3288 praebetur
2322 3247 2356 3280 V
2371 3247 2384 3291 ΙΙ

1306 3291 1347 3323 18
1366 3288 1436 3321 illis
1453 3289 1484 3322 T
1498 3287 1510 3332 ΙΙ
1529 3290 1569 3322 19
1585 3289 1630 3321 t1‘1'1
1643 3289 1675 3321 R
1686 3289 1748 3322 VT
1754 3289 1765 3310 ¹
1780 3289 1792 3332 u
1810 3289 2072 3323 irrationabilem
2090 3291 2139 3324 R¹
2157 3291 2170 3335 n
2188 3293 2229 3325 20
2247 3301 2383 3325 consen-

1304 3334 1410 3367 serint
1433 3334 1465 3366 T
1472 3333 1483 3353 ¹
1501 3334 1513 3375 ss
1529 3333 1617 3365 enim
1638 3346 1697 3366 om.
1711 3333 1744 3366 R
1761 3333 1773 3377 ΙΙ
1793 3336 1833 3368 12
1853 3334 2037 3368 substantie
2058 3335 2090 3369 V
2109 3335 2180 3369 eius
2196 3335 2384 3370 substantia

1309 3378 1363 3422 ΤΙΙ
1381 3380 1423 3412 22
1447 3379 1539 3419 haec]
1566 3387 1604 3410 ea
1627 3378 1660 3410 R
1678 3377 1691 3421 ΙΙ
1706 3379 1916 3420 monasterio]
1941 3379 2056 3412 domni
2078 3380 2278 3414 monasterio
2297 3382 2348 3415 13⁸
2377 3382 2384 3429 Ι

1306 3425 1347 3457 23
1360 3434 1467 3465 neque
1483 3422 1545 3455 filii
1558 3421 1660 3464 (filius
1674 3423 1739 3464 Ta)
1750 3423 1942 3466 potentibus
1957 3425 2006 3457 Τ*
2021 3423 2034 3468 ΙΙ
2053 3426 2096 3459 24
2108 3425 2292 3459 substantia
2307 3425 2359 3460 T²
2375 3430 2381 3466 1

1305 3470 1346 3502 26
1372 3470 1404 3500 et
1427 3468 1696 3510 Hamburyensis]
1720 3468 1756 3500 id
1780 3470 1830 3501 est
1851 3467 1937 3501 R2T
1946 3470 2043 3512 vuiq„
2065 3482 2123 3503 om.
2138 3470 2233 3504 R¹V
2248 3469 2261 3513 ΙΙ
2287 3471 2330 3504 28
2354 3469 2384 3503 si

1304 3513 1362 3554 qui
1386 3511 1435 3546 R¹
1451 3511 1465 3556 ΙΙ
1489 3512 1587 3544 iudex
1611 3512 1655 3544 sit
1679 3513 1711 3545 R
1738 3512 1751 3556 ss
1773 3512 1837 3555 ipsi
1861 3512 1912 3546 Τ*
1937 3512 1950 3557 ΙΙ
1977 3515 2016 3548 31
2041 3514 2115 3547 uisa
2138 3514 2172 3547 R
2198 3513 2212 3558 ΙΙ
2240 3516 2283 3549 32
2308 3515 2384 3549 auri

1303 3557 1463 3590 librarum
1492 3567 1611 3600 penam
1642 3557 1813 3599 persoluat
1837 3558 1870 3591 R
1898 3557 1910 3601 ΙΙ
1939 3559 1982 3593 33
2007 3557 2100 3599 alias]
2138 3559 2206 3592 alia
2236 3559 2267 3593 si
2298 3560 2350 3594 Τ*
2371 3559 2383 3602 Η

1305 3603 1347 3636 34
1371 3602 1529 3634 librarum
1554 3600 1629 3634 auri
1655 3602 1779 3645 Tvulq.
1798 3602 1809 3645 ΙΙ
1828 3602 1932 3644 exigit
1957 3603 2008 3636 Τ*
2035 3604 2048 3646 ΙΙ
2071 3604 2113 3637 35
2135 3604 2165 3637 ei
2188 3606 2301 3638 autem
2321 3605 2357 3639 V
2371 3604 2384 3650 ΙΙ

1305 3648 1347 3680 36
1371 3646 1450 3679 huic
1471 3647 1528 3689 Vn
1544 3646 1747 3680 committere
1769 3646 1824 3690 Vss
1842 3648 1882 3681 37
1904 3647 2114 3690 priuatorum
2137 3649 2223 3684 R²T
2235 3649 2248 3693 ΙΙ
2265 3650 2298 3683 et
2322 3663 2380 3683 om.

1304 3691 1353 3726 R¹
1371 3691 1384 3735 ΙΙ
1401 3690 1524 3725 scolam
1545 3691 1577 3724 R
1588 3691 1651 3725 VT

220 3204 240 3236 5
265 3202 401 3245 πέμψει
424 3201 476 3242 Μ,
500 3212 581 3233 corr.
599 3201 764 3243 Scrimqer
780 3199 793 3243 ss
810 3201 830 3233 8
854 3198 980 3241 ἔχοιεν]
1005 3199 1160 3232 habuerit
1183 3212 1202 3237 ς
1225 3199 1236 3244 ΙΙ

156 3248 199 3282 28
223 3244 357 3288 ποιήση
381 3246 443 3278 καὶ
464 3241 666 3290 παραδώση
691 3257 759 3278 cum
775 3244 960 3287 Scrimyero
976 3245 1032 3278 vul
1054 3268 1061 3276 .
1086 3244 1099 3287 ΙΙ
1125 3246 1168 3279 32
1191 3245 1234 3278 εἴ·

155 3301 234 3326 κοσι
248 3292 304 3331 Μ]
330 3280 452 3332 ὖίἕίῃίῑί
471 3291 620 3332 quinque
639 3279 687 3334 ἑἸΙ
706 3291 748 3324 33
766 3290 827 3334 leq.
844 3287 1004 3334 s‘vdqu?
1022 3257 1097 3334 {1⁹34
1115 3289 1235 3337 πράξῃ

156 3350 225 3371 cum
248 3337 434 3379 Scrimqero
458 3336 543 3378 vulq.

202 3428 219 3460 1
246 3425 360 3467 aliqua
381 3424 699 3468 Vsspraedictarum
721 3433 896 3456 causarum
918 3432 939 3455 a
958 3422 1054 3455 nobis
1067 3420 1109 3456 'T
1133 3433 1153 3456 a
1176 3433 1235 3457 no-

105 3512 107 3514 v
155 3471 206 3505 bis
228 3470 474 3513 praedictarum
498 3480 669 3502 causarum
695 3468 728 3501 R
758 3468 770 3512 ΙΙ
800 3470 820 3502 2
843 3466 1093 3501 matrimonium
1114 3469 1235 3502 marito

156 3515 284 3549 soluere
297 3516 330 3548 R
345 3515 357 3557 n
375 3515 489 3547 mariti
508 3515 565 3555 VJ»
578 3514 698 3547 marito
714 3513 783 3553 ΒΤ
792 3514 862 3554 (om.
875 3513 976 3556 vuiq.)
992 3511 1006 3556 ΙΙ
1030 3514 1053 3546 4
1075 3512 1235 3547 eiusmodi

157 3559 222 3604 Rll
244 3562 264 3594 6
288 3560 374 3601 viro]
405 3560 524 3593 marito
546 3560 580 3594 V
598 3558 611 3603 ΙΙ
634 3558 706 3592 dati
726 3557 778 3591 Va
809 3558 921 3591 datam
945 3557 997 3591 T²
1018 3556 1031 3601 11
1053 3559 1234 3591 eommuni-

157 3605 219 3638 bus
238 3605 317 3638 filiis
332 3605 525 3646 secundum]
553 3615 774 3635 *noun-n
797 3602 846 3637 Γ*
863 3602 876 3646 ΙΙ
894 3604 912 3636 7
932 3603 992 3644 leq.
1004 3601 1209 3636 habuerint?
1223 3603 1235 3646 ΙΙ

159 3651 179 3684 8
193 3649 331 3683 muliere
348 3661 428 3683 uero
445 3649 631 3692 periculum
651 3649 686 3683 V
697 3649 709 3692 ΙΙ
728 3649 768 3683 10
782 3647 939 3681 habuerit
958 3647 1016 3691 Vll
1034 3649 1071 3682 11
1087 3649 1236 3680 mutatur

167 3694 200 3728 V
220 3695 233 3739 ss
262 3696 303 3730 12
326 3695 355 3727 si
378 3694 523 3737 quidem]
556 3694 690 3737 quidem
714 3693 744 3727 si
766 3693 801 3727 R
835 3692 969 3736 quidem
995 3692 1031 3726 V
1051 3692 1064 3736 ΙΙ
1093 3694 1136 3728 14
1159 3692 1236 3727 dare

2047 3749 2114 3782 τι*
