2618 4010
236 116 344 169 Nov.
374 123 500 168 XXII
530 124 595 167 21.
627 125 680 166 22
1312 118 1391 167 162
2198 135 2258 167 nn
2286 133 2462 168 numus

237 236 255 270 1
307 235 352 268 Εἰ
374 232 414 268 δὲ
436 234 514 268 τῶν
537 231 684 269 παίδων
706 232 743 268 οἱ
798 235 837 268 ἐν
860 236 901 269 ἐν
925 234 1017 277 ζῶσι
1047 230 1319 276 καθεστήκοιεν,
1387 234 1406 268 1
1455 231 1493 267 Si
1516 241 1598 267 vero
1622 230 1775 267 filiorum
1798 231 1859 268 aui
1881 232 2021 278 quidem
2044 233 2137 269 inter
2161 233 2255 270 vivos
2279 233 2369 275 sint,
2400 233 2461 269 alii

238 278 274 313 οἱ
297 277 337 312 δὲ
360 276 559 313 ἀπέλθοιεν
581 280 660 322 μέν,
690 247 822 314 auidiis
845 277 886 314 δε·
907 277 1159 319 καταλίποιεν,
1190 277 1234 312 τὸ
1256 278 1321 312 τοῦ
1389 287 1471 313 vero
1505 275 1664 312 defuncti
1695 275 1836 320 quidem
1864 278 1950 321 sint,
1978 278 2074 314 filios
2100 282 2219 314 autem
2248 279 2459 324 relinquant,

238 321 516 366 τελευτήσαντος
546 326 651 369 μέρος
681 327 755 359 τοῖς
785 326 920 359 ἐκείνου
949 322 1096 367 δίδομεν
1120 326 1259 363 παισίν,
1290 322 1321 356 εἰ
1390 321 1549 357 defuncti
1598 319 1772 356 ortionem
1789 321 1884 358 illius
1908 322 2034 359 damus
2052 322 2146 367 filiis,
2171 323 2201 359 si
2221 323 2368 359 heredes
2390 323 2461 359 sint

238 367 492 421 κληρονομοῖεν
526 369 591 403 τοῦ
621 367 773 415 πατρός,
809 371 986 416 έπείτοιγε
1019 370 1077 402 ἐπὶ
1109 365 1191 401 τοὺς
1219 364 1319 401 ἀδελ·
1389 367 1514 411 patris,
1536 365 1694 410 alloquin
1715 365 1760 400 ad
1780 365 1912 403 fratres
1931 367 2146 412 deducimus.
2184 369 2234 404 Et
2253 368 2330 404 ideo
2348 368 2461 413 legem

239 424 324 458 φοι-ς
347 412 490 459 ἄγομεν.
539 415 612 447 Καὶ
635 412 751 461 ταύτῃ
776 412 821 458 δὴ
850 414 916 449 τὸν
947 414 1060 458 νόμον
1085 409 1188 456 ἡμῶν
1211 410 1319 446 τελει-
1357 415 1548 446 5nostram
1572 409 1797 455 perficientes
1822 411 1980 448 volumus
2003 413 2093 448 haec
2117 414 2232 449 valere
2257 424 2330 449 non
2353 423 2461 457 super

237 459 359 492 οῦντες
371 455 594 537 ἑθουλόμεθα
617 460 725 494 τοῦτο
749 463 892 506 κρατεῖν
916 457 979 492 οὐκ
1007 460 1066 492 ἐπὶ
1091 455 1236 503 προικὸς
1258 455 1320 500 μό·
1390 456 1471 491 dote
1503 455 1618 491 solum
1650 464 1765 500 neque
1797 465 1905 501 super
1936 458 2151 510 sponsalicio
2181 458 2362 501 largitate,
2398 457 2461 492 sed

237 515 305 536 νον
328 499 368 536 οὗ
394 504 412 536 ἑ
434 505 495 538 ἐπὶ
519 501 705 551 προγάμου
730 502 875 551 δωρεᾶς,
899 500 986 537 ἀλλὰ
1011 505 1070 535 καὶ
1094 503 1155 536 ἐπὶ
1178 502 1257 536 τῶν
1281 503 1320 535 ἐν
1389 501 1497 536 etiam
1529 510 1637 546 super
1667 500 1838 535 indotatis
1869 502 2099 539 matrimoniis
2131 513 2175 539 ex
2207 502 2461 539 constitutione

236 544 422 592 ἇπροίκοις
444 552 677 583 συνοικεσίοις
703 550 800 597 παρὰ
826 550 887 591 τῆς
912 546 1107 587 διατάξεως
1130 545 1150 589 ἡ
1180 547 1232 580 ῶν
1257 547 1317 580 εἰς·
1388 550 1512 581 nostra
1535 544 1748 581 introductis
1772 544 1892 581 lucris.
1939 545 2031 582 Nam
2055 552 2091 583 et
2113 547 2218 589 illud,
2243 549 2311 584 nisi
2335 548 2380 583 ad
2404 558 2459 582 se-

238 594 429 638 αγομένων
447 591 596 639 κερδῶν.
641 591 784 628 κάκεῖνα
801 592 882 649 γάρ,
908 594 938 626 εἰ
986 592 1006 634 ὴ
1029 590 1116 638 πρὸς
1138 560 1320 636 δευτέρους
1389 591 1525 626 eundae
1557 590 1699 626 veniant
1729 590 1873 634 nuptias
1906 596 2088 636 parentes,
2112 592 2175 628 sed
2199 598 2357 636 servent,
2395 592 2462 627 erit

237 635 388 671 ἔλθοιεν
406 635 538 685 γάμους
558 638 594 673 οἱ
609 642 770 685 πατέρες,
791 637 880 672 αλλὰ
898 606 1102 683 φυλὲἱξαιεν,
1122 638 1226 670 ἔσται
1241 636 1319 670 τῶν
1336 638 1375 671 10
1388 635 1539 671 filiorum
1571 646 1640 681 quo
1671 634 1804 670 dudum
1834 634 1986 671 diximus
2017 636 2132 672 modo.
2180 637 2319 673 Primae
2350 637 2459 681 siqui-

237 679 384 717 παίδων
401 680 492 718 καθ’
516 680 630 730 ὅνπερ
648 684 862 730 ἔμπροσθεν
884 680 1073 728 εἰρήκαμεν
1092 680 1239 728 τρόπον.
1277 679 1321 715 Οἱ
1388 680 1468 715 dem
1498 692 1547 716 nu
1575 681 1646 716 tiae
1682 682 1719 715 et
1749 680 1831 714 hinc
1862 680 1963 715 lucra
1989 684 2025 716 et
2055 681 2319 719 observationes
2348 692 2460 727 usque

236 728 305 772 μὲν
335 720 400 762 οὖν
433 725 603 775 πρότεροι
634 727 740 776 γάμοι
771 731 830 762 καὶ
864 727 910 762 τὰ
941 726 1116 760 ἐντεῦθεν
1147 723 1252 771 κέρδη
1280 738 1320 760 τε
1388 725 1435 761 ad
1458 726 1526 762 hoc
1549 692 1744 770 {dispositae
1767 724 1849 760 sint.

238 774 297 806 καὶ
322 771 362 806 αἱ
384 771 648 820 παρατηρήσεις
670 776 773 818 μέχρι
799 771 926 807 τούτου
949 770 1265 806 τετυπώσθωσαν.

2171 868 2189 887 Ι

1201 905 1359 942 CAPUT
1382 905 1497 941 XXII.

283 974 331 1008 Et
355 972 398 1008 δέ
417 986 512 1009 τινες
533 977 607 1010 τοῖς
629 974 841 1020 ἔμπροσθεν
858 972 922 1008 οὐκ
942 970 1179 1021 ἀρκεσθέντες
1195 972 1319 1021 γάμοις
1443 972 1481 1008 Si
1510 973 1569 1018 qui
1597 982 1680 1009 vero
1713 973 1891 1019 prioribus
1918 984 1991 1009 non
2016 972 2174 1008 contenti
2199 973 2331 1018 nuptiis
2356 974 2461 1010 etiam

237 1021 297 1052 καὶ
322 1018 412 1065 πρὸς
433 1017 615 1065 δευτέρους
638 1018 795 1060 ἔλθοιεν,
819 1016 955 1066 ἀνάγκη
979 1019 1032 1062 τῷ
1052 1015 1152 1062 νόμῳ
1172 1018 1318 1053 τούτους
1335 1021 1371 1053 15
1386 1017 1433 1053 ad
1464 1017 1640 1053 secundas
1666 1019 1843 1062 venerint,
1881 1028 2027 1054 necesse
2057 1022 2112 1053 est
2142 1018 2211 1063 legi
2242 1018 2307 1053 hos
2330 1028 2461 1064 ponere

236 1059 453 1098 ὑποθέσθαι
478 1061 499 1107 ἢ
522 1062 678 1100 ἄπαιδας
701 1064 809 1099 ὄντας
833 1065 872 1098 ἐκ
895 1064 974 1098 τῶν
992 1066 1193 1109 προτέρων,
1219 1065 1257 1097 ἐκ
1279 1062 1319 1098 δὲ
1386 1065 1451 1098 aut
1481 1063 1557 1098 sine
1587 1063 1667 1099 filiis
1697 1063 1889 1099 existentes
1922 1074 1965 1098 ex
1995 1063 2193 1108 prioribus,
2230 1073 2273 1098 ex
2296 1063 2461 1099 secundis

235 1108 314 1142 τῶν
338 1107 517 1156 δευτέρων
539 1107 901 1154 παιδοποιουμένους,
926 1106 947 1152 ἢ
969 1106 1186 1143 τούναντίον
1210 1107 1316 1143 ἄπαι-
1386 1112 1506 1143 autem
1529 1107 1621 1144 filios
1645 1109 1830 1152 habentes,
1855 1112 1918 1144 aut
1946 1109 2050 1143 etiam
2076 1118 2094 1143 e
2118 1108 2256 1143 diverso
2281 1108 2357 1143 sine
2381 1108 2461 1143 filiis

236 1150 301 1187 δας
322 1155 390 1197 μὲν
414 1155 452 1187 ἐκ
475 1155 554 1188 τῶν
578 1152 772 1200 δευτέρων,
805 1157 962 1202 πατέρας
992 1152 1031 1187 δὲ
1054 1155 1093 1188 ἐκ
1115 1155 1195 1189 τῶν
1219 1151 1317 1199 πρώ·
1387 1153 1525 1198 quidem
1551 1164 1595 1189 ex
1619 1154 1804 1196 secundis,
1829 1156 1996 1199 parentes
2021 1157 2140 1189 autem
2163 1163 2208 1188 ex
2231 1153 2371 1198 primis,
2398 1155 2463 1188 aut

235 1210 323 1240 των,
344 1195 366 1241 ἢ
386 1197 544 1234 ἄπαιδας
564 1198 585 1232 ἆ
615 1199 839 1246 φοτέρωθεν,
860 1196 883 1243 ἢ
899 1201 1056 1246 πατέρας
1075 1198 1317 1246 ἑκατέρωθεν.
1386 1198 1462 1234 sine
1485 1198 1567 1234 filiis
1592 1209 1638 1234 ex
1662 1199 1847 1241 ambobus,
1873 1203 1936 1234 aut
1958 1203 2123 1244 parentes
2149 1209 2191 1233 ex
2216 1201 2378 1243 utroque.
2423 1197 2462 1234 Si

237 1243 283 1276 Εἰ
304 1244 373 1299 μὲν
395 1237 460 1278 οὖν
483 1242 576 1279 ἅπαι
602 1255 634 1278 ες
656 1248 821 1288 μείναιεν
842 1246 880 1278 ἐκ
902 1245 981 1278 τῶν
1005 1257 1033 1279 π
1057 1247 1193 1290 οτέρων
1217 1241 1238 1287 ἢ
1257 1246 1316 1278 καὶ
1330 1246 1372 1278 20
1384 1243 1491 1288 igitur
1515 1244 1591 1279 sine
1614 1244 1696 1279 filiis
1720 1244 1915 1280 manserint
1939 1254 1982 1279 ex
2006 1244 2184 1289 prioribus
2208 1248 2271 1278 aut
2289 1245 2396 1278 etiam
2416 1253 2461 1278 ex

235 1287 275 1328 ἐξ
296 1291 515 1334 αμφοτέρων
538 1290 616 1323 τῶν
662 1288 783 1333 ἀμων,
814 1286 964 1333 οὐδεμία
987 1301 1036 1325 πο
1059 1286 1316 1336 υπραγμοσύνη
1385 1289 1558 1324 ambabus
1582 1289 1734 1333 nuptiis,
1767 1289 1864 1324 nulla
1894 1290 2133 1334 perscrutatio
2166 1289 2261 1324 circa
2286 1288 2461 1324 secundas

237 1336 319 1379 περὶ
343 1334 387 1367 τὰ
413 1331 580 1381 δεύτερα·
604 1331 625 1368 οἷ
651 1332 684 1368 λ’
707 1332 835 1380 ἄνδρες
855 1336 923 1379 μὲν
945 1331 1206 1369 ἀπελεύσονται
1226 1348 1316 1369 παν·
1385 1336 1458 1377 est,
1496 1334 1559 1369 sed
1589 1334 1655 1369 viri
1686 1334 1826 1378 quidem
1857 1334 1962 1369 ibunt
1992 1334 2134 1369 omnino
2166 1334 2262 1369 omni
2294 1334 2460 1369 observa-

236 1383 343 1412 τοίως
367 1378 481 1422 πάσης
504 1378 785 1427 παρατηρήσεως
809 1377 1004 1425 ἐλεύθεροι,
1027 1379 1168 1426 γυναιξὶ
1193 1377 1233 1413 δὲ
1254 1376 1315 1424 μό·
1384 1379 1481 1414 tione
1504 1378 1619 1423 liberi,
1644 1379 1850 1415 mulieribus
1875 1384 1994 1414 autem
2018 1379 2237 1414 solummodo
2263 1378 2460 1413 imminebit

236 1435 302 1457 νον
326 1425 543 1458 έπικείσεται
573 1422 649 1459 δέος
673 1423 715 1458 τὸ
739 1423 789 1467 μὴ
812 1423 883 1470 πρὸ
903 1427 967 1459 τοῦ
992 1427 1212 1459 ἐνιαυσιαίου
1236 1423 1316 1470 χρό-
1384 1427 1518 1468 metus,
1555 1428 1596 1459 ut
1630 1435 1702 1459 non
1736 1427 1820 1459 ante
1853 1424 1982 1459 annale
2014 1427 2152 1469 tempus
2186 1423 2232 1458 ad
2265 1423 2459 1459 secundum

235 1481 300 1502 νου
331 1467 420 1515 πρὸς
451 1467 617 1515 δεύτερον
649 1468 773 1503 ἐλθεῖν
805 1471 1038 1511 συνοικέσιον,
1071 1466 1092 1511 ἢ
1123 1469 1317 1516 γινώσκειν
1329 1471 1369 1504 25
1384 1469 1527 1504 veniant
1550 1469 1827 1512 matrimonium,
1858 1471 1922 1505 aut
1953 1469 2070 1505 sciant
2101 1469 2193 1513 quia,
2227 1469 2258 1504 si
2280 1469 2364 1514 quid
2388 1469 2460 1504 tale

237 1510 295 1554 ὠς,
319 1514 354 1547 εἴ
372 1526 410 1548 τι
432 1515 574 1548 τοιοῦτο
597 1514 772 1559 πράξαιεν
804 1518 863 1548 καὶ
895 1511 1032 1562 ἀώρους
1058 1513 1317 1555 συναλλάξαιεν
1383 1514 1559 1558 gesserint
1590 1517 1626 1550 et
1656 1515 1865 1550 immaturas
1900 1514 2144 1550 contraxerint
2166 1514 2328 1558 nuptias,
2361 1513 2458 1550 subi-

235 1555 375 1605 γάμους,
400 1556 582 1604 ὑφέξουσι,ν
592 1558 730 1600 ποινάς,
754 1557 861 1593 ἄλλας
883 1563 960 1604 μέν,
984 1559 1083 1606 εἴπερ
1105 1557 1254 1594 ἄπαιδες
1277 1561 1316 1593 ἐκ
1385 1559 1476 1594 bunt
1499 1570 1646 1604 poenas,
1672 1560 1760 1595 alias
1785 1560 1935 1603 quidem,
1962 1559 1992 1595 si
2016 1559 2093 1594 Sine
2110 1559 2193 1594 filiis
2218 1569 2262 1594 ex
2280 1559 2460 1604 prioribus

236 1604 315 1637 τῶν
339 1606 527 1651 προτέρων
552 1605 619 1638 ωσι
654 1609 903 1646 συνοικεσίων,
938 1607 1076 1647 μείζους
1108 1602 1164 1646 δέ,
1199 1605 1229 1638 εἰ
1256 1607 1315 1638 καὶ
1385 1604 1458 1640 sint
1480 1605 1731 1648 matrimoniis,
1756 1604 1909 1640 maiores
1934 1609 2072 1646 autem,
2105 1604 2135 1639 si
2159 1603 2265 1639 etiam
2288 1603 2351 1638 filii
2376 1604 2459 1639 sint.

235 1646 360 1683 παῖδες
383 1645 514 1683 ὑπεῖεν.
563 1650 594 1682 εἰ
616 1651 684 1694 μὲν
712 1648 779 1696 γὰρ
806 1646 868 1692 οὐχ
899 1645 1028 1684 ὕπεστι
1051 1647 1157 1697 γονή,
1188 1648 1230 1684 τὸ
1254 1650 1316 1693 τῆς
1385 1649 1424 1684 Si
1447 1650 1540 1685 enim
1564 1661 1636 1686 non
1661 1653 1716 1686 est
1735 1650 1892 1692 soboles,
1924 1649 2071 1684 infamia
2100 1659 2181 1684 mox
2205 1653 2389 1693 sequetur,
2424 1652 2461 1684 et

234 1689 377 1737 ἀτιμίας
408 1692 520 1728 εὐθὺς
550 1691 806 1737 ἀκολουθήσει,
845 1697 904 1728 καὶ
938 1697 1042 1728 ἔσται
1077 1698 1261 1729 παντοίως
1295 1693 1370 1737 ἡ30
1384 1695 1452 1730 erit
1475 1695 1617 1731 omnino
1642 1695 1768 1730 mulier
1791 1697 1939 1740 propter
1968 1695 2173 1740 nuptiarum
2197 1694 2460 1729 festinationem

233 1736 324 1784 γυνὴ
356 1735 415 1772 διὰ
445 1736 513 1782 τὴν
540 1740 620 1773 τῶν
646 1738 774 1785 γάμων
806 1737 966 1782 σπουδὴν
997 1737 1220 1784 ἠτιμασμένη
1254 1742 1314 1773 καὶ
1383 1740 1546 1783 infamis,
1579 1745 1615 1775 et
1645 1751 1759 1785 neque
1793 1740 1965 1785 percipiet
1995 1739 2128 1785 aliquid
2161 1739 2288 1774 horum
2317 1749 2409 1784 quae
2439 1749 2460 1773 a

234 1781 316 1816 οὔτε
339 1781 495 1829 λήψεταί
518 1796 555 1818 τι
577 1785 655 1818 τῶν
675 1783 773 1830 παρὰ
796 1785 861 1819 τοῦ
889 1787 1063 1831 προτέρου
1087 1783 1313 1829 καταλελειμ-
1381 1785 1501 1830 priore
1524 1786 1650 1822 relicta
1673 1789 1757 1822 sunt
1781 1785 1814 1821 ei
1838 1785 2029 1829 consortio,
2054 1794 2169 1830 neque
2192 1784 2332 1820 fruetur
2350 1795 2458 1829 spon-

233 1830 356 1872 μένων
387 1826 478 1876 αὐτῇ
508 1832 731 1863 συνοικεσίου
762 1827 844 1863 οὔτε
876 1828 1072 1864 ἀπολαύσει
1096 1831 1159 1873 τῆς
1181 1843 1313 1877 προγα·

278 1953 351 1985 cap.
372 1941 725 1975 XXII—XXXVI.
756 1942 876 1975 XXX
885 1942 1094 1976 VIII—XL
1105 1942 1197 1976 VIII
1211 1954 1266 1986 pr.
1280 1942 1438 1976 extantB
1458 1943 1512 1984 28,
1529 1950 1560 1976 14
1585 1944 1674 1983 (inde
1697 1944 1991 1978 XXII—XXV
2007 1942 2160 1978 Νοηιοο.ιι
2183 1943 2334 1977 XIVeit.
2354 1945 2402 1983 13,
2418 1944 2459 1986 2).

279 1998 351 2029 cap.
374 1987 509 2020 XXII.
545 1987 690 2020 XXIII
708 1986 755 2020 Εἰ
777 1987 846 2030 μὲν
868 1979 934 2020 οὖν
958 1988 1054 2030 (162,
1080 1989 1130 2028 20)
1155 2011 1299 2021 .......
1322 1989 1501 2032 συναφείᾳ
1524 1990 1621 2029 (165,
1647 1991 1691 2030 21)
1717 1989 1835 2022 habent
1859 1989 1907 2022 Β*
1927 2002 1962 2032 p.
1984 1990 2047 2023 192
2059 2001 2107 2032 sq.
2133 1989 2251 2027 ΖαοΙι.;
2287 1988 2459 2022 XXII—

235 2031 377 2065 XXIII
385 2033 464 2065 med.
491 2033 515 2074 (.
532 2058 540 2066 .
556 2058 562 2065 .
578 2057 587 2066 .
611 2032 775 2075 ἐπιτίμια
799 2031 939 2066 κείσθω
968 2034 1100 2075 165‚12)
1125 2033 1304 2066 Prochiron
1326 2034 1358 2074 6,
1379 2039 1475 2071 4—6;
1502 2033 1707 2078 Epanaqoye
1732 2035 1811 2077 teqis
1840 2035 1945 2076 19,15.
1960 2041 2035 2068 8.16
2060 2035 2117 2075 (-
2144 2034 2217 2076 164,
2233 2040 2269 2068 28
2293 2028 2395 2068 ἅπαν
2415 2030 2458 2066 τὸ

232 2075 408 2109 ἐντεῦθεν
430 2077 636 2121 Epanaqoqe
661 2084 758 2110 aucta
785 2079 836 2119 17,
852 2080 892 2117 4).

277 2133 349 2164 cap.
375 2122 498 2155 XXII
516 2124 691 2155 summaria
715 2123 833 2156 liabent
857 2122 989 2156 Nomoe.
1003 2122 1272 2163 XIVcit.13‚²;
1298 2122 1425 2166 Ecloqa
1446 2123 1581 2166 privata
1605 2130 1702 2156 aucta
1725 2123 1802 2164 2,14
1822 2135 1856 2166 p.
1873 2124 1913 2157 12
1938 2123 2040 2156 ΖαοΙι.

232 2211 253 2245 1
319 2208 460 2252 Quodsi
482 2222 533 2246 ea:
564 2210 686 2246 liberis
716 2211 782 2246 alii
800 2211 1013 2264 superstites
1035 2210 1126 2252 sint,
1196 2210 1223 2244 ii
1246 2209 1461 2246 decesserint
1484 2210 1645 2256 quidem,
1677 2210 1811 2245 liberos
1833 2215 1952 2246 autem
1973 2211 2203 2257 reliquerint,
2227 2215 2375 2258 partem
2397 2211 2457 2248 de-

229 2254 355 2300 functi
382 2254 505 2290 liberis
534 2255 612 2291 eius
635 2255 782 2299 damus,
816 2266 848 2291 st
877 2255 985 2302 patri
1014 2254 1163 2290 heredes
1186 2255 1371 2296 existant;
1407 2254 1481 2290 alio
1509 2255 1548 2290 ui
1579 2254 1628 2290 ad
1650 2255 1793 2300 fratres
1817 2256 2081 2300 transferimus.
2128 2257 2245 2302 Atque
2267 2256 2320 2291 ita
2343 2255 2456 2303 leqem

231 2304 393 2335 nostram
424 2300 633 2346 perfecturi
671 2299 740 2336 hoc
779 2300 898 2336 valere
933 2300 1098 2336 volumus
1132 2310 1206 2335 non
1243 2299 1360 2334 solum
1396 2300 1435 2334 in
1498 2303 1557 2335 ote
1585 2299 1641 2336 vel
1669 2299 1708 2334 in
1744 2304 1878 2335 antenu
1907 2300 1988 2336 tiali
2011 2300 2226 2342 donatione,
2256 2300 2320 2336 sed
2349 2302 2454 2337 etiam

230 2344 268 2379 in
297 2344 409 2379 lucris
438 2345 502 2388 iis,
534 2356 630 2391 quae
658 2345 696 2380 in
729 2345 910 2392 coniuqiis
940 2344 1115 2380 indotatis
1138 2356 1213 2392 per
1243 2349 1407 2380 nostram
1436 2344 1726 2380 constitutionem
1756 2345 1853 2380 intro
1881 2350 1965 2380 ueta
1996 2350 2090 2381 sunt.
2148 2345 2241 2380 Nam
2272 2345 2338 2380 illa
2368 2357 2456 2392 quo-

230 2399 318 2434 que,
347 2390 380 2424 si
404 2395 581 2435 parentes
610 2389 660 2425 ad
689 2390 868 2426 secundas
900 2390 1050 2442 nuptias
1079 2401 1153 2425 non
1177 2390 1357 2432 venerint,
1387 2389 1452 2425 sed
1476 2389 1764 2436 perseverarint,
1796 2389 1991 2426 liberorum
2021 2394 2129 2426 erunt
2149 2389 2345 2426 secundum
2375 2401 2455 2426 eum

255 2445 334 2469 uem
365 2440 450 2469 ante
482 2435 642 2471 dia-imus
672 2435 827 2471 modum.
883 2434 1020 2471 Priora
1049 2435 1164 2481 iqitur
1192 2434 1425 2470 matrimonia
1456 2438 1493 2471 et
1522 2446 1617 2481 quae
1639 2434 1724 2471 inde
1746 2434 1952 2471 redundant
1984 2435 2088 2471 lucra
2118 2439 2156 2472 et
2188 2434 2456 2471 observationes

254 2484 403 2514 actenus
424 2483 564 2515 statuta
587 2480 669 2515 sint.

363 2523 478 2560 XXII.
525 2523 570 2560 Si
618 2525 656 2560 ui
678 2535 763 2561 vero
780 2524 973 2572 prioribus
995 2535 1069 2560 non
1095 2524 1254 2560 contenti
1283 2525 1420 2571 nuptiis
1443 2525 1551 2560 etiam
1582 2524 1632 2560 ad
1653 2524 1831 2560 secundas
1854 2525 2033 2568 venerint,
2065 2524 2103 2560 ki
2126 2535 2268 2561 necesse
2298 2528 2353 2560 est
2383 2525 2455 2571 leqi

227 2575 485 2616 supponantur
505 2574 570 2605 aut
587 2536 720 2606 goeros
742 2580 817 2605 non
837 2569 1008 2606 habentes
1030 2580 1080 2606 ex
1096 2569 1287 2616 prioribus
1307 2570 1455 2615 nuptiis,
1479 2581 1529 2606 ex
1548 2569 1714 2606 secundis
1737 2569 1908 2605 habentes
1925 2569 2070 2612 liberos,
2093 2574 2159 2605 aut
2181 2573 2309 2605 contra
2333 2569 2455 2606 liberis

228 2614 390 2650 destituti
421 2626 470 2651 ex
500 2614 687 2657 secundis,
747 2618 845 2650 atres
878 2626 962 2651 vero
995 2625 1043 2651 ex
1067 2615 1202 2662 primis
1231 2615 1344 2661 facti,
1378 2619 1443 2651 aut
1470 2614 1650 2661 utrimque
1682 2613 1804 2650 liberis
1827 2619 2007 2657 carentes,
2040 2618 2105 2650 aut
2119 2618 2251 2661 patres
2274 2614 2454 2660 utrimque

225 2659 331 2705 sacti.
380 2658 424 2696 Si
443 2659 558 2706 iqitur
580 2660 659 2695 sine
682 2660 709 2695 li
732 2660 804 2696 eris
827 2660 1026 2695 manserint
1049 2671 1099 2695 ex
1115 2660 1248 2706 priore
1271 2659 1327 2696 vel
1349 2661 1457 2696 etiam
1480 2670 1531 2696 ex
1553 2665 1710 2711 utroque
1732 2659 1982 2700 matrimonio,
2015 2670 2089 2695 non
2112 2664 2167 2695 est
2190 2658 2290 2704 quod
2312 2658 2453 2695 labore-

227 2715 307 2739 mus
338 2703 383 2740 de
411 2704 578 2740 secundis
607 2705 763 2751 nuptiis:
798 2704 864 2741 sed
892 2704 960 2740 viri
993 2704 1136 2751 quidem
1169 2705 1267 2740 omni
1298 2705 1444 2740 omnino
1478 2704 1728 2740 observatione
1757 2703 1863 2740 liberi
1892 2703 2062 2747 evadent,
2095 2703 2304 2740 mulieribus
2335 2707 2453 2740 autem

226 2748 307 2784 sola
330 2749 509 2785 incumbet
526 2750 741 2786 vaectcndia
764 2761 809 2786 ne
828 2754 913 2786 ante
932 2750 1020 2785 anni
1045 2753 1183 2796 tempus
1203 2749 1253 2786 ad
1273 2749 1469 2786 secundum
1489 2749 1697 2796 coniuqium
1717 2749 1870 2784 veniant.
1915 2747 2015 2792 Quae
2037 2749 2070 2784 si
2095 2749 2166 2784 tale
2189 2748 2278 2801 quid
2296 2749 2453 2794 fecerint

226 2797 264 2829 et
287 2794 554 2841 intempestivas
576 2795 726 2841 nuptias
747 2795 1014 2838 contraxerint,
1038 2795 1158 2831 sciant
1179 2805 1219 2830 se
1236 2806 1380 2848 poenas
1402 2794 1587 2831 subituras
1610 2804 1697 2837 esse,
1722 2793 1817 2829 alias
1839 2794 1994 2843 quidem,
2017 2794 2050 2829 si
2071 2794 2150 2829 sine
2172 2792 2295 2829 liberis
2313 2794 2388 2829 sint
2403 2805 2453 2830 ex

224 2838 353 2885 priore
375 2839 621 2882 matrimonio,
646 2840 804 2876 maiores
827 2851 930 2882 vero,
954 2840 986 2875 si
1009 2840 1117 2876 etiam
1141 2839 1242 2876 liberi
1267 2843 1403 2876 extent.
1458 2838 1602 2875 Etenim
1626 2839 1658 2874 si
1676 2838 1805 2886 proles
1827 2849 1899 2874 non
1923 2843 2042 2882 extat,
2074 2838 2231 2884 infamia
2253 2839 2375 2873 statim
2397 2849 2451 2874 se-

226 2888 369 2929 quetur,
398 2885 538 2930 eritque
566 2884 695 2920 mulier
718 2883 763 2921 ob
792 2885 1066 2931 festinationem
1094 2885 1306 2931 nuptiarum
1334 2884 1479 2920 omnino
1509 2883 1671 2930 infamis,
1703 2894 1748 2919 ac
1775 2893 1891 2930 neque
1915 2884 2109 2930 quiequam
2140 2883 2295 2929 accipiet
2316 2894 2450 2927 corum,

274 2977 287 3008 1
316 2975 356 3007 ἐν
380 2974 472 3016 ζῶσι
494 2974 767 3018 καθεστήκοιεν]
793 2976 907 3018 ζῶσιν
928 2976 977 3010 B‘
994 2976 1006 3017 ΙΙ
1023 2979 1042 3010 3
1068 2977 1208 3018 παισίν]
1232 2977 1306 3010 τοῖς
1375 2975 1602 3010 ΙΙΙΙΖΒΝοηι.ιι
1630 2971 1671 3009 οὗ
1695 2976 1823 3018 Procli„
1847 2975 1957 3016 Epan.
1984 2973 1997 3018 ΙΙ
2025 2986 2062 3008 τι
2081 2982 2159 3018 post
2180 2976 2354 3020 προτέρου
2377 2975 2449 3009 coll.

226 3020 355 3053 παισίν
380 3020 427 3053 Μ
449 3020 461 3063 ΙΙ
489 3023 508 3055 5
531 3019 677 3067 ἄγομεν]
703 3017 790 3055 αὐτό
816 3023 891 3055 add.
923 3022 971 3055 B·
998 3021 1011 3065 ΙΙ
1039 3023 1099 3055 καὶ
1121 3017 1237 3068 ταύτῃ
1261 3039 1302 3045 -
1372 3022 1484 3064 Epan.
1499 3020 1623 3065 auctass
1643 3022 1685 3054 33
1713 3018 1809 3062 οὔτε]
1832 3015 1916 3054 οὐδὲ
1939 3021 2048 3063 Epan.

229 3066 265 3098 ¹1
289 3076 313 3098 τ
336 3061 429 3099 bstou
452 3077 510 3098 om.
525 3066 556 3099 L
575 3066 623 3109 118
649 3063 855 3108 διατάξεως]
886 3067 963 3101 Οοιί.
978 3069 1009 3108 5,
1025 3074 1109 3109 17,11
1132 3067 1189 3109 (ch
1203 3078 1304 3109 supra
1371 3082 2444 3092 ——-——————————-—-——-———

226 3076 348 3152 cong(
356 3109 465 3150 VIII)
477 3110 488 3153 ss
506 3111 548 3144 10
561 3108 766 3155 φυλάξαιεν]
781 3109 949 3145 add-vobs
961 3107 1174 3157 πρώτουςῖΙΙ
1192 3113 1229 3145 15
1243 3111 1303 3143 καὶ
1423 3114 1436 3145 1
1464 3111 1611 3154 quidem]
1633 3110 1722 3154 quod
1746 3111 1794 3144 R·
1822 3110 1834 3151 ΙΙ
1865 3112 1884 3144 3
1908 3110 2061 3152 portione
2083 3109 2134 3142 Β*
2154 3109 2167 3152 Ι]
2196 3108 2258 3141 filii
2281 3108 2325 3141 sit
2357 3108 2407 3143 V¹
2435 3108 2448 3153 ΙΙ

226 3166 284 3187 om.
300 3154 342 3187 M
353 3154 365 3198 [1
391 3151 559 3201 δεύτερον
578 3156 687 3199 Εραη.
703 3164 798 3190 aucta
816 3155 828 3199 ΙΙ
849 3153 985 3202 ἀνάγκη
1003 3176 1046 3181 -
1070 3158 1110 3191 19
1131 3154 1303 3201 ἑκατέρω·
1372 3159 1392 3190 5
1419 3157 1500 3190 haec
1523 3158 1556 3190 R
1569 3157 1669 3201 vulq.]
1694 3157 1756 3189 hoc
1790 3153 1878 3199 VTn
1895 3157 1914 3189 6
1937 3165 2036 3197 super
2060 3154 2137 3187 sitifi
2163 3153 2357 3196 sponsaliti·
2383 3152 2447 3186 lsr-

226 3197 504 3242 &mammae-11„
517 3201 626 3244 Εραη.
646 3201 658 3244 ΙΙ
678 3203 715 3235 17
729 3198 861 3235 παῖδας
874 3201 1150 3245 ποιουμένουςΒ
1166 3200 1179 3246 ΙΙ
1197 3198 1230 3242 ἢ]
1244 3202 1303 3233 καὶ
1371 3202 1508 3243 gitatem
1531 3202 1580 3235 V¹
1608 3200 1620 3243 ΙΙ
1643 3203 1662 3235 ’1
1688 3200 1855 3234 indodatis
1879 3200 1912 3232 R
1941 3199 1952 3242 ΙΙ
1980 3202 2000 3233 9
2030 3199 2086 3232 sed
2109 3200 2251 3240 servent]
2274 3198 2447 3231 deser-nent

226 3245 342 3283 adds.
358 3244 552 3279 Haloander
570 3245 582 3289 ΙΙ
601 3247 641 3280 18
666 3242 839 3291 πρώτων]
863 3248 1054 3293 προτέρων
1076 3247 1270 3280 Haloander
1292 3245 1304 3287 ΙΙ
1371 3246 1449 3291 12¹1}
1477 3248 1517 3280 10
1541 3248 1619 3288 quo]
1645 3256 1786 3288 quorum
1810 3245 1844 3278 R
1869 3244 1881 3288 ΙΙ
1902 3245 2057 3277 duximus
2080 3242 2130 3278 12¹
2155 3243 2168 3287 fl
2189 3244 2333 3284 Primae]
2358 3244 2444 3276 rubr.

229 3289 267 3320 19
292 3286 459 3330 ἄπαιδας]
483 3290 551 3334 μὲν
570 3292 646 3324 add.
665 3291 1087 3336 Νοηιοσ.ᾶ11πατέρωνβ“
1107 3291 1178 3334 1120
1203 3290 1302 3334 *μεί-
1370 3292 1420 3324 De
1443 3291 1583 3324 muliere
1615 3301 1701 3333 quae
1729 3292 1803 3334 post
1833 3292 1969 3322 mortem
2002 3289 2115 3322 mariti
2145 3298 2212 3321 non
2242 3297 2366 3320 annum
2390 3297 2445 3319 ex-

225 3343 322 3364 νοιεν
336 3330 568 3377 (διαμείναιεν
576 3336 627 3370 B·
641 3337 785 3379 μένοιεν
798 3337 1020 3376 ΡνοσΙι.αηιιε)
1036 3337 1113 3370 libri
1128 3336 1140 3379 11
1156 3332 1250 3378 §aaz
1263 3334 1302 3375 ἐξ
1368 3337 1480 3379 pectet
1503 3336 1536 3369 R
1550 3349 1609 3379 ηις.
1629 3335 1642 3380 ΙΙ
1668 3335 1844 3378 siquidem]
1869 3334 2002 3376 quidem
2024 3334 2058 3368 V
2077 3333 2090 3378 Ι
2123 3335 2163 3368 12
2181 3333 2249 3365 sint
2270 3330 2322 3365 Β*
2344 3332 2443 3375 only]

225 3372 312 3419 ἀμφ.
337 3378 413 3411 τῶν
434 3392 492 3413 om.
510 3381 619 3423 Epan.
637 3388 734 3414 aucta
749 3379 771 3436 Ἰ]
797 3382 839 3415 22
864 3378 966 3415 δεύτε
990 3383 1025 3423 α]
1045 3383 1159 3426 με’τρα
1173 3381 1301 3419 Procli„
1369 3383 1448 3413 sunt
1470 3381 1560 3414 R¹V
1576 3381 1588 3422 ΙΙ
1615 3382 1654 3415 14
1678 3380 1859 3423 contempti
1881 3379 1914 3413 V
1931 3377 2118 3412 continenti
2141 3376 2191 3411 Β*
2212 3376 2225 3420 ΙΙ
2251 3378 2288 3410 15
2312 3376 2445 3427 uenerit

226 3419 334 3470 Eo'pan.
345 3431 439 3455 aucta
455 3424 467 3466 1]
486 3426 529 3459 23
545 3422 584 3458 δὲ
594 3425 702 3459 τοῦτο
712 3437 827 3470 μονον
835 3426 952 3460 ΡνοςΙι.
967 3394 1036 3471 lin
1048 3424 1102 3467 τὸ]
1115 3425 1180 3459 τοῦ
1188 3424 1302 3460 Nom.‘²
1371 3425 1417 3458 R¹
1434 3426 1446 3468 ΙΙ
1470 3425 1542 3467 lege
1557 3425 1605 3458 13¹
1623 3424 1636 3469 fl
1650 3435 1835 3468 supponere
1846 3425 1934 3468 vulq.
1953 3424 1966 3467 ΙΙ
1995 3426 2031 3458 17
2056 3421 2184 3472 autem-1·
2198 3422 2258 3453 aut
2280 3420 2327 3453 R¹
2343 3419 2357 3463 Ι
2373 3431 2444 3471 sine

225 3474 320 3496 ωστε
334 3466 577 3548 Εραη.αιισιιιΗ
595 3471 813 3505 ἐνιαυσιαίου
824 3467 964 3517 χρόνου]
978 3471 1143 3504 ἐνιαυτοῦ
1158 3469 1269 3505 Nomd.
1288 3467 1302 3515 ΙΙ
1368 3469 1454 3503 filios
1479 3471 1525 3503 Β·
1544 3470 1557 3514 ΙΙ
1577 3472 1616 3504 18
1641 3471 1764 3511 autem]
1787 3471 1847 3502 aut
1871 3470 1916 3502 Β·
1972 3470 2009 3502 19
2031 3468 2103 3500 sino
2124 3465 2203 3498 filus
2215 3483 2258 3489 —
2277 3466 2319 3497 20
2344 3467 2442 3517 etiarn

226 3509 268 3541 25
295 3513 515 3546 συνοικέσιον
539 3516 556 3547 ἐ
580 3514 664 3548 θεῖν
700 3516 809 3560 Εραη.
834 3516 959 3560 ααςιαΙ]
988 3518 1029 3550 27
1054 3513 1174 3557 ἄλλας]
1201 3512 1301 3549 &Mr-
1368 3525 1482 3548 execr-
1497 3515 1547 3548 R*
1560 3518 1591 3549 in
1609 3527 1675 3548 rae.
1690 3517 1774 3549 2vv.
1793 3513 1859 3559 1121
1888 3524 1940 3546 am
1985 3511 2120 3561 baalin
2134 3508 2292 3542 ueoundu
2312 3512 2443 3561 uenerit

224 3562 311 3605 '‘⁰¹³“
328 3553 436 3596 Epau,
462 3567 557 3591 aucta
583 3559 596 3603 ΙΙ
626 3562 668 3595 28
693 3554 774 3604 ὦσι]
799 3552 909 3595 ὦσι..
936 3561 967 3594 L
1005 3560 1072 3594 εἰσὶ
1100 3558 1255 3595 BNom.‘¹
1287 3557 1301 3602 Ι
1367 3562 1416 3592 eet
1430 3560 1481 3593 R⁰
1499 3559 1511 3603 ΙΙ
1528 3562 1570 3595 25
1590 3562 1649 3592 aut
1667 3559 1715 3592 sci
1735 3561 1795 3592 aut
1813 3558 1920 3592 sciant
1944 3557 1998 3592 17¹·
2015 3557 2075 3590 aut
2095 3556 2159 3606 siat
2182 3553 2230 3587 Β*
2249 3552 2319 3598 1126
2343 3556 2442 3587 etiam

225 3597 269 3631 29
292 3600 429 3640 υπὲστη
444 3601 500 3641 L',
523 3603 637 3638 Proch.
658 3619 686 3639 v.
710 3606 730 3639 l.
801 3609 843 3641 30
866 3602 1020 3650 ἀτιμίας]
1043 3605 1159 3639 αἰτίας
1182 3605 1300 3639 Procli.
1366 3604 1526 3637 imaturas
1538 3605 1587 3638 Β*
1602 3604 1616 3649 fl
1634 3606 1674 3638 2¹1
1698 3604 1844 3646 quidem]
1868 3599 2036 3645 quippoR
2051 3598 2065 3643 fl
2080 3608 2152 3631 nme
2171 3598 2305 3631 fllm—
2323 3600 2395 3638 163,
2410 3607 2442 3633 ιο

224 3654 254 3675 υ.
268 3642 287 3674 I.
304 3640 317 3686 Ι
336 3642 617 3688 ἐπακολουθήσει
645 3650 690 3682 Β·
704 3650 716 3694 ΙΙ
736 3652 774 3685 31
803 3647 1009 3694 ἢτιμωμένη
1034 3649 1158 3691 Nom.'¹,
1184 3650 1299 3683 Procb.
1367 3658 1451 3691 quae
1465 3649 1525 3682 tali
1541 3662 1603 3683 scr.
1618 3648 1668 3683 R·
1679 3650 1712 3683 in
1725 3659 1791 3682 ras.
1805 3649 1826 3682 8
1839 3658 1982 3682 versuum
1999 3644 2013 3689 Ι
2028 3645 2070 3678 28
2089 3642 2152 3676 filii
2163 3645 2242 3676 sunt
2256 3643 2286 3676 R
2302 3642 2314 3687 fl
2334 3645 2375 3677 29
2390 3643 2442 3676 in-

224 3698 255 3718 v·
280 3687 312 3727 L,
349 3687 458 3730 Epan.
483 3699 596 3731 auem,
632 3689 873 3739 ἡτοιμασμένη
896 3696 940 3728 L·
971 3694 984 3739 fl
1023 3696 1065 3729 32
1096 3692 1190 3735 οὔτε]
1218 3689 1301 3727 οὐδὲ
1367 3693 1500 3727 famiam
1522 3694 1581 3739 Ru
1606 3695 1644 3727 31
1672 3692 1854 3735 praecipiet
1875 3691 1907 3724 R
