2618 4010
163 154 226 187 UT
254 153 431 187 CLERIGI
459 152 582 185 APUD
612 151 827 186 PROPRIOS

673 277 730 321 iffi

164 355 349 409 ΠΕΡΙ
388 352 531 407 TOY
571 353 757 407 ΤΟῩΣ
796 353 1247 408 ΚΛΗΡΙΚΟῩΣ

270 422 433 477 Tol}
463 422 594 475 EIII
602 421 929 476 ΣΚΟΠΟΙΣ
958 422 1139 476 ΑΠΟ-

492 489 918 544 ΚΡΙΝΕΣΘΑΙ.

162 633 411 683 Αὐτοκράτωρ
434 636 685 673 Ἰουστινιανὸς
707 637 916 684 Αὔγουστος
935 634 1086 684 ’[ωάννῃ
1110 638 1164 679 τῷ
1190 638 1246 670 ἐν·

162 680 347 726 δοξοτάτῳ
381 684 528 738 έπόίρχιρ
565 685 643 718 τῶν
672 680 898 718 ἀνατολικῶν
928 685 1166 727 πραιτωρίων
1200 681 1243 716 τὸ

203 725 381 773 δεύτερον,
407 729 481 763 απὸ
508 728 665 763 υπάτων
690 726 910 775 ὄρὸιναρίων
933 729 994 761 καὶ
1017 729 1207 771 πατρικίῳ.

206 797 263 842 <H
267 810 288 843 ρ
297 809 316 830 o
325 809 344 830 ο
355 800 370 831 ί
375 811 402 840 μ
413 812 424 830 ι
433 810 452 831 ο
461 798 511 841 ν.>
557 796 716 831 Πολλοὺς
736 795 848 841 ἱεροὺς
870 791 1089 848 γεγραφότες
1114 791 1245 837 νόμους

1244 137 1328 186 409

1943 143 1984 186 Ν
1985 156 2052 186 ov.
2084 140 2307 186 LXXXHI
2336 155 2396 197 pr.

1537 287 1738 323 LXXXIII.
1788 289 1898 324 Auth.
1909 289 2106 325 LXXXIV.
2128 288 2215 324 Coll.
2226 287 2277 324 VI
2288 287 2344 322 tit.
2357 290 2395 324 11

1497 357 1550 407 R
1588 358 1682 407 UT
1720 356 1991 408 CLERICI
2025 358 2211 409 APUD

1315 424 1660 475 PROPRIOS
1695 426 2084 478 EPISOOPOS
2123 425 2398 476 PRIMUM

1315 491 1856 544 CONVENIANTUR
1892 495 1984 544 ET
2009 493 2183 544 POST
2213 493 2397 545 HAEC

1410 560 1593 610 APUD
1625 559 1897 611 CIVILES
1934 560 2214 611 IUDIGES
2254 562 2305 610 R

1388 637 1486 672 Idem
1510 638 1602 681 Aug.
1628 637 1780 673 Iohanni
1807 639 2061 682 gloriosissimo
2092 650 2151 682 pp.
2178 638 2334 673 secundo

1528 692 1572 717 ex
1593 683 1740 718 consule
1763 684 1944 718 ordinar10
1969 688 2004 718 et
2028 683 2190 728 patricio.

1357 794 1403 840 <P
1412 805 1429 829 r
1438 804 1460 829 a
1469 793 1511 828 ef
1518 804 1540 829 a
1548 794 1583 829 ti
1594 793 1646 839 ο.>
1699 795 1876 830 Plurimas
1913 805 2036 831 sacras
2072 795 2268 832 scribentes
2300 796 2396 840 leges

162 844 246 894 περί
275 854 316 876 τε
345 844 424 876 τῶν
446 840 749 888 θεοφιλεστάτων
781 842 994 875 έπισκοπων
1024 850 1088 882 της
1118 850 1157 872 τε
1182 839 1241 884 ἐφ-
1258 842 1297 874 10
1311 842 1347 874 et
1378 839 1422 874 de
1454 839 1520 874 deo
1552 840 1765 875 amabilibus
1789 840 1967 886 episcopis
2000 844 2035 876 et
2058 841 2194 886 reliquo
2219 841 2315 877 omni
2338 850 2395 876 sa-

162 886 239 941 εξης
263 886 437 933 ἱερατείας
460 885 613 931 ἀπάσης,
638 891 698 922 καὶ
719 886 793 931 μὴν
813 888 873 919 καὶ
894 887 974 930 περὶ
998 885 1076 918 τῶν
1097 880 1241 927 εὐλαβε-

1312 884 1480 926 cerdotio‚
1503 894 1570 919 nec
1594 895 1665 920 non
1684 886 1726 921 de
1749 886 2041 921 reverentissimis
2062 886 2244 922 monachis
2270 888 2307 921 et
2329 897 2395 921 nu-

163 943 311 966 στατων
340 934 511 977 μοναχῶν
543 936 603 967 καὶ
633 934 778 978 ἔναγχος
807 931 914 965 τοῦτο
946 928 1173 974 πεπραχότες
1202 930 1242 962 ἐν
1310 940 1375 974 per
1405 930 1475 965 hoc
1504 934 1649 974 agentes
1681 931 1717 966 in
1749 932 1877 977 quibus
1901 931 2062 966 volumus
2091 931 2395 967 reverentissimos

162 976 212 1031 οἷς
236 974 490 1023 ἠβουλήθημεν
521 978 603 1012 τοὺς
631 974 911 1021 εὖλαβεστάτους
939 974 1117 1030 μρινοξχοὺιξ
1140 972 1240 1019 παρὰ

1310 976 1505 1010 monachos
1536 976 1632 1020 apud
1657 976 1752 1012 solos
1778 977 1929 1012 civitatis
1962 977 2150 1022 episcopos
2175 977 2241 1013 sub
2265 978 2395 1023 quibus

161 1035 286 1066 μονοις
320 1026 394 1058 τοῖς
428 1025 506 1058 τῶν
540 1022 686 1058 πόλεων
720 1021 932 1056 ἐπισκόποις
966 1033 1016 1066 υφ
1069 1030 1129 1054 ους
1164 1020 1241 1052 ἐστι
1310 1024 1394 1055 sunt
1418 1021 1633 1056 monasteria
1655 1023 1905 1058 conventiones
1927 1023 2120 1067 suscipere,
2146 1023 2248 1068 petiti
2272 1032 2395 1057 sumus

162 1068 209 1102 τὰ
239 1066 466 1114 μοναστήρια
496 1069 561 1103 τὰς
594 1067 777 1122 έναγαζγάς
808 1063 1015 1120 ῥπομένειν,
1051 1061 1242 1118 ᾐτήξημεν
1257 1067 1332 1100 15a
1359 1066 1464 1100 Mena
1490 1066 1556 1102 deo
1582 1067 1727 1102 amabili
1743 1068 2016 1112 archiepiscopo
2035 1068 2147 1115 'buius
2170 1067 2396 1103 felicissimae

162 1114 262 1159 παρὰ
280 1116 390 1157 Μηνᾶ
411 1115 475 1148 τοῦ
491 1114 559 1148 &eo
590 1112 773 1147 ιλεστατου
796 1122 1080 1157 αρχιεπισκοπου
1103 1121 1166 1164 της
1186 1106 1241 1143 εὖ·

162 1157 331 1203 δαίμονος·
353 1157 486 1202 ταύτης
503 1127 642 1193 avezan,-
661 1161 722 1191 καὶ
741 1156 983 1201 οἰκουμενικοῦ
1008 1168 1240 1201 πατριάρχου,

162 1208 222 1238 καὶ
244 1207 318 1239 τοῖς
342 1201 619 1249 εὖλαβεστάτοις
650 1201 824 1248 κληρικοῖς
852 1201 992 1245 ταύτην
1016 1199 1145 1235 δοῦναι
1172 1200 1241 1244 τὴν

162 1253 384 1295 προνομίαν·
421 1246 508 1284 ὥςτε
531 1249 567 1283 εἴ
584 1261 638 1283 τις
666 1249 738 1291 ἔχοι
770 1247 853 1282 τινὰ
887 1246 975 1292 πρὸς
1007 1243 1136 1280 αὐτοὺς
1158 1259 1241 1292 χρη-

1311 1111 1463 1146 civitatis
1488 1115 1523 1146 et
1547 1112 1738 1147 universali
1763 1113 1979 1156 patriarcha,
2005 1113 2298 1149 reverentissimis
2324 1113 2395 1148 cle-

1310 1156 1392 1192 ricis
1416 1156 1486 1192 hoe
1511 1156 1596 1191 dare
1618 1158 1851 1202 privilegium,
1877 1162 1916 1193 ut
1939 1158 1970 1193 si
1987 1158 2066 1203 quis
2091 1159 2199 1194 habet
2223 1160 2395 1195 adversus

1310 1212 1372 1237 eos
1389 1203 1584 1247 quamlibet
1599 1203 1843 1247 pecuniariam
1862 1214 2017 1245 causam,
2035 1204 2133 1249 prius
2151 1204 2197 1239 ad
2214 1205 2279 1240 deo
2297 1214 2394 1240 ama-

1310 1248 1417 1283 bilem
1446 1248 1653 1292 episcopum
1675 1254 1798 1293 pergat
1821 1249 1888 1284 sub
1919 1260 1988 1293 quo
2015 1250 2232 1285 constitutus
2258 1252 2328 1294 est,
2361 1252 2395 1285 et

160 1295 318 1339 ματικὴν
353 1293 466 1337 δίκην,
502 1293 679 1349 προτερον
715 1293 815 1347 παρὰ
850 1292 918 1327 τὸν
952 1290 1240 1337 θεοφιλέστατον
1255 1293 1511 1338 20interpellet
1535 1303 1614 1328 eum
1639 1297 1674 1328 et
1698 1304 1741 1328 ex
1766 1305 1836 1329 non
1856 1298 1990 1339 scripto
2011 1294 2181 1330 iudicium
2205 1299 2394 1331 mereatur.

162 1342 360 1375 ἐπίσκοπον
396 1341 488 1374 ἰέναι
523 1352 590 1374 τον
620 1335 686 1386 ὑφ’
714 1336 758 1372 ὃν
788 1337 890 1380 τελεῖ,
927 1340 987 1371 καὶ
1011 1335 1241 1383 ἐντυγχάνειν

163 1383 262 1428 αὐτῷ
302 1389 362 1419 καὶ
398 1382 561 1432 ἀγράφου
598 1388 744 1430 κρίσεως
783 1380 990 1418 ἀπολαύειν.
1046 1386 1106 1416 καὶ
1141 1382 1240 1428 εἴπερ

161 1432 270 1465 τοῦτο
300 1434 449 1478 γένοιτο,
480 1429 571 1475 μήτε
604 1428 761 1472 ἐνοχλεῖν
795 1426 894 1471 αὐτῷ
926 1425 1018 1474 μήτε
1047 1426 1163 1483 ἕλξειν
1194 1428 1242 1461 εἰς

162 1474 375 1521 δικαστήρια
401 1474 568 1510 πολιτικὰ
599 1472 689 1530 μήτε
721 1475 784 1530 τῆς
812 1473 907 1520 ἱερᾶς
937 1470 1052 1508 αὐτὸν
1082 1485 1241 1516 απασχο-

1310 1338 1360 1374 Et
1382 1339 1414 1374 si
1438 1340 1505 1374 hoc
1525 1338 1598 1381 fiat,
1624 1349 1690 1374 nec
1711 1339 1884 1384 inquietet
1901 1350 1982 1375 eum
2002 1350 2066 1375 nec
2086 1342 2207 1376 trahat
2223 1341 2270 1375 ad
2292 1341 2395 1376 audi-

1310 1384 1402 1419 toria
1433 1384 1549 1419 civilia
1582 1395 1697 1429 neque
1720 1395 1743 1420 a
1767 1396 1870 1420 sacro
1901 1396 1980 1421 eum
2009 1395 2136 1420 vacare
2159 1386 2273 1422 faciat
2292 1386 2394 1421 mini-

1311 1430 1437 1472 sterio,
1470 1429 1533 1465 sed
1565 1439 1609 1464 ex
1641 1441 1712 1466 non
1744 1431 1878 1476 scripto
1912 1435 1947 1466 et
1971 1431 2193 1466 examinetur
2215 1432 2396 1476 negotium

1312 1475 1387 1510 sine
1416 1475 1555 1510 damnis
1587 1478 1623 1510 et
1647 1475 1802 1521 accipiat
1833 1476 1982 1511 formam
2005 1478 2127 1512 forsan
2150 1478 2257 1512 etiam
2282 1477 2394 1522 scrip-

161 1520 236 1555 λεῖν
266 1519 499 1568 λειτουργίας·
537 1517 619 1555 ἀλλ’
647 1531 820 1568 αγραφως
842 1516 1151 1573 κατεξετάζεσθαι
1173 1518 1241 1562 τὴν
1255 1521 1296 1553 25
1311 1523 1402 1561 tam,
1434 1521 1465 1555 si
1490 1521 1559 1556 hoc
1584 1531 1723 1566 quoque
1749 1525 1868 1566 partes
1894 1521 2069 1557 voluerint
2093 1523 2130 1557 et
2152 1523 2394 1567 poposcerint,

162 1564 347 1601 ὑπόθεσιν
379 1568 505 1611 ζημίας
533 1569 650 1613 χωρίς,
682 1569 743 1599 καὶ
774 1564 975 1611 λαμβάνειν
1007 1577 1127 1600 τυπον
1156 1564 1242 1598 ἴσως

160 1615 220 1646 καὶ
245 1612 435 1659 ἔγγραφον,
460 1612 491 1645 εἰ
513 1613 622 1645 τοῦτο
645 1611 691 1646 τὰ
712 1614 800 1658 με’ρη
825 1609 1023 1655 βουληθείη
1048 1623 1087 1645 τε
1106 1612 1167 1644 καὶ
1188 1609 1242 1643 αἰ-

159 1656 294 1701 τήσειε,
318 1661 379 1691 καὶ
403 1654 641 1700 ἀπηλλάχθαι
664 1658 727 1700 τῆς
751 1656 840 1703 πρὸς
863 1653 1036 1700 ἀλλήλους
1061 1652 1184 1702 ἔριδος.

159 1704 181 1738 1
234 1703 279 1737 Εἰ
312 1701 353 1737 δέ
377 1715 419 1749 γε
451 1700 512 1736 διὰ
546 1702 624 1757 τὴν1
644 1703 708 1736 τοῦ
739 1701 949 1748 πράγματος
983 1698 1094 1747 φύσιν
1125 1698 1148 1744 ἢ
1181 1697 1240 1735 διά

160 1761 245 1783 τινα
268 1747 354 1782 ἴσως
378 1746 562 1783 ὃυςκολίαν
586 1761 627 1782 ου
650 1750 791 1794 γένοιτο
817 1745 974 1781 δυνατὸν
998 1747 1050 1791 τῷ
1073 1744 1240 1791 &eoquat-‹2-
1255 1749 1297 1781 30
1311 1745 1487 1790 quandam
1511 1746 1605 1783 forte

1311 1570 1347 1601 et
1368 1566 1564 1602 liberentur
1588 1566 1758 1602 alterutro
1785 1567 1988 1602 certamine.

1310 1702 1331 1736 1
1378 1700 1416 1736 Si
1439 1710 1521 1736 vero
1553 1705 1618 1737 aut
1629 1705 1788 1783 dpropter
1813 1712 1943 1739 causae
1976 1706 2139 1757 naturam
2163 1707 2231 1756 aut·
2250 1706 2396 1758 propter

1653 1747 1879 1784 ifficultatem
1902 1759 1974 1785 non
2003 1749 2113 1786 fuemt
2136 1750 2305 1795 posslbrle
2330 1750 2393 1785 deo

218 1840 304 1874 Nov.
327 1839 545 1873 LXXXIII
565 1839 729 1882 (Anthene.
753 1839 921 1873 LXXXI
927 1839 1013 1872 V=
1038 1839 1118 1872 C'oll.
1139 1838 1189 1871 VI
1206 1839 1251 1872 tit.
1273 1839 1328 1871 11:
1360 1838 1471 1881 qloss.)
1509 1838 1635 1873 Graece
1660 1846 1747 1874 extat
1771 1841 1803 1874 in
1828 1840 1886 1882 M,
1920 1842 2043 1885 passim
2068 1842 2235 1875 decurtata
2260 1843 2293 1875 in
2320 1841 2395 1875 Col-

165 1885 298 1919 lectione
312 1885 540 1919 LXXXVII
559 1885 771 1929 capitulorum
792 1886 832 1919 12
858 1885 945 1927 (inde
970 1884 1003 1918 in
1029 1885 1208 1927 appendice
1232 1883 1473 1917 Nomocanonis
1492 1883 1524 1917 L
1547 1884 1709 1919 titulorum
1734 1897 1807 1929 cap.
1833 1887 1908 1920 eccl.
1926 1888 1966 1921 10
1984 1899 2018 1930 p.
2034 1887 2099 1920 663
2122 1887 2245 1928 Voell.).
2293 1887 2396 1921 Deest

163 1931 195 1965 in
221 1931 267 1973 B,
292 1931 323 1964 L
353 1943 415 1964 non
449 1931 546 1964 habet
576 1932 641 1965 nisi
671 1932 758 1964 rubr.
784 1937 814 1964 et
838 1932 935 1964 inser.
968 1947 1014 1955 —-
1049 1929 1139 1973 Epir.
1166 1929 1287 1962 Theod.
1313 1929 1373 1971 83,
1409 1929 1530 1962 Athan-
1560 1930 1594 1971 1,
1619 1937 1636 1964 4
1671 1931 1758 1972 (inde
1789 1931 1870 1965 Coll.
1893 1939 1991 1966 const.
2018 1932 2093 1966 eccl.
2118 1932 2182 1966 III
2204 1934 2238 1974 1,
2263 1939 2279 1966 4
2305 1939 2335 1966 et
2356 1933 2395 1967 A

161 1973 251 2009 τίτλ.
278 1973 330 2019 ιβ’
348 1977 382 2020 f.
408 1977 517 2018 224¹),
558 1976 737 2010 Nomocan.
760 1975 861 2009 XIV
879 1977 925 2009 tit.
948 1975 1011 2016 9‚l
1034 1987 1068 2018 p.
1096 1975 1161 2008 535
1181 1974 1286 2008 Piera.

1344 1974 1464 2008 Iulian.
1492 1982 1588 2009 const.
1616 1976 1809 2010 LXXVII.

487 2141 572 2191 UT
605 2141 823 2193 OLERI
823 2141 899 2193 CI
921 2142 1104 2193 APUD
1141 2073 1522 2193 Efffigggpos
1553 2142 2078 2196 RESPONDEANT.

210 2220 302 2268 Imp.
323 2219 549 2256 Iustinianus
565 2221 751 2266 Augustus
771 2218 933 2255 Iohanni
954 2220 1431 2301 qloriosigsimopraefectto
1449 2221 1643 2272 praetorio
1663 2232 1732 2268 per
1755 2221 1935 2258 Orientem
1959 2223 2108 2266 iterum,
2133 2234 2183 2260 ex
2203 2224 2351 2262 consule

1058 2276 1102 2301 or
1127 2276 1248 2301 marzo
1272 2277 1292 2301 e
1329 2276 1379 2311 pa
1397 2276 1498 2300 ricto.

301 2332 560 2378 Praefatio.
610 2332 695 2368 Cum
727 2332 859 2368 multas
888 2343 1015 2369 sacras
1046 2333 1078 2368 le
1105 2344 1142 2368 es
1173 2336 1209 2369 et
1231 2332 1275 2368 de
1307 2332 1374 2368 deo
1399 2334 1597 2369 carissimis
1620 2333 1800 2380 episcopis
1830 2338 1867 2370 et
1891 2334 1934 2370 de
1962 2336 2061 2370 omni
2084 2335 2253 2388 deinceps
2274 2347 2393 2372 sacer-

167 2381 265 2417 dotio
301 2378 637 2424 conscripserim-⁹,
670 2382 780 2424 atque
811 2378 918 2413 etiam
955 2377 999 2413 de
1029 2389 1069 2414 re
1085 2377 1311 2425 iqiosissimis
1341 2378 1528 2414 monachis
1562 2389 1679 2425 nuper
1711 2379 1848 2414 demum
1885 2380 1954 2415 hoc
1985 2380 2163 2426 efferimus
2196 2392 2234 2416 m
2264 2382 2395 2427 quibus

166 2424 457 2472 reliqiosissimos
489 2422 686 2458 monachos
716 2422 818 2468 apud
845 2423 943 2458 solos
974 2423 1157 2459 civitatum
1189 2423 1380 2470 episcopos
1411 2423 1476 2459 sub
1505 2424 1635 2469 quibus
1655 2425 1876 2460 monasteria
1899 2429 1983 2460 sunt
2006 2426 2167 2461 actiones
2189 2427 2310 2462 subire
2333 2438 2393 2462 vo-

167 2472 308 2511 luimus,
339 2469 460 2516 roqati
482 2479 606 2503 sumus
629 2479 652 2503 a
677 2467 786 2503 Mena
810 2468 876 2504 cleo
900 2469 1086 2504 carissimo
1111 2467 1233 2504 archie
1261 2469 1384 2514 ise-opo
1415 2467 1531 2521 leuius·
1550 2469 1673 2514 felicis
1697 2469 1853 2505 civitatis
1885 2473 1921 2505 et
1949 2470 2165 2517 patriarcha
2187 2472 2394 2516 universali,

167 2521 208 2553 ut
231 2516 372 2552 clericis
394 2525 539 2567 quoque
560 2513 841 2565 reliqiosissimis
864 2512 934 2549 lzoc
955 2513 1186 2560 privileqium

1242 2524 1402 2548 aremus:
1437 2517 1477 2548 ut
1499 2524 1529 2549 st
1553 2514 1635 2560 quis
1667 2525 1746 2549 cum
1777 2515 1824 2549 iis
1852 2515 1947 2550 litem
1972 2515 2103 2551 habeat
2132 2517 2393 2560 pecuniariam,

165 2562 271 2609 prius
306 2560 372 2596 deo
410 2570 631 2595 carzssemum
668 2569 874 2614 episcopum
911 2559 971 2594 cui
1004 2559 1216 2605 suppositus
1251 2562 1305 2594 est
1339 2559 1492 2594 clericus
1527 2559 1637 2595 adeat
1679 2570 1830 2605 eumque
1864 2560 2067 2607 interpellet
2099 2571 2144 2597 ac
2179 2563 2393 2598 sententiam

167 2608 244 2643 sine
266 2605 412 2652 scriptis
435 2605 609 2652 impetret.
661 2604 708 2639 Et
729 2604 764 2638 si
785 2604 927 2650 quidem
950 2604 1019 2640 lzoc
1040 2605 1182 2650 factum
1206 2603 1264 2646 sit,
1296 2614 1383 2640 neve
1403 2604 1551 2650 neqotia
1573 2604 1627 2639 illi
1645 2605 1813 2650 facessat
1835 2616 1921 2641 neve
1945 2605 1995 2641 ad
2015 2606 2151 2642 iudicia
2176 2607 2295 2643 civilia
2320 2612 2392 2644 tra-

167 2652 231 2688 hat
253 2662 332 2687 eum
355 2661 442 2686 neve
465 2663 486 2684 a
510 2660 615 2685 sacro
640 2649 838 2684 ministerio
864 2649 1041 2685 detincat:
1078 2660 1199 2686 verum
1222 2649 1300 2684 sine
1322 2649 1469 2695 scriptis
1500 2660 1610 2685 causa
1635 2651 1864 2685 examinetur
1887 2650 2022 2697 absque
2045 2651 2195 2694 damno,
2226 2663 2270 2687 ac
2290 2653 2394 2697 forte

167 2698 274 2734 etiam
297 2696 470 2742 scriptam
488 2695 649 2741 formam
673 2694 842 2740 accipiat,
866 2695 898 2730 si
913 2694 982 2730 hoc
998 2699 1128 2741 partes
1144 2693 1324 2730 voluerint
1343 2697 1378 2729 et
1426 2694 1578 2737 etierint,
1603 2695 1724 2741 itaque
1743 2706 1766 2730 a
1786 2699 1909 2731 mutua
1934 2697 2162 2732 contentione
2186 2697 2391 2734 liberentur.

167 2745 187 2779 1
233 2741 276 2778 Si
298 2752 381 2776 vero
404 2745 557 2787 propter
582 2750 714 2775 causae
737 2743 905 2775 naturam
928 2740 1002 2776 sive
1023 2741 1125 2786 forte
1146 2743 1300 2786 propter
1322 2739 1386 2784 dis
1409 2740 1578 2776 cultatem
1599 2740 1759 2786 aliquam
1780 2740 1866 2785 fieri
1889 2751 1963 2776 non
1984 2742 2102 2788 possit
2126 2745 2166 2777 ut
2190 2741 2256 2778 deo
2281 2743 2392 2779 caris-

225 2834 245 2866 2
258 2834 345 2866 rubr.
371 2832 459 2874 Περὶ
474 2850 515 2854 -
530 2826 796 2875 ἀποκρίνεσθαι
812 2830 883 2863 ML
894 2831 981 2872 Acin]
1016 2832 1104 2875 Περὶ
1128 2827 1243 2874 κληρι-

168 2878 245 2911 κῶν
281 2875 441 2918 ἐχόντων
475 2888 511 2909 τι
545 2872 633 2921 πρὸς
667 2870 833 2917 ἀλλήλους
867 2871 889 2917 ἢ
923 2877 983 2909 καὶ
1013 2876 1245 2921 ἐναγομένων

168 2920 238 2957 ὑπό
258 2932 365 2962 τινος,
390 2922 449 2953 καὶ
473 2920 536 2954 τοῦ
559 2919 607 2963 μὴ
624 2918 736 2954 πλέον
753 2916 901 2963 διμήνου
921 2917 1154 2966 ὑπερβαίνειν
1177 2917 1245 2962 τὴν

170 2965 283 3010 δίκην,
308 2968 368 3000 καὶ
392 2965 422 2998 εἰ
440 2965 631 3010 φωραθείη
657 2965 780 3007 ποινῆς
801 2963 896 3004 ἄξιος
920 2963 1090 3011 κληρικός,
1111 2968 1150 2999 τί
1171 2961 1245 2998 ὃέοι

169 3011 343 3059 γενέσθαι
382 3012 461 3045 Coll.
487 3012 527 3045 87
554 3024 626 3054 cap.
664 3012 751 3055 Περὶ
787 3008 965 3053 κληρικῶν
1001 3008 1245 3054 δικαζομένων

172 3058 292 3091 Theod.
323 3056 335 3100 11
364 3057 384 3089 6
398 3058 492 3089 inser.
522 3052 560 3089 Ὁ
592 3050 696 3088 αὐτὸς
726 3053 891 3097 βασιλεῖ-ς
918 3053 1066 3102 Ἰωάννῃ
1099 3054 1243 3100 ἐπάρχῳ

171 3098 470 3190 ’ὂρῖῗέῗῖἶζωνητξ
484 3096 954 3179 ‘31⁶a‘⁶‘'⁰²3023²⁷‘s⁶⁷²0⁵‹3“³“313512
969 3103 1243 3187 ἷῖἷτάῖατρὲιῗῗ

176 3160 305 3227 0211287
318 3159 459 3234 cog-zui.
477 3190 488 3234 11
508 3192 526 3225 8
540 3157 737 3235 &igauna-o
754 3192 812 3222 καὶ
830 3158 1009 3236 ἕάτρικίω
1028 3158 1244 3237 (κάὶχπῒατριί

171 3240 238 3272 κίω
259 3233 455 3281 ὀρὸιναρίω
470 3237 531 3278 La)
547 3237 628 3277 ML,
653 3233 873 3281 όρὸιναρίων
897 3249 978 3270 corr.
1006 3237 1200 3270 Haloander
1235 3237 1245 3279 ΙΙ

172 3285 192 3318 9
217 3285 259 3316 in.
292 3279 450 3315 Πολλοῦς
480 3279 591 3326 ἱεροὺς
620 3278 827 3326 ἐγράψαμεν
851 3278 979 3324 νόμους
1003 3282 1143 3315 οἱΛΑιΙι.
1169 3282 1245 3324 (Γε-

170 3324 403 3374 γραφήκαμεν
415 3324 545 3368 νόμους
557 3327 588 3359 A
613 3327 774 3371 Γέγραφε
789 3322 918 3366 νόμους
936 3327 1014 3360 Goll.
1026 3334 1122 3360 const.
1133 3328 1220 3369 eccl.)
1233 3325 1244 3371 11

171 3371 310 3416 νόμους]
335 3374 418 3416 περὶ
441 3372 503 3414 τῆς
522 3368 584 3403 κθ·’
604 3368 695 3404 ὃιατ.
721 3370 783 3403 τοῦ
805 3367 975 3414 τετάρτου
999 3374 1044 3405 τί.
1069 3371 1132 3406 τοῦ
1153 3374 1174 3405 ἃ
1195 3374 1244 3415 βι.

172 3418 236 3452 τοῦ
253 3414 418 3458 κώδικος,
443 3418 501 3450 καὶ
518 3418 600 3461 περὶ
620 3416 680 3458 τῆς
700 3411 759 3449 σθ’
775 3416 901 3459 νεαρᾶς
925 3419 1034 3460 φησίν
1057 3418 1155 3451 schol.
1172 3416 1216 3451 M
1234 3415 1246 3461 11

175 3465 216 3498 10
238 3465 322 3509 περί
335 3465 385 3504 τε]
411 3458 493 3496 τούς
515 3474 556 3496 τε
580 3463 663 3507 περὶ
687 3462 765 3495 Coll.
780 3462 820 3495 87
835 3474 907 3504 cap.
926 3461 937 3504 11
954 3462 1017 3504 τῆς
1040 3474 1079 3495 τε
1108 3463 1187 3496 ΟοΙΖ.
1203 3463 1244 3497 87

170 3521 245 3551 cap.
259 3510 289 3550 ς]
306 3520 345 3541 τε
359 3508 470 3542 om.M
484 3506 496 3547 ΙΙ
515 3509 552 3541 11
568 3505 683 3548 πάσης
700 3507 778 3540 Coll.
790 3507 830 3540 87
842 3519 913 3550 cap.
923 3508 934 3550 11
949 3509 989 3541 12
1003 3509 1158 3554 ἔναγχος]
1175 3521 1245 3542 nov.

174 3554 339 3587 LXXIX
351 3553 364 3597 11
384 3555 425 3587 14
441 3552 519 3587 τῶν
535 3549 692 3593 πόλεων]
715 3551 859 3584 civitatis
875 3564 894 3588 ς
910 3551 923 3596 11
942 3553 983 3587 18
1001 3554 1060 3585 καὶ
1080 3555 1163 3595 τοῖς]
1187 3555 1247 3586 καὶ

176 3610 232 3631 om.
248 3610 266 3635 ς
288 3598 300 3643 11
329 3600 369 3633 19
395 3597 622 3641 θεσπίζομεν
644 3610 669 3630 s.
683 3604 703 3630 t.
720 3610 749 3641 q.
767 3599 922 3630 excidisse
942 3606 1018 3641 post
1033 3592 1135 3631 ὥστε
1181 3606 1248 3632 utut

161 3648 163 3651 ’
176 3642 361 3678 Zachariae
374 3646 442 3678 sine
455 3657 554 3677 causa
573 3643 584 3687 11
607 3643 677 3685 ἔχει
694 3643 773 3677 Coll.
785 3643 825 3677 87
838 3655 909 3686 cap.
922 3655 952 3676 v.
964 3643 998 3684 l.‚
1012 3654 1031 3680 ς
1044 3644 1087 3685 (υ.
1098 3644 1131 3686 Ι.)
1147 3642 1152 3688 1
1187 3639 1247 3676 αὗ-

177 3684 244 3722 τόν
259 3689 338 3722 coll.
353 3691 394 3723 87
410 3702 482 3732 cap.
498 3691 510 3732 11
530 3690 572 3723 20
591 3685 695 3732 δίκην
719 3700 776 3721 om.
797 3688 876 3722 Coll.
891 3689 932 3722 87
947 3701 1020 3732 cap.
1040 3690 1131 3722 codd.
1147 3690 1248 3732 pleri-

179 3744 247 3776 que,
270 3729 413 3780 ἀγωγήν
430 3735 499 3768 cod.
521 3735 593 3768 Vat.
613 3741 643 3767 et
659 3746 734 3777 app.
750 3733 882 3767 Nomoc.
898 3734 912 3779 11
937 3732 1037 3779 παρὰ
1051 3733 1104 3777 τῷ
1120 3732 1247 3780 θεοφι-

244 3788 295 3816 111.

1314 2826 1474 2871 λεστάτῳ
1500 2829 1689 2884 ἐπισκόπιρ
1716 2828 1827 2877 (παρὰ
1848 2829 1916 2864 τὸν
1936 2829 2225 2876 θἰοφιλέστατον
2250 2832 2392 2867 ἐπίσκο-

1313 2885 1385 2908 πον
1399 2887 1476 2918 app.
1492 2875 1640 2915 Nomoc.)
1663 2873 1727 2921 v1p⁹
1742 2872 1785 2908 ὃν
1809 2873 1904 2909 τελεῖ
1930 2877 2009 2910 Call.
2025 2878 2066 2910 87
2083 2889 2153 2920 cap.
2181 2876 2193 2922 11
2222 2879 2264 2912 22
2290 2874 2389 2922 αὐτῷ

1314 2933 1370 2952 om.
1391 2920 1468 2953 Coll.
1482 2921 1522 2953 87
1537 2932 1609 2963 cap.
1629 2919 1641 2965 11
1667 2917 1876 2965 διακρίσεως
1902 2922 1984 2955 Coll.
1999 2923 2040 2956 87
2055 2935 2127 2976 cop.
2143 2924 2173 3002 (11
2192 2920 2391 2968 ἀπολάβειν

1314 2964 1382 3008 Μ11
1401 2966 1442 2999 23
1460 2966 1600 3010 γε’νοιτο
1620 2966 1729 2999 τοῦτο
1747 2967 1827 3000 coll.
1839 2967 1880 3000 87
1891 2979 1963 3010 cop.
1980 2966 1992 3011 11
2012 2962 2126 3001 αὐτον
2169 2968 2223 3001 oIl.
2235 2970 2277 3003 87
2291 2981 2362 3013 cap.
2378 2969 2391 3014 11

1314 3010 1356 3043 24
1368 3007 1480 3053 *μηδὲ
1496 3010 1557 3051 τῆς
1570 3011 1616 3043 M
1618 3023 1626 3049 ;
1649 3009 1739 3053 μήτε
1758 3010 1822 3054 τῆς
1833 3030 1877 3036 -—
1891 3013 1932 3047 25
1946 3009 2163 3058 λειτουργίας
2179 3026 2237 3047 om.
2255 3014 2336 3048 C'oll.
2348 3015 2389 3049 87

1314 3068 1384 3098 cap.
1398 3054 1462 3100 1125
1473 3053 1777 3097 κατεξετάζεσθσι
1793 3054 1860 3098 τὴν
1875 3053 2058 3090 ὑπόθεσιν
2070 3059 2125 3099 Μ]
2140 3060 2171 3091 et
2184 3058 2391 3093 examinetur

1313 3101 1346 3143 (i.
1362 3113 1386 3134 e.
1410 3102 1468 3133 καὶ
1491 3097 1738 3142 ἐξετάζεσθαι)
1766 3102 1938 3142 negotium
1963 3113 1992 3145 ς,
2025 3104 2084 3135 καὶ
2109 3105 2242 3147 reliquis
2266 3106 2391 3138 omissis

1318 3146 1397 3180 Coll.
1412 3146 1453 3180 87
1468 3158 1539 3189 cap.
1560 3144 1564 3189 1
1589 3147 1630 3179 26
1654 3146 1779 3188 ζημίας
1798 3148 1916 3191 χωρὶς]
1941 3147 2012 3180 sine
2029 3147 2158 3181 damnis
2181 3159 2200 3185 ς·
2218 3149 2230 3192 11
2246 3151 2306 3182 καὶ
2331 3162 2388 3183 om.

1318 3191 1397 3225 Call.
1415 3192 1456 3225 87
1470 3203 1541 3233 cap.
1561 3190 1566 3234 Ι
1602 3192 1642 3224 27
1670 3190 1788 3232 τοῦτο]
1824 3193 1885 3224 hoc
1932 3202 2042 3233 uoque
2066 3203 2086 3229 ς’
2108 3192 2113 3233 1
2149 3206 2189 3226 τε
2212 3196 2272 3227 καὶ
2292 3192 2390 3236 αἰτή-

1313 3246 1384 3269 σειε
1401 3249 1458 3270 om.
1478 3237 1555 3270 Coll.
1572 3237 1612 3270 87
1627 3249 1699 3279 cap.
1719 3236 1731 3279 11
1748 3237 1790 3271 29
1807 3236 1837 3269 εἰ
1854 3233 1894 3269 δὲ
1910 3202 1978 3270 ιἓιά
2003 3249 2085 3270 τινα
2128 3236 2299 3272 υσκολίαν
2313 3240 2389 3274 reli-

1313 3283 1384 3325 quis
1409 3282 1533 3314 omissis
1562 3281 1640 3315 Coll.
1662 3282 1702 3315 87
1727 3293 1798 3324 cap.
1824 3281 1836 3325 11
1863 3284 1915 3328 γε]
1945 3285 2003 3315 aut
2027 3283 2059 3323 (i.
2074 3295 2099 3315 e.
2121 3278 2154 3325 ἢ)
2179 3295 2199 3320 ς
2226 3283 2239 3327 11
2267 3285 2310 3318 30
2333 3286 2388 3329 γε’-

1313 3338 1419 3368 νηται
1449 3327 1528 3360 coll.
1549 3327 1590 3360 87
1613 3338 1686 3370 cap.
1705 3327 1797 3359 codd.
1811 3328 1959 3371 plerique
1988 3326 2000 3371 11
2028 3325 2306 3373 θεοφιλεστάτη)
2331 3342 2390 3365 om.

1317 3372 1397 3406 Coll.
1414 3373 1454 3405 87
1469 3384 1541 3415 cap.

1361 3463 1380 3495 2
1404 3461 1462 3502 Ut]
1487 3461 1533 3494 Ut
1557 3472 1623 3493 non
1651 3461 1702 3494 Ta
1722 3459 1734 3505 11
1758 3462 1779 3494 4
1802 3461 1893 3503 haec]
1919 3462 1980 3494 hoc
2002 3463 2086 3506 vuly.
2107 3462 2155 3505 115
2179 3463 2318 3506 iudices]
2342 3465 2390 3498 oi-

1314 3507 1397 3540 uiles
1422 3507 1454 3539 R
1481 3506 1492 3548 11
1517 3508 1536 3540 6
1561 3505 1734 3539 exconsuli
1756 3507 1827 3540 RV
1848 3510 1917 3540 exc.
1947 3507 1978 3540 Τ
1997 3507 2008 3551 11
2039 3508 2079 3541 12
2103 3508 2279 3550 agentibus
2304 3510 2337 3543 T
2344 3509 2356 3531 ¹
2377 3509 2391 3555 11

1316 3554 1376 3597 leq.
1386 3551 1575 3584 voluimus?
1588 3550 1600 3595 11
1615 3553 1654 3586 15
1668 3562 1687 3583 a
1702 3562 1822 3584 menna
1837 3552 1988 3596 T2vu19.,
2005 3563 2099 3585 amen
2115 3563 2135 3585 a
2152 3553 2195 3587 V¹
2213 3552 2219 3599 1
2234 3555 2273 3589 16
2285 3555 2389 3597 patri-

1314 3598 1412 3630 arche
1430 3596 1478 3630 V¹
1494 3596 1506 3640 11
1529 3599 1566 3631 17
1582 3597 1630 3637 ω]
1651 3597 1697 3629 Et
1714 3596 1763 3630 V¹
1779 3596 1791 3640 11
1810 3596 1929 3630 habeat
1944 3597 1998 3641 Τ11
2017 3597 2171 3631 aduersos
2222 3599 2233 3619 ²
2251 3599 2263 3641 11
2282 3602 2321 3634 18
2335 3600 2389 3643 ad]

1315 3654 1335 3676 a
1358 3642 1467 3675 R¹V¹
1485 3645 1497 3683 11
1514 3642 1555 3676 21
1573 3643 1630 3682 Et]
1652 3643 1691 3674 ut
1712 3640 1766 3686 Vn
1786 3641 1842 3674 fiat
1861 3644 1931 3684 nec]
1957 3642 2014 3675 fiat
2030 3653 2098 3675 non
2121 3643 2171 3677 T¹
2186 3643 2198 3688 11
2218 3645 2260 3678 22
2277 3646 2390 3678 uacari

1318 3689 1350 3723 V
1368 3687 1380 3731 11
1407 3688 1449 3720 24
1472 3687 1636 3729 scriptura
1656 3686 1712 3731 Τ11
1736 3688 1778 3721 29
1802 3689 1968 3729 naturam]
1994 3701 2101 3719 eaeo·
2124 3688 2174 3723 V¹
2199 3689 2212 3733 11
2236 3692 2277 3725 30
2303 3690 2389 3724 diffi-

1317 3733 1486 3776 cultatem]
1510 3733 1736 3766 necessitatem
1761 3732 1847 3766 ΒΤι

2080 3791 2122 3829 52
