2618 4010
281 126 388 170 Nov.
419 126 515 168 LIII
545 129 582 169 5.
614 128 640 166 6

278 239 300 273 1
346 234 414 270 Διὰ
436 237 543 270 τοῦτο
564 238 689 270 τοίνυν
712 235 937 281 θεσπίζομεν
965 233 1011 272 τὰ
1034 238 1072 271 ἐκ
1100 238 1164 271 τοῦ
1187 235 1353 282 καλουμέ-

279 293 342 315 νου
364 279 473 314 κάσου
496 283 685 325 στρατείας
707 278 756 325 μὴ
773 283 886 316 παντὶ
907 285 1104 328 προχείρως
1123 278 1355 326 ὑποκεῖσθαι,

278 323 374 367 πλὴν
396 325 427 358 εἰ
449 322 499 368 μὴ
522 322 709 368 δανειστὴς
739 326 792 369 εἴη
815 321 836 360 ὅ
858 326 907 362 εἰς
931 323 1017 361 αὐτὸ
1049 326 1154 360 τοῦτο
1187 324 1354 363 δανείσας

278 366 338 414 ἐφ’
366 360 397 413 ᾧ
427 370 488 412 τῆς
517 373 705 418 στρατείας
735 371 872 406 ἐκεῖνον
901 385 942 407 τυ
966 374 1028 406 εἶν.
1076 372 1252 419 ἐπείτοιγε
1280 375 1354 408 τοῖς

276 412 395 450 ἄλλοις
425 412 629 450 δανεισταῖς
658 412 700 449 οὗ
727 419 925 463 προχείρως
971 414 1093 458 ι’δομεν
1115 417 1241 451 τοῦτο·
1269 413 1351 452 ἀλλ’

278 459 309 493 εἰ
330 459 398 503 μὲν
420 457 545 495 παῖδες
569 452 660 495 ὦσιν
682 456 705 504 ἢ
726 458 863 508 γαμετὴ
893 462 947 505 τῷ
970 458 1242 513 τέλευτὴσαντι,
1273 460 1353 497 τοῦ-

276 514 359 539 τους
388 505 478 539 πᾶσι
507 508 748 552 προκρίνομεν
779 505 941 551 τρόποις,
979 517 1066 540 ωςτε
1101 508 1283 552 προςιέναι
1314 520 1354 541 τε

277 546 363 593 ἡμῖν
390 551 451 583 καὶ
481 548 574 584 κατὰ
597 548 757 586 κέλευσιν
788 548 963 598 ἡμετέραν
989 551 1105 585 ταῦτα
1127 551 1354 595 κομίζεσθαι,

277 591 413 673 οὐῖἀώς
435 595 611 648 πατρῷον
634 594 775 643 κλῆρον,
807 596 900 653 εἷ”γε
930 593 976 630 τὰ
1007 593 1098 630 ἄλλα
1125 593 1258 643 ἄπορος
1289 597 1352 640 εἴη,

277 652 300 672 α

1361 125 1447 172 304

2140 141 2200 174 DE
2227 141 2496 175 Emmnnms

1422 241 1445 276 1
1498 239 1695 285 Propterea.
1723 239 1831 285 igitur
1861 240 2041 278 sancimus
2072 251 2116 278 ea
2146 251 2238 287 quae
2269 241 2496 287 appellantur

1423 294 1469 321 ex
1484 294 1572 320 casu
1595 294 1668 320 non
1691 284 1854 322 omnibus
1901 290 2039 333 rompte
2061 286 2258 330 subiacere,
2282 287 2355 323 nisi
2376 290 2496 323 tamen

1422 328 1578 382 creditor
1608 328 1718 365 fuerit
1749 329 1810 374 qui
1840 296 1978 368 afhoc
2006 331 2122 378 ipsum
2145 331 2336 374 mutuavit,
2367 335 2410 368 ut
2431 331 2495 367 mi·

1421 373 1500 409 lina
1528 373 1581 409 illi
1611 375 1797 411 emeretur.
1848 374 2015 421 Alioquin
2045 377 2125 413 aliis
2157 377 2392 414 creditoribus
2424 387 2497 414 nou

1390 422 1409 454 5
1422 422 1585 464 prompte
1608 419 1733 472 damus
1756 418 1846 472 hoc:
1879 419 1943 456 sed
1966 421 1998 473 si
2021 422 2160 466 quidem
2187 422 2255 474 filii·
2270 421 2406 458 fuerint
2433 426 2498 475 aut

1422 463 2498 548 35⁰{ae‘2‘iftu'1‘1‘32‘etmssgssussffibffist‘ffiffffiffimmflsstss

1422 553 1580 606 habeant
1609 564 1683 607 non
1704 555 1886 598 tamquam
1915 558 2101 599 paternam
2123 556 2373 600 hereditatem,
2406 557 2437 593 si
2459 557 2498 592 in

1423 598 1501 634 alus
1524 609 1628 644 inops
1654 601 1711 641 eit,
1743 599 1807 635 sed
1837 601 2018 643 tamquam
2045 600 2262 647 imperialem
2288 601 2498 638 munificen-

391 637 582 683 βασιλικην
605 639 825 687 φιλοτιμίαν,
849 654 909 675 ινα
932 642 991 674 καὶ
1007 643 1080 675 τοῖς
1100 637 1228 676 οὐσίαν
1247 655 1353 677 κατα-
1370 646 1410 678 10
1423 644 1520 687 tiam,
1542 647 1583 679 ut
1601 646 1638 680 et
1656 643 1895 679 substantiam
1914 644 2194 690 relinquentibus
2215 650 2251 682 et
2269 657 2342 682 non
2362 647 2498 682 haben-

278 682 497 729 λιμπάνουσι
527 687 588 719 καὶ
609 689 683 720 τοῖς
708 683 771 720 οὐκ
794 688 912 741 ἥκουσι
940 683 987 719 τὰ
1010 683 1129 720 εἰκότα
1153 684 1354 730 βοηθήσαι-

275 742 354 772 μεν.
397 729 446 764 Εἰ
475 732 601 775 με’ντοι
634 728 748 766 οὐδεὶς
777 733 895 765 αυτοῖς
929 727 1010 764 οὔτε
1046 733 1129 765 παῖς
1160 730 1241 766 οὔτε
1266 730 1356 779 γυνὴ

277 773 507 818 καθεστήκοι,
528 772 610 810 οὐδὲ
630 774 816 819 δανειστὴς
835 773 853 810 ὁ
873 776 921 810 εἰς
942 773 1055 819 αὐτὴν
1074 773 1142 818 τὴν
1161 780 1355 822 στρατείαν

278 817 455 862 δανείσας,
477 822 677 863 τηνικαῦτα
700 824 759 854 καὶ
783 823 856 855 τοῖς
879 819 997 855 ἄλλοις
1023 818 1226 856 δανεισταῖς
1248 835 1355 866 μετα-

1424 688 1521 725 tibus
1551 690 1677 725 merito
1708 688 1881 725 solacium
1909 690 2155 734 praebeamus.
2202 691 2241 727 Si
2264 701 2348 728 vero
2379 692 2497 727 nullus

1423 733 1475 770 eis
1510 743 1625 779 neque
1658 733 1753 769 filius
1789 744 1903 779 neque
1934 744 2026 770 uxor
2056 735 2165 771 fuerit
2197 746 2312 782 neque
2344 736 2499 772 creditor

1424 778 1485 824 qui
1508 779 1554 815 ad
1576 779 1691 825 ipsam
1714 779 1875 814 militiam
1896 779 2083 822 mutuavit,
2114 782 2201 816 tunc
2223 786 2260 816 et
2283 781 2361 817 aliis
2386 781 2498 817 credi·

1423 824 1562 860 toribus
1593 824 1803 869 praebemus
1835 824 1941 866 haec,
1982 834 2026 860 ne
2057 823 2237 861 videamur
2266 826 2498 862 inhumanum

277 861 425 918 δίδομεν
454 866 534 900 τῶν
563 864 751 907 τοιούτων,
782 866 842 899 ἵνα
872 866 922 909 μὴ
954 862 1125 910 δόξαιμεν
1142 863 1354 920 ,ἄπάνθρω-
1371 871 1410 903 15
1423 869 1557 922 aliquid
1577 869 1698 905 facere
1722 873 1757 904 et
1773 879 1845 905 non
1861 871 2008 914 propter
2031 869 2126 914 piam
2150 873 2188 905 et
2210 870 2276 907 deo
2299 871 2498 916 placentem

276 921 351 943 πον
374 923 410 944 τι
427 913 545 945 ποιεῖν
569 914 628 944 καὶ
652 908 693 944 οὗ
717 908 769 944 δι’
793 909 922 955 εὐσεβῆ
944 913 1003 944 καὶ
1028 910 1109 955 θεῷ
1133 913 1355 958 αρέσκουσαν

276 954 409 1007 πρᾶξιν
432 955 580 989 τιθέναι
603 954 669 990 τὸν
692 955 813 1000 νόμον.
861 956 940 989 τῶν
971 958 1054 1002 περὶ
1082 956 1144 991 τ”ς
1166 960 1355 1003 στρατείας

276 1012 354 1034 των
370 999 625 1045 περιβλέπτων
649 999 901 1046 σιλεντιαρίων
922 998 1044 1035 ἰδικῶς
1067 998 1105 1035 δε
1129 1004 1272 1045 ομένων
1295 1005 1354 1037 καὶ

276 1043 613 1099 πεφιιλοτιμημένων
654 1042 772 1080 αὐτοῖς
812 1048 1023 1092 προνομίων
1065 1048 1126 1080 ἐπὶ
1165 1048 1226 1091 τῆς
1262 1045 1355 1082 ἰδίας

276 1099 392 1132 ισχυος
420 1102 623 1135 μενοντων.

1423 959 1806 1012 11μωςίΙεῃῐίωἰοτᾳω
1837 959 1980 1004 proprie
2004 959 2096 1012 datis
2128 916 2497 1006 etqfflpffissgfftffl:

1423 1004 1557 1049 vileglis
1581 1015 1617 1040 1n
1641 1013 1708 1040 sua
1731 1007 1862 1040 virtute
1885 1004 2123 1040 manenubus.

1423 917 1600 950 actionem
1623 923 1757 958 ponere
1779 913 1910 959 legem:
1947 914 1991 949 de
2014 914 2138 950 militia

1368 1095 1411 1129 20

1270 1205 1429 1242 CAPUT
1452 1206 1514 1243 VI.

279 1308 298 1321 υ
326 1264 472 1313 Ἐπειδὴ
495 1267 535 1304 δὲ
558 1269 646 1317 πρὸς
669 1269 958 1316 φιλανθρωπίαν
982 1267 1074 1307 ἅπας
1098 1269 1181 1317 ἡμῖν
1204 1270 1223 1307 ὁ
1248 1271 1354 1317 νόμος

275 1326 462 1368 ηρμοσται,
481 1313 625 1360 ὁρῶμεν
643 1314 686 1350 δέ
701 1327 801 1351 τινας
820 1318 1073 1351 συνοικοῦντας
1092 1318 1231 1364 γυναιξὶ
1253 1330 1352 1363 προι-

276 1371 386 1402 κῳων
409 1363 533 1405 χωρίς,
565 1360 645 1395 εἶτα
666 1359 919 1405 τελευτῶντας,
948 1365 1008 1395 καὶ
1029 1361 1112 1397 τοὺς
1133 1364 1200 1406 μὲν
1223 1360 1355 1398 παῖδας

276 1405 315 1437 ἐκ
338 1404 401 1438 τοῦ
425 1402 535 1450 νόμου
559 1403 791 1459 καλουμένους
815 1405 992 1460 πρόςιτὸν
1016 1409 1190 1454 πατρῷον
1213 1407 1353 1455 κλῆρον,

1475 1274 1650 1318 Quoniam
1680 1283 1766 1309 vero
1796 1274 1843 1310 ad
1873 1274 2095 1311 clementiam
2127 1275 2241 1311 omnis
2274 1286 2297 1311 a
2315 1275 2418 1310 nobis
2442 1275 2501 1310 lex

1422 1321 1547 1363 aptata
1563 1322 1626 1361 est,
1651 1318 1808 1355 videmus
1832 1323 1951 1356 autem
1972 1320 2145 1365 quosdam
2169 1322 2399 1356 cohaerentes
2423 1331 2500 1355 mu·

1421 1363 1569 1399 lieribus
1592 1363 1772 1407 indotatis,
1805 1364 1931 1400 deinde
1954 1366 2155 1407 morientes,
2187 1369 2223 1401 et
2245 1365 2336 1401 filios
2361 1364 2500 1409 quidem

1423 1418 1467 1444 ex
1490 1409 1566 1454 lege
1590 1412 1735 1444 vocatos
1768 1409 2028 1454 ad.paternam
2055 1410 2303 1453 hereditatem,
2334 1410 2499 1445 mulieres

275 1447 339 1483 τὰς
366 1447 406 1483 δὲ
434 1453 619 1497 γυναῖκας,
655 1465 722 1485 καν
749 1452 781 1485 εἰ
810 1463 972 1497 μυριακις
1004 1454 1044 1486 έν
1073 1451 1173 1493 τάξει
1202 1457 1354 1497 νομίμης
1367 1455 1409 1488 25
1423 1457 1552 1496 autem,
1577 1453 1661 1489 licet
1685 1453 1802 1489 decies
1827 1454 1937 1490 milies
1962 1455 1999 1489 in
2024 1459 2121 1490 statu
2143 1456 2175 1490 le
2201 1456 2317 1490 ltimae
2341 1455 2500 1499 coniugis

274 1495 428 1541 γαμετῆς
447 1495 672 1539 συνῴκησαν,
696 1493 776 1531 ἀλλ’
795 1490 858 1531 οὖν
881 1495 939 1531 διὰ
958 1495 1001 1531 τὸ
1023 1495 1072 1544 μὴ
1119 1498 1270 1532 ενέσθαι
1290 1498 1353 1542 μή·
1422 1498 1629 1540 manserint,
1655 1501 1812 1534 attamen
1834 1509 1875 1534 eo
1895 1499 1990 1544 quod
2013 1510 2085 1535 non
2109 1501 2156 1535 sit
2192 1504 2274 1535 acta
2297 1510 2412 1544 neque
2435 1499 2500 1535 dos

275 1552 315 1573 τε
338 1542 470 1586 προῖκα
491 1539 581 1597 μήτε
605 1545 853 1587 προγαμιαίαν
877 1539 1019 1595 δωρεᾲν
1041 1556 1090 1587 μη
1116 1545 1155 1577 ἐν
1178 1546 1272 1585 ἔχειν
1296 1541 1352 1577 δυ·
1423 1554 1538 1624 negue
1573 1544 1827 1589 antenuptialis
1864 1544 2008 1580 donatio
2044 1545 2131 1579 nihil
2166 1545 2299 1580 habere
2330 1544 2499 1586 valentes,

275 1588 451 1629 ναμένας,
485 1584 568 1620 αλλ’
607 1585 736 1634 ἐσχάτῃ
771 1585 934 1629 συζώσας
969 1591 1112 1633 απορίᾳ,
1152 1586 1211 1622 διὰ
1246 1589 1353 1623 τοῦτο
1424 1599 1462 1625 se
1517 1589 1707 1625 novissima
1738 1589 1893 1625 viventes
1926 1589 2066 1635 inopia,
2102 1594 2291 1635 propterea
2321 1590 2500 1625 sancimus

278 1630 512 1675 θεσπίζομεν,
548 1629 726 1677 πρόνοιαν
760 1632 936 1678 γενέσθαι
969 1631 1111 1667 τούτων
1144 1636 1204 1667 καὶ
1238 1635 1278 1668 ἐν
1307 1634 1352 1681 τῇ
1423 1634 1681 1679 providentiam
1715 1634 1793 1669 fieri
1828 1635 1934 1670 etiam
1969 1635 2095 1670 harum
2133 1639 2168 1670 et
2203 1635 2240 1671 in
2274 1635 2500 1671 successione

276 1673 426 1728 διαδοχῇ
453 1677 518 1710 τοῦ
547 1674 840 1720 τελευτήσαντος,
870 1680 932 1711 καὶ
961 1676 1030 1721 τὴν
1052 1676 1225 1729 τοιαύτην
1247 1692 1354 1725 γαμε-
1367 1681 1410 1713 30
1424 1679 1606 1715 morientis
1638 1682 1675 1714 et
1697 1679 1900 1715 huiusmodi
1924 1686 2070 1715 uxorem
2094 1690 2174 1715 cum
2197 1680 2280 1716 filiis
2304 1680 2433 1724 vocari,
2451 1679 2502 1715 Et

275 1733 344 1763 την
361 1718 453 1765 μετὰ
473 1721 551 1756 τῶν
570 1719 717 1757 παίδων
737 1721 940 1757 καλεῖσθαι.
981 1725 1040 1757 καὶ
1062 1719 1178 1770 ὥςπερ
1198 1721 1352 1770 ἐγράψα-
1424 1725 1517 1760 sicut
1547 1724 1754 1769 scripsimus
1785 1725 1899 1769 legem
1928 1725 2120 1768 volentem,
2153 1726 2184 1761 si
2213 1725 2289 1761 sine
2320 1725 2402 1760 dote
2426 1725 2499 1760 exi-

274 1779 342 1809 μεν
366 1762 479 1810 νόμον
500 1765 730 1811 βουλόμενον,
753 1768 853 1815 εἴπερ
871 1765 1047 1814 ἄπροικον
1071 1761 1185 1803 οὖσαν
1204 1769 1273 1812 τὴν
1291 1782 1353 1816 γα·
1424 1772 1574 1805 stentem
1599 1780 1745 1805 uxorem
1777 1769 1829 1805 vir
1861 1770 2044 1812 dimiserit,
2077 1774 2241 1815 quartam
2262 1774 2400 1815 partem
2424 1770 2501 1805 eius

275 1809 388 1854 μετὴν
418 1807 439 1846 ὁ
462 1810 553 1856 ἆνῆρ
575 1808 850 1858 ἄποπέμψεται,
871 1811 926 1847 χτὸ
951 1816 1127 1858 τέταρτον
1164 1817 1269 1860 μέρος
1295 1814 1357 1857 τῆς
1425 1815 1648 1850 substantiae
1677 1815 1843 1859 accipere
1875 1825 1970 1858 eam,
2006 1816 2057 1850 sic
2089 1816 2196 1851 etiam
2227 1815 2299 1858 hic,
2335 1815 2501 1860 quoniam

277 1853 386 1891 αὐτοῦ
416 1860 620 1904 περιουσίας
649 1855 848 1902 λαμβάνειν
872 1855 995 1901 αὐτήν,
1030 1855 1126 1893 οὕτω
1146 1856 1350 1901 κάνταῦθα,
1422 1860 1595 1905 contingit
1625 1859 1719 1896 forte
1750 1870 1886 1904 paucos
1917 1863 1982 1895 aut
2004 1861 2126 1905 plures
2150 1871 2228 1897 esse
2251 1861 2360 1902 filios,
2394 1870 2499 1905 quar-

276 1898 470 1948 ἐπειδήπερ
501 1901 592 1937 εἰκὸς
621 1899 758 1948 ὀλίγους
787 1902 809 1946 ἢ
832 1901 972 1937 πλείους
995 1903 1088 1938 εἶναι
1111 1902 1253 1945 παῖδας,
1286 1902 1353 1947 τὴν
1367 1907 1408 1940 35
1423 1908 1496 1940 tam
1514 1909 1653 1951 partem
1673 1905 1898 1941 substantiae
1918 1906 2050 1941 habere
2069 1906 2262 1948 mulierem,
2287 1906 2360 1941 sive
2378 1907 2500 1950 plures

276 1945 453 1992 τετάρτην
481 1948 544 1991 τῆς
573 1951 777 1994 περιουσίας
807 1951 937 1995 μοῖραν
960 1949 1176 1993 κομίζεσθαι
1206 1947 1273 1992 τὴν
1295 1962 1352 1996 yv-
1423 1950 1496 1986 sive
1526 1950 1643 1986 minus
1674 1950 1738 1986 filii
1767 1950 1911 1986 fuerint.
1960 1950 1998 1986 Si
2020 1955 2140 1988 tamen
2170 1952 2327 1996 legatum
2358 1950 2501 1997 aliquod

276 1993 394 2034 ναῖκα,
413 1992 486 2026 εἴτε
503 1990 643 2027 πλείους
659 1993 730 2027 εἴτε
747 1990 913 2027 ἐλάττους
928 1993 965 2028 οἱ
979 1992 1103 2028 παῖδες
1118 1994 1198 2028 εἶεν.
1230 1995 1262 2028 εἰ
1273 1997 1355 2038 μέν·

333 2073 406 2104 cap.
429 2061 528 2104 1⁷51
556 2062 795 2105 (Θεσπίζομεν
818 2061 881 2095 τὰς
892 2086 992 2097 .....
995 2063 1007 2105 )
1031 2070 1119 2096 extat
1140 2063 1177 2097 B
1203 2064 1256 2105 25,
1271 2070 1287 2096 6
1312 2063 1374 2105 (13⁸
1396 2077 1430 2107 p.
1444 2065 1510 2097 322
1530 2064 1647 2106 Zach.)

331 2118 404 2149 cap.
431 2106 486 2140 VI
503 2119 562 2141 om.
586 2107 635 2149 L,
666 2108 805 2141 eiusdem
830 2108 1014 2151 particulas
1044 2109 1202 2151 quasdam
1231 2121 1300 2142 cum
1324 2109 1469 2141 novellae
1491 2109 1639 2143 CXVII
1657 2122 1730 2152 cap.
1745 2112 1764 2144 5
1790 2110 2024 2143 contaminatas
2048 2110 2172 2143 exhibet
2197 2109 2231 2143 Β
2257 2111 2355 2151 28‚12
2381 2112 2436 2155 (cs.
2452 2110 2499 2144 B*

272 2164 308 2194 p.
325 2152 384 2185 161
402 2151 519 2194 Zach.)
544 2153 680 2194 indeque
701 2153 752 2186 illi
773 2153 919 2186 novellae
943 2153 1082 2186 insertas
1106 2154 1219 2195 repetit
1239 2153 1271 2186 L
1286 2155 1321 2196 s.
1340 2154 1416 2190 142.
1440 2154 1525 2186 unde
1550 2154 1692 2186 lectionis
1717 2155 1971 2196 discrepantiam
1995 2156 2115 2188 notavi.

274 2231 297 2265 1
342 2229 546 2276 Propterea
569 2229 683 2276 iqitur
704 2230 904 2273 sancimus,
938 2235 979 2265 ut
1001 2241 1045 2266 ea
1068 2241 1163 2276 quae
1184 2234 1271 2266 sunt
1300 2242 1350 2267 ex
1380 2241 1468 2266 casu
1492 2231 1555 2277 qui
1578 2235 1728 2267 vocatur
1750 2232 1900 2267 militiae
1929 2242 2003 2267 non
2031 2232 2144 2267 cuivis
2176 2236 2305 2268 temere
2327 2234 2500 2285 oppiqne-

274 2278 414 2316 rentur,
445 2274 517 2309 nisi
543 2274 576 2310 si
599 2273 759 2310 creditor
779 2275 828 2310 sit
857 2275 921 2321 qui
950 2274 1000 2310 ad
1021 2274 1090 2310 Izoc
1112 2275 1230 2322 ipsum
1254 2276 1459 2322 pecuniam
1480 2275 1634 2312 credidit
1662 2280 1703 2311 ut
1734 2277 1863 2312 militia
1892 2277 1954 2312 ille
2009 2276 2172 2312 otiretur.
2228 2276 2329 2313 Certe
2351 2278 2501 2324 reliquis

275 2318 514 2355 creditoribus
536 2331 610 2355 non
635 2323 765 2355 temere
787 2320 857 2356 hoc
879 2320 1126 2356 concedimus:
1155 2319 1221 2356 sed
1242 2322 1276 2356 si
1298 2320 1471 2366 defuncto
1499 2320 1603 2356 liberi
1633 2321 1706 2356 sint
1735 2321 1792 2357 vel
1818 2332 1928 2364 uxor,
1990 2332 2030 2357 os
2063 2321 2227 2358 omnibus
2257 2322 2373 2358 modis
2401 2328 2499 2359 ante-

272 2365 462 2411 ponimus,
493 2368 535 2400 ut
565 2369 602 2401 et
629 2364 762 2401 adeant
792 2376 860 2401 nos
890 2370 925 2402 et
954 2365 1149 2401 secundum
1180 2365 1374 2401 iussionem
1401 2370 1564 2402 nostram
1587 2377 1631 2401 ea
1655 2366 1840 2412 auferant,
1873 2378 1947 2402 non
1973 2373 2154 2412 tamquam
2180 2372 2376 2414 paternam
2400 2367 2500 2404 llere-

275 2409 435 2452 dilatem,
465 2409 498 2445 si
522 2409 664 2456 quidem
686 2411 870 2457 ceteroqui
892 2411 1001 2457 inops
1023 2410 1082 2453 sit,
1113 2410 1178 2447 sed
1201 2414 1383 2457 tamquam
1407 2410 1627 2458 imperialem
1648 2411 1920 2453 liberalitatem
1954 2423 2026 2458 quo
2051 2416 2085 2447 et
2108 2412 2154 2447 iis
2185 2412 2248 2458 qui
2271 2412 2367 2449 bona
2390 2413 2499 2449 relin-

275 2459 391 2501 quunt
419 2459 456 2491 et
512 2456 551 2491 ui
577 2454 670 2491 nihil
695 2454 828 2491 habent
855 2466 958 2503 opem
989 2467 1098 2502 quam
1127 2467 1200 2501 par
1229 2462 1284 2491 est
1301 2456 1478 2502 feramus.
1533 2455 1575 2491 Si
1596 2467 1680 2492 vero
1701 2456 1747 2492 iis
1777 2467 1841 2492 nec
1866 2456 1967 2501 filius
1991 2457 2086 2492 ullus
2114 2468 2179 2493 nec
2202 2468 2302 2494 uoeor
2325 2458 2499 2501 extiterit,

275 2511 390 2547 neque
414 2511 474 2537 cre
499 2501 572 2536 itor
601 2500 664 2546 qui
693 2500 732 2535 in
764 2501 882 2548 ipsam
910 2501 1074 2536 militiam
1105 2500 1276 2544 credidit,
1310 2505 1394 2537 tunc
1417 2505 1555 2537 ceteros
1584 2512 1728 2547 quoque
1756 2502 1955 2538 creditores
1986 2503 2024 2537 in
2049 2507 2194 2549 partem
2224 2513 2349 2538 earum
2380 2514 2500 2539 rerum

274 2556 461 2588 vocamus,
492 2556 537 2581 ne
561 2545 651 2592 quid
671 2544 857 2582 videamur
887 2545 1075 2582 inhumani
1097 2546 1225 2590 facere
1255 2557 1299 2581 ac
1322 2557 1397 2582 non
1416 2550 1574 2598 propter
1590 2547 1695 2592 piam
1720 2547 1896 2583 actionem
1923 2551 1958 2582 et
1981 2546 2047 2583 deo
2072 2548 2384 2628 acceptamdserre
2406 2547 2501 2584 hano

275 2590 398 2637 leqem.
455 2590 615 2628 Ceterum
633 2591 831 2637 privileqia
854 2602 949 2637 quae
978 2590 1023 2627 de
1046 2591 1175 2627 militia
1198 2591 1446 2638 spectabilium
1469 2590 1753 2628 silentiariorum
1776 2591 1982 2639 specialiter
2005 2591 2093 2628 data
2116 2592 2232 2638 iisque
2282 2597 2393 2629 onata
2414 2598 2500 2630 sunt

275 2637 313 2671 in
335 2646 404 2671 sua
423 2636 597 2680 firmitate
620 2641 798 2672 maneant.

410 2681 470 2716 VI.
526 2679 703 2724 Quoniam
732 2691 817 2717 vero
853 2681 902 2717 ad
930 2680 1188 2717 humanitatem
1225 2685 1302 2717 tota
1332 2681 1435 2717 nobis
1470 2682 1532 2718 lex
1563 2681 1836 2717 accommodata
1866 2685 1936 2722 est,
1976 2681 2135 2718 videmus
2169 2687 2288 2719 autem
2322 2683 2500 2729 quosdam

275 2725 484 2763 mulieribus
510 2726 564 2762 uti
586 2726 664 2762 sine
687 2725 772 2762 dote
794 2727 928 2774 nuptis,
953 2726 1081 2762 deinde
1104 2725 1285 2768 decedere,
1317 2731 1353 2762 et
1374 2726 1506 2763 liberos
1529 2726 1671 2773 quidem
1703 2737 1752 2763 ex
1775 2726 1854 2772 leqe
1884 2726 1934 2762 ad
1956 2731 2149 2774 paternam
2180 2726 2415 2764 hereditatem
2439 2740 2499 2764 vo-

275 2772 364 2813 cari,
393 2771 560 2807 mulieres
583 2776 715 2813 autem,
747 2771 830 2807 licet
850 2771 1042 2807 sescenties
1065 2770 1246 2817 leqitimae
1269 2771 1402 2808 uxoris
1425 2771 1542 2807 locum
1567 2771 1797 2813 obtinuerint,
1831 2775 1947 2807 tamen
1974 2772 2060 2818 quia
2083 2783 2148 2808 nec
2171 2771 2237 2808 dos
2259 2783 2326 2808 nec
2347 2773 2498 2809 donatio

275 2816 535 2863 antenuptiales
556 2816 664 2861 facta
686 2816 745 2858 sit,
768 2816 860 2852 nillil
881 2815 1013 2852 habere
1028 2827 1154 2863 posse,
1177 2816 1242 2852 sed
1264 2817 1302 2851 in
1325 2820 1488 2852 extrema
1512 2816 1639 2862 inopia
1665 2816 1799 2852 vivere:
1833 2821 2035 2863 propterea
2057 2817 2249 2859 sancimus,
2274 2823 2314 2853 ut
2334 2817 2390 2853 his
2410 2829 2499 2864 quo-

302 2872 345 2898 ue
360 2861 615 2908 prospiciatur
638 2861 676 2896 in
698 2861 922 2898 successione
944 2861 1122 2907 defuncti,
1146 2865 1255 2908 atque
1275 2860 1449 2897 eiusmodi
1471 2872 1570 2897 uxor
1593 2873 1666 2896 una
1688 2872 1767 2896 cum
1787 2860 1909 2897 liberis
1929 2865 2085 2898 vocetur.
2130 2860 2180 2897 Et
2200 2862 2498 2908 quemadmodum

333 2917 388 2942 em
411 2906 620 2957 scripsimus
643 2917 749 2949 suae,
771 2906 947 2953 siquidem
971 2906 1026 2943 vir
1048 2917 1204 2942 uxorem
1227 2907 1305 2943 sine
1328 2906 1412 2942 dote
1434 2911 1583 2953 nuptam
1607 2906 1792 2948 dimiserit,
1822 2911 1992 2958 quartam
2011 2910 2155 2959 partem
2176 2906 2400 2943 substantiae
2421 2908 2499 2943 eius

273 2951 303 2986 it
315 2962 374 2987 am
405 2961 570 2997 accipere
600 2961 645 2986 vu
664 2955 694 2993 t,
729 2952 782 2987 ita
814 2951 872 2987 llic
929 2962 1064 2998 uoque,
1103 2963 1184 2987 cum
1212 2952 1315 2997 forte
1338 2950 1470 2997 plures
1501 2951 1556 2987 vel
1581 2952 1777 2997 pauciores
1809 2956 1883 2987 sznt
1915 2951 2034 2994 libm,
2074 2956 2243 2997 quartam
2275 2952 2498 2988 substantiae

269 3001 414 3042 partem
437 2995 566 3032 mulier
589 2996 759 3042 accipiat,
782 2996 856 3033 sive
872 2963 1003 3043 piures
1025 2997 1099 3032 sive
1116 2996 1316 3043 pauciores
1339 2995 1411 3031 sint
1434 2995 1547 3032 liberi.
1595 2994 1639 3031 Si
1661 2995 1761 3042 quod
1783 3007 1867 3033 vero
1892 2996 2050 3043 leqatum
2074 2997 2110 3032 ei
2130 2997 2283 3032 maritus
2309 2996 2499 3043 reliquerit

1418 3100 1487 3119 nov.
1513 3086 1643 3119 CXVII
1660 3099 1685 3119 c.
1705 3088 1724 3120 5
1748 3082 1844 3119 οἷτω
1867 3086 2032 3130 μέντοιγε
2057 3103 2098 3108 -—
2124 3081 2356 3127 ἐκελεύσαμεν
2378 3083 2487 3127 νόμου

1418 3133 1599 3164 inseruntur
1623 3132 1789 3164 decurtata
1804 3130 1816 3172 ΙΙ
1836 3131 1878 3164 32
1894 3126 2018 3170 νόμον]
2045 3142 2114 3162 nov.
2132 3129 2255 3162 XXII
2266 3142 2292 3163 c.
2312 3131 2352 3164 18

1462 3221 1482 3254 2
1503 3231 1542 3253 ex
1560 3223 1649 3262 casu]
1671 3230 1710 3254 ex
1729 3229 1827 3252 causa
1846 3219 1921 3261 R¹1l
1946 3219 2110 3261 prompte]
2135 3216 2227 3260 pron]
2250 3217 2297 3250 V·
2323 3218 2496 3258 propterea

1416 3265 1521 3307 igitur
1537 3266 1722 3298 sanccimus
1738 3264 1786 3298 R¹
1811 3263 1824 3308 ΙΙ
1850 3265 1869 3298 3
1889 3263 2096 3296 mutuauerit
2111 3262 2145 3296 R
2171 3260 2184 3305 Ι]
2214 3263 2236 3295 4
2252 3263 2397 3310 emerent
2412 3259 2461 3292 Β*
2492 3260 2497 3303 Ι

1417 3313 1437 3344 5
1461 3313 1623 3353 prompte]
1648 3312 1822 3353 propterea
1847 3308 1896 3342 Β*
1925 3307 1938 3352 u
1965 3309 1985 3341 6
2010 3317 2112 3341 uxore
2140 3306 2193 3340 V¹
2219 3306 2233 3349 fl
2266 3304 2389 3355 desueti
2421 3304 2454 3336 V
2491 3306 2514 3351 Ι-

1418 3357 1436 3389 7
1457 3358 1601 3388 nostram
1616 3356 1794 3388 iussionem
1816 3352 1873 3397 Vfl
1889 3354 1951 3385 hoo
1969 3351 2029 3398 Ru
2057 3354 2077 3386 9
2093 3351 2169 3385 aliis
2192 3351 2299 3399 inope]
2324 3347 2411 3380 alius
2435 3360 2495 3403 pps

1424 3399 1482 3442 V!
1500 3402 1536 3434 11
1555 3400 1739 3433 meritorito
1759 3398 1809 3433 V¹
1825 3398 1838 3442 ΙΙ
1867 3399 1907 3432 16
1930 3398 2052 3440 quippe
2077 3396 2213 3438 Vvuly.]
2237 3392 2369 3435 qmdem
2396 3392 2466 3426 ΗΓ
2485 3393 2489 3437 Ι

1420 3446 1458 3478 17
1476 3445 1685 3478 silentiarum
1700 3444 1748 3478 Β*
1766 3443 1779 3488 ΙΙ
1803 3444 1846 3477 22
1861 3445 1974 3485 aptata
1993 3442 2047 3476 υιιί
2070 3443 2092 3483 .]
2115 3443 2192 3482 apta
2209 3438 2243 3471 R
2265 3439 2379 3488 aperta
2400 3437 2464 3470 VT
2485 3440 2490 3481 Ι

1416 3489 1611 3523 mulieribus
1629 3509 1673 3515 —
1692 3489 1869 3522 morientes
1894 3489 1942 3521 bis
1961 3499 2022 3520 scr.
2045 3454 2095 3519 θ’
2120 3484 2134 3528 Ι
2163 3483 2205 3517 23
2229 3480 2356 3532 demde·
2371 3491 2412 3523 co
2437 3482 2494 3515 de-

277 3533 465 3573 praebemus
485 3536 565 3568 haec
582 3536 630 3580 ςΙ
657 3538 697 3571 16
717 3533 759 3570 οὗ
779 3533 846 3578 δι’]
870 3532 952 3569 οὐδὲ
973 3537 1009 3569 Β
1032 3535 1045 3579 11
1069 3538 1107 3570 21
1124 3531 1316 3570 ἅπασανΙ,
1416 3534 1494 3567 inde
1517 3534 1694 3568 morientes
1718 3533 1752 3567 R
1783 3533 1796 3576 fl
1831 3534 1873 3567 25
1895 3534 2017 3565 statum
2043 3529 2075 3563 R
2105 3527 2119 3572 Ι
2152 3527 2194 3561 26
2217 3530 2375 3577 mmefft
2396 3526 2444 3559 R¹
2482 3525 2495 3571 ΙΙ

279 3578 319 3609 2Ἱ
335 3573 472 3620 δωρεὰν
490 3583 732 3624 προγαμιαίαν
745 3581 781 3615 Β
799 3580 812 3626 {l
833 3578 924 3624 μηδὲ
943 3581 1036 3622 ἔχειν
1057 3582 1109 3622 (τί
1120 3581 1196 3615 add.
1209 3580 1270 3622 ζ’)
1284 3580 1315 3614 L
1418 3580 1460 3613 28
1484 3579 1598 3622 inopia
1621 3592 1680 3613 om.
1693 3579 1743 3612 13¹
1770 3577 1783 3623 ΙΙ
1814 3579 1857 3612 29
1881 3575 2092 3620 prouidentia
2112 3572 2146 3606 V
2165 3571 2251 3622 '1⁸30
2275 3573 2308 3602 et
2331 3573 2431 3612 sicut]
2461 3575 2495 3605 et

278 3616 474 3661 δυναμένου
488 3624 531 3655 L¹
552 3625 564 3666 11
587 3627 628 3658 29
643 3622 830 3669 πρόνοιαν]
845 3628 969 3659 ονοίαν
981 3626 1028 3659 L¹
1043 3624 1057 3670 ΙΙ
1074 3622 1228 3667 τοῦτων]
1250 3625 1349 3658 etiam
1417 3637 1473 3657 om.
1497 3624 1549 3657 V⁰
1570 3624 1583 3669 ΙΙ
1608 3625 1649 3659 33
1675 3625 1758 3665 eam]
1782 3622 1854 3656 eius
1874 3622 1928 3655 V·
1951 3620 1966 3665 Ι
1988 3618 2219 3670 3430nt1ng1t
2242 3615 2386 3666 Bou-effi]
2413 3626 2493 3649 ⁰⁰11-

278 3665 395 3697 hm'um
420 3667 452 3706 (i.
467 3679 492 3699 e.
505 3670 562 3699 nat
581 3669 735 3712 τούτων)
753 3682 773 3707 e
794 3671 806 3712 ΙΙ
834 3672 876 3705 30
892 3672 951 3703 καὶ
971 3667 1039 3713 τὴν
1054 3690 1098 3695 -
1115 3671 1156 3705 35
1169 3666 1302 3704 παῖδας
1321 3676 1352 3703 ee
1417 3668 1495 3711 tigit
1513 3669 1597 3711 VTn
1615 3670 1659 3703 36
1671 3668 1740 3702 nive
1752 3667 1873 3707 minue]
1894 3660 2203 3705 riutwlun)m1hu⁸
2222 3660 2270 3694 V¹
2290 3669 2400 3694 minus
2421 3660 2495 3707 V³u

277 3710 319 3743 37
339 3707 411 3742 εἴτε
432 3728 473 3734 -
494 3709 566 3744 εἷεν
578 3724 634 3746 om.
648 3714 724 3756 BL,
747 3716 779 3749 in
793 3718 908 3758 quibus
914 3723 992 3759 poet
1006 3717 1158 3762 γυναῖκα
1170 3716 1239 3759 (36)
1251 3716 1350 3750 verba
1417 3714 1556 3756 fuerint]
1581 3714 1667 3747 flunt
1690 3713 1725 3746 R
1756 3712 1824 3744 sint
1844 3711 1878 3744 V

321 3090 337 3122 1
351 3084 398 3121 τὰ
412 3087 452 3120 ἐκ
466 3086 530 3120 τοῦ
546 3084 764 3130 καλουμένου
779 3086 889 3121 κάσου
906 3090 1094 3133 στρατείας
1106 3088 1135 3121 Ι.
1148 3088 1193 3120 Β.
1206 3087 1349 3120 ΚοεΙιΙεν

275 3135 406 3176 interpr.
420 3139 451 3166 et
467 3133 586 3165 emend.
607 3134 686 3166 iuris
699 3133 790 3166 Rom.
806 3134 850 3174 (a.
865 3134 965 3174 1792)
984 3133 1007 3165 I
1022 3135 1065 3167 99
1084 3134 1139 3176 (cf.
1161 3132 1283 3166 Theoti.
1303 3129 1350 3164 τὰ

274 3179 312 3210 ἐκ
334 3177 398 3211 τοῦ
422 3187 516 3210 casov
539 3177 600 3219 τῆς
623 3180 819 3222 στρατείας,
851 3179 928 3212 Atta.
953 3175 999 3211 τὰ
1022 3177 1095 3219 (τὰς
1119 3177 1203 3219 cod.)
1226 3177 1264 3209 ἐκ
1286 3175 1349 3209 τοῦ

274 3222 382 3256 κάσου
406 3221 484 3256 τῶν
507 3220 781 3267 πιπράσκεσθαι
812 3220 1024 3266 δυναμένων
1048 3221 1250 3268 στρατειῶν
1273 3232 1347 3265 κερ-

274 3264 482 3310 δαινόμενα,
498 3268 566 3301 eim.
579 3267 668 3309 [πω]
684 3266 746 3301 τὰς
763 3268 800 3300 ἐκ
813 3268 877 3301 τοῦ
890 3264 1106 3310 καλουμένου
1122 3265 1230 3300 κάσου
1243 3277 1347 3312 στρα-

274 3315 369 3345 τείας
385 3310 530 3353 (κάσσου
544 3310 714 3355 στρατιὰς
728 3313 769 3354 L)
793 3313 902 3346 MLB
920 3323 958 3345 ea
978 3323 1062 3354 quae
1082 3311 1292 3355 appellantur
1310 3321 1348 3343 ex

275 3367 351 3389 casu
375 3368 395 3392 ς
418 3359 472 3400 (cs.
496 3369 565 3391 nov.
580 3357 726 3390 XCVII
746 3370 772 3390 c.
788 3359 820 3399 4)
841 3359 852 3398 ll
879 3359 900 3391 4
924 3358 1058 3390 ἐκείνου
1077 3358 1109 3390 L
1134 3355 1148 3401 ΙΙ
1175 3358 1196 3391 6
1220 3354 1350 3389 τούτου

276 3401 354 3451 ¹⁴¹]
376 3403 394 3434 '1
409 3404 648 3467 προκρίνομεν
663 3402 734 3443 Μς]
756 3401 1021 3447 προκρίνεσθαι
1033 3402 1103 3435 LB
1120 3401 1132 3445 ΙΙ
1148 3413 1188 3435 τε
1200 3414 1258 3435 om.
1269 3401 1320 3434 L⁰
1337 3400 1342 3444 Ι

276 3446 296 3477 9
314 3456 455 3488 απειρος
468 3447 500 3479 L
541 3447 554 3490 ss
584 3449 623 3481 12
644 3444 726 3480 οὔτε
746 3448 840 3487 παῖς]
862 3445 942 3479 οὔτε
963 3459 1020 3480 οηι.
1035 3447 1077 3488 L,
1098 3447 1182 3481 παῖς
1197 3459 1255 3479 οηι.
1270 3445 1318 3479 L*
1339 3447 1342 3485 ξ

280 3490 319 3520 13
337 3486 458 3531 αὐτὴν]
480 3489 618 3534 ταύτην
632 3492 666 3525 Β
689 3492 702 3535 ΙΙ
734 3493 774 3526 14
797 3488 1037 3534 μεταδίδομεν
1060 3491 1138 3525 τῶν
1160 3486 1348 3531 τοιούτων]
