2618 4010
159 125 218 160 DE
248 125 424 160 NUPTHS

1239 110 1317 159 159

2039 115 2147 160 Nov.
2180 115 2308 159 XXII
2342 118 2390 159 19

1131 292 1288 330 CAPUT
1314 292 1412 329 XIX.

205 381 305 417 Ἐστι
338 381 379 417 δέ
405 395 440 416 τι
472 385 530 416 καὶ
560 384 684 430 ἕτερον
714 381 799 427 ἡμῖν
830 382 971 429 εὐσεβές
1000 397 1041 419 τε
1070 380 1143 429 ἅμα
1175 386 1234 417 καὶ

156 432 280 474 χαρίεν
303 428 553 473 ἐξευρημένον,
583 428 681 462 ἔνθα
712 433 771 462 καὶ
796 429 1000 476 ῥεπούδίιυν
1024 429 1235 464 σταλέντων

157 472 193 507 οἱ
212 470 319 520 γάμοι
340 475 509 517 μένουσιν
531 475 596 508 ἔτι.
643 473 706 508 τὰς
727 474 795 520 γὰρ
820 477 898 509 τῶν
921 472 1147 516 ύπεξουσίων
1171 487 1234 510 πο·

155 521 278 563 νηρίας
300 520 381 565 περὶ
405 517 486 553 τούς
504 522 662 565 πατέρας
685 517 894 555 κωλύοντες·
915 519 1040 563 ἐπειδή
1060 531 1160 555 τινας
1181 516 1233 554 ei?-

157 576 266 608 ρομεν
297 561 501 606 ἐξεπίτηδες
532 562 705 612 ῥεπούδια
739 563 892 611 γράφειν
921 563 1144 600 σπεύδοντας
1174 568 1234 598 καὶ

156 611 313 652 πέμπειν
332 611 409 643 ταῖς
429 604 553 643 αὐτῶν
570 613 749 655 γαμεταῖς,
773 608 795 654 ἢ
811 613 871 645 καὶ
896 609 1114 645 τούναντίον
1129 608 1233 655 μηδε-

154 654 236 697 μιᾶς
258 651 404 700 εὐλόγου
428 653 616 689 παντελῶς
647 652 804 698 ὑπούσης
828 657 944 690 αἰτίας
968 653 1130 689 διαλύειν
1153 654 1235 689 τούς

154 697 303 744 γάμους,
336 695 424 733 (ὅςτε
453 697 535 734 τούς
559 697 683 735 αὐτῶν
713 703 828 747 γονεῖς
857 697 1134 745 ύποβάλλεσθαι
1157 703 1236 734 ταῖς

156 745 311 777 ἐκτίσεσι
342 745 403 787 τῆς
435 744 581 790 προικὸς
604 741 632 800 ’ἢ
661 747 724 789 τῆς
758 744 844 800 πρὸ)
859 744 972 792 γάμου
1004 743 1156 799 δωρεᾶς,
1187 744 1235 779 ὠς

1350 383 1419 419 Est
1444 394 1584 429 quoque
1608 382 1786 428 quoddam
1812 387 1847 419 et
1870 384 1967 419 aliud
1991 395 2013 419 a
2036 386 2140 422 nobis
2164 386 2262 432 pium
2283 387 2387 423 simul

1305 431 1340 463 et
1370 434 1512 472 gratum
1549 429 1797 472 adinventum,
1837 429 1900 464 ubi
1936 430 2042 464 etiam
2079 432 2236 476 repudiis
2272 432 2388 468 missis

1303 475 1448 519 nuptiae
1476 475 1679 510 consistunt
1713 473 1844 510 adhuc.
1892 474 2028 509 Eorum
2059 486 2210 521 namque
2236 478 2297 522 qui
2320 478 2388 512 sub

1303 522 1484 564 potestate
1502 523 1585 555 sunt
1603 519 1817 555 calliditates
1839 519 1937 554 circa
1954 524 2123 564 parentes
2143 522 2283 558 habitas
2303 532 2386 568 pro·

1270 567 1288 597 5
1303 564 1484 600 bibemus:
1511 565 1679 609 quoniam
1704 565 1877 610 quosdam
1902 565 2099 601 invenimus
2125 577 2167 601 ex
2192 567 2310 603 studio
2331 578 2386 603 re-

1302 610 1413 654 pudia
1438 610 1595 645 scribere
1620 610 1832 646 festinantes
1866 613 1902 644 et
1932 610 2072 645 mittere
2106 612 2179 646 suis
2204 613 2386 656 uxoribus,

1304 659 1366 689 aut
1391 655 1496 690 etiam
1521 665 1540 690 e
1565 655 1704 691 diverso
1730 657 1767 690 et
1792 655 1890 690 nulla
1914 655 2119 691 rationabili
2148 657 2289 701 penitus
2313 658 2386 692 exi-

1304 703 1421 735 stente
1453 710 1564 736 causa
1597 701 1735 736 solvere
1766 701 2007 743 matrimonia,
2037 705 2078 735 ut
2110 712 2233 736 eorum
2260 713 2386 746 paren-

1305 748 1358 780 tes
1385 745 1596 781 subiaceant
1621 746 1801 781 exactioni
1827 746 1922 781 dotis
1943 751 2006 780 aut
2027 747 2263 791 sponsaliciae
2281 748 2386 792 largi·

155 786 200 830 δὴ
223 786 459 823 διαλυθέντος
482 803 544 823 του
569 803 693 845 γάμρυ,
718 793 777 824 καὶ
802 794 904 824 αυτοὶ
920 792 987 835 μὲν
1005 792 1092 824 ἰσως
1112 788 1235 837 λάθρα
1255 791 1291 824 10
1305 791 1400 833 tatis,
1426 791 1529 835 quasi
1554 791 1670 826 soluto
1690 791 1935 826 matrimonio:
1961 793 1997 826 et
2014 790 2086 871 {psi
2103 792 2244 836 quidem
2266 792 2386 827 forsan

155 831 342 877 συνῴκουν
365 832 544 877 ἀλλήλοις,
573 847 739 882 απῃεσαν
771 833 811 869 δὲ
841 835 877 869 οἱ
903 838 1017 882 γονεῖς
1042 836 1235 879 ἐζημιωμέ-

155 891 210 912 νοι
234 881 294 911 καὶ
321 877 459 922 ταύτην
487 881 548 923 τῆς
579 884 660 927 περὶ
691 878 931 924 τούς-παῖδας
953 879 1237 926 φιλανθρωπίας

154 925 293 966 ὲζῖοντες
325 923 394 968 τὴν
424 922 598 969 ἀμοιβήν·
635 922 747 969 νόμον
774 925 985 971 ἐγράψαμεν
1015 923 1237 969 βουλόμενον

138 970 146 977 ⁴
153 968 243 1013 μήτε
265 965 495 1009 ύπεξουσίους
515 969 604 1014 μήτε
624 968 885 1016 ἐμαγκιπάτους
908 968 1050 1010 παῖδας,
1070 968 1158 1013 μήτε
1177 969 1235 1015 ἅρ-

1305 836 1458 870 latenter
1483 837 1678 872 miscentur
1698 836 1891 878 alterutris,
1917 836 2014 872 disee
2041 839 2106 872 unt
2122 839 2241 872 autem
2259 848 2387 881 paren-

1305 884 1359 915 tes
1385 881 1602 916 damnificati
1628 886 1664 916 et
1687 882 1781 916 hanc
1814 881 1910 927 apud
1942 881 2035 917 filios
2065 882 2298 917 humanitatis
2323 883 2386 916 ha-

1307 926 1431 960 bentes
1469 927 1848 971 recompensationem.
1903 926 2060 972 Ideoque
2093 929 2205 972 legem
2242 927 2386 972 scripsi-

1306 981 1384 1005 mus
1409 971 1583 1006 volentem
1608 982 1723 1016 neque
1749 972 1816 1007 sub
1835 975 2017 1016 potestate
2038 973 2253 1008 constitutos
2273 982 2388 1017 neque

155 1025 263 1070 pennus³
289 1013 378 1059 μήτε
402 1013 569 1057 θηλείας,
603 1013 789 1049 δύνασθαι
813 1013 976 1067 ὃιαλύειᾋν
1001 1014 1083 1049 τοὺς
1105 1015 1237 1062 γάμους
1253 1017 1291 1048 15
1306 1016 1549 1060 emancipatos
1581 1016 1692 1059 filios,
1726 1027 1840 1061 neque
1870 1017 2051 1053 masculos
2082 1028 2196 1063 neque
2225 1018 2386 1059 feminast

154 1070 202 1092 εις
225 1072 293 1102 την
315 1061 394 1094 τῶν
414 1061 556 1113 οἰκείων
579 1059 721 1104 βλάβην
745 1063 922 1113 πατέρων
940 1073 961 1103 η
983 1063 1170 1104 μητέρων,
1203 1059 1239 1093 οἳ

154 1103 216 1137 τὰς
240 1116 268 1138 π
293 1108 389 1138 οῖκας
412 1119 434 1148 η
459 1104 519 1139 τὰς
549 1109 788 1152 προγαμιαιάς
812 1103 946 1150 δωρεας
971 1103 1237 1140 ἑπιδεδώκασιν

156 1147 178 1191 ἢ
202 1118 423 1189 ὑπεδέξαντο
451 1149 558 1194 μόνοι
587 1147 610 1192 ἢ
636 1152 695 1184 καὶ
725 1148 816 1193 μετὰ
846 1151 924 1184 τῶν
948 1148 1104 1185 παίδων.
1151 1146 1233 1184 ἀλλ’

155 1190 271 1241 ὥςπερ
304 1198 344 1228 έν
373 1195 417 1242 τῇ
445 1193 612 1228 συστάσει
640 1195 729 1248 τῶνυ
748 1194 876 1242 γάμων
912 1193 1139 1240 ἀναμένομεν
1170 1195 1237 1238 τὴν

1306 1071 1414 1105 posse
1446 1061 1645 1096 distrahere
1678 1062 1906 1098 matrimonia
1940 1063 1977 1097 in
2014 1074 2160 1098 suorum
2194 1063 2387 1098 laesionem

1306 1109 1450 1150 patrum
1485 1110 1550 1140 aut
1586 1111 1758 1150 matrum,
1797 1108 1858 1152 qui
1895 1108 1995 1143 dotes
2031 1113 2094 1143 aut
2126 1111 2210 1143 ante
2242 1108 2386 1153 nuptias

1307 1150 1517 1186 donationes
1536 1151 1745 1186 obtulerunt
1767 1157 1831 1188 aut
1855 1158 2092 1198 susceperunt
2113 1154 2180 1189 soli
2200 1158 2264 1188 aut
2282 1153 2387 1189 etiam

1306 1205 1386 1230 cum
1416 1196 1510 1231 filiis.
1560 1196 1630 1230 Sed
1663 1197 1758 1231 sicut
1789 1197 1825 1231 in
1858 1201 2046 1233 contractu
2084 1199 2288 1244 nuptiarum
2325 1209 2386 1233 ex-

155 1240 232 1273 τῶν
251 1242 423 1286 πατέρων
444 1243 661 1281 συναίνεσιν,
686 1252 800 1281 ουτως
818 1238 902 1274 οὐδὲ
918 1239 1136 1275 διαλύεσθαι
1155 1240 1237 1275 τοὺς
1250 1242 1292 1274 20
1306 1245 1490 1285 pectamus
1521 1244 1663 1285 patrum
1698 1252 1929 1285 consensum,
1962 1243 2013 1278 ita
2043 1254 2158 1288 neque
2190 1243 2388 1287 transigere

154 1282 284 1331 γάμους
308 1285 557 1332 συγχωροῦμεν
582 1287 642 1320 ἐπὶ
666 1286 710 1332 τῇ
734 1286 811 1319 τῶν
835 1288 974 1332 γονέων
995 1285 1114 1333 βλάβῃ
1137 1284 1236 1329 παρὰ

154 1327 221 1371 τὴν
245 1331 395 1363 ἐκείνων
418 1329 579 1376 γνώμην.
626 1328 708 1364 ἄλλ’
736 1331 767 1364 εἰ
797 1335 856 1365 καὶ
888 1331 1076 1376 πεμφθείη
1111 1330 1235 1378 ῥεπού-

154 1371 248 1415 διον,
283 1371 453 1419 άρμόζειν
479 1373 561 1408 κατ’
590 1373 713 1410 αὐτῶν
744 1375 811 1418 τὴν
843 1377 1027 1422 εἴςπραξιν
1055 1378 1133 1411 τῶν
1159 1389 1235 1411 ποι-

152 1420 231 1453 νῶν
253 1417 294 1453 οὗ
319 1421 587 1475 συγχωροῦμεν,
616 1421 687 1454 εἴτε
721 1420 823 1455 αὐτοὶ
856 1418 1035 1455 δεδώκασι
1066 1423 1182 1456 ταῦτα
1214 1418 1235 1464 ἢ

1305 1286 1531 1321 matrimonia
1551 1286 1700 1321 sinimus
1719 1287 1755 1321 in
1776 1290 1966 1332 parentum
1989 1289 2181 1324 laesionem
2202 1290 2292 1324 citra
2308 1289 2386 1324 illo-

1304 1342 1382 1366 rum
1408 1332 1639 1367 voluntatem.
1690 1332 1758 1367 Sed
1782 1332 1851 1367 etsi
1875 1333 2039 1368 mittatur
2060 1334 2266 1379 repudium,
2291 1344 2387 1369 com-

1305 1381 1427 1421 petere
1460 1380 1587 1412 contra
1620 1387 1682 1411 eos
1713 1378 1934 1412 exactionem
1970 1389 2168 1423 poenarum
2198 1390 2269 1415 non
2303 1379 2387 1415 sini-

1304 1432 1402 1465 mus,
1436 1422 1508 1457 sive
1531 1422 1600 1467 ipsi
1629 1422 1804 1457 dederunt
1835 1423 1924 1458 haec
1947 1424 2002 1459 vel
2026 1426 2282 1469 susceperunt,
2315 1424 2387 1459 sive

151 1460 384 1518 ὑπεδέξαντο,
417 1479 438 1508 η
462 1468 521 1499 καὶ
545 1465 844 1507 συνυπεδέξαντο.
892 1464 975 1500 οὐδὲ
992 1466 1064 1520 γὰρ
1091 1464 1137 1501 ἂν
1160 1469 1234 1509 ἔχοι
1248 1469 1288 1501 25
1305 1468 1411 1501 etiam
1445 1477 1524 1502 cum
1557 1468 1636 1502 aliis
1670 1472 1916 1512 susceperunt.
1966 1469 2048 1505 Non
2080 1470 2174 1505 enim
2198 1470 2307 1504 habet
2329 1480 2388 1504 ra-

154 1508 271 1556 λόγον,
304 1524 370 1544 τον
393 1512 460 1554 μὲν
484 1514 624 1557 πατέρα
648 1512 747 1558 παρὰ
769 1510 922 1558 γνώμην
946 1525 1008 1546 του
1035 1511 1162 1547 παιδὸς
1184 1510 1234 1556 μὴ

153 1552 338 1588 δύνασθαι
363 1553 522 1589 διαλύειν
545 1554 610 1590 τὸν
628 1556 753 1603 γάμον,
786 1561 859 1591 τοῖς
883 1557 934 1602 δὲω
946 1561 1075 1592 παισὶν
1097 1559 1233 1604 ἐπιτρέ-

153 1612 236 1634 πειν
256 1600 342 1634 ἴσως
369 1603 428 1634 καὶ
449 1599 614 1635 ἐλάττοσι
635 1601 702 1644 τὴν
731 1600 871 1646 ἡλικίαν
894 1604 972 1636 οὐσι
996 1605 1055 1635 καὶ
1079 1601 1171 1646 μηδὲ
1190 1603 1232 1636 τὸ

153 1648 334 1691 συμφέρον
353 1648 608 1699 ἐπισταμένοις
631 1645 728 1681 λύειν
752 1647 851 1693 παρὰ
874 1647 943 1690 τὴν
962 1648 1040 1681 τῶν
1060 1651 1233 1693 πατέρων

1303 1512 1453 1557 tionem,
1489 1517 1675 1557 parentem
1699 1513 1839 1557 quidem
1867 1515 1956 1548 citra
1980 1516 2199 1550 voluntatem
2229 1514 2295 1549 filii
2316 1525 2388 1549 non

1303 1568 1410 1636 posse
1430 1558 1628 1602 transigere
1647 1558 1921 1603 matrimonium,
1942 1559 2024 1595 filiis
2045 1563 2165 1595 autem
2186 1559 2390 1605 permittere

1322 1613 1428 1638 orsan
1454 1607 1490 1638 et
1514 1603 1551 1638 in
1576 1604 1711 1638 minore
1734 1607 1854 1638 aetate
1877 1605 2081 1640 constitutis
2101 1608 2138 1640 et
2162 1615 2278 1650 neque
2295 1604 2389 1649 quod

1303 1648 1389 1682 utile
1420 1649 1467 1683 sit
1499 1649 1695 1683 scientibus
1727 1650 1819 1683 citra
1843 1652 1984 1693 patrum
2009 1651 2229 1685 voluntatem
2254 1650 2389 1685 solvere

152 1689 301 1736 γνώμην
323 1703 528 1737 τονυγαμον
551 1689 754 1727 κάντεῦθεν
783 1693 865 1726 τοὺς
895 1695 1054 1737 πατέρας
1085 1691 1231 1726 ἀδικεῖν.
1248 1695 1289 1727 30
1304 1693 1568 1728 matrimonium
1594 1697 1631 1728 et
1647 1704 1691 1729 ex
1709 1694 1779 1729 hoc
1795 1698 1963 1738 parentes
1982 1696 2135 1731 laedere.
2175 1696 2253 1731 Hoc
2271 1697 2389 1730 autem

159 1735 268 1769 Τοῦτο
300 1733 340 1769 δὲ
372 1737 410 1769 εὐ
444 1738 512 1781 μὲν
543 1733 564 1770 ἆ
591 1735 737 1782 ξάμενος
770 1735 788 1771 ὁ
823 1737 1126 1784 φιλοσοφώτατος
1159 1738 1239 1771 §196-
1310 1739 1400 1774 bene
1419 1739 1559 1783 quidem
1578 1738 1752 1774 incohans
1774 1739 2108 1785 philosophissimus
2128 1741 2279 1776 sancivit
2290 1740 2389 1775 Mar-

152 1792 259 1815 σπισε
281 1782 442 1826 Μᾶρκος,
476 1783 562 1816 Διοκ
586 1782 732 1825 ητιανὸς
755 1781 795 1817 δὲ
818 1782 938 1828 τούτῳ
971 1781 1239 1826 κατηκολούθη-
1310 1794 1384 1825 cus,
1410 1784 1658 1819 Diocletianus
1676 1788 1796 1819 autem
1812 1785 1908 1820 hunc
1929 1790 2074 1821 secutus
2095 1789 2159 1829 est,
2184 1796 2249 1822 nos
2270 1790 2389 1820 autem

153 1837 232 1878 σεν,
265 1823 361 1870 ἡμεῖς
385 1824 425 1860 δὲ
447 1823 578 1870 ὁμοίως
601 1825 868 1873 ἀπεδεξάμεθα.
927 1831 1000 1861 Καὶ
1023 1830 1120 1862 ἔστω
1143 1827 1242 1862 τέλος
1311 1829 1473 1864 similiter
1484 1829 1768 1875 approbavimus.
1803 1830 1925 1874 Sitque
1940 1831 2114 1867 terminus
2131 1831 2234 1867 nobis
2246 1831 2304 1866 hic
2318 1830 2389 1866 dis-

152 1874 237 1914 ημῖν
259 1872 366 1906 τοῦτο
389 1872 467 1905 τῶν
488 1870 707 1914 διαζεύξεων
731 1874 770 1907 αἲ
792 1871 1001 1919 περιόντων
1029 1874 1108 1907 τῶν
1126 1885 1266 1954 «πνοι-3
1311 1873 1535 1910 iunctionum
1554 1885 1646 1920 quae
1666 1875 1920 1920 superstitibus
1941 1877 2233 1912 contrahentibus
2251 1876 2353 1911 fiunt.

153 1915 316 1951 κούντων
337 1920 511 1964 γίνονται.
1271 1923 1290 1954 5

198 2066 269 2097 cap.
296 2055 391 2087 XIX
409 2062 496 2088 extat
519 2055 555 2089 B
580 2057 634 2097 28,
659 2063 686 2097 4,
712 2063 757 2089 45.
807 2055 970 2088 Summam
995 2056 1112 2090 habent
1131 2056 1312 2090 Prochiron
1337 2059 1370 2098 4,
1395 2064 1444 2095 21;
1471 2058 1677 2102 Epanayoqe
1701 2059 1752 2100 16,
1774 2065 1819 2092 2³.

287 2186 384 2223 XIX.
433 2188 502 2224 Est
520 2193 638 2224 autem
659 2190 767 2224 etiam
791 2190 894 2226 aliud
939 2191 1086 2226 uiddam
1105 2202 1128 2225 a
1146 2190 1252 2225 nobis
1271 2195 1307 2226 et
1323 2191 1424 2237 pium
1443 2191 1551 2226 simul
1567 2195 1604 2227 et
1622 2197 1767 2238 qratum
1788 2193 2050 2239 eoecoqitatum,
2074 2194 2136 2230 ubi
2153 2194 2260 2229 etiam
2283 2204 2390 2240 repu-

154 2232 224 2268 diis
242 2233 363 2268 missis
379 2233 614 2269 matrimonia
632 2240 857 2280 permanent.
894 2202 990 2270 fiam
1009 2240 1050 2270 ut
1069 2246 1194 2270 eorum
1215 2236 1278 2280 qui
1300 2236 1339 2270 in
1351 2240 1537 2281 potestate
1561 2237 1749 2272 constituti
1771 2241 1858 2273 sunt
1876 2237 2050 2272 malitiam
2070 2238 2244 2274 adversus
2262 2243 2391 2285 patres

180 2277 447 2320 rokiberemus,
482 2279 652 2324 quoniam
677 2280 856 2324 quosdam
880 2279 1179 2326 deprehendimus
1202 2283 1246 2314 de
1265 2280 1447 2315 industria
1470 2280 1626 2326 repudia
1648 2281 1806 2317 scribere
1828 2282 2012 2317 studentes
2041 2286 2077 2318 et
2097 2284 2238 2318 mittere
2260 2284 2389 2319 uxori-

151 2290 219 2358 bus
242 2323 339 2365 suis,
372 2323 427 2358 vel
450 2325 557 2359 etiam
577 2335 597 2358 e
620 2324 825 2367 contrario,
858 2335 938 2359 cum
963 2324 1064 2359 nulla
1086 2324 1232 2359 omnino
1252 2324 1349 2359 iusta
1373 2334 1485 2359 causa
1508 2325 1685 2368 subesset,
1717 2326 1858 2362 solvere
1880 2327 2127 2370 matrimonia,
2151 2332 2194 2363 ut
2218 2332 2391 2374 parentes

153 2368 301 2402 illorum
339 2368 514 2403 solutioni
552 2368 648 2403 dotis
687 2368 742 2404 vel
778 2372 862 2404 ante
896 2369 1044 2415 nuptias
1078 2368 1288 2403 donationis
1318 2369 1585 2412 subicerentur,
1622 2375 1750 2417 utpote
1788 2371 1964 2406 dissoluto
2000 2372 2232 2408 matrimonio
2267 2375 2390 2419 (atque

153 2413 167 2447 i
193 2413 226 2447 si
251 2411 394 2458 quidem
424 2413 529 2464 forte
560 2413 854 2448 consuetudinem
884 2414 979 2449 inter
1009 2425 1047 2449 se
1077 2413 1169 2448 clam
1198 2413 1418 2456 retinebant,
1444 2419 1623 2460 parentes
1653 2426 1737 2451 vero
1762 2415 1894 2451 damno
1919 2416 2044 2462 affecti
2067 2416 2217 2452 abibant
2236 2422 2273 2453 et
2295 2416 2390 2453 banc

179 2457 325 2493 abentes
351 2457 585 2504 beniqnitatis
615 2468 705 2493 suae
736 2468 828 2502 erya
857 2459 991 2494 liberos
1020 2458 1379 2503 remunerationem):
1413 2459 1526 2505 leqem
1551 2460 1852 2507 conscripsimus,
1886 2471 1981 2508 quae
2011 2473 2128 2508 neque
2149 2462 2189 2497 in
2205 2466 2389 2509 potestate

154 2503 373 2538 constitutos
396 2513 512 2548 neque
535 2503 784 2549 emancipatos
808 2503 960 2546 liberos,
985 2515 1102 2550 neque
1125 2503 1306 2538 masculos
1329 2514 1446 2550 neque
1464 2505 1638 2550 seminaS,
1666 2509 1884 2552 potestatem
1908 2505 2039 2543 babere
2062 2507 2139 2542 vult
2157 2507 2389 2543 matrimonia

152 2549 192 2583 in
213 2546 386 2594 fraudem
404 2559 553 2583 suorum
604 2552 723 2583 atrum
748 2553 814 2584 aut
836 2553 1012 2592 matrum,
1046 2549 1111 2595 qui
1133 2548 1236 2584 dotes
1256 2553 1321 2584 aut
1343 2550 1612 2595 antenuptiales
1637 2550 1856 2586 donationes
1878 2551 2056 2588 dederunt
2085 2552 2141 2588 vel
2172 2555 2388 2599 acceperunt

153 2593 224 2628 soli
255 2593 311 2628 vel
333 2593 440 2628 etiam
465 2603 545 2628 cum
579 2593 704 2636 iberis,
737 2594 967 2630 dissolvendi.
1015 2593 1091 2630 Sed
1110 2593 1410 2640 quemadmodum
1441 2594 1480 2629 in
1503 2595 1767 2631 constituendis
1796 2597 2033 2632 matrimoniis
2059 2601 2209 2644 patrum
2239 2608 2388 2633 consen—

152 2649 231 2673 sum
246 2641 506 2684 expectamus,
539 2639 594 2674 ita
616 2649 662 2674 ne
684 2639 777 2674 solvi
801 2639 943 2686 quidem
965 2639 1197 2675 matrimonia
1222 2638 1260 2673 in
1281 2639 1454 2685 fraudem
1476 2645 1670 2686 parentum
1693 2645 1849 2688 praeter
1878 2641 2024 2677 illorum
2056 2642 2275 2678 voluntatem
2297 2654 2388 2690 per-

154 2683 336 2719 mittimus.
386 2682 459 2718 Sed
480 2684 588 2719 etiam
611 2684 645 2719 si
667 2684 813 2719 missum
836 2685 884 2720 sit
903 2685 1116 2731 repudium,
1142 2694 1216 2718 non
1241 2684 1481 2727 concedimus,
1505 2689 1547 2720 ut
1562 2696 1765 2731 poenarum
1788 2687 1935 2722 exactio
1959 2691 2090 2723 contra
2113 2698 2176 2724 eos
2195 2691 2389 2735 competat,

152 2729 226 2764 sive
252 2728 325 2775 ipsi
354 2728 420 2763 illa
451 2728 618 2764 dederint
648 2733 715 2764 aut
742 2731 968 2776 acceperint,
998 2730 1073 2765 sive
1104 2729 1213 2780 etiam
1242 2739 1321 2780 cum
1348 2729 1471 2764 liberis
1494 2731 1710 2777 acceperint.
1759 2731 1885 2783 Neque
1908 2733 2003 2767 enim
2026 2733 2164 2768 rationi
2188 2734 2389 2775 conveniat,

151 2778 295 2825 patrem
318 2772 461 2819 quidem
485 2778 615 2809 contra
634 2774 708 2819 filii
725 2775 945 2810 voluntatem
970 2775 1237 2810 matrimonium
1263 2774 1459 2809 dissolvere
1482 2786 1556 2810 non
1564 2786 1700 2855 (posse,
1730 2776 1852 2812 liberis
1875 2788 1959 2813 vero
1981 2778 2116 2823 forsan
2140 2779 2248 2814 etiam
2271 2782 2390 2814 aetate

1588 2832 1598 2855 ι

152 2818 352 2854 minoribus
385 2829 429 2854 ac
462 2830 508 2854 ne
535 2819 823 2866 intelleqentibus
854 2820 999 2872 quidem
1033 2820 1123 2866 quid
1154 2831 1173 2854 e
1204 2830 1244 2854 re
1275 2830 1343 2854 sua
1372 2820 1422 2854 sit
1451 2830 1562 2855 conce

152 2864 308 2899 monium
338 2863 479 2900 solvere
508 2867 545 2899 et
573 2864 658 2899 inde
691 2869 818 2911 patres
849 2865 985 2900 iniuria
1017 2865 1178 2911 afficere.

1607 2848 1618 2863 ,
1654 2826 1804 2867 praeter
1830 2826 1979 2868 patrum
2013 2823 2234 2859 voluntatem
2265 2823 2388 2859 matri-

1241 2862 1293 2899 Et
1321 2863 1390 2899 lzoc
1418 2864 1560 2910 quidem
1588 2871 1684 2901 recte
1718 2867 1907 2902 sanciendi
1937 2868 2082 2903 initium
2114 2868 2209 2915 fecit
2238 2867 2388 2904 Marcus

152 2919 311 2944 summus
326 2908 592 2956 philosophus,
625 2908 876 2945 Diocletianus
907 2914 1027 2946 autem
1061 2910 1157 2945 hunc
1186 2912 1330 2944 secutus
1353 2913 1425 2950 est,
1459 2920 1527 2945 nos
1547 2921 1631 2946 vero
1659 2911 1770 2946 simili
1792 2911 1899 2948 modo
1919 2913 2132 2960 recepimus

2187 2914 2308 2960 Atque
2330 2912 2389 2949 liic

149 2954 237 2998 finis
259 2957 335 2989 esto
358 2953 637 2990 disiunctionum
660 2966 754 3000 quae
775 2955 1032 3001 superstitibus
1055 2954 1268 3001 coniuqibus
1288 2954 1392 2999 fiunt.

203 3070 214 3100 1
239 3080 274 3100 τι
298 3080 355 3101 om.
370 3068 407 3101 B
428 3067 440 3111 ΙΙ
466 3063 529 3111 ἦμὶ
554 3068 598 3100 L'
620 3066 632 3110 ΙΙ
655 3069 673 3100 2
698 3069 758 3100 καὶ
785 3080 842 3100 om.
858 3068 893 3100 B
909 3066 921 3112 ΙΙ
947 3065 1152 3114 ῥεπουδίων
1176 3069 1234 3110 Μ]

155 3109 351 3158 διαζυγίων
374 3112 444 3145 LB
462 3112 474 3154 ΙΙ
491 3115 511 3145 4
535 3110 715 3145 κωλύοντε
736 3113 779 3145 L¹
804 3113 1031 3154 (prohibemus
1055 3116 1088 3154 ς)
1107 3114 1154 3153 115
1181 3113 1234 3159 ῥε-

154 3153 286 3191 πούδια
301 3156 359 3200 Μ]
374 3153 540 3202 διαζύγια
554 3158 622 3190 LB
634 3155 647 3200 ΙΙ
660 3159 679 3191 6
690 3154 876 3200 μηδεμιᾶς]
890 3159 923 3189 et
934 3157 1028 3190 nulla
1042 3169 1061 3194 ς
1076 3158 1088 3202 ΙΙ
1107 3159 1127 3192 9
1141 3154 1162 3200 ἢ
1176 3159 1237 3200 τῆς

155 3200 487 3290 stravit&
500 3198 1236 3290 <tingensistassaria*·‹2³2ss

155 3302 286 3324 συνηο
303 3292 352 3325 L²
368 3291 380 3336 ΙΙ
398 3289 562 3335 ἀπήεσαν
575 3291 674 3332 L²B]
697 3287 894 3334 ἀπήειεσαν
906 3292 953 3324 L¹
977 3287 1140 3335 ὑπὴεσαν
1166 3293 1212 3325 Μ
1224 3293 1235 3336 ΙΙ

158 3339 197 3371 13
222 3335 290 3379 τὴν
313 3350 371 3370 om.
385 3338 421 3371 B
437 3336 449 3382 ΙΙ
467 3332 591 3380 νόμον]
615 3338 675 3368 καὶ
698 3332 812 3379 νόμον
830 3336 863 3369 L
878 3336 890 3379 ΙΙ
909 3335 1129 3382 ἐγράψαμεν]
1159 3338 1235 3372 Cod.

155 3385 193 3422 5,
220 3391 262 3424 17,
287 3390 319 3416 12
349 3383 361 3425 ΙΙ
390 3385 430 3416 14
463 3379 723 3427 ἐμαγκιπάτους
746 3382 805 3422 Μ]
844 3379 1089 3421 αὐτεξουσίους
1112 3383 1184 3416 LB

147 3429 198 3470 *18
223 3429 284 3460 καὶ
304 3440 362 3461 om.
384 3428 420 3462 B
447 3428 459 3471 ΙΙ
492 3429 532 3461 19
557 3426 620 3459 τοῦ
643 3424 756 3471 γάμου
781 3427 817 3459 Β
844 3425 856 3470 ΙΙ
887 3428 929 3460 20
961 3424 1106 3461 σύνεσιν
1130 3429 1182 3462 La

156 3473 195 3505 21
229 3469 369 3515 βλάβην
393 3473 440 3506 L¹
469 3471 482 3517 ΙΙ
513 3473 554 3505 22
587 3468 781 3516 ῥεπούδιον
804 3471 862 3512 M]
899 3468 1083 3518 διαζύγιον
1107 3473 1178 3506 LB
1232 3472 1236 3517 Ι

157 3518 199 3551 23
219 3515 288 3559 τὴν
310 3515 441 3560 ποινὴν
463 3518 511 3550 L¹
530 3515 542 3560 ss
566 3518 606 3550 25
632 3512 654 3558 ἢ
677 3518 736 3548 καὶ
760 3512 1048 3555 συνυπεδέξαντο
1073 3531 1132 3552 om.
1158 3519 1187 3551 L
1229 3519 1234 3563 Ι

157 3563 200 3595 28
227 3561 315 3596 ἴσως
344 3564 406 3595 καὶ
429 3563 469 3596 ἐν
492 3558 657 3595 ἐλάττονι
680 3561 726 3607 τῇ
758 3561 815 3607 (τῇ
839 3573 896 3594 om.
921 3560 984 3602 Bt)
1015 3558 1133 3605 ἡλικίᾳ
1156 3554 1235 3596 ούσι

157 3606 193 3639 Β
208 3605 222 3651 ΙΙ
240 3609 279 3641 31
306 3607 413 3641 τοῦτο
437 3605 487 3649 δὲ]
509 3609 569 3640 καὶ
592 3606 699 3640 τοῦτο
712 3606 748 3638 Β
767 3606 779 3650 ΙΙ
796 3607 838 3640 32
863 3603 1127 3649 Διοκλητιανὸς]
1155 3609 1233 3642 cod.

157 3651 195 3690 5,
219 3659 262 3692 17,
284 3660 300 3686 5
327 3652 340 3697 ΙΙ
368 3653 477 3686 τοῦτο
501 3652 586 3686 Lssr
606 3650 619 3696 ss
651 3653 693 3685 33
725 3652 784 3683 καὶ
810 3651 907 3684 ἔστω
938 3670 974 3675 -—
1006 3654 1048 3686 35
1068 3656 1235 3698 γίνονται

158 3696 298 3729 om.LB

1354 3070 1369 3102 1
1399 3070 1486 3101 rubr.
1511 3068 1562 3100 De
1593 3070 1743 3112 repudiis
1766 3081 1786 3102 a
1808 3070 2031 3103 filiisfamilias
2064 3082 2132 3104 non
2162 3072 2333 3104 mittendis
2355 3072 2390 3105 R

1306 3126 1368 3157 my.
1384 3112 1397 3157 ss
1416 3113 1491 3156 Est]
1517 3113 1568 3145 Eo
1580 3114 1628 3147 Ιί1
1649 3116 1661 3157 ΙΙ
1678 3115 1835 3156 quiddam
1856 3115 1906 3149 V¹
1925 3116 1937 3159 ΙΙ
1953 3118 1973 3149 4
2001 3116 2185 3151 habitis-3¹
2203 3116 2215 3160 ss
2232 3119 2251 3151 5
2276 3127 2387 3158 quon-

1305 3159 1386 3199 iam]
1412 3158 1547 3199 quando
1570 3158 1604 3191 R
1629 3157 1642 3203 ΙΙ
1669 3161 1720 3200 ex]
1747 3162 1780 3192 et
1801 3160 1836 3194 R
1866 3159 1878 3204 ΙΙ
1903 3163 1921 3194 ’7
1947 3171 1964 3193 e
1984 3161 2063 3202 VT]
2088 3172 2126 3194 ex
2148 3162 2199 3195 132
2222 3162 2342 3196 om.R¹
2377 3161 2390 3208 ΙΙ

1308 3205 1327 3237 8
1354 3204 1405 3244 ut]
1426 3205 1487 3235 aut
1510 3203 1560 3236 V¹
1577 3202 1589 3247 ΙΙ
1625 3205 1645 3236 9
1670 3204 1839 3238 subiaceat
1861 3205 1909 3237 1³¹
1927 3204 1941 3249 ΙΙ
1973 3208 2009 3239 11
2037 3206 2213 3239 discederit
2236 3206 2285 3239 R¹
2300 3207 2312 3250 ΙΙ
2330 3210 2390 3239 aut

1304 3248 1339 3282 R
1368 3247 1381 3291 ΙΙ
1411 3248 1451 3281 12
1477 3247 1711 3290 dampnaficati
1744 3250 1794 3283 V¹
1824 3248 1837 3294 11
1863 3249 2071 3283 inmanitatis
2095 3251 2129 3284 R
2154 3250 2167 3295 ΙΙ
2201 3252 2241 3285 13
2265 3261 2388 3285 recom-

1304 3292 1535 3336 pensationem
1556 3293 1695 3337 Vvulq.]
1721 3305 1771 3327 res
1793 3295 2018 3337 pensationem
2042 3295 2093 3329 R¹
2126 3297 2389 3339 repensationem

1307 3337 1393 3371 R2T
1417 3338 1429 3381 ΙΙ
1463 3340 1502 3371 16
1527 3336 1672 3371 laesione
1694 3339 1773 3373 RV
1794 3340 1806 3382 ΙΙ
1837 3341 1874 3373 17
1899 3342 2027 3382 patrem
2050 3340 2131 3383 12¹1!
2154 3343 2231 3374 ante
2254 3342 2390 3385 nuptias

1308 3382 1399 3423 RV]
1421 3382 1667 3425 antenuptiales
1682 3385 1770 3428 ναῖς.
1786 3383 1799 3429 ΙΙ
1822 3386 1860 3419 18
1885 3385 2075 3417 donationis
2094 3385 2140 3418 R¹
2157 3384 2169 3430 ΙΙ
2187 3388 2298 3419 autem
2320 3387 2355 3420 R
2379 3389 2391 3430 ΙΙ

1311 3427 1413 3460 etiam
1432 3440 1493 3460 om.
1515 3428 1546 3460 V
1567 3426 1580 3472 ΙΙ
1612 3429 1651 3462 19
1676 3431 1883 3462 contractum
1905 3430 1952 3463 V¹
1977 3430 1989 3473 ΙΙ
2020 3432 2063 3463 20
2086 3431 2288 3474 transiegere
2316 3432 2351 3466 V
2377 3431 2390 3480 ΙΙ

1307 3473 1344 3506 21
1374 3472 1557 3505 finimusR
1572 3475 1585 3516 ss
1602 3475 1790 3516 parentum]
1814 3484 1857 3517 pa
1885 3485 1941 3506 um
1957 3474 2001 3508 V¹
2019 3473 2032 3519 ΙΙ
2048 3476 2092 3509 22
2115 3475 2290 3510 uoluntate
2310 3477 2353 3511 V*
2378 3481 2381 3519 Ι

1306 3518 1348 3550 24
1374 3517 1537 3550 dederunt
1558 3536 1600 3542 —
1621 3519 1661 3552 31
1687 3521 1842 3551 marchus
1864 3531 1926 3553 scr.
1950 3519 1999 3552 12²
2019 3522 2053 3553 in
2075 3533 2141 3554 ras.
2155 3522 2178 3555 4
2198 3534 2343 3556 versuum
2377 3522 2383 3568 Ι

1305 3563 1348 3596 26
1373 3564 1466 3594 extra
1496 3561 1554 3605 Vll
1581 3563 1623 3597 27
1653 3563 1733 3596 filiis
1753 3567 1863 3596 autem
1886 3565 2079 3607 permittere
2102 3578 2160 3599 om.
2183 3565 2218 3599 R
2234 3565 2248 3611 ΙΙ
2264 3570 2306 3602 30
2331 3571 2391 3601 aut

1305 3607 1338 3639 R
1365 3605 1378 3651 ΙΙ
1402 3608 1441 3640 31
1468 3606 1816 3651 pbilosophosissimus
1848 3609 1882 3643 V
1901 3610 1914 3653 ΙΙ
1937 3611 1981 3643 32
2005 3609 2220 3644 dioclitianus
2242 3611 2350 3647 RVT
2378 3612 2391 3658 ΙΙ

1306 3652 1369 3684 hoc
1390 3650 1451 3695 Ru
1477 3653 1518 3685 33
1543 3653 1723 3686 terminum
1748 3653 1797 3686 R*
1813 3653 1825 3698 ΙΙ
1851 3655 1894 3688 34
1917 3655 2192 3691 contrahentibus
2217 3670 2276 3690 om.
2299 3658 2333 3691 V
