2618 4010
240 137 348 181 Nov.
370 137 490 179 LXII
509 149 570 191 pr.
606 139 623 177 1
939 133 941 136 ’
1320 134 1409 182 332
2082 153 2142 184 DE
2171 124 2481 197 snizA‘romnus-

239 249 318 283 τῶν
340 246 551 294 πράγμασιν
581 247 772 290 ἐνέχεσθαι
800 247 1026 293 θεσπίζομεν
1055 245 1234 295 προφάσει
1256 250 1318 292 τῆς
1386 250 1550 285 volumus
1576 248 1765 285 occasione
1787 249 2012 288 alienationis
2035 256 2098 288 aut
2121 253 2355 299 hypothecae,
2377 263 2465 290 ⁴mu-

239 290 455 335 ἐκποιήσεωσ
477 289 499 334 ἢ
518 293 580 335 τῆς
603 289 801 335 ὑποθήκης,
831 296 910 328 ταῖς
932 296 998 338 μὲν
1021 294 1162 341 γυναιξὶ
1186 292 1317 339 φυλάτ-
1386 293 1535 330 liei-ibus
1558 293 1701 338 quidem
1725 297 1905 332 servantes
1926 296 1964 332 in
1986 297 2074 343 ipsis
2096 298 2334 334 immobilibus
2358 298 2464 336 rebus

239 348 361 372 τοντεε
392 335 435 371 τὸ
467 335 529 372 ἐπ’
564 335 686 372 αὐτοῖς
716 340 789 372 τοῖς
820 336 1000 382 ἀκινήτοις
1035 336 1221 385 πράγμασι
1256 340 1317 382 τῆς
1386 339 1624 385 sponsaliciae
1657 338 1834 383 largitatis
1868 339 1924 376 ius
1957 341 2184 386 innovatum,
2225 343 2309 380 viris
2345 348 2463 380 autem

239 385 481 430 προγαμιαίας
509 380 643 427 δωρεᾶς
674 380 815 418 δίκαιον
841 380 1140 428 ἀκαινοτόμητον,
1170 385 1318 419 ἐκείνοις
1386 388 1590 430 competens
1610 384 1667 419 ius
1688 393 1735 419 ex*
1752 384 1983 430 documentis,
2008 390 2179 432 quantum
2197 388 2235 424 in
2254 389 2332 425 aliis
2353 390 2462 426 rebus

238 426 278 462 δὲ
299 426 342 462 τὸ
366 425 526 474 ἁρμόζον
551 426 692 462 δίκαιον
711 429 749 462 ἐκ
773 429 849 464 τῶν
873 428 1114 474 συμβολαίων,
1143 424 1231 463 ὅσον
1255 430 1316 464 ἐπὶ
1351 433 1370 465 5
1386 431 1479 473 suis,
1513 429 1676 465 omnibus
1706 429 1895 483 privilegiis
1927 429 2003 468 doti
2032 433 2125 470 datis
2156 435 2227 469 iam
2253 444 2275 470 a
2299 435 2402 470 nobis
2425 436 2462 470 in

237 475 311 507 τοῖς
333 470 451 507 ἄλλοις
475 470 601 508 αὐτῶν
622 470 826 529 πράῖμασι·
851 471 1004 509 πάντων
1027 475 1106 509 τῶν
1126 475 1171 522 τῇ
1192 478 1315 520 προικὶ
1385 485 1452 510 sua
1485 474 1654 510 firmitate
1685 475 1929 519 manentibUS,
1965 478 2106 522 quando
2137 479 2265 515 mulier
2299 480 2460 516 moverit.

237 515 443 563 δεδομένων
474 515 541 562 ἤδη
570 517 661 567 παρ’
689 521 793 564 ημῶν
824 524 1037 568 προνομίων
1068 521 1129 554 ἐπὶ
1153 521 1214 563 τῆς
1237 521 1316 554 ἑαυ-
1385 520 1475 556 Aliis
1493 520 1588 556 enim
1612 520 1777 556 omnibus
1798 523 1942 566 praeter
1963 523 2145 560 mulierem
2165 525 2369 561 huiusmodi
2389 526 2462 571 pri-

235 564 314 598 τιῦν
335 561 526 608 μενόντων
550 562 684 618 ἰσχύος,
715 561 805 600 ὅταν
828 564 850 609 ἡ
867 565 957 613 γυνὴ
982 569 1110 609 κινοίη.
1153 567 1224 599 τοῖς
1246 565 1316 612 γὰρ
1385 565 1512 611 vilegia
1535 575 1602 602 nec
1626 576 1671 602 ex
1694 565 1842 611 antiquo
1867 565 2025 603 dedimus
2057 578 2170 614 neque
2202 581 2299 606 nunc
2323 571 2460 607 damus.

236 607 354 643 ἄλλοις
382 605 498 644 ἅπασι
529 609 625 653 πλην
654 611 716 654 τῆς
748 610 913 658 γυναικὸς
944 610 987 647 τὸ
1019 611 1163 646 τοιοῦτο
1183 611 1315 657 προνό-

233 667 319 698 μιον
348 652 431 689 οὔτε
460 654 499 696 ἐξ
521 653 627 700 ἀρχῆς
650 653 859 701 δεδώκαμεν
883 654 965 690 οὔτε
988 657 1056 690 νῦν
1077 654 1235 701 δίδομεν.
1331 659 1371 692 10

278 697 553 747 <Ἐπίλογοε.>
586 697 634 735 ‘H
644 704 766 736 τοίνυν
782 701 827 745 σὴ
841 699 998 748 ὑπεροχὴ
1012 701 1059 736 τὰ
1074 700 1316 747 παραστάντα
1436 702 1703 748 (Epilogus.)
1756 701 1836 738 Tua
1858 702 1967 747 igitur
1998 703 2185 740 eminentia
2215 715 2306 751 quae
2337 706 2460 751 placu-

235 744 320 790 ἡμῖν
342 749 403 780 καὶ
422 743 484 780 διὰ
501 744 609 781 τοῦδε
632 748 696 780 τοῦ
717 747 821 781 θείου
843 745 1045 792 δηλούμενα
1068 745 1180 791 νόμον
1202 745 1316 782 ἅπασι
1385 750 1490 783 erunt
1510 747 1612 783 nobis
1634 750 1671 783 et
1687 758 1752 793 per
1769 748 1863 783 hanc
1884 757 2024 783 sacram
2044 748 2226 786 declarata
2245 755 2330 787 sunt
2348 752 2460 796 legem

235 790 424 834 ποιησάτω
447 790 587 838 φανερὰ
610 793 702 827 κατὰ
725 791 790 827 τὸν
814 796 1073 837 νενομισμένον
1092 792 1231 839 τρόπον
1256 807 1314 837 κη·
1385 793 1550 829 omnibus
1581 793 1694 829 faciat
1717 793 1908 829 manifesta
1932 793 2126 829 secundum
2157 796 2361 832 sollemnem
2385 808 2459 833 mo-

234 834 392 883 ρύγμασι
425 836 518 872 κατὰ
551 836 613 872 τὰς
649 839 820 883 ἐπαρχίας
853 841 1040 885 χρωμένη,
1079 835 1167 873 ὥςτε
1201 837 1314 882 μηδὲν
1383 839 1467 874 (111111
1502 840 1704 884 praeceptis
1744 849 1808 884 per
1843 839 2044 884 provincias
2080 843 2205 884 utens,
2246 846 2287 877 ut
2326 843 2460 878 nullam

232 882 311 916 τῶν
335 881 464 917 ἐθνῶν
487 880 682 917 διαλαθεῖν
710 882 756 917 τὰ
780 883 873 928 παρ’
907 882 929 926 ἡ
957 885 1011 918 ῶν
1042 884 1312 920 θεσπισθέντα.
1328 887 1369 921 15
1383 884 1540 930 gentium
1562 884 1690 928 lateat,
1724 895 1816 929 quae
1839 895 1862 919 a
1885 884 1988 921 nobis
2021 885 2161 921 sancita
2185 890 2278 922 sunt.
2326 888 2368 923 In
2391 888 2459 923 hac

234 927 294 962 ἐπὶ
316 927 384 974 γὰρ
403 929 464 971 τῆς
483 924 693 972 εὐδαίμονος
715 927 847 972 ταύτης
870 927 919 963 πό
943 941 1009 964 scos
1037 926 1056 963 ὁ
1081 927 1314 971 ἐνδοξότατος
1385 930 1478 966 enim
1514 929 1721 965 felicissima
1763 931 1904 966 civitate
1942 931 2218 976 gloriosissimus
2258 933 2459 976 praefectus

232 973 304 1006 ἔπα
325 984 384 1015 χοε
407 975 524 1007 ταῦτα
548 971 740 1020 προθήσει.
827 974 911 1010 Dafi.
935 975 971 1010 k.
993 975 1081 1011 Dec.
1103 975 1173 1011 ΟΡ.
1194 975 1314 1022 (imp.)
1383 976 1483 1012 urbis
1507 977 1598 1011 haec
1621 980 1809 1021 proponet.

232 1018 291 1054 dn.
327 1018 496 1054 ustiniani
520 1029 580 1064 pp.
604 1019 694 1063 Aug.
716 1030 799 1056 ann.
822 1019 898 1063 X1.,
919 1024 1003 1066 post
1025 1031 1122 1057 cons.
1145 1021 1311 1057 Belisarii

230 1074 263 1100 v,
285 1074 316 1099 c.
340 1065 441 1110 (ann.
456 1063 521 1109 ΙΙ.)
1176 1070 1222 1110 [α.
1237 1070 1314 1109 537]

1297 1271 1410 1307 LXII.
2217 1272 2326 1308 Auth.
2346 1271 2462 1308 LXIV
2487 1277 2530 1310 20

975 1340 1079 1389 DE
1133 1340 1732 1391 SENATORIBUS.

1051 1418 1148 1453 Idem
1177 1419 1269 1464 Aug.
1293 1419 1444 1455 Iohanni
1473 1430 1533 1464 pp.
1563 1419 1645 1463 (11.)

365 1484 657 1530 (Praefatio.)
711 1485 976 1529 Antiquissimis
1001 1486 1221 1530 temporibus
1245 1487 1399 1523 Romani
1428 1491 1573 1522 senatus
1598 1486 1795 1522 auctoritas
1829 1487 1931 1521 tanto
1958 1485 2080 1531 vigore
2104 1488 2292 1531 potestatis
2317 1487 2460 1530 effulsit,

231 1529 272 1564 ut
293 1528 371 1564 eius
393 1530 652 1574 gubernatione
685 1530 779 1566 domi
808 1530 967 1576 forisque
998 1531 1123 1567 habita
1152 1532 1235 1577 iugo
1259 1532 1422 1568 Romano
1453 1532 1568 1568 omnis
1591 1532 1746 1568 mundus
1771 1531 2005 1574 subiceretur,
2037 1541 2111 1567 non
2142 1533 2257 1568 solum
2289 1533 2335 1568 ad
2359 1537 2460 1568 ortus

231 1573 317 1610 solis
341 1577 378 1610 et
401 1585 563 1620 occasus,
587 1576 650 1612 sed
674 1576 779 1612 etiam
798 1576 836 1611 in
860 1578 980 1613 utrum
1005 1587 1050 1612 ue
1073 1577 1168 1613 latus
1193 1578 1290 1614 orbis
1314 1582 1432 1614 terrae
1455 1578 1620 1614 Romana
1643 1577 1782 1614 dicione
1806 1580 2022 1622 propagata:
2049 1578 2227 1613 communi
2249 1578 2379 1613 etenim
2404 1588 2459 1613 se·
2485 1582 2526 1613 25

187 1623 208 1656 1
230 1622 338 1655 natus
368 1621 516 1657 consilio
550 1621 670 1657 omnia
699 1624 906 1666 agebantur.
1010 1624 1110 1659 ostea
1140 1634 1222 1659 vero
1256 1632 1363 1676 quam
1395 1623 1441 1659 ad
1474 1624 1694 1659 maiestatem
1725 1623 1990 1676 imperatoriam
2021 1622 2077 1658 ius
2101 1623 2226 1668 populi
2248 1623 2403 1659 Romani
2426 1627 2461 1658 et

231 1667 378 1718 senatus
401 1665 573 1702 felicitate
595 1667 814 1713 reipublicae
836 1668 1050 1704 translatum
1074 1672 1144 1711 est,
1180 1671 1296 1704 evemt
1327 1671 1368 1704 ut
1389 1669 1430 1713 ii,
1456 1680 1544 1715 quos
1568 1669 1638 1714 ipsi
1662 1670 1832 1713 elegerint
1855 1671 1892 1703 et
1914 1668 2282 1704 administrationibus
2306 1679 2459 1714 praepo-

231 1714 383 1754 suerint,
417 1712 535 1748 omnia
561 1712 724 1748 facerent
755 1723 848 1758 quae
879 1724 948 1749 vox
970 1714 1165 1759 imperialis
1190 1715 1240 1750 eis
1264 1714 1493 1757 iniunxisset,
1526 1718 1562 1750 et
1593 1714 1741 1749 militiae
1772 1715 1840 1750 sub
1873 1714 1923 1749 eis
1947 1713 2252 1749 constituerentur
2283 1717 2319 1750 et
2343 1718 2461 1750 cetera

230 1765 355 1792 eorum
379 1756 674 1811 dispositionibus
698 1759 919 1801 oboedirent,
950 1759 1096 1805 reliquis
1121 1760 1347 1796 senatoribus
1370 1760 1408 1796 in
1432 1761 1551 1806 quiete
1574 1760 1804 1806 degentibus,
1838 1762 1872 1794 et
1896 1762 2130 1805 posteaquam
2154 1760 2458 1796 administratores

232 1811 360 1838 causas
384 1803 451 1839 sibi
473 1804 661 1840 mandatas
686 1805 928 1850 deposuerint,
951 1805 990 1840 in
1011 1805 1201 1851 principali
1223 1808 1368 1841 maneat
1387 1807 1581 1850 voluntate,
1606 1810 1727 1841 utrum
1749 1805 1833 1842 velit
1850 1815 1912 1841 eos
1928 1805 2107 1842 laborioso
2129 1806 2268 1850 cingulo
2285 1805 2457 1841 liberatos
2484 1808 2524 1841 30

231 1847 278 1883 ad
301 1850 447 1885 senatus
472 1850 702 1886 securitatem
725 1851 907 1886 remittere
931 1860 978 1886 an
1003 1850 1081 1888 aliis
1106 1851 1247 1888 actibus
1273 1851 1464 1887 destinare.

1238 1965 1395 2002 CAPUT
1421 1966 1449 2001 Ι.

367 2030 409 2066 111
431 2032 612 2076 praesenti
633 2032 756 2078 itaque
780 2033 901 2068 multis
925 2032 1103 2078 variisque
1126 2033 1267 2069 actibus
1291 2034 1511 2078 urgentibus,
1538 2043 1627 2077 quos
1651 2034 1775 2069 nostra
1798 2033 1967 2068 maiestas
1991 2033 2085 2069 bello
2109 2044 2151 2069 ac
2172 2045 2262 2079 paee
2284 2034 2461 2072 indefesse

231 2085 354 2120 gerere
377 2077 550 2121 noscitur,
583 2088 668 2124 pars
691 2078 895 2114 vacantium
918 2082 1123 2114 senatorum
1153 2078 1192 2114 in
1215 2078 1360 2114 nimiam
1384 2079 1660 2115 deminutionem
1683 2079 1845 2123 pervenit
1875 2078 2015 2123 hocque
2039 2090 2211 2115 summam
2242 2081 2383 2125 putavit
2406 2081 2459 2115 in-

187 2126 207 2160 1
231 2121 361 2157 iuriam
393 2125 428 2158 et
455 2133 529 2159 non
560 2123 723 2160 curiosae
756 2124 1036 2159 conversationis
1059 2124 1264 2159 remedium.
1335 2124 1492 2169 Ideoque
1515 2127 1551 2159 et
1574 2134 1651 2159 eam
1680 2123 1810 2168 quibus
1834 2126 1977 2168 oportet
2006 2124 2119 2160 modis
2145 2125 2314 2171 ampliare
2334 2129 2457 2160 nostro

231 2166 434 2203 molimento
458 2168 572 2204 visum
601 2173 655 2205 est
686 2172 722 2205 et
751 2169 912 2205 homines
936 2169 1122 2205 nobilitate
1153 2173 1189 2204 et
1209 2179 1348 2205 summa
1372 2170 1538 2215 opinione
1562 2169 1719 2213 egregios
1744 2169 1777 2204 ei
1798 2168 1996 2213 adsignare,
2023 2174 2199 2214 quatenus
2224 2180 2297 2206 una
2317 2170 2458 2224 quidem
2483 2172 2525 2204 35

231 2213 345 2249 nostri
369 2217 514 2249 senatus
537 2224 621 2260 pars
643 2224 709 2260 per
732 2214 1056 2250 administrationes
1081 2224 1183 2250 suam
1207 2215 1374 2250 ostendat
1397 2215 1647 2259 sagacitatem,
1672 2214 1786 2250 altera
1811 2224 1905 2257 vero,
1940 2224 2032 2259 quae
2055 2215 2092 2250 in
2116 2215 2234 2260 quiete
2258 2215 2365 2260 degit,
2387 2215 2458 2251 alio

231 2259 335 2294 modo
360 2269 463 2295 suum
486 2260 667 2304 ingenium
690 2260 909 2305 reipublicae
933 2260 1049 2295 valeat
1073 2260 1250 2296 exhibere.

186 2307 210 2342 2
370 2305 420 2340 Et
444 2305 528 2350 quia
551 2315 678 2350 magna
701 2306 838 2342 utilitas
862 2316 907 2341 ex
925 2305 1109 2341 iudicandi
1133 2306 1340 2341 sinceritate
1361 2305 1583 2351 reipublicae
1601 2307 1746 2340 nostrae
1766 2304 1870 2349 cedit,
1896 2304 2070 2350 quaedam
2089 2309 2208 2341 autem
2229 2315 2360 2342 causae
2378 2307 2462 2351 post

233 2349 489 2396 appellationes
512 2350 690 2388 iudicibus
714 2353 898 2397 porrectas
921 2351 959 2386 in
983 2361 1124 2387 sacrum
1146 2351 1260 2387 nostri
1282 2351 1438 2387 numinis
1463 2350 1712 2387 consistorium
1735 2350 1939 2386 inferuntur
1969 2353 2005 2386 et
2036 2361 2059 2386 a
2092 2351 2224 2387 nostris
2251 2351 2460 2397 proceribus

274 2442 359 2476 Nov.
373 2443 491 2477 LXII
506 2444 564 2484 (-—-
575 2444 726 2478 Authent.
741 2443 889 2485 LXIV)
915 2443 1037 2477 Latine
1062 2451 1182 2478 tantum
1207 2451 1294 2477 extat
1318 2445 1350 2477 in
1372 2444 1406 2477 V
1424 2439 1459 2486 (ἦ
1478 2419 1617 2486 ξβῖοὗχ
1641 2438 1774 2485 εὑρέθη
1797 2454 1820 2485 η
1843 2442 1922 2476 τῶν
1945 2444 2028 2487 περὶ
2053 2439 2143 2486 [ἦτοι
2167 2445 2249 2487 περὶ
2262 2443 2461 2484 Zachariae,

227 2484 458 2568 τσῇωσιξῖρὶιῗῦιν
481 2489 626 2534 Kriiyer]
653 2486 900 2535 συγκλητικῶν
922 2489 968 2522 Μ
983 2490 1016 2523 in
1031 2490 1158 2533 marq.).
1182 2508 1225 2514 —
1249 2489 1340 2532 Epit.
1357 2489 1478 2523 Theod.
1494 2490 1536 2522 62
1561 2489 1647 2529 (inde
1669 2488 1705 2521 B
1723 2489 1754 2530 6,
1768 2495 1919 2530 1,13-17
1938 2495 1967 2522 et
1982 2489 2037 2531 L),
2061 2489 2182 2523 Athan.
2198 2490 2250 2531 22,
2263 2497 2290 2524 3.
2339 2489 2460 2523 Iulian.

230 2633 457 2681 hypothecae
480 2634 624 2670 nomine
648 2635 761 2670 teneri
782 2635 974 2677 sancimus,
1009 2645 1082 2680 quo
1105 2634 1314 2670 mulieribus
1339 2634 1479 2680 quidem
1503 2634 1561 2670 ius
1583 2633 1621 2668 in
1644 2633 1735 2679 ipsis
1758 2632 1865 2669 rebus
1887 2633 2126 2669 immobilibus
2148 2634 2356 2669 donationis
2378 2639 2462 2669 ante

230 2679 380 2726 nuptias
402 2679 583 2727 inteqrum
606 2691 804 2722 servemus,
836 2679 910 2715 illis
940 2682 1060 2716 autem
1091 2679 1148 2715 ius
1179 2679 1280 2726 quod
1309 2691 1359 2716 ex
1382 2678 1629 2716 instrumentis
1653 2678 1840 2724 competit,
1873 2682 2046 2724 quantum
2076 2677 2127 2713 ad
2146 2678 2309 2724 reliquas
2334 2690 2458 2715 eorum

230 2735 290 2761 res
296 2737 312 2767 ;
345 2729 387 2761 ut
411 2729 529 2761 tamen
554 2726 676 2761 omnia
695 2725 892 2773 privileqz’a
916 2736 1011 2777 quae
1034 2724 1112 2760 doti
1134 2725 1206 2760 iam
1230 2736 1254 2760 a
1277 2724 1381 2761 nobis
1404 2725 1492 2761 data
1514 2727 1600 2760 sunt
1622 2723 1660 2758 in
1683 2734 1750 2758 suo
1774 2722 1907 2758 robore
1930 2727 2111 2766 maneant,
2141 2724 2175 2758 si
2198 2723 2326 2760 mulier
2348 2725 2458 2760 actio-

230 2781 311 2806 nem
339 2775 489 2851 πέουεατ.
545 2770 640 2807 Nam
670 2771 799 2807 ceteris
831 2770 996 2806 ommbus
1026 2774 1176 2817 praeter
1207 2771 1391 2807 mulierem
1424 2770 1495 2806 tale
1522 2768 1754 2816 privileqium
1789 2779 1904 2814 neque
1934 2767 1980 2803 ab
2011 2768 2116 2804 initio
2149 2768 2311 2805 dedimus
2346 2780 2461 2816 neque

230 2826 327 2851 nunc
373 2827 485 2852 amus.
2419 2850 2421 2852 .

367 2860 455 2908 Epi
463 2862 477 2897 l
485 2873 506 2898 o
509 2873 607 2914 pus.
658 2861 735 2898 Tua
762 2861 875 2908 iqitur
898 2862 1098 2898 sublimitas
1128 2872 1222 2908 quae
1240 2861 1465 2908 placuerunt
1494 2860 1599 2897 nobis
1629 2863 1665 2896 et
1685 2870 1759 2907 per
1790 2858 1884 2895 hanc
1906 2870 2050 2895 sacram
2081 2859 2194 2906 leqem
2226 2860 2461 2896 declarantur

232 2906 395 2943 omnibus
417 2907 615 2954 mamfesta
637 2907 759 2953 faciat
781 2907 978 2943 secundum
1000 2918 1136 2943 morem
1159 2907 1306 2942 solitum
1329 2907 1455 2942 edictis
1475 2917 1543 2953 per
1563 2905 1772 2952 provincias
1793 2915 1878 2946 usa,
1911 2909 1952 2940 ut
1974 2905 2110 2940 nullam
2143 2917 2193 2942 ex
2218 2906 2385 2952 pentibus
2408 2906 2459 2941 la-

231 2956 330 2988 teant
353 2963 448 2999 quae
471 2964 494 2989 a
518 2952 623 2989 nobis
646 2953 787 2989 sancita
809 2957 903 2988 sunt.
954 2952 1047 2987 Nam
1073 2953 1110 2987 m
1134 2951 1203 2988 hac
1225 2952 1331 2998 felici
1351 2952 1439 2988 urbe
1460 2951 1748 2998 qlore'osissimus
1764 2950 1980 2997 praefectus
2000 2950 2090 2986 baec
2111 2955 2301 2998 proponet.

280 3069 293 3100 1
317 3066 542 3111 θεσπίζομεν
556 3068 613 3108 Μ]
638 3065 849 3111 βουλόμεθα
863 3068 1050 3111 LBEpan.
1065 3079 1084 3105 ς
1099 3067 1112 3112 ΙΙ
1132 3069 1151 3101 3
1169 3063 1230 3101 ἐπ’
1251 3062 1310 3099 αὖ·
1390 3066 1422 3099 V
1432 3064 1444 3110 ss
1467 3067 1507 3099 14
1531 3064 1660 3098 nullam
1683 3065 1816 3110 Vvulq.]
1842 3064 1973 3098 nullum
1998 3065 2066 3097 RT
2084 3065 2097 3107 ΙΙ
2127 3067 2166 3099 15
2191 3064 2317 3098 lateant
2340 3067 2424 3110 vulq.
2447 3066 2461 3111 ΙΙ

231 3114 315 3154 τοῖς]
340 3113 401 3147 ἐπὶ
426 3113 462 3146 Β
477 3112 490 3158 ss
519 3115 560 3147 10
577 3111 659 3146 οὔτε
676 3133 719 3138 ——
737 3110 819 3146 οὔτε
840 3113 964 3157 Epora]
989 3110 1072 3146 οὐδὲ
1092 3108 1186 3154 (οὐδ’
1202 3113 1247 3155 L)
1269 3131 1312 3136 -
1385 3113 1425 3146 16
1445 3111 1630 3153 praefectus
1652 3109 1757 3151 urbis]
1781 3121 1859 3153 prae
1879 3111 1912 3143 V
1929 3110 1942 3154 ΙΙ
1970 3112 2008 3144 17
2030 3110 2093 3142 hoc
2117 3113 2280 3152 proponet
2304 3111 2378 3152 (hoc
2398 3122 2458 3154 pro

232 3155 317 3191 οὐδὲ
341 3157 381 3191 M
387 3158 465 3192 LB
493 3158 506 3202 ΙΙ
540 3158 663 3193 Iulian.
686 3161 719 3193 in
735 3161 809 3201 fine
834 3159 912 3192 add.
937 3159 1029 3192 Haec
1055 3160 1167 3192 autem
1190 3157 1312 3191 consti-
1383 3159 1415 3190 in
1433 3158 1511 3196 ras.)
1535 3157 1569 3189 V
1586 3155 1598 3199 ΙΙ
1625 3157 1665 3190 21
1681 3158 1767 3189 rubr.
1793 3157 1843 3188 De
1863 3155 2072 3189 senatoribus
2092 3156 2195 3200 (Περὶ
2214 3154 2458 3199 συγκλητικῶν

232 3204 320 3236 tutio
341 3214 408 3236 non
431 3204 468 3236 in
491 3204 689 3247 praeteritis,
718 3205 774 3237 sed
798 3204 834 3236 in
859 3204 985 3237 futuris
1007 3203 1136 3237 casibus
1160 3202 1276 3237 valeat.
1301 3200 1314 3247 {l
1383 3202 1430 3236 M
1432 3214 1546 3246 marq„
1559 3202 1647 3244 Aeli„
1660 3202 1781 3235 Tbeocl,
1792 3202 1961 3235 secundum
1973 3202 2015 3242 L,
2030 3203 2118 3245 Περὶ
2131 3199 2340 3246 συγκλήτων
2351 3213 2458 3236 errore

237 3251 275 3283 17
301 3249 466 3295 ἔπαρχος]
491 3250 677 3292 praefectus
701 3250 793 3283 urbis
818 3261 837 3286 ς
853 3249 866 3293 ΙΙ
891 3252 1012 3283 subscr.
1039 3262 1097 3284 om.
1112 3261 1131 3286 ς
1148 3248 1161 3293 ΙΙ
1186 3249 1218 3281 k.
1245 3248 1312 3281 dec.
1384 3248 1503 3281 Theod.
1519 3248 1616 3289 cod.)]
1642 3259 1698 3280 om.
1715 3246 1757 3287 V,
1782 3247 1830 3279 De
1851 3246 1968 3279 ordine
1991 3249 2122 3279 senatus
2150 3247 2377 3281 Glossfflarie.
2401 3258 2454 3289 ap.

235 3295 281 3328 M
286 3295 376 3336 Aila]
400 3295 433 3327 k.
454 3298 535 3338 sept.
560 3300 638 3338 (sep.
654 3301 672 3323 Ρ
696 3298 784 3338 setes>
803 3294 830 3337 ⁶)
854 3294 978 3329 lutum
1001 3297 1089 3338 μηνὶ
1113 3291 1313 3338 δεκεμβρίῳ
1383 3293 1517 3326 Βίεηεν.
1546 3293 1660 3326 Gescb.
1682 3293 1714 3325 d.
1736 3293 1820 3326 Nov.
1839 3304 1874 3335 p.
1888 3293 1954 3325 544
1975 3294 2035 3325 n.i
2056 3292 2108 3332 (ex
2131 3292 2252 3325 Iulian.
2277 3305 2303 3326 c.
2319 3292 2382 3326 200
2408 3291 2455 3322 De

238 3340 356 3373 Theod.
375 3340 388 3379 ΙΙ
407 3340 470 3373 ΟΡ.
492 3341 547 3373 dn.
568 3340 751 3374 Iustiniani
774 3351 829 3384 pp.
855 3351 930 3382 aug.
949 3350 1027 3373 ann.
1042 3340 1080 3373 11
1100 3341 1170 3382 (sic)
1186 3339 1229 3372 M
1248 3341 1313 3383 βα·
1382 3337 1500 3370 ordine
1523 3338 1724 3379 senatorum)
1751 3337 1763 3380 ΙΙ
1795 3338 1838 3371 22
1862 3337 1910 3372 ΙΙ.
1938 3338 2014 3371 add.
2040 3338 2228 3371 Zachariae
2255 3336 2269 3378 ΙΙ
2296 3338 2339 3370 24
2361 3335 2456 3384 foris-

235 3381 366 3419 σιλείας
388 3382 641 3420 Ἰουστινιανοῦ
665 3384 707 3420 τὸ
733 3385 788 3419 ια’
813 3387 901 3429 ΑιΙι.,
927 3398 985 3419 om.
1010 3386 1081 3420 rell.
1110 3384 1123 3430 ΙΙ
1158 3386 1201 3419 18
1224 3381 1315 3428 μετὰ
1381 3393 1464 3426 quae
1484 3381 1515 3415 V
1535 3380 1550 3426 u
1568 3382 1610 3415 25
1627 3381 1806 3414 romanoV
1836 3379 1852 3426 ΙΙ
1877 3380 1919 3413 26
1936 3384 2045 3422 quam]
2066 3381 2155 3422 quod
2179 3380 2320 3423 unum
2341 3377 2459 3410 Bzener

235 3425 412 3464 ὑπατείαν
443 3429 654 3478 Βελισαρίου
685 3430 728 3465 τὸ
760 3428 800 3475 β’
827 3428 894 3466 ἰνδ.
921 3427 961 3464 α’
988 3427 1054 3474 (ια’
1082 3431 1163 3472 cod.)
1194 3430 1313 3463 Theod.
1379 3442 1415 3472 p.
1430 3430 1494 3461 495
1514 3426 1526 3471 ΙΙ
1543 3429 1584 3461 27
1602 3427 1652 3460 hii
1672 3427 1707 3460 V
1724 3427 1760 3460 hi
1779 3428 1864 3470 vuly.
1880 3426 1892 3472 ΙΙ
1911 3427 1987 3470 ipsi]
2009 3427 2220 3470 imperatores
2240 3425 2375 3462 Biener;
2398 3425 2459 3476 sed

235 3472 324 3516 μετὰ
339 3475 406 3518 τὴν
422 3473 601 3511 ὑπατείαν
618 3475 830 3522 Bel-coaptem
851 3475 893 3510 τὸ
912 3474 955 3520 β’
971 3477 1048 3510 Am.
1073 3478 1147 3519 post
1162 3474 1315 3508 bilisariu
1383 3476 1424 3517 cs.
1451 3474 1497 3506 ad
1519 3475 1596 3514 307,
1609 3481 1637 3507 11
1663 3472 1677 3517 ΙΙ
1704 3472 1866 3514 elegerint
1890 3473 2026 3514 Biener]
2059 3471 2224 3512 elegenter
2245 3468 2309 3520 VJ!
2336 3470 2390 3521 28·
2403 3480 2455 3501 in-

238 3526 288 3551 110.
315 3530 416 3554 conss.
431 3523 478 3556 M
500 3526 575 3566 post
599 3534 689 3557 cons.
713 3522 844 3556 uilisari
868 3521 992 3556 lutbvw
1382 3518 1520 3552 iuxisset
1540 3518 1574 3551 V
1589 3518 1602 3562 ΙΙ
1631 3519 1674 3552 29
1699 3517 1852 3560 reliquiis
1873 3517 1907 3551 V
1924 3517 1937 3561 ss
1961 3517 2072 3559 quieta
2092 3513 2176 3557 V‘ss
2199 3515 2242 3548 32
2266 3514 2456 3556 v1gent1bus

1384 3558 1514 3598 Biener'
1533 3564 1614 3597 male
1640 3563 1653 3607 ss
1682 3563 1844 3596 indefessa
1868 3572 1998 3604 egerere
2031 3561 2068 3602 V,
2091 3571 2173 3594 corr.
2189 3558 2282 3592 Beck
2312 3559 2324 3602 ΙΙ
2353 3560 2393 3592 33
2419 3561 2453 3591 in

471 3610 746 3614 <——*—--*Q‹--
1383 3609 1488 3641 nimia
1518 3608 1744 3642 deminutione
1777 3608 1814 3650 V,
1838 3620 1920 3642 corr.
1946 3607 2070 3640 Biener
2097 3602 2112 3648 ΙΙ
2137 3603 2265 3644 h⁰⁰q¹¹0
2296 3614 2454 3637 summam

298 3657 312 3687 1
339 3654 554 3691 alienationes
582 3659 632 3692 V¹
660 3658 673 3704 ΙΙ
705 3660 725 3693 3
750 3659 846 3700 uitis]
870 3658 955 3691 iuris
976 3658 1068 3692 RV¹
1103 3656 1174 3690 illis
1196 3656 1282 3699 vulp.
1305 3654 1309 3693 Ι
1385 3654 1521 3695 Biener]
1547 3654 1610 3686 hoe
1630 3663 1714 3695 quae
1733 3662 1792 3686 sua
1815 3652 1931 3696 171134
1951 3650 2090 3691 ideoque
2111 3649 2159 3681 bis
2171 3661 2232 3681 scr.
2255 3648 2311 3701 Vfl
2328 3651 2370 3683 35
2385 3661 2453 3683 mo—

241 3700 317 3742 4sq.
336 3699 434 3733 rebus
450 3702 527 3734 suis.
553 3704 714 3737 Omnibus
730 3705 870 3748 Rvuly]
890 3702 988 3737 rebus
1003 3702 1158 3736 omnibus
1173 3702 1242 3734 suis
1263 3700 1310 3745 Vl
1384 3699 1523 3732 limento
1548 3699 1747 3739 Zachariae]
1782 3697 1995 3730 monumento
2027 3693 2058 3726 V
2080 3692 2087 3736 Ι
2129 3693 2170 3727 38
2203 3694 2330 3727 accedit
2361 3696 2455 3729 Beck

239 3745 257 3777 Ἰ
283 3744 498 3787 priuilegium
523 3747 572 3779 R²
592 3748 605 3791 11
635 3751 673 3783 11
700 3759 783 3791 quae
807 3749 1019 3792 placuerunt]
1043 3746 1317 3790 complacuerunt
1349 3771 1353 3782 .
1386 3752 1497 3779 temere
1521 3743 1534 3788 ΙΙ
1564 3745 1606 3778 39
1631 3743 1737 3775 nostri
1754 3741 1891 3781 Bienor]
1914 3740 2061 3772 nostrum

1170 3607 1237 3611 n—..v
1249 3603 1316 3611 mm*
