2586 3990
2139 136 2210 190 ‘ns
2238 157 2471 192 nmmosm

262 142 369 188 Nov.
399 143 516 186 CXII
547 145 567 186 1
1328 140 1413 189 524

1270 277 1427 314 CAPUT
1446 277 1475 313 Ι.

325 342 394 375 Διά
415 354 472 376 τοι
501 342 610 376 τοῦτο
635 341 870 388 θεσπίζομεν,
902 343 1075 387 litigiosov
1098 342 1272 391 λέγεσθαί
1291 358 1331 381 τε
1466 343 1623 388 Ideoque
1645 343 1825 380 sancimus
1855 345 2043 390 litigiosam
2067 347 2137 383 dici
2160 351 2196 382 et
2218 345 2373 391 intellegi
2395 356 2469 382 rem

256 389 316 420 καὶ
339 387 505 420 νοεῖσθαι
528 388 677 434 πρᾶγμα
701 389 852 431 κινητὸν
881 386 903 431 ἢ
934 386 1105 431 ἀκίνητον
1135 387 1158 432 ἢ
1189 387 1331 424 αὐτοκί-
1399 388 1563 424 mobilem
1586 388 1641 424 vel
1663 388 1865 424 inmobilem
1887 400 2034 436 seseque
2055 394 2269 435 moventem,
2300 391 2344 426 de
2367 391 2469 427 cuius

256 444 376 473 νητον,
408 424 548 466 οὗτινος
578 435 660 477 περὶ
690 434 752 476 τῆς
783 431 990 467 δεσποτείας
1022 434 1167 477 ζήτησις
1195 434 1330 479 μεταξὺ
1400 433 1552 469 dominio
1577 443 1688 469 causa
1710 434 1803 469 inter
1822 435 2008 479 petitorem
2030 440 2068 472 et
2089 438 2328 482 possidentem
2351 446 2469 472 move·

254 477 318 510 τοῦ
344 477 534 522 ἐνάγοντος
564 480 625 510 καὶ
648 480 841 522 νεμομένου
868 481 1021 512 κινεῖται
1051 476 1075 522 ἢ
1098 477 1158 513 διὰ
1189 476 1332 526 ἀρχικῆς
1399 482 1458 513 tur
1480 483 1544 513 aut
1566 488 1630 523 per
1645 478 1866 515 iudiciariam
1890 481 2153 517 conventionem
2175 486 2239 517 aut
2261 492 2325 527 per
2343 491 2470 526 preces

255 518 488 565 ὑπομνήσεως
517 520 538 565 ἣ
566 519 627 556 διὰ
659 520 818 565 δεήσεων
847 521 990 566 βασιλεῖ
1020 524 1331 569 προςενεχθεισῶν
1367 527 1386 559 5
1399 523 1552 576 principi
1575 523 1713 559 oblatas
1737 527 1774 559 et
1796 524 1994 560 insinuatas
2016 525 2123 561 iudici
2150 537 2192 562 ac
2215 537 2279 572 per
2302 537 2382 562 eum
2405 526 2469 561 ad-

254 569 313 599 καὶ
335 567 388 609 τῷ
407 564 556 613 δικαστῇ
582 566 881 612 ἐμφανισθεισῶν
904 571 964 601 καὶ
988 565 1037 601 δι’
1056 566 1166 602 αὐτοῦ
1190 570 1244 612 τῷ
1268 566 1330 603 ἇν-
1399 577 1555 604 versario
1586 568 1862 614 interpellatoris
1895 570 2065 613 cognitas.
2111 570 2153 606 In
2175 571 2232 607 his
2260 572 2352 607 enim
2377 571 2468 606 casi-

252 608 379 654 τιδίκῳ
408 611 473 645 τοῦ
503 610 765 657 προςελθόντος
795 612 1050 658 γνωσθεισῶν.
1097 615 1157 648 ἐπὶ
1188 614 1331 648 τούτων
1399 613 1467 648 bus
1491 612 1596 648 etiam
1620 614 1847 658 praeteritam
1879 613 2165 650 constitutionem
2186 615 2469 652 mansuetudinis

250 655 322 701 γὰρ
337 657 414 690 τῶν
431 654 609 699 θεμάτων
625 659 685 690 καὶ
701 656 769 700 τὴν
783 659 965 703 προτέραν
980 659 1043 701 τῆς
1057 655 1228 704 ἡμετέρας
1246 656 1329 702 ἡμε-
1397 662 1542 694 nostrae
1571 659 1721 703 posthac
1752 659 1914 694 volumus
1945 652 2121 701 obtinere,
2155 661 2193 695 iu
2224 671 2294 706 qua
2316 661 2468 697 scientes

252 699 401 746 ρότητος
420 699 587 742 διάταξιν
607 702 698 744 μετὰ
713 703 831 736 ταῦτα
846 705 990 746 κρατεῖν
1006 702 1228 746 βουλόμεθα,
1252 705 1291 738 ἐν
1307 696 1330 752 ᾖ
1397 706 1433 738 et
1452 703 1656 747 ignorantes
1677 706 1854 748 emptores
1875 704 2111 740 discrevimus.
2155 704 2205 740 Et
2225 706 2293 742 hoc
2312 706 2468 741 adicien-

251 745 333 779 τοὺς
365 744 506 780 εἰδότας
537 749 596 780 καὶ
625 744 847 792 ἀγνοοῦντας
869 743 1072 793 ἀγοραστὰς
1092 746 1327 795 διεκρίνομεν.
1344 751 1385 783 10
1397 748 1480 783 (111111
1514 758 1593 783 esse
1626 749 1890 793 perspeximus,
1929 754 1969 784 ut
2003 749 2035 784 si
2069 749 2130 784 lite
2165 749 2209 785 de
2242 760 2282 786 re
2315 750 2469 795 litigiosa

250 788 341 824 ἀλλὰ
364 795 424 825 καὶ
445 792 552 825 τοῦτο
577 791 790 837 προς-θεῖναι
809 790 1029 835 συνείδομεν,
1053 789 1142 828 dien
1161 794 1261 839 εἴπερ
1277 792 1328 828 δί-
1422 792 1571 828 endeute
1593 794 1773 838 pulsatum
1798 794 1986 838 contigerit
2017 794 2062 829 ab
2087 794 2156 830 hac
2186 795 2267 830 luce
2288 796 2466 839 recedere,

251 847 311 877 κης
335 839 415 880 περὶ
439 836 613 880 litigiosov
642 836 838 882 ἠρτημένης
865 838 984 884 συμβῇ
1015 837 1084 873 τὸν
1108 838 1329 885 έναγόμενον
1395 804 1546 873 Εθτθᾶεε
1577 842 1694 874 autem
1726 839 1802 874 eius
1832 839 1920 874 velle
1953 839 2157 875 divisionem
2190 849 2307 875 rerum
2335 840 2468 884 facere,

249 879 477 925 τελευτῆσαι,
517 881 599 916 τοὺς
634 879 674 915 δὲ
708 878 819 916 αὐτοῦ
853 880 1093 927 κληρονόμους
1126 883 1328 927 βούλεσθαι
1395 883 1473 919 sine
1495 883 1614 927 aliquo
1640 884 1822 919 obstaculo
1853 884 1960 920 liceat
1993 884 2045 920 eis
2068 884 2136 920 hoc
2205 894 2274 920 ere.
2319 885 2467 930 Quando

251 923 379 960 διελεῖν
410 925 455 960 τὰ
487 926 701 973 πράγματα,
737 925 1011 970 ἀνεμποδίστως
1046 928 1178 969 ἐξεῖναι
1209 928 1328 964 αὐτοῖς
1396 928 1488 963 enim
1510 938 1566 963 res
1591 928 1765 972 litigiosae
1787 939 1850 974 per
1865 929 2126 965 successionem
2149 894 2205 964 aff
2218 929 2366 965 heredes
2389 939 2467 975 per-

249 972 358 1005 τοῦτο
382 968 686 1016 διαπράττεσθαι.
733 969 841 1015 ἡνίκα
863 972 933 1018 γὰρ
956 972 1109 1016 litigiosa
1131 973 1328 1019 πράγματα
1342 976 1383 1009 15
1396 973 1557 1016 veniunt,
1593 983 1663 1008 non
1696 973 1800 1009 debet
1830 974 1996 1010 alienatio
2031 974 2188 1018 intellegi
2222 984 2342 1010 earum
2376 974 2469 1010 inter

249 1015 342 1049 κατὰ
359 1013 531 1059 διαδοχὴν
546 1018 593 1050 εἰς
608 1016 847 1071 κληρονόμους
863 1020 1097 1063 περιέοχεται,
1113 1015 1177 1052 οὐκ
1192 1017 1327 1065 ὀφείλει
1397 1018 1588 1053 coheredes
1623 1018 1759 1055 divisio.
1805 1019 1854 1054 Et
1886 1020 1956 1054 hoc
1987 1023 2105 1054 autem
2139 1019 2320 1064 praesenti
2348 1023 2470 1055 nostra

249 1062 429 1104 ἐκποίησις
451 1062 620 1095 νοεῖσθαι
649 1075 671 1105 η
701 1062 844 1096 τούτων
873 1076 963 1106 μετα
988 1063 1008 1096 ὐ
1038 1064 1116 1098 τῶν
1140 1063 1328 1111 συγκληρο-
1395 1064 1472 1107 lege
1492 1062 1723 1108 decernimus,
1748 1066 1789 1099 ut
1808 1064 1840 1100 si
1857 1064 2045 1109 contigerit
2063 1075 2173 1099 unum
2195 1075 2262 1109 pro
2278 1064 2341 1099 tali
2360 1074 2470 1100 causa

248 1105 376 1149 νόμων
407 1104 586 1151 διαίρεσις.
640 1110 713 1140 Καὶ
743 1108 850 1141 τοῦτο
887 1105 927 1141 δὲ
958 1106 1019 1142 διὰ
1051 1109 1115 1143 τοῦ
1147 1107 1328 1155 παρόντος
1395 1108 1590 1152 litigantem
1613 1108 1659 1143 ab
1678 1109 1832 1145 humano
1857 1110 2036 1145 consortio
2060 1109 2284 1145 recedentem
2307 1120 2372 1163 per
2386 1109 2469 1145 ulti-

247 1148 351 1194 ἡμῶν
381 1150 494 1195 νόμου
526 1151 763 1195 θεσπίζομεν,
794 1148 882 1187 ὥςτε
912 1153 943 1186 εἰ
966 1156 1124 1197 συμβαίη
1156 1156 1220 1188 ἕνα
1251 1156 1328 1189 τῶν
1395 1163 1490 1188 mam
1513 1153 1730 1189 voluntatem
1754 1164 1811 1190 res
1834 1155 1983 1199 aliquas,
2012 1154 2056 1190 de
2080 1155 2209 1199 quibus
2233 1154 2381 1190 dominii
2403 1154 2468 1190 du-

248 1198 330 1242 περὶ
352 1195 531 1230 τοιούτων
554 1196 782 1242 πραγμάτων
805 1195 1052 1242 δικαζομένων
1074 1201 1152 1233 τῶν
1176 1197 1326 1244 ἀνθρω-
1341 1201 1382 1233 20
1395 1198 1520 1233 bitatio
1544 1199 1702 1241 vertitur,
1734 1199 1841 1244 legati
1863 1200 2004 1236 nomine
2028 1201 2237 1245 cuicumque
2258 1199 2468 1245 relinquere,

247 1244 373 1286 stivam
391 1238 551 1276 ἀπιόντα
571 1243 798 1288 πραγμάτῳν
822 1240 882 1276 διὰ
900 1242 1104 1278 τελευταίας
1126 1243 1328 1289 βουλήσεως
1395 1242 1570 1288 siquidem
1604 1244 1707 1279 heres
1741 1244 1900 1280 iudiciali
1933 1245 2111 1281 sententia
2147 1244 2310 1280 dominus
2345 1254 2469 1280 earum

247 1286 444 1332 πράγματα
479 1300 580 1331 τινα,
618 1291 700 1333 περὶ
735 1287 790 1321 ὠν
824 1286 1034 1323 δεσποτείας
1068 1285 1327 1335 ἀμφιςβήτησις
1395 1288 1506 1323 fuerit
1544 1288 1825 1332 demonstratus,
1865 1294 1951 1326 tunc
1985 1289 2177 1335 legatarius
2216 1289 2312 1335 quod
2345 1290 2379 1325 ei
2412 1299 2467 1325 re-

247 1334 416 1374 κινεῖται,
449 1328 605 1375 ὀνόματι
627 1331 778 1378 λεγάτου
808 1336 883 1367 τινὶ
906 1333 1130 1377 καταλιπεῖν,
1161 1336 1192 1368 εἰ
1213 1336 1281 1378 μὲν
1304 1332 1324 1368 ὁ
1394 1333 1517 1368 lictum
1540 1338 1595 1369 est
1618 1334 1731 1370 modis
1754 1334 1917 1370 omnibus
1941 1339 2191 1379 consequatur.
2237 1334 2277 1370 Si
2299 1345 2382 1370 vero
2406 1335 2467 1369 he-

246 1373 463 1421 κληρονόμος
486 1377 579 1411 κατὰ
604 1374 817 1422 δικαστικὴν
847 1379 970 1424 ψῆφον
994 1376 1172 1422 δεσπότης
1203 1377 1327 1413 αὐτῶν
1394 1388 1451 1414 res
1474 1378 1513 1414 in
1534 1378 1666 1414 iudicio
1691 1379 1806 1415 victus
1830 1380 2001 1422 extiterit,
2028 1390 2101 1415 non
2123 1380 2255 1415 habeat
2276 1379 2468 1424 legatarius

246 1418 498 1465 ἀποδειχθείη,
529 1423 730 1465 τηνικαῦτα
759 1423 827 1458 τὸν
855 1421 1071 1470 λεγατάριον
1101 1421 1193 1469 ὅπερ
1225 1421 1326 1467 αὐτῷ
1339 1423 1511 1459 2510cum
1535 1424 1640 1459 aliam
1663 1434 1737 1459 rem
1760 1435 1825 1469 pro
1847 1425 1970 1460 eodem
1993 1425 2110 1469 legato
2130 1424 2295 1460 heredem
2318 1425 2467 1470 exigere,

246 1465 523 1502 καταλέλειπται
547 1468 639 1501 πᾶσι
661 1466 810 1513 τρόποις
829 1469 1062 1512 κομίζεσθαι·
1089 1470 1119 1502 εἰ
1139 1468 1179 1503 δέ
1200 1467 1220 1503 ὁ
1245 1468 1325 1512 κλη-
1394 1469 1561 1514 quoniam
1599 1470 1717 1505 sciens
1755 1473 1906 1505 testator
1943 1480 2018 1505 rem
2055 1470 2243 1514 litigiosam
2278 1479 2357 1505 esse
2394 1469 2468 1505 litis

246 1512 395 1557 ρονόμος
411 1513 451 1546 ἐν
467 1510 687 1557 δικαστηρίῳ
705 1512 773 1556 τὴν
788 1510 925 1556 ἥττονα
941 1515 1066 1559 ψῆφον
1081 1510 1325 1561 ἆπενέγκοιτο,
1393 1517 1556 1549 eventum
1579 1514 1751 1559 legatario
1775 1515 1970 1560 dereliquit.
2019 1515 2120 1550 Unde
2144 1515 2268 1551 damus
2290 1514 2469 1550 licentiam

246 1557 294 1601 μὴ
317 1559 411 1599 ἔχειν
432 1557 556 1603 χώραν
579 1558 647 1592 τὸν
671 1557 885 1605 λεγατάριον
915 1560 1039 1604 ἕτερον
1062 1561 1211 1606 πρᾶγμα
1235 1557 1326 1605 ὑπὲρ
1392 1558 1575 1604 legatario,
1606 1560 1637 1594 si
1660 1560 1730 1595 hoc
1753 1560 1924 1605 prodesse
1948 1560 2015 1596 sibi
2038 1561 2230 1606 putaverit,
2261 1559 2333 1595 litis
2358 1560 2467 1605 parti-

246 1603 311 1636 τοῦ
332 1598 443 1636 αὐτοῦ
469 1601 617 1648 λεγάτου
640 1603 708 1637 τὸν
725 1602 949 1648 κληρονόμον
971 1604 1206 1650 εἰςπράττειν,
1231 1606 1325 1640 ἐπει·
1396 1604 1509 1648 cipem
1533 1604 1626 1646 fieri,
1658 1615 1703 1639 ne
1727 1605 1882 1650 aliquam
1905 1605 1998 1640 forte
2021 1605 2273 1651 neglegentiam
2297 1615 2361 1640 seu
2409 1615 2466 1640 ro-

247 1645 361 1692 δήπερ
384 1645 486 1681 εἰδὼς
508 1644 528 1681 ὁ
555 1645 769 1691 διαθέμενος
795 1648 839 1682 τὸ
863 1649 1014 1694 πρᾶγμα
1036 1650 1210 1693 litigiosov
1233 1649 1325 1684 εἶναι
1338 1652 1380 1684 30
1394 1649 1562 1684 ditionem
1592 1649 1714 1685 heredi
1744 1650 1859 1695 possit
1887 1650 2039 1686 obicere.
2083 1652 2140 1685 Ab
2164 1651 2232 1685 hoc
2255 1654 2374 1686 autem
2409 1650 2466 1685 iti-

246 1692 315 1735 τὴν
330 1693 392 1735 τῆς
408 1690 506 1735 δίκης
526 1694 676 1737 ἔκβασιν
695 1694 750 1736 τῷ
769 1692 971 1739 λεγαταρίῳ
992 1693 1193 1730 κατέλιπεν.
1231 1691 1326 1729 ὅθεν
1392 1694 1481 1738 giosi
1504 1694 1677 1729 vocabulo
1701 1695 1920 1740 hypothecas
1944 1696 2104 1740 separari
2126 1695 2347 1730 decernimus
2371 1698 2407 1730 et
2429 1695 2467 1730 in

247 1734 393 1781 δίδομεν
426 1735 553 1771 ἄδειαν
588 1738 640 1781 τῷ
678 1736 898 1784 hya-capte»,
936 1739 968 1772 εἰ
1001 1740 1108 1774 τοῦτο
1144 1742 1325 1793 συμφέρον
1393 1739 1448 1774 his
1471 1739 1565 1774 hanc
1589 1739 1852 1775 distinctionem
1875 1743 2008 1783 tenere,
2033 1745 2072 1775 ut
2090 1740 2121 1775 si
2136 1740 2276 1785 quidem
2295 1740 2467 1785 speciales

245 1783 365 1825 ἑαυτῷ
403 1780 592 1828 ἡγήσαιτο,
623 1786 774 1826 μέτοχον
803 1784 974 1829 γίνεσθαι
1005 1786 1068 1840 τῆς
1091 1782 1205 1828 δίκης,
1237 1782 1326 1819 ὡςτε
1392 1794 1449 1819 res
1478 1784 1626 1819 mobiles
1650 1785 1704 1819 vel
1726 1785 1914 1820 inmobiles
1945 1790 2008 1820 aut
2036 1795 2076 1820 se
2097 1788 2277 1820 moventes
2307 1785 2465 1820 nomina-

244 1827 295 1872 μή
317 1841 403 1861 τινα
426 1827 536 1870 τυχὸν
558 1824 728 1870 ἀμέλειαν
748 1826 771 1871 ἢ
789 1826 989 1873 προδοσίαν
1009 1829 1121 1864 αυτὸν
1139 1827 1325 1864 δύνασθαι
1391 1829 1455 1864 tim
1491 1828 1623 1863 fuerint
1661 1829 1885 1875 hypothecae
1919 1830 2146 1874 suppositae,
2184 1830 2290 1864 liceat
2325 1830 2466 1874 quidem

244 1873 299 1915 τῷ
320 1871 531 1916 κληρονόμῳ
555 1869 797 1907 ἀντιτιθέναι.
850 1870 909 1907 Ἐκ
937 1872 1068 1918 ταύτης
1099 1872 1139 1908 δὲ
1168 1876 1231 1918 τῆς
1259 1875 1323 1908 τοῦ
1336 1877 1379 1910 35
1393 1873 1545 1910 debitori
1567 1883 1629 1909 eas
1660 1875 1717 1910 cui
1741 1877 1777 1911 et
1799 1874 1940 1920 quando
1966 1876 2116 1911 voluerit
2139 1875 2306 1918 vendere,
2338 1876 2390 1910 sic
2413 1880 2464 1910 ta-

246 1917 420 1962 litigiosov
443 1921 674 1964 προςηγορίας
703 1917 768 1952 τὰς
791 1915 982 1962 ὑποθήκας
1013 1920 1237 1966 κεχωρίσθαι
1260 1919 1324 1953 θε-

246 1964 433 2007 σπίζομεν,
449 1965 509 1996 καὶ
525 1964 564 1996 ἐν
576 1959 726 1997 ταύταις
741 1962 879 2006 ταύτην
891 1967 1036 2010 κρατεῖν
1051 1964 1120 2008 τὴν
1133 1962 1324 2008 διάστιξιν,

247 2003 336 2042 ὥςτε
354 2008 385 2042 εἰ
400 2010 468 2050 μὲν
483 2005 579 2041 ἰδικά
601 2008 799 2054 πράγματα
821 2008 949 2052 κινητὰ
968 2008 991 2052 ἢ
1007 2005 1160 2053 ἀκίνητα
1183 2009 1205 2052 ἢ
1221 2007 1324 2043 αὖτο-

245 2057 375 2094 κίνητα
405 2050 582 2096 ὀνομαστὶ
613 2056 690 2087 ταῖς
720 2051 926 2096 ὑποθήκαις
956 2055 1161 2099 ἐμφέροιτο,
1194 2054 1326 2094 ἐξεῖναι

244 2100 312 2141 μὲν
332 2100 385 2140 τῷ
410 2097 570 2145 χρεώστῃ
593 2099 710 2131 ταῦτα
740 2091 772 2140 ᾦ
794 2095 830 2132 τ’
857 2096 905 2133 ἂν
927 2101 987 2132 καὶ
1011 2095 1073 2132 ὅτε
1102 2097 1174 2144 ἄρα
1196 2098 1323 2143 βουλη·
1337 2102 1380 2134 40

378 2231 407 2266 Ῑ.
455 2230 658 2277 Propterea
680 2230 753 2266 iam
776 2230 958 2265 sancimus
988 2230 1185 2276 litiqiosam
1216 2230 1288 2266 dici
1316 2234 1354 2267 et
1379 2230 1541 2277 intelleqi
1567 2242 1643 2267 rem
1672 2230 1836 2267 mobilem
1867 2230 1923 2267 vel
1943 2230 2154 2267 immobilem
2183 2231 2240 2267 vel
2260 2242 2299 2267 se
2321 2242 2461 2268 moven-

246 2283 331 2320 tem,
362 2276 465 2312 cuius
494 2275 539 2312 de
567 2274 725 2311 dominio
755 2276 849 2310 inter
871 2280 1030 2311 actorem
1059 2279 1095 2311 et
1116 2286 1362 2328 possessorem
1392 2276 1554 2322 quaestio
1586 2282 1748 2312 movetur
1782 2275 1839 2312 vel
1859 2287 1933 2323 per
1954 2275 2156 2312 iudicialem
2186 2276 2464 2313 admonitionem

244 2322 300 2359 vel
318 2332 387 2368 per
406 2331 535 2367 preces
556 2320 770 2367 imperatori
793 2319 935 2356 oblatas
958 2325 992 2356 et
1016 2320 1125 2356 iudica
1148 2321 1353 2356 insinuatas
1382 2325 1418 2357 et
1439 2332 1507 2367 per
1529 2332 1608 2356 eum
1631 2321 1841 2357 adversario
1873 2321 2008 2356 actoris
2032 2325 2139 2356 notas
2155 2321 2289 2367 factas.
2337 2320 2384 2356 In
2406 2322 2464 2357 his

243 2367 337 2403 enim
359 2365 502 2402 casibus
524 2366 631 2402 etiam
649 2366 815 2412 priorem
837 2366 1123 2402 mansuetudinis
1145 2372 1293 2402 nostrae
1315 2366 1604 2402 constitutionem
1634 2366 1789 2412 posthac
1811 2365 1930 2402 valere
1953 2366 2129 2409 volumus,
2162 2367 2199 2401 in
2218 2378 2291 2412 qua
2312 2367 2464 2403 scientes

244 2417 279 2448 et
301 2413 513 2457 iqnorantes
536 2415 716 2457 emptores
740 2410 979 2446 discrevimus.
1028 2410 1102 2447 Sed
1131 2410 1201 2447 hoc
1230 2422 1375 2458 quoque
1404 2411 1629 2452 adiciendum
1660 2422 1737 2447 esse
1761 2411 2036 2459 perspeximus,
2067 2411 2101 2446 si
2128 2411 2230 2456 forte
2257 2412 2319 2447 lite
2348 2411 2393 2447 de
2423 2423 2463 2447 re

244 2458 403 2503 titiqiosa
452 2455 602 2492 endente
624 2466 709 2491 reus
732 2455 923 2492 decesserit
944 2459 979 2491 et
1002 2455 1150 2492 heredes
1172 2457 1248 2492 eius
1271 2466 1330 2492 res
1352 2455 1510 2493 dividere
1531 2456 1660 2499 velint,
1691 2461 1733 2492 ut
1754 2457 1832 2492 sine
1854 2455 2106 2502 impedimento
2132 2456 2200 2491 hoc
2221 2456 2266 2492 iis
2285 2467 2464 2509 peraqere

244 2503 362 2538 liceat.
462 2512 496 2536 m
530 2501 624 2536 enim
657 2511 718 2536 res
751 2500 932 2547 litiqiosae
965 2511 1037 2547 per
1070 2502 1329 2537 successionem
1367 2501 1418 2537 ad
1450 2501 1598 2537 heredes
1628 2501 1859 2549 perveniant,
1898 2511 1972 2536 non
2011 2500 2113 2536 debet
2143 2512 2214 2547 pro
2249 2503 2464 2538 alienatione

224 2547 371 2583 ¹haberi
392 2547 520 2583 harum
542 2557 664 2582 rerum
687 2546 782 2582 inter
805 2545 998 2582 coheredes
1021 2545 1158 2582 divisio.
1207 2545 1308 2582 Illud
1329 2557 1473 2592 quoque
1494 2545 1563 2582 hac
1586 2551 1713 2582 nostra
1737 2547 1815 2592 teqe
1836 2546 2029 2587 sancimus,
2060 2546 2093 2580 si
2110 2546 2212 2592 forte
2234 2557 2327 2582 unus
2348 2558 2399 2583 ex
2418 2547 2463 2582 iis

244 2593 308 2639 qui
338 2592 383 2628 de
412 2590 586 2628 eiusmodi
614 2590 722 2627 rebus
751 2590 895 2637 litiqant
925 2601 974 2627 eae
1002 2590 1168 2626 humanis
1195 2591 1303 2627 rebus
1333 2591 1555 2627 discessurus
1578 2602 1651 2638 per
1678 2591 1839 2627 ultimam
1868 2589 2085 2627 voluntatem
2117 2591 2291 2637 quasdam
2319 2602 2389 2634 res,
2420 2592 2464 2627 de

245 2648 399 2690 quarum
427 2636 586 2672 dominio
617 2636 866 2672 controversia
895 2641 1067 2679 movetur,
1103 2636 1215 2683 quati
1246 2637 1388 2673 nomine
1419 2637 1531 2672 alicui
1558 2637 1763 2684 reliquerit,
1797 2636 1830 2671 si
1852 2634 1993 2682 quidem
2023 2635 2126 2671 heres
2150 2647 2223 2682 per
2251 2637 2463 2673 sententiam

245 2683 448 2718 iudicialem
476 2681 643 2717 dominus
673 2692 797 2716 earum
826 2682 1007 2727 probatus
1036 2682 1100 2723 sit,
1134 2686 1176 2716 ut
1199 2686 1270 2716 tum
1302 2682 1501 2727 leqatarius
1531 2681 1628 2727 quod
1650 2683 1683 2717 ei
1706 2681 1868 2717 relictum
1895 2686 1948 2716 est
1971 2680 2136 2715 omnibus
2157 2681 2272 2716 modis
2293 2682 2464 2727 auferat;

246 2728 303 2764 sin
327 2733 445 2763 autem
468 2726 571 2762 heres
591 2725 721 2761 iudicis
742 2727 919 2761 sententia
941 2726 1101 2772 inferior
1124 2725 1337 2768 discesserit,
1370 2727 1511 2773 copiam
1535 2737 1607 2762 non
1631 2726 1761 2762 habeat
1784 2724 1983 2778 leqatarius
2011 2724 2119 2759 aliam
2143 2736 2218 2760 rem
2242 2737 2317 2778 pro
2340 2726 2463 2762 eodem

246 2774 279 2808 le
305 2778 366 2809 ato
389 2772 434 2808 ab
458 2771 586 2807 herede
610 2771 799 2817 exiyenff,
831 2771 1004 2817 quoniam
1036 2775 1188 2807 testator
1218 2772 1334 2807 sciens
1364 2783 1439 2807 rem
1470 2771 1663 2818 litiqiosam
1692 2782 1769 2807 esse
1801 2771 1874 2806 litis
1903 2773 2064 2806 eventum
2096 2769 2274 2815 leqatarto
2303 2771 2459 2816 reliquit.

251 2785 349 2854 Uiqtde
373 2816 550 2864 leqatario
576 2816 756 2852 licentiam
776 2815 916 2857 damus,
938 2817 973 2851 si
988 2815 1057 2852 hoc
1073 2815 1252 2863 prodesse
1274 2816 1342 2852 sibi
1360 2817 1552 2859 existimet,
1575 2821 1616 2852 ut
1633 2817 1821 2868 particeps
1839 2816 1907 2862 fiat
1927 2814 2011 2866 litis,
2034 2825 2079 2849 ne
2094 2825 2202 2860 quam
2218 2815 2321 2860 forte
2343 2816 2465 2868 neqle3

246 2863 405 2908 flentium
437 2862 493 2897 vet
519 2861 711 2908 perfidiam
742 2860 865 2896 heredi
890 2862 1010 2907 possit
1041 2872 1233 2909 opponere.
1286 2862 1339 2897 Ab
1370 2862 1439 2897 hac
1468 2872 1552 2897 vero
1584 2861 1735 2907 litzqiosi
1770 2860 2014 2911 appellatione
2044 2858 2266 2911 hypothecas
2293 2870 2461 2906 separari
2502 2876 2509 2883 -

246 2909 437 2950 sancimus,
461 2913 570 2953 atque
591 2906 631 2941 in
653 2907 699 2941 iis
722 2905 816 2942 hanc
839 2906 1102 2942 distinctionem
1127 2906 1256 2948 valere,
1289 2911 1331 2942 ut
1351 2907 1384 2942 si
1405 2906 1580 2952 speciales
1601 2917 1661 2942 res
1683 2905 1830 2942 mobiles
1852 2905 1908 2941 vet
1929 2903 2124 2955 immobiles
2147 2903 2212 2955 vel·
2224 2915 2262 2940 se
2284 2911 2462 2940 moventes

248 2953 457 2989 nominatim
481 2950 691 2998 hypothecis
713 2957 979 2997 supponantur,
1009 2951 1165 2987 debitori
1191 2962 1254 2987 eas
1284 2951 1493 2998 cuicumque
1520 2956 1558 2987 et
1585 2951 1731 2998 quando
1761 2950 1847 2987 velit
1874 2949 2026 2986 vendere
2048 2949 2169 2992 liceat,
2199 2955 2252 2985 tta
2276 2955 2393 2985 tamen
2422 2955 2463 2986 ut

1449 3086 1469 3119 2
1492 3085 1544 3118 vel
1567 3084 1760 3118 inmobilem
1784 3097 1843 3119 om.
1864 3083 1927 3128 Vfl
1951 3085 1971 3118 3
1995 3083 2129 3117 domino
2155 3084 2204 3117 T¹
2228 3083 2241 3129 ΙΙ
2267 3085 2287 3118 4
2309 3094 2461 3128 praeceps

1391 3131 1438 3163 12¹
1455 3130 1468 3174 ΙΙ
1487 3132 1507 3164 5
1531 3131 1659 3164 oblatos
1680 3131 1730 3164 Vt*
1747 3130 1760 3174 ΙΙ
1775 3129 1984 3163 aduersario·
2001 3129 2056 3171 ΤΙΙ
2075 3131 2096 3163 6
2120 3129 2398 3171 interpellationis
2413 3129 2460 3163 T¹

1390 3175 1692 3218 interappellatoris
1717 3174 1764 3208 R¹
1785 3174 1799 3218 ΙΙ
1822 3176 1840 3208 7
1864 3174 1973 3215 etiam]
1996 3177 2028 3206 et
2048 3174 2091 3213 R,
2115 3187 2173 3207 om.
2189 3174 2246 3218 ΤΙΙ
2271 3176 2290 3208 8
2314 3175 2458 3216 posthae]

1389 3231 1452 3262 per.
1470 3221 1550 3253 haec
1575 3221 1621 3253 R·
1657 3231 1716 3264 per
1738 3220 1824 3252 hano
1840 3218 1889 3252 R²
1906 3218 1919 3263 ΙΙ
1939 3221 1960 3253 9
1983 3219 2190 3252 decreuimus
2214 3219 2270 3263 Vll
2295 3220 2336 3253 12
2350 3223 2460 3252 autem

1391 3267 1473 3306 eius]
1497 3267 1568 3298 eius
1589 3268 1700 3298 autem
1721 3265 1755 3298 V
1771 3265 1841 3297 eius
1862 3277 1920 3297 om.
1934 3264 1967 3296 R
1983 3263 1996 3307 ΙΙ
2014 3263 2109 3305 vello]
2134 3264 2170 3297 in
2187 3264 2256 3297 illis
2273 3263 2360 3297 uelle
2377 3263 2427 3296 T²
2447 3263 2460 3307 ΙΙ

1390 3310 1553 3343 diuisione
1572 3310 1628 3353 Vll
1647 3312 1688 3345 13
1711 3309 1835 3351 aliquo]
1860 3308 1930 3341 ullo
1958 3309 1987 3341 R
2003 3311 2015 3351 η
2034 3310 2064 3341 ei
2088 3309 2151 3342 hoc
2173 3310 2220 3342 Τ1
2252 3309 2315 3341 hoo
2336 3308 2383 3340 eis
2406 3307 2459 3349 Vn

1388 3355 1495 3388 facere
1518 3356 1551 3389 R
1575 3354 1588 3397 ΙΙ
1619 3357 1660 3390 16
1683 3355 1730 3388 Et
1753 3367 1810 3388 om.
1832 3353 1894 3397 Vll
1918 3353 1990 3395 lege
2014 3357 2129 3387 nostra
2153 3354 2213 3395 ΤΙΙ
2239 3354 2280 3387 18
2301 3353 2411 3384 huauo
2432 3353 2462 3385 V

1389 3410 1456 3432 uno
1480 3400 1514 3434 R
1536 3401 1549 3443 ss
1571 3400 1721 3433 recedere
1745 3398 1794 3433 Β*
1817 3398 1830 3442 Ι
1857 3400 1897 3433 19
1921 3398 2047 3431 domini
2079 3399 2127 3432 V¹
2150 3399 2164 3442 fl
2187 3399 2229 3432 20
2252 3397 2371 3438 cuique
2398 3398 2457 3437 T¹,

303 3090 317 3122 1
343 3082 528 3121 Ἐπίδικον
552 3083 693 3131 λέγεταί
712 3096 753 3118 τε
776 3088 835 3118 καὶ
854 3087 991 3119 νοεῖται
1014 3085 1163 3131 πρᾶγμα
1188 3087 1247 3120 inc.
1262 3085 1299 3119 Β
1310 3084 1322 3128 ΙΙ

249 3136 268 3167 4
293 3133 488 3176 νεμομένου
513 3130 610 3167 ΜΒς
620 3130 696 3172 Iul]
731 3130 948 3176 ἐναγομένου
974 3132 1004 3164 L
1030 3130 1043 3174 ΙΙ
1074 3133 1095 3164 6
1120 3127 1170 3164 δι’
1199 3125 1322 3171 αὐτοῦ]

249 3176 309 3212 διὰ
333 3175 462 3211 τούτου
481 3176 516 3209 Β
563 3177 583 3209 9
607 3172 785 3216 διάταξιν]
814 3177 891 3209 Cod.
914 3176 944 3215 8,
967 3183 1013 3211 36.
1030 3176 1101 3217 5(4)
1118 3176 1131 3219 ΙΙ
1150 3178 1189 3210 11
1214 3186 1322 3220 προσ-

249 3223 366 3264 θῆναι
388 3223 418 3255 L
434 3221 447 3266 ΙΙ
467 3222 508 3255 12
546 3220 681 3262 itigiosu
700 3221 745 3254 M
762 3218 980 3265 λιτιγιόσσου
1005 3221 1036 3254 L
1060 3228 1089 3254 et
1113 3223 1159 3254 ita
1181 3222 1322 3263 saepius,

250 3265 411 3320 ἐπιδίκου
427 3274 457 3300 et
473 3268 519 3300 ita
535 3274 718 3318 constanter
733 3265 769 3298 B
785 3265 798 3307 ΙΙ
817 3267 863 3318 15,
876 3262 1018 3299 ἐπίδικα
1031 3266 1100 3299 LB
1115 3265 1128 3310 ΙΙ
1146 3268 1188 3320 17
1201 3263 1322 3320 κληρο-

250 3311 949 3403 1ξῇωέρᾷίάὲἓιῗῗέῃῖἓὶἷιέῗῗ”ἶ,ῗὲιζ
966 3310 1323 3398 ῗαημῗεῗιὲνπῖἶῖἶῖἴ

252 3405 320 3436 riae
336 3403 349 3445 ΙΙ
373 3403 415 3436 23
442 3397 593 3446 ληγάτου
618 3407 648 3434 et
666 3402 713 3433 sic
733 3407 916 3434 constanter
934 3401 966 3434 B
982 3399 994 3444 fl
1036 3403 1055 3434 9
1076 3398 1225 3447 λεγάτου
1243 3398 1322 3442 τὸν]

253 3445 471 3501 κληρονόμου
494 3446 574 3489 L‘fl
600 3447 637 3479 31
665 3441 872 3478 κατέλειπεν
898 3446 932 3478 Β
949 3446 962 3489 ΙΙ
985 3446 1028 3480 32
1052 3445 1224 3488 legatas-too
1250 3445 1297 3479 M
1311 3444 1323 3489 ΙΙ

254 3494 295 3525 33
308 3490 478 3537 ηγήσεται
491 3491 539 3524 L‘*
556 3491 568 3530 ΙΙ
586 3491 629 3524 34
646 3486 830 3522 δύνασθαι
849 3486 964 3523 αὐτὸν
979 3491 1008 3523 L
1023 3491 1035 3533 ΙΙ
1063 3491 1105 3523 35
1122 3490 1185 3533 τῆς
1208 3503 1266 3523 om.
1282 3490 1321 3532 L,

253 3537 316 3568 τοῦ
336 3550 393 3569 om.
407 3537 441 3569 B
457 3538 468 3573 11
489 3537 531 3569 36
554 3533 746 3581 λιτιγιόσου
762 3535 804 3568 Μ
822 3532 1038 3580 λιγιτιόσσου
1063 3534 1121 3580 Lu
1141 3538 1183 3570 40
1206 3535 1322 3569 ταῦτα

256 3581 386 3624 om.Lll
412 3577 475 3614 *τ’
494 3577 612 3621 ‹iv13'
632 3577 679 3612 ἂν
703 3579 775 3612 ML

1389 3445 1533 3478 uertitur
1556 3447 1632 3479 add.
1653 3445 1708 3478 T*
1725 3443 1738 3488 fl
1761 3443 1935 3486 reliquerit
1955 3444 1988 3477 V
2004 3444 2016 3487 ΙΙ
2039 3445 2079 3478 21
2104 3442 2276 3485 siquidem]
2299 3445 2332 3474 et
2353 3441 2457 3483 siqui-

1364 3480 1460 3521 ‘dem
1476 3491 1506 3523 R
1528 3493 1577 3523 set
1593 3489 1756 3532 siquidem
1771 3489 1816 3522 T¹
1834 3490 1848 3532 fl
1864 3488 2027 3530 iudiciali]
2045 3488 2166 3521 iuditio
2181 3485 2235 3519 uel
2250 3485 2305 3529 ΤΙΙ
2324 3487 2365 3519 23
2380 3497 2457 3519 con-

1388 3539 1545 3575 sequetur
1564 3535 1622 3578 ΤΙ
1638 3535 1682 3568 24
1703 3533 1741 3567 in
1764 3547 1822 3567 om.
1840 3535 1871 3567 T
1883 3535 1895 3574 ΙΙ
1911 3534 2030 3567 exterit
2049 3532 2104 3576 V}
2121 3533 2162 3566 26
2185 3531 2353 3572 quoniam]
2378 3532 2458 3573 quia

1388 3591 1413 3611 ε.
1427 3592 1456 3611 υ.
1480 3580 1556 3623 V³fl
1582 3582 1623 3614 2¹1
1642 3579 1766 3622 legatio
1782 3579 1816 3612 R
1839 3581 1851 3621 ΙΙ
1874 3580 1916 3613 29
1937 3580 1990 3622 ne]
2015 3587 2057 3611 ne
2079 3580 2118 3609 ut
2131 3576 2181 3609 Β*
2205 3579 2243 3608 ut
2262 3576 2299 3616 T,
2315 3589 2340 3609 s.
2353 3589 2383 3608 v.
2404 3577 2456 3620 Vn

1387 3623 1427 3656 31
1454 3624 1501 3665 in]
1525 3625 1559 3657 -i
1585 3625 1633 3658 Τι
1656 3625 1669 3668 ΙΙ
1694 3625 1736 3658 32
1755 3627 1794 3657 ut
1816 3625 1915 3668 vul9.]
1939 3626 1972 3656 et
1993 3621 2130 3662 RVT.
2153 3622 2195 3654 33
2219 3624 2277 3652 aut
2302 3634 2359 3654 om.
2375 3621 2423 3653 R¹
2445 3626 2457 3658 ΙΙ

1386 3678 1455 3700 sese
1479 3670 1532 3712 ΤΙΙ
1551 3670 1714 3703 nominati
1734 3669 1791 3714 Vll
1807 3670 1847 3703 34
1870 3667 1971 3701 fuerit
1990 3666 2038 3700 R·
2053 3665 2067 3709 Ι
2083 3665 2215 3707 quidem
2237 3667 2284 3699 bis
2296 3678 2358 3699 scr.
2380 3666 2455 3712 V¹u

1387 3714 1429 3747 35
1453 3714 1497 3748 tff.
1518 3715 1550 3748 R
