2586 3990
203 119 261 150 ET
289 117 378 151 DEO
406 117 679 152 AMABILIBUS

203 218 343 253 τούτοις
371 216 607 253 διακόνισσαν
637 220 697 251 καὶ
719 217 883 262 μοναχὸν
913 220 972 251 καὶ
998 214 1198 264 ἆσκήτριαν
1227 221 1287 251 καὶ

202 264 430 309 μονάστριαν
460 261 552 308 ὑπὲρ
575 262 692 306 πάσης
715 262 971 309 ἐγκληματικῆς
994 267 1052 297 καὶ
1073 263 1288 310 χρηματικῆς

204 309 337 351 αἰτίας,
374 304 458 351 ὅσης
492 305 539 341 ἂν
574 307 626 351 εἴη
658 307 869 351 ποσότητος,
905 309 976 342 εἴτε
1011 305 1084 344 ἀπὸ
1120 307 1286 354 κληρικοῦ

203 352 274 387 εἴτε
298 350 372 387 ἀπό
396 363 493 386 τινος
516 353 556 386 ἐν
575 356 747 398 στρατείᾳ
770 351 1054 399 καταλεγομένου
1078 351 1287 398 ὑπόμνησιν

204 396 385 438 δέξονται,
412 395 434 440 ἢ
459 398 499 430 ἐν
519 398 563 444 τῇ
587 397 749 442 βασιλίδι
774 397 879 432 πόλει
903 396 926 440 ἢ
947 400 987 433 ἐν
1007 401 1084 433 ταῖς
1103 400 1287 444 ἐπαρχίαις

203 444 244 476 ἐν
275 441 329 476 αἶς
360 440 557 488 διάγουσιν,
590 439 630 476 οὗ
663 442 773 478 πλέον
803 442 994 488 τεσσάρων
1024 447 1204 489 κερατίων
1233 441 1285 477 δι-

203 485 309 521 δόναι
334 487 595 532 συγχωροῦμεν.
644 489 674 521 εἰ
696 486 738 522 δέ
753 498 806 522 τις
830 487 869 528 ἐξ
896 485 1068 533 ἡμετέρας
1096 486 1287 523 κελεύσεως

202 529 225 574 ἢ
256 530 427 577 ἄρχοντος
458 529 482 575 ἢ
510 533 785 577 μακαριωτάτου
810 531 1033 587 πατριάρχου
1062 532 1203 568 σταλεὶς
1231 535 1285 567 ἐκ-

201 575 379 620 βιβαστὴς
408 576 455 610 εἰς
487 575 595 611 ἄλλας
624 579 794 623 ἐπαρχίας
827 574 1285 633 ὑπόμνησινκπροςαγάγοι

1279 103 1361 151 615

1947 108 2054 152 Nov.
2077 107 2256 152 CXXIII
2286 109 2351 150 28.
2383 110 2438 152 29

1356 217 1446 253 haec
1478 218 1718 254 diaconissam
1749 218 1785 254 et
1815 218 2029 254 monachum
2061 222 2123 254 aut
2154 219 2342 254 ascetriam
2374 220 2439 254 aut

1356 263 1586 298 monastriam
1606 274 1672 309 pro
1695 263 1789 299 omni
1811 264 1984 299 criminali
2003 266 2039 299 et
2057 263 2266 309 pecuniaria
2281 263 2438 310 (causa),

1357 308 1609 353 cuiuscumque
1648 308 1695 343 sit
1730 309 1956 353 quantitatis,
1993 309 2064 345 sive
2094 319 2117 344 a
2148 309 2277 344 clerico
2313 309 2386 344 sive
2417 318 2440 343 a

1357 353 1514 397 quolibet
1549 355 1585 388 in
1621 353 1747 388 militia
1783 354 1976 389 constituto
2013 354 2289 389 admonitionem
2325 354 2437 389 susci-

1323 398 1457 477 5Hiant
1487 400 1551 433 aut
1582 398 1619 433 in
1643 399 1738 442 regia
1763 398 1904 434 civitate
1936 401 2000 434 aut
2030 399 2066 433 in
2091 398 2284 443 provinciis
2308 399 2437 443 quibus

1381 445 1489 486 egunt
1541 453 1587 478 ne
1611 444 1763 488 amplius
1785 446 1956 488 quattuor
1979 444 2125 488 siliquas
2154 445 2239 479 dare
2262 443 2437 488 permitti-

1355 497 1446 523 mus.
1493 469 1531 523 81
1553 497 1637 524 vero
1661 498 1705 523 ex
1721 491 1845 523 nostra
1865 488 2022 524 iussione
2047 491 2110 523 aut
2133 488 2178 523 ad
2198 489 2349 524 iudicem
2374 491 2438 523 aut

1354 533 1400 567 ad
1424 533 1667 568 beatissimam
1698 533 1887 568 ascetriam
1915 534 2043 568 missus
2074 536 2245 568 executor
2273 533 2310 568 in
2332 533 2438 568 aliam

1353 578 1571 622 provinciam
1596 577 1871 613 admonitionem
1891 578 2016 613 offerat
2035 578 2141 613 alicui
2165 581 2436 614 memoratarum

201 624 274 655 τινὶ
304 622 382 655 τῶν
405 623 740 665 μνημονευθέντων
764 634 978 668 προςωπων,
1011 637 1061 676 μη
1085 626 1284 677 περαιτέρω
1301 624 1341 656 10
1354 632 1607 667 personarum,
1639 632 1712 657 non
1744 622 1839 657 ultra
1866 633 1976 658 unum
2007 623 2158 658 solidum
2188 623 2352 667 accipiat.
2400 623 2440 658 Si

201 665 280 699 ἑνὸς
303 669 522 710 νομίσματος
545 668 763 711 κομιζέσθω.
812 668 843 701 εἰ
867 665 905 700 δὲ
927 670 988 701 καὶ
1011 669 1102 712 υπὲρ
1118 679 1201 711 μιας
1226 671 1286 702 καὶ

203 711 264 753 τῆς
296 709 405 754 αὐτῆς
437 712 553 746 αἰτίας
587 711 739 747 πολλοὺς
773 714 812 746 ἐκ
846 712 924 746 τῶν
953 714 1286 756 μνημονευθέντων

202 752 406 799 προςιόπων
439 754 724 801 ὑπομνησθῆναι
755 760 931 801 συμβαίη,
966 757 1046 791 ἑνὸς
1081 761 1141 791 καὶ
1173 758 1285 801 μόνου

202 801 391 845 προςώπου
424 799 515 847 ’ὑπὲρ
545 800 699 837 πάντων
734 800 940 847 σπόρτουλα
975 803 1191 846 κομίζεσθαι
1220 803 1283 836 θε-

1354 677 1436 702 vero
1461 678 1527 712 pro
1551 678 1624 703 una
1647 667 1841 711 eademque
1871 678 1981 703 causa
2003 668 2133 703 multas
2166 677 2209 702 ex
2232 667 2437 703 memoratis

1355 713 1516 757 personis
1541 712 1725 747 admoneri
1750 712 1950 756 contingat,
1982 722 2089 747 unam
2118 715 2153 747 et
2178 712 2288 747 solam
2313 722 2436 756 perso-

1354 767 1436 792 nam
1460 768 1525 802 pro
1542 756 1705 792 omnibus
1730 757 1909 801 sportulas
1935 758 2022 792 dare
2045 758 2235 792 sancimus.
2284 757 2437 801 Episco-

1355 813 1422 847 pus
1447 803 1540 838 enim
1570 812 1636 846 pro
1661 801 1769 837 rebus
1801 811 1887 837 suae
1916 802 2090 837 ecclesiae
2121 802 2255 836 nullam
2279 801 2437 836 exactio-

201 847 384 889 σπίζομεν.
426 848 627 882 ,ἐπίσκοπος
659 845 698 881 δὲ
729 846 819 892 ὑπὲρ
854 848 931 881 τῶν
962 847 1191 893 πραγμάτων
1225 849 1435 901 τῆς-15116111
1459 847 1726 892 molestiamque
1751 847 1935 889 sustineat,
1960 848 2201 892 sportularum
2225 856 2308 882 vero
2325 846 2355 882 si
2370 856 2437 890 pro

204 888 295 923 ἰδίας
311 889 495 933 ἐκκλησίας
509 890 689 936 μηδεμίαν
701 890 904 946 μεθοδείαν
924 889 947 934 ἢ
965 890 1112 935 ὄχλησιν
1131 891 1284 938 ὑφιστα-

202 936 305 969 cam·
341 937 549 982 σπόρτουλα
574 935 613 970 δὲ
636 938 667 971 εἰ
690 938 780 983 υπὲρ
804 938 882 971 τῶν
906 934 1034 971 ἰδικῶν
1057 936 1286 984 πραγμάτων

201 978 472 1025 ὑπομνησθείη,
497 978 749 1016 άπαιτείσθω·
774 981 839 1016 τὰς
859 982 1043 1028 ἐναγωγάς
1064 980 1200 1026 δηλαδὴ
1221 982 1286 1017 τὰς

201 1025 293 1059 κατὰ
312 1027 373 1068 τῆς
390 1026 573 1070 ἐκκλησίας
593 1027 860 1072 προτιθεμένας
879 1027 957 1061 τῶν
974 1028 1177 1072 οἰκονόμων
1198 1024 1284 1062 ὑπο-

1355 892 1487 927 talibus
1520 892 1637 928 causis
1662 891 1905 935 admoneatur,
1937 892 2116 936 exigatur3
2159 892 2318 927 actiones
2342 891 2438 926 vide-

1354 938 1439 972 licet
1471 940 1595 972 contra
1628 937 1816 972 ecclesiam
1846 937 2051 982 propositas
2087 936 2291 973 oeconomis
2324 937 2437 971 susci-

1354 982 1534 1026 pientibus
1569 984 1633 1017 aut
1666 981 1737 1017 illis
1774 982 1834 1026 qui
1867 982 1904 1017 in
1938 992 1980 1017 ea
2012 992 2122 1018 causa
2157 982 2312 1017 ordinati
2342 985 2436 1016 sunt.

1355 1027 1423 1071 Qui
1439 1037 1521 1063 vero
1539 1029 1664 1062 contra
1683 1027 1772 1062 haec
1788 1027 1927 1071 exigere
1947 1028 2128 1072 sportulas
2148 1026 2437 1072 praesumpserit,

202 1069 416 1114 δεχομένων,
441 1069 464 1114 ἢ
481 1073 630 1106 ἐκείνων
653 1072 781 1106 οἵτινες
804 1073 865 1107 ἐπὶ
882 1070 995 1118 ταύτῃ
1019 1074 1064 1119 τῇ
1081 1074 1180 1116 αἰτίᾳ
1199 1085 1283 1118 προ·
1299 1073 1341 1105 20
1353 1073 1390 1107 in
1422 1072 1570 1117 duplum
1605 1073 1701 1116 quod
1734 1072 1874 1117 accepit
1909 1077 2056 1108 exactae
2087 1081 2262 1118 personae
2291 1071 2439 1107 reddere

201 1114 384 1159 βληθεῖεν.
433 1114 452 1149 ὁ
491 1114 531 1150 δέ
565 1117 665 1164 παρὰ
701 1118 818 1150 ταῦτα
853 1117 1038 1163 εἰςπρᾶξαι
1077 1117 1285 1164 σπόρτουλα

200 1160 346 1204 τολμῶν
369 1163 409 1194 ἐν
433 1159 551 1204 διπλῷ
577 1158 667 1206 ὅπερ
691 1160 802 1205 ἔλαβε
825 1162 878 1204 τῷ
904 1158 1153 1204 ἀπαιτηθέντι
1181 1174 1285 1208 προς-

201 1204 292 1248 aina)
318 1204 519 1241 ἀποδοῦναι
542 1207 805 1248 συνωθείσθω,
826 1209 885 1240 καὶ
905 1207 936 1240 εἰ
955 1209 1022 1251 μὲν
1039 1207 1286 1254 στρατεύεται,

200 1254 259 1284 καὶ
281 1251 347 1293 τὴν
369 1250 489 1295 ζώνην
509 1249 716 1295 ἀπολλύτω,
740 1253 772 1286 εἰ
789 1250 829 1286 δὲ
847 1250 1011 1298 κληρικὸς
1035 1253 1098 1297 εἴη,
1123 1254 1187 1287 τοῦ
1204 1251 1286 1298 κλή-

200 1308 263 1341 ρου
287 1295 537 1340 ἐκβαλλέσθω.

1355 1118 1600 1162 compellatur,
1635 1120 1670 1151 et
1695 1117 1725 1152 si
1749 1118 1890 1161 quidem
1913 1118 2058 1161 militat,
2091 1117 2270 1162 cingulum
2296 1117 2438 1162 perdat,

1356 1163 1387 1198 si
1408 1173 1491 1198 vero
1517 1162 1669 1198 clericus
1693 1162 1811 1205 fuerit,
1836 1172 1858 1198 a
1879 1162 1973 1199 clero
1997 1166 2232 1199 removeatur.

1302 1300 1345 1333 25

1155 1410 1311 1446 CAPUT
1335 1409 1469 1446 XXIX.

267 1479 341 1510 Τοῖς
365 1474 404 1510 δὲ
426 1479 679 1522 πρεσβυτέροις
709 1480 769 1510 καὶ
793 1475 973 1512 διακόνοις
1003 1480 1062 1511 καὶ
1092 1474 1284 1512 ὑποδιακό-

199 1533 275 1556 νοις
298 1524 357 1555 καὶ
378 1524 468 1556 πᾶσι
493 1525 567 1556 τοῖς
588 1521 708 1556 ἄλλοις
740 1526 811 1556 τοῖς
842 1525 883 1557 ἐν
906 1522 1025 1568 κλήρῳ
1055 1526 1286 1569 τεταγμένοις

199 1566 248 1610 μὴ
273 1569 392 1609 ἔχουσι
415 1567 572 1613 γαμετὰς
595 1567 686 1601 κατὰ
715 1568 797 1601 τοὺς
823 1568 942 1602 θείους
965 1565 1123 1603 κανόνας
1147 1565 1285 1615 άπαγο-

200 1612 350 1690 §cuonrat
388 1615 448 1645 καὶ
483 1610 580 1656 ἡμεῖς
619 1612 712 1647 κατὰ
745 1613 814 1656 τὴν
850 1614 928 1647 τῶν
962 1611 1079 1659 ἁγίων
1114 1613 1286 1648 κανόνων

1410 1477 1636 1523 Presbyteris
1660 1480 1779 1513 autem
1804 1479 1838 1513 et
1862 1477 2072 1513 diaconibus
2097 1478 2133 1513 et
2156 1476 2437 1513 subdiaconibus

1355 1524 1391 1558 et
1413 1523 1577 1558 omnibus
1601 1523 1638 1558 in
1656 1523 1749 1559 clero
1775 1523 1988 1568 conscriptis
2013 1533 2084 1558 non
2108 1523 2325 1558 habentibus
2349 1533 2437 1558 uxo-

1354 1578 1429 1603 rem
1464 1567 1658 1604 secundum
1695 1578 1817 1604 sacros
1860 1578 2013 1604 canones
2045 1568 2290 1603 interdicimus
2331 1569 2437 1603 etiam

1354 1624 1420 1649 nos
1445 1613 1642 1648 secundum
1667 1618 1873 1649 sanctarum
1899 1613 2101 1657 regularum
2123 1613 2290 1648 virtutem
2313 1613 2438 1647 mulie-

226 1654 370 1701 ύναμιν,
401 1657 553 1703 γυναῖκά
584 1671 668 1691 τινα
698 1659 737 1691 ἐν
768 1659 821 1701 τῷ
847 1656 929 1702 ἰδίῳ
957 1659 1044 1702 οἴκῳ
1077 1660 1286 1694 ἐπείςακτον
1299 1661 1341 1693 30
1354 1669 1429 1694 rem
1453 1659 1609 1703 aliquam
1628 1659 1666 1694 in
1686 1659 1833 1703 propria
1857 1659 1960 1694 domo
1982 1659 2272 1703 superinductam
2295 1658 2439 1700 habere,

200 1703 305 1745 ἔχειν,
337 1699 420 1744 δίχα
441 1704 567 1745 μέντοι
589 1702 723 1748 μητρὸς
746 1706 807 1736 καὶ
831 1704 1015 1750 θυγατρὸς
1047 1707 1107 1737 καὶ
1131 1700 1286 1749 ἀδελφῆς

1354 1706 1475 1740 tamen
1499 1705 1592 1739 citra
1614 1707 1763 1739 matrem
1796 1707 1859 1739 aut
1883 1713 2039 1739 sororem
2071 1707 2134 1738 aut
2157 1703 2266 1738 filiam
2293 1708 2328 1738 et
2350 1703 2439 1738 alias

265 1806 292 1826 c.
310 1793 445 1826 XXIX
463 1804 502 1827 etc
527 1793 561 1825 B
585 1794 699 1836 repetit
713 1794 868 1828 Nemaea
885 1795 982 1827 XIV
994 1796 1041 1828 tit.
1056 1796 1087 1836 8,
1102 1802 1150 1834 14;
1186 1797 1229 1829 in.
1247 1796 1302 1836 (—
1321 1796 1399 1835 616,
1414 1802 1423 1828 1
1442 1791 1617 1840 ἐκφεύγει)
1642 1802 1672 1828 et
1695 1795 1874 1828 clausulam
1891 1795 2027 1837 (616,12
2045 1793 2244 1828 ἐπίσκοπον
2258 1819 2265 1826 .
2280 1819 2287 1827 .
2303 1795 2324 1835 .)
2350 1805 2388 1827 ex
2412 1795 2441 1827 S

197 1839 314 1882 repetit
336 1839 469 1872 Nomoc.
494 1838 527 1871 L
552 1840 597 1872 tit.
613 1839 665 1872 28.
693 1839 734 1872 27
756 1852 791 1882 p.
808 1840 884 1873 635.
910 1840 977 1873 634
998 1840 1111 1878 Voett.,
1134 1851 1172 1873 ex
1197 1840 1233 1873 Β
1258 1841 1355 1873 habet
1375 1841 1423 1874 Β*
1448 1842 1484 1872 Κ
1510 1842 1560 1881 18,
1579 1847 1595 1874 6
1618 1854 1652 1884 p.
1668 1842 1733 1874 435
1751 1841 1854 1874 Zach.
1881 1859 1924 1864 —
1949 1840 2112 1873 Summam
2132 1847 2282 1883 praestat
2304 1840 2438 1873 Nomoc.

198 1883 298 1917 XIV
310 1885 356 1917 tit.
376 1885 407 1926 8,
421 1891 463 1917 14.

199 1973 441 2013 constitutam,
466 1982 510 2006 ac
526 1978 719 2018 praeterea
742 1973 984 2008 diaconissam
1009 1977 1044 2008 et
1067 1972 1282 2008 monachum
1304 1977 1339 2008 et
1359 1975 1550 2010 ascetriam
1574 1978 1609 2010 et
1630 1973 1844 2010 monacham
1861 1985 1935 2020 pro
1957 1975 2056 2009 omni
2074 1974 2254 2009 criminali
2276 1978 2312 2010 et
2326 1985 2440 2020 pecu-

199 2017 321 2052 niaria
345 2027 473 2058 causa,
503 2016 757 2063 cuiuscumque
787 2018 836 2052 sit
859 2017 1092 2063 quantitatis,
1123 2018 1197 2053 sive
1220 2029 1243 2053 a
1268 2017 1399 2053 clerico
1431 2019 1505 2054 sive
1528 2018 1572 2054 ab
1597 2019 1722 2064 aliquo
1754 2020 1791 2054 in
1815 2020 1946 2054 militia
1970 2020 2163 2054 constituto
2195 2019 2440 2054 admonitione

196 2062 305 2108 petiti
326 2061 410 2103 sint,
434 2061 508 2096 sive
530 2061 569 2095 in
592 2064 696 2107 reqia
720 2062 863 2097 civitate
886 2063 960 2097 sive
983 2063 1020 2097 in
1038 2062 1241 2108 provinciis
1263 2063 1302 2097 in
1319 2063 1450 2108 quibus
1473 2063 1617 2108 dequnt,
1642 2075 1716 2099 non
1733 2064 1824 2109 plus
1846 2075 1955 2109 quam
1979 2067 2153 2108 quattuor
2174 2063 2328 2109 siliquas
2351 2064 2440 2099 dare

194 2107 448 2153 permittimus.
497 2104 538 2141 St
561 2107 642 2151 quis
666 2111 785 2142 autem
809 2117 859 2142 ex
882 2107 1039 2142 iussione
1063 2110 1191 2142 nostra
1221 2107 1295 2143 sive
1316 2107 1499 2153 praesidis
1521 2108 1594 2144 sive
1626 2108 1821 2143 beatissimi
1850 2107 2085 2154 patriarchae
2108 2113 2288 2144 executor
2309 2109 2439 2144 missus

200 2153 237 2187 in
262 2151 356 2186 alias
378 2151 585 2197 provincias
609 2151 719 2187 alicui
742 2162 791 2187 ex
813 2153 1021 2187 memoratis
1049 2152 1219 2197 personis
1239 2152 1520 2187 admonitionem
1546 2153 1734 2194 obtulerit,
1767 2164 1812 2188 ne
1831 2154 1930 2188 ultra
1952 2153 2106 2188 solidum
2135 2164 2244 2188 unum
2268 2154 2437 2200 accipiat.

200 2196 274 2232 Sed
295 2197 403 2231 etiam
434 2196 467 2231 si
488 2196 592 2241 forte
623 2196 667 2232 de
690 2207 764 2232 una
787 2196 982 2242 eademque
1005 2207 1116 2231 causa
1144 2196 1270 2243 plures
1300 2208 1350 2232 ex
1379 2198 1587 2232 memoratis
1617 2198 1787 2243 personis
1810 2197 1988 2232 admoniti
2007 2198 2100 2241 sint,
2132 2201 2172 2233 ut
2194 2199 2302 2233 unius
2324 2199 2438 2234 solius

198 2252 378 2288 personae
400 2251 470 2287 pro
488 2241 652 2277 omnibus
674 2241 862 2287 sportulas
885 2241 1041 2287 accipiat
1064 2241 1256 2277 sancimus.
1303 2241 1511 2288 Episcopus
1533 2246 1652 2277 autem
1672 2253 1744 2288 pro
1761 2242 1868 2278 rebus
1891 2242 2063 2278 ecclesiae
2085 2254 2173 2278 suae
2196 2243 2333 2278 nullam
2354 2255 2437 2279 exe-

201 2287 379 2322 cutionem
404 2289 467 2321 aut
490 2286 688 2322 molestiam
711 2286 860 2329 subeat,·
893 2286 1079 2333 sportulae
1101 2297 1198 2330 vero,
1228 2287 1262 2321 si
1284 2287 1328 2322 de
1349 2287 1515 2332 propriis
1538 2287 1658 2322 causis
1682 2287 1887 2322 admonitus
1909 2288 1974 2330 sit,
2008 2288 2052 2323 ab
2077 2298 2119 2323 eo
2143 2288 2363 2333 exiqantur:
2398 2293 2440 2324 ut

200 2331 336 2366 scilicet
365 2332 527 2366 actiones
544 2341 652 2382 ‘quae
675 2335 805 2366 contra
828 2331 997 2367 ecclesias
1019 2331 1258 2367 instituuntur
1291 2333 1479 2367 oeconomi
1500 2333 1721 2383 suscipiant,
1753 2332 1810 2368 vel
1830 2332 1885 2366 illi

199 2377 248 2412 sti
250 2376 317 2411 tuti
339 2379 432 2411 sunt.

1942 2332 1980 2367 ui
2010 2331 2059 2367 ad
2081 2343 2160 2367 eam
2184 2342 2331 2367 causam
2354 2344 2438 2369 con·

481 2375 549 2418 Qut
573 2387 656 2411 vero
680 2376 853 2412 adversus
876 2376 965 2412 haec
987 2376 1174 2428 sportulas
1197 2377 1346 2422 exiqere
1370 2387 1482 2411 ausus
1504 2377 1561 2419 sit,
1594 2387 1632 2411 in
1656 2376 1805 2423 duplum
1834 2387 1904 2422 quo
1954 2377 2095 2423 accepit
2109 2387 2295 2428 personae
2318 2389 2342 2413 a
2391 2389 2440 2414 ua

200 2425 355 2457 exactae
377 2425 463 2456 sunt
492 2420 642 2456 reddere
666 2421 916 2468 compellatur,
948 2424 985 2456 et
1006 2431 1037 2456 si
1062 2421 1204 2467 quidem
1228 2421 1376 2463 militat,
1409 2422 1517 2457 etiam
1548 2421 1732 2467 cinqulum
1755 2421 1914 2464 amittat,
1946 2423 2003 2456 sin
2028 2422 2180 2457 clericus
2201 2422 2266 2465 sit,
2298 2433 2318 2458 e
2341 2434 2360 2458 c
2375 2434 2438 2459 ero

200 2465 418 2512 expellatur.

336 2509 469 2545 XXIX.
518 2509 746 2557 Presbyteris
769 2514 887 2546 autem
919 2514 955 2547 et
977 2511 1141 2547 diaconis
1165 2514 1201 2547 et
1223 2510 1455 2546 subdiaconis
1486 2514 1522 2546 et
1545 2511 1674 2547 ceteris
1697 2510 1860 2546 omnibus
1889 2511 1927 2546 in
1951 2511 2048 2546 clero
2073 2512 2275 2547 constitutis
2301 2522 2439 2548 uxores

200 2566 274 2591 non
297 2555 509 2590 habentibus
537 2555 731 2590 secundum
761 2566 889 2591 sacros
918 2567 1075 2591 canones
1100 2566 1167 2592 nos

1215 2567 1333 2602 uoque
1356 2555 1603 2591 interdicimus
1625 2556 1819 2591 secundum
1849 2559 2058 2591 sanctorum
2082 2566 2259 2592 canonum
2291 2557 2372 2600 vim,
2393 2568 2439 2593 ne

200 2611 309 2647 quam
334 2600 515 2636 mulierem
538 2600 576 2635 in
599 2600 706 2636 domo
730 2611 798 2636 sua
822 2601 1051 2637 eaetrtnsecus
1081 2602 1179 2637 intro
1208 2608 1327 2636 uctam
1350 2600 1521 2643 habeant,
1554 2604 1710 2647 excepta
1734 2606 1852 2636 tamen
1876 2606 1992 2636 matre
2022 2604 2057 2636 et
2077 2601 2158 2646 filia
2190 2605 2226 2637 et
2250 2612 2375 2638 sorore
2404 2605 2440 2638 et

255 2693 270 2726 1
297 2692 357 2722 καὶ
382 2685 580 2734 ἀσκήτριαν
603 2692 663 2722 καὶ
685 2688 922 2734 μονάστριαν]
949 2693 1007 2723 aut
1031 2691 1206 2723 ascetriam
1230 2691 1289 2723 aut

202 2735 417 2769 monastriam
433 2746 453 2771 ς
469 2734 481 2779 ΙΙ
502 2736 521 2767 2
537 2737 608 2776 καὶ]
633 2733 656 2777 ἢ
674 2737 709 2768 Β
728 2736 739 2779 ΙΙ
759 2737 778 2769 3
796 2731 933 2777 ὁπόσης
950 2737 978 2768 S
992 2738 1004 2776 ΙΙ
1024 2737 1043 2768 5
1062 2733 1085 2777 ἢ
1106 2747 1160 2769 om.
1176 2737 1203 2769 S
1219 2735 1231 2778 ΙΙ
1249 2736 1289 2768 ἐν

200 2781 247 2827 τῇ
260 2800 302 2804 —-
317 2780 503 2824 ἐπαρχίαις
522 2792 578 2813 om.
593 2780 646 2813 ΒΓ
661 2779 673 2820 ΙΙ
691 2782 710 2813 6
720 2793 768 2836 ³2·
783 2780 1036 2825 συγχωροῦμεν
1053 2777 1196 2814 διδόναι
1210 2780 1262 2814 Bs
1277 2780 1289 2824 ΙΙ

203 2829 220 2859 7
234 2835 288 2858 τις
302 2823 424 2866 MLB]
444 2838 503 2859 om.
517 2826 645 2861 Squl.
664 2825 676 2868 ss
694 2827 713 2859 8
731 2838 752 2867 η
772 2822 846 2859 ἀπὸ
864 2823 1032 2870 ἄρχοντος
1053 2827 1081 2859 S
1103 2829 1161 2858 aut
1178 2825 1220 2858 ad.
1234 2825 1287 2858 iu-

202 2870 305 2903 dicem
325 2882 344 2906 ς
361 2870 373 2913 ΙΙ
389 2868 668 2914 μακαριωτάτου
684 2869 906 2915 πατριάρχου
920 2871 1001 2912 LB]
1023 2871 1089 2904 τοῦ
1102 2882 1286 2915 μακαριω-

201 2914 310 2948 τάτου
335 2913 558 2958 πατριάρχου
577 2915 620 2948 M
637 2916 675 2948 ἐκ
698 2915 764 2948 τοῦ
789 2915 866 2954 (τοῦ
885 2928 943 2948 om.
961 2917 1054 2948 codd.
1073 2917 1150 2956 duo)
1173 2927 1286 2957 μακα-

201 2959 381 3003 ριωτάτου
406 2957 624 3003 πατριάρχου
646 2960 675 2992 S
719 2960 760 2992 ad
784 2960 1006 2993 beatissimam
1031 2960 1204 2993 ascetriam
1227 2973 1246 2996 ς
1275 2959 1286 3003 Η

202 3002 315 3049 σταλῇ
334 3004 362 3036 S
377 3004 388 3046 ΙΙ
408 3006 428 3038 9
448 3003 506 3044 εἰς]
532 3000 593 3037 ἐπ’
616 3004 643 3037 S
658 3004 671 3047 ΙΙ
688 3001 798 3037 ἄλλας
821 3005 1004 3049 ἐπαρχίας]
1028 3004 1127 3037 aliam
1151 3006 1285 3047 provin-

202 3049 288 3081 ciam
313 3059 332 3084 ς
348 3048 360 3091 11
379 3045 570 3093 προςάγων
590 3050 618 3081 S
634 3049 645 3092 ΙΙ
676 3051 712 3082 11
740 3049 822 3082 ἑνὸς
846 3062 900 3083 om.
916 3050 1006 3086 ςΙιιῖ.
1030 3049 1043 3094 ΙΙ
1069 3046 1108 3082 δὲ
1131 3051 1201 3091 καὶ]
1226 3052 1287 3082 καὶ

203 3105 258 3126 om.
273 3094 304 3125 L
328 3092 340 3136 ΙΙ
369 3095 411 3126 14
435 3091 662 3137 σπόρτουλλα
680 3095 736 3135 Μ,
762 3094 958 3136 συνηθείας
979 3096 1023 3135 (et
1038 3097 1085 3128 sic
1097 3096 1201 3138 infra)
1217 3095 1251 3128 Β
1275 3094 1286 3138 ΙΙ

202 3134 1287 3227 {asstantitereste„*atanassi

203 3195 528 3269 NomocicXIIVtit.)]
548 3225 640 3271 μηδὲ
659 3227 689 3260 εἰ
709 3225 763 3270 (δὲ
782 3228 814 3261 εἰ
835 3230 911 3262 add.
929 3242 954 3261 s.
971 3242 1001 3261 v.
1020 3231 1052 3262 in
1071 3230 1171 3263 litura
1184 3230 1233 3272 L,
1257 3228 1288 3262 εἰ

205 3285 264 3305 om.
280 3271 484 3314 Nomos-dm),
508 3273 618 3305 MLB
634 3274 723 3314 (Iul.)
750 3281 811 3306 tam
837 3275 972 3316 antiqua
997 3286 1091 3316 quam
1117 3276 1287 3318 manifesta

203 3318 451 3360 interpolatione
469 3316 482 3361 ΙΙ
499 3314 589 3362 ὑπὲρ
610 3317 688 3351 τῶν
708 3314 849 3359 ἰδικιῦν]
872 3329 933 3360 pro
957 3318 1081 3351 talibus
1106 3329 1124 3354 ς·
1140 3319 1152 3362 ΙΙ
1175 3330 1285 3371 πραγ-

202 3358 334 3406 μάτων
359 3373 414 3394 om.
428 3363 464 3395 Β
480 3363 491 3403 ΙΙ
521 3364 561 3396 18
586 3358 730 3407 ἀγωγὰς
754 3364 781 3396 S
796 3363 808 3406 ΙΙ
830 3365 870 3397 19
887 3362 979 3395 κατὰ
997 3363 1074 3397 τῶν
1091 3362 1287 3406 ἐκκλησιων

204 3407 320 3448 S(lul.
335 3420 361 3439 υ.
377 3405 439 3450 1.)Ι]
465 3408 505 3441 21
532 3405 738 3450 σπόρτουλα
762 3420 786 3440 s.
801 3420 829 3440 υ.
855 3407 1050 3449 συνηθείας
1075 3409 1105 3441 L
1129 3408 1141 3452 ΙΙ
1165 3411 1207 3443 24
1228 3410 1287 3441 καὶ

204 3464 263 3484 om.
278 3452 432 3484 Νοινιοελῑι
456 3452 468 3495 ΙΙ
491 3451 556 3484 τοῦ
579 3450 705 3496 κλήρου
728 3463 784 3485 om.
803 3448 854 3485 Bt
868 3453 880 3496 ss
906 3454 948 3486 25
974 3451 1189 3495 ἐκβαλέσθω
1214 3454 1260 3486 Μ
1276 3452 1288 3498 ΙΙ

204 3497 247 3529 26
263 3492 322 3539 μδ’
342 3503 418 3529 nota
435 3498 551 3539 capitis
565 3498 598 3530 in
616 3510 675 3540 mq-
691 3497 737 3530 M
751 3493 816 3540 (με’
829 3505 875 3530 est
892 3499 924 3530 in
941 3498 985 3539 Β)
1013 3497 1025 3541 ΙΙ
1049 3499 1090 3532 27
1114 3499 1204 3531 πᾶσι
1230 3510 1285 3532 om.

205 3540 279 3580 lut,
302 3542 375 3574 τοῖς
399 3538 514 3575 ἄλλοις
539 3553 594 3575 om.
614 3543 642 3575 S
650 3553 671 3578 ς
689 3540 701 3586 ΙΙ
717 3542 757 3575 ἐν
780 3541 832 3583 τῷ
858 3539 978 3585 κλήρῳ
1001 3543 1051 3575 B⁶
1066 3543 1078 3586 ΙΙ
1096 3541 1285 3589 καταλεγο-

205 3586 324 3628 μένοις
346 3583 395 3628 μὴ
428 3587 500 3627 (καὶ
524 3586 573 3630 μὴ
597 3599 627 3619 υ.
650 3587 684 3629 1.)
709 3587 738 3620 S
766 3586 778 3629 ΙΙ
807 3587 848 3620 28
871 3585 1040 3632 γαμετὰς]
1075 3598 1211 3621 uxorem
1235 3600 1254 3624 ς
1276 3587 1288 3632 ΙΙ

206 3630 248 3680 252
266 3626 363 3707 ὑμὶιὸἶς
381 3631 426 3663 Μ
426 3631 448 3698 ιι]
465 3626 593 3677 ἁγίων]
620 3632 737 3667 θείων
753 3630 805 3665 Bf
820 3631 833 3675 ΙΙ
850 3633 889 3666 31
906 3633 1033 3676 μέντοι
1046 3633 1198 3674 MLBS]
1221 3634 1289 3676 μὲν

204 3684 268 3716 της
329 3687 423 3709 omoe-

1427 2693 1441 2724 1
1469 2692 1528 2723 aut
1551 2690 1695 2723 sistriam
1717 2691 1794 2725 RV
1811 2693 1843 2724 et
1867 2693 1925 2723 aut
1948 2691 2113 2724 assisteria
2139 2693 2172 2724 Τ
2179 2691 2189 2711 ¹
2209 2691 2221 2734 ΙΙ
2244 2693 2303 2724 aut
2324 2703 2437 2725 mona-

1355 2735 1455 2768 steria
1482 2736 1512 2768 T
1521 2735 1542 2778 ¹,
1568 2747 1623 2769 om.
1645 2736 1723 2770 RV
1745 2736 1757 2780 ss
1787 2738 1807 2770 2
1830 2736 1973 2779 pecunia
1996 2738 2027 2770 V
2048 2736 2060 2780 ΙΙ
2091 2747 2191 2770 causa
2214 2739 2290 2770 add.
2315 2740 2402 2781 ναῖς).

1356 2781 1375 2813 3
1401 2780 1430 2812 si
1453 2790 1534 2814 uero
1565 2791 1585 2813 a
1614 2781 1734 2814 clerico
1758 2781 1808 2814 R¹
1836 2782 1848 2825 ΙΙ
1877 2783 1897 2815 5
1921 2781 2056 2823 quibus]
2091 2782 2127 2814 in
2153 2782 2274 2823 quibus
2300 2783 2392 2816 Beck

1357 2827 1377 2858 6
1402 2825 1498 2866 deget
1524 2825 1574 2859 T¹
1591 2826 1603 2869 ss
1628 2826 1671 2859 ne
1690 2826 1740 2859 Β*
1772 2837 1840 2859 non
1857 2825 1907 2859 R³
1936 2836 1997 2859 nec
2019 2828 2107 2870 vuly.
2126 2826 2138 2870 ΙΙ
2163 2827 2275 2868 siquas
2298 2828 2331 2860 T
2339 2828 2350 2848 ¹
2374 2828 2439 2860 fi1i1

1355 2880 1437 2911 quas
1454 2870 1501 2903 R¹
1520 2869 1532 2914 ΙΙ
1557 2872 1575 2904 ’7
1593 2873 1708 2904 nostra
1729 2881 1767 2903 ex
1789 2872 1823 2905 V
1840 2871 1844 2914 Ι
1870 2872 1890 2905 8
1914 2871 2102 2904 beatissima
2118 2872 2226 2905 R¹V¹
2243 2871 2255 2916 ΙΙ
2274 2872 2438 2905 asistriam

1356 2915 1513 2955 (sistriam
1534 2915 1597 2957 R2)
1621 2916 1738 2949 missus
1762 2916 1811 2949 12²
1856 2916 1870 2936 3
1905 2916 2014 2949 sistria
2038 2927 2095 2949 rea
2118 2918 2237 2949 missus
2258 2917 2305 2949 R*
2320 2919 2347 2949 V
2355 2918 2366 2938 ¹
2392 2918 2437 2950 si-

1355 2960 1454 2992 stiare
1479 2959 1616 2993 amissus
1641 2961 1692 2994 Τι
1738 2961 1919 2994 assistriam
1943 2961 2101 2994 remissus
2127 2961 2180 2995 T2
2205 2962 2218 3005 ΙΙ
2247 2961 2330 2994 alias
2359 2973 2437 3004 pro-

1354 3005 1485 3038 uincias
1512 3005 1642 3049 Tvulq.
1673 3005 1685 3047 ΙΙ
1717 3008 1736 3040 9
1761 3008 1964 3039 moratarum
1985 3007 2018 3039 V
2040 3005 2052 3050 ΙΙ
2082 3009 2122 3040 10
2147 3006 2290 3039 solidum
2318 3007 2436 3048 R¹T¹1

1354 3060 1458 3082 unum
1483 3049 1627 3082 solidum
1649 3051 1737 3084 VT²
1749 3052 1836 3094 vuly.
1872 3050 1932 3083 sol.
1957 3061 2062 3083 unum
2086 3051 2230 3084 Rschol.
2261 3050 2273 3095 ΙΙ
2304 3054 2341 3085 11
2369 3062 2438 3084 una

1352 3105 1413 3136 pro
1434 3095 1482 3127 R¹
1501 3095 1513 3138 ΙΙ
1529 3095 1643 3127 multis
1664 3095 1713 3128 R¹
1726 3096 1757 3128 T
1775 3094 1788 3137 ΙΙ
1809 3097 1850 3129 12
1874 3096 2034 3138 personis]
2060 3096 2166 3128 causis
2184 3097 2335 3138 personis
2354 3097 2404 3129 R¹
2425 3097 2430 3140 Ι

1354 3140 1535 3172 ammoneri
1555 3140 1590 3173 V
1611 3150 1762 3172 ammam*
1788 3140 1838 3173 R¹
1869 3142 1946 3173 ante
1970 3141 2054 3172 mori
2081 3142 2112 3174 T
2131 3140 2143 3183 ΙΙ
2170 3140 2350 3182 contigerit
2375 3142 2408 3174 Τ
2426 3143 2431 3186 Ι

1357 3186 1396 3218 13
1421 3194 1499 3226 prae
1520 3184 1553 3217 V
1571 3183 1583 3227 ΙΙ
1610 3185 1682 3217 dari
1704 3186 1739 3218 R
1761 3187 1773 3229 ΙΙ
1802 3186 1843 3218 14
1866 3185 1965 3226 enim]
1991 3195 2067 3217 vero
2091 3186 2180 3228 vulq.
2196 3186 2208 3227 ΙΙ
2224 3196 2310 3218 suae
2334 3186 2437 3219 eccle-

1355 3229 1433 3269 siae]
1459 3229 1530 3261 siue
1551 3238 1590 3260 ex
1606 3229 1704 3262 rebus
1720 3230 1752 3262 R
1771 3230 1783 3272 ΙΙ
1801 3231 1842 3263 15
1866 3230 2050 3263 molestiam
2073 3230 2105 3262 T
2112 3230 2121 3249 ¹
2139 3230 2151 3274 ΙΙ
2168 3231 2333 3273 sportulas
2354 3232 2401 3264 R¹
2425 3230 2438 3276 11

1356 3285 1432 3306 vero
1450 3273 1489 3314 si]
1515 3273 1649 3306 nomine
1669 3275 1697 3306 si
1715 3274 1768 3307 T2
1792 3277 1842 3307 set
1864 3275 1918 3318 Vl}
1940 3276 1980 3309 16
2000 3278 2194 3307 amoneatur
2212 3276 2245 3308 T
2263 3275 2438 3309 admoneat

1363 3319 1411 3352 V²
1430 3319 1441 3360 ΙΙ
1458 3319 1610 3360 exigatur
1634 3319 1740 3360 Beck]
1766 3322 1898 3352 exactor
1923 3321 2001 3353 libri
2014 3320 2026 3363 ΙΙ
2048 3322 2087 3354 17
2113 3320 2265 3352 ecclesias
2291 3321 2323 3353 Τ
2336 3320 2347 3363 ΙΙ
2365 3331 2437 3353 eco-

1355 3363 1466 3396 noniis
1491 3364 1539 3396 R¹
1575 3364 1747 3406 ycononiis
1771 3364 1820 3397 R2
1850 3364 1862 3408 ΙΙ
1893 3366 1933 3398 18
1957 3364 2027 3397 illis
2049 3366 2150 3407 vuly.]
2187 3365 2263 3397 aliis
2288 3366 2357 3405 (om.
2375 3366 2436 3408 Τί)

1357 3410 1432 3442 libri
1447 3408 1459 3451 ΙΙ
1486 3410 1525 3442 19
1550 3419 1628 3441 vero
1651 3420 1706 3442 om.
1722 3409 1770 3442 R¹
1789 3409 1906 3452 1111οοῖ
1932 3410 1979 3443 T¹
2000 3411 2011 3449 ΙΙ
2028 3409 2194 3452 sportulas
2218 3410 2347 3452 exigere
2374 3411 2403 3443 Τ
2411 3410 2436 3453 ²,

1355 3453 1486 3494 exigere
1510 3464 1565 3486 om.
1582 3454 1631 3486 Τ1
1658 3454 1669 3496 ΙΙ
1698 3454 1976 3496 praesumpserint
1995 3453 2027 3487 V
2047 3455 2058 3497 ΙΙ
2085 3456 2126 3488 20
2151 3465 2216 3496 que
2243 3456 2292 3487 Τ1
2308 3455 2320 3499 ΙΙ
2346 3466 2437 3489 acce-

1353 3499 1441 3540 perit
1467 3499 1499 3530 T
1518 3498 1529 3541 ΙΙ
1555 3498 1685 3531 credere
1711 3499 1761 3532 T¹
1789 3498 1801 3543 ΙΙ
1826 3500 1866 3533 21
1893 3498 2136 3542 compellantur
2157 3499 2216 3544 Vn
2241 3500 2389 3533 militant
2409 3508 2439 3535 et

1354 3543 1495 3585 perdant
1522 3543 1584 3576 VT
1597 3543 1609 3586 ΙΙ
1634 3545 1674 3577 27
1701 3546 1733 3576 et
1757 3555 1812 3577 om.
1840 3545 1888 3577 T¹
1907 3544 1919 3587 ΙΙ
1946 3555 2064 3576 uxores
2091 3544 2145 3587 ΤΙΙ
2173 3546 2214 3578 28
2240 3555 2348 3578 sacras
2377 3546 2412 3579 V
2429 3548 2439 3583 ΙΙ

1356 3590 1397 3621 29
1413 3598 1579 3620 sacrarum
1596 3589 1627 3621 T
1640 3588 1652 3631 ss
1670 3588 1848 3622 mulierum
1866 3589 1946 3622 VT¹
1962 3589 1973 3633 ΙΙ
1993 3591 2034 3623 30
2048 3589 2216 3632 propriam
2234 3590 2368 3623 domum
2385 3591 2416 3623 T
2427 3589 2440 3635 Η

1356 3633 1630 3711 ςιιρετίἷιᾶιιοῐιιιῐηὶ
1647 3633 1697 3666 R¹
1714 3633 1726 3677 ΙΙ
1745 3635 1783 3668 31
1803 3635 1926 3676 tamen]
1950 3636 2023 3667 tum
2041 3634 2100 3676 R¹‚
2118 3635 2179 3668 del.
2192 3634 2243 3668 R2
2261 3634 2274 3679 ΙΙ
2288 3638 2438 3677 matrem]

1356 3689 1391 3710 m
1415 3687 1468 3710 ma
1483 3688 1552 3710 rem
