2586 3990
124 159 183 188 DE
214 155 448 189 LITIGIOSIS

123 260 242 302 ψῆφος
274 254 296 299 ἢ
319 256 515 301 σύμφωνον
541 253 734 289 διαλύσεως
758 255 992 300 ἐπεραίωσεν,
1016 250 1056 287 οὐ
1074 252 1200 298 βουλό-

123 304 223 346 μεθα
247 299 557 342 ἀνακαινίζεσθαι,
583 297 663 333 ἀλλ)
686 301 733 334 εἰς
757 299 822 333 τὸν
847 297 1049 334 ὑπόλοιπον
1072 298 1203 344 χρόνον

125 345 247 381 αὐταῖς
271 347 407 389 ταύτην
431 346 673 379 ἐπιτίθεσθαι
703 345 771 388 τὴν
795 345 1031 388 νομοθεσίαν,
1062 342 1204 378 ἅςτινας

124 393 194 436 πρὸ
216 391 344 426 τούτου
368 390 570 426 παυθείσας
594 392 637 437 τῇ
659 392 778 437 σιωπῇ
793 392 879 444 1τῶν
895 387 991 424 ὀκτώ
1010 401 1204 430 πενταετη-

1191 138 1275 186 523

2004 139 2109 182 Nov.
2142 138 2257 180 CXII
2286 151 2347 192 pr.

1273 252 1448 288 iudicialis
1475 252 1650 288 sententia
1679 254 1742 285 aut
1766 250 2047 285 transactionum
2072 249 2257 284 conventio
2282 249 2351 282 ter-

1273 297 1434 338 minavit,
1480 299 1644 333 nolumus
1682 296 1864 336 refricari,
1907 296 1969 330 sed
2004 295 2040 329 in
2076 295 2250 339 reliquum
2284 293 2352 328 illis

1273 343 1366 377 hanc
1399 343 1492 378 obici
1522 342 1761 383 sanctionem,
1798 350 1887 384 quas
1919 340 2071 375 antehac
2103 340 2237 384 sopitas
2270 342 2352 374 octo

1273 388 1466 423 lustrorum
1500 388 1640 423 silentio
1673 386 1806 422 moveri
1837 386 2010 420 hactenus
2042 387 2106 419 aut
2134 388 2250 420 motas
2281 386 2351 419 ter-

124 436 237 482 ρίὸων
262 436 461 490 κινηθῆναι
484 438 586 481 μέχρι
610 437 674 470 τοῦ
692 437 760 470 νῦν
785 449 806 478 η
824 435 1033 478 κινηθείσας
1051 447 1204 480 περαιω-
1242 437 1260 467 5
1276 433 1404 468 minari
1427 444 1499 469 non
1524 433 1682 478 contigit.

125 484 240 525 θῆναι
264 494 305 514 ου
330 484 471 524 συνέβη.

180 525 462 572 <Ἐπίλογος.>
506 523 552 576 ΞΙΗ
573 523 714 565 ἔνδοξος
746 528 871 559 τοίνυν
903 527 963 557 καὶ
985 522 1203 570 μεγαλοπρε-

126 571 193 625 πής
216 584 278 605 σου
297 568 476 623 αὐθεντία
498 584 606 604 ατινα
628 569 687 603 διὰ
705 570 833 604 τούτου
853 570 918 604 τοῦ
934 569 1073 616 γενικοῦ
1092 570 1204 613 νόμου

1326 522 1481 568 <Epilo
1490 533 1545 567 gu
1556 521 1603 566 s.)
1649 520 1803 556 Illustris
1827 520 1934 565 igitur
1958 522 1992 554 et
2016 519 2205 563 magnifica
2229 522 2353 554 aucto·

1274 568 1361 603 ritas
1393 571 1473 611 tua,
1513 578 1604 612 quae
1634 576 1698 611 per
1729 566 1822 600 hauc
1853 565 2052 609 generalem
2087 566 2198 608 legem
2231 567 2355 599 nostra

125 616 256 661 ὡρισεν
288 630 309 659 η
337 614 495 670 ᾐμετέρα
526 614 725 668 χαληνότης
763 613 912 648 ἰδίκτων
946 614 1205 661 προτεθέντων
1275 614 1400 648 statuit
1423 613 1634 654 aeternitas,
1667 611 1793 647 edictis
1817 610 2009 655 propositis
2041 609 2087 644 ad
2112 609 2267 644 omnium
2290 620 2353 644 no-

124 663 170 695 εἰς
194 663 261 704 τὴν
294 673 447 695 παντων
476 672 613 706 γνωσιν
638 659 762 694 ἐλθεῖν
786 660 984 702 ποιησάτω.

182 706 263 741 Dat.
298 707 332 742 k.
366 707 444 741 Iun.
478 706 546 740 ΟΡ.
580 705 664 750 imp.
703 706 761 741 dn.
794 704 982 740 Iustiniani
1015 715 1076 750 pp.
1110 705 1203 747 Aug.

124 762 216 787 anno
242 751 320 788 XV.
347 752 477 786 Basilio
503 762 556 786 vc.
584 762 681 788 cons.

633 956 701 989 PIB

397 1025 512 1058 ΠΕΡΙ
538 1024 641 1058 ΤΩΝ
666 1021 941 1058 LITIGIOSsaeN

1222 662 1260 693 10
1275 659 1387 693 titiam
1412 659 1523 694 faciat
1547 658 1737 702 pervenire.

1328 704 1410 739 Dat.
1436 705 1508 739 kal.
1534 703 1612 738 Iun.
1645 702 1703 737 dn.
1728 700 1917 736 Iustiniani
1947 711 2006 745 pp.
2031 700 2122 744 Aug.
2155 709 2249 735 anno
2274 698 2352 733 XV.

1175 752 1316 791 [a.'54l]
1374 749 1507 786 Basilio
1530 759 1583 785 vc.
1611 758 1708 784 cons.

1663 951 1773 988 CXII.
1798 950 1909 986 Auth.
1925 950 2034 986 CVII.
2060 950 2148 986 Coll.
2162 949 2246 985 VIII
2266 948 2320 984 tit.
2336 951 2356 983 8

1609 1021 1649 1066 ᾖ
1674 1019 1740 1055 DE
1764 1018 2021 1054 LITIGIOSIS

126 1071 219 1104 ΚΑΙ
265 1071 382 1104 ΠΕΡΙ
429 1070 534 1103 ΤΗΣ
583 1069 915 1103 ΟΦΕΙΛΟΥΣΗΣ
963 1067 1206 1102 ΓΕΝΕΣΘΑΙ
1221 1068 1261 1100 15
1309 1065 1375 1100 ET
1399 1065 1466 1100 DE
1491 1065 1681 1100 DECIMA
1706 1064 1867 1100 PARTE
1893 1063 2018 1098 LITIS
2041 1063 2106 1098 AB
2130 1061 2325 1098 ACTORE

125 1116 263 1150 HAPA
298 1115 402 1150 ΤΩΝ
433 1115 739 1149 ΕΝΑΓΟΝΤῼΝ
775 1115 1069 1148 ΑΣΦΑΛΕΙΑΣ
1104 1113 1204 1146 ΠΡΟ

127 1162 233 1194 ΤΗΣ
282 1161 387 1195 ΤΩΝ
434 1160 782 1194 ΕΝΑΓΟΜΕΝῼΝ
826 1159 1205 1194 ῩΠΟΜΝΗΣΕῼΣ.

126 1207 220 1240 ΚΑΙ
243 1206 443 1240 ΠΗΝΙΚΑ
477 1206 546 1239 ΟΥ
577 1206 802 1239 ΔΥΝΑΤΑΙ
836 1206 867 1239 Ο
894 1202 1054 1238 ACTOR
1084 1204 1206 1238 ΑΠΟ-

126 1252 421 1286 ΧΡΗΣΑΣΘΑῙ
454 1251 544 1285 ΤΩΙ
567 1251 856 1285 ΠΡΟΝΟΜΙΩΙ
889 1251 998 1284 ΤΟΥ
1022 1250 1105 1284 ΜΗ
1128 1250 1207 1284 ΕΝ-

249 1298 394 1331 ΑΓΕΙΝ
420 1296 598 1331 AYTON
622 1297 704 1330 ΜΗ
727 1296 1089 1330 BOYAOMENON.

160 1349 197 1386 Ὁ
222 1348 329 1386 αὐτὸς
359 1351 525 1395 βασιλεὺς
550 1348 717 1394 Θεοδότῳ
752 1349 897 1396 ἐπάρχῳ
928 1353 1173 1396 πραιτωρίων.

194 1418 495 1465 (Προοίμιον.)
550 1418 671 1452 Πολλοὶ
702 1420 769 1462 μὲν
800 1421 882 1463 περὶ
913 1419 989 1452 τῶν
1021 1417 1209 1462 litigiosam

127 1468 200 1499 τοῖς
223 1478 262 1498 τε
285 1468 407 1510 σοφοῖς
437 1465 514 1498 τῶν
539 1464 707 1499 παλαιῶν
730 1463 947 1507 νομοθέταις
980 1466 1057 1497 ταῖς
1079 1476 1120 1496 τε
1142 1467 1209 1507 βα-

129 1508 277 1543 σιλικαῖς
301 1511 437 1553 εἴρηται
463 1507 682 1553 διατάξεσιν,
713 1510 773 1543 ἐπὶ
804 1507 844 1542 δὲ
866 1509 929 1543 τοῦ
954 1506 1134 1553 παρόντος
1157 1521 1208 1542 τι-

1486 1111 1714 1147 CAUTELA
1746 1109 2071 1145 PRAESTANDA
2101 1108 2142 1154 R}

1394 1348 1493 1384 Idem
1525 1348 1616 1392 Aug.
1648 1347 1833 1382 Theodoto
1865 1357 1926 1392 pp.
1958 1357 2023 1391 per
2054 1347 2244 1382 Orientem.

1338 1414 1627 1461 (Praefatio.)
1683 1415 1798 1449 Multa
1834 1414 1974 1459 quidem
2010 1415 2052 1450 de
2088 1415 2251 1459 litigiosis
2286 1417 2360 1449 tam

1278 1462 1427 1505 antiqua
1448 1461 1692 1505 legislatorum
1718 1461 1908 1505 prudentia
1940 1470 2045 1504 quam
2068 1460 2262 1504 imperialis
2287 1460 2358 1495 dis-

1278 1507 1409 1551 positio
1434 1506 1689 1551 promulgavit,
1715 1506 1777 1540 sed
1801 1506 1838 1540 in
1857 1505 2035 1550 praesenti
2059 1506 2201 1549 quidam
2224 1505 2359 1540 iudices

128 1557 184 1588 νὲς
206 1556 284 1588 τῶν
306 1553 490 1589 δικαστῶν
513 1555 582 1598 τὴν
606 1552 782 1600 ἡμετέραν
805 1554 944 1609 ᾔτησαν
967 1552 1207 1606 γαληνότητα,
1223 1556 1264 1589 25
1278 1563 1300 1587 a
1321 1556 1444 1587 nostra
1469 1552 1656 1587 clementia
1680 1551 1876 1596 petierunt,
1908 1553 1948 1586 ut
1978 1550 2196 1586 dubietatem
2226 1551 2358 1586 discer-

129 1597 218 1634 ὥςτε
251 1599 318 1642 τὴν
350 1597 612 1645 ἀμφιςβήτησιν
649 1598 829 1645 διακρῖναι
863 1613 930 1641 την
966 1601 1019 1633 ἔτι
1051 1602 1110 1632 καὶ
1144 1613 1210 1633 νυν

127 1644 217 1690 ὑπὲρ
247 1646 325 1679 τῶν
350 1646 528 1679 τοιούτων
560 1646 688 1679 αἰτιῶν
720 1647 760 1679 ἐν
789 1647 862 1679 τοῖς
894 1642 1133 1689 δικαστηρίοις
1159 1658 1209 1677 κι-

128 1692 315 1743 νουμένην,
346 1693 406 1723 καὶ
437 1689 519 1724 τούς
548 1704 587 1724 τε
619 1690 748 1734 νόμους
778 1689 839 1724 τάς
870 1703 909 1724 τε
940 1688 1119 1730 διατάξεις
1149 1688 1212 1724 τὰς

1278 1608 1405 1632 namus
1438 1607 1529 1641 quae
1554 1597 1672 1632 adhue
1695 1607 1761 1642 pro
1786 1596 1988 1632 huiusmodi
2018 1596 2136 1631 causis
2159 1596 2198 1631 in
2221 1595 2360 1631 iudiciis

1280 1647 1530 1686 commovetur,
1564 1646 1601 1677 et
1631 1642 1725 1686 leges
1758 1652 1824 1676 neo
1855 1652 1927 1676 non
1952 1641 2224 1677 constitutiones
2254 1651 2361 1686 super

1279 1688 1334 1723 his
1358 1688 1494 1733 positas
1520 1688 1678 1732 apertius
1704 1687 1951 1731 explanemus,
1983 1689 2024 1722 ut
2047 1687 2119 1721 iam
2146 1687 2360 1722 manifestis-

128 1738 209 1780 περὶ
233 1747 375 1769 τουτων
405 1739 566 1777 κειμένας
598 1735 850 1783 φανερώτερον
875 1739 1089 1790 σαφηνίσαιῖ
1124 1731 1213 1769 ὧςτε
1280 1734 1408 1769 simum
1432 1734 1496 1777 sit,
1522 1744 1611 1778 quas
1635 1743 1693 1769 res
1717 1733 1838 1769 vocari
1861 1732 2034 1776 litigiosas
2059 1736 2234 1777 oporteat.

129 1780 258 1814 λοιπὸν
293 1777 546 1826 ἀναμφίβολον
577 1781 689 1823 εἶναι,
725 1780 784 1815 οἷα
816 1792 980 1826 προςηκει
1015 1793 1213 1827 πραγματα
1226 1783 1267 1815 30

129 1826 287 1870 litigiosa
318 1824 521 1860 καλεῖσθαι.

198 1917 283 1951 Νου.
315 1917 422 1951 CXII
441 1917 604 1959 (Anthent.
635 1918 739 1951 CVII
758 1935 801 1947 =
829 1918 908 1951 Coti.
933 1918 1026 1950 VIII
1046 1919 1090 1951 tit.
1107 1918 1141 1951 8:
1166 1917 1279 1960 qloss.)
1308 1917 1432 1950 Graece
1457 1923 1544 1950 eaetat
1568 1917 1601 1949 in
1627 1916 1711 1957 ML,
1736 1927 1808 1958 cap.
1833 1917 1849 1949 1
1876 1916 1908 1949 in
1934 1915 2037 1955 B27,
2055 1921 2077 1955 1,
2093 1922 2119 1956 5,
2145 1926 2216 1956 cap.
2235 1914 2266 1946 2.
2284 1915 2303 1946 3
2329 1915 2362 1947 in

131 1963 166 1995 B
188 1965 218 2004 7,
237 1970 263 2003 4,
281 1969 307 1995 2.
332 1981 375 1986 -—
400 1963 488 2006 Epit.
516 1963 635 1996 Theod.
661 1965 741 2004 112,
766 1964 886 1996 Athan.
914 1965 944 2004 5,
962 1971 977 1996 2
1003 1963 1178 2006 (paratitla
1199 1964 1218 1995 9
1239 1967 1298 2001 §6.
1327 1964 1367 1996 15
1387 1967 1402 2001 ξ
1419 1963 1459 2003 4).
1508 1962 1629 1995 Iulian.
1655 1968 1753 1994 const.
1783 1961 1854 1994 CV.
1880 1979 1924 1985 —
1947 1960 1988 1992 In
2013 1960 2100 1992 Iul.¹‘'
2124 1960 2293 2002 adscripta
2318 1965 2363 1991 est

131 2009 242 2051 ylossa
265 2003 402 2040 ‘Latina
427 2015 473 2040 est
496 2020 581 2040 cons.
609 2005 688 2041 tota’
713 2010 793 2049 (sim.
819 2011 852 2042 in
878 2010 953 2042 aliis
977 2009 1105 2041 Iuliani
1128 2009 1252 2048 codd.):
1291 2015 1387 2051 atque
1412 2009 1486 2050 ipsa
1511 2008 1752 2050 comparatione
1775 2006 1903 2039 Iuliani
1933 2006 2122 2046 confirmari
2144 2005 2269 2038 videtur
2292 2017 2362 2037 sen-

135 2055 232 2085 tentia
257 2054 394 2085 Bieneri
421 2053 534 2086 Gesch.
561 2054 591 2085 d.
618 2054 701 2086 Nov.
721 2056 760 2087 19
786 2066 816 2086 n.
838 2055 898 2094 44,
924 2055 957 2086 in
981 2054 1173 2087 Anthemiou
1196 2054 1326 2085 servari
1348 2054 1511 2095 exemplar
1535 2053 1690 2086 Latinum
1714 2052 1860 2084 novellae
1884 2059 2020 2094 utraque
2044 2051 2156 2094 linqua
2179 2051 2284 2083 editae
2305 2051 2361 2091 (cf.

134 2098 320 2130 Zachariae
346 2099 420 2130 edit.
444 2098 488 2130 II
512 2099 596 2138 161).

135 2207 289 2242 actionis
306 2211 459 2252 pactum
486 2207 704 2248 terminavit,
741 2217 803 2241 eas
826 2217 892 2242 nos
916 2206 1085 2241 renovari
1109 2217 1182 2240 non
1207 2205 1311 2248 velle,
1341 2205 1407 2241 sed
1433 2206 1471 2240 in
1496 2205 1674 2251 reliquum
1707 2209 1845 2256 tempus
1869 2204 1963 2239 hanc
1991 2205 2037 2239 iis
2069 2204 2180 2249 leqem
2213 2204 2361 2249 imponi,

136 2263 227 2298 quas
250 2257 357 2286 antea
381 2251 524 2286 silentio
550 2255 630 2286 octo
656 2252 854 2286 lustrorum
877 2252 1017 2297 sopitas
1040 2251 1175 2286 moveri
1198 2261 1312 2296 usque
1336 2251 1426 2286 adeo
1451 2255 1514 2285 aut
1536 2254 1652 2285 motas
1677 2250 1862 2284 terminari
1884 2260 1958 2284 non
1982 2250 2144 2294 contiqit.

271 2296 359 2341 Epi
367 2296 380 2330 l
389 2307 409 2331 0
418 2307 512 2341 qus.
561 2295 721 2331 Illustris
744 2297 856 2341 iyitur
880 2302 915 2331 et
939 2296 1132 2341 maqnifica
1155 2296 1355 2330 auctoritas
1388 2300 1450 2330 tua
1481 2306 1574 2340 quae
1597 2305 1671 2340 per
1700 2294 1793 2330 lianc
1815 2294 2020 2340 qeneralem
2051 2294 2163 2340 leyem
2185 2294 2362 2329 serenitas

137 2347 262 2377 nostra
286 2341 446 2386 delinivit
470 2340 595 2376 edictis
616 2342 817 2388 propositis
840 2345 880 2376 ut
903 2341 952 2376 ad
976 2341 1133 2376 omnium
1156 2341 1322 2375 notitiam
1341 2343 1557 2386 perveniant
1581 2339 1732 2385 efficiat.

1196 2517 1313 2554 CXII.

195 2588 263 2624 DE
291 2587 583 2631 LITIGIOSIS,
617 2587 686 2622 ET
711 2587 785 2622 DE
813 2585 1066 2623 CAUTIONE
1094 2587 1163 2621 AB
1194 2585 1479 2622 ACTORIBUS
1507 2586 1646 2622 ANTE
1674 2586 1891 2623 REORUM
1915 2585 2319 2624 ADMONITIONEM

189 2633 530 2670 I’RAESTANDA.
580 2632 650 2668 ET
668 2632 869 2675 QUANDO
893 2630 1743 2713 ACTOgOIGZIIUVRLIIiEQIIssIWILEGIO
1781 2631 1865 2668 UTI
1891 2631 1989 2675 QUO
2012 2630 2187 2667 AGERE
2212 2633 2321 2670 NON

765 2732 865 2768 Idem
889 2735 1074 2780 Auqustus
1099 2732 1281 2768 Theodoto
1304 2735 1501 2779 praefecto
1519 2735 1726 2781 praetorio.

275 2802 538 2847 Praefatio.
585 2800 704 2836 Multa
728 2800 870 2846 quidem
894 2801 938 2836 de
962 2801 1131 2846 litiqiosis
1156 2805 1227 2835 tam
1252 2800 1296 2835 ab
1321 2801 1552 2846 antiquorum
1577 2801 1823 2847 leqistatorum
1846 2803 2027 2849 sapientia
2059 2813 2166 2848 quam
2193 2804 2230 2839 in
2253 2804 2362 2851 impe-

138 2848 289 2884 rialibus
318 2846 634 2883 constitutionibus
664 2846 760 2881 dicta
792 2850 894 2889 sunt,
927 2847 965 2881 in
982 2846 1195 2892 praesentia
1228 2850 1344 2881 autem
1377 2846 1512 2881 iudices
1540 2848 1706 2882 nonnulli
1737 2859 1760 2882 a
1790 2849 1982 2883 serenitate
2014 2852 2140 2883 nostra
2169 2850 2361 2895 petierunt,

139 2899 178 2928 ut
213 2893 495 2928 controversiam
531 2903 624 2944 quae
659 2891 865 2927 etiamnunc
903 2891 947 2926 de
982 2891 1155 2926 eiusmodi
1187 2892 1305 2926 causis
1340 2891 1379 2926 in
1415 2891 1557 2926 iudiciis
1590 2896 1751 2928 movetur
1781 2893 2023 2928 decideremus
2059 2898 2094 2928 et
2125 2894 2220 2939 leqes
2254 2900 2362 2941 atque

139 2939 412 2974 constitutiones
435 2937 479 2973 de
504 2937 558 2972 tus
583 2937 676 2972 tatas
700 2936 835 2971 clarius
857 2936 1135 2982 explicaremus,
1165 2941 1204 2972 ut
1227 2937 1265 2971 in
1281 2940 1467 2983 posterum
1490 2936 1583 2971 nulli
1604 2937 1824 2973 dubitationi
1846 2938 2044 2974 obnoxium
2067 2938 2132 2981 sit,
2158 2940 2283 2985 quales
2304 2951 2362 2977 res

141 2984 319 3029 litiqiosas
343 2984 468 3018 vocari
490 2986 667 3028 oporteat.

210 3098 229 3129 3
254 3091 375 3127 αὗταῖς
399 3095 562 3138 Scrimyer
586 3107 624 3127 ez·
648 3096 678 3134 ς]
716 3090 821 3126 αὐτὸς
843 3094 885 3126 Μ
910 3094 922 3137 ΙΙ
954 3089 1218 3126 ἄντιτίθεσθαι

143 3154 180 3174 ετ
204 3152 223 3176 ς
247 3141 337 3173 malit
357 3140 543 3172 Zachariae
559 3139 570 3182 ΙΙ
590 3141 610 3172 4
635 3137 740 3171 ainwa)
767 3139 808 3171 M
823 3138 835 3181 ΙΙ
862 3140 901 3173 11
926 3142 1046 3172 subscr.
1073 3151 1130 3171 om.
1145 3138 1192 3171 M
1208 3138 1219 3180 ΙΙ

142 3187 207 3219 dat.
234 3185 299 3218 kal.
332 3184 403 3218 iun.
428 3184 711 3225 constantinopoli
740 3183 819 3226 imp.
850 3183 905 3216 dn.
939 3183 1115 3216 iustiniani
1141 3182 1217 3216 XV.

142 3231 260 3264 basilio
280 3240 331 3262 uo.
357 3240 445 3263 cons.
463 3230 551 3262 IuLw
572 3230 643 3271 (om.
661 3230 724 3262 Iul.
743 3230 835 3262 codd.
854 3230 947 3270 cett),
965 3230 1006 3271 cf
1022 3241 1056 3266 ς;
1082 3226 1218 3273 ἐγράφη

141 3273 336 3310 καλάνδων
349 3272 508 3308 Ἰουνίων
532 3272 714 3318 βασιλείας
734 3270 989 3306 Ἰουστινιανοῦ
1010 3273 1052 3308 τὸ
1073 3273 1111 3305 ιε’
1126 3273 1216 3317 μετὰ

142 3321 211 3364 τὴν
235 3318 414 3354 ὑπατείαν
439 3317 627 3353 Βασιλείου
651 3315 818 3360 (ὑπατείᾳ
841 3317 1030 3351 Βασιλείαν
1045 3321 1217 3359 Fabrotus)

143 3367 219 3400 Atlz.
257 3364 473 3411 ἐξεφωνήθη
502 3368 589 3408 μηνὶ
620 3365 744 3406 ἰουνίῳ
778 3365 848 3397 ἔτει
873 3362 917 3397 ιε’
944 3365 1007 3406 τῆς
1037 3362 1220 3407 βασιλείας

144 3409 300 3454 ὑπατείᾳ
330 3412 416 3451 (ἔτει
441 3408 486 3443 ιε’
513 3407 584 3443 ὑπὸ
615 3407 790 3453 βασιλέως
822 3412 841 3441 i.
867 3422 892 3443 e.
923 3406 1079 3451 ὑπατείᾳ
1107 3412 1217 3442 Βασι-

145 3455 237 3490 λείου
256 3458 300 3499 L)
328 3457 447 3490 Theod.
462 3457 520 3496 (L)
539 3456 550 3499 ΙΙ
571 3458 612 3489 14
626 3457 712 3488 rubr.
738 3456 826 3499 Περὶ
850 3454 1031 3496 litigiosam
1055 3457 1115 3487 καὶ
1138 3458 1220 3499 περὶ

145 3504 273 3535 actores
297 3504 356 3534 καὶ
378 3511 455 3534 reov
481 3502 512 3534 T
510 3502 726 3544 Ιὶεοιί.,Περὶ
750 3496 960 3544 λιτιγιόσων
983 3501 1058 3533 Ath.
1085 3500 1175 3542 (Iul.)
1209 3501 1220 3541 ΙΙ

146 3546 328 3588 litigiosam
352 3549 449 3580 indeae
473 3547 520 3579 M
537 3546 748 3588 litigiocawn
774 3547 870 3579 index
893 3546 924 3578 L
947 3542 1157 3591 λιτιγιόσων
1182 3546 1227 3578 M

149 3594 180 3624 in
207 3600 289 3626 textu
321 3589 496 3625 ἐπιδίκων
520 3593 550 3624 L
577 3594 608 3624 in
635 3599 734 3631 lema,
759 3592 855 3624 index
879 3591 910 3623 L
934 3604 959 3624 s.
978 3604 1005 3624 v.
1031 3593 1125 3635 (περὶ
1149 3590 1220 3623 liti—

147 3638 274 3678 giosam
297 3641 345 3680 βι.
363 3633 392 3671 ν’
419 3640 466 3670 τί.
484 3635 529 3669 ια’
557 3634 622 3682 ὃιγ.
642 3635 686 3679 α’,
711 3639 759 3679 βι.
779 3632 808 3668 δ’
831 3638 876 3669 τί.
896 3634 929 3677 ζ’
958 3633 1024 3681 Scy.
1043 3632 1078 3668 δ’
1105 3639 1164 3669 καὶ
1187 3634 1218 3678 η’

149 3683 226 3715 add.
250 3684 346 3715 schol.
369 3683 409 3715 M
426 3691 502 3725 post
525 3684 634 3724 inser.)
665 3682 677 3723 ss
706 3683 746 3715 18
772 3678 893 3725 ἄκτωρ
918 3682 963 3714 Μ
992 3679 1132 3726 ἐνάγων
1155 3682 1187 3714 L
1210 3680 1222 3726 ΙΙ

151 3729 192 3761 20
214 3726 262 3770 μὴ
283 3724 503 3770 βουλόμενον
521 3729 570 3770 Μ,
589 3728 685 3761 index
702 3727 744 3768 L]
767 3725 816 3770 μὴ
834 3728 904 3769 (om.
921 3728 983 3768 La)
1002 3724 1220 3770 βουλόμενον

1286 3092 1462 3139 διαίρεσιν
1484 3095 1516 3127 L
1541 3096 1574 3128 in
1598 3103 1682 3129 textu
1707 3095 1719 3139 Η
1743 3097 1783 3129 21
1811 3101 1905 3129 inscr-
1931 3091 1968 3127 ‘0
1992 3091 2099 3128 αὐτὸς
2121 3094 2286 3138 βασιλεὺς
2308 3097 2361 3139 τῷ

1287 3138 1384 3180 αὐτῷ
1411 3142 1444 3180 (i.
1471 3152 1496 3173 e.
1521 3143 1692 3174 secundum
1712 3143 1830 3184 priora
1852 3136 2000 3185 Ἰωάννῃ
2032 3138 2178 3184 ἐπάρχῳ
2204 3153 2361 3185 πραιτω-

1286 3187 1387 3228 ρίων)
1404 3185 1479 3217 Atlz.
1500 3186 1512 3228 ΙΙ
1529 3186 1571 3218 22
1591 3186 1667 3219 τῶν
1685 3199 1742 3219 om.
1758 3186 1877 3218 leeod.
1897 3184 1909 3228 ΙΙ
1925 3185 2109 3226 litigioswn
2125 3186 2171 3218 M
2188 3183 2363 3220 ἑπιὸίκων

1286 3231 1316 3262 L
1336 3229 1348 3274 Η
1366 3232 1406 3264 29
1423 3225 1528 3270 ὥστε]
1553 3233 1611 3263 καὶ
1631 3226 1726 3263 ὥστε
1743 3232 1773 3264 L
1793 3231 1804 3274 ΙΙ
1822 3231 1861 3263 31
1881 3227 2056 3275 λιτιγίοσα
2069 3231 2100 3262 L
2118 3238 2147 3263 et
2166 3233 2213 3264 sic
2232 3234 2363 3275 saepius

1357 3366 1372 3398 1
1399 3365 1597 3396 sententiam
1618 3364 1668 3397 Va
1693 3363 1706 3408 ΙΙ
1736 3365 1755 3397 2
1780 3364 1957 3406 reliquum]
1982 3367 2111 3408 tenipus
2136 3367 2213 3399 add.
2235 3367 2329 3400 Beck
2351 3367 2355 3412 Ι

1288 3412 1307 3444 3
1333 3410 1494 3442 antehano
1517 3410 1567 3442 Va
1584 3409 1595 3452 ΙΙ
1614 3410 1730 3451 sopitis
1749 3410 1782 3442 R
1798 3409 1810 3453 ΙΙ
1830 3411 1849 3442 5
1871 3409 2037 3450 contingit
2057 3411 2091 3442 R
2115 3411 2288 3453 contingat
2311 3414 2355 3457 V}

1288 3458 1305 3488 7
1333 3458 1365 3487 et
1389 3467 1446 3487 om.
1464 3455 1495 3486 T
1513 3453 1524 3497 ΙΙ
1552 3456 1571 3487 9
1597 3454 1782 3487 eternitatis
1806 3455 1852 3487 [θ’
1878 3454 1890 3497 ΙΙ
1912 3455 2107 3497 praepositis
2133 3457 2165 3489 T
2185 3455 2197 3500 H
2225 3459 2265 3491 10
2288 3468 2360 3500 per-

1289 3500 1402 3533 uenire
1427 3499 1527 3531 faciat
1554 3500 1608 3541 ΤΗ
1638 3501 1675 3534 11
1702 3503 1823 3533 subscr.
1845 3508 1995 3543 praestat
2016 3501 2072 3543 Vll
2095 3501 2178 3534 dofio
2202 3503 2280 3535 iust.
2302 3504 2332 3536 V
2350 3502 2362 3548 ΙΙ

1291 3548 1330 3579 12
1356 3544 1481 3577 Basilio
1505 3555 1553 3576 vc.
1580 3547 1680 3585 cons]
1704 3545 1749 3577 b1.
1775 3546 1907 3587 reliquis
1933 3547 2056 3578 omissis
2078 3546 2137 3590 Vn
2165 3549 2204 3580 15
2229 3551 2362 3582 auctore

1297 3590 1351 3633 Vl!
1379 3592 1419 3623 16
1444 3590 1549 3622 tutela
1573 3590 1624 3621 Ra
1647 3590 1658 3633 ΙΙ
1686 3591 1722 3623 21
1751 3590 1910 3623 theodoro
1937 3590 1993 3631 ΤΙΙ
2017 3592 2058 3623 22
2084 3590 2123 3624 de
2148 3592 2304 3634 litigiosis
2329 3596 2361 3627 in

1288 3649 1352 3669 ras.
1372 3634 1422 3668 V2
1433 3635 1443 3678 Η
1457 3637 1513 3667 tan
1527 3635 1577 3667 Ra
1594 3637 1760 3676 tamquam
1778 3636 1830 3668 Va
1846 3636 1857 3676 ΙΙ
1878 3636 1919 3668 23
1937 3635 2143 3677 legislatione
2159 3639 2190 3670 T
2202 3638 2214 3681 Η
2233 3640 2275 3672 24
2289 3640 2360 3681 qui-

1290 3682 1362 3713 dam
1386 3681 1483 3724 vuly]
1509 3679 1640 3722 quidem
1666 3681 1697 3712 R
1709 3681 1769 3713 VT
1782 3681 1793 3723 ΙΙ
1820 3682 1861 3714 26
1882 3680 2013 3712 adhunc
2040 3682 2091 3714 Ta
2108 3682 2120 3725 ss
2139 3684 2179 3716 28
2205 3683 2268 3725 his]
2293 3686 2358 3717 hu*

1292 3726 1340 3760 T¹
1356 3726 1368 3771 ΙΙ
1392 3726 1594 3758 declaremus
1618 3726 1651 3758 R
1667 3725 1679 3770 ΙΙ
1704 3727 1746 3759 29
1771 3726 1938 3768 letigiosas
1961 3727 2004 3768 (et
2026 3727 2073 3759 sic
2095 3730 2238 3771 saepius)
2262 3730 2295 3762 R

2027 3783 2091 3817 66*
