2618 4010
231 111 340 156 Nov.
370 111 491 154 XXV
519 125 581 167 pr.
616 114 634 153 1
1288 105 1371 154 196
2132 123 2192 154 nn
2220 120 2453 154 PaAn’romz

234 232 363 259 ποντες
397 222 444 255 εἰς
475 221 538 256 τὰς
572 218 720 266 πρώτας
750 217 772 255 ά
797 219 857 264 χὰε
890 215 984 255 ὅθεν
1017 215 1106 254 αὗτὸ
1137 220 1311 262 συστῆναι
1379 219 1574 273 spicientes
1589 218 1637 254 ad
1651 218 1788 264 priores
1801 220 2139 266 administrationes,
2162 221 2257 257 unde
2270 231 2350 258 eun
2367 232 2452 258 oon·

234 264 442 311 παρέδοσαν
472 261 557 311 ἡμῖν
587 266 623 300 οἱ
651 265 698 301 τὰ
726 278 779 302 πα
827 264 865 300 aa
893 261 1156 312 συγγράφοντέσ
1182 276 1222 298 τε
1250 266 1310 298 καὶ
1378 266 1505 300 sistere
1525 263 1749 300 tradiderunt
1768 265 1872 302 nobis
1892 267 1952 312 qui
1967 269 2090 303 vetera
2110 266 2399 311 conscripserunt
2417 269 2454 302 et

233 307 470 357 διηγούμενοι,
509 313 570 345 καὶ
605 306 663 345 ὅτι
697 310 981 358 συγγωιέστατόν
1015 311 1091 342 ἐστι
1126 305 1311 364 Ῥωμαίοις
1378 311 1633 351 narraverunt,
1664 308 1831 354 quoniam
1857 315 1914 346 est
1936 312 2188 356 cognatissima
2211 311 2453 347 Romanorum

233 358 293 390 καὶ
317 352 447 397 σχεδὸν
470 356 509 389 ἐκ
535 357 615 390 τῶν
638 352 763 390 αὐτῶν
786 366 854 390 συν
886 357 1056 399 κισμένον
1079 366 1108 388 π
1179 365 1309 389 ασεων.
1380 358 1417 389 et
1439 363 1553 399 paene
1582 363 1627 389 ex
1648 352 1738 406 ipsis
1768 354 1963 393 consistens
1985 357 2246 392 occasionibus.
2293 356 2455 401 Lycaoni

234 398 396 435 Λυκάονι
413 398 488 454 γὰρ
511 401 566 444 τῷ
591 399 721 456 πρώην
739 368 926 448 >imagine
947 402 1008 442 τῆς
1028 400 1067 432 έν
1087 395 1095 406 ‘
1126 396 1146 432 λ
1178 395 1227 432 ’δι
1251 401 1311 442 βσ-
1347 401 1366 433 5
1381 408 1534 443 namque
1557 398 1641 434 olim
1663 408 1701 433 111
1725 398 1881 435 Arcadia
1892 400 2041 437 Hellade
2064 401 2227 446 regnanti
2251 400 2358 436 etiam
2381 399 2455 436 Ro-

233 443 462 490 βασιλευκοτι
496 448 556 479 καὶ
588 444 655 489 τὴν
692 447 871 490 Ρωμαίων
905 444 1044 485 οἰκῆσαι
1077 446 1201 490 γέγονε
1231 444 1312 489 γῆν,
1381 453 1566 478 manorum
1596 443 1757 478 habitare
1790 444 1936 490 contigit
1966 447 2098 482 terram
2133 450 2171 482 et
2206 456 2286 480 cum
2345 445 2455 480 tiseos

233 492 295 524 καὶ
315 488 398 524 τοὺς
420 489 552 536 πρώην
572 488 774 538 Οἰνώτρους
797 488 1038 535 προςλαβόντι
1061 488 1107 535 τῇ
1127 484 1312 532 Ῥωμαίων
1382 488 1569 523 Oenotrios
1587 488 1633 522 ad
1658 487 1811 530 uisisset,
1833 487 2072 526 Romanorum
2087 490 2304 544 principatui
2317 457 2457 525 sedisse

234 535 324 588 ἀρχῇ
355 531 484 569 δοῦναι
515 539 706 582 προοίμιον
735 537 868 580 (φαμὲν
900 531 940 567 δὲ
969 533 1085 566 ταῦτα
1108 530 1153 575 δὴ
1176 533 1222 567 τὰ
1244 545 1311 568 πα·
1381 532 1626 577 prooemium(
1653 532 1779 567 icimus
1797 535 1918 568 autem
1935 533 2025 570 haec
2043 546 2174 581 quippe
2193 540 2324 578 vetera,
2345 536 2456 569 multo

234 578 318 614 λαια
340 578 387 614 τὰ
410 578 535 624 πολλῷ
558 582 636 615 τῶν
655 581 805 614 Αἰνείου
828 591 868 613 τε
891 580 950 611 καὶ
971 574 1147 621 Ῥωμύλου
1170 576 1314 624 χρόνων
1381 580 1527 613 Aeneae
1551 582 1587 612 et
1610 577 1754 613 Romuli
1777 578 1995 622 temporibus
2019 580 2243 626 antiquiora),
2275 579 2337 625 qui
2360 580 2457 615 colo-

235 621 495 670 πρεσβύτερα),
531 628 592 659 καὶ
625 622 800 660 ἀποικίαν
835 625 895 657 ἐπὶ
930 623 976 656 τὰ
1010 620 1096 665 τῇδε
1131 621 1314 657 στείλαντι
1332 625 1369 658 10
1384 622 1477 658 uiam
1513 622 1561 657 ad
1596 622 1679 666 has,
1698 622 1852 665 dirigens
1917 627 2012 660 artes
2047 626 2244 669 portionem
2306 625 2458 660 uandam

234 671 324 714 με’ρη
347 666 478 723 μοῖράν
501 682 586 704 τινα
608 671 670 713 τῆς
693 667 860 703 Πισιδίας
887 658 1107 712 ἀφελέσθαι,
1137 666 1251 714 ταύτῃ
1275 679 1315 701 τε
1384 667 1539 703 Pisidiae
1570 667 1720 703 abstulit
1750 667 1851 712 eique
1908 667 1982 704 edit
2011 679 2115 705 suum
2146 670 2284 706 vocabu
2300 680 2358 705 um
2387 669 2458 714 Ly-

236 712 363 749 δοῦναι
385 727 454 758 την
475 711 589 750 αὐτοῦ
619 717 857 761 προςηγορίαν
881 715 1092 746 Λυκαονίαν
1121 725 1161 746 τε
1191 713 1230 753 ἐξ
1255 708 1313 746 αὖ·
1385 713 1617 757 caoniamque
1659 722 1681 747 a
1727 712 1917 757 semetipso
1966 715 2183 759 nuncupavit
2227 714 2457 760 provinciam.

235 760 300 794 τοῦ
323 757 470 794 καλέσαι
498 758 565 802 τὴν
585 758 720 804 χώραν.
768 761 918 792 Δίκαιον
947 760 1071 791 τοίνυν
1099 754 1145 791 ἂν
1174 757 1227 801 εἴη
1255 759 1315 790 καὶ
1383 757 1522 793 Iustum
1547 757 1555 765 ⁰
1581 757 1653 792 itur
1677 758 1745 792 erit
1769 760 1805 792 et
1828 767 1907 792 eam
1927 757 2267 795 administrationem
2290 759 2460 794 decorare

236 802 349 846 αὐτὴν
372 802 463 851 ἀρχῇ
494 805 766 848 κατακοσμῆσαι
797 801 842 837 τὰ
874 800 1010 837 παλαιὰ
1042 803 1103 845 τῆς
1123 800 1316 846 Ῥωμαϊκῆς
1384 803 1531 847 antiqua
1585 802 1703 838 omani
1726 802 1838 837 officii
1862 802 2144 839 conscribentem
2169 804 2279 848 signa,
2306 809 2343 839 et
2365 815 2460 839 nunc

236 847 371 890 τάξεως
402 851 670 896 ἐπιγραφομένῃ
695 845 876 892 σύμβολα,
908 850 967 881 καὶ
999 845 1080 881 τοὺς
1110 849 1179 882 νῦν
1211 845 1316 890 αὐτῆς
1331 851 1369 882 15
1385 848 1461 883 eius
1493 847 1723 891 magistratus
1754 847 1921 889 (iudicem
1951 847 2099 883 dicimus
2128 848 2239 884 civilis
2262 848 2394 893 cinguli
2425 851 2462 883 et

237 891 458 940 ἡγουμένους,
481 894 547 928 τόν
567 907 607 928 τε
626 894 784 940 ἄρχοντα
808 894 927 938 φαμὲν
953 890 1021 935 τὴν
1044 890 1232 936 πολιτικὴν
1255 888 1314 938 ἇρ-
1384 892 1653 938 praesedentem
1677 892 1796 933 armis)
1829 892 1866 927 in
1894 903 2005 927 unum
2035 892 2197 937 colligere
2227 897 2264 928 et
2286 893 2461 938 praetoris

235 938 303 982 χὴν
325 935 392 974 τόν
415 952 455 973 τε
478 940 667 984 ἐφεστῶτα
691 941 763 972 τοῖς
787 934 926 978 ὅπλοις,
957 938 1005 971 εἰς
1035 939 1074 971 ἕν
1102 951 1138 971 τι
1163 949 1314 984 συναγα-
1385 937 1624 983 appellatione
1647 937 1827 973 decorare.
1870 937 2008 972 Nomen
2033 938 2125 972 enim
2144 937 2214 973 hoc
2231 932 2386 983 patrium
2405 943 2460 973 est

235 987 314 1031 γιῖν
348 986 408 1018 καὶ
448 985 493 1030 τῇ
531 985 594 1018 τοῦ
633 986 839 1029 πραίτωροε
877 983 1054 1026 κοσμῆσαι
1090 985 1314 1030 προςηγορίᾳ.
1386 983 1517 1027 cinguli
1539 981 1781 1018 Romanorum
1814 986 1850 1017 et
1873 986 1955 1017 ante
1980 981 2078 1027 ipsos
2107 982 2213 1017 etiam
2238 983 2400 1019 consules
2423 984 2459 1018 in

238 1028 353 1073 ὄνομα
375 1027 443 1075 γὰρ
466 1029 574 1062 τοῦτο
598 1027 752 1072 πάτριον
774 1028 821 1074 τῇ
843 1024 1031 1069 Ῥωμαίων
1053 1024 1142 1075 ἀρχῇ
1165 1030 1226 1062 καὶ
1245 1024 1315 1072 πρό
1385 1038 1513 1073 magna
1537 1027 1779 1063 Romanorum
1803 1027 1962 1063 habitum
1989 1027 2142 1062 civitate.
2190 1026 2341 1063 Romani
2361 1038 2462 1063 nam-

236 1086 276 1119 ys
304 1071 427 1107 αὐτῶν
456 1074 534 1107 τῶν
557 1069 709 1107 ὑπάτων
739 1071 832 1107 κατὰ
860 1071 928 1115 τὴν
950 1069 1108 1119 μεγάλην
1136 1074 1214 1107 τῶν
1236 1069 1315 1107 Ῥω·
1330 1076 1371 1108 20
1386 1083 1454 1118 que
1477 1072 1560 1108 Olim
1584 1082 1668 1108 81108
1692 1073 1802 1108 duces
1827 1076 2011 1118 praetores
2040 1071 2274 1108 nominabant
2302 1076 2339 1108 et
2361 1082 2461 1108 exer-

237 1121 359 1162 μαίων
383 1116 687 1162 πολιτευσάμενον
711 1115 830 1152 πόλιν.
866 1114 1033 1162 Ῥωμαῖοι
1056 1117 1123 1164 γὰρ
1146 1117 1181 1152 οἱ
1203 1115 1316 1153 πάλαι
1386 1118 1515 1154 citibus
1540 1127 1705 1162 praeesse
1728 1117 1998 1162 praecipiebant
2029 1119 2066 1152 et
2095 1117 2141 1152 ab
2176 1117 2227 1152 eis
2251 1116 2462 1162 conscriptis

237 1161 319 1197 τοὺς
350 1163 456 1208 σφῶν
484 1159 607 1197 αὐτῶν
637 1160 857 1209 στρατηγοὺς
880 1166 1090 1209 πραίτωρας
1114 1159 1316 1207 ὠνόμαζον,
1385 1163 1522 1208 legibus
1547 1162 1799 1198 oboediebant:
1830 1166 1979 1207 eratque
2003 1162 2230 1207 magistratus
2255 1161 2397 1207 quidam
2421 1173 2463 1196 ex

238 1208 316 1241 τῶν
351 1204 634 1254 στρατευμάτων
668 1221 708 1242 τε
743 1205 915 1254 ἡγεῖσθαι
949 1210 1122 1254 παρεῖχον
1155 1210 1216 1242 καὶ
1244 1211 1318 1242 τοῖς
1387 1213 1538 1254 utroque
1560 1209 1779 1252 temperatus
1812 1210 1849 1242 et
1877 1208 1914 1242 in
1937 1207 2125 1251 semetipso
2151 1206 2403 1242 circumferens
2427 1211 2463 1241 et

236 1250 304 1287 ὑπ’
342 1249 467 1287 αὐτῶν
498 1255 737 1307 γραφομένοις
772 1252 969 1286 ἐπείθοντο
1001 1251 1139 1297 νόμοις·
1179 1255 1239 1287 καὶ
1273 1247 1318 1295 ἦν
1388 1253 1580 1289 ostendens
1613 1259 1650 1288 et
1679 1253 1717 1288 in
1748 1252 1893 1288 aciebus
1924 1252 2169 1288 fortitudinem
2197 1254 2235 1288 et
2266 1252 2304 1287 in
2328 1251 2464 1297 legibus

237 1295 328 1345 ἇρχὴ
357 1308 413 1332 τις
435 1297 475 1338 ἐξ
497 1301 632 1376 angoht
655 1299 852 1343 κεκραμένη
883 1299 943 1331 καὶ
972 1299 1012 1331 ἐν
1042 1297 1150 1345 ἑαυτῇ
1175 1301 1318 1343 περιφέ-
1333 1302 1374 1334 25
1389 1299 1622 1344 disciplinam.

239 1341 349 1399 ρουσά
378 1355 419 1377 τε
448 1345 509 1376 καὶ
560 1344 707 1376 εικνῦσα
735 1341 804 1385 τὴν
835 1356 874 1376 τε
904 1343 943 1375 ἐν
967 1345 1044 1376 ταῖς
1073 1342 1320 1388 παρατάξεσιν

239 1386 341 1430 ισχὺν
365 1386 432 1430 τήν
456 1400 496 1422 τε
520 1390 560 1422 ἐν
583 1391 656 1422 τοῖς
679 1386 801 1432 νόμοις
823 1384 1026 1432 εὐκοσμίαν.

1253 1502 1408 1538 CAPUT
1430 1503 1456 1537 Ι.

294 1565 439 1612 Ἐπειδὴ
470 1571 593 1603 τοίνυν
627 1564 823 1602 κάνταῦθα
853 1565 986 1603 σκοπὸς
1021 1564 1105 1622 ἡμῖν
1136 1569 1184 1603 εἰς
1212 1571 1253 1603 ἔν
1286 1584 1321 1603 τι
1435 1569 1526 1612 Quia
1550 1569 1656 1614 igitur
1680 1569 1786 1604 etiam
1810 1569 1869 1605 hic
1899 1568 2050 1604 intentio
2081 1568 2184 1603 nobis
2209 1570 2265 1604 est
2288 1568 2334 1604 ad
2359 1579 2467 1604 unum

240 1617 456 1660 συναγαγεῖν
486 1609 704 1659 ἀμφοτέρας,
736 1610 797 1646 διὰ
827 1614 934 1647 τοῦτο
965 1614 1111 1647 εἰκοτως
1134 1610 1234 1657 αὐτῷ
1260 1617 1320 1648 καὶ
1389 1614 1523 1658 aliquid
1546 1619 1698 1658 utraque
1723 1614 1907 1658 colligere,
1941 1616 2132 1658 propterea
2155 1613 2281 1648 merito
2306 1613 2339 1648 ei
2362 1614 2467 1648 etiam

239 1658 308 1702 τὴν
338 1660 402 1692 τοῦ
434 1662 639 1704 πραίτωρος
674 1655 821 1701 δίδομεν
857 1662 1105 1714 προςηγορίαν,
1141 1655 1240 1693 ὅπως
1273 1657 1320 1693 ἂν
1334 1661 1375 1694 30
1389 1659 1565 1703 praetoris
1597 1659 1722 1694 damus
1754 1660 1985 1701 vocabulum,
2020 1661 2194 1702 quatenus
2225 1659 2330 1694 simul
2353 1658 2468 1702 ingre-

240 1706 493 1748 συνεισέρχοιτο
528 1706 605 1737 ταῖς
639 1706 767 1748 ψυχαῖς
805 1705 883 1737 τῶν
917 1702 1128 1738 οἷκουοντων
1163 1700 1239 1747 ἅμα
1273 1706 1317 1750 τῇ
1388 1704 1508 1739 diatur
1532 1704 1657 1739 animis
1682 1704 1903 1739 audientium
1928 1715 2009 1739 cum
2031 1703 2272 1748 appellatione
2291 1703 2467 1747 praetoris

240 1752 456 1795 προεηγορία
479 1749 543 1782 τοῦ
568 1751 771 1799 πραίτωρος
800 1751 860 1781 καὶ
884 1745 906 1791 ἡ
927 1749 989 1791 τῆς
1011 1745 1118 1794 ἀρχῆς
1140 1748 1318 1783 κατάστα-
1389 1749 1709 1784 administrationis
1735 1749 1925 1793 disciplina
1949 1753 2058 1793 atque
2082 1750 2222 1790 natura,
2247 1752 2284 1783 et
2305 1748 2469 1793 quoniam

240 1797 295 1828 σίς
325 1807 365 1827 τε
399 1796 458 1827 καὶ
495 1791 617 1838 φύσις,
655 1795 714 1826 καὶ
746 1790 873 1838 ὅτιπερ
908 1789 972 1836 οὐχ
1004 1790 1101 1835 ἁπλῆ
1136 1797 1189 1828 τίς
1221 1795 1319 1828 ἐστιν
1388 1804 1460 1829 11011
1484 1794 1633 1839 simplex
1657 1794 1831 1838 quaedam
1856 1796 1911 1829 est
1934 1804 2048 1837 neque
2072 1793 2116 1828 ad
2140 1804 2250 1828 unum
2274 1793 2468 1837 respiciens

240 1835 326 1872 οὐδὲ
348 1838 436 1894 πρὸς
458 1840 499 1873 ἓν
521 1836 698 1884 ἀφορῶσα
719 1835 834 1881 μόνον
865 1836 887 1880 ἢ
911 1836 953 1871 τὸ
977 1839 1056 1872 τῶν
1079 1835 1206 1872 ὅπλων
1235 1835 1258 1882 ἢ
1279 1838 1321 1872 τὸ
1389 1842 1529 1874 tantum
1548 1843 1612 1874 aut
1630 1839 1725 1883 quod
1744 1849 1923 1874 armorum
1944 1842 2007 1873 aut
2026 1839 2141 1882 legum
2159 1842 2223 1880 est,
2249 1838 2312 1874 sed
2330 1840 2468 1873 utrum·

242 1884 319 1918 τῶν
350 1897 487 1927 νιμων,
525 1880 603 1916 ἀλλ’
641 1883 816 1926 ἑκατέραν
847 1883 1102 1927 συνεφέλκεται
1130 1883 1234 1923 τάξιν
1263 1887 1321 1916 καὶ
1335 1887 1377 1919 35
1391 1894 1459 1929 que
1491 1884 1671 1920 subtrahit
1701 1883 1872 1926 officium,
1904 1883 1974 1927 (et)
2005 1894 2047 1917 ex
2081 1883 2291 1918 militaribus
2328 1882 2469 1927 quidem

240 1930 344 1963 ἔστιν
367 1930 405 1962 ἐκ
427 1930 496 1972 μὲν
517 1928 581 1962 τοῦ
606 1928 867 1973 στρατιωτικοῦ
890 1926 1029 1973 σφοδρά
1052 1941 1092 1961 τε
1106 1931 1166 1961 καὶ
1186 1928 1320 1975 ἰσχυρά,
1389 1929 1577 1964 vehemens
1608 1933 1716 1973 atque
1744 1928 1848 1964 fortis
1873 1933 1937 1970 est,
1970 1938 2035 1972 per
2059 1929 2171 1971 legem
2200 1938 2283 1963 vero
2314 1927 2410 1962 mitis
2434 1932 2470 1962 et

241 1971 302 2008 διὰ
325 1970 366 2006 δὲ
386 1974 452 2008 τοῦ
475 1971 586 2017 νόμου
610 1971 782 2018 προσηνής
813 1986 853 2006 τε
876 1975 936 2006 καὶ
967 1970 1110 2018 ἥμερος,
1140 1976 1200 2006 καὶ
1231 1975 1321 2007 κατα
1389 1977 1588 2015 mansueta,
1624 1976 1662 2008 et
1697 1973 1892 2008 secundum
1927 1974 1996 2008 hoc
2033 1973 2134 2008 illata
2167 1972 2275 2008 facile
2306 1972 2470 2008 violentis

239 2020 349 2054 τοῦτο
369 2020 635 2064 προεφερομένη
654 2015 788 2062 ῥᾳδίως
808 2020 881 2051 τοῖς
900 2019 967 2060 μὲν
988 2015 1149 2052 ἀδικοῦσι
1171 2016 1320 2064 σφοδρό-
1390 2019 1532 2064 quidem
1563 2018 1817 2061 vehementius,
1854 2018 1998 2053 mitibus
2031 2022 2150 2052 autem
2181 2018 2331 2062 legalius
2363 2022 2471 2062 atque

240 2076 358 2110 τερον,
383 2067 455 2098 τοῖς
478 2061 518 2097 δὲ
540 2065 811 2108 ἐπιεικεστέροις
834 2060 1084 2108 νομιμώτερόν
1108 2075 1147 2096 τε
1171 2065 1231 2097 καὶ
1251 2075 1322 2097 σω·
1391 2064 1538 2099 castius.
1586 2063 1636 2098 Et
1660 2074 1726 2098 nec
1751 2064 1814 2098 sim
1842 2063 1956 2098 liciter
1980 2063 2049 2098 hoc
2074 2064 2209 2107 agimus
2238 2072 2304 2098 nec
2326 2063 2470 2098 nomina

242 2111 495 2166 φρονέστερον.
540 2111 612 2142 Καὶ
634 2104 717 2141 οὐδὲ
740 2105 863 2142 ἁπλῶς
885 2108 992 2142 τοῦτο
1013 2106 1221 2153 πράττομεν
1238 2106 1322 2142 οὐδὲ
1334 2111 1377 2143 40
1390 2108 1601 2153 respicimus
1620 2109 1746 2149 solum,
1768 2119 1807 2143 se
1848 2110 1889 2143 ut
1905 2111 2048 2153 oportet
2068 2107 2210 2152 cingula
2230 2106 2468 2142 moderamur.

241 2158 422 2198 ονομασίᾳ
444 2156 659 2201 προσέχομεν
680 2151 810 2197 μόνον,
843 2151 932 2186 ἀλλὰ
960 2152 1005 2198 τῇ
1035 2156 1137 2199 χρείᾳ
1166 2157 1226 2186 καὶ
1257 2152 1320 2187 τὰς
1389 2153 1555 2189 Virorum
1579 2153 1672 2188 enim
1697 2156 1751 2189 est
1773 2153 1919 2188 fortium
1949 2152 2044 2196 regio
2070 2155 2107 2187 et
2134 2153 2180 2187 ab
2206 2152 2347 2187 Isauria
2371 2152 2469 2187 nullo

241 2196 351 2245 ἀρχὰς
382 2199 663 2244 ουμμετροῦμεν.
712 2195 860 2245 ἀνδρῶν
887 2195 956 2243 γάρ
986 2200 1086 2231 ἐστιν
1119 2199 1275 2243 ἰσχυρῶν
1304 2196 1327 2240 ἡ

242 2312 367 2354 vimus,
398 2310 631 2357 respicientes
661 2307 711 2344 ad
738 2309 943 2355 primordia
975 2308 1060 2351 illa,
1092 2308 1188 2344 unde
1212 2319 1291 2344 eam
1315 2309 1546 2344 constitutam
1577 2319 1654 2344 esse
1677 2308 1910 2354 antiquarum
1939 2319 2062 2344 rerum
2084 2309 2283 2355 scriptores
2304 2313 2340 2345 et
2362 2310 2470 2346 inter-

237 2361 364 2403 pretes
397 2354 642 2396 tradiderunt,
677 2365 757 2389 eum
780 2354 961 2406 proxima
991 2354 1040 2389 sit
1071 2353 1247 2389 Romanis
1278 2354 1499 2400 coquatione
1529 2357 1567 2389 et
1594 2355 1678 2399 fere
1709 2364 1759 2389 ex
1789 2352 1914 2390 iisdem
1946 2353 2067 2389 causis
2092 2354 2250 2390 condita.
2309 2353 2472 2401 Lycaoni

243 2401 348 2444 enim,
372 2401 437 2447 qui
460 2399 545 2435 olim
568 2398 749 2435 Arcadiae
772 2410 810 2434 m
836 2398 990 2434 Graecia
1012 2410 1084 2435 rex
1129 2399 1198 2441 uit,
1222 2399 1375 2444 contiqit
1402 2403 1444 2434 ut
1465 2399 1571 2434 etiam
1596 2398 1843 2434 Romanorum
1869 2402 2000 2434 terram
2023 2398 2207 2442 incoleret,
2231 2403 2268 2434 et
2292 2397 2473 2435 Oenotriis

243 2447 309 2492 qui
322 2445 408 2482 olim
430 2449 537 2481 erant
555 2444 681 2480 ascitis
729 2444 942 2479 rimordium
962 2443 1068 2480 daret
1116 2454 1326 2479 omanorum
1346 2444 1394 2478 im
1421 2444 1498 2479 erio
1519 2443 1682 2487 (dicimus
1698 2447 1817 2479 autem
1835 2443 1900 2478 illa
1919 2454 2009 2479 sane
2029 2447 2168 2480 vetusta
2188 2454 2232 2479 ac
2254 2443 2473 2490 temporibus

243 2493 384 2528 Aeneae
406 2495 442 2527 et
464 2489 614 2525 Romuli
634 2500 694 2524 mu
711 2494 747 2524 to
776 2489 1021 2535 antiquiora),
1051 2494 1086 2524 et
1109 2488 1256 2524 colonia
1286 2489 1324 2523 in
1349 2488 1377 2523 il
1389 2500 1431 2523 as
1456 2493 1586 2535 partes
1613 2489 1723 2524 missa
1747 2487 1908 2523 Pisidiae
1938 2488 2098 2535 aliquam
2122 2494 2268 2535 partem
2299 2489 2473 2525 adimeret

244 2537 349 2583 eique
371 2546 476 2571 suum
498 2545 629 2570 nomen
652 2534 757 2570 daret
780 2540 890 2580 atque
908 2533 1133 2580 Lycaoniam
1157 2545 1180 2569 a
1203 2544 1242 2569 se
1265 2534 1346 2581 ipso
1371 2534 1556 2580 reqionem
1577 2533 1788 2580 appellaret.
1838 2531 1970 2580 Itaque
1990 2544 2069 2568 eam
2093 2544 2238 2580 quoque
2256 2533 2473 2580 magistratu

244 2592 379 2617 ornare
398 2591 473 2632 par
495 2585 550 2615 est
572 2579 733 2625 antiquis
756 2579 945 2615 Romanae
977 2578 1192 2626 disciplinae
1215 2579 1331 2625 siqnis
1354 2578 1537 2621 distincto,
1570 2585 1679 2624 atque
1702 2589 1765 2613 eos
1795 2578 1858 2629 qui
1881 2589 1978 2613 nunc
2006 2578 2041 2614 ei
2060 2583 2240 2625 praesunt
2270 2582 2363 2621 (eum
2385 2577 2471 2613 dici-

243 2637 323 2662 mus
343 2637 403 2672 qut
423 2625 560 2662 civilem
580 2624 834 2671 maqistratum
854 2625 950 2670 qerit
969 2628 1004 2660 et
1023 2635 1103 2659 eum
1127 2624 1191 2670 qui
1214 2624 1327 2659 armis
1343 2626 1509 2670 praeest)
1535 2623 1574 2658 in
1600 2634 1710 2658 unum
1726 2633 1946 2669 contunqere
1968 2628 2003 2659 et
2019 2623 2204 2675 praetoris
2224 2634 2246 2658 a
2270 2622 2472 2669 pellatione

243 2671 426 2708 decorare.
475 2669 545 2705 Est
564 2670 657 2705 enim
676 2680 806 2704 nomen
828 2668 899 2704 hoc
915 2668 1082 2704 Romano
1106 2668 1260 2715 imperio
1278 2669 1445 2715 patrium
1468 2668 1508 2703 id
1533 2679 1577 2703 ue
1602 2672 1685 2703 ante
1708 2668 1809 2714 ipsos
1829 2667 1995 2703 consules
2017 2679 2055 2702 m
2074 2678 2207 2714 maqna
2259 2678 2472 2703 omanorum

243 2715 432 2768 rqvublica
454 2716 492 2750 in
515 2725 584 2750 usu
605 2714 690 2760 fuit.
740 2714 834 2748 Nam
855 2719 992 2749 veteres
1011 2713 1170 2749 Romani
1193 2714 1356 2760 ipsorum
1380 2713 1465 2749 belli
1487 2679 1596 2748 ‘linces
1612 2718 1809 2759 praetores
1832 2711 2021 2755 vocabant,
2049 2718 2159 2758 atque
2181 2712 2290 2747 simul
2311 2717 2348 2748 et
2366 2723 2470 2749 exer-

244 2761 376 2797 citibus
399 2772 463 2796 eos
478 2758 744 2807 praeficiebant
773 2764 810 2794 et
832 2758 971 2805 leqibus
995 2758 1040 2794 ab
1063 2759 1108 2793 iis
1130 2759 1279 2805 scriptis
1302 2758 1556 2794 oboediebant:
1591 2762 1741 2804 eratque
1767 2757 2003 2803 magistratus
2026 2768 2076 2793 ex
2099 2762 2253 2803 utroque
2276 2757 2414 2794 mixtus
2437 2762 2472 2793 et

245 2806 309 2853 qui
331 2807 370 2841 in
393 2810 503 2841 semet
523 2805 603 2851 ipse
625 2808 661 2840 et
684 2804 850 2839 virtutem
873 2804 912 2838 in
936 2803 1014 2839 acie
1037 2808 1072 2839 et
1096 2803 1325 2850 disciplinam
1348 2804 1388 2839 in
1411 2803 1550 2850 leqibus
1573 2801 1890 2849 comprehenderet
1913 2807 1953 2837 at
1979 2813 2023 2838 ae
2046 2807 2253 2838 ostentaret.

379 2850 408 2885 1.
467 2848 648 2893 Quoniam
678 2849 793 2895 iqitur
821 2848 880 2884 hic
909 2859 1055 2895 quoque
1078 2849 1315 2896 propositum
1346 2852 1402 2885 est
1430 2847 1536 2883 nobis
1568 2847 1660 2883 duos
1690 2847 1730 2882 in
1761 2858 1871 2882 unum
1902 2813 2085 2893 rezqiqere,
2111 2851 2316 2894 propterea
2345 2847 2472 2883 merito

244 2896 279 2933 ei
295 2895 486 2943 praetoris
509 2905 637 2929 nomen
659 2894 887 2940 imponimus,
917 2898 960 2930 ut
981 2905 1056 2929 una
1080 2905 1160 2929 cum
1183 2894 1328 2929 nomine
1356 2893 1544 2940 praetoris
1566 2891 1694 2928 subeat
1716 2891 1858 2927 animos
1886 2892 2107 2927 audientium
2131 2892 2212 2939 ipsa
2235 2892 2472 2939 mayistratus

245 2951 342 2988 quae
371 2945 425 2976 est
447 2939 613 2975 condicio
638 2943 674 2974 et
695 2943 841 2981 natura,
874 2938 1045 2990 quodque
1075 2950 1150 2974 non
1172 2939 1331 2985 simplex
1360 2943 1415 2974 est
1443 2948 1559 2984 neque
1589 2937 1639 2973 ad
1669 2948 1778 2972 unam
1802 2936 1916 2972 solam
1947 2937 2126 2973 rationem
2149 2941 2216 2972 aut
2238 2948 2333 2984 quae
2355 2947 2471 2973 armo-

244 2997 326 3023 rum
349 2989 414 3021 aut
437 2995 531 3031 quae
562 2984 681 3030 lequm
709 2988 763 3019 est
794 2984 961 3030 respicit,
991 2983 1057 3019 sed
1078 2989 1270 3030 utrumque
1304 2982 1576 3030 comprehendit
1608 2983 1774 3029 officium
1804 2989 1840 3018 et
1867 2992 1917 3018 ex
1948 2982 2097 3017 militari
2128 2981 2272 3029 quidem
2289 2986 2473 3029 potestate

244 3040 391 3068 severus
421 3034 456 3066 et
476 3029 603 3075 fortis,
632 3039 701 3075 per
729 3028 842 3074 leyem
875 3040 959 3064 vero
992 3029 1088 3064 mitis
1118 3033 1154 3064 et
1185 3029 1296 3064 comis
1325 3033 1381 3064 est
1409 3027 1563 3074 ideoque
1593 3027 1708 3073 facile
1740 3026 1913 3063 adversus
1943 3027 2098 3062 iniustos
2129 3026 2271 3074 quidem
2302 3027 2471 3068 severius,

246 3073 584 3126 adversus-probos
615 3077 734 3109 autem
766 3074 917 3120 aequius
947 3077 984 3110 et
1014 3073 1237 3110 moderatius
1265 3083 1305 3109 se
1334 3077 1449 3120 qerat.
1510 3072 1586 3108 Nec
1619 3077 1736 3108 tamen
1765 3071 1978 3119 simpliciter
2005 3071 2075 3107 hoc
2098 3072 2241 3118 aqimus
2270 3082 2385 3150 neque
2406 3081 2471 3118 ap-

245 3120 436 3168 pellationi
467 3119 538 3155 soli
562 3129 710 3165 operam
734 3118 872 3160 damus,
903 3118 969 3154 sed
995 3118 1046 3154 ad
1067 3129 1170 3154 usum
1196 3118 1296 3165 ipsos
1324 3118 1561 3164 maqistratus
1588 3116 1908 3153 accommodamus.
1971 3115 2040 3152 Est
2063 3117 2156 3152 enim
2179 3117 2282 3163 reqio
2303 3115 2368 3151 ila
2389 3116 2470 3162 sor-

292 3237 313 3268 3
337 3236 398 3268 καὶ
422 3230 491 3274 ὅτι]
515 3234 574 3266 καὶ
600 3245 656 3265 om.
673 3244 692 3268 ς
710 3230 716 3276 Ι
746 3234 768 3266 4
791 3233 1073 3274 συνῳκισμένων
1095 3232 1140 3265 Μ
1155 3231 1168 3276 ΙΙ
1187 3227 1323 3278 προφά-
1392 3231 1644 3274 lycaoniamque
1660 3231 1794 3265 Neobur
1818 3255 1839 3272 .‚
1863 3230 2062 3274 lyoeroniam
2082 3240 2166 3272 quae
2188 3229 2221 3264 Τ
2240 3227 2420 3272 lycaoniam
2442 3227 2474 3259 V

248 3290 324 3313 σεος
345 3279 393 3313 L²
423 3278 436 3323 u
465 3281 484 3312 5
509 3278 580 3319 τῆς]
611 3279 684 3311 τοῖς
776 3277 788 3319 ΙΙ
818 3279 838 3311 6
862 3279 921 3309 καὶ
942 3279 1016 3310 τοῖς
1039 3276 1211 3322 ῥωμαίοις
1235 3277 1282 3309 L¹
1313 3275 1325 3321 ΙΙ
1394 3277 1540 3319 Lycaoni
1566 3277 1651 3308 enim
1677 3279 1764 3320 vulq.
1797 3277 1803 3319 Ι
1831 3278 1850 3309 5
1885 3274 1964 3308 olim
1996 3288 2055 3308 om.
2088 3274 2153 3319 Vfl
2180 3273 2335 3307 archadia
2366 3271 2428 3305 VT
2456 3269 2470 3315 Ι

250 3328 266 3358 7
281 3323 474 3378 ἱοιίιρτρούε
497 3323 588 3377 Mn
607 3321 811 3374 Οἰνοτρίους
837 3323 1031 3374 Haloander
1043 3325 1150 3376 {cf-f)
1169 3322 1182 3374 {l
1200 3322 1242 3356 14
1265 3317 1325 3375 “²35
1394 3323 1414 3355 6
1430 3321 1605 3375 'contingit
1625 3321 1671 3355 V¹
1692 3320 1704 3363 n
1720 3323 1808 3354 terra
1832 3319 1886 3365 Vll
1911 3321 2039 3372 priscus
2056 3319 2252 3372 ‘oenotarius
2271 3316 2328 3358 Vfl
2347 3316 2375 3367 8·
2392 3325 2463 3357 pre·

249 3369 748 3456 {Zizssisseihffzzwssf
759 3367 1326 3458 42‘21323525’222‘11255‘22'239'22‘3
1394 3376 1496 3443 {23:3¹5
1503 3365 1625 3453 ν”ιῗῖἓ-,Ἰ
1643 3367 1671 3429 3
1669 3365 1897 3454 &ageli
1907 3367 1998 3444 1ιιὲἲῗ
2000 3365 2084 3453 isli?
2102 3361 2468 3453 matam&

250 3459 338 3500 με’νη
353 3459 411 3498 [2²]
427 3458 719 3503 ἐπιγραφομένην
732 3456 842 3492 ML¹e
858 3455 870 3499 ss
888 3456 954 3489 νῦν
968 3452 1095 3490 αὐτοὺς
1107 3458 1154 3490 L¹
1170 3456 1182 3500 ΙΙ
1205 3458 1246 3491 16
1266 3456 1327 3498 τῆς
1399 3457 1437 3489 17
1462 3455 1717 3498 appellationem
1750 3456 1833 3490 Val.
1859 3455 1871 3496 ΙΙ
1899 3457 1939 3488 21
1965 3452 2222 3498 praecibnebant
2252 3449 2305 3500 V}
2329 3447 2342 3492 ΙΙ
2367 3450 2410 3483 23
2434 3453 2468 3482 et

252 3500 431 3543 πολιτικῆς
454 3499 559 3547 ἀρχῆς
581 3502 630 3536 L²
642 3503 696 3546 (qfi
710 3502 742 3543 e)
761 3501 773 3544 ΙΙ
800 3503 842 3535 ’24
867 3497 990 3534 αὐτῶν
1015 3502 1079 3543 Le]
1105 3499 1213 3535 αὐτοῦ
1239 3501 1285 3535 Μ
1315 3501 1326 3542 ΙΙ
1397 3501 1430 3532 in
1446 3500 1494 3540 (in
1508 3501 1569 3534 del.
1589 3498 1651 3542 V0)
1666 3500 1817 3533 ostendes
1838 3499 1894 3544 Vfl
1910 3501 1953 3534 28
1974 3498 2062 3537 Quis
2077 3497 2168 3537 ναι]
2181 3495 2343 3533 Quoniam
2357 3495 2467 3544 vu194u

252 3548 296 3580 26
320 3543 527 3580 δεικνύουσα
551 3548 595 3581 M
602 3559 686 3581 corr.
705 3547 776 3589 {133
801 3542 895 3588 ἁπλή
909 3546 951 3579 Μ
964 3547 977 3589 ΙΙ
996 3548 1037 3581 35
1063 3543 1326 3591 συνεφέλκεται]
1397 3546 1438 3579 32
1463 3545 1807 3578 administrationibus
1830 3546 1907 3578 libri
1952 3546 1993 3578 34
2018 3541 2107 3585 quod
2126 3541 2171 3581 V]
2195 3548 2280 3581 quae
2303 3538 2468 3590 ‘Tim-lost!

252 3590 466 3629 ιιιδ1τα1111(ι·.
482 3605 504 3622 ι’.
519 3589 816 3634 σιηηιφέλκεταιῖ)
840 3603 860 3627 ς
874 3589 887 3634 11
907 3592 943 3623 41
974 3593 1033 3623 καὶ
1057 3605 1114 3625 om.
1130 3603 1148 3628 ς
1397 3591 1438 3623 35
1463 3590 1632 3623 contrahit
1651 3590 1744 3624 Beck
1760 3589 1772 3635 ss
1791 3592 1824 3623 et
1847 3602 1904 3623 om.
1933 3587 2022 3631 ibri!
2036 3587 2082 3621 ‘³8
2107 3585 2328 3618 neheementis
2350 3575 2467 3634 11111111-

527 3653 1324 3661 -—————-—-—————-—-
1396 3634 1457 3667 bus
1475 3639 1584 3668 autem
1603 3634 1766 3676 legalibus
1786 3633 1843 3676 Vn
1860 3635 1902 3668 40
1925 3631 2129 3666 moderamno
2148 3627 2205 3672 V}
2222 3630 2262 3662 41
2284 3627 2325 3661 ab
2346 3628 2469 3661 bisam

304 3683 313 3712 1
344 3690 414 3712 eam
427 3681 525 3723 only]
549 3692 622 3714 eum
643 3683 720 3716 libri
736 3683 748 3725 ss
764 3684 784 3716 4
809 3681 957 3725 Lycaoni
977 3692 1117 3724 namque
1136 3681 1327 3721 Heimbacln]
1397 3679 1493 3712 nullo
1520 3681 1551 3713 T
1583 3680 1625 3714 ab
1650 3679 1702 3712 his
1724 3679 1800 3712 auri
1823 3676 1925 3711 anulo
1945 3676 1980 3711 V
