2580 4022
247 159 324 202 Ed,
341 159 444 202 Xffl
475 171 534 212 pr⁴
559 159 580 197 1
1301 143 1385 190 78⁰
1809 159 1867 189 DE
1897 158 2014 190 URBE
2042 156 2458 189 ALEXANDmNoRuu

1318 304 1390 347 'ff‘

396 397 573 450 ΠΕΡΙ
622 396 768 447 THE
816 393 969 446 AAE
979 390 1551 522 ΞΑΝἚΙῙΞΞΞΙᾙΧΙΙΞΞΈΙ
1601 389 1750 443 ΤΩΝ
1798 389 2320 443 ΑΙΓῩΠΤΙΑΚῼΝ

443 549 503 597 (Ὁ
526 549 635 586 αὐτὸς
657 548 843 595 βασιλείς)
865 545 1017 595 Ἰωάννῃ
1035 548 1091 590 τῷ
1114 545 1342 591 ἐνδοξοτάτῳ
1369 546 1514 592 ἐπάρχῳ
1534 547 1609 581 τῶν
1634 543 1862 580 ἀνατολικῶν
1886 544 1994 592 ἱερῶν
2013 550 2258 592 πραιτωρίων.

375 618 679 665 (Προοίμιον.)
717 617 764 651 Εἰ
785 618 845 649 καὶ
868 615 914 650 τὰ
939 613 1161 659 σμικρότατα
1185 615 1262 648 τῶν
1285 611 1511 660 πραγμάτων
1532 614 1594 655 τῆς
1618 613 1758 647 ἑαυτῶν
1783 611 1955 655 ἀξιοῦμεν
1979 617 2158 657 προνοίας,
2182 613 2305 659 πολλῷ
2321 613 2459 658 μᾶλλον

241 663 288 699 τὰ
320 663 470 710 μέγιστά
501 676 541 697 τε
568 666 627 696 καὶ
657 665 852 703 συνέχοντα
883 659 953 703 τὴν
983 656 1160 704 ἡμετέραν
1190 658 1377 694 πολιτείαν
1397 656 1461 693 οὐκ
1486 657 1790 703 ἐγκαταλείψομεν
1814 655 1896 692 οὐδὲ
1919 654 2131 702 άπρονόηῑα
2153 657 2237 693 οὐδὲ
2259 662 2323 694 τοῦ
2358 671 2460 705 προς-

242 709 389 752 ήκοντος
415 706 612 753 χηρεῦοντα
641 706 774 751 κόσμου
806 706 970 749 ἐάσομεν,
1000 707 1060 738 καὶ
1090 703 1247 748 μάλιστα
1278 705 1341 746 τῆς
1370 705 1434 747 σῆς
1462 701 1548 746 ἡμῖν
1578 699 1822 749 υπουργούσης
1854 699 2044 747 ὑπεροχῆς,
2090 701 2182 749 ᾗπερ
2209 703 2305 748 μέλει
2337 706 2398 746 τῆς
2421 718 2461 738 τε

243 752 412 799 ἡμετέρας
446 752 506 787 διὰ
531 750 685 787 πάντων
708 752 908 797 θεραπείας
931 750 994 792 τῆς
1015 762 1054 783 τε
1080 747 1259 791 αὐξήσεως
1282 750 1359 783 τῶν
1382 746 1566 793 δημοσίων
1586 749 1646 790 τῆς
1669 761 1709 782 τε
1731 749 1809 781 τῶν
1832 744 2021 781 ὑποτελῶν
2043 749 2121 781 τῶν
2144 746 2328 793 ἡμετέρων
2352 762 2459 794 φρον-

243 788 348 832 τίδος.
396 795 630 841 ἐννοήσαντες
653 799 787 838 τοίνυν,
810 794 858 829 ὠς
882 796 942 829 ἐπὶ
964 795 1042 828 τῶν
1066 793 1278 837 ὲζιιπροσθεν
1300 792 1454 839 χρόνων,
1478 793 1509 826 εἰ
1533 795 1591 826 καὶ
1615 792 1662 826 τὰ
1686 791 1776 826 ἄλλα
1799 793 1878 826 τῶν
1903 790 2087 835 δημοσίων
2102 792 2328 839 εἰσπράξεων
2344 791 2461 827 ἐδόκει

243 854 320 878 πως
347 840 537 885 τετάχθαι,
572 837 647 875 ἀλλ’
674 834 740 875 οὖν
763 839 856 874 κατὰ
876 839 945 882 τὴν
967 838 1222 885 Αἰγυπτιακὴν
1246 836 1422 881 διοίκησιν
1445 834 1559 872 οὕτως
1581 830 1627 880 ἦν
1650 840 1901 882 συγκεχυμένα,
1926 835 2020 871 ὥστε
2043 835 2134 880 μηδὲ
2157 834 2178 871 ὅ
2202 851 2237 872 τι
2261 837 2462 881 πράττεται

242 887 335 922 κατὰ
366 886 485 932 χώραν
516 886 681 921 ἐνταῦθα
712 884 973 932 γινώσκεσθαι,
1004 887 1087 926 [καὶ]
1119 880 1382 927 ἐθαυμάσαμεν
1405 882 1474 926 τὴν
1492 885 1592 926 μέχρι
1615 882 1682 915 νῦν
1705 884 1770 915 τοῦ
1792 881 2002 927 πράγματος
2025 878 2194 922 ἀταξίαν·
2231 879 2298 916 ἄλλ
2326 881 2462 916 ἔδωκεν

243 933 262 966 ὁ
298 932 386 966 θεὸς
416 935 475 966 καὶ
506 933 614 966 τοῦτο
645 933 718 964 τοῖς
749 928 929 974 ἡμετέροις
959 928 1193 974 φυλαχθῆναι
1223 930 1356 972 καιροῖς
1378 930 1438 961 καὶ
1462 929 1539 961 ταῖς
1558 929 1634 960 σαῖς
1657 923 1872 971 ὑπουργίαις.
1922 924 2045 972 ὥσπερ
2067 927 2137 973 γὰρ
2161 924 2246 969 ἡμῖν
2268 927 2336 961 τὸν
2360 930 2462 961 σῖτον

242 977 309 1011 τὸν
333 977 475 1011 ἐκεῖθεν
498 980 784 1022 προςρίπτοντες,
808 971 923 1008 οὕτως
944 970 1048 1007 οὐδὲν
1073 975 1195 1018 ἕτερον
1215 970 1336 1015 ἠξίουν
1360 973 1557 1017 εἰσφέρειν·
1591 968 1666 1005 ἀλλ’
1693 971 1730 1006 οἱ
1749 973 1817 1015 μὲν
1833 970 2017 1010 ,συντελεῖς
2040 972 2216 1012 καθάπαξ
2239 972 2461 1017 ἰσχυρίζοντο

243 1020 365 1057 πάντα
396 1021 443 1055 εἰς
467 1017 663 1065 ὁλόκληρον
687 1017 938 1060 ἀπαιτεῖσθαι,
969 1017 1006 1052 οἱ
1027 1018 1209 1064 παγάρχαι
1233 1016 1273 1051 δὲ
1296 1020 1355 1051 καὶ
1379 1016 1416 1051 οἱ
1437 1014 1707 1060 πολιτευόμενοι
1731 1019 1791 1049 καὶ
1813 1015 1850 1050 οἱ
1872 1015 2068 1061 πράκτορες
2092 1018 2169 1050 τῶν
2193 1015 2377 1061 δημοσίων
2401 1020 2460 1050 καὶ

243 1064 489 1112 διαφερόντως
520 1065 599 1110 (οἱ)
629 1065 722 1098 κατὰ
747 1063 876 1108 καιρὸν
907 1062 1076 1107 ἄρχοντες
1109 1062 1206 1096 οὕτω
1231 1060 1274 1096 τὸ
1299 1063 1450 1108 πρᾶγμα
1473 1064 1574 1106 μέχρι
1598 1063 1666 1095 νῦν
1690 1059 1911 1103 διετίθεσαν,
1936 1059 1984 1095 οἷς
2006 1059 2133 1105 μηδενὶ
2157 1059 2342 1096 δύνασθαι
2364 1064 2460 1108 γενέ-

243 1111 336 1144 σθαι
359 1110 554 1156 γνώριμον,
581 1107 701 1143 αὐτοῖς
726 1107 766 1143 δὲ
787 1107 913 1153 μόνοις
936 1106 1126 1153 ὲπικερὸἐς.
1175 1105 1300 1150 ἐπειδὴ
1321 1111 1455 1148 τοίνυν,
1480 1107 1579 1151 εἴπερ
1604 1105 1867 1150 καταλίποιμεν
1890 1107 1930 1139 ἐν
1950 1103 2058 1150 ὁμάδι
2082 1106 2124 1140 τὸ
2143 1107 2293 1153 πρᾶγμα
2309 1105 2461 1141 διοικού-

241 1150 362 1198 μενον,
393 1153 455 1188 οὐκ
486 1153 534 1189 ἄν
565 1167 653 1190 ποτε
685 1151 896 1197 ἰσχύσαιμεν
927 1148 1017 1187 αὐτὸ
1048 1150 1274 1196 διακαθᾶραι
1298 1155 1357 1185 καὶ
1381 1152 1486 1192 τάξαι
1510 1149 1770 1196 προςηκόντως,
1796 1148 1857 1184 διὰ
1881 1151 1989 1184 τοῦτο
2013 1149 2223 1195 συνείδομεν
2243 1151 2311 1195 τὴν
2335 1149 2459 1196 ἀρχήν,

242 1198 332 1246 ἤπερ
364 1201 556 1246 ἐφέστηκεν
586 1201 659 1233 τοῖς
682 1196 872 1245 Αἰγύπτου
903 1197 1090 1244 πράγμασι
1117 1199 1248 1243 (φαμὲν
1279 1194 1318 1230 δὲ
1347 1195 1415 1239 τὴν
1447 1197 1523 1230 τῶν
1548 1193 1843 1242 αὖγουσταλίων),
1866 1199 2120 1241 μετριωτέραις
2144 1198 2334 1239 ἐπιστῆσαι
2352 1209 2460 1249 φρον-

242 1249 348 1279 τίσιν.
396 1242 440 1278 οὗ
467 1244 538 1290 γὰρ
569 1240 615 1277 ἂν
646 1241 796 1277 δύναιτο
825 1241 958 1288 ῥᾳδίως
989 1241 1036 1276 εἷς
1067 1239 1272 1284 ἀνθρώπου
1303 1243 1386 1275 νοῦς
1417 1238 1611 1275 τοσαύταις
1643 1238 1791 1285 ἀρκέσαι
1813 1244 2000 1285 μερίμναις
2023 1245 2083 1275 καὶ
2106 1239 2150 1275 τὸ
2176 1242 2323 1287 πρᾶγμα
2346 1238 2461 1275 οὕτως

243 1287 439 1332 διαθεῖναι,
463 1285 559 1323 ὥστε
582 1288 760 1332 αἴσθησιν
782 1284 867 1332 ἡμῖν
890 1285 1038 1334 άγαθην
1062 1288 1102 1321 ἐν
1125 1286 1224 1330 αὐτῷ
1249 1287 1484 1328 καταστῆσαι.

1256 1387 1412 1423 CAPUT
1435 1388 1464 1424 Ι.

381 1457 449 1492 Διὰ
472 1459 580 1492 τοῦτο
604 1459 729 1492 τοίνυν
752 1457 980 1499 θεσπίζομεν
1005 1455 1073 1498 τὴν
1097 1454 1166 1498 σὴν
1186 1453 1365 1500 ὑπεροχὴν
1387 1452 1495 1488 τόνδε
1518 1452 1625 1499 ἡμῶν
1648 1455 1717 1488 τὸν
1741 1456 1800 1489 ἐπὶ
1820 1453 1939 1497 τούτῳ
1965 1453 2080 1498 νόμον
2103 1452 2463 1498 παραλαμβάνουσαν

243 1499 359 1537 οὕτως
390 1500 503 1538 αὐτὸν
534 1501 734 1544 διαθεῖναι,
765 1498 813 1536 οἷς
844 1500 949 1542 ἄξιόν
981 1502 1083 1534 ἐστιν
1112 1499 1204 1543 ἡμᾶς
1232 1502 1300 1544 μὲν
1331 1499 1521 1540 θεσπίσαι,
1553 1499 1621 1542 τὴν
1645 1498 1684 1533 δὲ
1708 1499 1777 1542 σὴν
1801 1497 1979 1545 ὑπεροχὴν
2005 1497 2240 1544 ὑπουργῆσαι.
2286 1502 2375 1533 τέως
2397 1492 2464 1534 οὖν

243 1547 311 1582 τὸν
335 1546 575 1592 περίβλεπτον
600 1544 858 1593 αὐγουστὰλιον
882 1544 1095 1590 βουλόμεθα
1120 1541 1230 1588 αὐτῆς
1253 1558 1293 1579 τε
1314 1542 1578 1589 Ἀλεξανδρείας
1601 1542 1721 1589 ἄρχειν
1745 1547 1804 1578 καὶ
1823 1541 2004 1579 ἁπάντων
2028 1545 2105 1578 τῶν
2128 1541 2205 1577 κατ’
2227 1541 2340 1586 αὐτὴν
2355 1558 2463 1590 φρον-

243 1595 367 1635 τίζειν,
399 1596 458 1626 καὶ
490 1593 580 1635 πρός
611 1606 651 1638 γε
680 1591 744 1626 δύο
768 1589 975 1638 Αἰγύπτων
1006 1593 1066 1624 καὶ
1088 1589 1227 1634 μόνων,
1253 1590 1467 1636 ἐξῃρημένον
1491 1590 1554 1623 τοῦ
1578 1588 1766 1635 λεγομένου
1792 1588 2014 1624 Μενελαΐτου
2038 1589 2100 1631 τῆς
2123 1587 2263 1623 πόλεως
2285 1586 2363 1631 ἥτις
2386 1591 2463 1623 ἐστὶ

244 1640 266 1673 1
313 1635 458 1682 πρώτης
480 1637 681 1682 Αἰγύπτου,
705 1639 765 1671 καὶ
789 1635 878 1681 πρός
898 1649 938 1682 γε
960 1636 1025 1670 τοῦ
1052 1634 1270 1681 Μαρεώτου·
1294 1632 1349 1669 ἐπ’
1376 1636 1522 1668 ἐκείνοις
1542 1634 1613 1681 γὰρ
1634 1634 1680 1668 τὰ
1704 1632 1826 1668 εἰκότα
1858 1632 2145 1678 διατυπώσομεν.
2191 1632 2405 1678 βουλόμεθα
2426 1632 2464 1668 δὲ

246 1679 359 1716 αὐτὸν
388 1679 435 1716 ebs
465 1682 601 1727 εἴρηται
631 1681 680 1725 μὴ
708 1681 820 1725 μόνης
840 1678 1117 1725 Ἀλεξανδρείας,
1150 1677 1240 1713 ἀλλὰ
1271 1683 1330 1713 καὶ
1354 1681 1431 1713 τῶν
1456 1676 1518 1713 δύο
1542 1680 1746 1725 Αἰγύπτιον
1769 1680 1870 1722 (μετὰ
1894 1678 1961 1722 τὴν
1985 1680 2173 1723 εἰρημένην
2198 1678 2374 1724 ἐξαίρεσιν
2397 1680 2463 1714 τοῦ

244 1739 284 1759 τε
309 1725 508 1771 Μαρεώτου
541 1730 600 1759 καὶ
629 1727 694 1760 τοῦ
718 1724 955 1767 Μενελαΐτου)
987 1725 1143 1769 ἄρχοντα
1174 1725 1410 1766 καθεστάναι,
1445 1723 1539 1758 ὥστε
1569 1724 1638 1758 τὸν
1666 1723 1823 1770 ἄρχοντα
1854 1723 1921 1758 τὸν
1951 1723 2143 1768 ἐπιχώριον
2165 1725 2243 1758 τῶν
2268 1725 2464 1770 εἰρημένων

247 1768 311 1804 δύο
339 1772 524 1815 ἐπαρχιῶν
556 1770 611 1804 ἐπ’
644 1768 743 1813 αὐτῷ
773 1769 951 1812 τετάχθαι
975 1772 1035 1802 καὶ
1056 1767 1171 1812 μόνῳ,
1204 1769 1374 1813 καθάπερ
1399 1772 1458 1801 καὶ
1480 1771 1583 1812 μέχρι
1606 1770 1674 1803 νῦν
1697 1769 1874 1811 σχήματος
1897 1771 1977 1810 ἔχει.
2025 1767 2163 1802 ταύτὸν
2186 1767 2227 1801 δὲ
2248 1770 2372 1811 εἰπεῖν,
2396 1769 2464 1803 τὸν

246 1814 490 1861 περίβλεπτον
520 1812 779 1860 αὗγουστάλιον
809 1812 870 1847 διὰ
901 1813 944 1847 τὸ
978 1814 1040 1856 τῆς
1071 1814 1254 1858 εἰρημένης
1281 1816 1450 1858 μεγίστης
1480 1812 1619 1847 πόλεως
1645 1811 1943 1856 πολυάνθρωπον
1975 1814 2067 1854 ἐχειν
2097 1811 2144 1846 τὰ
2176 1811 2298 1847 δίκαια
2319 1817 2379 1847 καὶ
2402 1814 2464 1856 τῆς

380 1905 531 1939 Edictum
555 1905 658 1938 XIII
678 1906 850 1947 (numerum
871 1917 930 1937 om.
952 1904 999 1937 M
1016 1905 1048 1937 in
1075 1911 1170 1946 textu,
1196 1905 1292 1937 habet
1314 1904 1381 1936 ind.
1407 1904 1468 1945 M)
1495 1904 1619 1937 Graece
1644 1910 1763 1936 tantum
1788 1909 1874 1934 extat
1898 1903 1930 1935 in
1958 1903 2004 1935 M.

1300 2066 1413 2102 XIII.

245 2148 347 2200 DE
398 2145 590 2199 URBE
637 2145 1301 2198 ALEXANDRJNORUM
1354 2146 1453 2198 ET
1500 2145 1979 2198 AEGFPTIAOIS
2029 2146 2460 2200 PROVINCIIS.

596 2223 696 2260 Idem
721 2225 919 2271 imperator
942 2223 1079 2260 Ioanni
1098 2224 1358 2271 qloriosissimo
1379 2225 1571 2273 praefecto
1595 2235 1701 2261 sacro
1729 2224 1887 2262 Orientis
1908 2226 2105 2272 praetoria

379 2291 598 2337 Praefati
607 2303 638 2327 0.
686 2291 729 2328 Si
760 2292 816 2328 vel
845 2292 1009 2328 minimas
1040 2303 1099 2329 res
1131 2296 1258 2328 nostra
1286 2303 1377 2328 cura
1408 2292 1539 2339 diqnas
1569 2292 1788 2335 iudicamus,
1820 2293 1931 2329 multo
1963 2294 2080 2339 maqis
2112 2295 2292 2330 maaeimas
2314 2297 2349 2330 et
2371 2306 2465 2341 quae

246 2340 405 2373 nostram
428 2337 684 2383 rempublicam
708 2338 891 2373 continent
914 2348 988 2372 non
1011 2337 1298 2383 derelinquemus
1321 2348 1435 2383 neque
1458 2337 1639 2384 neqlectas
1663 2342 1727 2373 aut
1750 2338 1978 2374 conveniente
2005 2339 2130 2374 ordine
2154 2339 2281 2375 viduas
2297 2339 2464 2384 sinemus,

245 2382 455 2428 praesertim
480 2393 559 2416 cum
584 2386 646 2417 tua
668 2382 870 2418 sublimitas
889 2381 990 2417 nobis
1013 2382 1196 2424 inserviat,
1220 2382 1279 2417 cui
1302 2383 1407 2418 cordi
1428 2386 1481 2417 est
1504 2386 1538 2418 et
1555 2386 1680 2417 nostra
1693 2394 1763 2429 per
1779 2385 1899 2418 omnia
1914 2383 2015 2419 salus
2030 2388 2064 2418 et
2079 2384 2333 2419 incrementum
2347 2385 2466 2430 publi-

246 2438 368 2462 corum
391 2427 570 2463 redituum
596 2431 631 2462 et
652 2427 875 2462 subditorum
900 2431 1109 2462 nostrorum
1132 2438 1231 2462 cura.
1281 2427 1555 2463 Considerantes
1580 2428 1694 2473 iqitur
1707 2428 1957 2474 superioribus
1975 2432 2040 2463 tem
2071 2428 2203 2470 oribus,
2229 2428 2312 2464 licet
2326 2434 2465 2466 ceterae

243 2471 471 2518 publicorum
495 2472 706 2507 exactiones
730 2471 996 2518 quodammodo
1013 2471 1206 2507 ordinatae
1229 2483 1306 2507 esse
1329 2472 1548 2514 viderentur,
1574 2477 1690 2507 tamen
1715 2473 1752 2507 in
1777 2473 2003 2519 Aeqyptiaca
2026 2439 2179 2509 dioecese·
2193 2485 2267 2509 rem
2283 2474 2334 2509 ita
2347 2475 2466 2520 fuisse

246 2517 450 2562 confusam,
485 2521 526 2551 nt
555 2527 600 2551 ne
629 2521 755 2552 notum
787 2517 929 2562 quidem
953 2520 1046 2552 esset
1069 2516 1128 2552 hic
1152 2516 1240 2562 quid
1262 2518 1299 2552 in
1321 2516 1511 2562 provincia
1535 2521 1717 2563 aqeretur,
1752 2518 1876 2552 mirati
1897 2529 2019 2553 sumus
2042 2518 2119 2553 eius
2141 2518 2196 2554 rei
2219 2517 2464 2554 inordinatum

246 2562 419 2596 hactenus
439 2565 593 2603 statum,·
615 2561 680 2597 sed
703 2561 791 2596 deus
813 2561 922 2597 etiam
946 2561 1014 2597 hoc
1042 2565 1110 2597 tem
1139 2561 1261 2597 oribus
1284 2563 1420 2597 nostris
1445 2566 1576 2608 tuoque
1599 2562 1798 2598 ministerio
1821 2563 2000 2597 reservari
2024 2564 2208 2598 concessit.
2248 2563 2341 2598 Nam
2365 2564 2465 2610 quod

243 2607 465 2652 frumentum
488 2606 571 2641 inde
593 2606 696 2641 nobis
718 2606 936 2651 proicerent,
960 2605 1053 2641 nihil
1075 2606 1178 2641 aiud
1199 2606 1426 2643 contribuere
1449 2606 1616 2642 volebant
1624 2618 1638 2647 ;
1659 2606 1725 2642 sed
1748 2605 1939 2642 collatores
1963 2608 2082 2642 onznia
2106 2607 2247 2643 omnino
2270 2619 2293 2643 a
2307 2619 2346 2643 se
2361 2609 2464 2655 exiqi

244 2650 353 2685 simul
381 2661 503 2686 omnes
537 2651 795 2697 affirmabant,
832 2650 1045 2697 paqarchae
1072 2662 1156 2687 vero
1186 2654 1220 2686 et
1251 2651 1405 2687 curiales
1437 2656 1472 2687 et
1495 2650 1726 2698 publicorum
1758 2656 1951 2687 exactores
1976 2656 2011 2687 et
2037 2652 2206 2698 inprimis
2233 2653 2296 2698 qui
2321 2664 2465 2699 quoque

246 2699 405 2740 tempore
432 2696 617 2741 praefecti
648 2702 752 2731 erant
781 2707 855 2731 rem
888 2695 1062 2731 hactenus
1091 2696 1144 2730 ita
1176 2699 1391 2737 tractarunt,
1423 2700 1463 2738 ut
1486 2696 1622 2730 nemini
1639 2700 1765 2742 posset
1786 2707 1863 2732 esse
1879 2697 2090 2742 perspicua,
2123 2697 2213 2742 ipsis
2236 2703 2354 2733 autem
2377 2698 2465 2733 solis

246 2739 399 2774 lucrosa.
454 2739 630 2781 Quoniam
653 2740 778 2785 mitur,
800 2741 833 2776 si
855 2751 930 2776 rem
952 2741 1030 2776 sine
1054 2741 1181 2776 ordine
1204 2740 1491 2776 administratam
1515 2740 1809 2787 relinqueremus,
1841 2752 2026 2787 nunquam
2049 2752 2127 2776 eam
2147 2752 2335 2787 possemus
2358 2743 2464 2778 casti-

245 2795 335 2830 qare
358 2789 392 2819 et
414 2785 505 2820 iuste
528 2795 752 2831 componere,
775 2785 856 2821 ideo
881 2785 1131 2820 constituimus
1154 2785 1501 2821 administrationem
1524 2796 1619 2831 quae
1634 2786 1793 2831 Aegypti
1810 2786 1916 2822 rebus
1933 2790 2082 2831 praeest
2104 2786 2352 2831 (Auqztstalem
2376 2787 2463 2822 dici-

246 2833 337 2868 mus)
371 2829 569 2864 minoribus
591 2831 690 2865 euris
707 2830 920 2876 praeficere.
969 2830 1094 2876 Neque
1116 2830 1208 2866 enim
1229 2830 1345 2876 facile
1368 2832 1475 2865 unius
1498 2830 1653 2866 hominis
1677 2840 1776 2865 mens
1797 2834 1851 2865 tot
1874 2830 1971 2866 curis
1992 2830 2164 2875 sufficere
2179 2833 2308 2876 potest
2329 2834 2366 2866 et
2387 2841 2463 2866 rem

247 2874 298 2908 ita
322 2873 524 2918 disponere,
549 2878 589 2909 ut
612 2875 741 2910 bonam
765 2878 842 2910 eius
861 2874 1026 2911 notitiam
1049 2875 1152 2910 nobis
1168 2878 1341 2921 praestet.

379 2918 408 2954 I.
457 2918 659 2964 Propterea
683 2919 798 2964 iqitur
816 2920 999 2955 sancimus
1021 2919 1272 2955 sublimitatem
1297 2923 1393 2955 tuam
1412 2919 1545 2955 hancce
1569 2921 1730 2954 nostram
1754 2919 1799 2955 de
1822 2930 1866 2955 ea
1889 2930 1929 2954 re
1952 2918 2065 2965 leqem
2088 2919 2320 2964 accipientem
2343 2918 2396 2954 sic
2419 2930 2463 2954 ea

247 2962 319 3006 uti,
351 2967 391 2997 ut
422 2962 569 3008 diynum
601 2968 655 2998 est
685 2968 720 2999 et
753 2975 820 2999 nos
850 2965 992 3000 sancire
1023 2968 1059 3000 et
1089 2969 1186 3000 tuam
1217 2964 1468 3000 sublimitatem
1499 2963 1656 3011 obsequi.
1704 2963 1811 2999 Nunc
1842 2964 1954 3010 iqitur
1977 2963 2206 3010 spectabilem
2229 2963 2463 3009 Auqustalem

247 3007 360 3052 ipsam
380 3007 641 3043 Alexandriam
660 3019 786 3054 reqere
809 3013 844 3045 et
860 3009 1016 3044 omnium
1033 3019 1127 3055 quae
1141 3009 1190 3044 ad
1203 3020 1281 3045 eam
1293 3009 1480 3055 pertinent
1496 3019 1619 3043 curam
1636 3007 1767 3044 habere
1782 3008 1944 3045 volumus
1961 3014 1996 3044 et
2010 3008 2159 3054 insuper
2174 3008 2266 3043 duas
2277 3010 2466 3055 Aeqyptos

248 3051 356 3092 solas,
381 3057 550 3098 exempta
575 3053 662 3088 urbe
686 3065 779 3099 quae
803 3053 1015 3090 Menelaites
1038 3053 1173 3089 dicitur
1195 3059 1231 3090 et
1253 3054 1394 3099 primae
1417 3053 1574 3099 Aeqypti
1596 3056 1659 3095 est,
1683 3057 1718 3090 et
1741 3053 1890 3100 insuper
1913 3053 2105 3089 Mareota:
2125 3053 2170 3088 de
2192 3052 2249 3088 his
2272 3053 2363 3088 enim
2379 3064 2464 3087 con-

248 3097 270 3131 1
315 3100 486 3131 sentanea
516 3098 748 3133 constituturi
772 3109 905 3134 sumus.
959 3098 1131 3134 Volumus
1161 3102 1279 3134 autem
1310 3109 1406 3140 eum,
1439 3103 1479 3133 ut
1507 3098 1639 3133 dictum
1663 3101 1727 3140 est,
1751 3108 1823 3133 non
1847 3099 1961 3133 solius
1981 3096 2239 3139 Alexandriae,
2271 3097 2337 3133 sed
2357 3098 2465 3132 etiam

248 3141 435 3185 utriusque
458 3142 615 3187 Aeqypti
644 3144 748 3188 (post
780 3143 911 3179 dictam
941 3144 1205 3189 exemptionem
1227 3142 1416 3179 Mareotae
1448 3146 1482 3178 et
1506 3142 1735 3185 Menelaitae)
1755 3143 1988 3189 praefectum
2012 3153 2099 3184 esse,
2122 3147 2162 3177 ut
2185 3141 2464 3222 iudeprrovin-

249 3185 351 3219 cialis
374 3185 551 3220 dictarum
575 3186 728 3221 duarum
749 3189 1021 3233 provinciarum
1044 3189 1083 3222 in
1106 3199 1149 3223 eo
1173 3188 1252 3223 solo
1274 3187 1394 3233 qradu
1419 3188 1604 3229 consistat,
1630 3198 1733 3233 quem
1757 3188 1864 3223 etiam
1889 3187 2071 3232 hucusque
2096 3187 2240 3222 obtinet.
2322 3186 2356 3222 el
2369 3186 2467 3232 quod

249 3227 341 3263 idem
364 3232 427 3273 est,
451 3230 677 3275 spectabilem
703 3233 935 3278 Auqnstalem
957 3237 1112 3278 propter
1135 3232 1318 3267 hominum
1342 3233 1379 3267 in
1402 3236 1601 3267 memorata
1623 3231 1784 3267 maxima
1809 3232 1896 3266 urbe
1920 3231 2181 3267 multitudinem
2207 3231 2335 3266 habere
2358 3231 2465 3266 etiam

282 3395 312 3443 κ1
340 3394 394 3426 Ita
415 3395 494 3427 haec
517 3397 550 3428 in
575 3396 616 3429 M
622 3409 633 3428 .·
657 3393 744 3442 ἆρχὴ
769 3408 835 3431 συν
861 3397 938 3431 θεῶ
960 3398 1025 3432 τοῦ
1049 3398 1138 3444 πρὸς
1162 3395 1321 3441 ἰωάννην
1388 3410 1444 3440 χοι
1467 3398 1518 3440 M,
1541 3412 1622 3433 corr.
1647 3399 1861 3442 Zachariaefl
1883 3401 1922 3434 15
1947 3397 1983 3432 οἱ
2006 3401 2081 3433 add.
2106 3400 2293 3433 Zachariae
2311 3398 2323 3441 ΙΙ
2341 3400 2381 3433 16
2403 3410 2463 3431 av·-

252 3448 319 3470 τον
349 3435 587 3477 ἐνδοξότατον
618 3436 780 3484 ὕπαρχον
811 3443 961 3483 (correxi)
990 3443 1066 3477 τῶν
1097 3442 1322 3478 ανατολικῶν
1389 3445 1462 3477 τοῖς
1485 3444 1529 3477 Μ
1554 3443 1567 3487 ΙΙ
1595 3441 1745 3487 ἐνομάδι
1770 3444 1820 3485 M,
1847 3441 2025 3486 ἐνομάδας
2047 3457 2116 3478 cum
2139 3445 2322 3486 Scrimqero
2345 3440 2463 3486 vulq.1}

254 3479 360 3522 ἱερῶν
383 3487 641 3525 πραιτωρίωνι
676 3504 716 3509 -
740 3484 850 3529 νόμος
873 3490 955 3531 περὶ
977 3488 1054 3520 τῶν
1072 3489 1167 3529 (corr.
1192 3490 1323 3522 Zacha-
1391 3490 1432 3522 20
1464 3484 1519 3522 ἐπ’
1551 3485 1660 3531 αὐτῷ,
1687 3496 1801 3531 postea
1826 3489 1865 3520 ἐν
1889 3485 1987 3530 αὐτῷ
2011 3489 2197 3522 Zachariae
2229 3488 2242 3530 ΙΙ
2274 3488 2312 3519 21
2347 3497 2462 3528 παρα-

253 3527 336 3563 riae)
370 3523 619 3572 άλεξανδρέων
649 3531 709 3562 καὶ
740 3531 817 3564 τῶν
847 3531 1095 3576 αἰγυπτιακῶν
1125 3533 1322 3577 ἐπαρχιῶν.
1391 3531 1636 3576 λαμβάνουσιν
1658 3534 1704 3567 Μ
1714 3533 1727 3572 ΙΙ
1746 3535 1788 3567 22
1810 3528 1899 3566 αὐτὸ
1926 3531 2110 3567 Zachariae
2127 3533 2139 3575 ΙΙ
2157 3534 2199 3566 24
2228 3528 2371 3573 πρώτης
2395 3531 2463 3563 Ζα-

254 3586 297 3592 -—
315 3571 463 3603 Forsitan
487 3581 591 3605 errore
614 3573 772 3608 Iohannis
795 3588 904 3608 nomen
930 3579 1145 3610 constitutioni
1158 3580 1327 3620 praemitti
1393 3579 1537 3618 chariae]
1561 3577 1632 3622 πρὸ
1656 3578 1718 3620 τῆς
1735 3579 1778 3610 Μ
1793 3579 1804 3619 ΙΙ
1830 3579 1872 3611 28
1897 3591 1938 3610 an
1962 3574 2022 3611 ὑπ’
2045 3574 2169 3619 ain-153?
2193 3578 2234 3619 ‘f
2252 3588 2278 3607 c.
2292 3574 2371 3606 XV
2385 3576 2426 3606 in.
2451 3573 2463 3619 ΙΙ

256 3615 367 3645 statuit
390 3614 590 3654 Zachariae;
616 3619 658 3658 cf.
679 3624 724 3651 ad
745 3621 867 3653 subscr.
884 3619 895 3661 ΙΙ
920 3622 940 3653 6
965 3619 1240 3665 προσΙσήκοντος
1260 3623 1306 3655 Μ
1314 3621 1326 3666 ΙΙ
1393 3620 1603 3665 βουλόμεθα
1635 3619 1674 3655 δὲ
1704 3624 1763 3654 καὶ
1793 3622 1862 3654 τὸν
1886 3621 2028 3654 τούτων
2050 3618 2303 3667 άρχονταηαηῑε
2325 3616 2462 3652 ταύτὸν

261 3657 299 3688 10
323 3661 558 3700 συνκεχυμένα
573 3661 616 3692 M
629 3660 641 3703 ΙΙ
659 3663 696 3694 11
722 3664 781 3694 καὶ
805 3664 866 3696 det.
885 3664 1072 3697 Zachariae
1088 3665 1100 3707 ΙΙ
1121 3667 1162 3698 14
1187 3664 1325 3709 παγάρ-
1395 3668 1507 3700 inserit
1531 3665 1715 3700 Zachariae

2487 839 2526 871 10

2487 1062 2526 1095 15

2485 1286 2527 1318 20

2487 1634 2528 1665 25
