2618 4010
163 119 222 151 ur
252 119 341 151 Nou
370 119 505 151 F1ANT
535 119 890 151 Pleuolm'mousss
2025 110 2130 152 Nov.
2164 107 2239 150 LII
2270 121 2328 162 pr.
2366 112 2381 148 1

1234 105 1314 151 29?

330 345 445 378 ΠΕΡΙ
471 344 580 379 ΤΟΥ
603 345 755 379 ΜΗΤΕ
777 345 1052 379 ΠΡΟΣΩΠΟΥ
1456 356 1464 369 r
1489 340 1553 375 UT
1578 339 1679 375 NON
1704 339 1852 375 FIANT
1878 341 2270 377 PIGNORATIONES

157 391 308 425 MHTE
332 390 652 423 ΠΡΑΓΜΑΤΟΣ
683 391 834 424 ΜΗΤΕ
859 391 1084 424 ΧΡΥΣΙΟΥ
1108 390 1234 425 ΓΙΝΕ-
1304 386 1398 420 PRO
1466 385 1556 420 LIIS
1586 384 1831 419 PERSONIS.
1888 386 1952 420 ET
1979 387 2053 427 UT,
2086 386 2223 422 SICUT
2252 387 2383 422 PRIN-

156 436 274 470 ΣΘΑΙ
309 435 725 475 ΕΝΕΧΥΡΙΑΣΜΟΝ,
771 436 902 470 ΑΛΛΑ
942 436 1233 469 ΤΕΤΡΑΠΛΑ-
1306 430 1453 466 CIPUM
1495 429 1806 465 DONATIONES
1856 429 1958 466 NON
2000 431 2166 466 EGENT
2215 432 2384 466 GESTIS

156 481 274 515 ΣΙΟΝ
309 480 645 514 ΑΠΟΔΙΔΟΣΘΑΙ
684 482 773 515 ΤΩῙ
813 481 1236 516 ΕΝΕΧΥΡΑΣΘΕΝΤΙ
1271 474 1736 517 5MONUMENTORUM,
1780 474 1852 509 SIC
1888 474 2054 519 NEQUE
2091 477 2124 510 A
2158 476 2382 511 PRIVATIS

157 524 266 567 [ΚΑΙ
295 525 411 559 ΠΕΡΙ
446 525 556 559 ΤΟΥ
587 526 788 560 ΕΤΕΡΟΝ
820 521 936 560 ANe’
963 526 1169 559 ETEPOY
1199 527 1236 559 H
1304 520 1355 557 IN
1394 518 1789 556 IMPERATORIBUS
1833 518 2026 555 FACTAE
2071 520 2382 561 DONATIONES

156 568 466 606 ΠΛΗΞΑΝΤΟΣ
482 570 519 603 H
536 570 699 604 ΑΛΛΩΣ
716 571 1126 604 ΕΠΗΡΕΑΣΑΝΤΟΣ
1139 571 1236 604 ΜΗ·
1675 563 1947 600 INDIGEANT
1970 566 2011 611 131

158 616 225 648 ΤΕ
247 615 577 648 ΠΛΗΤΤΕΣΘΑΙ
597 616 749 649 ΜΗΤΕ
771 616 933 650 ΑΛΛΩΣ
954 616 1235 649 ΕΙΙΗΡΕΑΖΕ-

156 660 300 700 ΣθΑΙ].
344 661 437 693 ΚΑΙ
462 661 577 693 ΠΕΡΙ
602 661 710 694 ΤΟΥ
736 661 842 694 ΤΗΝ
865 661 1002 694 ΠΑΡΑ
1026 661 1235 694 ΙΔΙῼΤΟΥ

155 704 450 739 ΓΙΝΟΜΕΝΗΝ
474 706 553 738 ΕΙΣ
572 706 676 739 ΤΟΝ
697 706 913 739 ΒΑΣΙΛΕΑ
935 705 1129 739 ΔῼΡΕΑΝ
1153 706 1234 739 MH
1254 706 1291 737 10

245 750 440 783 ΔΕΙΣΘΑΙ
464 750 696 787 ΠΡΑΞΕΩΣ
722 750 1143 784 ΥΠΟΜΝΗΜΑΤΩΝ.

155 802 191 838 Ὁ
224 802 330 838 αὐτὸς
361 803 528 848 βασιλεὺς
557 803 705 851 Ἰωάννῃ
738 806 791 848 τῷ
826 802 1050 847 ἐνδοξοτάτῳ
1091 803 1235 848 ἐπάρχῳ

219 853 457 897 πραιτωρίων
480 848 523 883 τὸ
539 847 592 892 β’,
617 848 688 883 ἀπὸ
720 848 872 885 ὑπάτων
896 852 954 882 καὶ
980 852 1172 893 πατρικίῳ.

1955 275 2064 309 Auth.
2082 274 2140 312 LI.
2155 274 2241 310 Coll.
2253 274 2285 308 V
2298 274 2350 308 tit.
2366 278 2384 309 5

1395 802 1484 846 Imp.
1503 801 1723 836 Iustinianus
1745 801 1837 845 Aug.
1860 802 2012 838 Iohanni
2036 813 2095 847 pp.
2123 803 2291 837 secundo.

215 916 512 963 <Προοίμιον.>
565 917 648 951 Τοὺς
679 915 932 962 ἀνελευθέρους
963 915 1237 961 ἐνεχυριασμούς
1349 912 1633 959 (Praefatio.)
1666 912 1878 949 Inhonestas
1897 914 2162 958 pignorationes
2185 917 2221 949 et
2237 913 2385 950 odibiles

155 965 214 996 καὶ
244 961 304 996 τὰς
335 964 576 1006 μεμισημένας
615 963 674 997 ἐπὶ
709 959 848 995 τούτοις
879 961 1073 1006 εἰςπράξεις
1109 959 1290 996 πολλοὶῑξ)
1306 968 1414 1003 super
1437 958 1493 992 his
1519 958 1720 992 exactiones
1751 958 1924 1002 plurimae
1949 959 2090 1004 quidem
2120 963 2155 995 et
2179 959 2270 994 aliae
2291 959 2385 1002 leges

154 1009 222 1051 μὲν
236 1010 295 1040 καὶ
312 1009 425 1054 ἕτεροι
453 1006 557 1050 νόμοι
579 1007 734 1051 μισοῦσι,
761 1005 1005 1052 διαφερόντως
1029 1004 1068 1039 δὲ
1087 1005 1123 1039 οἱ
1142 1003 1232 1052 παρ’
1306 1003 1386 1039 odio
1412 1003 1562 1045 habent,
1594 1004 1786 1047 praecipue
1810 1008 1929 1038 autem
1955 1015 1977 1039 a
2001 1004 2103 1039 nobis
2127 1004 2283 1049 positae3
2324 1004 2387 1039 sed

156 1051 258 1096 ἡμῶν
288 1053 510 1095 τεθειμένον
552 1048 631 1085 ἀλλ’
659 1049 722 1085 οὐκ
754 1052 859 1095 ἴσμεν
890 1049 990 1085 ὅπως
1021 1051 1063 1085 τὸ
1088 1051 1236 1096 πρᾶγμα
1305 1047 1482 1083 nescimus
1508 1047 1803 1091 quemadmodum
1831 1059 1939 1084 causa
1972 1050 2056 1084 licet
2079 1049 2189 1085 tantis
2214 1049 2387 1092 castigata

1302 1092 1583 1136 legislationibus
1626 1093 1743 1127 adhuc
1781 1094 2022 1136 praesumitur
2062 1097 2098 1129 et
2133 1094 2171 1129 in
2205 1094 2387 1138 republica

1305 1142 1359 1174 est
1394 1137 1630 1216 ettmaiorem
1667 1138 1721 1172 sui
1755 1139 1903 1182 praebet
1932 1139 2096 1175 virtutem
2134 1149 2238 1184 quam
2270 1140 2386 1183 legum

1250 1188 1290 1220 20
1305 1192 1442 1219 neceszu
1459 1191 1510 1216 as.

156 1101 273 1131 καίτοι
304 1095 495 1131 τοσαύταις
525 1095 787 1140 κεκολασμένον
812 1096 1046 1140 νομοθεσίαις
1076 1098 1130 1129 ἔτι
1153 1094 1232 1129 τολ-

155 1143 266 1184 μᾶται
296 1145 355 1175 καὶ
387 1138 613 1176 πολιτεύεται
644 1144 703 1174 καὶ
723 1143 872 1185 μείζονα
902 1140 970 1183 τὴν
994 1142 1120 1175 ἑαυτοῦ
1145 1153 1233 1186 παρ-

156 1190 272 1230 έχεται
296 1185 451 1231 δύναμιν
474 1187 534 1229 τῆς
558 1187 595 1219 ἐκ
619 1187 696 1220 τῶν
719 1185 845 1230 νόμων
869 1183 1031 1233 ἀνάγκης.

1159 1273 1316 1311 CAPUT
1343 1273 1372 1308 Ι.

209 1332 276 1366 Διὰ
310 1333 416 1366 τοῦτο
451 1332 688 1375 θεσπίζομεν,
724 1331 862 1376 μηδένα
899 1330 1087 1366 παντελῶς
1123 1333 1237 1374 ἐνεχυ-
1352 1329 1549 1374 Propterea
1572 1329 1750 1366 sancimus
1775 1330 1908 1365 nullam
1940 1331 2080 1366 omnino
2106 1331 2387 1375 pignorationem

155 1376 306 1422 ριασμὸν
338 1375 430 1411 κατὰ
453 1375 520 1420 τὴν
544 1373 719 1424 ἡμετέραν
750 1376 937 1412 πολιτείαν
960 1380 1116 1424 κρατεῖν,
1148 1376 1237 1422 μήτε
1306 1375 1343 1410 in
1376 1377 1501 1410 nostra
1535 1374 1720 1419 republica
1754 1376 1977 1419 praevalere,
2013 1386 2127 1419 neque
2159 1376 2195 1410 in
2223 1376 2388 1411 mercatis

154 1425 194 1456 ἐν
218 1421 439 1468 πανηγύρεσι
472 1423 592 1465 (τοῦτο
616 1419 706 1468 ὅπερ
729 1421 887 1466 μάλιστα
911 1424 1022 1456 ἐκεῖσε
1054 1422 1236 1467 τολμώμε-
1307 1421 1389 1461 (hoc
1413 1421 1510 1464 quod
1534 1420 1684 1454 maxime
1716 1419 1766 1455 ibi
1789 1422 2058 1465 praesumptum
2082 1420 2293 1463 invenimus)
2326 1425 2404 1455 ne-'

153 1480 220 1501 νον
243 1464 462 1513 εὑρίσκομεν)
485 1465 575 1511 μήτε
600 1469 640 1501 ἐν
665 1466 784 1513 ἀγροῖς
814 1465 904 1511 μήτε
929 1469 968 1501 ἐν
992 1466 1119 1502 πόλεσι
1149 1467 1237 1510 μήτε
1308 1476 1376 1510 que
1400 1465 1437 1500 in
1461 1465 1556 1509 agris
1581 1475 1697 1509 neque
1720 1465 1757 1499 in
1783 1465 1984 1500 civitatibus
2009 1475 2124 1509 neque
2147 1466 2184 1500 in
2204 1466 2300 1507 vicis,
2326 1476 2387 1500 ne-

154 1514 195 1546 ἐν
229 1511 382 1556 κώμαις,
418 1511 506 1556 μήτε
542 1514 602 1546 ἐπὶ
641 1512 803 1547 πολίταις
836 1512 925 1556 μήτε
960 1514 1020 1548 ἐπὶ
1056 1511 1238 1557 κωμήταις
1252 1514 1292 1546 25
1307 1520 1375 1555 que
1406 1510 1443 1544 in
1469 1510 1602 1546 civibus
1635 1520 1750 1555 neque
1781 1510 1818 1545 in
1843 1510 1996 1545 vicaneis
2029 1520 2143 1554 neque
2165 1511 2203 1545 in
2226 1511 2390 1554 agricolis

154 1557 242 1602 μήτε
263 1559 322 1592 ἐπὶ
342 1560 509 1604 γεωργοῖς
531 1555 619 1601 μήτε
640 1558 750 1604 ἑτέρῳ
772 1560 850 1592 τῶν
871 1557 1023 1593 πάντων
1047 1561 1120 1592 τινὶ
1141 1555 1234 1591 καθ’
1307 1565 1421 1600 neque
1453 1555 1522 1591 alio
1557 1555 1711 1590 omnium
1742 1566 1964 1600 quocumque
1995 1555 2101 1590 modo
2133 1556 2187 1590 vel
2218 1557 2389 1600 tempore,

155 1601 369 1646 οἱανδήποτε
403 1599 541 1648 τρόπον
571 1601 593 1644 ἢ
624 1601 765 1648 χρόνον,
801 1601 891 1636 ἀλλὰ
925 1602 990 1636 τὸν
1023 1603 1238 1649 θαρροῦντα
1307 1601 1369 1636 sed
1393 1603 1679 1645 praesumentem
1710 1600 1819 1635 alium
1852 1611 1919 1645 pro
1944 1600 2014 1635 alio
2046 1601 2242 1636 secundum
2265 1601 2388 1645 pigno-

155 1651 277 1694 ἕτερον
298 1644 392 1681 ἀνθ’
413 1648 534 1691 ἑτέρου
558 1647 649 1681 κατὰ
678 1647 720 1681 τὸ
755 1649 818 1681 τοῦ
849 1650 1088 1692 ἐνεχυρασμοῑ)
1121 1649 1237 1692 σχῆμα
1306 1646 1455 1681 rationis
1491 1646 1642 1680 formam
1678 1656 1805 1680 aurum
1840 1648 1905 1680 aut
1942 1645 2075 1690 aliquid
2111 1646 2209 1680 aliud
2240 1646 2390 1689 engere,

155 1696 300 1738 χρυσίον
335 1691 356 1735 ἦ
390 1706 426 1726 τι
462 1695 585 1738 ἕτερον
620 1690 843 1739 εῐςπρὰττειν
878 1694 985 1727 τοῦτο
1021 1691 1237 1727 ἀποδιδόναι
1306 1691 1375 1727 hoc
1399 1691 1547 1726 reddere
1572 1691 1609 1725 in
1633 1691 1871 1736 quadruplum
1896 1690 2099 1726 violentiam
2123 1701 2243 1735 passo,
2270 1695 2306 1726 et
2331 1700 2389 1725 ca-

154 1736 420 1783 τετραπλᾴσιον
450 1740 503 1781 τῷ
528 1741 773 1782 βεβιασμένα),
802 1740 991 1779 ἐκπίπτειν
1023 1737 1063 1772 δὲ
1093 1742 1153 1772 καὶ
1178 1740 1238 1781 τῆς
1251 1741 1293 1772 30
1307 1736 1391 1771 dere
1423 1737 1529 1771 etiam
1561 1736 1701 1771 actione
1735 1746 1840 1781 quam
1867 1736 1994 1771 habuit
2019 1735 2189 1771 adversus
2222 1746 2301 1771 eum
2324 1747 2389 1780 pro

154 1783 292 1830 ἀγωγῆς
315 1782 353 1826 ῆς
377 1785 446 1825 ἔχει
469 1779 551 1816 κατ)
584 1784 718 1817 ἐκείνου
763 1782 853 1830 ὑπὲρ
885 1781 924 1817 οὗ
958 1782 1024 1826 τὴν
1055 1784 1238 1829 εἴςπραξιν
1307 1792 1376 1827 quo
1414 1781 1634 1816 exactionem
1669 1781 1765 1816 fecit.
1825 1781 1907 1816 Non
1946 1781 2039 1816 enim
2074 1781 2184 1816 habet
2218 1781 2390 1817 rationem

155 1830 268 1863 ἐποίει
303 1826 356 1870 (οὐ
389 1827 455 1875 γὰρ
485 1826 532 1862 ἂν
563 1831 637 1870 ἔχοι
662 1827 769 1875 λόγον
799 1832 922 1874 ἕτερον
953 1831 1021 1872 μὲν
1045 1829 1138 1862 εἶναι
1170 1828 1238 1863 τὸν
1307 1827 1413 1862 alium
1439 1826 1579 1871 quidem
1611 1836 1689 1861 esse
1713 1827 1906 1861 debitorem
1940 1826 2046 1860 alium
2078 1836 2159 1861 vero
2185 1826 2293 1870 exigi,
2327 1826 2390 1861 sed

155 1871 366 1918 ὀφείλοντα,
400 1875 522 1918 ἕτερον
555 1871 594 1907 δὲ
626 1872 692 1907 τὸν
723 1873 1011 1917 ἀπαιτούμενον·
1049 1869 1130 1907 ἀλλ’
1157 1872 1239 1907 οὐδὲ
1308 1882 1374 1907 nec
1405 1871 1510 1906 alteri
1540 1871 1728 1906 molestum
1762 1881 1839 1906 esse
1871 1881 1937 1915 pro
1971 1871 2084 1906 altero
2118 1871 2270 1915 quodam
2300 1873 2390 1905 tam-

156 1921 278 1964 ἕτερον
300 1917 528 1960 ἐνοχλεῖσθαι
549 1916 638 1965 ὑπὲρ
656 1919 777 1964 ἑτέρου
796 1919 893 1953 τινὸς
911 1916 958 1953 ὡς
976 1917 1109 1964 ἔφοδον
1128 1917 1237 1962 ἁμαρ·
1311 1927 1415 1962 quam
1439 1915 1657 1954 invasionem
1681 1921 1745 1952 aut
1765 1916 1930 1952 iniuriam
1953 1916 2203 1959 committente,
2229 1918 2264 1951 et
2283 1916 2390 1951 alium

155 1963 281 1998 τόντος
315 1961 336 2006 ἢ
372 1961 489 2010 ὕβριν,
525 1966 584 1997 καὶ
617 1963 675 1998 οἷα
706 1964 943 2011 συγκωμήτην
975 1966 1112 2001 ἐκείνου
1143 1965 1236 1998 καθ’·
1252 1966 1293 1999 35

155 2078 178 2110 Ι
200 2034 283 2110 lIYov.
297 2034 370 2065 LII
394 2034 558 2111 (Assstllff‘ffi
572 2034 628 2066 LI
648 2049 691 2060 =
721 2034 799 2067 Cotl.
823 2034 910 2067 Vtit.
925 2035 963 2067 5:
988 2034 1100 2077 qloss.)
1130 2034 1254 2067 Graece
1278 2040 1365 2066 extat
1389 2034 1421 2065 in
1443 2032 1563 2065 MLB.
1589 2050 1632 2055 —
1662 2032 1753 2075 Epic.
1772 2032 1891 2064 Tkeod.
1906 2033 1947 2065 52
1973 2032 2060 2074 (inde
2076 2027 2160 2073 ΒΣ),
2187 2032 2389 2071 Athan.6,1.

179 2092 195 2110 u
212 2091 276 2111 um.
302 2086 398 2112 const.
423 2100 439 2111 A
557 2103 562 2109 .

202 2136 272 2166 cap.
286 2123 365 2157 Iest
377 2125 409 2157 in
425 2123 459 2156 B
476 2125 529 2164 23,
540 2131 568 2164 3,
579 2131 611 2156 77
626 2124 867 2166 (Θεσπίζομεν
881 2120 1020 2166 μηδένα
1034 2149 1041 2156 .
1053 2147 1079 2156 ..
1090 2124 1121 2165 .).
1148 2123 1312 2156 Summam
1329 2130 1476 2165 praestat
1488 2122 1674 2165 Anonymus
1689 2121 1897 2155 Bodleianus
1911 2122 2111 2161 (Zachariae
2121 2116 2253 2153 Ἀνέκδ.
2264 2134 2298 2163 p.
2315 2123 2391 2162 213)

1232 2232 1317 2267 LII.

469 2300 542 2335 NE
561 2299 663 2335 AUT
681 2299 954 2335 PERSONAE
974 2300 1077 2336 AUT
1096 2299 1193 2335 REI
1211 2299 1313 2335 AUT
1331 2296 1594 2335 PECUNIAE
1614 2297 1930 2335 PIGNERATIO
1953 2298 2081 2340 FIAT,

159 2346 256 2381 SED
289 2345 634 2389 QUADRUPLUM
670 2344 946 2380 REDDATUR
980 2344 1274 2381 PIGNERATO
1334 2342 1484 2379 NEVE
1515 2341 1667 2378 ALIUS
1705 2342 1805 2378 PRO
1841 2343 1963 2380 ALIO
2006 2343 2099 2387 QUI
2140 2343 2237 2380 VEL
2272 2345 2391 2381 PER-

161 2391 336 2427 CUSSIT
375 2391 472 2426 VEL
507 2390 627 2426 ALIO
657 2389 799 2426 MODO
829 2388 1017 2424 LAESIT
1047 2388 1298 2424 PERCUTIA
1337 2388 1400 2423 UR
1430 2386 1533 2422 AUT
1557 2386 1676 2422 ALIO
1701 2387 1844 2423 MODO
1878 2388 2180 2432 LAEDATURJ.
2242 2390 2394 2425 NEVE

158 2435 382 2473 DONATIO
405 2438 436 2471 A
462 2434 679 2471 PRIVATO
709 2433 771 2470 IN
800 2433 1181 2470 IMPERATOREM
1211 2433 1428 2470 COLLATA
1460 2430 1837 2468 INSINUATIONE
1866 2432 2105 2470 ACTORUM
2131 2432 2389 2471 INDIGEAT.

382 2492 482 2528 Idem
499 2493 684 2538 Auqustus
703 2490 862 2526 Iohanni
877 2490 1139 2537 ylortostssz'mo
1153 2491 1349 2537 praefecto
1362 2488 1555 2535 praetorio
1575 2490 1713 2530 iterum,
1739 2489 1930 2524 exconsuli
1945 2493 1980 2525 et
1993 2489 2163 2535 patricio.

293 2560 546 2606 Praefatio.
596 2558 799 2595 Illiberales
820 2559 1096 2605 piqnerationes
1119 2562 1155 2593 et
1178 2557 1313 2594 invisas
1336 2568 1461 2593 earum
1484 2556 1692 2592 exactiones
1716 2556 1849 2592 multae
1873 2557 2015 2603 quidem
2043 2558 2151 2592 etiam
2176 2558 2271 2594 aliae
2295 2559 2390 2604 leqes

158 2607 242 2642 odio
268 2605 409 2646 liabent,
437 2605 639 2651 praecipue
671 2615 755 2640 vero
788 2615 882 2649 quae
906 2616 928 2639 a
953 2602 1055 2638 nobis
1079 2607 1163 2638 sunt
1188 2603 1302 2638 latae:
1340 2608 1457 2638 tamen
1478 2602 1658 2648 ,nescimus
1684 2601 1865 2647 quomodo
1898 2613 1957 2636 res
1981 2603 2145 2647 quamvis
2174 2608 2227 2638 tot
2252 2603 2390 2649 leqibus

158 2652 315 2687 coercita
335 2649 453 2685 adbuc
472 2650 704 2685 committitur
724 2653 759 2684 et
779 2660 846 2684 usu
865 2649 962 2684 venit
978 2652 1088 2693 atque
1106 2648 1278 2683 maiorem
1299 2658 1402 2682 suam
1422 2646 1568 2682 eoeliibet
1588 2649 1656 2682 vim
1674 2647 1887 2682 necessitate
1934 2657 2001 2682 uae
2018 2658 2067 2682 ex
2083 2647 2222 2693 leqibus
2231 2649 2386 2694 petitur.

292 2695 318 2729 I.
368 2694 573 2741 Propterea
596 2695 779 2729 sancimus
810 2694 947 2728 nullam
974 2693 1086 2744 plane
1115 2692 1404 2738 pignerationem
1435 2692 1472 2725 in
1498 2696 1626 2726 nostra
1649 2691 1834 2737 republica
1864 2658 1983 2727 valere
2012 2703 2127 2737 neque
2158 2693 2195 2727 in
2219 2693 2390 2729 nundinis

158 2741 209 2783 (id
232 2740 331 2775 (uod
353 2742 510 2775 maxime
539 2739 597 2774 liic
629 2739 802 2774 committi
826 2741 1076 2784 comperimus)
1109 2748 1223 2782 neque
1254 2737 1292 2771 in
1317 2738 1426 2784 *aqris
1456 2747 1571 2782 neque
1602 2737 1640 2771 in
1671 2736 1820 2772 urbibus
1851 2747 1965 2782 neque
1997 2737 2035 2771 in
2065 2737 2163 2779 vicis,
2199 2749 2314 2784 neque
2345 2739 2390 2774 de

158 2786 225 2821 civi
250 2797 292 2820 us
322 2796 436 2830 neque
468 2784 512 2819 de
535 2784 673 2820 vicanis
705 2795 820 2829 neque
848 2784 892 2818 de
920 2783 1057 2818 colonis
1086 2793 1200 2827 neque
1225 2782 1269 2817 cle
1289 2782 1361 2817 alio
1388 2781 1463 2816 ullo
1491 2791 1717 2832 quocumque
1736 2781 1843 2816 modo
1863 2786 1927 2816 aut
1945 2786 2114 2828 tempore,
2138 2782 2203 2817 secl
2225 2794 2304 2818 eum
2327 2785 2392 2829 qui

158 2831 201 2866 ab
227 2831 342 2865 altero
366 2841 436 2875 pro
462 2829 576 2865 altero
599 2829 794 2864 secundum
813 2828 1086 2875 piynerationis
1108 2828 1269 2872 formam
1286 2826 1483 2873 pecuniam
1515 2826 1571 2861 vel
1602 2826 1690 2871 quid
1713 2826 1815 2861 aliud
1845 2827 1994 2873 exiqere
2017 2826 2151 2862 audeat
2177 2827 2217 2862 id
2238 2829 2275 2862 in
2301 2839 2388 2874 qua-

158 2876 328 2921 druplum
352 2875 540 2910 restituere
571 2875 604 2909 ei
634 2874 696 2919 qui
729 2874 796 2909 vim
816 2884 953 2920 passus
976 2873 1041 2914 sit,
1074 2877 1183 2917 atque
1207 2872 1349 2918 actione
1373 2882 1517 2916 quoque
1533 2871 1679 2916 privari
1703 2882 1812 2916 (suam
1836 2870 2140 2918 habet-adversus
2162 2872 2263 2907 illum
2287 2875 2389 2908 cuius

158 2932 270 2956 causa
293 2920 522 2956 exactionem
535 2919 636 2998 fecit
668 2921 796 2963 (neque
818 2919 912 2954 euim
936 2918 1072 2953 rationi
1096 2917 1261 2952 convenit
1292 2916 1444 2951 alterum
1478 2926 1554 2950 esse
1578 2916 1650 2962 ‘qui
1680 2915 1816 2958 debeat,
1848 2917 1892 2952 ab
1922 2916 2038 2951 altero
2071 2928 2155 2952 vero
2180 2918 2292 2963 exiqi,
2325 2930 2409 2953 nec.

158 2966 274 3010 massis
298 2965 451 3000 alterum
474 2964 638 2999 moestia
664 2963 769 3008 affici
785 2975 861 3009 pro
883 2963 1011 3004 altero,
1036 2962 1099 3008 qui
1123 2961 1265 3007 quidem
1289 2961 1509 2997 invasionem
1533 2961 1588 2996 vel
1607 2961 1778 2997 iniuriam
1798 2962 2027 3003 commiserit,
2054 2972 2097 2996 ac
2122 2966 2305 3008 tamquam
2326 2964 2389 3008 qui

1308 3048 1543 3094 ἐπιτολμᾶται
1567 3051 1598 3083 L
1623 3049 1635 3094 ΙΙ
1664 3052 1705 3084 25
1730 3047 1818 3093 μήτε
1842 3052 1901 3084 ἐπὶ
1925 3050 2106 3095 κωμήταις
2127 3053 2312 3096 (κωμίταις
2329 3055 2373 3087 M
2378 3056 2388 3090 )

204 3055 224 3087 2
239 3057 324 3087 rubr.
349 3056 437 3106 Περὶ
459 3052 680 3106 τοῦδμῄτινα
698 3050 788 3097 ὑπὲρ
809 3051 916 3086 ἄλλου
936 3051 1238 3096 ἐνεχυριάζεσθαι,
1308 3096 1384 3128 ΜΒ
1421 3109 1467 3128 om
1492 3096 1523 3128 L
1541 3095 1553 3138 Η
1578 3096 1621 3129 28
1647 3095 1886 3138 ἐνεχυοασμοῦ
1909 3096 1968 3137 DI]
2006 3098 2260 3140 ἐνεχυριασμοῦ
2285 3099 2354 3131 LB
2378 3098 2389 3143 Η

1388 3121 1395 3137 5
1472 3120 1477 3127 '
1749 3127 1760 3139 ἱ

159 3101 219 3132 καὶ
240 3101 322 3141 περὶ
341 3110 404 3131 του
428 3110 490 3132 τας
515 3111 587 3132 απο
613 3096 795 3141 βασιλέων
819 3094 874 3150 <ἢ>
897 3098 944 3131 εἰς
964 3095 1121 3148 βασιλεῖς
1168 3108 1238 3130 ινο-

159 3147 267 3186 μένας
279 3141 413 3186 δωρεὰς
428 3141 477 3185 μὴ
494 3140 640 3176 δεῖσθαι
657 3142 818 3186 πράξεως
833 3154 1104 3186 υπομνηματων
1148 3143 1237 3174 Ιιεοιί.

158 3188 200 3222 ‘H
224 3185 382 3227 διάταξις
406 3185 468 3220 δύο
495 3190 566 3229 ἔχει
586 3187 782 3232 κεφάλαια·
814 3186 856 3220 τὸ
883 3187 1031 3233 πρῶτον
1063 3189 1152 3228 Περὶ
1175 3186 1239 3219 τοῦ

159 3232 207 3278 μὴ
231 3232 401 3279 γίνεσθαι
433 3231 703 3277 ἐνεχυριασμοὺς
734 3230 824 3278 ὑπὲρ
856 3231 991 3277 ἑτέρων
1022 3230 1236 3276 προςώπων.

161 3282 219 3312 καὶ
242 3274 365 3323 ὥσπερ
387 3276 425 3310 αἱ
444 3275 542 3321 παρὰ
562 3278 640 3310 τῶν
660 3276 841 3320 βασιλέων
861 3275 993 3321 δωρεαὶ
1014 3273 1053 3309 οὗ
1069 3274 1238 3322 χρῄζουσι

161 3321 323 3368 πράξεως
354 3319 636 3365 ὑπομνημάτων,
662 3318 744 3355 οὐδὲ
769 3320 863 3363 (οὔτε
876 3324 959 3364 cod.)
986 3320 1025 3354 αἱ
1046 3319 1144 3367 παρὰ
1160 3322 1238 3354 τῶν

162 3367 323 3402 ἰδιωτῶν
347 3368 394 3400 εἰς
418 3366 498 3400 τοὺς
517 3365 676 3410 βασιλεῖς
695 3365 884 3412 γενόμεναι
909 3364 1041 3411 δωρεαὶ
1060 3367 1236 3410 χρηζέτω-

162 3426 231 3447 σαν
252 3414 327 3446 ΑτῘι.
355 3425 373 3449 ς
407 3412 418 3456 ΙΙ
451 3416 469 3446 5
495 3408 742 3445 ἀποδίδοσθαι
761 3413 791 3444 L
816 3413 870 3455 (cf.
892 3413 960 3452 29)]
990 3400 1237 3444 ἀναδίδοσθαι

162 3460 208 3492 Μ
219 3459 231 3502 ΙΙ
249 3457 526 3500 ἐνεχυρασθέντι
539 3457 596 3497 M]
613 3457 905 3501 ἐνεχυριασθέντι
919 3457 950 3489 L
968 3457 979 3500 ΙΙ
998 3459 1017 3490 6
1030 3458 1089 3488 καὶ
1102 3458 1235 3500 περὶ-

163 3505 182 3538 8
204 3501 470 3546 ἐπηρεάζεσθαι
491 3504 594 3544 inepte
614 3503 730 3535 addita
749 3503 867 3535 seclusi
886 3501 898 3545 ΙΙ
923 3497 943 3543 ἢ
961 3497 1159 3543 πλήξαντος
1178 3502 1234 3540 Μ]

162 3551 221 3581 καὶ
238 3546 438 3589 πλήξαντος
451 3548 482 3580 L
498 3546 509 3590 ΙΙ
537 3549 554 3579 7
574 3543 837 3591 ἐπαρεάσαντος
857 3547 887 3579 L
911 3546 923 3589 ΙΙ
953 3548 973 3580 9
990 3547 1071 3591 περὶ
1086 3543 1153 3587 τὴν
1171 3546 1234 3578 τοῦ

163 3594 194 3626 L
222 3593 234 3636 ΙΙ
265 3595 302 3626 11
331 3591 478 3625 δεῖσθαι
502 3593 663 3631 (Theod.)]
696 3589 847 3624 δεέσθάι
872 3591 951 3624 ML
975 3592 1030 3634 (cf
1057 3592 1133 3632 298,
1152 3592 1196 3632 17)
1224 3589 1235 3634 ΙΙ

166 3640 205 3671 15
229 3639 288 3671 ἐπὶ
314 3639 371 3679 M]
401 3635 471 3671 ὑπὸ
496 3638 527 3669 L
554 3637 566 3681 ΙΙ
599 3637 639 3670 16
651 3649 699 3679 sq.
726 3639 766 3680 cf
798 3637 875 3670 Ood.
901 3637 997 3678 4,43,
1011 3644 1033 3669 1.
1060 3638 1235 3678 8,16,6sq.

166 3684 218 3723 11,
239 3691 321 3724 57,1.
350 3684 402 3725 12,
425 3690 473 3724 60,
487 3690 513 3716 4.
540 3682 552 3726 ΙΙ
588 3684 627 3716 18
652 3681 885 3725 νομοθεσίαις
912 3680 1150 3724 (νομοθεσίαῗ
1176 3680 1237 3722 L¹)

228 3738 279 3765 111.

1308 3142 1349 3174 30
1363 3141 1527 3174 ἐκπίπτει
1540 3141 1571 3172 L
1588 3140 1599 3183 l}
1628 3142 1666 3173 31
1689 3139 1757 3181 εἶχε
1772 3141 1829 3176 Be
1842 3141 1946 3184 (Aelz.)
1964 3142 1975 3185 ΙΙ
2000 3143 2042 3175 32
2058 3143 2152 3183 ἔχειν
2165 3143 2196 3175 L
2215 3143 2226 3186 ΙΙ
2252 3144 2294 3177 35
2308 3155 2388 3189 συγ-

1306 3188 1470 3228 κωμίτην
1486 3185 1517 3217 L
1535 3184 1547 3228 ΙΙ
1565 3185 1701 3217 ἐκείνου
1727 3198 1784 3217 om.
1800 3197 1819 3220 ς

1353 3278 1427 3317 lsq.
1445 3274 1483 3319 Rc
1501 3275 1549 3307 LI
1572 3272 1629 3318 Vl}
1654 3276 1674 3308 2
1691 3274 1939 3316 pignerationes
1960 3275 1994 3307 V
2011 3274 2023 3318 ΙΙ
2048 3277 2066 3308 3
2084 3277 2286 3319 principium
2308 3278 2356 3311 V¹
2378 3277 2388 3320 Η

1306 3322 1325 3354 6
1350 3321 1385 3352 in
1411 3321 1454 3361 R]
1481 3332 1538 3351 om.
1559 3319 1683 3363 Vvuly.
1709 3319 1721 3362 ΙΙ
1753 3319 1942 3352 donationis
1963 3319 2013 3352 V¹
2039 3320 2050 3363 ΙΙ
2077 3323 2117 3354 14
2139 3322 2388 3364 pignerationes

1307 3367 1349 3407 (et
1363 3367 1409 3398 ita
1423 3366 1455 3397 in
1468 3377 1539 3407 sqq.
1554 3366 1751 3404 constanter)
1768 3365 1802 3397 R
1818 3365 1829 3405 ΙΙ
1859 3367 1898 3398 15
1920 3375 2018 3406 super
2038 3365 2090 3397 his
2113 3378 2170 3400 om.
2193 3366 2248 3411 VH
2278 3370 2317 3402 18
2331 3368 2388 3400 ad-

1304 3411 1368 3441 hw
1390 3410 1439 3443 V¹
1456 3409 1468 3451 ΙΙ
1487 3411 1715 3450 praesumatur
1735 3409 1792 3451 Vl}
1817 3410 1855 3442 21
1877 3410 2042 3442 sancimus
2067 3423 2124 3443 om.
2148 3411 2203 3454 VH
2229 3414 2272 3445 22
2292 3423 2387 3455 prae-

1304 3465 1388 3487 uaw
1410 3455 1455 3487 V¹
1474 3453 1485 3497 ΙΙ
1506 3455 1548 3487 24
1569 3454 1605 3485 in
1624 3454 1723 3494 agris]
1749 3454 1853 3495 magis
1874 3455 1922 3486 R¹
1940 3454 1951 3496 11
1978 3456 2019 3488 25
2042 3455 2201 3488 ciuilibus
2220 3456 2270 3489 R¹
2295 3457 2388 3490 uillis

1314 3499 1366 3541 VH
1385 3498 1549 3540 agroeolis
1572 3499 1621 3531 V¹
1639 3498 1651 3542 ΙΙ
1670 3500 1711 3532 26
1729 3509 1837 3540 neque
1856 3499 1892 3530 in
1913 3499 1980 3531 alio
2002 3499 2057 3543 VH
2077 3501 2117 3533 27
2141 3501 2207 3541 sed]
2233 3502 2288 3535 uel
2304 3502 2353 3535 ΕΙ
2377 3502 2389 3547 ΙΙ

1303 3546 1531 3586 praesumente
1544 3543 1593 3576 R¹
1611 3542 1623 3586 ΙΙ
1641 3544 1833 3583 secundum]
1859 3546 1909 3576 set
1928 3545 2108 3577 secundum
2125 3546 2174 3578 ΕΙ
2193 3545 2206 3590 ΙΙ
2231 3548 2272 3581 28
2294 3547 2388 3580 aliud

1306 3602 1362 3622 om.
1377 3589 1424 3621 R’
1442 3587 1454 3631 ΙΙ
1482 3590 1523 3622 29
1541 3589 1577 3620 in
1604 3589 1738 3630 Vvuly]
1762 3602 1820 3621 om.
1833 3588 1902 3621 ΕΤ
1924 3588 1936 3632 ΙΙ
1961 3590 2003 3622 30
2017 3589 2173 3622 habuerit
2186 3591 2232 3624 R¹
2251 3591 2263 3634 ΙΙ
2281 3594 2320 3625 31
2338 3592 2387 3624 fa-

1305 3634 1350 3666 cit
1371 3633 1420 3666 R¹
1445 3632 1457 3677 11
1481 3634 1523 3667 33
1542 3633 1677 3675 quidam
1689 3634 1738 3667 R¹
1764 3633 1777 3677 fl
1804 3635 1846 3667 34
1867 3634 2093 3667 committente
2107 3636 2153 3676 T]
2179 3637 2386 3669 committen-

1305 3682 1370 3712 tem
1395 3679 1565 3722 RVvuty.

2071 3735 2114 3767 38
