2618 4010
262 110 370 159 Nov.
399 112 499 158 VIII
533 115 593 158 10.
625 116 675 157 11
1345 111 1404 159 74
1882 131 1944 162 11⁷1·
1971 130 2152 163 tumens
2181 130 2281 163 smn
2309 130 2490 171 Quoquo

264 223 375 261 αὐτὸν
405 222 641 259 ἀνατιθέντες
667 227 729 259 καὶ
758 227 839 261 ταῖς
868 221 1066 274 παρούσαις
1094 223 1342 269 σεβασμιωτά-
1410 226 1671 262 venersbilibus
1694 227 1866 264 maximae
1893 228 1970 265 eius
1995 229 2262 276 communisque
2284 229 2486 267 annutans

264 282 342 305 ταις
371 270 432 313 τῆς
460 267 612 323 μεγάλης
642 266 752 305 αὐτοῦ
783 273 844 306 καὶ
872 269 1081 314 κοινοτάτης
1112 269 1233 316 ἑορτῆς
1262 267 1342 314 ἡμέ-
1412 270 1555 306 diebus:
1598 273 1640 306 ut
1675 271 1838 308 omnibus
1871 272 1979 309 liceat
2015 278 2137 320 patres
2173 276 2355 321 suscipere
2375 276 2486 320 magis

265 326 359 362 ραις·
383 315 443 349 ἴνα
466 325 580 349 πασιν
603 314 664 362 ἐξῇ
688 317 846 372 πατέρας
869 313 1042 359 δέχεσθαι
1064 313 1199 359 μᾶλλον
1219 311 1343 361 ἄρχον·
1410 315 1545 351 iudices
1576 325 1683 368 quam
1711 314 1810 352 fures
1841 320 1879 352 et
1905 318 2155 357 Sollicitawres
2187 323 2224 357 et
2251 330 2374 357 eorum
2402 321 2487 357 sub-

265 371 330 395 τας
351 357 374 403 ἢ
397 357 614 395 κλέπτοντάς
637 373 678 395 τε
700 362 762 394 καὶ
784 358 1078 408 ανδραποδώδεις
1100 361 1159 393 καὶ
1182 362 1261 394 ταῖς
1284 357 1342 393 αὖ·
1412 360 1554 395 stantiis
1577 360 1798 396 insidiantes.

266 405 290 440 2
334 405 413 439 τῶν
435 401 572 439 οὐσίαις
593 403 859 452 ἐφεδρεύοντας.
929 408 994 440 Δεῖ
1015 403 1054 439 δὲ
1077 407 1137 438 καὶ
1157 399 1245 448 ὑμᾶς
1263 403 1343 439 τοὺς
1379 409 1398 440 5
1411 405 1436 440 2
1482 404 1635 449 Oportet
1664 415 1804 450 quoque
1825 416 1889 443 vos
1919 412 2062 445 nostros
2091 410 2290 452 sublectos,
2321 410 2487 451 scientes,

266 447 451 497 ἡμετέρους
484 447 666 485 ὑποτελεῖς
702 448 858 493 εἰδότας,
893 450 1012 493 πόσην
1042 447 1147 493 ὑμῶν
1177 448 1344 494 ἐθέμεθα
1412 454 1582 529 guantum
1613 449 1721 485 vestri
1751 451 1935 495 posuimus
1965 454 2240 499 providentiam,
2281 465 2362 490 cum
2393 455 2489 490 omni

267 493 454 542 πρόνοιαν,
484 493 576 540 μετὰ
604 495 719 538 πάσης
748 494 979 543 εὐγνωμοσύν
1004 506 1019 529 ς
1048 493 1128 528 τοὺς
1158 491 1345 538 δημοσίους
1438 495 1598 530 evotione
1631 495 1776 540 publica
1804 496 1880 532 sine
1914 497 2154 536 imminutione
2183 500 2318 536 tributa
2351 499 2487 544 persol-

266 537 464 574 ιὶνελλιπῶς
487 538 617 595 φόρους
648 537 806 588 εἰςάγειν,
837 544 897 575 καὶ
956 553 976 583 η
1002 542 1019 573 ἑ
1049 540 1110 583 τῆς
1138 538 1238 586 παρὰ
1267 540 1345 574 τῶν
1412 549 1494 575 vere
1501 567 1512 593 Ξ
1553 543 1590 574 et
1624 549 1739 585 neque
1773 541 2097 579 administratorum
2130 555 2231 590 egere
2265 545 2487 587 necessitate,

267 581 456 631 ἀρχόντων
490 581 642 633 ἀναγκης
673 583 840 627 δεῖσθαι,
870 554 954 619 ἀλλ’ξ
976 581 1090 618 οὕτως
1119 581 1156 617 εὖ
1204 580 1346 628 ώμονας
1414 584 1477 620 sed
1499 588 1551 619 1ta
1575 585 1719 621 devotos
1743 589 1878 622 vosmet
1899 586 1997 632 ipsos
2027 590 2216 634 praebere,
2249 593 2291 625 ut
2318 589 2422 626 nobis
2445 599 2487 624 ex

268 628 413 664 ἑαυτοὺς
441 634 620 684 παρεχειν,
653 627 742 665 ὥςτε
774 628 858 674 ἡμῖν
888 629 926 671 ἐξ
957 627 1079 664 αὐτῶν
1110 631 1150 663 ἐν
1174 629 1346 670 είξασθαι
1363 630 1502 674 linsis
1534 630 1743 666 ostendatur
1773 630 1960 676 operibus,
1992 633 2075 677 quia
2104 637 2140 669 et
2168 634 2238 680 ipsi
2268 644 2334 680 pro
2362 634 2487 669 huius-

268 675 347 709 τῶν
369 675 497 729 ἔργων,
528 689 586 710 οτι
611 678 672 710 καὶ
702 673 804 710 αὐτοὶ
835 675 896 719 τῆς
927 673 1102 718 τοσαύτης
1133 672 1344 722 φιλανθρω-
1413 674 1509 710 modi
1543 675 1730 711 clementia
1772 681 1836 721 pro
1863 677 1951 712 riam
1985 677 2091 713 nobis
2132 678 2351 715 devotionem
2385 680 2487 715 resti-

269 723 354 755 πίας
375 733 443 763 την
465 721 600 755 οἰκείαν
626 717 711 765 ἡμῖν
734 717 1013 767 εὐγνωμοσύνην
1035 717 1256 761 ἀντιδίδοτε,
1287 722 1346 752 καὶ
1414 718 1520 756 tuetis
1556 724 1593 756 et
1625 721 1749 756 merito
1785 721 1832 756 ha
1859 722 1962 758 ebitis
1998 732 2135 758 omnem
2165 733 2187 759 a
2215 724 2389 760 iudicibus
2427 735 2487 759 oc-

268 763 414 800 εἰκότως
443 766 540 806 ἕξετε
571 767 693 801 πᾶσαν
723 765 822 820 παρὰ
855 766 933 799 τῶν
956 763 1144 810 ἀρχόντων
1168 777 1238 813 προ
1268 763 1347 799 άσει
1415 765 1559 801 cesione
1593 765 1789 801 devotionis
1823 766 1979 802 favorem
2016 771 2051 802 et
2084 768 2356 812 providentiam:
2400 769 2488 804 illud

269 810 330 853 τῆς
360 807 630 857 εὐγνωμοσύνης
661 808 823 853 σπουδην
852 823 893 844 τε
922 813 982 843 καὶ
1014 808 1203 855 πρόνοιαν,
1234 778 1346 844 gestam
1415 810 1583 854 scientes,
1617 813 1683 853 [ut]
1716 811 1799 856 quia
1827 811 2004 847 iudicibus
2028 812 2186 848 imminet
2207 814 2361 860 undique
2383 813 2487 850 fisca-

268 853 506 902 γινοόσκοντες
531 853 596 897 ὠς,
620 853 744 898 ἐπειδὴ
767 858 839 889 τοῖς
862 853 1029 902 ἄρχουσιν
1052 856 1229 890 ἐπίκειται
1255 867 1345 890 παν·
1362 858 1400 891 15
1413 856 1499 890 lium
1533 856 1750 900 periculum,
1793 859 1830 892 et
1862 857 2107 899 manifestum,
2150 858 2234 903 quia
2266 858 2304 895 in
2345 869 2410 904 pro
2436 859 2487 894 rio

268 899 431 942 ταχόθεν
453 897 473 934 ὁ
495 901 574 935 τῶν
601 898 786 945 δημοσίων
814 898 977 934 κίνδυνος
1008 903 1068 934 καὶ
1097 901 1175 935 τῶν
1206 897 1344 955 ἀνωμο-
1413 911 1479 936 suo
1503 901 1661 946 periculo
1686 900 2011 938 administrationes
2036 906 2239 938 assumunt:
2275 906 2312 939 et
2332 914 2395 940 vos
2446 914 2488 939 oc

271 943 479 992 λογημένων
511 947 623 987 ἐστίν,
655 942 703 979 ὠς
736 947 796 980 ἐπὶ
824 945 878 988 τῷ
909 946 1015 992 σφῶν
1047 943 1168 980 αὐτῶν
1187 943 1344 988 κινδυνῳ
1413 949 1646 990 agnoscentes
1675 955 1719 981 ex
1751 947 1845 982 omni
1876 947 1978 982 modo
2012 948 2142 983 evitate
2170 947 2425 984 indevotionem
2453 953 2489 983 et

269 989 332 1023 τὰς
354 987 460 1045 ἀρχὰς
483 987 760 1036 ὑπειςέρχονται,
784 992 844 1024 καὶ
867 987 954 1034 ὑμᾶς
972 991 1079 1025 τοῦτο
1102 988 1346 1038 γινώσκοντας
1412 991 1523 1026 nolite
1552 994 1688 1026 vestras
1711 991 1912 1028 voluntates
1935 993 1986 1027 ita
2018 993 2190 1037 praebere
2211 993 2487 1037 inoboedientes,

270 1036 308 1068 ἐκ
331 1047 466 1082 τροπου
489 1034 627 1070 παντὸς
649 1031 887 1080 εὐλαβεῖσθαι
905 1034 973 1079 τὴν
990 1033 1262 1082 ἀγνωμοσύνην,
1286 1038 1346 1069 καὶ
1415 1038 1591 1081 quatenus
1615 1045 1736 1071 eorum
1767 1038 1897 1082 egeatis
1921 1038 2159 1080 vehementia,
2192 1047 2298 1082 quam
2325 1046 2486 1074 necessa-

269 1079 318 1123 μὴ
341 1079 404 1114 τὰς
427 1080 569 1114 ἑαυτῶν
598 1078 746 1128 γνώμας
775 1076 871 1115 οὕτω
895 1082 1064 1128 παρέχειν
1087 1079 1267 1122 ἀπειθεῖς,
1300 1077 1347 1115 οἷς
1359 1084 1401 1117 20
1414 1082 1507 1116 rium
1531 1084 1585 1116 est
1604 1090 1664 1116 eos
1683 1091 1863 1117 assumere
1885 1093 1951 1127 pro
1978 1087 2033 1118 ter
2056 1083 2293 1118 inevitabilem
2315 1083 2488 1118 fiscalium

269 1128 329 1158 καὶ
351 1126 412 1167 τῆς
436 1125 475 1166 ἐξ
499 1122 623 1160 αὐτῶν
646 1123 794 1160 δεῖσθαι
812 1137 835 1160 σ
863 1123 1063 1172 οδρότητος,
1085 1123 1129 1170 ἣν
1152 1123 1347 1174 ἀναγκαῖον
1415 1125 1655 1171 exactionem3
1688 1126 1882 1163 scientibus
1906 1139 1950 1163 vo
1978 1129 2007 1163 is
2031 1129 2163 1164 nostris
2187 1128 2377 1172 subiectis,
2407 1128 2490 1173 quia

270 1168 389 1203 αὐτοῖς
411 1173 489 1204 ἐστι
511 1169 799 1216 προςλαμβάνειν
821 1139 882 1205 ozi
908 1170 975 1214 τὴν
997 1169 1246 1219 ἀπαραίτητον
1268 1172 1346 1205 τῶν
1414 1171 1584 1211 militares
1623 1181 1800 1217 expensae
1835 1176 1870 1208 et
1903 1173 2059 1208 hostium
2098 1174 2339 1209 insecutiones
2378 1173 2488 1208 multa

270 1213 455 1259 δημοσίων
466 1215 659 1262 εἴςπραξιν.
685 1214 838 1250 εἰδότων
853 1213 957 1265 ὑμῶν
969 1217 1047 1250 τῶν
1059 1213 1242 1264 ἡμετέρων
1257 1213 1345 1259 ὑπη-
1415 1218 1519 1261 egent
1542 1215 1739 1260 diligentia,
1763 1219 1801 1252 et
1822 1227 1895 1253 non
1919 1222 2070 1262 possunt
2094 1219 2184 1253 eitra
2205 1218 2377 1264 pecunias
2399 1218 2488 1253 haec

268 1258 377 1302 κόων,
406 1258 455 1295 οἷς
478 1260 518 1295 αἱ
539 1264 797 1309 στρατιωτικαὶ
819 1259 979 1296 δαπάναι
1003 1264 1062 1295 καὶ
1091 1258 1113 1304 ἡ
1145 1263 1221 1296 τῶν
1244 1260 1345 1296 πολε·
1415 1262 1489 1306 agi‚
1535 1270 1644 1296 causa
1684 1261 1847 1298 videlicet
1881 1263 2014 1298 nullam
2049 1264 2242 1317 recipiente
2276 1263 2488 1306 dilationem,

268 1309 366 1349 μίων
395 1303 516 1347 δίωξις
549 1304 680 1349 πολλῆς
711 1304 826 1340 δεῖται
854 1307 916 1350 τῆς
948 1306 1160 1351 ἐπιμελείας,
1192 1309 1252 1340 καὶ
1283 1304 1346 1340 οὐκ
1360 1310 1400 1342 25
1415 1316 1528 1351 neque
1557 1306 1660 1342 nobis
1692 1307 1968 1343 concedentibus
1994 1309 2129 1353 despici
2150 1309 2394 1344 Romanorum
2418 1311 2488 1343 ter-

269 1351 348 1384 ἕστι
369 1350 564 1397 χρημάτων
586 1354 693 1397 χωρὶς
715 1353 831 1386 ταῦτα
852 1351 1075 1397 πραχθῆναι,
1096 1353 1159 1386 τοῦ
1183 1351 1345 1399 πράγμα-
1414 1362 1490 1387 ram
1514 1351 1737 1387 diminutam:
1771 1353 1831 1397 qui
1854 1355 1891 1388 et
1913 1353 2063 1398 Libyam
2087 1364 2224 1389 omnem
2248 1353 2489 1399 reparavimus

268 1407 328 1430 τος
356 1394 527 1440 μηδεμιᾶς
556 1393 733 1439 ἀναβολῆς
762 1394 945 1441 δεομένου,
986 1394 1069 1430 οὐδὲ
1096 1394 1199 1441 ἡμῶν
1230 1396 1345 1444 αἱρου-
1415 1399 1452 1432 et
1474 1397 1654 1432 Vandalos
1678 1397 1716 1432 in
1739 1398 1945 1433 servItutem
1968 1399 2165 1443 redegimus
2194 1401 2230 1434 et
2251 1399 2404 1444 plurima
2426 1398 2487 1433 ad-

268 1444 393 1485 μένων
404 1442 577 1488 περιορᾶν
587 1440 655 1485 τὴν
666 1438 852 1486 Ῥωμαίων
870 1442 938 1488 γῆν
955 1440 1240 1484 ἑλαττωθεῖσαν,
1257 1440 1346 1476 ἀλλὰ
1415 1443 1485 1477 huc
1509 1445 1546 1476 et
1570 1442 1706 1477 maiora
1735 1442 1861 1478 horum
1891 1453 2075 1488 speramus
2106 1454 2129 1479 a
2152 1444 2218 1479 deo
2249 1444 2431 1489 percipere
2454 1448 2490 1477 et

269 1484 415 1565 Λιβύην
443 1499 483 1520 τε
506 1487 629 1521 πᾶσαν
653 1484 960 1531 ἀνακτησαμένων
983 1489 1043 1520 καὶ
1066 1485 1264 1521 Βανδίλους
1286 1499 1345 1519 κα·
1416 1497 1530 1532 agere,
1554 1498 1619 1532 pro
1645 1487 1771 1532 quibus
1796 1490 2000 1532 competens
2022 1492 2075 1524 est
2098 1489 2236 1524 fiscalia
2257 1489 2394 1524 tributa
2414 1488 2490 1524 sine

268 1545 315 1565 ’τα
339 1529 583 1566 ουλωσάντων
605 1533 666 1566 καὶ
689 1529 804 1566 πολλά
819 1545 859 1578 γε
876 1533 930 1565 ἔτι
954 1534 1013 1565 καὶ
1035 1533 1182 1576 μείζονα
1205 1530 1346 1566 τούτων
1360 1535 1401 1568 30
1415 1532 1659 1567 imminutione
1694 1536 1730 1567 et
1762 1532 1885 1568 devote
1919 1535 1957 1568 et
1990 1534 2182 1569 secundum
2217 1533 2363 1571 definita
2398 1533 2490 1577 exigi

270 1575 496 1632 ἐλπιζόντων
526 1576 625 1622 παρὰ
654 1577 718 1610 τοῦ
753 1577 843 1611 θεοῦ
881 1576 1007 1621 λαβεῖν
1036 1590 1076 1611 τε
1110 1580 1169 1611 καὶ
1200 1590 1229 1612 π
1252 1577 1344 1618 ἆξαι,
1414 1582 1586 1622 tempora.
1634 1577 1776 1622 Quapro
1803 1581 1858 1613 ter
1889 1578 1920 1613 si
1948 1589 2010 1614 vos
2042 1579 2182 1632 quidem
2210 1578 2334 1614 devote
2364 1588 2489 1614 occur-

269 1622 317 1655 εἰς
339 1635 362 1655 α
382 1621 556 1668 προςῆκόν
579 1623 657 1656 ἐστι
680 1620 762 1656 τούς
785 1620 972 1666 δημοσίους
996 1621 1124 1668 φόρους
1147 1619 1232 1656 ἀνελ
1255 1623 1346 1656 ιπιῦς
1414 1623 1501 1658 retis
1540 1621 1733 1666 iudicibus,
1775 1623 1824 1657 ili
1865 1632 1948 1658 vero
1988 1623 2129 1659 facilem
2163 1627 2200 1659 et
2240 1626 2489 1669 praeparatam

269 1670 330 1700 καὶ
359 1664 593 1713 εὐγνωμόνως
623 1669 682 1700 καὶ
713 1666 804 1701 κατὰ
833 1666 895 1701 τὰς
925 1665 1123 1714 αἶ’ρισμένας
1146 1665 1345 1714 εἰςπράττε-
1414 1668 1588 1703 fiscalium
1615 1667 1812 1703 illationem
1841 1668 1879 1702 in
1904 1678 1970 1704 nos
1995 1669 2237 1710 exhibuerint,
2268 1671 2304 1704 et
2333 1668 2489 1704 iudicum

269 1711 363 1745 σθαι
386 1712 621 1759 προθεσμίας.
670 1707 758 1746 ὥςτε
780 1713 880 1758 εἴπερ
902 1710 923 1746 ὑ
951 1715 998 1746 εῖς
1019 1714 1088 1757 μὲν
1111 1709 1346 1759 εὐγνωμόνως
1414 1712 1638 1748 laudabimus
1663 1713 1819 1748 studium
1837 1717 1873 1748 et
1889 1717 2042 1748 vestram
2066 1714 2341 1759 approbabimus
2363 1714 2488 1750 volun-

269 1752 512 1801 ἆπαντήσοιτε
541 1760 614 1791 τοῖς
642 1755 665 1790 ἅ
688 1768 821 1800 χουσιν,
852 1757 890 1792 οἱ
942 1759 960 1791 ἒ
988 1756 1120 1805 ῥᾳδίαν
1150 1771 1191 1792 τε
1219 1761 1279 1791 καὶ
1307 1760 1346 1792 ἐκ
1359 1761 1401 1794 35
1415 1762 1543 1801 tatem,
1586 1764 1622 1793 et
1663 1758 1819 1803 undique
1853 1768 1925 1793 una
1967 1759 2139 1803 quaedam
2177 1759 2245 1794 erit
2285 1759 2419 1804 optima
2454 1762 2490 1794 et

270 1806 458 1849 προχείρου
480 1803 548 1846 τὴν
565 1803 644 1837 τῶν
683 1806 845 1846 ημοσίων
867 1801 1065 1848 εἰςκομιδὴν
1088 1803 1136 1837 εἰς
1159 1801 1246 1847 ἡμᾶς
1269 1815 1345 1838 ποι-
1416 1813 1575 1839 consona
1615 1803 1893 1849 praesidentium
1927 1806 1965 1839 et
2003 1804 2131 1849 quibus
2165 1804 2368 1850 praesident
2403 1814 2488 1839 con-

269 1850 387 1890 οῖντο,
421 1850 482 1881 καὶ
511 1846 594 1882 τοὺς
625 1846 801 1892 ἄρχοντας
834 1849 1072 1893 ἐπαινέσομεν
1100 1849 1163 1891 τῆς
1193 1847 1347 1891 σπουδῆς
1413 1849 1587 1893 gruentia.

270 1895 330 1926 καὶ
352 1889 441 1937 ὑμᾶς
463 1889 618 1934 ἀποδεξό
645 1893 719 1927 effa
742 1894 804 1937 τῆς
821 1891 983 1940 γνώμης·
1018 1896 1079 1927 καὶ
1109 1892 1348 1949 πανταζιόθεν

269 1941 335 1982 μία
357 1949 411 1972 τις
433 1939 535 1972 ἔσται
559 1951 605 1972 κα
628 1937 650 1982 ἡ
671 1951 712 1972 τε
741 1941 801 1972 καὶ
830 1938 1022 1984 σύμφωνος
1045 1939 1124 1972 τῶν
1152 1951 1194 1972 τε
1223 1936 1348 1984 αρχόν-

269 1995 347 2017 των
369 1985 429 2017 καὶ
452 1984 531 2017 τῶν
552 1981 760 2029 ἀρχομένων
782 1981 947 2032 ἁρμονία.
1359 1987 1402 2019 40

1258 2119 1414 2155 CAPUT
1438 2118 1501 2154 XI.

322 2187 378 2231 Τῷ
407 2184 552 2240 μεγαλῳ
583 2190 707 2239 τρίνυν
737 2186 818 2241 θεῷ
848 2188 908 2220 καὶ
941 2186 1077 2233 σωτῆρι
1107 2182 1211 2241 {pedm
1231 2182 1345 2241 Ἰησοῦ
1458 2186 1591 2240 Magno
1613 2187 1734 2240 itaque
1757 2186 1824 2223 deo
1846 2191 1883 2223 et
1906 2187 2071 2223 salvatori
2094 2190 2217 2222 nostro
2239 2186 2322 2222 Iesu
2345 2185 2486 2222 Christo

271 2234 422 2277 Χριστῳ
446 2242 578 2267 παντες
600 2235 731 2276 ομοίως
760 2234 1077 2276 αναπεμπέτωσαν
1106 2243 1235 2276 υμνους
1257 2233 1348 2279 νπὲρ
1416 2241 1537 2268 omnes
1563 2233 1722 2267 Slmlhter
1746 2233 1897 2268 offerant
1919 2233 2068 2278 hymnos
2091 2243 2157 2278 pro
2185 2233 2254 2267 hac
2277 2232 2372 2275 lege,
2396 2241 2487 2276 quae

271 2345 487 2381 universalis
503 2345 594 2390 festi
615 2344 740 2380 diebus
762 2344 987 2380 dedicantes:
1017 2347 1059 2379 ut
1081 2344 1246 2379 omnibus
1268 2344 1376 2379 liceat
1397 2344 1635 2390 maqistratus
1653 2348 1694 2380 ut
1714 2348 1840 2391 patres
1855 2345 1984 2392 potius
1999 2344 2168 2391 vaccipere
2191 2355 2299 2390 quam
2321 2347 2364 2379 ut
2381 2344 2488 2390 fures

271 2390 297 2426 2
341 2394 378 2426 et
406 2389 602 2426 illiberales
633 2389 806 2435 bonisque
831 2389 909 2424 suis
935 2388 1158 2424 insidiantes.
1275 2388 1428 2436 Oportet
1458 2393 1577 2424 autem
1607 2400 1672 2425 vos
1699 2400 1843 2436 quoque
1873 2389 2034 2425 subditos
2055 2393 2219 2431 nostros,
2249 2398 2330 2424 cum
2351 2388 2487 2431 sciatis,

272 2438 445 2482 quantam
463 2435 573 2471 vestri
595 2446 720 2470 curam
739 2434 966 2481 qesserimus,
989 2444 1070 2469 cum
1090 2434 1188 2469 omni
1208 2434 1397 2470 devotione
1413 2434 1564 2480 publica
1589 2434 1723 2470 tributa
1744 2434 1887 2486 inteqra
1909 2435 2060 2481 inferre,
2083 2445 2129 2470 ne
2155 2445 2200 2469 ue
2212 2435 2488 2480 maqistratuum

273 2481 462 2516 coactione
484 2479 666 2527 indiqere,
696 2480 762 2515 sed
788 2480 842 2515 ita
868 2490 933 2516 vos
963 2479 1197 2525 obsequentes
1223 2483 1431 2526 praestare,
1465 2483 1508 2515 ut
1538 2479 1642 2514 nobis
1670 2490 1720 2515 ex
1748 2480 1840 2526 ipsis
1867 2480 1983 2526 factis
2008 2445 2207 2515 ostenditis
2238 2489 2302 2515 vos
2324 2482 2360 2514 et
2387 2478 2489 2530 ipsos

275 2529 397 2562 tantae
425 2525 641 2561 humanitati
664 2528 910 2572 opportunam
931 2524 1036 2560 nobis
1058 2525 1217 2571 qratiam
1240 2524 1395 2560 vicissim
1425 2523 1613 2567 exhibere,
1644 2528 1682 2560 et
1707 2524 1835 2560 merito
1858 2524 2057 2560 devotionis
2085 2524 2229 2559 nomine
2250 2535 2274 2558 a
2295 2527 2488 2570 maqustra-

274 2570 367 2607 tibus
390 2581 529 2606 omnem
548 2571 711 2612 favorem
726 2574 762 2606 et
776 2581 901 2606 curam
923 2570 1202 2616 impetraturos:
1220 2573 1262 2605 ut
1280 2569 1362 2613 [noc
1374 2569 1581 2611 intellecto],
1605 2570 1777 2615 quoniam
1791 2569 2063 2616 maqistratibus
2075 2568 2235 2614 undique
2251 2568 2410 2603 imminet
2425 2568 2488 2603 tri-

273 2615 441 2652 butorum
457 2615 663 2663 periculum
685 2619 722 2651 et
743 2615 782 2650 in
806 2616 975 2662 confesso
998 2618 1051 2650 est
1073 2625 1136 2650 eos
1154 2625 1234 2650 cum
1255 2625 1322 2650 suo
1339 2613 1504 2660 periculo
1528 2625 1677 2649 munera
1696 2614 1833 2656 subire,
1853 2625 1918 2650 vos
1939 2625 2084 2660 quoque
2106 2613 2175 2649 hoc
2198 2613 2376 2648 intellecto
2392 2613 2487 2648 omni

273 2661 381 2697 modo
402 2661 665 2697 contumaciam
684 2660 822 2696 evitetis
841 2671 907 2696 nec
925 2660 1064 2697 animos
1082 2663 1221 2695 vestros
1238 2671 1310 2695 non
1331 2658 1555 2695 oboedientes
1571 2658 1781 2705 praebeatis
1798 2659 1863 2701 ita,
1882 2663 1924 2694 ut
1939 2659 2127 2694 severitate
2148 2657 2294 2694 illorum
2315 2669 2408 2705 opus
2429 2658 2487 2700 sit,

299 2717 383 2742 uam
406 2717 469 2742 eos
490 2716 633 2742 necesse
659 2709 714 2741 est
735 2716 917 2741 assumere
933 2709 1091 2752 propter
1113 2705 1350 2741 inevitabilem
1381 2703 1594 2740 tributorum
1623 2704 1858 2740 exactionem.
1905 2703 2043 2750 Nempe
2064 2707 2189 2738 notum
2211 2702 2311 2739 vobis
2331 2706 2386 2738 est
2406 2702 2487 2738 sub-

273 2718 360 2787 bitis
382 2751 529 2794 nostris,
552 2761 734 2798 expensas
754 2750 929 2786 militares
951 2750 1178 2797 hostiumque
1195 2749 1484 2797 persecutionem
1497 2748 1609 2784 multa
1623 2759 1713 2784 cura
1734 2748 1909 2800 indiqere,
1931 2759 1997 2784 nec
2017 2748 2096 2783 sine
2116 2748 2272 2795 pecunia
2295 2747 2385 2784 haec
2403 2758 2487 2783 con-

270 2796 335 2843 fici
383 2807 475 2839 osse,
499 2805 580 2831 cum
603 2807 662 2832 res
683 2795 821 2832 nullam
839 2796 1005 2842 requirat
1019 2795 1228 2831 dilationem
1250 2805 1365 2841 neque
1385 2805 1454 2830 nos
1465 2793 1584 2846 facile
1599 2794 1790 2842 patiamur
1811 2794 1974 2829 imminui
1985 2792 2232 2828 Romanorum
2256 2797 2402 2836 terram,
2424 2792 2489 2828 sed

274 2846 309 2878 et
363 2841 485 2888 ibyam
510 2852 648 2876 omnem
675 2841 1006 2887 recuperaverimus
1027 2844 1062 2876 et
1093 2840 1279 2876 Vandalos
1298 2839 1551 2875 subiecertmus
1576 2845 1613 2874 ct
1633 2838 1746 2875 multa
1770 2839 1877 2874 etiam
1898 2838 1954 2874 his
1979 2838 2119 2874 maiora
2143 2849 2211 2873 nos
2236 2841 2274 2873 et
2294 2849 2318 2873 a
2340 2837 2407 2873 deo
2428 2848 2487 2872 ac-

275 2891 444 2939 cepturos
470 2890 508 2922 et
536 2890 684 2922 acturos
710 2897 917 2933 speremus;
952 2886 1002 2922 ad
1015 2897 1126 2938 ‘quae
1149 2885 1300 2937 publica
1334 2883 1469 2920 tributa
1497 2884 1577 2934 sine
1607 2883 1847 2936 deminutione
1871 2887 1909 2935 et
1928 2887 2043 2935 ..orate
2076 2887 2187 2936 atque
2215 2883 2372 2929 desinitis
2404 2886 2486 2935 tem-

269 2931 447 3013 mit„
472 2930 615 3013 atsi
624 2929 1107 3019 ⁶351255352em0222‘3'tazzv‘25
1128 2927 2486 3026 tggstsmmgznmmss252‘302‘05222222152stmae

275 3021 448 3064 babimus,
472 3022 541 3057 erit
566 3033 611 3057 ue
633 3033 707 3057 una
726 3021 816 3057 undi
841 3033 885 3057 ue
898 3021 1059 3068 pulchra
1077 3024 1114 3057 et
1133 3031 1294 3056 consona
1319 3023 1390 3056 tam
1412 3023 1668 3071 imperantium
1691 3030 1799 3066 quam
1818 3019 2025 3066 parentium
2045 3018 2252 3070 concordia.

409 3067 472 3103 XI.
519 3032 657 3112 iffa-qno
676 3067 791 3112 iqitur
838 3078 881 3102 eo
900 3071 936 3102 et
953 3066 1132 3103 servatori
1151 3069 1277 3101 nostro
1300 3064 1386 3100 Iesu
1408 3064 1548 3100 Christo
1573 3075 1695 3100 omnes
1714 3064 1860 3111 pariter
1882 3063 2035 3110 hymnos
2057 3067 2201 3099 mittant
2217 3074 2288 3109 pro
2308 3062 2376 3098 hac
2398 3062 2486 3108 leqe,

321 3161 342 3194 3
359 3156 495 3203 μᾶλλον
515 3155 688 3199 δέχεσθαι
699 3159 744 3210 'B
771 3157 784 3201 ΙΙ
813 3159 832 3190 5
854 3153 942 3200 ἡμᾶς
962 3158 1020 3190 Μ’*
1046 3157 1059 3201 ΙΙ
1091 3159 1132 3192 12
1155 3157 1274 3191 οἰκίαν
1293 3158 1326 3190 L

280 3205 319 3238 14
350 3206 449 3237 verba
478 3203 592 3236 ἐκεῖνο
643 3212 856 3236 ινωσκοντες
886 3203 992 3236 nescio
1021 3215 1064 3235 an
1089 3203 1228 3237 delenda
1253 3203 1318 3236 sint

1419 3158 1438 3190 8
1463 3155 1799 3188 administrandorum
1821 3164 1917 3197 agere
1940 3155 1988 3190 R¹
2013 3154 2026 3199 ΙΙ
2047 3156 2067 3188 9
2092 3155 2218 3187 nosmet
2237 3154 2272 3187 R
2292 3153 2306 3198 ΙΙ
2328 3153 2424 3187 nobis
2447 3163 2485 3186 ex

1417 3201 1497 3244 ipsis
1527 3201 1717 3241 Heimbach]
1751 3199 1990 3242 nobismetipsis
2022 3201 2099 3232 libri
2123 3198 2136 3244 ss
2169 3201 2208 3233 10
2247 3200 2280 3232 et
2314 3211 2372 3232 om.
2395 3198 2445 3231 R¹
2472 3195 2486 3244 ss

281 3251 320 3283 19
345 3245 575 3292 εὖλαβεῖσθω
637 3248 646 3268 ¹
679 3245 895 3290 εὐλαβεῖσθε
918 3247 968 3280 L²
993 3246 1007 3292 ΙΙ
1036 3248 1076 3282 21
1112 3245 1241 3282 δεῖσθε
1268 3247 1317 3281 L'
1417 3246 1497 3289 ipsis
1519 3245 1590 3280 RV
1601 3249 1615 3290 ΙΙ
1635 3247 1672 3279 11
1700 3245 1875 3278 restituens
1898 3244 1935 3278 V
1941 3244 1952 3264 ¹
1967 3244 1979 3287 ΙΙ
2002 3246 2040 3278 14
2064 3246 2103 3276 ut
2123 3257 2181 3278 om.
2204 3245 2290 3288 vulq.
2334 3243 2486 3276 imminet

277 3294 321 3327 24
342 3292 381 3327 αἱ
402 3293 479 3327 τῶν
502 3290 686 3336 πολεμίων
710 3289 847 3332 διώξεις
870 3292 959 3328 ΕΒς
976 3291 989 3336 ΙΙ
1005 3293 1046 3327 25
1067 3289 1130 3326 οὐκ
1154 3293 1272 3327 ἔνεστι
1287 3293 1321 3325 Β
1417 3291 1565 3332 undique
1585 3291 1691 3333 suppl.
1707 3290 1741 3323 V
1741 3290 1755 3310 ²
1775 3292 1809 3324 in
1828 3296 1911 3334 spat.
1926 3302 1994 3322 vac.
2011 3289 2023 3333 ΙΙ
2046 3291 2085 3323 16
2106 3291 2260 3322 asumunt
2272 3288 2305 3322 V
2337 3286 2351 3332 ΙΙ
2369 3289 2408 3321 17
2430 3297 2483 3320 co·

278 3338 319 3371 27
344 3335 514 3382 μηδεμιᾶς
541 3333 716 3416 &aragoni-519
739 3334 919 3381 δεομένου]
950 3337 1077 3370 nullam
1100 3338 1280 3381 recipiente
1301 3337 1350 3370 di·
1416 3337 1609 3378 gnoscentes
1633 3335 1669 3368 V
1686 3334 1698 3378 ΙΙ
1717 3335 1840 3368 euitate
1861 3335 1894 3368 T
1911 3335 2009 3378 only]
2035 3336 2068 3367 et
2090 3333 2160 3385 nite
2181 3333 2251 3367 RV
2265 3332 2336 3375 120
2359 3341 2414 3364 eos
2436 3335 2484 3364 est

279 3381 434 3415 lationem
456 3385 491 3426 (ι’.
505 3396 531 3417 ε.
546 3394 595 3426 μη
619 3385 725 3427 εμίαν
744 3379 927 3425 ἀναβολὴν
949 3379 1151 3426 δεχομένου)
1175 3394 1196 3420 ς·
1210 3382 1223 3427 ΙΙ
1240 3379 1351 3416 *οὗτε
1417 3390 1563 3414 asumere
1581 3378 1618 3413 V
1659 3381 1698 3414 21
1724 3379 1819 3413 nobis
1840 3379 1874 3414 R
1890 3378 1903 3424 ΙΙ
1919 3380 1961 3412 22
1985 3380 2206 3412 exsecutiones
2227 3375 2308 3422 R’fl
2325 3378 2368 3411 24
2390 3375 2483 3408 nulla

281 3426 383 3469 libr-ia
401 3429 443 3460 30
465 3429 614 3470 μείζονα
634 3441 652 3459 ε
673 3423 815 3462 τούτων
839 3427 871 3460 L
896 3427 908 3469 ΙΙ
932 3428 974 3462 32
1003 3424 1203 3463 ἀνελλιπῶς
1225 3428 1266 3461 τὲ
1291 3429 1351 3460 καί
1417 3424 1595 3468 recipiente
1643 3425 1650 3431 '
1688 3425 1778 3458 tione
1799 3425 1876 3469 R¹n
1894 3424 2106 3466 recipientem
2133 3421 2172 3455 V
2177 3422 2187 3442 ¹
2205 3420 2275 3464 1227
2300 3421 2483 3455 uuandolos

280 3470 313 3503 L
329 3468 400 3514 1133
427 3471 507 3505 τοὺς
531 3469 745 3517 ὡρισμένως
768 3473 820 3506 B⁶
840 3470 854 3515 ΙΙ
872 3473 915 3506 34
942 3472 1009 3515 μὲν
1032 3486 1091 3507 om.
1116 3473 1152 3507 B
1184 3472 1190 3518 1
1214 3475 1255 3507 35
1289 3474 1350 3517 leq.
1418 3470 1456 3504 V
1461 3473 1479 3492 ⁶
1501 3469 1513 3512 ΙΙ
1538 3469 1719 3511 redigimus
1741 3469 1829 3504 R¹T
1843 3468 1857 3514 Ι
1873 3468 1981 3502 adhuc
2005 3470 2048 3510 et]
2073 3469 2106 3500 et
2127 3465 2235 3499 adhuc
2255 3466 2374 3510 111131
2401 3476 2481 3508 qua*

279 3511 549 3557 ἇπαντήσαιτεὶ)
568 3518 581 3561 ΙΙ
597 3519 638 3552 38
661 3511 928 3560 ὖποδεξώμεθα
951 3518 982 3550 L
1001 3517 1013 3562 ΙΙ
1029 3520 1072 3552 39
1095 3515 1163 3551 καλ
1185 3517 1206 3561 ἦ
1229 3518 1262 3551 L
1415 3516 1549 3558 propter
1570 3533 1614 3551 ,-
1638 3514 1796 3556 quaedam
1821 3516 1875 3554 (35
1913 3527 1972 3558 sup
1998 3514 2019 3547 l.
2043 3511 2091 3546 V'
2113 3512 2146 3545 in
2168 3517 2252 3554 spat.
2276 3523 2346 3545 vac.
2369 3512 2388 3543 “1
2413 3524 2481 3544 ver-

282 3577 1351 3586 Ἢ
1415 3571 1504 3593 cuum
1527 3558 1532 3602 Ι
1550 3559 1579 3592 si
1602 3561 1674 3600 uos]
1697 3569 1775 3592 snus
1798 3559 1847 3592 Β*
1870 3558 1876 3602 1
1905 3560 1947 3593 34
2006 3555 2192 3600 udsbimus]
2216 3555 2377 3588 exibimus
2398 3556 2447 3588 R¹

330 3605 345 3638 1
369 3605 551 3636 communis
574 3617 658 3647 quae
671 3608 704 3640 R
722 3607 1027 3649 communionisque
1047 3608 1144 3649 (quae
1157 3607 1194 3641 V
1196 3607 1222 3648 ²)
1235 3606 1273 3641 V
1283 3606 1352 3738 αι]
1414 3603 1517 3646 proba
1539 3604 1625 3636 imus
1644 3603 1706 3648 Rss
1723 3605 1765 3639 35
1790 3605 1823 3636 et
1842 3613 1984 3637 consona
2006 3601 2052 3643 R]
2076 3609 2283 3641 conansque
2308 3600 2345 3634 V
2361 3601 2445 3645 vulq.

281 3650 302 3682 2
325 3648 479 3681 omnibus
501 3653 539 3681 ut
563 3650 599 3683 V
614 3651 628 3693 ll
654 3653 673 3685 3
697 3652 883 3685 solitatores
902 3653 950 3686 R¹
965 3652 978 3696 ΙΙ
995 3651 1244 3685 substantiistiis
1268 3651 1314 3685 R*
1416 3649 1458 3682 36
1471 3660 1518 3691 sq.
1542 3648 1786 3691 *congruentia
1808 3658 1937 3691 magna·
1983 3646 2100 3687 ῙΜΕΘ
2122 3644 2184 3677 ‘¹⁶⁰
2207 3644 2285 3679 mm·

282 3695 302 3727 5
335 3703 465 3735 quoque
497 3704 556 3728 uos
586 3696 689 3737 suppl.
717 3696 752 3728 V
756 3696 769 3715 ²
800 3698 832 3729 in
863 3704 946 3740 spat.
977 3709 1046 3730 vac.
1074 3696 1087 3741 ΙΙ
1115 3699 1242 3729 uestros
1265 3695 1312 3728 R·
