2618 4010
240 148 347 193 Nov.
378 148 482 191 XIX

239 257 435 300 διατάξεως
465 255 703 302 συλλάβωμεν
738 257 915 303 θέματα)·
947 259 1043 293 ἔστω
1080 260 1139 291 καὶ
1171 254 1193 301 ἦ

238 307 368 351 γνησία
391 306 451 337 καὶ
474 302 511 337 οἱ
527 300 652 337 παῖδες
675 299 879 344 ὖπεξοὺσιοι
895 305 956 337 καὶ
980 314 1057 338 sum
1076 304 1135 336 καὶ
1160 302 1199 343 ἐξ
1215 300 1314 337 αδια-

239 349 350 383 &brev
373 346 587 395 κληρονόμοι
609 348 663 390 τῷ
686 344 914 395 γεγεννηκότι
939 349 1072 393 (φαμὲν
1089 345 1128 380 δὲ
1137 346 1226 400 goim
1242 346 1314 395 πρὸ

237 394 316 427 τῶν
339 392 788 446 προικῴωνκτεχθένταεν
812 393 891 427 τῶν
915 390 1024 433 ὁδῶν,
1049 389 1101 426 δι’
1125 404 1178 426 ων
1197 392 1244 426 εἰς
1260 389 1314 426 εὖ·

1314 142 1394 191 138

1869 159 1929 191 ΒΕ
1957 158 2087 190 FILIIS
2115 158 2232 190 ANTE
2260 155 2455 189 Do'rALIA

1383 260 1520 301 casus):
1556 256 1605 292 sit
1638 258 1676 292 et
1706 266 1798 292 uxor
1830 257 1987 302 legitima
2017 260 2054 294 et
2085 257 2151 294 filii
2182 256 2250 293 sub
2279 256 2456 302 potestate

1382 303 1495 348 ipsius
1519 303 1556 338 et
1587 300 1643 337 sui
1665 303 1703 336 et
1724 301 1771 337 ab
1794 301 1963 340 intestato
1993 302 2142 339 heredes
2173 300 2325 346 genitori
2356 299 2455 354 (dici-

1383 357 1461 383 mus
1485 349 1606 382 autem
1629 355 1710 388 eos,
1741 346 1801 391 qui
1829 350 1913 383 ante
1942 348 2086 393 nuptias
2114 347 2189 383 nati
2221 349 2335 390 sunt);
2369 355 2455 387 nas,

1383 402 1448 437 per
1470 401 1559 436 quas
1583 390 1629 426 ad
1650 389 1922 436 ingenuitatem,
1954 392 2148 429 secundum
2170 391 2264 435 quod
2293 389 2454 443 praedic-

236 441 380 485 γένειαν
403 451 494 472 κατα
515 449 558 472 το
577 440 834 486 προειρημένον
852 435 1035 484 ἀφίκοντο,
1062 439 1122 470 καὶ
1141 437 1203 480 τῆς
1224 435 1314 481 μετὰ
1350 440 1369 472 5
1383 442 1458 472 tum
1481 439 1552 477 est,
1576 438 1765 478 venerant,
1789 435 2025 473 celebratione
2053 442 2180 482 postes.
2202 436 2372 472 dotalium
2399 434 2455 469 ius

236 483 352 517 ταῦτα
386 483 466 517 τῶν
497 481 694 530 προικῴων
728 480 906 526 ποιήσεως
939 481 981 517 τὸ
1016 480 1165 528 γνήσιον
1195 480 1315 517 αὐτοῖς
1382 480 1618 526 legitimorum
1641 480 1692 516 eis
1714 479 1935 526 praebentes.

235 529 493 573 χαριζομένων.

246 614 254 625 ε
281 570 567 627 <Ἐπίλργος.>
622 570 669 608 Ἡ
696 576 819 627 τόίνυν
851 572 895 615 σὴ
926 567 1083 625 ῥπεροχη
1118 568 1181 625 τὰ.
1199 570 1315 625 nageb:

237 620 322 662 ημῖν
343 621 403 652 καὶ
426 622 534 673 οσίωε
556 629 797 666 παρασταντα
826 620 886 651 καὶ
916 618 1006 663 υπὲρ
1036 627 1098 660 τηε
1126 629 1206 651 των
1233 629 1313 661 ημε-

1426 569 1688 616 (Epilogus.)
1733 569 1813 605 Tua
1847 569 1954 615 igitur
1982 570 2204 614 excellentia,
2241 579 2334 616 quae
2366 570 2456 606 bene

1381 616 1485 652 nobis
1514 618 1551 651 et
1580 619 1706 651 sancte
1728 614 1805 650 visa
1836 618 1920 650 sunt
1948 618 1985 650 et
2013 625 2080 668 pro
2108 619 2310 651 nostrorum
2339 614 2456 658 quiete

235 665 354 708 τέρων
375 661 549 708 ὑπηκοων
571 660 846 711 ἀπραγμοσύνης
876 662 1095 716 ἐξηυρημένα
1127 662 1168 695 ἐν
1197 658 1313 696 ἅπασι
1331 665 1369 696 10
1382 661 1581 704 adinventa,
1603 660 1766 696 omnibus
1786 659 1952 705 gentibus
1967 660 2095 706 qulbus
2110 663 2254 706 praeest
2273 670 2336 706 per
2354 669 2455 704 prae—

236 710 310 742 τοῖς
331 708 484 744 ἴθ’νεσιν
506 707 557 743 οἷς
580 708 679 755 ἄρχει
706 706 765 742 διὰ
788 718 1024 753 κηρυγματων
1046 706 1190 740 οἰκείων
1213 718 1312 750 ποιη·

236 751 338 788 σάτω
357 753 508 802 φανερά,
533 750 621 788 diste
643 751 835 801 γινώσκειν
857 750 991 791 αὐτούς,
1018 748 1065 785 ὡς
1085 748 1235 796 οὐδεμία
1252 764 1312 796 με-

234 801 340 852 γίστη
356 803 512 853 φροντίς,
537 796 586 833 δι’
609 789 665 833 ὧν
686 795 746 831 ἀεί
767 811 803 831 τι
828 796 1066 842 προςτίθησιν
1089 793 1109 830 ὁ
1132 795 1220 831 θεὸς
1242 799 1315 831 τοῖς

1383 716 1424 742 ce
1449 710 1487 742 ta
1509 706 1655 752 propria
1677 705 1789 741 faciat
1816 705 2023 748 manifesta,
2054 708 2096 740 ut
2125 708 2340 751 agnoscant,
2373 704 2457 748 quia

1381 761 1405 786 n
1444 751 1480 786 la
1502 751 1655 786 maxima
1679 761 1783 791 cura,
1814 759 1878 794 per
1902 760 2007 795 quam
2030 759 2170 796 semper
2191 749 2325 795 aliquid
2349 749 2456 784 adicit

1384 796 1471 832 deus
1496 796 1626 832 nostris
1650 795 1812 841 sceptris,
1844 797 1947 830 extra
1969 805 2036 831 nos
2059 795 2222 831 consistit
2244 805 2310 840 pro
2334 804 2455 829 eorum

235 847 416 899 ημετρροις
439 855 650 891 σκηπτροις,
682 843 753 883 ἔξω
776 842 999 885 καθίστησιν
1022 838 1110 886 ἡμᾶς
1134 842 1197 885 τῆς
1227 838 1318 889 ὑπὲρ
1386 841 1626 877 sollicitudine
1649 845 1686 876 et
1707 840 1941 886 providentia.

236 901 361 924 αυτων
382 888 582 934 ἐπιμελείας
604 902 645 922 τε
667 890 727 921 καὶ
751 890 929 933 προνοίας.

280 933 364 971 Dat.
389 935 425 970 k.
450 935 542 970 Mar.
569 933 637 969 ΟΡ.
662 931 780 978 <post>
806 941 902 967 cons,
928 931 1091 967 Belisarii
1116 943 1149 970 v.
1169 942 1201 969 c.
1261 934 1308 974 [a.
1334 935 1426 974 536]
1474 932 1556 967 Dat.
1580 931 1617 967 k.
1642 931 1734 967 Mar.
1760 930 1830 966 ΟΡ.
1854 932 1938 977 post
1961 939 2058 965 cons.
2082 929 2245 966 Belisarii
2267 941 2299 966 v.
2324 940 2355 965 c.

301 1180 478 1234 ΠΕΡΙ
507 1179 655 1234 ΤΩΝ
685 1114 835 1234 ΠξΟ
865 1179 1013 1233 ΤΩΝ
1043 1179 1245 1233 ΠΡΟΙ-

237 1247 475 1301 ΚῼΙῼΝ
523 1248 1016 1301 ΣΥΜΒΟΛΑΙῼΝ
1066 1248 1313 1301 ΤΙΚΤΟ·

478 1315 746 1369 ΜΕΝῼΝ
777 1315 1073 1369 ΠΑΙΔῼΝ.

235 1392 272 1428 ‘0
301 1391 409 1429 αὐτὸς
441 1394 608 1440 βασιλεὺς
635 1393 784 1443 Ἰωάννῃ
818 1398 872 1440 τῷ
909 1392 1133 1437 ἐνδοξοτάτῳ
1169 1391 1313 1437 ἐπάρχῳ

236 1441 314 1474 τῶν
346 1439 456 1488 ἱερῶν
485 1442 546 1484 τῆς
570 1437 644 1474 “Em
675 1445 915 1490 πραιτωρίων
944 1439 988 1475 τὸ
1018 1437 1205 1486 δεύτερον,
1241 1437 1314 1473 ἀπὸ

549 1483 701 1520 ὑπάτων
724 1490 785 1520 καὶ
806 1489 999 1533 πατρικίῳ.

281 1545 311 1588 Ᾰ
350 1554 407 1597 (Π
411 1566 484 1601 ροο
492 1557 508 1587 ί
509 1568 536 1598 μ
545 1569 557 1588 ι
565 1567 585 1588 ο
593 1554 644 1599 ν.)
681 1547 827 1588 ἸἮλθεν
847 1553 898 1608 εἰς
920 1550 1022 1598 ἡμᾶς,
1046 1548 1317 1608 ἀμφισβήτησιν

1382 1182 1476 1230 DE
1524 1180 1728 1230 FILIIS

1871 1109 1967 1145 XIX.
2172 1109 2259 1145 Coll.
2285 1110 2339 1145 111
2361 1111 2415 1146 tit.
2438 1115 2458 1146 (5

1781 1180 1967 1229 ANTE
2019 1178 2323 1228 DOTALIA
2372 1181 2458 1229 IN-

1583 1247 2000 1297 STRUMENTA
2036 1246 2257 1296 NATIS.

1606 1392 1692 1436 Imp.
1709 1391 1929 1426 Iustinianus
1942 1391 1986 1426 A.
2001 1390 2151 1426 Iohanni
2172 1402 2231 1436 pp.

1428 1547 1703 1596 (Praefatio.)
1748 1548 1914 1583 Pervenit
1944 1547 1991 1583 ad
2021 1557 2087 1583 nos
2120 1546 2377 1582 dubitationem
2399 1557 2458 1582 va-

235 1601 398 1651 ,uar—alav
419 1601 518 1633 τισὶν
541 1601 727 1644 ἐμπεσεῖν,
759 1599 791 1633 εἰ
816 1612 863 1634 τα
892 1597 1199 1650 νομοθετηθεντα
1223 1593 1313 1650 παρ’
1329 1599 1371 1631 25
1384 1605 1466 1630 nam
1490 1593 1701 1639 quibusdam
1729 1593 1913 1636 incidisse,
1947 1593 1993 1635 si,
2027 1592 2121 1637 quod
2154 1593 2327 1627 sancitum
2354 1596 2409 1627 est
2438 1603 2460 1627 a

236 1641 340 1688 ἡμων
359 1646 442 1690 περὶ
464 1645 543 1678 τῶν
562 1642 709 1679 παίδων
726 1645 805 1678 τῶν
828 1646 1035 1691 γενομένων
1059 1654 1130 1687 προ
1153 1642 1214 1684 τῆς
1237 1654 1316 1675 των

236 1686 434 1736 προικῴων
457 1688 650 1733 ποιήσεως,
681 1685 831 1735 ὕστερον
854 1690 932 1723 τῶν
955 1687 1152 1735 προικιρων
1174 1688 1315 1733 γενομέ-

235 1746 325 1775 νων,
356 1731 421 1768 οὐκ
443 1734 492 1768 εἰς
519 1731 683 1782 τοῷπίσω
708 1737 853 1780 φέρεται
885 1735 946 1769 ἐπὶ
975 1734 1054 1767 τῶν
1083 1731 1134 1785 μῂ
1162 1728 1317 1785 phygi}

1385 1639 1488 1675 nobis
1512 1639 1556 1674 de
1578 1639 1659 1674 filiis
1683 1639 1883 1683 procreatis
1907 1642 1990 1673 ante
2020 1638 2153 1672 dotium
2176 1637 2459 1680 celebrationem,

1386 1688 1513 1730 postea
1537 1684 1681 1719 dotibus
1704 1684 1829 1726 factis,
1853 1694 1924 1719 non
1949 1687 1986 1718 et
2009 1683 2045 1717 in
2069 1683 2301 1727 praeteritum
2323 1682 2460 1718 feratur

1386 1732 1423 1765 in
1454 1730 1510 1765 his
1540 1739 1631 1775 quae
1654 1739 1727 1764 non
1750 1729 1894 1764 decreto
1926 1732 1991 1763 aut
2015 1727 2259 1763 transactione
2283 1732 2367 1762 sunt
2389 1731 2459 1763 ter-

238 1775 400 1812 διαλύσει
423 1782 662 1824 τετμημένων
686 1779 888 1822 ζητήσεων·
921 1782 1080 1825 καίτοιγε
1102 1789 1224 1822 ημων,
1256 1789 1318 1811 on
1385 1775 1542 1810 minatae
1573 1773 1858 1820 quaestionibus:
1895 1773 1998 1808 nobis
2027 1773 2167 1818 utique,
2199 1783 2280 1807 cum
2302 1772 2459 1818 particu-

236 1822 330 1858 κατὰ
359 1826 465 1871 μέρος
495 1824 666 1878 ἐτίθεμεν
692 1823 776 1858 τοὺς
802 1822 949 1868 νόμους,
979 1824 1095 1876 ῥητῶς
1126 1820 1219 1855 κατὰ
1249 1820 1317 1865 τὴν
1331 1824 1373 1856 30
1387 1820 1511 1855 lariter
1533 1829 1745 1865 poneremus
1768 1819 1875 1863 leges,
1907 1818 2100 1863 expressim
2126 1818 2163 1853 in
2187 1817 2302 1863 prima
2326 1818 2458 1853 consti·

237 1867 389 1916 πρώτην
413 1867 580 1910 διάταξιν
603 1883 672 1913 την
695 1870 811 1904 ταῦτα
834 1866 1316 1921 νομοθετουσανΙμνησθέν·

1386 1865 1541 1907 tutione,
1566 1874 1657 1910 quae
1681 1865 1770 1899 haec
1793 1863 1956 1906 sancivit,
1980 1863 2274 1905 memorantibus,
2306 1867 2363 1904 ut,
2387 1863 2461 1899 sive

236 1926 325 1956 των,
350 1911 409 1956 ὥς,
433 1914 504 1948 εἴτε
527 1918 705 1962 περίεισιν
726 1911 846 1948 αὐτοῖς
869 1913 906 1947 οἱ
923 1916 1074 1959 πατέρες
1093 1913 1164 1945 ein
1186 1910 1317 1945 ἐτελεύ·
1387 1912 1581 1955 supersunt
1603 1909 1654 1945 eis
1679 1914 1798 1961 patres
1823 1909 1896 1944 sive
1919 1908 2078 1944 defuncti
2103 1912 2203 1951 sunt,
2228 1908 2383 1943 nondum
2407 1912 2459 1943 ta-

237 1971 370 2003 τησαν,
401 1958 505 1994 οὔπω
527 1962 654 2004 μέντοι
685 1957 731 1994 τὰ
754 1957 847 1993 κατὰ
876 1957 939 1993 τοὶς
964 1955 1134 1992 τοιαύτας
1158 1954 1318 1999 ζητήσεις
1386 1965 1467 1990 men
1490 1954 1692 1990 huiusmodi
1717 1954 1941 1998 quaestiones
1965 1958 2028 1988 aut
2052 1954 2235 1988 sententiis
2259 1957 2322 1989 aut
2344 1957 2459 1988 trans—

282 2050 367 2087 Νου.
391 2051 493 2084 ΧΙΧ
513 2052 570 2093 (=
598 2051 676 2084 Call.
702 2051 766 2084 III
787 2051 832 2084 tit.
858 2052 896 2084 6:
920 2049 1032 2093 gloss.)
1061 2048 1186 2082 Graece
1210 2055 1298 2080 extat
1322 2048 1354 2080 in
1380 2047 1485 2079 MLA
1509 2047 1556 2087 (in
1577 2046 1635 2078 Ιιοσ
1659 2052 1705 2078 est
1727 2042 1844 2077 τίτλος
1868 2046 1914 2085 ἓ).
1935 2063 1979 2068 —-
2003 2045 2092 2088 Epic.
2119 2045 2240 2078 Themi.
2267 2047 2324 2087 ll,
2356 2045 2460 2078 Atha-

177 2094 182 2099 ’
239 2108 308 2130 nas.
335 2097 390 2138 11,
414 2103 442 2129 2.

239 2151 2449 2167 -*—-.-—--....-—-—-—-——-————-——-——-———-——-——-—-

238 2185 615 2232 comprehendamus)-
649 2188 686 2220 et
708 2194 809 2220 uxor
835 2187 912 2219 esto
940 2182 1101 2228 legitima
1124 2185 1160 2216 et
1182 2180 1288 2216 liberi
1307 2181 1346 2215 in
1370 2184 1556 2227 potestate
1578 2184 1615 2215 et
1636 2179 1695 2214 sui
1716 2183 1752 2214 et
1774 2178 1933 2225 qenitori
1955 2177 2000 2213 ab
2024 2178 2194 2213 intestato
2217 2176 2366 2212 heredes
2395 2176 2459 2218 (di—

237 2231 351 2266 cimus
373 2234 492 2266 autem
515 2234 624 2266 natos
651 2233 735 2265 ante
759 2227 899 2264 dotalia
920 2227 1172 2268 instrumenta)
1178 2238 1193 2267 ;
1222 2236 1302 2260 cum
1324 2225 1426 2271 ipsae
1447 2225 1545 2266 viae,
1572 2235 1643 2270 per
1666 2234 1758 2269 quas
1782 2223 1832 2258 ad
1853 2223 2111 2268 inqenuitatem
2135 2222 2242 2257 modo
2266 2221 2460 2269 praedicto

234 2279 498 2322 pervenerunt,
527 2279 564 2310 et
594 2285 690 2321 quae
711 2277 835 2309 secuta
859 2276 913 2308 est
936 2271 1118 2316 confectio
1148 2270 1324 2305 dotalium
1347 2270 1667 2304 instrumentorum
1693 2268 1751 2302 tus
1775 2267 2015 2313 legitimorum
2037 2267 2111 2302 illis
2136 2271 2332 2313 praestent.

375 2319 463 2367 Epi
470 2319 484 2354 l
492 2331 618 2366 oqus.
668 2318 746 2354 Tua
776 2318 892 2364 iqitur
921 2316 1123 2352 sublimitas
1152 2326 1196 2350 ea
1228 2326 1322 2360 quae
1352 2318 1449 2350 recte
1479 2313 1584 2349 nobis
1614 2317 1651 2348 et
1679 2317 1804 2348 sancte
1829 2312 2048 2358 placuerunt
2077 2317 2113 2347 et
2135 2323 2210 2358 pro
2237 2310 2461 2347 subditorum

238 2369 447 2401 nostrorum
472 2364 735 2411 tranquillitate
758 2362 972 2409 excoqitata
990 2364 1095 2402 sunt,
1118 2360 1157 2394 in
1181 2359 1345 2395 omnibus
1362 2359 1577 2406 provinciis,
1602 2357 1732 2403 quibus
1752 2360 1914 2404 praeest,
1941 2367 2010 2409 per
2029 2356 2147 2392 edicta
2168 2356 2323 2403 propria
2349 2356 2461 2390 mani-

236 2411 336 2457 festa
357 2410 497 2456 saciat:
525 2415 568 2446 ut
590 2411 816 2456 coqnoscant
850 2406 988 2442 nullam
1011 2417 1062 2442 ex
1083 2405 1256 2441 maximis
1278 2404 1389 2446 curis,
1413 2415 1486 2451 per
1509 2414 1603 2450 quas
1625 2402 1714 2438 deus
1737 2412 1878 2449 semper
1901 2401 2043 2448 ahquid
2062 2402 2218 2448 sceptris
2239 2400 2376 2436 nostris
2399 2400 2462 2435 ad-

238 2455 375 2502 iunqit,
398 2466 467 2491 nos
490 2454 631 2491 alienos
653 2452 806 2490 reddere
828 2463 852 2489 a
874 2450 1119 2487 sollicitudine
1141 2453 1178 2486 et
1192 2449 1427 2497 providentia
1446 2460 1518 2497 pro
1541 2447 1615 2484 illis
1637 2446 1813 2486 habenda.

453 2656 557 2708 DE'
584 2654 889 2707 LIBERIS
919 2653 1109 2704 ANTE
1138 2582 1450 2704 Domffu
1486 2647 1986 2702 JNSTRIJMENTA
2021 2647 2243 2699 NATIS.

288 2746 387 2784 Idem
411 2748 597 2795 Auqustus
622 2744 781 2782 Iohanni
803 2745 1068 2793 qloriosissimo
1085 2743 1277 2791 praefecto
1301 2752 1410 2777 sacro
1432 2739 1590 2778 Orientis
1601 2739 1794 2788 praetorio
1815 2739 1957 2781 iterum,
1980 2738 2171 2774 exconsuli
2190 2743 2227 2775 et
2240 2738 2414 2785 patricio.

377 2813 632 2861 Praefatio.
680 2812 867 2849 Perlatum
892 2816 947 2848 est
968 2812 1018 2847 ad
1039 2822 1119 2854 nos,
1143 2810 1404 2846 dubitationem
1426 2808 1569 2844 inanem
1594 2807 1806 2855 quibusdam
1829 2805 2009 2848 incidisse,
2033 2816 2127 2851 quae
2149 2817 2173 2841 a
2196 2805 2300 2841 nobis
2321 2807 2463 2842 sancita

240 2864 325 2897 sunt
356 2859 401 2896 de
429 2859 552 2895 liberis
581 2858 680 2894 natis
710 2862 795 2894 ante
825 2857 966 2894 dotalia
996 2858 1236 2892 instrumenta
1266 2856 1393 2901 facta,
1423 2857 1471 2892 ut.
1497 2858 1615 2889 tamen
1643 2856 1773 2900 postea
1799 2852 1932 2898 fierent
1961 2850 2101 2886 dotalia
2123 2850 2383 2894 instrumenta,
2414 2862 2460 2886 an

242 2906 350 2942 etiam
372 2909 574 2940 retrorsum
597 2903 811 2949 referantur
834 2903 884 2939 ad
904 2903 1134 2950 quaestiones
1155 2900 1334 2937 sententia
1357 2902 1423 2935 aut
1456 2899 1704 2934 transactione
1725 2908 1800 2933 non
1823 2896 1975 2945 decisas
2019 2894 2245 2942 Quamquam
2267 2906 2354 2937 nos,
2383 2906 2462 2932 cum

241 2950 452 2998 sinqulatim
477 2950 574 2996 leqes
594 2948 815 2995 ferebamus,
836 2959 886 2984 ex
912 2958 1010 2983 resse
1027 2947 1066 2982 in
1083 2947 1208 2994 prima
1232 2943 1488 2982 constitutione
1510 2943 1555 2979 de
1575 2943 1631 2978 his
1650 2943 1726 2979 lata
1745 2941 2028 2983 memoravimus,
2051 2941 2125 2977 sive
2142 2945 2317 2988 parentes
2338 2951 2462 2988 super-

242 2996 344 3032 stites
373 2995 448 3031 sive
478 2994 645 3040 defuncti
672 2993 762 3035 sint,
793 3004 859 3029 nec
885 3004 944 3028 um
972 3003 1056 3028 vero
1081 3003 1176 3038 quae
1200 2990 1250 3026 ad
1272 2988 1446 3026 eiusmodi
1466 2989 1697 3035 quaestiones
1721 2988 1911 3035 pertinent
1939 2991 2003 3021 aut
2033 2986 2220 3022 sententiis
2249 2991 2312 3022 aut
2345 2990 2462 3022 trans-

291 3090 305 3122 1
328 3088 389 3120 καὶ
412 3062 508 3120 ἔστω
531 3081 553 3128 ἡ
576 3084 621 3118 Μ
638 3084 651 3128 ΙΙ
675 3086 696 3119 2
717 3061 815 3118 σοῦοι
838 3085 869 3118 L
892 3081 1033 3131 γνήσιοι
1057 3084 1093 3117 Β
1108 3083 1121 3126 ΙΙ
1140 3086 1159 3118 5
1184 3081 1246 3124 τῆς
1270 3082 1321 3121 M,
1390 3083 1430 3115 27
1450 3080 1696 3127 γινομένωνΑ
1714 3078 1785 3124 1128
1803 3075 1866 3112 οὐκ
1887 3077 1946 3118 εἰς]
1964 3073 2009 3110 ἂν
2030 3077 2119 3110 εἰςΑ
2141 3088 2211 3109 ιιοιι
2233 3079 2265 3109 et
2286 3077 2322 3109 in
2333 3078 2369 3119 (i.
2383 3089 2409 3111 e.
2422 3072 2462 3110 οὗ

243 3132 293 3166 L*
315 3133 412 3173 corn]
442 3130 506 3165 τὰς
529 3131 589 3164 I).
608 3127 690 3163 τοὺς
711 3129 759 3163 L²
780 3143 832 3173 pr.
859 3130 872 3174 11
902 3132 923 3164 6
954 3129 1044 3169 τῶν]
1070 3128 1131 3171 τῆς
1154 3126 1232 3161 τῶν
1256 3127 1287 3159 L
1318 3127 1322 3169 Ι
1389 3129 1449 3159 καὶ
1466 3126 1526 3162 εἰς)
1546 3138 1565 3162 ς
1583 3125 1595 3170 ΙΙ
1611 3122 1722 3169 ψὴφω
1741 3119 1763 3166 ἢ
1786 3123 1847 3164 L2]
1870 3119 2005 3167 ψήφων
2023 3122 2093 3155 MA
2118 3125 2221 3167 ψίφω
2247 3122 2292 3155 L¹
2311 3121 2324 3166 Ι
2340 3124 2383 3156 30
2405 3121 2463 3168 ρη-

244 3181 262 3212 7
287 3177 519 3231 χαριζομένης
539 3176 570 3209 L
585 3174 599 3219 ΙΙ
623 3177 660 3209 10
683 3171 855 3217 ὑπηκόων
878 3188 937 3208 om.
959 3186 979 3211 ς
996 3174 1008 3217 ΙΙ
1024 3173 1238 3219 ἐξευρημένα
1256 3172 1287 3204 L
1318 3172 1321 3213 Ι
1390 3171 1472 3212 τῶς]
1491 3169 1537 3204 τὰ
1559 3170 1677 3215 ῥητῶς
1696 3170 1727 3202 Α
1745 3168 1758 3212 ΙΙ
1773 3166 1840 3211 τὴν
1858 3166 2011 3213 πρώτην
2025 3164 2203 3208 διάταξιν]
2221 3168 2298 3201 Cod.
2313 3169 2344 3208 5,
2353 3167 2464 3209 2Ί,1011

248 3225 287 3257 14
312 3232 531 3268 σκημπτροισ
553 3221 584 3254 L
600 3219 613 3264 ΙΙ
646 3222 686 3254 16
710 3220 742 3253 k.
768 3220 852 3253 Mar.
877 3222 934 3264 (cjl
959 3231 1029 3253 nov.
1054 3218 1188 3252 LXVI
1211 3219 1221 3251 1
1252 3217 1321 3259 §D

246 3268 292 3301 M
308 3268 382 3301 Ath.
406 3268 505 3311 (μηνὶ
523 3267 665 3310 μαρτίῳ
683 3265 828 3306 Theoti).
859 3265 1038 3308 Exemplar
1058 3263 1204 3298 novellae
1224 3262 1322 3296 latine

246 3314 397 3356 scriptum
421 3313 469 3345 ad
485 3311 688 3345 Salomonem
708 3322 767 3353 pp.
781 3311 917 3353 Africae
938 3311 1047 3343 datum
1065 3316 1110 3342 est
1130 3308 1196 3342 kal.
1213 3306 1322 3350 April.

246 3359 302 3400 (cs.
324 3370 394 3391 nov.
409 3356 543 3390 LXVI
562 3356 583 3390 1.
599 3354 760 3398 c.)1post
784 3365 871 3387 cons.
896 3354 1052 3387 Belisarii
1076 3363 1106 3386 ν.
1125 3363 1153 3386 c.
1177 3364 1197 3388 c
1221 3348 1323 3395 (μετὰ

247 3397 424 3435 ὑπατείαν
447 3398 661 3447 Βελισαρίου
689 3400 830 3440 ῚῚιεοᾱ.,·
860 3399 926 3433 dat.
951 3409 984 3442 p.
1008 3409 1034 3432 e.
1060 3397 1211 3431 Bilisarii
1234 3396 1322 3437 lut),

249 3444 413 3488 bilis1sarii
444 3446 490 3480 ᾗ
526 3456 613 3479 cons.
651 3445 699 3478 M
725 3439 910 3487 (ὑπατείας
943 3441 1155 3489 Βελισαρίου
1187 3442 1278 3482 ΔιΙι.)

254 3492 293 3523 18
318 3489 388 3534 πρὸ
411 3492 487 3524 τῶν
510 3504 568 3524 om.
589 3491 620 3524 L
645 3486 729 3533 (πρὸ
751 3490 828 3523 add.
841 3502 867 3522 ε.
881 3502 909 3522 v.
936 3489 1007 3530 L²)‚
1032 3485 1239 3535 προϊόντων
1262 3487 1291 3518 A

254 3535 294 3567 19
314 3537 547 3578 τικτομένων]
579 3533 772 3581 προόντων
794 3534 825 3567 A
853 3534 866 3577 ΙΙ
895 3536 933 3567 21
968 3528 1214 3579 Αὐτοκράτωρ
1243 3526 1322 3563 Ἰου-

251 3577 432 3612 στινιανὸς
453 3578 732 3625 αὗγουστουστος
750 3580 823 3622 (sie)
843 3577 979 3620 ἰωάννη
994 3580 1022 3611 Α
1039 3578 1052 3622 ΙΙ
1071 3575 1216 3623 ἐπάρχῳ
1235 3576 1324 3616 Alli]

251 3618 399 3668 ὑπάρχῳ
421 3623 524 3667 ειη-ι
542 3626 585 3658 22
606 3625 654 3658 rm
679 3624 736 3666 M]
758 3620 851 3658 ιώας
870 3624 901 3657 Α
925 3614 1037 3656 alnae
1059 3623 1087 3655 L
1103 3622 1116 3666 u
1135 3624 1177 3656 23
1198 3631 1324 3667 πατρι-

252 3680 343 3711 κίων
369 3678 438 3711 MA
465 3677 478 3722 ΙΙ
515 3681 557 3712 24
590 3682 619 3712 A
648 3688 738 3714 notat
761 3681 793 3714 L
819 3681 832 3723 Ι
861 3682 904 3714 25
934 3680 1042 3718 τισὶν]
1077 3691 1135 3712 om.
1162 3677 1280 3711 Theod.

255 3724 298 3758 26
322 3719 573 3768 mel-natam
588 3725 617 3756 A
635 3725 648 3767 ΙΙ
663 3728 892 3770 γεννομένων
911 3724 956 3758 L¹
987 3723 1228 3769 γεννωμένων
1248 3720 1296 3755 L²

1390 3218 1433 3251 32
1457 3215 1528 3261 εἴγε
1550 3218 1726 3261 περίεισιν
1750 3215 1780 3247 A
1795 3213 1809 3257 fl
1827 3215 1868 3247 33
1893 3211 1950 3254 τὰ]
1973 3210 2035 3245 τὰς
2055 3213 2102 3246 L¹

1441 3319 1453 3351 Ι
1481 3326 1558 3349 casu
1578 3316 1630 3350 V²
1648 3315 1661 3360 ΙΙ
1678 3317 1696 3349 3
1722 3315 1769 3349 eis
1788 3315 1837 3349 V¹
1854 3313 1867 3359 ΙΙ
1884 3315 1946 3346 viis
1976 3322 2006 3347 et
2029 3317 2049 3347 6
2080 3314 2314 3356 praebentibus
2335 3312 2391 3346 val
2413 3338 2419 3345 .
2451 3313 2463 3356 ss

1392 3365 1411 3396 5
1435 3361 1574 3394 ueniant
1594 3361 1645 3394 1⁷³
1661 3361 1674 3405 ΙΙ
1691 3359 1943 3393 celebrationem
1970 3359 2018 3391 Β*
2049 3362 2081 3391 et
2104 3358 2322 3391 celebratione
2344 3326 2429 3400 υιιῗρ.
2450 3356 2462 3400 ΙΙ

1391 3409 1412 3441 9
1443 3407 1525 3447 visa]
1557 3406 1645 3438 iussa
1668 3406 1699 3439 V
1725 3405 1738 3449 ΙΙ
1765 3407 1806 3439 10
1836 3404 1970 3447 quibus]
2002 3404 2061 3446 qui
2083 3403 2131 3436 R·
2162 3403 2175 3446 ΙΙ
2199 3412 2258 3445 por
2276 3414 2335 3436 mn.
2365 3401 2417 3434 V¹
2449 3403 2461 3446 ΙΙ

1395 3453 1435 3486 13
1471 3454 1564 3483 extra
1598 3453 1670 3491 nos]
1711 3452 1883 3483 extraneos
1906 3449 1955 3482 R·
1983 3448 1996 3492 ΙΙ
2029 3450 2068 3483 16
2102 3449 2223 3481 subscr.
2248 3446 2391 3479 dedimus
2425 3459 2463 3479 ex

1393 3497 1512 3530 Bamb.
1526 3496 1570 3528 ΙΙ
1589 3503 1618 3529 ει
1646 3496 1807 3529 Orielensi
1822 3494 1835 3538 ΙΙ
1852 3494 1931 3536 Cap.
1952 3494 2069 3526 Bamb.
2087 3491 2189 3536 {post
2211 3488 2336 3524 oonoln.
2362 3491 2460 3524 Oriel.

1392 3541 1457 3573 uio.
1472 3542 1531 3573 csl.
1556 3541 1673 3573 Bamb.
1692 3540 1706 3584 ΙΙ
1722 3539 1877 3572 Bilisario
1900 3539 1965 3570 uie.
1995 3538 2032 3579 (ῐ
2057 3536 2169 3577 Orici.)
2189 3535 2323 3568 consule
2348 3535 2461 3575 Oriel„

1397 3586 1512 3619 Bamb.
1537 3581 1580 3618 II
1593 3585 1605 3629 ΙΙ
1623 3587 1663 3618 27
1687 3585 1837 3618 ferantur
1861 3583 1910 3617 R¹
1928 3583 1942 3627 fl
1957 3584 1999 3617 28
2022 3580 2234 3615 determinate
2265 3579 2318 3623 Vss
2343 3582 2385 3613 30
2409 3591 2462 3613 ex-

1393 3640 1534 3673 pressum
1564 3630 1614 3663 V¹
1640 3630 1683 3663 al.
1707 3628 1721 3673 fl
1749 3629 1785 3661 in
1815 3629 1935 3671 prima]
1966 3627 2057 3660 ini·-
2088 3624 2134 3658 V¹
2163 3624 2198 3656 in
2231 3627 2342 3657 nostra
2371 3624 2422 3658 V’
2451 3625 2464 3670 ΙΙ

1313 3675 1328 3755 Ι
1396 3675 1438 3708 32
1462 3675 1628 3718 supersint
1653 3682 1682 3708 et
1703 3673 1771 3707 sint
1794 3674 1879 3717 vulq.
1894 3673 1909 3716 Ι
1926 3673 1968 3707 33
1992 3669 2192 3713 quaestionis
2223 3669 2274 3703 V¹
