2618 4010
175 165 236 197 DE
264 163 607 198 EXECU'I'ORIBUS

261 368 460 422 ⁴IIEPI
489 367 637 421 ΤΩΝ
668 304 1150 422 ΙῗῖςΚΒΙΒΑΣΤῼΝ

176 435 315 487 ΚΑΙ
363 434 519 488 ΤΩΝ
564 436 1066 489 ΑΙΤΙῼΜΕΝῼΝ
1115 437 1253 489 ΚΑΙ

176 504 222 554 A
229 502 282 554 N
284 502 487 555 TAITI
491 504 1030 628 AzssgffiffgffglgiNffiXAI
1057 507 1117 558 Δ]
1124 504 1226 557 ΚΑ
1236 529 1252 536 -

173 645 421 695 Αὐτοκράτωρ
444 647 695 685 Ἰουστινιανὸς
716 651 925 698 Αὔγουστος
947 648 1096 698 Ἰωάννῃ
1120 653 1173 694 τῷ
1200 653 1254 685 ἐν·

174 692 360 738 δοξοτάτῳ
382 695 528 741 ἐπάρχῳ
551 697 628 730 τῶν
645 694 871 731 ἀνατολικῶν
892 701 1128 742 πραιτωρίων
1147 697 1188 730 τὸ
1206 696 1253 740 β’,

316 738 390 774 ἀπὸ
416 737 570 775 ὑπάτων
594 738 816 789 ὄρδιναρίων
839 746 899 776 καὶ
922 746 1110 786 πατρικίῳ.

216 808 322 861 (Προ
330 821 349 842 ο
359 812 405 853 ίμ
416 823 428 842 ι
437 822 455 842 o
466 809 515 852 ν.)
559 806 704 853 Ἐπειδὴ
729 810 792 844 τὰς
816 813 1056 852 συκοφαντίας
1078 810 1254 853 μισοῦμεν

1248 149 1334 199 467

1924 154 2031 197 Nov.
2063 153 2198 197 XCVI
2216 165 2277 208 pr.
2313 157 2348 195 1.
2380 154 2405 194 2

1692 300 1817 336 XCVI.
1866 300 1976 335 Auth.
1991 300 2098 336 XCV.
2125 299 2296 335 Coll.V11
2313 298 2366 334 tit.
2383 301 2401 333 7

1486 370 1539 419 R
1574 371 1666 419 DE
1703 369 2231 420 EXEOUTORIBUS

1325 438 1415 486 ET
1446 437 1565 497 QUI
1600 437 2141 488 OONVENIUNTUR
2175 439 2265 486 ET
2295 437 2403 485 RE-

1602 505 2050 557 CONVENIUNT
2081 507 2134 555 R

1380 649 1476 684 Idem
1500 651 1590 692 Aug.
1616 649 1767 684 Iohanni
1790 661 1814 694 p
1843 677 1851 685 .
1876 660 1940 695 per
1964 651 2144 686 Orientem
2169 648 2337 691 secundo,

1531 704 1574 729 ex
1599 695 1744 729 consule
1768 705 1808 729 or
1833 695 1946 731 inario
1972 699 2006 730 et
2029 695 2191 740 patricio.

1378 806 1423 852 <P
1433 817 1451 840 r
1460 816 1507 840 ae
1516 806 1603 840 fati
1613 807 1662 848 o.)
1709 806 1883 849 Quoniam
1901 806 2096 841 calumnias
2114 807 2251 841 odimus
2273 809 2307 840 et
2326 816 2398 840 om-

172 856 232 886 καῑ
267 865 393 888 πασαν
429 854 780 908 πολυπραγμοσύνην
820 852 1150 909 ἀποστρεφόμεθα,
1194 851 1308 887 διὰῙΟ
1323 861 1402 886 nem
1437 851 1761 895 tergiversationem
1796 861 2008 892 aversamur,
2051 855 2243 896 propterea
2277 851 2399 885 huius-

173 900 281 933 τοῦτο
312 899 376 933 τὰς
406 911 576 934 τοιαυτας
606 901 752 944 πράξεις
783 902 845 943 τῆς
878 902 915 933 ἐκ
947 912 1074 944 νομων
1105 897 1252 933 δεῖσθαι

173 944 371 990 θεραπείας
394 942 579 989 ᾠήθημεν.
627 944 871 989 ἐδιδάχθημεν
894 944 974 991 γάρ,
1000 941 1048 978 ὥς
1071 956 1165 978 τινες
1188 941 1252 978 οὐκ

174 991 311 1031 ἔχοντες
336 990 522 1024 παντελῶς
546 988 715 1035 οὐδεμίαν
737 992 933 1037 ἐναγωγήν,
960 987 1050 1024 ἀλλὰ
1067 994 1154 1034 μίαν
1175 989 1251 1023 ἑλό-

172 1048 273 1078 μενοι
304 1036 454 1082 γνιόμην
483 1036 573 1079 μετὰ
604 1037 682 1070 τῶν
712 1036 776 1070 τὰς
799 1034 993 1070 ὑποθέσεις
1014 1034 1253 1080 πληρούντων

1322 896 1417 931 111οά1
1457 902 1559 930 actus
1596 906 1698 939 egere
1738 896 1900 940 legitimis
1938 896 2083 932 medelis
2120 896 2397 932 aestimavimus.

1322 941 1519 976 Didicimus
1549 941 1661 985 enim,
1694 942 1777 985 quia
1809 941 1951 986 quidam
1984 952 2055 977 non
2085 942 2259 977 habentes
2292 942 2399 976 ullam

1322 987 1593 1030 obligationem,
1627 986 1688 1022 sed
1714 997 1819 1021 unam
1845 990 2043 1022 statuentes
2069 988 2288 1022 voluntatem
2320 998 2399 1021 cum

1322 1032 1376 1066 his
1402 1032 1462 1075 qui
1487 1041 1614 1067 causas
1644 1037 1840 1067 execuntur
1871 1033 2085 1067 conveniunt
2113 1033 2304 1077 quosdam,
2338 1033 2398 1067 de-

173 1084 368 1114 αιτιωνταί
388 1092 506 1123 τινας,
538 1081 615 1115 εἶτα
639 1080 848 1137 καὶ(βιβ1λιά
872 1080 1072 1121 στέλλουσι,
1105 1084 1164 1113 καὶ
1188 1082 1251 1114 ἐπ-
1268 1081 1307 1112 15
1321 1077 1404 1112 inde
1434 1077 1572 1112 libellos
1605 1077 1770 1121 dirigunt,
1806 1082 1841 1113 et
1871 1078 1953 1112 dum
1987 1078 2154 1113 damnum
2190 1079 2400 1123 pertulerint

174 1123 276 1158 ειδάν
301 1128 431 1170 ζημίαν
455 1124 650 1160 ὑποσταῖεν
673 1140 707 1160 οι
732 1138 938 1172 φευγοντες,
962 1125 1251 1169 καταλιμπάνον-

173 1182 232 1203 σιν
254 1168 382 1205 αὐτοὺς
401 1175 461 1205 καὶ
478 1169 693 1215 ἐκδημοῦσιν
714 1169 967 1219 ἀθεράπευτον
989 1169 1107 1205 αὐτοῖς
1129 1169 1253 1205 δόντες

171 1216 239 1259 τὴν
269 1215 420 1271 βλάβην.
465 1220 525 1250 καὶ
556 1218 664 1250 τοῦτο
695 1218 796 1251 εἰςέτι
825 1215 961 1261 μᾶλλον
992 1219 1051 1251 ἐπὶ
1081 1217 1159 1250 τῶν
1191 1218 1251 1251 ἐπ-

174 1263 309 1307 αρχιῶν
329 1262 593 1305 αμαρτάνεται,
618 1265 808 1296 κοινωνίας
823 1263 900 1296 τῶν
916 1260 1053 1308 κερδῶν
1074 1259 1193 1295 αὐτοῖς
1212 1275 1252 1295 τε

171 1310 244 1340 τοῖς
268 1307 492 1351 αἰτιωμένοις
522 1310 582 1340 καὶ
605 1310 677 1341 τοῖς
706 1309 784 1342 τῶν
807 1306 1026 1342 ὑποθέσεων
1047 1306 1252 1352 πληρωταῖς
1265 1307 1307 1339 20

170 1355 365 1396 γινομένης.
1148 1373 1150 1375 ·

1321 1123 1514 1167 fugientes,
1548 1123 1716 1158 deserunt
1747 1133 1808 1158 eos
1842 1129 1877 1158 et
1899 1123 2178 1168 proficiscuntur
2202 1123 2399 1159 incurabile

1321 1168 1371 1203 eis
1404 1168 1529 1203 dantes
1561 1168 1793 1213 dispendium.
1842 1169 1891 1203 Et
1922 1169 1991 1204 hoc
2029 1169 2147 1204 adhuc
2180 1169 2331 1213 amplius
2363 1169 2398 1203 in

1320 1214 1511 1259 provinciis
1546 1214 1785 1256 committitur,
1824 1215 2068 1249 communione
2101 1215 2280 1249 lucrorum
2309 1215 2398 1259 ipsis

1322 1259 1613 1294 convenientibus
1634 1263 1670 1294 et
1688 1269 1877 1294 causarum
1902 1260 2153 1295 executoribus
2179 1260 2396 1304 proficiente.

1173 1418 1329 1454 CAPUT
1353 1418 1383 1454 I.

228 1473 305 1509 Ἵνα
328 1477 376 1520 μὴ
401 1480 525 1510 τοίνυν
548 1478 664 1510 ταῦτα
687 1479 790 1521 μέχρι
822 1476 959 1510 παντὸς
987 1475 1249 1520 πλημμελῆται,

171 1521 396 1565 θεσπίζομεν
417 1522 465 1565 μὴ
484 1520 600 1555 ἄλλως
615 1522 697 1556 τοὺς
713 1521 909 1568 ἐνάγοντας
932 1524 1090 1566 πέμπειν
1105 1521 1251 1566 βιβλίον

170 1570 229 1620 καὶ
252 1569 386 1621 ,ζημίας
415 1564 581 1613 ἀφορμὴν
606 1570 775 1622 παρέχειν
799 1570 871 1619 τοῖς
896 1569 1137 1622 ἐναγομένοις,
1163 1571 1250 1621 πρίν

1364 1474 1419 1510 Ne
1437 1475 1546 1519 igitur
1567 1475 1657 1510 haec
1676 1476 1804 1519 iugiter
1825 1476 2102 1518 committantur,
2128 1476 2306 1511 sancimus
2326 1487 2397 1511 non

1319 1521 1421 1555 aliter
1453 1524 1592 1555 actores
1623 1521 1762 1556 libellos
1788 1521 1937 1564 dirigere
1969 1525 2004 1555 et
2029 1521 2149 1556 damni
2173 1522 2397 1556 occasionem

1319 1566 1491 1610 praebere
1520 1567 1720 1608 conventis,
1757 1571 1948 1610 antequam
1982 1566 2183 1602 cautionem
2218 1569 2399 1611 exponant

171 1610 217 1645 αν
241 1611 444 1664 ασφάλειαν
467 1613 639 1646 ἔκθοιντο
672 1625 718 1647 εις
739 1626 779 1646 τε
802 1626 867 1646 τον
892 1626 1072 1666 φευγοντα
1102 1616 1161 1646 καὶ
1183 1626 1251 1646 τον
1266 1613 1306 1646 25
1320 1615 1356 1646 et
1384 1611 1421 1646 in
1453 1611 1645 1656 fugientem
1682 1616 1716 1646 et
1748 1612 1880 1656 negotii
1911 1615 2154 1653 executorem,
2191 1612 2274 1656 quia
2303 1613 2398 1647 intra

168 1658 230 1699 τῆς
254 1657 465 1691 υποθέσεως
489 1657 694 1703 πληρωτήν,
727 1655 775 1691 eis
796 1660 924 1701 μηνῶν
956 1660 1041 1691 εἰσω
1073 1656 1138 1692 δύο
1159 1659 1251 1693 πᾶσι

168 1703 316 1746 τρόποις
346 1704 660 1748 προκατάρχονται
690 1703 789 1748 παρὰ
822 1705 874 1746 τῷ
902 1701 1064 1750 δικαστῇ,
1098 1702 1121 1746 ἢ
1148 1704 1179 1736 εἰ
1201 1703 1250 1747 μὴ

167 1748 274 1781 τοῦτο
296 1748 483 1793 πράξαιεν,
508 1750 633 1781 πᾶσαν
659 1750 791 1792 ζημίαν
815 1752 1099 1802 προςγενομένην
1122 1750 1174 1791 τῷ
1199 1750 1250 1781 αἰ-

1320 1657 1410 1692 duos
1433 1667 1573 1692 menses
1604 1658 1767 1692 omnibus
1788 1658 1901 1692 modis
1926 1657 1998 1692 litis
2025 1658 2319 1692 contestationem
2343 1658 2396 1692 fa-

1321 1702 1420 1737 ciunt
1452 1703 1547 1747 apud
1572 1702 1740 1745 iudicem,
1773 1707 1837 1737 aut
1861 1703 1891 1737 si
1914 1713 1986 1738 non
2018 1703 2086 1738 hoc
2111 1703 2260 1747 egerint,
2294 1713 2398 1739 omne

1321 1748 1487 1783 damnum
1517 1749 1679 1783 eveniens
1711 1750 1885 1783 convento
1915 1748 2109 1783 restituunt
2132 1748 2294 1794 duplum3
2326 1760 2398 1784 non

168 1793 338 1827 τιαθέντι
363 1791 583 1828 ἀποδιδόασι
612 1791 847 1828 διπλασίονα·
884 1791 1253 1847 οὐχηυπερβαινούσηε
1320 1793 1594 1829 transcendente
1619 1793 1784 1829 cautione
1809 1805 1872 1828 sex
1897 1795 1931 1828 et
1954 1794 2099 1838 triginta
2122 1803 2261 1829 aureos.

167 1839 229 1881 τῆς
253 1835 447 1884 ἀσφαλείας
471 1839 509 1879 ἒξ
533 1842 592 1872 καὶ
617 1839 813 1884 τριάκοντα
837 1851 994 1885 χρυσους.

1263 1840 1306 1874 30

1166 1929 1326 1965 CAPUT
1349 1928 1396 1964 11.

221 1982 376 2019 Κάκεῖνο
399 1988 523 2030 μέντοι
547 1988 609 2030 τῆς
628 1986 866 2032 προςηκούσης
889 1988 1008 2029 τυχεῖν
1032 1986 1248 2031 ἐπανορθώ-

169 2042 257 2064 σεως
281 2028 342 2064 δεῖ.
391 2030 571 2076 προςῆλθε
593 2032 662 2078 γάρ
685 2044 738 2065 τις
763 2030 959 2073 διδάσκων,
984 2030 1032 2066 αἷς
1056 2034 1094 2066 ἐν
1119 2033 1250 2065 αἰτίαις

1362 1986 1454 2021 Illud
1478 1996 1618 2031 quoque
1642 1987 1836 2031 promereri
1859 1990 2116 2032 competentem
2142 1988 2397 2024 correctionem

1319 2032 1430 2067 decet.
1479 2032 1580 2066 Adiit
1604 2033 1696 2067 enim
1729 2032 1871 2077 quidam
1895 2033 2043 2075 docens,
2075 2033 2159 2077 quia
2182 2034 2220 2069 in
2245 2044 2394 2070 conven-

237 2111 321 2143 Nov.
336 2111 464 2144 XC'VI
473 2111 635 2152 (Authent.
650 2111 814 2144 XCV=
833 2113 910 2145 Colt.
934 2111 1005 2145 VII
1019 2113 1064 2145 tit.
1081 2114 1116 2145 7:
1140 2112 1254 2154 qloss.)
1282 2112 1406 2145 Graece
1427 2119 1515 2144 extat
1532 2113 1565 2144 in
1584 2112 1631 2144 M
1648 2119 1678 2144 et
1701 2113 1873 2145 decurtata
1893 2114 1925 2145 in
1943 2114 1986 2154 L,
2012 2126 2038 2146 c.
2052 2113 2097 2145 II
2113 2112 2134 2156 ξ
2152 2115 2171 2147 2
2193 2116 2226 2148 in
2247 2115 2284 2148 B
2298 2117 2328 2155 7,
2342 2123 2368 2154 4,
2384 2123 2393 2148 1

169 2156 256 2196 (inde
282 2156 329 2187 Β*
351 2156 382 2188 Δ
407 2157 461 2197 26,
479 2164 494 2188 5
516 2169 551 2199 p.
567 2157 630 2189 227
649 2157 778 2198 Zaclz.).
804 2176 848 2180 -—
872 2157 961 2199 Epit.
989 2157 1110 2190 Tkeod.
1136 2159 1189 2197 96,
1222 2157 1342 2189 Atlaan.
1358 2159 1425 2198 5,1.
1474 2157 1595 2190 Iulian.
1622 2164 1720 2190 const.
1745 2158 1955 2191 LXXXIX.

235 2213 261 2233 c.
285 2201 309 2233 I
327 2203 530 2234 summarium
555 2209 643 2235 eoetat
665 2198 756 2235 Ῥοπ.
784 2204 837 2243 14,
859 2209 890 2235 21
915 2203 985 2244 (ubi
1007 2215 1089 2235 corr.
1114 2201 1225 2247 νεαρὰ
1250 2197 1308 2235 ἧδ’
1320 2215 1383 2244 pro
1406 2198 1490 2243 κδ’).

1214 2287 1350 2325 XCVI.

292 2356 392 2407 DE
423 2356 949 2407 EXECUTORIBUS
981 2356 1231 2417 JJSQIJE
1265 2357 1384 2417 oo]
1425 2356 1872 2408 CONVENJIJNT
1900 2358 1995 2409 ET
2024 2359 2271 2411 ΒΕοοΝ-

813 2424 1202 2475 VENJUNTUR
1240 2424 1355 2492 [ΕΤ
1384 2424 1757 2492 LJTJGANTJ.

193 2502 284 2549 Imp.
312 2501 538 2539 Iustinianus
561 2504 747 2549 Auqustus
771 2503 928 2538 Iohanni
952 2503 1435 2583 qloriosisssimapraefecto
1456 2504 1645 2554 praetorio
1675 2514 1743 2549 per
1769 2502 1948 2540 Orientem
1972 2506 2121 2548 iterum,
2152 2515 2203 2541 ea:
2225 2507 2373 2542 consule

1068 2560 1110 2583 or
1136 2559 1255 2583 marzo
1280 2560 1298 2583 e
1328 2553 1501 2595 patricio.

306 2615 574 2661 Praefatio.

623 2616 800 2658 Quoniam
825 2615 1025 2651 calumnias
1050 2616 1132 2651 odio
1157 2616 1326 2651 habemus
1357 2627 1548 2667 omnesque
1579 2616 1762 2652 molestias
1793 2628 2013 2658 aversamur,
2039 2629 2112 2664 pro
2143 2622 2240 2654 terea
2272 2619 2392 2655 liuius-

171 2661 266 2695 modi
287 2661 393 2706 facta
416 2661 574 2696 remedio
607 2672 656 2696 ex
680 2661 818 2712 leqibus
850 2672 955 2706 eqere
981 2662 1201 2707 putavimus.
1252 2661 1383 2696 Edocti
1412 2672 1506 2696 enim
1536 2672 1659 2696 sumus
1689 2663 1885 2697 nonnullos
1914 2663 2051 2697 nullam
2081 2675 2107 2710 p
2125 2675 2194 2699 ane
2225 2664 2393 2700 habentes

172 2707 365 2748 actionem,
396 2706 461 2741 sed
490 2717 562 2741 uno
595 2706 746 2741 consilto
779 2717 857 2740 cum
888 2706 933 2740 iis
957 2707 1019 2752 qui
1043 2717 1173 2741 causas
1195 2710 1425 2752 exequuntur
1447 2706 1536 2741 inito
1561 2707 1751 2743 convenire
1782 2708 1957 2753 quosdam
1989 2713 2027 2742 at
2054 2720 2098 2744 ue
2121 2710 2228 2744 etiam
2253 2710 2393 2746 libellos

171 2752 320 2793 mittere,
354 2755 389 2786 et
412 2751 472 2787 ubi
501 2752 555 2786 rei
584 2751 832 2786 detrimentum
864 2751 1063 2793 subierunt,
1096 2752 1298 2797 relinquere
1321 2763 1383 2786 eos
1413 2755 1448 2786 et
1471 2762 1628 2798 pereqre
1652 2753 1767 2794 abire,
1801 2753 1995 2788 insanabili
2044 2764 2151 2789 amno
2184 2754 2257 2790 illis
2280 2756 2391 2791 illato.

171 2797 288 2842 Atque
319 2795 388 2831 hoc
422 2797 539 2842 maqis
573 2796 662 2832 adeo
697 2797 736 2830 in
763 2796 963 2842 provinciis
999 2798 1243 2838 committitur,
1281 2797 1539 2831 communicato
1575 2797 1676 2832 lucro
1708 2798 1802 2833 inter
1833 2799 1933 2844 ipsos
1964 2802 2105 2834 actores
2137 2803 2171 2835 et
2202 2810 2392 2836 causarum

170 2845 393 2877 executores.

304 2887 331 2922 Ι.
380 2887 436 2922 Ne
458 2887 572 2932 iqitur
596 2886 684 2921 haec
701 2897 773 2932 per
796 2897 899 2921 omne
925 2890 1062 2933 tempus
1086 2887 1362 2925 committantur,
1386 2885 1576 2928 sancimus,
1609 2890 1649 2922 ut
1672 2898 1745 2922 non
1770 2888 1878 2924 aliter
1901 2893 2044 2924 actores
2068 2889 2224 2925 libellum
2248 2892 2393 2927 mittant

170 2936 206 2967 et
229 2932 352 2966 damni
376 2943 521 2966 causam
545 2933 618 2966 reis
642 2931 812 2976 afferant,
836 2932 909 2966 nisi
922 2932 1033 2978 prius
1057 2933 1258 2967 cautionem
1280 2930 1529 2976 praestiterint
1551 2935 1587 2967 et
1608 2943 1671 2967 reo
1696 2937 1731 2968 et
1750 2944 1881 2969 causae
1904 2935 2105 2977 executori,
2130 2946 2168 2971 se
2187 2937 2283 2971 intra
2301 2937 2392 2972 duos

170 2988 306 3012 menses
331 2977 494 3012 omnibus
516 2977 632 3011 modis
656 2976 756 3022 apud
777 2976 929 3011 iudicem
955 2977 1049 3011 litem
1074 2988 1148 3012 esse
1173 2980 1453 3017 contestaturOS,
1484 2979 1548 3011 aut
1571 2977 1640 3012 nisi
1664 2977 1731 3012 lzoc
1755 2979 1930 3023 fecerint,
1963 2990 2064 3014 omne
2095 2979 2264 3016 damnum
2296 2982 2394 3026 quod

172 3022 254 3056 inde
277 3022 434 3057 evenerit
455 3023 492 3056 in
517 3021 666 3067 duplum
689 3033 751 3056 reo
775 3022 1032 3063 restituturos,·
1067 3033 1111 3056 ne
1136 3027 1253 3057 tamen
1277 3021 1397 3056 cautio
1421 3032 1488 3056 sex
1511 3025 1547 3056 et
1571 3022 1723 3067 triqinta
1747 3034 1879 3059 aureos
1901 3023 2064 3059 excedat.

304 3066 349 3102 ΙΙ.

240 3158 260 3190 2
282 3160 367 3190 rubr.
405 3159 493 3201 Περὶ
526 3157 756 3200 ἑκβιβαστῶν
791 3160 850 3189 καὶ
885 3160 967 3201 περὶ
1000 3157 1248 3191 αἰτιαθέντων
1279 3164 1281 3174 “

176 3203 293 3235 Theod.
319 3202 331 3245 ss
356 3204 456 3246 Περὶ]
483 3199 603 3245 Νόμος
627 3205 707 3246 περὶ
732 3204 806 3235 ΑιΙι.
832 3201 844 3242 ΙΙ
873 3204 891 3236 3
916 3205 976 3234 καὶ
1000 3202 1248 3236 αἰτιαθέντων
1280 3210 1281 3244 1

173 3249 269 3280 index
290 3248 340 3279 Bc
375 3259 414 3279 τε
437 3250 495 3279 καὶ
519 3245 838 3281 ἆνταιτιαθέντων
863 3248 938 3279 Ath.
972 3250 1016 3286 (in
1044 3250 1148 3282 indice
1172 3251 1247 3281 Atlz.
1280 3249 1282 3275 ¹,

172 3305 211 3325 τε
228 3294 299 3333 om.)
318 3293 329 3335 ΙΙ
348 3295 368 3326 4
386 3295 445 3324 καὶ
466 3293 555 3333 (τῶν
572 3295 648 3325 add.
663 3293 727 3333 ΒΓ)
749 3290 995 3335 δικαζομένων
1010 3294 1085 3325 ΜΒ
1110 3291 1248 3335 δικαζο-
1281 3310 1282 3329 3

171 3340 295 3381 μένων
320 3344 390 3379 (om.
405 3340 477 3377 καὶ)
502 3340 598 3371 index
613 3339 661 3376 M
683 3351 740 3370 om.
755 3339 781 3370 L
796 3338 870 3369 Ath.
886 3349 905 3373 ς
920 3339 931 3380 ΙΙ
952 3341 969 3370 7
996 3337 1138 3383 ἐπάρχῳ
1159 3340 1247 3380 Ath.]
1281 3340 1282 3347 ¹

173 3379 325 3426 ὑπάρχω
342 3384 413 3416 ML
431 3383 442 3425 ΙΙ
462 3385 480 3416 8
498 3379 719 3427 *ὂρδιναρίω
735 3383 805 3415 ML
825 3381 836 3426 ΙΙ
862 3385 900 3416 10
924 3386 984 3415 καὶ
1008 3383 1099 3416 κατὰ
1125 3385 1250 3418 πᾶσαν
1281 3378 1283 3391 ⁴

173 3430 204 3461 L
222 3428 235 3472 ΙΙ
254 3431 295 3462 12
310 3437 385 3472 post
409 3426 584 3471 ᾠήθημεν
605 3430 761 3471 reliquam
776 3435 903 3471 partem
919 3431 1078 3471 prooemii
1098 3437 1127 3462 et
1145 3443 1215 3472 cap.
1230 3431 1254 3463 I

174 3487 231 3506 om.
247 3475 288 3515 L,
315 3476 451 3506 lacunae
476 3482 551 3507 nota
577 3476 608 3506 in
634 3487 733 3517 marg]-
761 3474 928 3516 adscripta
949 3476 1005 3517 (cf.
1028 3477 1072 3507 ατί
1090 3476 1141 3509 31.
1158 3477 1213 3515 32)
1238 3474 1249 3519 ΙΙ
1282 3504 1283 3507 ,

177 3521 216 3551 13
241 3517 427 3552 παντελῶς
452 3532 508 3552 om.
523 3531 542 3554 ς
560 3518 572 3562 ΙΙ
594 3519 638 3553 '15
663 3521 722 3551 καὶ
747 3531 805 3550 om.
822 3530 840 3554 ς
858 3518 869 3561 ΙΙ
897 3520 936 3552 18
962 3519 1062 3552 εἰςέτι
1086 3521 1250 3563 Scrimyer
1282 3520 1283 3551 ἶ

175 3576 213 3595 ex
237 3566 267 3604 ς]
298 3564 329 3597 εἰ
352 3566 406 3597 ἔτι
430 3565 474 3596 M
495 3564 507 3608 ΙΙ
539 3565 580 3598 23
604 3562 758 3607 βιβλίον]
784 3563 914 3596 libellos
940 3576 958 3600 ς
988 3564 1000 3608 ΙΙ
1027 3566 1067 3599 31
1094 3562 1248 3598 Κάκεῖνο
1282 3562 1283 3598 J

173 3610 307 3650 μέντοι]
332 3612 391 3641 καὶ
416 3610 446 3642 L
474 3609 486 3653 ΙΙ
514 3611 555 3643 32
578 3606 632 3641 δεῖ
655 3623 711 3642 om.
727 3609 758 3641 L
781 3610 793 3651 ΙΙ
823 3621 859 3641 τι
884 3609 931 3641 L¹
1282 3604 1283 3635 1

1089 3698 1230 3701 ,--
1282 3640 1284 3711 l

236 3742 254 3774 3
278 3744 520 3776 reconucniunt
544 3744 630 3784 RV]
655 3744 942 3778 reconueniuntur
968 3745 1000 3777 Τ
1008 3745 1091 3788 vulq.
1119 3744 1132 3788 ΙΙ
1156 3746 1176 3778 6
1200 3755 1246 3777 se-

407 3066 537 3102 Verum
572 3066 664 3101 illud
698 3077 839 3112 quoque
874 3067 1005 3102 idonea
1041 3067 1263 3102 correctione
1298 3066 1477 3112 impertiri
1513 3071 1669 3112 oportet.
1717 3068 1818 3103 Adiit
1852 3070 1945 3104 enim
1978 3080 2043 3104 nos
2079 3069 2226 3115 quidam
2261 3070 2392 3105 docens

1317 3157 1423 3189 cundo
1448 3156 1552 3189 om.R
1574 3156 1586 3200 ΙΙ
1613 3160 1631 3191 ’7
1658 3159 1827 3191 exconsuli
1851 3160 2020 3192 ordinario
2048 3161 2079 3192 T
2111 3171 2239 3193 excons.
2265 3161 2334 3193 ord.
2360 3162 2392 3193 R

1316 3213 1401 3235 cons.
1428 3202 1551 3234 ordinr.
1576 3202 1608 3234 V
1625 3202 1637 3245 ΙΙ
1665 3205 1706 3236 10
1731 3206 2047 3245 tergauersationem
2069 3206 2116 3238 V¹
2142 3205 2153 3249 ΙΙ
2178 3206 2391 3238 aduersamur

1316 3247 1407 3291 RTH
1435 3249 1472 3281 11
1492 3257 1588 3288 agere
1611 3248 1709 3280 V¹R¹
1729 3249 1741 3291 ΙΙ
1763 3249 1932 3290 legitimus
1953 3251 2006 3291 Vll
2033 3250 2178 3282 medelus
2200 3251 2248 3284 V¹
2267 3250 2279 3294 ΙΙ
2295 3252 2390 3283 aesti-

1315 3293 1491 3332 mauimus]
1517 3294 1667 3334 oportere
1693 3295 1768 3326 add.
1784 3295 1831 3326 R¹
1859 3295 1870 3338 ΙΙ
1898 3296 1938 3328 12
1964 3295 2054 3336 quia]
2079 3305 2120 3336 q*
2141 3295 2189 3328 V¹
2219 3306 2284 3337 qua
2307 3296 2356 3329 R¹
2380 3297 2391 3338 [l

1317 3337 1512 3381 quidemlam
1538 3339 1609 3377 (sic)
1634 3338 1666 3370 V
1685 3338 1697 3380 ΙΙ
1723 3340 1763 3372 13
1787 3350 1855 3372 una
1881 3340 1932 3373 T¹
1962 3339 1973 3383 ΙΙ
2002 3339 2116 3384 uolun1
2149 3341 2195 3373 T¹
2222 3340 2234 3381 ΙΙ
2267 3343 2308 3374 14
2333 3342 2391 3383 qui

1316 3394 1390 3415 cum
1416 3393 1529 3415 causas
1553 3385 1716 3415 cxcuntur
1740 3384 1787 3415 R¹
1807 3383 1819 3428 Η
1845 3387 1884 3418 15
1909 3384 2086 3427 pertulerit
2110 3386 2178 3418 RT
2186 3387 2196 3405 ¹
2216 3385 2227 3429 l}
2247 3388 2287 3419 18
2304 3397 2390 3419 com-

1315 3428 1467 3460 mittatur
1482 3428 1565 3460 R¹T
1579 3429 1827 3462 committantur
1839 3430 1911 3474 13²1!
1925 3431 2146 3462 comuninone
2166 3431 2212 3463 V¹
2230 3430 2242 3474 ΙΙ
2263 3433 2302 3465 19
2315 3443 2390 3474 pro—

1316 3474 1480 3505 ficiscente
1495 3473 1628 3513 T(eorr.
1645 3475 1676 3506 in
1690 3486 1791 3518 mary.
1808 3474 1870 3515 T3)
1889 3476 1900 3517 ss
1918 3476 1957 3508 23
1974 3475 2122 3517 diregere
2146 3476 2191 3508 V¹
2209 3475 2221 3519 Η
2241 3477 2284 3509 24
2296 3487 2390 3520 prae-

1315 3519 1390 3550 berc
1408 3520 1572 3550 conuento
1586 3537 1628 3541 —
1642 3519 1683 3552 25
1698 3519 1805 3563 execu}
1830 3533 1891 3552 scr.
1907 3519 1955 3552 R2
1969 3522 2001 3553 in
2015 3533 2080 3553 νας.
2097 3523 2111 3554 1
2129 3533 2174 3553 vs.
2202 3520 2214 3565 ΙΙ
2239 3523 2282 3555 26
2295 3522 2388 3562 duos]

1317 3575 1350 3596 os
1373 3563 1419 3596 V¹
1435 3563 1447 3606 ΙΙ
1468 3565 1507 3596 27
1535 3563 1639 3602 egerit
1660 3564 1689 3595 V
1703 3564 1715 3607 ΙΙ
1742 3565 1783 3598 28
1808 3565 1988 3597 adueniens
2013 3565 2092 3608 12²1}
2115 3567 2293 3599 restituant
2308 3567 2357 3599 R2
2380 3568 2391 3609 H

1317 3607 1465 3651 duplum]
1487 3609 1521 3639 in
1542 3608 1679 3650 duplum
1701 3610 1756 3653 Vn
1783 3611 1824 3643 29
1842 3621 1896 3642 sex
1915 3612 1947 3642 et
1963 3609 2067 3642 XXX
2084 3621 2201 3643 aureos
2218 3612 2263 3653 R]
2286 3612 2391 3645 XXX

1317 3657 1349 3686 et
1372 3665 1425 3685 sex
1450 3664 1566 3685 aureos
1593 3654 1625 3686 T
1641 3655 1725 3697 vulq.
1762 3655 1831 3688 scil.
1858 3666 1973 3687 aureos
2005 3656 2144 3696 triginta
2176 3658 2209 3688 et
2240 3668 2295 3690 sex
2329 3659 2362 3691 V
2379 3659 2391 3699 ΙΙ

1282 3714 1283 3725 1
1317 3701 1358 3732 32
1383 3699 1475 3730 decet
1500 3711 1557 3731 om.
1573 3698 1619 3730 3¹
1638 3698 1650 3741 11
1675 3700 1807 3741 docens]
1833 3711 1886 3732 eos
1910 3702 1986 3734 add.
2004 3702 2054 3733 Ta
2073 3702 2085 3743 ss
2109 3702 2198 3742 quia]
2223 3703 2281 3744 qui
2309 3703 2355 3735 T¹
2379 3705 2388 3742 11

1316 3745 1351 3776 111
1376 3745 1596 3776 conuentione
1623 3745 1655 3777 T

2053 3802 2121 3835 59*
