2586 3990
155 155 216 188 υτ
247 153 370 194 QUAE
398 155 486 186 PER
513 152 686 186 PARTES
713 154 854 187 mum*
978 114 980 116 Ι
1240 138 1319 187 591
1522 164 1524 167 -
1970 141 2078 186 Nov.
2110 141 2251 186 CXXI
2272 156 2335 199 pr.
2369 145 2389 186 1

150 255 212 288 ἐπὶ
247 252 334 288 δέκα
366 251 498 300 ἡμέρας
533 253 825 300 προτιθεμένων,
866 256 926 288 καὶ
958 251 1112 300 μηδενὸς
1146 251 1238 300 ὑπὲρ
1307 254 1490 334 groposito
1523 257 1559 290 et
1586 253 1684 291 nullo
1715 264 1781 299 pro
1811 253 1875 289 tali
1907 254 2097 290 occasione
2131 254 2169 290 in
2199 255 2394 300 provinciis

150 297 284 344 ταύτης
323 300 387 343 τῆς
420 299 537 333 αἰτίας
576 300 617 334 ἐν
652 302 730 334 ταῖς
765 301 949 346 ἐπαρχίαις
989 298 1236 345 στελλομένου.
1331 299 1529 336 estinando.
1577 300 1653 336 Nos
1678 300 1769 336 enim
1794 299 2032 345 providimus,
2066 299 2164 345 quali
2186 300 2293 337 modo
2317 300 2395 336 sine

151 342 249 390 ἡμεῖς
280 345 351 393 γὰρ
386 345 621 389 προνοοῦμεν,
656 349 751 389 ποίῳ
787 347 916 392 τρόπῳ
955 343 1035 400 δίχα
1066 346 1130 389 τῆς
1159 346 1238 379 τῶν
1307 345 1515 381 collatorum
1548 345 1708 382 laesione
1740 345 1905 381 omnibus
1935 355 2106 391 praesens
2138 348 2265 383 nostra
2286 355 2394 391 gene-

149 389 398 425 συντελεστῶν
428 388 568 434 βλάβης
596 391 712 426 πᾶσιν
740 389 762 435 ἦ
787 393 955 438 παροῦσα
985 392 1091 436 ημῶν
1113 390 1237 438 γενικὴ
1305 390 1391 427 ralis
1416 391 1624 428 constitutio
1646 390 1839 427 manifesta
1861 390 1937 426 fiat.

150 433 314 476 διάταξις
336 434 497 489 ἐμφανὴς
520 440 732 479 κατασταίη.
1273 440 1292 471 5

195 480 278 516 Dat.
295 491 362 515 vu.
382 479 430 515 1d.
451 480 536 516 Mai.
565 481 634 517 GP.
659 482 744 527 imp.
771 481 830 518 dn.
852 481 1041 517 Iustiniani
1064 492 1125 527 pp.
1142 481 1235 526 Aug.
1371 481 1455 516 Dat.
1473 492 1540 517 vn.
1560 481 1609 517 id.
1625 481 1711 517 Mai.
1731 481 1799 517 ΟΡ.
1825 481 1908 526 imp.
1931 481 1989 517 dn.
2007 481 2197 517 Iustiniani
2219 492 2282 528 pp.
2298 480 2392 527 Aug.

150 535 244 562 anno
260 524 392 562 XVIII.
418 528 503 571 post
524 537 622 563 cons.
645 527 768 564 Basilii
790 537 844 564 vo.
870 537 965 563 anno
982 527 1048 562 111.
1098 530 1142 569 [a.
1157 530 1236 570 544]
1307 537 1400 563 anno
1419 526 1551 563 XVIII.
1576 537 1634 573 pc.
1659 526 1785 563 Basilii
1808 537 1860 562 vc.
1886 537 1981 563 anno
2000 526 2065 562 111.

207 772 387 828 ΠΕΡΙ
416 774 561 828 ΤΟΥ
590 774 731 827 ΤΑΣ
760 772 1099 827 ΜΕΡΙΚΑΣ
1128 706 1588 827 ΚΑΙῖΙΙξΞιΒΟΑΑΣ
1617 773 1768 827 ΤΩΝ
1797 773 2055 829 ΤΟΚῼΝ
2093 774 2213 827 ΕΙΣ
2241 774 2336 827 ΤΟ

821 839 1232 894 ΔΙΠΛΑΣΙΟΝ
1263 841 1726 896 ΛΟΓΙΖΕΣΘΑΙ.
2421 845 2462 879 1⁰

617 917 868 966 Αὐτοκράτωρ
887 917 1139 954 ’Ῑουστινιανὸς
1161 918 1372 966 Αὔγουστος
1393 916 1562 967 Ἀρσιλίῳ
1587 919 1736 969 ἄρχοντι
1767 922 1917 969 Ταρσοῦ.

286 987 591 1034 <Προοίμιον.>
636 987 837 1022 Βουλευτάς
860 985 1048 1032 δεομένους
1071 985 1228 1034 ὁρῶντες
1252 985 1465 1034 φειδόμενοί
1489 1001 1530 1022 τε
1553 985 1679 1024 αὐτῶν
1708 989 1856 1025 εἰκότως
1885 989 1951 1025 τὰς
1981 987 2075 1025 κατὰ
2106 989 2188 1025 τῶν
2209 985 2396 1035 ἡμετέρων

150 1032 280 1078 νόμων
303 1037 430 1077 τέχνας
451 1037 512 1069 καὶ
536 1035 795 1079 σεσοφισμένας
818 1029 1009 1080 ὁμολογίας
1030 1035 1177 1079 κρατεῖν
1200 1029 1242 1066 οὗ
1267 1034 1530 1080 συγχωροῦμεν.

1161 1123 1318 1160 CAPUT
1341 1124 1368 1159 I.

284 1189 478 1232 Ἐδίδαξαν
499 1191 569 1238 γὰρ
594 1188 767 1236 Εὐσέβιος
790 1194 850 1225 καὶ
870 1188 1068 1238 Ἀφθόνιος
1091 1191 1134 1226 τὸ
1159 1189 1332 1236 ἡμέτερον
1356 1188 1487 1236 κράτος
1512 1193 1654 1239 ἔγγονοι
1672 1193 1877 1239 Δημητρίου
1900 1193 2078 1240 γενέσθαι
2101 1193 2296 1236 τεχθέντες
2320 1190 2393 1229 ὑπὸ

153 1235 359 1272 Παλλαδίου
390 1238 453 1271 τοῦ
479 1239 683 1283 Δημητρίου
707 1235 853 1277 παιδός,
887 1237 1091 1282 ἐποφλῆσαι
1124 1235 1163 1271 δὲ
1185 1238 1393 1282 Δημήτριον
1420 1234 1671 1283 Ἀρτεμιδώρῳ
1695 1242 1953 1273 πεντακοσίους
1982 1240 2132 1285 χρυσοῦς
2162 1238 2255 1273 κατὰ
2279 1236 2395 1273 δανεί-
2421 1244 2463 1276 15

153 1295 287 1327 σματος
310 1281 496 1329 πρόφασιν
519 1286 579 1316 καὶ
603 1283 887 1328 έπερωτηθῆναι
910 1286 970 1316 καὶ
994 1283 1114 1325 τόκον,
1146 1285 1205 1316 καὶ
1230 1283 1376 1328 ἔναγχος
1399 1282 1507 1317 θεῖον
1530 1283 1759 1328 πορίσασθαι
1789 1284 1909 1318 τύπον
1930 1283 1999 1319 τὸν
2023 1282 2256 1329 βουλόμενον,
2287 1285 2319 1319 εἰ
2343 1283 2395 1319 δι-

152 1327 307 1363 πλάσιον
334 1327 545 1372 κατεβλήθη
569 1327 612 1362 τὸ
638 1326 803 1373 ὄφλημα,
835 1326 1015 1373 μηδεμίαν
1038 1328 1132 1362 εἶναι
1156 1324 1241 1362 κατ’
1269 1325 1393 1362 αὐτῶν
1417 1328 1600 1372 εἴςπραξιν
1627 1328 1721 1362 κατὰ
1745 1328 1828 1363 τοὺς
1851 1326 2040 1376 ἡμετέρους
2063 1329 2208 1371 νόμους·
2250 1330 2333 1364 τοὺς
2357 1328 2398 1364 δὲ

151 1371 411 1419 Ἀρτεμιδώρου
442 1375 505 1407 τοῦ
531 1372 721 1408 δανειστοῦ
747 1371 934 1417 διαδόχους
956 1371 1157 1418 Ἐπίμαχόν
1185 1386 1226 1407 τε
1256 1376 1316 1407 καὶ
1338 1370 1547 1419 Ἀρτέμωνα
1576 1375 1690 1419 φῆσαι
1723 1372 1939 1420 ψεύσασθαι
1971 1371 2101 1409 αὐτοὺς
2133 1377 2174 1410 ἐν
2197 1376 2241 1423 τῇ
2275 1373 2397 1419 δεήσει

153 1423 212 1453 καὶ
243 1419 292 1463 μὴ
325 1417 402 1453 δεῖν
433 1420 496 1462 τῆς
518 1416 692 1466 ἡμετέρας
720 1422 841 1462 τυχεῖν
871 1419 1062 1464 βοηθείας,
1097 1415 1183 1452 οὐδὲ
1210 1418 1281 1466 γὰρ
1312 1419 1582 1465 πεπληρῶσθαι
1612 1419 1654 1454 τὸ
1681 1417 1844 1464 ὄφλημα,
1881 1417 1972 1454 ἀλλὰ
1995 1419 2129 1465 μόνους
2153 1421 2265 1465 ‘70523'
2287 1433 2396 1455 κατα-

153 1463 361 1509 βεβλῆσθαι
384 1465 542 1510 χρυσοῦς.
589 1461 798 1499 Παλλάδιον
821 1464 890 1511 γὰρ
914 1464 950 1499 οἱ
972 1464 1087 1499 ἱκέται
1113 1466 1202 1509 φασὶ
1226 1463 1294 1499 τὸν
1318 1463 1444 1499 αὐτῶν
1468 1467 1608 1511 πατέρα
1633 1461 1710 1509 ἅμα
1733 1464 1871 1509 Παύλῳ
1901 1469 1960 1500 καὶ
1985 1467 2179 1511 Δημητρίῳ
2205 1467 2257 1510 τῷ
2283 1464 2395 1501 αὐτοῦ
2421 1470 2464 1502 20

153 1513 266 1554 πατρὶ
291 1509 378 1551 ωξζ’
405 1508 624 1554 καταβαλεῖν
646 1511 814 1554 χρυσοῦς,
844 1507 1052 1556 Ἀρτέμωνα
1080 1507 1120 1543 δέ
1148 1512 1209 1543 καὶ
1232 1510 1461 1555 Πρισκιανὴν
1482 1509 1565 1544 τοὺς
1586 1507 1847 1564 Ἀρτεμιδώρου
1871 1509 2003 1546 παῖδας
2026 1512 2225 1558 προγόνους
2243 1524 2284 1546 τε
2299 1509 2397 1546 Ἐπι-

152 1554 264 1599 μάχου
288 1558 348 1589 καὶ
370 1552 589 1600 Ἀρτέμωνος
620 1557 734 1601 φῆσαι
765 1556 833 1599 τὴν
863 1555 956 1589 κατὰ
985 1557 1089 1601 μέρος
1119 1555 1329 1599 καταβολὴν
1358 1556 1408 1600 μὴ
1441 1553 1705 1601 προςάψασθαι
1734 1569 1799 1590 του
1823 1555 2029 1602 κεφαλαίου,
2068 1554 2160 1591 ἀλλὰ
2191 1556 2317 1591 πάντα
2349 1557 2398 1591 εἰς

152 1599 263 1635 τόκον
287 1599 327 1634 λο
352 1600 499 1642 ίζεσθαι
522 1599 725 1645 βούλεσθαι
750 1602 879 1644 (ταῦτα
904 1599 944 1635 δὲ
967 1603 1027 1634 καὶ
1051 1601 1178 1647 ψῆφον
1201 1602 1265 1635 τοῦ
1289 1602 1352 1644 τῆς
1376 1603 1549 1647 ἐπαρχίας
1572 1600 1745 1646 ἄρχοντος
1770 1601 1907 1649 λέγειν),
1938 1606 1998 1636 καὶ
2022 1601 2083 1637 διὰ
2107 1603 2215 1637 τοῦτο
2240 1600 2397 1646 ἀπαιτῆ-

153 1657 216 1680 σαι
239 1614 449 1679 Παλλάδιον
471 1643 555 1680 ἀντὶ
577 1647 641 1690 τῆς
665 1650 840 1692 προτέρας
863 1647 941 1680 τῶν
965 1649 1220 1680 πεντακοσίων
1243 1645 1483 1691 νομισμάτων
1507 1644 1697 1690 δανειακῆς
1721 1648 1926 1694 συγγραφῆς
1958 1647 2085 1694 ἑτέραν
2108 1647 2253 1692 χρυσῶν
2276 1647 2396 1688 ἑξακο-

152 1695 261 1725 σίων·
298 1689 518 1735 καταβαλεῖν
543 1688 583 1725 δὲ
604 1694 664 1725 καὶ
688 1689 795 1726 αὐτοί
817 1702 907 1737 φασι
930 1689 1116 1738 διαφόρως
1139 1689 1348 1726 Παλλάδιον
1370 1693 1439 1736 μὲν
1459 1689 1519 1736 οβ’
1533 1693 1700 1739 χρυσοῦς,
1732 1689 1915 1737 Εὗσέβιον
1935 1690 1975 1727 δὲ
1993 1696 2054 1727 καὶ
2076 1690 2280 1739 Ἀφθόνιον
2301 1691 2397 1736 δέκα,
2423 1698 2464 1730 25

220 1783 305 1817 Νου.
333 1782 461 1817 CXXI
484 1782 608 1817 Graece
633 1789 752 1816 tantum
778 1790 866 1816 extat
890 1785 922 1817 in
943 1784 1026 1817 ML.
1049 1802 1097 1809 —
1120 1784 1213 1827 Epa.
1232 1783 1353 1818 Theod.
1370 1785 1431 1818 121
1459 1785 1547 1827 (inde
1570 1785 1606 1818 Β
1624 1801 1666 1814 =
1683 1780 1743 1817 ΒΣ
1767 1785 1820 1827 23,
1834 1790 1861 1826 3,
1884 1785 1946 1828 78),
1968 1784 2091 1820 Athan.
2114 1787 2168 1828 17,
2184 1791 2201 1819 3
2225 1784 2282 1829 (cs
2303 1786 2398 1819 etiam

110 1847 112 1849 ·
154 1827 281 1873 Ecloqa
299 1829 437 1872 privata
461 1835 558 1862 aucta
584 1830 638 1870 11,
655 1835 673 1862 6
694 1840 730 1872 p·
749 1829 792 1862 32
811 1828 939 1871 Zach.).
987 1828 1165 1873 Appendix
1189 1829 1318 1863 Iuliani
1337 1842 1372 1874 p.
1392 1831 1457 1865 196
1483 1830 1620 1864 Haenel.

153 1918 229 1955 ullo
278 1923 405 1965 ropter
434 1917 529 1954 hanc
560 1929 708 1954 causam
741 1919 779 1954 in
802 1919 1020 1965 provincias
1049 1919 1172 1955 misso.
1221 1918 1300 1954 Nos
1323 1920 1416 1955 enim
1438 1919 1681 1965 providemus,
1714 1918 1894 1965 quomodo
1920 1919 1998 1955 sine
2022 1918 2241 1956 collatorum
2267 1918 2401 1955 damno

155 1965 251 2000 omni
277 1974 319 1999 us
334 1974 515 2010 praesens
539 1967 664 1999 nostra
688 1963 871 2010 qeneralis
895 1963 1108 2000 constitutio
1132 1964 1334 2011 manifesta
1353 1965 1435 2011 fiat.

1209 2095 1341 2133 CXXI.

272 2166 359 2216 ΠΤ
390 2164 576 2226 QUAE
606 2163 745 2215 PER
780 2164 1050 2215 PARTES
1081 2164 1297 2215 FJUNT
1330 2163 1705 2215 [JSURARUM
1738 2165 2175 2217 SOLUTIONES
2207 2165 2299 2216 IN

863 2231 1153 2283 DUPLUM
1191 2231 1707 2284 COMPIJTENTIJR.

702 2308 910 2358 Imperator
933 2310 1159 2346 lastinianus
1181 2310 1368 2357 Λυρκείας
1390 2311 1526 2346 Arsilio
1547 2311 1712 2357 praesidi
1726 2311 1850 2366 sarsi.

293 2379 558 2425 Praefatio.
609 2377 695 2414 Cum
714 2378 872 2414 curiales
889 2377 992 2414 nobis
1007 2378 1217 2425 supplicare
1239 2378 1422 2414 videamus
1445 2378 1562 2424 iisque
1578 2379 1817 2423 consulamus,
1843 2379 1971 2415 merito
1988 2382 2088 2415 artes
2108 2378 2247 2425 leqibus
2262 2380 2401 2417 nostris

158 2426 366 2463 contrarias
389 2429 423 2460 et
448 2424 697 2459 concessiones
714 2435 787 2471 per
805 2423 979 2470 fraudem
1003 2423 1237 2470 excoqitatas
1260 2424 1380 2459 valere
1403 2434 1479 2459 non
1495 2424 1675 2470 patimur.

293 2471 322 2507 Ι.
374 2470 581 2506 Docuerunt
604 2469 697 2504 enim
726 2469 899 2504 Eusebius
923 2472 958 2504 et
981 2467 1212 2515 Aphthonius
1243 2469 1446 2515 potentiam
1477 2474 1658 2511 nostram,
1690 2480 1730 2504 se
1752 2472 1903 2515 nepotes
1926 2468 2101 2505 Demetrii
2131 2479 2209 2505 esse
2239 2480 2290 2505 ex
2312 2469 2399 2506 Pat-

158 2517 257 2554 ladio
279 2516 448 2552 Demetrii
469 2515 549 2560 filio
573 2519 691 2557 natos,
715 2513 935 2550 Demetrium
951 2520 1070 2549 autem
1087 2514 1132 2550 ab
1149 2513 1378 2549 Artemidoro
1404 2513 1515 2549 debiti
1535 2516 1680 2549 nomine
1704 2515 1923 2561 quinqentos
1946 2525 2078 2550 aureos
2102 2517 2303 2550 mutuatum
2323 2526 2400 2551 esse

158 2567 193 2599 et
216 2572 349 2597 usuras
377 2571 450 2607 quo
478 2571 523 2595 ue
550 2560 784 2606 stipulatum,
818 2563 928 2604 atque
959 2569 1079 2605 nuper
1107 2569 1146 2594 se
1167 2568 1312 2594 sacram
1341 2559 1563 2594 sanctionem
1587 2560 1818 2606 impetrasse,
1849 2570 1945 2606 quae
1971 2559 2005 2595 si
2028 2559 2178 2606 duplum
2208 2559 2319 2595 debiti
2342 2571 2399 2596 so-

159 2609 272 2644 lutum
295 2607 355 2649 sit,
387 2606 523 2640 nutam
546 2604 720 2640 adversus
742 2615 805 2640 eos
828 2604 1058 2640 exactionem
1081 2614 1158 2639 esse
1180 2604 1376 2639 secundum
1408 2604 1505 2650 leqes
1527 2611 1673 2640 nostras
1695 2603 1855 2646 iuberet,·
1890 2604 2114 2641 Artemidori
2140 2608 2261 2640 autem
2284 2606 2394 2642 credi-

159 2653 251 2689 toris
273 2661 498 2687 successores
522 2649 761 2696 Epimachum
785 2654 822 2685 et
837 2650 1065 2685 Artemonem
1089 2648 1240 2692 dixisse,
1262 2650 1431 2685 mentitos
1452 2660 1491 2684 se
1514 2660 1590 2685 esse
1612 2650 1651 2684 in
1702 2649 1843 2685 recibus
1865 2650 1943 2685 suis
1965 2660 2080 2696 neque
2104 2649 2248 2685 auxilio
2272 2656 2399 2687 nostro

157 2698 273 2745 potiri
296 2697 439 2733 debere:
463 2706 578 2741 neque
601 2694 695 2730 enim
719 2694 838 2730 debito
862 2695 1114 2740 satisfactum,
1139 2693 1203 2729 sed
1225 2693 1324 2730 solos
1346 2699 1550 2740 nonqentos
1598 2706 1645 2730 ua
1672 2706 1716 2730 ra
1743 2695 1821 2730 inta
1844 2705 1968 2731 novem
1992 2705 2124 2731 aureos
2147 2695 2287 2731 solutos
2309 2707 2398 2732 esse.

159 2742 367 2779 Palladium
401 2741 493 2776 enim
524 2740 709 2786 supplices
744 2739 868 2775 dicunt
899 2740 1062 2786 ipsorum
1091 2744 1239 2786 patrem
1272 2750 1347 2774 una
1381 2749 1461 2774 cum
1487 2739 1604 2774 Pauo
1634 2744 1669 2776 et
1737 2740 1882 2775 emctrio
1911 2743 2023 2787 patre
2059 2740 2137 2775 eius
2171 2741 2400 2787 octingentos

158 2787 357 2834 sescaqinta
379 2790 514 2833 septem
538 2796 672 2821 aureos
689 2785 849 2827 solvisse,
874 2786 1102 2820 Artemonem
1122 2794 1207 2820 vero
1225 2787 1261 2820 et
1277 2783 1507 2820 Priscianam
1524 2785 1745 2821 Artemidori
1765 2784 1908 2827 liberos,
1935 2784 2130 2831 Epimachi
2142 2789 2178 2821 et
2193 2787 2400 2822 Artemonis

159 2844 257 2876 avos,
281 2831 420 2868 dixisse
442 2830 657 2866 solutionem
676 2841 748 2876 per
766 2835 894 2876 partes
914 2830 1058 2876 factam
1079 2833 1213 2865 sortem
1232 2839 1305 2864 non
1323 2830 1498 2876 attiqisse,
1521 2829 1586 2865 sed
1602 2831 1723 2866 omnia
1747 2830 1785 2865 in
1804 2841 1937 2866 usuras
1960 2830 2166 2877 computari
2181 2830 2271 2866 velle
2293 2831 2399 2875 (idem

158 2882 278 2915 autem
301 2877 515 2913 sententiam
539 2885 683 2928 quoque
701 2875 886 2922 praesidis
909 2874 1122 2921 provinciae
1145 2873 1288 2918 dicere),
1320 2879 1357 2910 et
1385 2878 1586 2921 propterea
1616 2886 1640 2910 a
1668 2874 1833 2911 Palladio
1855 2886 1930 2922 pro
1955 2876 2087 2923 priore
2118 2875 2399 2922 quinqentorum

159 2933 355 2960 aureorum
385 2920 606 2967 feneraticia
635 2921 803 2956 cautione
834 2919 986 2956 alteram
1016 2923 1261 2956 sescentorum
1292 2930 1487 2955 aureorum
1519 2920 1707 2966 exeqisse;
1750 2921 1822 2956 iam
1844 2931 1883 2956 se
1906 2921 2009 2967 ipsos
2032 2931 2176 2967 quoque
2199 2921 2325 2958 dicunt
2345 2922 2399 2957 di-

158 2970 271 3006 versis
301 2966 522 3013 temporibus
545 2965 752 3000 Palladium
783 2965 1020 3012 septuaqinta
1043 2963 1152 3008 duos,
1183 2963 1376 3001 Eusebium
1408 2969 1445 3001 et
1466 2964 1714 3011 Aphthonium
1745 2965 1866 3001 decem
1897 2976 2029 3002 aureos
2051 2966 2217 3009 solvisse,
2250 2971 2292 3003 ut
2314 2966 2399 3003 inde

208 3061 224 3094 1
251 3055 336 3091 δέκα
361 3076 402 3081 —-
429 3053 520 3101 ὑπὲρ
544 3070 602 3089 om.
618 3057 648 3089 L
667 3058 679 3099 ll
695 3055 1001 3100 προστιθεμένων
1022 3053 1243 3100 (προσκαθη-
1312 3054 1426 3100 ἑρπὴν
1451 3057 1483 3097 (l.
1500 3056 1648 3101 ἕρψινῗ)
1671 3056 1750 3089 τῶν
1765 3053 1888 3090 τόκων
1900 3057 1974 3090 Ath.
2000 3058 2091 3100 Περὶ
2108 3053 2228 3090 τόκων
2241 3058 2363 3091 Theod.
2387 3057 2400 3102 ss

160 3106 282 3148 μένων
298 3102 391 3145 “nu-3)
417 3102 452 3142 C,
475 3101 647 3144 P1⁰P⁰Sit⁰
668 3112 688 3137 ἶ
703 3100 715 3146 11
735 3102 764 3153 2„
779 3099 1028 3155 στελλοίέένωιζ
1043 3101 1075 3133 L
1099 3099 1243 3134 συστελ·
1315 3113 1352 3145 11
1380 3107 1532 3155 ἆρσιλίω
1546 3113 1590 3146 Μ
1600 3126 1676 3157 app.
1690 3113 1767 3153 lut]
1790 3108 1946 3157 Ἀρσίμῳ
1964 3112 2040 3146 Ath.
2061 3099 2182 3155 βασιχ
2208 3114 2230 3147 i.
2244 3125 2271 3147 e.
2294 3115 2399 3157 βασι-

160 3149 311 3192 λομένου
339 3148 406 3182 0²²·
422 3147 441 3180 ἶ·
459 3145 475 3200 ΕΙ
497 3148 520 3180 4
543 3143 790 3200 ⁰Jv²²7⁸2⁸⁶u⁰¹²
813 3147 878 3198 ΟΞ]
905 3157 1080 3188 vanum-’²'
1103 3142 1244 3179 σντδλε·
1313 3154 1378 3190 λίω
1392 3157 1423 3190 L
1441 3156 1454 3200 ΙΙ
1479 3159 1519 3191 15
1541 3155 1719 3192 παλαδίου
1737 3159 1823 3200 L(et
1835 3159 1882 3191 sic
1901 3159 2004 3200 infra)
2028 3157 2039 3196 11
2065 3155 2215 3202 χρυσοὺς
2239 3158 2399 3201 libcifere

161 3194 335 3229 σθέντων
352 3193 424 3226 ML
448 3202 623 3234 ²¹⁹⁷7⁷I2⁶⁰⁶W
638 3188 886 3242 avvcheastwv
900 3203 941 3242 T?
965 3203 1034 3224 cum
1047 3191 1243 3242 Ηαῖθαηαῖνθ
1312 3209 1493 3236 constanter
1509 3202 1521 3246 ΙΙ
1542 3204 1582 3237 16
1595 3203 1726 3244 τύπον]
1743 3203 1829 3237 Νου.
1845 3203 1985 3237 CXXX
1993 3203 2082 3236 VIII
2092 3204 2148 3245 (ch.
2162 3203 2351 3238 Zachariae
2364 3205 2398 3237 in

162 3241 247 3284 vuly.
266 3239 279 3283 ΙΙ
297 3239 316 3272 6
341 3248 394 3270 vn
411 3235 569 3292 (angust
594 3247 632 3269 xv
652 3237 783 3278 Cunus)
803 3235 848 3268 1d.
865 3246 942 3268 mal.
964 3236 1069 3272 MC:
1081 3233 1174 3277 Iul-⁶]
1197 3235 1241 3268 ld.
1312 3249 1449 3281 editione
1473 3248 1600 3282 Novem
1615 3249 1640 3281 I
1654 3262 1690 3292 p·
1705 3250 1724 3281 5
1743 3255 1806 3281 not·
1819 3249 1853 3285 4)
1872 3249 1885 3290 ΙΙ
1914 3250 1954 3281 17
1979 3246 2122 3290 νόμους]
2151 3248 2228 3281 Cod-
2243 3250 2275 3289 4,
2289 3255 2337 3290 32,
2350 3256 2397 3283 27·

163 3286 237 3318 Iun.
261 3283 339 3318 Alfi·
370 3284 458 3335 ίξηνὶ,
481 3279 603 3333 ἦθυλίῳ
629 3282 662 3315 T
659 3282 750 3314 Ῐῐθθά·
773 3282 784 3323 ΙΙ
814 3280 879 3314 GP·
906 3300 948 3305 -“
974 3280 1122 3333 XVIII-J
1146 3291 1241 3324 0⁰¹¹P·
1312 3294 1343 3334 8,
1356 3300 1405 3335 4ο,
1418 3300 1454 3327 29
1471 3291 1484 3337 ΙΙ
1505 3294 1546 3327 18
1567 3288 1806 3340 ἇρτεμιδιόρω
1822 3294 1881 3326 'La
1899 3292 1911 3337 ΙΙ
1927 3288 2110 3337 ἅρτέμονα
2134 3293 2177 3326 Μ
2194 3294 2238 3335 (et
2251 3294 2300 3326 sic
2318 3306 2398 3328 sem-

162 3331 241 3383 }mp.
263 3329 363 3362 donn.
379 3330 565 3360 mstnmano
589 3337 640 3368 ag.
658 3337 736 3359 ann.
754 3325 895 3377 XCIJII
915 3323 996 3359 1211st
1022 3336 1071 3369 cp.
1090 3336 1170 3369 lmp.
1188 3326 1232 3358 dn
1309 3340 1382 3381 per)
1398 3337 1410 3381 ΙΙ
1431 3340 1472 3372 19
1492 3336 1542 3382 μὴ
1560 3335 1635 3372 δεῖν
1653 3340 1709 3379 Μ]
1733 3335 1846 3381 μηδὲν
1869 3339 1901 3371 L
1918 3337 1931 3376 ΙΙ
1947 3336 2078 3381 μόνους
2101 3350 2159 3371 οη,
2175 3337 2244 3382 Mn
2262 3339 2310 3384 2q
2351 3337 2399 3386 ἀρ

161 3378 240 3409 lust·
264 3385 320 3417 PP·
344 3383 416 3415 008·
441 3383 494 3405 ²²¹¹·
515 3371 606 3405 ΧῙῙῙ
626 3383 645 3408 ἔ
658 3373 727 3406 6011·
759 3381 811 3414 ⁰P·
835 3381 915 3414 11¹²P·
940 3370 995 3403 ‘1¹¹-
1020 3381 1109 3403 amm
1121 3370 1243 3404 XVIII
1314 3383 1507 3437 ΔΜΕθἜμὲν
1521 3381 1589 3429 γὰρ
1607 3382 1656 3417 Ll’
1671 3383 1683 3428 ΙΙ
1704 3385 1745 3417 25
1762 3383 1850 3416 *καὶ
1866 3379 1973 3416 αὗτοί
1985 3384 2064 3425 (nisi
2076 3383 2171 3417 malis
2186 3385 2245 3416 καὶ
2263 3385 2308 3416 αὖ
2343 3386 2396 3428 ις)]

162 3420 279 3464 (XVII
298 3420 376 3472 ν’,ω
400 3418 430 3471 G:
456 3428 506 3460 εἷ’·
532 3417 587 3451 dn·
611 3418 691 3450 iUSt·
715 3426 771 3459 ΡΡ·
796 3426 872 3458 aug·
891 3416 934 3448 M
944 3413 1143 3471 ,βασιζίείας
1162 3411 1243 3450 Ἴου·
1312 3430 1372 3461 καὶ
1389 3429 1489 3471 αυτῷ
1505 3429 1577 3462 ML
1600 3429 1672 3470 (καὶ
1689 3424 1810 3463 αὐτοῖς
1833 3429 1926 3462 malit
1941 3429 2142 3471 Zachariae)

162 3476 348 3500 στινιανου
374 3466 430 3505 (το
456 3462 502 3506 ιη’
528 3463 605 3496 add.
631 3462 804 3503 Fabrotus)
829 3462 904 3494 Ath.
941 3457 1010 3494 ινδ.
1031 3461 1052 3502 ζ
1077 3461 1199 3495 Theod.
1235 3462 1246 3504 ll

155 3513 182 3544 ’7
206 3513 281 3554 post
310 3508 473 3542 consulat.
507 3506 641 3548 (osulat.
672 3508 693 3541 i.
719 3519 746 3540 e.
779 3505 896 3539 osulat.
924 3507 1012 3547 libri)
1045 3505 1161 3539 basilio
1189 3517 1244 3539 an.

162 3556 218 3589 111
239 3556 269 3590 0
287 3565 338 3598 pe.
355 3554 423 3587 bas.
442 3564 490 3586 vo.
507 3563 560 3586 an.
577 3553 614 3585 ΙΙ
630 3564 650 3588 ς
662 3553 732 3586 cod.
757 3551 874 3585 basilio
893 3561 946 3585 uc.
967 3561 1070 3584 oonss.
1091 3551 1139 3585 M
1153 3551 1245 3595 μετὰ
1361 3553 1376 3585 1
1403 3550 1592 3593 praeposito
1617 3551 1649 3582 R
1667 3551 1679 3593 ΙΙ
1704 3551 1724 3583 2
1750 3550 1838 3583 enim
1863 3563 1921 3584 om.
1935 3551 1969 3583 R
1986 3550 1998 3594 u
2015 3550 2243 3592 praeuidimus
2266 3551 2298 3584 R
2320 3561 2398 3595 pro-

163 3599 232 3642 τὴν
254 3596 432 3633 ὑπατείαν
455 3595 645 3631 Βασιλείου
668 3595 711 3631 τὸ
726 3595 759 3642 γ’
780 3597 901 3630 Theod.
937 3593 981 3630 τὸ
1005 3592 1037 3642 γ’
1062 3594 1154 3640 μετὰ
1176 3595 1247 3639 τὴν
1313 3595 1462 3629 videmus
1485 3596 1573 3639 vulq.
1591 3595 1604 3637 ΙΙ
1631 3595 1651 3628 3
1675 3596 1789 3628 nostra
1813 3608 1871 3630 om.
1887 3595 1921 3629 T
1944 3594 1957 3638 ΙΙ
1984 3597 2005 3629 6
2028 3596 2292 3639 subscriptionem
2315 3609 2398 3632 unus

165 3642 343 3679 ὑπατείαν
355 3642 545 3677 Βασιλείου
557 3645 635 3677 ΑιΙι.
657 3652 745 3675 cons.
758 3641 880 3674 XIIII.
896 3641 1006 3682 (antea
1019 3643 1127 3686 spatio
1143 3654 1246 3676 vacuo
1311 3648 1460 3685 praestat
1483 3641 1553 3674 cod.
1573 3641 1824 3682 Escorialensis,
1847 3641 1904 3674 ubi
1921 3641 2159 3684 praescribitur
2183 3643 2401 3676 constitutioni

164 3691 287 3732 relicto)
310 3688 392 3724 luz!
417 3689 431 3734 ΙΙ
462 3691 482 3724 9
502 3691 591 3724 rubr.
622 3689 712 3733 Περὶ
738 3706 778 3711 -
803 3684 1017 3733 λογίζεσθαι
1047 3684 1246 3733 (καταλογί-
1319 3687 1385 3721 ΟΧ
1393 3686 1445 3720 VI
1453 3686 1510 3729 (=
1522 3698 1595 3719 nov.
1610 3685 1770 3728 CXXV)
1783 3687 1866 3720 inter
1881 3692 2131 3730 extravaqantee
2144 3685 2299 3733 positaess
2317 3686 2396 3723 iust.

165 3733 297 3778 ζεσθαι
317 3735 361 3777 L)
385 3734 459 3769 ML
472 3747 548 3780 app.
564 3734 639 3776 Iul]
669 3729 887 3778 Ἀντιγραφὴ
911 3729 1156 3777 ἑρμηνεύουσα
1177 3731 1247 3776 τὴν
1314 3742 1368 3776 pp.
1394 3742 1464 3774 cog.
1489 3741 1544 3765 an.
1569 3730 1671 3764 XIII.
1703 3741 1755 3774 po.
1780 3730 1849 3765 bas.
1874 3741 1923 3766 vc.
1947 3740 2002 3765 an.
2027 3731 2074 3765 11.
2099 3731 2214 3766 Escor.
