2618 4010
278 136 385 181 Nov.
415 137 557 181 XVIII
584 152 647 195 pr.
681 142 699 181 1
1357 137 1433 185 128
1924 159 1984 190 nn
2011 118 2210 192 mmm-n·
2229 160 2287 192 m·
2316 161 2495 195 snmssz
2563 214 2565 217 v

275 245 365 283 ἀλλὰ
386 250 446 282 καὶ
477 246 562 294 ἡμῖν
582 247 650 294 ἤδη
672 250 752 284 τῶν
774 248 846 297 πρὸ
869 246 973 296 ἡμῶν
997 247 1273 298 αὗτοκρατόρων
1297 248 1352 285 οὐ·
1419 253 1491 288 iam
1515 264 1587 289 non
1611 252 1731 298 aliquo
1753 254 1912 300 priorum
1937 258 2139 305 principum
2161 259 2278 296 minus
2300 260 2492 306 legislatio-

277 291 377 327 δενὸς
407 291 573 329 ἐλάττους
603 293 894 340 καταβέβληνται
927 298 1009 343 περὶ
1036 293 1163 330 τούτου
1196 295 1352 340 νομοθε-
1419 307 1484 333 nes
1508 298 1671 342 prolatae
1694 301 1790 334 sunt.
1822 299 1937 338 Deum
1956 314 2038 340 vero
2064 304 2330 342 considerant&
2354 315 2495 352 Semper

277 341 363 371 σιάι.
416 337 484 372 Ἰὸν
507 336 548 372 δὲ
571 338 664 374 θεὸν
687 341 894 376 ἐννοοῦντες
915 338 982 382 ἀεί,
1002 344 1061 375 καὶ
1085 337 1185 374 ὅπως
1206 335 1252 375 ἃν
1273 337 1351 394 ἀρε-
1420 346 1456 377 et
1480 346 1654 387 quatenus
1686 342 1732 378 ei»
1745 344 1868 390 placiti
1895 346 2080 386 videamur
2101 354 2137 385 et
2162 349 2296 403 aliquid
2319 350 2494 386 bonorum

276 386 358 416 στοί
374 395 415 417 τε
439 380 539 427 αὐτῷ
554 384 780 430 φαινοίμεθα
796 388 860 420 καί
876 398 913 420 τι
930 386 1007 420 τῶν
1027 386 1075 419 εἰς
1090 381 1178 429 ἡμᾶς
1192 381 1352 432 ἆγαθων
1420 386 1564 432 dignum
1585 387 1623 423 in
1651 387 1756 424 nobis
1778 398 1934 435 agamus,
1959 393 2104 430 nitimur
2127 395 2262 440 aliquid
2289 395 2494 430 adinvenire

275 427 378 467 ἄξιον
399 427 632 486 πράττοιμεν,
666 428 883 477 πειρώμεθά
904 444 941 465 τι
971 430 1273 476 προςεξευρίσκειν
1295 427 1351 464 ἀεὶ
1387 434 1406 466 5
1421 441 1559 486 semper
1581 435 1619 468 et
1640 436 1792 468 naturae
1815 444 2035 490 consequens
2058 442 2095 474 et
2117 439 2214 493 quod
2237 440 2351 485 possit
2372 440 2493 485 priora

274 473 319 519 τῇ
349 470 455 518 φύσει
477 486 518 508 τε
540 473 745 510 ακόλουθον
776 478 835 510 καὶ
867 474 911 509 τὰ
936 474 1103 520 πρόσθεν
1126 474 1350 523 ἐπανορθού-
1421 487 1607 521 corrigere.
1654 477 1880 523 Frequenter
1903 480 2009 525 igitur
2032 487 2068 518 et
2089 484 2162 519 8118
2191 485 2267 520 vice
2290 485 2409 520 mirati
2432 495 2491 520 811-

273 530 393 560 μενον.
441 517 617 555 Πολλάκις
646 524 772 555 τοίνυν
802 523 862 555 καὶ
896 519 1022 554 ἄλλοτε
1058 517 1349 564 τεθαυμάκαμεν,
1419 532 1512 565 mus,
1549 523 1725 568 quomodo
1759 524 1922 568 legitimis
1954 529 1992 562 81
2021 527 2189 565 benivolis
2223 529 2325 574 filiis,
2362 529 2491 575 quibus

273 558 369 596 ἀνθ’
395 558 482 598 ὅτου
511 567 585 599 τοῖς
610 569 769 613 γνησίοις
799 569 859 599 καὶ
885 563 1086 611 εὐγνώμοσι
1116 567 1268 606 τέκνοις,
1299 564 1350 599 οἷς
1419 569 1528 610 agunt
1557 568 1690 612 gratias
1723 572 1889 612 parentes
1921 571 2118 618 quibusque
2156 574 2251 618 quod
2281 575 2492 619 relinquitur

274 609 393 649 ἔχουσι
415 609 520 657 χάριν
547 609 584 644 οἱ
603 614 735 657 γονεῖς,
767 609 809 645 τὸ
833 608 1208 654 καταλιμπανόμενον,
1239 607 1260 644 3
1282 608 1349 653 ἤδη
1418 611 1488 646 iam
1521 613 1626 647 etiam
1650 613 1806 648 debitum
1830 619 1976 657 vocant,
2008 617 2121 653 solum
2151 619 2343 655 triuncium
2367 619 2490 655 defini-

274 655 334 686 καὶ
359 656 460 698 χρέος
482 653 641 697 καλοῦσι,
662 655 778 700 μόνον
797 652 999 701 τριούγκιον
1023 652 1161 702 ὥρισαν
1185 655 1223 696 ἐξ
1245 652 1349 702 ἀνάγ·
1366 659 1406 690 10
1419 660 1523 691 erunt
1547 667 1590 692 ex
1614 659 1828 695 necessitate
1851 659 2065 706 derelinqui,
2094 663 2267 708 reliquum
2292 675 2374 700 vero
2398 664 2492 699 iacet

274 708 335 740 κης
365 697 726 744 καταλιμπάνεσθαι,
761 699 804 734 τὸ
839 698 966 734 λοιπὸν
998 697 1038 734 δὲ
1069 702 1109 734 έν
1139 701 1185 748 τῇ
1221 697 1349 747 γνώμῃ
1418 701 1454 736 in
1485 703 1667 738 voluntate
1697 708 1903 748 parentum,
1936 707 1973 740 et
2005 707 2149 751 capiunt
2179 709 2319 753 quidem
2352 709 2492 754 cognati

273 743 353 777 τῶν
373 746 513 791 γονέων
538 743 739 787 ἀπόκειται,
763 748 822 779 καὶ
846 743 1022 791 λήψονται
1044 747 1112 790 μὲν
1140 747 1200 780 καὶ
1228 756 1348 792 συγγε-
1419 748 1538 782 omnia.
1561 749 1597 782 et
1620 749 1779 784 extranei
1808 749 1863 784 vel
1887 759 1968 784 cum
1991 750 2155 788 libertate
2178 754 2280 797 servi,
2310 754 2374 789 filii
2398 764 2491 795 vero,

273 790 346 823 νεῒς
376 785 533 824 ἅπαντες
563 793 623 824 καὶ
650 790 690 824 οῗ
713 803 753 837 γε
782 789 926 830 ἔξωθεν
949 792 1008 823 καὶ
1034 787 1117 835 μετ’
1144 789 1349 836 ἐλευθερίας
1417 791 1501 827 licet
1522 793 1622 828 multi
1656 794 1869 836 consistant,
1900 794 2038 831 etiamsi
2067 796 2154 832 nihil
2186 798 2396 834 offenderint
2427 809 2490 843 pa-

273 833 419 876 οἰκὲται,
451 834 487 869 οἱ
508 833 633 870 παῖδες
657 833 706 876 δέ,
738 836 769 869 εἰ
792 837 850 868 καὶ
874 833 1000 869 πολλοὶ
1023 833 1295 878 καθεστήκοιεν,
1319 836 1350 869 εἰ
1417 839 1554 882 rentes,
1594 838 1860 874 confunduntur
1892 843 1927 873 et
1957 840 2151 876 triuncium
2181 842 2336 879 divident
2365 844 2491 883 solum,

273 881 332 912 καὶ
354 877 468 923 μηδὲν
483 877 731 928 προςκρούοιεν
746 883 818 914 τοῖς
834 881 988 926 γονεῦσι,
1012 878 1270 915 καταιδοῦνται
1290 884 1350 914 καὶ
1366 884 1403 916 15
1418 883 1472 917 vel
1503 883 1534 918 si
1557 883 1677 918 decem
1700 883 1794 919 forte
1817 887 1879 919 aut
1902 885 2053 929 amplius
2077 886 2228 930 fuerint,
2253 892 2292 924 et
2316 898 2492 934 pauperes

272 922 315 957 τὸ
338 924 540 970 τριούγκιον
562 923 810 970 διαιρήσονται
832 923 957 968 μόνον,
987 922 1055 959 κᾶν
1079 926 1111 959 εἰ
1134 923 1220 960 δέκα
1243 925 1351 968 τυχὸν
1419 930 1524 963 erunt
1547 928 1609 964 11111
1634 928 1745 965 donee
1768 929 1919 965 vixerint
1941 935 2063 975 patres
2085 930 2214 968 idonei.

273 965 341 1002 κᾶν
364 970 396 1003 εἰ
419 968 559 1004 πλείους
582 970 663 1011 εἷεν,
695 973 754 1003 καὶ
778 972 927 1013 πένητες
954 971 1102 1005 ἔσονται
1126 969 1249 1006 παῖδες
1281 983 1350 1006 πα-

273 1013 355 1060 τρὸς
380 1016 446 1049 ἕως
469 1016 532 1058 ἔζη
556 1014 804 1049 πλουτοῦντος.

1279 1084 1433 1120 CAPUT
1456 1085 1484 1121 Ι.

323 1150 440 1183 Ταῦτα
464 1147 553 1194 ἡμᾶς
576 1151 737 1194 ἐκίνησεν
761 1150 1025 1199 ἐπανορθῶσαι
1049 1150 1115 1186 τὸν
1138 1149 1262 1195 νόμον,
1286 1155 1345 1186 καὶ
1458 1152 1558 1188 Haec
1583 1164 1648 1190 nos
1671 1158 1856 1190 moverunt
1887 1154 2063 1199 corrigere
2088 1154 2220 1198 legem,
2252 1159 2288 1190 et
2317 1167 2390 1193 nen
2414 1167 2490 1193 eam

271 1193 319 1237 μὴ
347 1192 520 1238 περιιδεῖν
544 1193 654 1229 αὐτὸν
677 1198 778 1240 μέχρι
811 1194 947 1230 παντὸς
978 1197 1226 1243 ἐρυθριῶντα,
1257 1194 1344 1231 ἀλλὰ
1359 1200 1400 1232 20
1414 1198 1597 1243 despicere
1620 1209 1759 1244 semper
1783 1200 2062 1241 erubescentem,
2085 1201 2222 1245 talique
2245 1201 2351 1237 modo
2376 1202 2490 1238 deter-

271 1236 423 1282 τοιοὺτῳ
443 1237 599 1288 διορίσαι
619 1239 661 1275 τὸ
679 1242 827 1287 πρᾶγμα
846 1238 989 1297 τρόπῳ·
1017 1238 1114 1283 ὥςτε,
1139 1242 1170 1275 εἰ
1185 1244 1253 1286 μὲν
1268 1240 1344 1276 ἑνός
1414 1243 1547 1278 minare
1570 1254 1734 1287 causam,
1764 1247 1823 1287 ut,
1854 1245 1884 1279 Si
1908 1245 2049 1289 quidem
2077 1245 2183 1281 unius
2207 1250 2264 1281 est
2294 1246 2358 1282 filii
2389 1251 2492 1292 pater

271 1286 348 1318 ἐστι
371 1282 500 1319 παιδὸς
534 1284 653 1333 πατὴρ
684 1282 706 1329 ἢ
728 1285 845 1332 μήτηρ
873 1300 894 1329 η
918 1284 1018 1320 δυοῖν
1042 1285 1064 1330 ἢ
1087 1288 1201 1333 τριῶν
1224 1286 1246 1330 ἢ
1268 1300 1345 1322 τεσ·
1412 1290 1476 1323 8111
1497 1292 1612 1324 mater
1639 1294 1702 1324 aut
1725 1289 1875 1325 (luorum
1899 1290 1953 1325 vel
1983 1290 2092 1325 trium
2115 1291 2170 1326 vel
2194 1294 2382 1336 quattuor,
2418 1303 2492 1327 11011

271 1328 404 1372 σάρων,
441 1329 490 1374 μὴ
519 1330 722 1378 τριούγκιον
755 1329 873 1365 αὐτοῖς
903 1330 1188 1376 καταλιμπάνειν
1220 1331 1344 1377 μόνον,
1412 1334 1605 1369 triuncium
1633 1334 1685 1369 eis
1709 1335 1861 1379 relinqui
1891 1335 2022 1378 solum,
2054 1335 2118 1370 sed
2149 1337 2293 1371 tertiam
2323 1338 2492 1383 propriae

270 1371 359 1408 ἀλλὰ
393 1373 460 1418 τὴν
493 1380 621 1423 τρίτην
655 1377 716 1419 τῆς
746 1376 872 1410 ἑαυτοῦ
905 1380 1126 1422 περιουσίας,
1159 1380 1345 1411 τουτέστιν
1412 1378 1652 1422 substantiae,
1684 1379 1754 1415 hoc
1783 1384 1837 1414 est
1860 1380 1985 1415 uncias
2010 1383 2198 1425 quattuor,
2232 1386 2268 1417 et
2296 1382 2389 1418 hanc
2412 1393 2491 1418 esse

271 1416 413 1466 οὖγκίας
429 1423 616 1465 τέσσαρας,
642 1423 701 1454 καὶ
719 1422 826 1455 τοῦτο
850 1421 942 1455 εἶναι
962 1420 1005 1455 τὸ
1026 1420 1265 1476 διωρισμένον
1288 1425 1345 1466 με’·
1360 1425 1399 1457 25
1414 1423 1594 1458 definitam
1617 1434 1818 1460 mensuram
1840 1435 1953 1470 usque
1977 1424 2024 1460 ad
2048 1426 2271 1470 praedictum
2293 1437 2488 1464 numerum.

270 1478 359 1510 τρον
389 1463 470 1513 ἄχρι
501 1467 564 1500 τοῦ
595 1466 772 1512 ῥηθέντος
801 1463 969 1511 ἀριθμοῦ.
1017 1468 1048 1500 εἰ
1080 1464 1119 1500 δὲ
1146 1469 1236 1514 υπὲρ
1266 1466 1346 1501 τοὺς
1415 1468 1452 1503 Si
1474 1478 1558 1504 vero
1585 1469 1682 1505 ultra
1712 1473 1882 1523 quattuor
1916 1470 2083 1507 habuerit
2116 1470 2227 1514 filios,
2259 1471 2410 1507 mediam
2439 1473 2490 1508 eis

270 1512 447 1556 τέσσαρας
468 1512 540 1553 ἔχει
564 1509 711 1552 παῖδας,
742 1510 809 1554 τὴν
833 1508 998 1555 ἡμίσειαν
1021 1512 1082 1555 τῆς
1111 1510 1224 1556 πάσης
1249 1525 1345 1568 περι·
1414 1513 1524 1549 totius
1553 1514 1777 1550 substantiae
1799 1515 1951 1560 relinqui
1972 1519 2123 1560 partem,
2147 1519 2189 1551 ut
2211 1517 2420 1552 sexuncium
2444 1518 2490 1553 sit

271 1558 391 1589 ovatae
414 1552 534 1590 αὐτοῖς
557 1553 899 1599 καταλιμπάνεσθαι
923 1560 1064 1604 μοῖραν,
1091 1553 1178 1591 ὥςτε
1202 1558 1344 1604 ἑξαουγ-
1415 1559 1557 1594 omnino
1582 1559 1678 1604 quod
1711 1559 1876 1602 debetur,
1909 1560 2057 1604 singulis
2087 1570 2131 1596 ex
2159 1571 2273 1606 aequo
2298 1561 2489 1607 quadrian-

270 1613 350 1634 κιον
368 1599 461 1634 εἶναι
484 1598 630 1635 πάντως
652 1600 694 1635 τὸ
718 1598 959 1647 ὀφειλόμενον.
993 1601 1140 1636 ἑκάστου
1164 1600 1245 1637 κατ’
1267 1602 1346 1637 ἴσον
1415 1603 1507 1638 cium
1531 1604 1585 1639 vel
1610 1605 1818 1640 sexuncium
1842 1604 2076 1647 dividendum,
2101 1610 2137 1641 et
2159 1606 2228 1641 hoc
2249 1616 2321 1641 non
2345 1607 2411 1642 sub
2435 1607 2489 1642 in-

270 1645 313 1679 τὸ
335 1643 591 1693 τετραοῦγκιον
614 1645 721 1688 τυχὸν
744 1642 766 1689 ἢ
789 1645 831 1680 τὸ
857 1647 1064 1694 ἑξαούγκιον
1089 1646 1345 1694 διαιρουμένου,
1359 1648 1509 1683 30111818
1542 1649 1809 1685 circumstantia
1842 1659 1959 1685 rerum
1991 1650 2128 1691 (forsan
2163 1652 2256 1686 enim
2290 1651 2398 1687 etiam
2433 1652 2489 1687 hic

270 1693 330 1723 καὶ
349 1691 456 1724 τοῦτο
479 1687 541 1725 οὐκ
566 1692 605 1725 ἑν
627 1689 740 1734 ἀδίκῳ
765 1691 970 1738 περιστάσει
993 1692 1219 1740 πραγμάτων
1243 1692 1345 1735 (εἰκὸς
1412 1694 1474 1728 alii
1501 1694 1711 1730 iniustitiam
1734 1695 1931 1739 patiuntur,
1966 1695 2044 1730 aliis
2068 1695 2209 1739 quidem
2239 1696 2386 1732 meliora
2409 1697 2488 1732 aliis

269 1734 315 1781 γὰ
360 1733 553 1770 κάνταῦθα
579 1734 661 1770 τοὺς
686 1735 810 1771 ἄλλους
839 1735 1080 1781 ἀδικηθῆναι,
1110 1739 1189 1772 τῶν
1210 1741 1278 1782 μὲν
1300 1737 1346 1772 τὰ
1412 1749 1495 1774 vero
1527 1739 1704 1775 deteriora
1733 1740 2044 1785 percipientibus),
2081 1740 2145 1776 sed
2179 1741 2271 1786 quod
2303 1741 2490 1785 contigerit

269 1747 457 1822 καῖλίονα,
487 1782 566 1815 τῶν
597 1779 638 1815 δὲ
666 1781 711 1815 τὰ
743 1785 887 1826 χείρονα
922 1781 1217 1826 λαμβανόντων)·
1254 1781 1344 1817 ἀλλὰ
1413 1795 1699 1829 unumquemque
1729 1795 1792 1830 per
1821 1785 1942 1820 omnia.
1971 1795 2013 1820 ae
2037 1796 2124 1822 uum
2149 1796 2229 1822 esse
2258 1786 2297 1822 111
2405 1788 2412 1794 ’

269 1826 378 1859 τοῦτο
402 1822 446 1869 δὴ
471 1824 512 1860 τὸ
535 1825 730 1870 ἐπιβάλλον
759 1825 897 1870 ἑκάστῳ
928 1825 988 1860 διὰ
1018 1826 1171 1862 πάντων
1194 1828 1273 1862 ἴσον
1299 1828 1343 1862 εἴ·
1412 1832 1449 1864 81
1475 1829 1512 1864 111
1542 1830 1756 1874 quantitate,
1795 1830 1868 1865 sive
1897 1830 1976 1875 quis
2008 1830 2016 1838 '
2046 1830 2094 1866 ud
2120 1831 2352 1867 institutionis
2384 1832 2488 1867 modo

272 1883 331 1904 ναι
359 1871 400 1904 ἐν
423 1870 592 1914 ποιότητί
611 1885 652 1905 τε
674 1874 733 1905 καὶ
758 1869 951 1915 ποσότητι,
975 1872 1046 1906 εἴτε
1069 1884 1123 1907 τις
1142 1870 1229 1906 αὐτὸ
1253 1872 1345 1906 κατὰ
1357 1876 1398 1908 35
1412 1873 1485 1909 sive
1508 1885 1573 1918 per
1600 1875 1705 1919 legati
1728 1875 1832 1918 (idem
1857 1878 1912 1910 est
1934 1875 2054 1911 dicere
2077 1879 2112 1910 et
2134 1876 2411 1918 fideicommissi)
2432 1887 2487 1912 re-

269 1914 408 1961 τρόπον
439 1916 638 1950 ἐνστάσεως
668 1917 738 1951 εἴτε
769 1916 861 1951 κατὰ
892 1921 1101 1965 πρεσβείου,
1137 1914 1273 1952 ταύτὸν
1305 1916 1344 1952 δὲ
1411 1918 1551 1963 linquat
1574 1920 1807 1956 occasionem.
1855 1920 1995 1955 Licebit
2019 1920 2112 1956 enim
2135 1921 2168 1956 ei
2190 1921 2369 1967 reliquum
2388 1926 2487 1958 octo-

269 1961 370 1995 ἔστιν
393 1960 506 1995 εἰπεῖν
536 1965 595 1995 καὶ
623 1959 932 2015 φιὸεϊκομμίσσου,
965 1961 1228 2007 καταλιμπάνει
1259 1962 1344 2010 πρό-

271 2017 392 2051 φασιν.
426 2005 577 2052 πάρεστι
592 2020 661 2054 γαρ
686 2004 783 2050 αὐτῷ
809 2005 851 2041 τὸ
875 2005 1014 2050 λοιπόν,
1039 2004 1272 2055 ὀκταούγκιον
1289 2021 1346 2042 τυ-

314 2109 387 2142 cap.
407 2098 439 2138 Ι,
462 2098 502 2132 21
529 2096 767 2141 (θεσπίζομεν
790 2097 821 2131 εἰ
839 2099 907 2142 μὲν
929 2095 1005 2132 §vhe
1018 2123 1114 2133 .....
1138 2101 1149 2140 )
1171 2118 1214 2124 -
1232 2099 1292 2132 IV
1313 2106 1422 2133 extant
1441 2098 1477 2132 B
1499 2100 1553 2140 41,
1567 2106 1595 2140 4,
1608 2105 1625 2131 2
1649 2099 1692 2141 (I,
1705 2101 1744 2133 21
1771 2098 1995 2143 θεσπίζομεν
2014 2099 2046 2133 εἰ
2063 2101 2131 2143 μὲν
2143 2126 2152 2134 .
2166 2126 2175 2135 .
2187 2125 2197 2135 .
2208 2103 2340 2146 χωρεῖν
2363 2103 2436 2145 129,
2450 2105 2486 2142 4;

269 2142 339 2176 III.
370 2143 433 2176 IV
448 2142 513 2176 τοῦ
532 2145 685 2186 νομίμου
710 2140 750 2176 δὲ
772 2142 900 2176 τούτου
920 2145 1042 2188 μέρους
1071 2145 1148 2186 129,
1167 2146 1208 2178 35
1235 2171 1242 2178 .
1257 2170 1264 2176 .
1280 2169 1288 2177 .
1305 2169 1312 2176 .
1335 2146 1496 2189 γνησίων
1522 2146 1602 2183 130,
1622 2146 1661 2177 31
1696 2145 1746 2177 B·
1765 2157 1801 2187 p.
1820 2147 1882 2178 661
1910 2145 2039 2186 Zach.).
2063 2164 2107 2169 —
2131 2158 2204 2189 cap.
2229 2147 2254 2179 I
2272 2154 2486 2190 arqumentum

270 2189 463 2222 adumbrant
487 2187 665 2221 Procln'ron
690 2190 742 2230 32,
763 2196 793 2226 1;
818 2189 1023 2232 Epanaqoqe
1047 2191 1101 2229 34,
1126 2197 1150 2222 1.

268 2310 343 2335 non
366 2299 484 2335 minus
506 2310 615 2346 quam
638 2299 683 2335 ab
707 2299 781 2335 ullo
805 2311 930 2336 eorum
954 2300 1018 2346 qui
1041 2311 1109 2335 nos
1131 2303 1401 2335 antecesserunt
1422 2299 1684 2346 imperatorum
1704 2300 1749 2336 de
1766 2312 1810 2336 ea
1829 2312 1870 2336 re
1886 2302 2105 2348 propositae
2127 2306 2213 2337 sunt
2234 2301 2485 2348 leqislationes.

267 2343 362 2380 Dum
386 2349 505 2381 autem
528 2344 632 2380 deum
654 2355 795 2392 semper
824 2346 1004 2381 intuemur
1034 2349 1143 2397 atque
1171 2344 1351 2391 quomodo
1382 2349 1419 2380 et
1444 2344 1594 2391 probati
1624 2345 1657 2381 ei
1683 2345 1867 2381 videamur
1893 2349 1929 2381 et
1957 2356 2109 2392 aqamus
2138 2345 2237 2393 quod
2264 2346 2411 2392 diynum
2439 2349 2487 2384 sit

267 2389 447 2435 benefieiis
469 2390 507 2424 in
531 2400 599 2424 nos
622 2389 784 2432 collatis,
807 2400 949 2436 semper
972 2389 1114 2436 aliquid
1134 2390 1295 2437 reperire
1317 2390 1400 2424 insu
1427 2400 1468 2424 er
1493 2390 1703 2435 annitimur,
1734 2390 1834 2442 quod
1856 2393 1890 2425 et
1913 2395 2069 2442 naturae
2091 2391 2281 2427 conveniat
2303 2396 2338 2427 et
2353 2393 2487 2444 priora

267 2435 438 2481 corr-iqat.
485 2435 604 2481 Atque
625 2446 734 2481 saepe
756 2435 864 2470 etiam
888 2436 982 2470 alias
1004 2435 1127 2471 mirati
1155 2446 1295 2477 sumus,
1326 2435 1390 2481 qui
1437 2434 1485 2470 sit
1507 2446 1573 2470 cur
1597 2435 1629 2470 le
1655 2435 1767 2470 itimzs
1789 2439 1825 2470 et
1854 2440 1972 2481 qratzs
2000 2435 2140 2478 laberis,
2171 2435 2301 2481 quibus
2330 2443 2488 2483 qratiam

267 2479 398 2515 habent
413 2485 601 2527 parentes,
622 2479 662 2514 id
680 2480 781 2531 quod
802 2479 1076 2526 relinquendum
1098 2484 1152 2516 est
1180 2480 1293 2526 (quod
1315 2479 1458 2526 quidem
1483 2480 1591 2531 etiam
1613 2446 1769 2516 Jebitum
1793 2482 1946 2531 vocant),
1962 2479 2201 2532 quadrantem
2224 2480 2487 2533 solumstefini-

267 2525 383 2560 verint
412 2525 475 2570 qui
505 2535 710 2560 necessamo
738 2525 985 2572 relinquatur,
1025 2526 1202 2571 reliquum
1232 2536 1316 2561 vero
1347 2525 1387 2559 in
1418 2524 1571 2560 arbitrio
1628 2530 1794 2561 arentum
1822 2529 1981 2576 posztum
2012 2529 2061 2561 sit
2082 2526 2204 2577 ,idque
2238 2531 2436 2578 acceptant·
2453 2532 2489 2579 et

266 2581 308 2605 co
336 2570 414 2605 nati
436 2569 580 2622 quidem
604 2580 726 2605 omnes
745 2575 780 2605 et
799 2572 967 2606 extranei
991 2575 1027 2606 et
1045 2571 1142 2606 servi
1164 2570 1327 2606 libertate
1349 2569 1533 2617 honorati,
1557 2570 1583 2604 li
1605 2570 1660 2605 eri
1679 2581 1776 2612 vero,
1801 2581 1964 2616 quamvis
1986 2569 2087 2606 mult!
2106 2574 2192 2612 smt,
2216 2582 2380 2616 quamvis
2398 2571 2489 2607 mktl

266 2582 487 2661 offqendmnt
506 2619 697 2661 parentes,
727 2616 972 2667 reprimantur
996 2620 1031 2651 et
1053 2614 1293 2661 quadrantem
1315 2615 1432 2650 solum
1455 2615 1550 2650 inter
1572 2625 1611 2650 se
1634 2614 1815 2657 dividant,
1848 2614 1932 2650 licet
1960 2613 2079 2649 decem
2098 2615 2264 2659 fortasse
2286 2615 2343 2651 vel
2356 2615 2488 2662 plures

264 2660 347 2702 sint,
372 2670 417 2695 ao
433 2671 513 2707 pau
540 2671 619 2695 eres
639 2661 761 2706 futuri
785 2661 859 2696 sint
882 2660 986 2696 liberi
1006 2661 1137 2708 patris,
1162 2660 1245 2712 dum
1270 2659 1419 2702 vivebat,
1444 2659 1575 2711 divitis.
1976 2705 1983 2711 ·

400 2705 429 2741 1.
475 2672 580 2741 ὤεα
602 2715 671 2740 nos
694 2709 897 2749 moverunt,
929 2710 971 2741 ut
989 2705 1103 2752 leqem
1127 2716 1390 2751 eorrzqeremus
1413 2715 1528 2751 neque
1550 2715 1589 2739 m
1609 2709 1826 2751 perpetuum
1849 2715 1928 2740 eam
1949 2715 2147 2741 sineremus
2169 2705 2394 2748 erubescere,
2423 2706 2488 2742 sed

267 2749 332 2786 tali
354 2750 460 2786 modo
488 2761 563 2786 rem
587 2749 924 2786 determinaremus:
958 2755 1000 2786 ut
1029 2752 1062 2786 si
1085 2751 1165 2798 quis
1188 2751 1296 2786 unius
1318 2750 1365 2786 sit
1387 2750 1443 2786 vel
1471 2748 1626 2785 duorum
1649 2749 1705 2785 vel
1728 2750 1835 2785 trium
1864 2749 1919 2801 vel
1949 2754 2124 2796 quattuor
2155 2749 2350 2786 liberorum
2377 2755 2486 2797 pater

265 2799 331 2831 aut
357 2800 483 2838 mater,
514 2806 589 2831 non
617 2795 856 2840 quadrantem
885 2795 1001 2832 solum
1032 2796 1079 2831 iis
1111 2795 1312 2842 relinquat,
1342 2794 1407 2831 sed
1430 2795 1572 2830 tertiam
1601 2793 1778 2830 bonorum
1802 2795 1916 2841 ipszus
1939 2799 2105 2841 partem,
2135 2793 2204 2830 hoc
2226 2800 2282 2831 est
2310 2799 2484 2841 quattuor

264 2841 408 2882 uncias,
431 2852 475 2876 ea
502 2851 547 2876 ue
569 2851 736 2875 mensura
759 2840 907 2886 definita
929 2841 979 2877 sit
999 2852 1113 2887 usque
1135 2840 1185 2876 ad
1206 2851 1285 2876 eum
1335 2851 1413 2875 uem
1436 2839 1597 2875 diximus
1619 2850 1813 2891 numerum.
1841 2838 1927 2891 ‘Sin
1947 2850 2032 2891 vero
2055 2840 2146 2886 plus
2200 2844 2350 2875 uattuor
2377 2839 2485 2876 hahet

265 2884 415 2928 liberos,
497 2884 607 2920 midia
638 2896 734 2931 pars
771 2886 882 2922 totius
915 2886 1138 2922 substantiae
1176 2886 1222 2921 iis
1259 2896 1300 2921 re
1314 2888 1507 2931 nequatur,
1544 2888 1586 2920 ut
1620 2895 1778 2920 semissis
1816 2889 1864 2919 sit
1901 2895 2045 2936 ommno
2084 2895 2156 2930 quo
2220 2884 2377 2936 debetur:
2430 2886 2483 2938 40

262 2931 399 2977 sinquli
429 2941 478 2966 ex
513 2941 630 2977 aequo
668 2931 830 2966 trientem
857 2932 961 2977 forte
992 2931 1048 2968 vel
1081 2931 1261 2967 semissem
1293 2930 1527 2977 partiantur;
1563 2929 1602 2965 id
1627 2941 1671 2965 ue
1705 2940 1778 2964 non
1803 2940 1875 2975 per
1903 2934 2074 2980 iniustam
2111 2940 2231 2964 rerum
2261 2934 2482 2981 constitutzo-

263 2987 343 3012 nem
377 2979 474 3019 (nam
509 2975 563 3011 ita
598 2986 743 3022 quoque
777 2976 913 3012 iniuria
946 2977 1107 3029 reliquos
1141 2976 1248 3022 affici
1276 2975 1362 3022 par'
1391 2979 1462 3017 est,
1497 2974 1530 3010 si
1569 2986 1592 3009 a
1609 2975 1635 3009 ιὶ
1673 2974 1824 3010 meliora
1856 2973 1920 3009 alii
1944 2974 2138 3026 ‘deteriora
2173 2974 2386 3026 accipiant):
2419 2974 2485 3011 sed

262 3021 304 3057 id
357 3020 432 3057 uod
464 3020 592 3066 cuique
627 3021 798 3067 competit
855 3033 896 3057 er
930 3033 1051 3057 omma
1086 3020 1237 3068 aequale
1270 3021 1319 3056 sit
1349 3024 1385 3055 et
1413 3020 1452 3054 in
1482 3018 1675 3072 qualitate.
1690 3023 1727 3071 et
1755 3019 1794 3054 in
1821 3023 2043 3071 quantitate,
2074 3029 2148 3055 save
2182 3030 2264 3071 quis
2297 3018 2390 3071 allud
2412 3030 2483 3071 per

262 3033 406 3103 modum
436 3066 690 3108 institutionis,
727 3065 801 3102 sive
826 3033 942 3113 feqati
973 3078 1037 3103 seu
1070 3065 1171 3113 quod
1204 3065 1297 3101 idem
1335 3064 1429 3101 valet
1457 3064 1721 3110 fidewommzssz
1757 3074 1900 3100 nomme
1939 3064 2136 3110 relinquat.
2197 3062 2300 3100 Lucet
2328 3074 2422 3100 emm
2451 3076 2480 3100 et

307 3185 326 3216 7
351 3178 501 3215 ἂλλοστε
515 3181 558 3215 M
559 3185 577 3202 ⁰
593 3179 605 3224 ΙΙ
628 3182 665 3214 12
690 3183 825 3227 γονίων
838 3181 869 3214 L
886 3180 898 3225 ΙΙ
920 3183 958 3215 13
983 3175 1130 3215 ἅπαντα
1148 3182 1341 3214 Haloander
1458 3182 1471 3214 1
1498 3179 1719 3222 legislationis
1737 3177 1923 3223 prolatione
1938 3178 2062 3230 proleti
2078 3179 2157 3230 sunt
2171 3177 2300 3221 RVT'
2316 3178 2336 3211 2
2359 3187 2484 3220 semper

263 3241 330 3262 cum
352 3239 371 3263 ς
389 3227 401 3271 ΙΙ
428 3229 466 3261 15
492 3227 551 3259 καὶ
570 3222 696 3269 μηδὲν]
721 3228 780 3258 καὶ
805 3239 863 3260 om.
890 3227 936 3259 L¹
953 3225 966 3270 fl
984 3223 1242 3260 καταιὸοὗνται
1267 3226 1339 3259 Ηα-
1409 3224 1655 3258 considerantes
1678 3224 1712 3257 R
1740 3225 1753 3268 ιΙ
1780 3227 1800 3259 5
1824 3227 1963 3258 naturae
1987 3223 2116 3266 ahquid
2139 3232 2340 3274 consequens
2360 3222 2394 3255 V
2451 3227 2483 3254 et

264 3274 398 3307 leander
421 3284 488 3305 cum
513 3273 545 3313 ς]
577 3267 823 3304 καθεδοῦνται
846 3272 877 3305 L
913 3267 1181 3304 καθευὸοὗνται
1206 3271 1253 3305 Μ
1252 3283 1266 3311 ,·
1297 3283 1340 3303 an
1408 3270 1509 3315 vulq]
1546 3280 1584 3302 eo
1618 3269 1725 3303 RVT
1757 3268 1770 3311 Ι
1799 3270 1836 3303 11
1873 3268 2008 3311 quidem
2040 3269 2141 3313 vulq.]
2176 3267 2310 3310 qmdam
2337 3267 2371 3300 R
2470 3265 2483 3308 Π

265 3319 325 3362 leq.
350 3314 619 3350 καθελοῦνταιῗ
643 3315 656 3359 ΙΙ
693 3317 732 3348 19
757 3318 838 3360 περὶ
862 3316 925 3349 τοῦ
951 3313 1138 3361 φαλκιδίου
1161 3318 1248 3350 rubr.
1267 3315 1340 3348 ML
1413 3318 1451 3350 15
1482 3323 1606 3357 paupes
1633 3315 1663 3346 R
1692 3313 1705 3358 ΙΙ
1735 3315 1777 3348 16
1812 3313 1927 3355 donec]
1963 3313 2019 3346 sed
2040 3313 2148 3365 donec·
2163 3313 2199 3346 V
2216 3310 2241 3356 Ι
2257 3314 2361 3364 patrie
2378 3309 2481 3364 donec

264 3364 296 3395 in
308 3375 370 3406 my.
386 3362 399 3407 ΙΙ
418 3364 460 3396 20
481 3360 574 3407 ἐρυθ
617 3359 719 3394 &vra
732 3360 860 3405 Μ1124
882 3363 1097 3407 περιουσίας]
1116 3357 1245 3407 μερίδα
1261 3361 1339 3393 add.
1408 3359 1530 3393 vixerit
1552 3359 1666 3391 idonei
1689 3359 1774 3411 ναῖς.
1795 3358 1810 3403 Β
1835 3360 1876 3394 19
1899 3361 1986 3392 rubr.
2011 3359 2061 3391 De
2082 3357 2232 3400 legmma
2254 3357 2384 3398 portuno
2407 3356 2480 3396 (stc)

264 3407 313 3439 B·
330 3407 343 3447 u
358 3408 397 3440 27
423 3408 494 3448 ἔχει
514 3373 616 3447 Μὲἕὶ
640 3406 716 3447 ἔχοι
739 3406 792 3442 L:
816 3406 934 3447 ἔχουσι
959 3407 994 3439 Β
1012 3406 1025 3450 ΙΙ
1041 3407 1083 3439 29
1108 3405 1257 3439 ἑκάστου
1283 3405 1339 3446 Μ]
1408 3404 1524 3438 liberis
1539 3413 1559 3435 a
1575 3403 1770 3446 parentibus
1788 3402 2006 3446 relinquenda
2019 3404 2093 3437 Rm
2117 3426 2125 3434 .
2140 3402 2154 3445 ss
2172 3402 2214 3436 22
2237 3399 2288 3433 vel
2309 3401 2479 3442 quattuor]

263 3447 401 3493 ἑκάστῳ
428 3452 518 3488 ΕΒς
533 3451 546 3495 ΙΙ
571 3453 613 3485 30
637 3448 680 3484 τὸ
705 3463 763 3485 om.
789 3451 837 3484 L¹
859 3450 871 3495 ΙΙ
899 3448 1007 3493 τυχὸν
1031 3464 1089 3485 om.
1116 3463 1135 3487 ς
1152 3450 1166 3495 ΙΙ
1186 3447 1338 3496 διαιρου-
1409 3451 1442 3482 et
1462 3450 1621 3491 quattuor
1637 3447 1692 3494 Vn
1711 3451 1753 3484 23
1770 3448 1908 3492 reliquia
1925 3449 1973 3481 V¹
1990 3447 2003 3492 ΙΙ
2021 3449 2065 3482 24
2109 3447 2161 3487 oo]
2182 3445 2262 3478 haee
2281 3443 2336 3496 V]
2355 3445 2397 3478 26
2421 3445 2479 3476 ha-

262 3496 370 3539 μᾶνου
393 3496 449 3537 M]
472 3493 722 3542 διαιρούμενον
740 3495 810 3530 LB
870 3497 908 3530 31
932 3494 1025 3530 οικὸς
1049 3496 1098 3529 L*
1128 3495 1142 3540 u
1168 3497 1210 3529 32
1223 3509 1271 3539 sq.
1295 3492 1341 3528 τὰ
1407 3493 1543 3527 buerint
1563 3494 1597 3527 V
1619 3493 1632 3538 ΙΙ
1659 3495 1701 3528 27
1725 3493 1928 3527 substantiae
1954 3493 2058 3526 totius
2078 3489 2141 3535 ΥΙ
2167 3490 2209 3523 29
2232 3487 2292 3523 nub
2313 3490 2401 3541 iusta
2423 3488 2478 3530 (al.

264 3537 375 3580 -τά]
396 3539 646 3574 κατὰ-κατὰ
665 3540 742 3586 ΒῐΙΙ
760 3542 803 3575 34
851 3538 883 3583 ἡ]
909 3537 965 3574 δεῖ
986 3540 1034 3575 L²
1051 3540 1064 3585 ΙΙ
1081 3543 1123 3576 35
1148 3536 1248 3574 αὗτῶ
1274 3541 1305 3573 L
1327 3537 1341 3585 Ι
1407 3538 1467 3572 sub
1491 3538 1616 3571 iniusta
1639 3538 1691 3572 R²
1712 3541 1790 3583 my.)
1812 3538 1891 3573 RV
1913 3537 1927 3583 11
1950 3540 1993 3590 30
2017 3536 2115 3571 etim
2139 3547 2196 3567 om.
2218 3533 2285 3578 ΥΕ
2310 3533 2389 3585 limo
2413 3533 2446 3566 R
2467 3533 2480 3579 fl

265 3586 308 3618 36
321 3597 368 3627 tq.
389 3580 523 3618 ταῦτὸν
541 3605 584 3610 —
630 3582 805 3629 ιδεικομμ.
826 3598 884 3619 om.
913 3585 945 3618 B
962 3586 975 3629 ΙΙ
1003 3588 1044 3620 37
1060 3582 1340 3638 ἱφιδεικομίσσου
1408 3585 1446 3618 31
1474 3583 1719 3628 patiantur-Ru
1737 3585 1780 3618 32
1804 3584 1906 3625 quod]
1931 3593 1989 3625 qui
2006 3581 2055 3616 Υ*
2076 3591 2135 3614 om·
2157 3576 2234 3622 V¹fl
2253 3580 2294 3612 3³
2319 3588 2354 3611 ¹¹¹
2378 3588 2477 3619 equa-

265 3628 311 3662 Μ
356 3625 573 3671 ιδεικομίσου
597 3599 664 3695 ἶΙι
681 3633 723 3665 38
746 3626 845 3675 αὐτῷ
870 3643 928 3665 om.
947 3631 979 3663 L
997 3630 1011 3675 ΙΙ
1033 3642 1075 3665 το
1100 3644 1157 3665 om.
1181 3631 1233 3664 B!
1245 3630 1258 3676 ΙΙ
1281 3642 1338 3663 τυ-
1406 3628 1501 3661 litate
1518 3628 1582 3680 ΥΠ
1600 3630 1643 3663 34
1666 3631 1700 3661 et
1723 3641 1780 3663 om·
1804 3629 1841 3669 Υ,
1866 3629 1902 3680 ix}
1925 3641 1986 3661 om·
2008 3625 2091 3670 ”¹⁴19-
2109 3622 2123 3667 ΙΙ
2138 3625 2181 3674 ἷξ5
2200 3621 2397 3674 ,relinqufflt
2418 3623 2478 3668 VU

266 3670 329 3716 χόν
366 3670 493 3707 λοιπὸν
516 3676 591 3712 (del.
616 3675 646 3708 L
666 3678 677 3717 )
702 3675 733 3709 L
1407 3674 1449 3707 36
1474 3683 1561 3705 emm
1580 3686 1637 3707 om.
1660 3671 1717 3718 Vn
1731 3674 1952 3706 aetem-tium
1972 3671 2023 3706 Υι
2045 3669 2268 3703 octomnuum
2288 3667 2340 3702 V·
2362 3671 2477 3703 octau-

1407 3718 1542 3750 uncium
1568 3718 1600 3751 T
