2618 4010
195 141 256 172 DE:
284 138 547 180 Qumsronn

196 236 308 286 εὕροι,
337 241 444 276 τοῦτο
467 242 527 274 καὶ
550 238 713 282 κολάζειν
735 242 796 273 καὶ
819 239 858 280 ἐξ
882 237 1006 275 αὐτῶν
1029 240 1179 286 πρῶτον
1202 238 1271 275 δει-

195 285 322 320 κνύναι
352 285 419 328 τὴν
450 285 578 320 ἑαυτοῦ
606 284 829 330 στερρότητά
850 299 890 320 τε
922 282 1009 330 ὁμοῦ
1041 288 1100 320 καὶ
1129 296 1270 332 σωφρο-

196 330 318 374 σύνην.
358 329 427 364 Διὰ
443 331 551 365 τοῦτο
568 329 636 377 γὰρ
660 329 704 373 δὴ
722 334 781 365 καὶ
807 331 930 366 decem
948 331 1060 367 libras
1084 331 1161 367 auri
1185 344 1269 376 προ-

196 373 302 421 φάσει
322 373 483 418 δαπάνης
498 372 665 422 ὁρίζομεν
688 374 799 431 αὐτῷ,
824 379 884 410 καὶ
900 377 953 419 τῷ
974 373 1270 430 αὐτοῦἳπαρέὸριρ

1266 123 1352 171 395

1987 129 2094 172 Nov.
2127 128 2290 171 LXXX
2323 130 2359 171 8.
2392 130 2418 170 9
2482 95 2494 129 ³

1342 242 1460 275 catum
1483 240 1673 284 invenerit,
1705 240 1774 279 hoc
1799 239 1904 276 etiam
1929 240 2056 286 punire
2080 244 2116 276 et
2139 250 2183 276 ex
2206 240 2294 286 ipsis
2317 239 2419 285 prius

1341 285 1530 322 ostendere
1576 295 1676 322 suam
1721 285 1927 322 firmitatem
1973 285 2076 322 simul
2122 289 2157 322 et
2204 286 2418 322 castitatem.

1339 330 1536 376 Propterea
1564 331 1657 367 enim
1689 335 1726 367 et
1757 331 1879 367 decem
1902 331 2014 367 libras
2037 331 2116 367 auri
2146 332 2336 367 occasione
2359 341 2420 366 ex-

1339 386 1530 421 pensarum
1563 376 1782 413 decrevimus
1807 377 1856 420 ei,
1890 381 1925 412 et
1948 377 2024 412 eius
2055 377 2257 413 consiliario
2286 376 2421 413 solidos

195 420 329 457 solidos
346 424 498 461 centum,
520 423 580 454 καὶ
596 423 669 455 τοῖς
683 434 724 468 γε
740 424 1038 467 υπηρετουμένοις
1057 435 1158 465 αυτῳ
1178 435 1270 456 κατα
1307 425 1326 456 5
1341 424 1503 466 centum,
1542 426 1578 458 et
1609 422 1894 458 ministrantibus
1925 423 1972 457 ad
2006 432 2241 467 expensarum
2275 432 2421 458 causam

195 466 262 509 τὴν
291 466 352 508 τῆς
376 463 538 509 δαπάνης
570 467 692 509 αἰτίαν
721 466 915 502 solidorum
942 470 1183 502 trecentorum
1208 467 1270 502 tri-

193 511 291 555 ginta
311 508 459 554 δίδομεν
482 514 625 555 σίτησιν
648 510 715 554 (ὡν
730 515 789 546 καὶ
810 509 1024 560 ἀπογραφὴν
1044 508 1271 556 ὑποτεθῆναι

194 553 290 598 τῷδε
319 557 373 600 τῷ
403 555 504 600 νόμῳ
537 555 824 603 προςετάξαμεν),
857 559 916 591 ἵνα
948 561 1026 591 ταῖς
1056 559 1094 591 ἐκ
1126 559 1188 591 τοῦ
1204 556 1236 602 ,δ
1259 577 1271 584 -

193 604 318 645 μοσίου
350 600 568 654 φιλοτιμίαις
600 599 812 650 ἀρκούμενοι
842 603 921 637 τῶν
949 599 1150 649 ἀλλοτρίων
1185 599 1272 637 ἄπο-

1340 467 1472 503 solidos
1504 471 1685 504 trecentos
1716 468 1864 513 triginta
1896 469 2019 504 damus
2044 477 2222 503 annonam
2255 469 2422 512 (quorum

1340 512 1448 548 etiam
1473 512 1747 559 descriptionem
1779 513 1862 548 huic
1891 514 1960 558 legi
1989 512 2122 557 adponi
2144 512 2420 557 praecepimus),

1341 560 1383 592 ut
1419 558 1462 593 de
1496 557 1584 594 fisco
1626 558 1790 603 largitate
1833 558 1993 594 contenti
2036 557 2161 592 alienis
2204 558 2418 592 abstineant.

1341 602 1531 647 Eruntque
1555 604 1610 639 dei
1633 608 1670 638 et
1692 604 1809 639 nostri
1841 603 1989 639 subtiles
2014 603 2187 644 cultores,
2220 607 2254 637 et
2278 613 2297 637 e
2322 603 2419 637 caelo

194 658 350 688 σχοιντο.
396 659 511 681 ουτως
535 649 682 682 ἔσονται
710 648 800 682 θεοῦ
830 661 870 682 τε
900 650 959 681 καὶ
984 644 1088 700 ἡμῶν
1119 646 1274 695 ἀκριβεῖς
1289 652 1329 683 10
1342 658 1386 683 ac
1409 653 1568 684 nostram
1599 648 1760 684 fruentes
1815 648 2046 684 revidentiam
2076 652 2113 682 et
2141 648 2419 683 administratio-

194 691 435 745 θεραπευταί,
468 695 528 726 καὶ
559 694 621 736 τῆς
651 693 689 733 ἐξ
719 691 874 740 οὐρανοῦ
905 705 945 726 τε
975 695 1035 726 καὶ
1058 694 1163 736 ημῶν
1185 692 1272 728 ἀπο·

187 733 360 771 ’λαυοντες
383 742 555 784 προνοίας
585 741 643 772 καὶ
667 741 740 773 τοῖς
771 739 832 782 τῆς
855 736 961 786 ἀρχῆς
988 735 1197 785 πράγμασιν
1220 735 1273 771 εὖ·

185 780 395 829 Γκολώτερόν
419 796 459 816 τε
483 786 541 817 καὶ
566 782 815 828 νομιμώτερον
838 782 1028 830 χρώμενοι.

1343 692 1399 729 nis
1424 693 1544 729 causis
1567 693 1709 730 facilius
1733 698 1770 729 et
1807 693 1941 738 egalius
1963 695 2118 729 utentes.

1188 895 1347 932 CAPUT
1369 894 1432 931 IX.

239 959 395 1006 Δίδομεν
425 961 466 997 δὲ
495 964 549 1006 τῷ
585 963 653 1007 τὴν
682 961 793 1019 ἇρζζὴν
824 966 943 1006 ἔχοντι
974 967 1181 1011 παρρησίαν
1212 966 1271 997 καὶ

1390 963 1529 999 Damus
1560 966 1679 999 autem
1711 964 2055 1001 administrationem
2084 965 2233 1001 habenti
2255 964 2422 1000 fiduciam

194 1004 364 1061 ‹ipx‘ovow
386 1007 544 1063 ἐνρχλεῖν
568 1011 627 1062 οιαὶ
651 1009 699 1043 εἰς
721 1020 810 1065 ημας
827 1008 1023 1063 ἀναφέρειν
1046 1012 1106 1042 καὶ
1121 1008 1271 1043 οἴκοθεν
1287 1012 1327 1044 15
1340 1012 1377 1045 et
1406 1009 1586 1044 iudicibus
1622 1009 1789 1046 insistere
1827 1015 1861 1046 et
1896 1012 1942 1047 ad
1978 1022 2042 1046 nos
2074 1011 2208 1046 referre
2245 1016 2280 1046 et
2309 1021 2353 1046 ex
2384 1020 2422 1046 se

194 1064 369 1097 πραττειν
398 1068 444 1089 τα
475 1065 713 1100 προςηκοντα,
745 1068 805 1088 ινα
835 1068 925 1098 μητε
953 1053 1152 1088 ἀσθένειαν
1181 1053 1271 1098 μήτε

194 1096 279 1132 ἄλλο
302 1112 339 1132 τι
366 1098 553 1134 παντελῶς
577 1098 787 1143 αἰτιώμενος
810 1100 871 1143 τῆς
894 1097 1065 1146 ἡμετέρας
1088 1095 1150 1134 ἐπ’
1170 1098 1269 1142 αὐτῷ

193 1146 341 1189 κρίσεως
361 1143 523 1178 ἐλάττων
548 1148 686 1190 φανείη.
734 1143 858 1179 ἄδειαν
882 1142 922 1178 δὲ
945 1143 1075 1188 ὁμοίως
1100 1141 1199 1187 αὐτῷ
1221 1142 1270 1178 δί-

195 1186 304 1232 δομεν
337 1187 521 1242 δημρσίαις
554 1188 756 1224 ἐπιστολαῖς
786 1190 946 1244 χρῆσθαι
976 1191 1064 1236 πρὸς
1090 1189 1171 1224 τοὺς
1193 1191 1272 1224 τῶν

1341 1064 1446 1099 agere
1471 1055 1724 1100 competentia,
1757 1060 1798 1091 ut
1825 1066 1942 1100 neque
1973 1056 2178 1092 infirmit-ate
2208 1066 2322 1101 neque
2352 1056 2422 1091 alio

1341 1100 1483 1136 omnino
1509 1100 1675 1145 culpatus
1700 1106 1823 1137 nostro
1856 1112 1964 1146 super
1996 1112 2038 1137 eo
2066 1103 2198 1138 iudicio
2222 1102 2338 1137 minor
2361 1111 2421 1146 ap>

1340 1150 1477 1190 pareat.
1526 1145 1725 1181 Licentiam
1755 1157 1837 1182 vero
1870 1148 2030 1183 similiter
2061 1148 2094 1183 ei
2123 1148 2247 1183 damus
2271 1146 2422 1192 publicis

1341 1190 1500 1236 epistolis
1532 1191 1586 1226 uti
1618 1192 1663 1226 ad
1696 1192 1958 1237 provinciarum
1989 1194 2183 1238 praesides,
2216 1193 2342 1246 utqui
2366 1203 2421 1227 re-

194 1235 379 1287 ἐπαρχιῶν
403 1238 624 1282 ηγουμένους,
651 1232 740 1269 ὥςτε
762 1247 843 1270 τους
866 1237 1153 1291 ἐκπεμῖτομένρυς
1177 1233 1267 1281 παρ’
1285 1239 1327 1272 20
1340 1236 1533 1271 mittuntur
1568 1237 1614 1271 ab
1651 1248 1693 1272 eo
1730 1238 1874 1273 mittant
1908 1239 1953 1273 ad
1989 1249 2073 1273 suas
2108 1238 2312 1283 provincias
2346 1238 2423 1272 sine

194 1291 304 1312 αυτου
328 1283 586 1334 παραπέμπειν
617 1280 665 1314 εἰς
694 1280 757 1315 τὰς
788 1279 911 1315 αὐτῶν
936 1292 1054 1329 χωρας
1087 1293 1185 1326 απρα
1207 1280 1270 1325 μό-

194 1335 265 1357 νως
289 1326 400 1360 ἐκεῖσε
424 1324 627 1368 διαξοντας,
657 1328 716 1359 καὶ
741 1326 777 1360 εἴ
801 1337 898 1360 τινος
927 1324 1072 1360 δέονται
1095 1329 1163 1370 βοη
1198 1330 1272 1360 elas

194 1372 356 1414 νομίμου,
380 1369 517 1414 ταύτην
538 1370 766 1417 ληψομένους.
811 1369 974 1406 κάκείνου
1000 1368 1158 1415 μάλιστα
1186 1384 1270 1419 προ-

193 1417 301 1457 νοεῖν,
325 1412 412 1450 ὦςτε
433 1415 484 1470 μὴ
508 1419 590 1463 περὶ
612 1417 690 1451 τῶν
713 1413 838 1450 αὐτῶν
861 1415 915 1451 δὶς
939 1415 1185 1459 ἐνοχλεῖσθαι,
1216 1417 1270 1460 τῷ

1339 1281 1401 1317 lite
1434 1282 1484 1316 ibi
1511 1282 1700 1326 ducturos,
1740 1286 1776 1318 et
1806 1284 1836 1318 si
1868 1293 1938 1327 quo
1972 1288 2075 1328 egent
2103 1284 2234 1319 auxilio
2266 1283 2423 1328 legitimo

1340 1327 1408 1362 hoc
1440 1332 1685 1372 percepturos.
1733 1328 1827 1363 Illud
1852 1329 2003 1363 maxime
2037 1330 2242 1374 providere,
2275 1339 2346 1364 non
2380 1328 2423 1363 de

1339 1372 1465 1407 iisdem
1496 1373 1652 1408 secundo
1685 1374 1884 1416 molestari,
1919 1375 2014 1418 quod
2046 1385 2155 1427 saepe
2187 1385 2247 1410 eos
2280 1375 2341 1419 qui
2364 1374 2423 1408 hic

1340 1428 1430 1453 vane
1455 1421 1731 1461 commorantur,
1757 1419 1884 1454 deinde
1906 1425 2176 1456 retransmlssos
2204 1420 2249 1455 ab
2274 1430 2317 1455 eo
2343 1430 2422 1454 rur-

193 1458 362 1495 πολλάκις
381 1473 463 1496 τους
481 1461 647 1517 ένταῦθμ
664 1460 782 1506 μάτην
799 1460 1071 1508 ἐμφωλεύοντας
1090 1462 1167 1496 εἶτα
1185 1460 1271 1497 ἀπο·
1286 1465 1327 1498 25
1341 1473 1403 1498 sus
1428 1473 1587 1499 remeare
1617 1466 1654 1499 et
1677 1475 1759 1500 mox
1783 1475 1944 1500 reversos
1970 1465 2208 1501 secundarum
2241 1466 2274 1501 ei
2298 1475 2423 1500 causa-

194 1506 433 1551 πεμφθέντας
463 1504 556 1553 παρ’
583 1508 692 1541 αυτοῦ
725 1506 835 1542 πάλιν
860 1509 1050 1543 ἐπανιέναι
1081 1511 1141 1541 καὶ
1165 1505 1274 1542 εὐθὺς

192 1548 487 1598 ὑποστρέφοντας
510 1551 688 1608 δευτέρων
722 1550 821 1596 αὐτῷ
846 1550 1072 1600 πραγμάτων
1105 1556 1275 1600 παρέχειν

193 1592 366 1642 ἀφορμάς.
414 1598 445 1631 εἰ
475 1597 544 1644 γὰρ
575 1596 685 1633 παλιν
721 1600 780 1633 ἐπὶ
813 1599 874 1642 τῆς
904 1596 1113 1642 εὐδαίμονος
1142 1599 1275 1642 ταύτης

194 1639 299 1685 λάβοι
328 1641 764 1696 πόλεωςκέμφωλεὺοντας
797 1644 918 1699 μάτην
949 1642 1030 1678 τοὺς
1053 1641 1274 1691 ἀπαλλαγέν-

1342 1519 1421 1543 rum
1455 1510 1629 1554 praebere
1665 1510 1883 1546 occasiones.
1934 1511 1972 1546 Si
2006 1511 2099 1546 enim
2135 1511 2252 1546 denuo
2287 1511 2324 1546 in
2355 1511 2424 1545 hac

1342 1553 1549 1589 felicissima
1593 1555 1735 1590 civitate
1778 1556 1936 1591 inveniat
1978 1557 2153 1600 quosdam
2195 1556 2424 1591 nidificantes

1342 1600 1489 1642 frustra,
1512 1600 1573 1644 qui
1589 1600 1731 1636 liberati
1750 1603 1786 1636 et
1806 1601 1853 1636 ad
1873 1602 2054 1646 propriam
2070 1602 2290 1647 provinciam
2306 1605 2423 1637 trans-

1342 1645 1442 1680 missi
1465 1648 1568 1688 sunt,
1601 1646 1656 1681 his
1691 1649 1728 1682 et
1753 1647 2021 1690 castigationem
2050 1648 2212 1692 imponat
2242 1648 2426 1684 decentem

194 1698 256 1720 τας
279 1691 338 1721 καὶ
361 1690 422 1724 ἐπὶ
446 1702 514 1731 την
537 1693 672 1723 οικείαν
694 1702 820 1734 χωραν
843 1689 1171 1734 αποπεμφθέντας,
1195 1688 1273 1724 τού·
1287 1692 1329 1725 30
1342 1695 1378 1725 et
1401 1691 1643 1727 vehementius
1674 1691 1803 1727 iterum
1827 1693 2057 1728 transmittat.
2106 1693 2166 1728 Sic
2190 1693 2292 1729 nobis
2318 1693 2425 1728 etiam

193 1743 268 1766 τοις
297 1737 357 1767 καὶ
389 1732 646 1779 σωφρονισμὸν
677 1734 848 1778 ἐπιθήσει
880 1738 1069 1782 πρέποντα
1100 1737 1160 1768 καὶ
1184 1746 1273 1780 σφο-

193 1774 365 1825 δρότερον
395 1779 503 1813 αὖθις
533 1781 719 1826 ἐκπέμψει.
767 1778 882 1815 οὕτως
912 1778 1000 1824 ἡμῖν
1029 1783 1088 1814 καὶ
1120 1779 1165 1814 τὰ
1197 1781 1276 1814 τῶν

193 1822 264 1863 ἔξω
295 1822 439 1859 πόλεων
468 1824 720 1869 οἰκισθήσεται
751 1830 810 1859 καὶ
840 1824 861 1870 ἡ
885 1824 1019 1873 μεγάλη
1050 1823 1154 1861 πόλις
1182 1823 1274 1870 αὕτη

239 1926 311 1958 cap.
326 1916 345 1949 8
364 1928 400 1959 p.
414 1916 490 1957 395,
504 1923 585 1951 3—-5
607 1918 812 1952 summarium
838 1918 934 1951 habet
956 1917 1007 1950 B⁸
1026 1931 1062 1961 p.
1083 1919 1144 1952 111
1170 1918 1274 1951 Zach.

1342 1736 1430 1772 foris
1462 1737 1625 1773 civitates
1656 1737 1916 1775 habitabuntur
1947 1740 1983 1774 et
2013 1749 2143 1783 magua
2176 1739 2300 1775 civitas
2336 1738 2425 1774 haec

240 1972 311 2003 cap.
326 1961 346 1994 9
368 1962 410 1994 in.
434 1962 490 2003 (—
502 1969 535 1997 18
560 1964 702 2007 φανείη)
727 1976 765 1997 ex
788 1963 825 1996 Β
847 1964 943 1997 habet
965 1963 1094 2007 Ecloqa
1118 1964 1190 1998 libr.
1208 1963 1314 1996 I—X
1334 1964 1418 1997 Bas.
1445 1965 1501 2007 (ef.
1527 1965 1720 2008 Heimbach)

195 2074 231 2106 et
251 2070 291 2105 in
306 2071 396 2118 ipsis
407 2073 642 2125 potissimum
663 2084 767 2108 suam
790 2077 826 2109 et
849 2075 1092 2110 constantiam
1114 2074 1222 2110 simul
1244 2079 1278 2110 et
1302 2074 1584 2111 moderationem
1606 2076 1787 2113 eoellibeat.
1835 2076 2042 2123 Propterea
2058 2077 2152 2113 enim
2173 2077 2281 2114 etiam
2306 2077 2425 2114 decem

196 2115 307 2151 libras
330 2127 411 2152 auri
435 2117 577 2153 nomine
599 2118 843 2164 impensarum
867 2118 900 2154 ei
923 2120 1125 2161 statuimus,
1150 2125 1186 2155 et
1208 2120 1385 2155 assessori
1408 2120 1485 2156 eius
1502 2120 1640 2157 solidos
1660 2128 1812 2165 centum,
1837 2127 1872 2158 et
1890 2123 2065 2158 ministris
2087 2123 2165 2158 eius
2179 2134 2229 2159 ea·
2257 2134 2426 2158 ensarum

197 2171 308 2196 causa
329 2161 528 2198 solidorum
561 2168 799 2198 trecentorum
829 2167 864 2199 et
897 2165 1047 2210 triqinta
1079 2176 1262 2200 annonam
1293 2165 1421 2200 damus
1452 2168 1620 2213 (quorum
1646 2168 1753 2202 etiam
1777 2168 1943 2203 notitiam
1974 2167 2059 2203 huic
2082 2169 2155 2214 leqi
2181 2179 2224 2203 su
2249 2168 2296 2203 ici
2318 2168 2424 2204 iussi-

196 2208 306 2248 mus),
337 2210 378 2241 ut
400 2207 655 2254 larqitionibus
685 2218 779 2254 quae
807 2219 856 2244 ex
880 2208 971 2253 fisco
997 2214 1238 2256 praestantur
1267 2210 1426 2245 contenti
1446 2211 1576 2246 alienis
1607 2211 1821 2248 abstineant.
1869 2212 1930 2248 Ita
1954 2213 2013 2248 dei
2036 2218 2072 2249 et
2094 2214 2214 2249 nostri
2236 2213 2427 2260 diliqentes

196 2256 302 2286 erunt
324 2251 494 2294 cultores,
519 2263 597 2287 eum
623 2257 695 2288 tam
717 2252 864 2289 caelesti
885 2264 993 2298 quam
1011 2258 1139 2290 nostra
1156 2254 1391 2301 providentia
1410 2255 1589 2299 fruantur
1612 2261 1648 2293 et
1668 2257 1996 2294 administrationis
2018 2258 2127 2294 rebus
2145 2258 2296 2304 facilius
2316 2264 2426 2306 atque

197 2296 314 2342 maqis
337 2296 369 2331 le
395 2297 493 2333 itime
515 2301 676 2333 utantur.

387 2368 395 2376 .
443 2342 581 2378 Damus
604 2347 723 2378 autem
754 2343 787 2378 ei
817 2342 879 2389 qui
909 2344 1161 2389 maqistratum
1184 2344 1282 2390 qerit
1301 2344 1517 2390 facultatem
1549 2350 1585 2381 et
1615 2346 1795 2383 iudicibus
1825 2347 1985 2382 instandi
2014 2352 2050 2383 et
2072 2348 2122 2383 ad
2141 2359 2209 2384 nos
2239 2348 2426 2393 referendi

197 2391 233 2423 et
255 2386 353 2422 ultro
384 2398 478 2433 quae
508 2387 610 2423 decet
632 2387 781 2434 aqendi,
813 2398 858 2423 ne
882 2392 945 2422 aut
970 2390 1177 2425 tenuitatem
1208 2393 1274 2425 aut
1297 2389 1399 2425 aliud
1448 2390 1614 2436 uicquam
1639 2392 1785 2427 omnino
1809 2397 1981 2428 causatus
2011 2399 2138 2429 nostro
2162 2393 2207 2429 de
2229 2404 2268 2429 se
2290 2393 2425 2430 iudicio

199 2432 357 2468 deterior
380 2438 570 2480 appareat.
617 2432 766 2469 Pariter
788 2437 908 2469 autem
933 2433 1113 2469 licentiam
1135 2435 1169 2470 ei
1193 2433 1321 2469 damus
1344 2434 1422 2480 pub
1438 2435 1504 2470 icis
1527 2436 1692 2482 epistulis
1715 2437 1840 2473 utendi
1863 2437 1912 2472 ad
1926 2439 2204 2484 provinciarum
2222 2438 2426 2485 praesides,

197 2482 240 2513 ut
253 2488 315 2513 eos
330 2478 393 2524 qui
409 2478 453 2513 ab
470 2489 513 2514 eo
529 2478 759 2514 dimittuntur
774 2478 812 2513 in
827 2489 915 2513 suas
922 2479 1138 2525 provincias
1156 2480 1414 2523 transmittant,
1439 2481 1502 2526 qui
1519 2491 1599 2516 cum
1616 2482 1711 2518 bona
1726 2493 1819 2528 pace
1834 2482 1884 2518 ibi
1899 2482 2035 2528 deqant
2050 2488 2086 2519 et
2100 2484 2134 2518 si
2151 2495 2223 2530 quo
2240 2484 2427 2530 indiqeant

197 2523 339 2559 auxilio
363 2523 522 2570 leqitimo
545 2523 586 2558 id
607 2523 799 2570 accipiant.
848 2521 895 2558 Id
917 2535 1061 2576 quoque
1083 2524 1332 2572 maximopere
1355 2530 1547 2562 caveatne
1567 2525 1611 2562 de
1636 2527 1759 2562 iisdem
1781 2526 1834 2562 bis
1853 2528 2017 2563 molestia
2039 2529 2241 2573 afficiatur,
2266 2540 2307 2564 eo
2327 2529 2427 2575 quod

196 2569 299 2614 forte
322 2570 387 2620 qui
408 2568 486 2604 sine
508 2579 620 2604 causa
644 2568 703 2604 liic
725 2569 882 2612 latitant,
913 2570 1050 2605 dimissi
1073 2569 1117 2605 ab
1141 2580 1183 2605 eo
1208 2580 1337 2605 rursus
1367 2576 1595 2607 revertantur
1625 2576 1662 2608 et
1688 2574 1811 2608 statim
1835 2574 1972 2608 reversi
1996 2584 2172 2610 novorum
2197 2576 2425 2621 neqotiorum

197 2615 233 2650 ei
253 2624 397 2661 coptam
414 2613 628 2660 praebeant.
676 2613 771 2649 Nam
795 2614 828 2649 si
851 2614 980 2650 iterum
1009 2615 1047 2649 in
1079 2614 1148 2650 hac
1169 2614 1276 2660 felici
1304 2616 1392 2652 urbe
1421 2616 1499 2652 sine
1522 2628 1635 2652 eausa
1658 2617 1841 2654 latitantes
1864 2617 2110 2664 deprehendat
2132 2631 2196 2655 eos
2224 2620 2288 2665 qui
2310 2621 2426 2666 erepti

197 2663 235 2695 et
262 2659 302 2694 in
327 2670 431 2694 suam
455 2659 687 2706 provinciam
719 2659 858 2694 dimissi
885 2664 988 2702 sunt,
1019 2659 1103 2695 illos
1130 2664 1166 2696 et
1194 2660 1437 2707 castiqatione
1469 2662 1613 2708 afficiat
1644 2664 1869 2699 convenienti
1899 2668 1936 2699 et
1958 2664 2095 2700 maiore
2126 2676 2205 2700 eum
2235 2665 2426 2702 severitate

196 2715 327 2740 rursus
349 2704 516 2740 dimittat.
565 2703 628 2740 Ita
647 2704 751 2740 nobis
771 2708 807 2740 et
824 2715 918 2750 quae
940 2705 1040 2749 foris
1062 2710 1146 2740 sunt
1163 2705 1325 2741 civitates
1347 2706 1551 2742 incolentur
1574 2712 1609 2743 et
1629 2707 1716 2743 llaec
1739 2719 1872 2755 maqna
1896 2709 1983 2745 urbs
1999 2710 2278 2755 perturbatione
2296 2710 2424 2747 libera-

246 2822 260 2853 1
288 2818 394 2852 τοῦτο
415 2819 458 2851 M
462 2818 572 2862 Epora.
587 2820 618 2860 ς]
643 2818 772 2852 τοῦτον
787 2820 817 2853 L
840 2817 985 2852 τούτους
998 2820 1034 2853 Β
1060 2819 1072 2864 ΙΙ
1095 2822 1155 2853 καὶ
1175 2817 1276 2853 κολά-

199 2866 286 2907 ζειν]
310 2865 370 2897 καὶ
394 2876 452 2898 om.
471 2865 499 2898 L
511 2864 622 2908 Epan.
640 2863 652 2908 ΙΙ
679 2862 802 2898 αὐτῶν
824 2865 902 2898 ΜΒ
914 2865 1024 2908 Epora.
1039 2867 1069 2906 ς]
1095 2861 1205 2898 αὐτοῦ
1220 2866 1250 2898 L
1265 2866 1276 2908 ss

199 2912 220 2945 2
244 2906 463 2956 στερρότητά
478 2921 554 2962 (τε.Ι
567 2909 637 2942 LB
651 2910 775 2953 Epan.]
808 2908 1028 2963 στερρότητα
1053 2911 1099 2944 Μ
1106 2912 1150 2953 (ς)
1166 2910 1188 2964 ΙΙ
1219 2913 1278 2943 καὶ

199 2952 438 3000 σωφροσύνην
469 2966 558 2997 ομου
582 2954 618 2987 Β
646 2954 658 2998 ΙΙ
696 2956 715 2989 3
741 2953 809 2988 Διὰ
840 2967 946 2988 τουτο
969 2974 1013 2980 -
1039 2958 1079 2991 13
1100 2968 1278 3003 χρωμενοι

200 3013 258 3033 om.
272 3000 382 3043 Epan.
400 2999 413 3043 ΙΙ
441 2999 551 3033 decem
576 2999 677 3032 libras
700 3000 774 3033 auri
800 3001 855 3042 M]
881 2998 966 3033 δέκα
991 2998 1111 3053 λίτρας
1133 3004 1277 3046 χρυσίου

200 3045 270 3078 LB
285 3043 298 3089 ΙΙ
317 3046 336 3078 5
354 3044 478 3078 solidos
496 3046 628 3077 centum
640 3046 694 3086 M]
711 3048 917 3088 νομίσματα
933 3047 954 3091 ζ)
972 3046 1038 3078 LB
1054 3051 1066 3088 ΙΙ
1083 3058 1275 3090 υπηρετου-

199 3091 306 3133 μένης
319 3089 367 3122 L¹
383 3090 395 3133 ΙΙ
414 3087 514 3141 αὐτῷ
530 3103 587 3123 om.
601 3101 621 3126 ς
638 3089 650 3133 ΙΙ
670 3092 690 3124 6
705 3090 886 3144 solidorum
899 3093 1124 3124 trecentorum
1136 3092 1278 3134 triginta

201 3135 259 3176 M]
283 3144 517 3188 νομισματων
541 3137 986 3222 τριαιὲκῇίοςνάἷίριακιρντῖ]
1002 3136 1278 3226 Ιηὶοηνιὲἑιίῖέῖἶΐτιῖ

200 3189 728 3279 ἔρὲἶῖῗὶἷιέῖοῖῗῗᾟοῖἷαοῧτως
750 3192 1098 3280 ἕσονζῗιιῖἶωυίιςιξθ
1123 3238 1142 3263 ε’
1157 3228 1168 3270 ss
1187 3181 1278 3260 &soii

200 3270 349 3361 {2³20}ss
370 3268 460 3348 ’Ξτῖῗ
472 3269 586 3358 uLZi'
607 3282 692 3348 2553
712 3269 1279 3363 «ᾖὲοέἒιῖᾞιῗοὲἶῖτὲζχῗὶἷῖέ

200 3361 310 3404 Epan.
328 3360 340 3405 ΙΙ
361 3363 401 3395 17
418 3358 504 3394 ἄλλο
522 3372 559 3394 τι
580 3373 637 3394 om.
652 3361 683 3393 L
701 3360 712 3404 ΙΙ
734 3362 773 3395 18
789 3363 936 3407 κρίσεως
950 3379 992 3385 -—
1005 3358 1106 3404 αὐτῷ
1130 3376 1187 3396 οηι.
1202 3363 1253 3397 B⁶
1267 3361 1279 3408 ΙΙ

152 3440 155 3442 ’
201 3407 354 3485 Pmii']
379 3407 537 3494 ἶὲἶῖξέἶῗῖ
546 3413 682 3492 ἕαὲἷῗῖἧ
703 3406 1011 3492 33223522’552‘
1023 3408 1044 3497 11¹¹
1066 3408 1112 3487 {i
1132 3405 1277 3488 Ῐὲάῗῖἷῗὲ

179 3518 182 3520 >
201 3462 312 3540 gan.
336 3462 547 3541 {nauel-vav]
572 3463 658 3535 iilud
683 3508 702 3533 ς
727 3496 740 3539 ΙΙ
768 3498 817 3550 24ἱ
833 3493 924 3540 μηδὲ
946 3497 1056 3540 Epan.
1080 3497 1094 3537 ΙΙ
1118 3467 1201 3544 eregii
1223 3466 1277 3541 (ἔρ,

203 3541 314 3575 eadem
337 3552 437 3575 causa
460 3542 524 3575 Iul.
551 3555 577 3576 c.
599 3542 689 3582 2¹16)]
722 3553 819 3586 παρα
842 3554 909 3575 cum
935 3542 1131 3578 Haloandro
1154 3545 1240 3589 vuly.
1264 3543 1277 3589 ss

205 3588 246 3642 2'8
259 3583 419 3643 ἀφορμάς
431 3588 477 3621 Μ
478 3589 628 3643 Epamf]
653 3583 816 3666 άφοὲαήν
829 3587 898 3620 LB
915 3586 928 3630 ΙΙ
947 3588 988 3644 39
1004 3586 1140 3622 οἰκείαν
1152 3589 1275 3643 Epan]

204 3634 320 3665 οικίαν
337 3634 383 3667 Μ
406 3630 505 3666 ιδίαν
523 3634 555 3666 L
588 3631 705 3675 ιὸικην
783 3631 796 3676 ΙΙ
824 3633 866 3666 32
891 3632 1088 3678 ἐκπεμψει.]
1120 3636 1277 3679 relzquam

206 3678 349 3712 novellae
365 3686 493 3768 ffartem
517 3691 575 3712 om.
600 3677 710 3722 Epan.
735 3677 748 3721 ΙΙ
773 3677 860 3711 *καὶ
883 3675 929 3712 τὰ
952 3680 1072 3722 scripsi
1093 3692 1132 3713 ex
1154 3681 1186 3721 ς]
1216 3682 1276 3714 καὶ

206 3734 264 3756 om.
278 3721 353 3758 libri
405 3725 447 3759 33
470 3725 530 3757 καὶ
547 3738 589 3749 Α-
610 3724 708 3766 396,1
733 3720 1072 3770 ἐλευθερωθήσεται
1097 3737 1154 3759 om.
1180 3725 1232 3759 13⁶

1394 2823 1410 2854 1
1437 2831 1476 2854 ex
1501 2828 1531 2854 et
1552 2821 1646 2864 prius
1673 2835 1730 2856 om.
1753 2822 1787 2855 V
1805 2822 1817 2867 ΙΙ
1848 2823 1867 2855 2
1891 2822 2045 2856 firmitem
2066 2823 2100 2856 V
2116 2822 2128 2868 ΙΙ
2154 2826 2174 2859 3
2198 2823 2302 2858 libras
2325 2826 2424 2869 only]

1346 2865 1511 2899 librarum
1535 2867 1612 2900 libri
1627 2866 1639 2910 ΙΙ
1657 2867 1828 2901 occasione
1840 2869 1896 2901 vul
1918 2870 1940 2909 .]
1964 2868 2170 2902 occasionem
2196 2870 2274 2904 libri
2290 2869 2302 2914 ΙΙ
2327 2872 2348 2904 4
2369 2871 2424 2904 de-

1347 2912 1512 2944 cernimus
1535 2912 1620 2956 vuly.
1645 2911 1658 2956 ss
1688 2913 1803 2945 solidis
1818 2913 1870 2946 Τ*
1894 2882 1943 2957 1115
1969 2924 2069 2947 causa
2092 2916 2125 2948 R
2150 2914 2162 2958 ΙΙ
2192 2916 2212 2949 6
2236 2915 2342 2948 solido
2364 2916 2399 2950 V
2413 2915 2425 2960 ΙΙ

1346 2958 1524 2998 annonam]
1556 2967 1644 2990 anno
1668 2957 1804 2991 RV2T
1825 2958 1837 3002 ΙΙ
1864 2961 1881 2992 7
1907 2959 2127 3001 descriptione
2151 2960 2201 2993 Β*
2225 2960 2237 3004 ΙΙ
2261 2961 2424 3004 praecipi—

1347 3013 1419 3035 mus
1445 3003 1538 3043 libri,
1564 3015 1646 3036 corr.
1670 3004 1758 3045 vulg).
1788 3002 1800 3047 ΙΙ
1826 3004 1845 3037 8
1866 3003 1934 3037 *de
1954 3004 2044 3046 fisco]
2069 3006 2109 3038 de
2133 3005 2203 3038 fisci
2227 3007 2320 3048 libri,
2354 3006 2424 3039 fisci

1346 3047 1440 3081 Beck
1456 3046 1468 3091 ΙΙ
1487 3049 1507 3081 9
1533 3048 1560 3088 e]
1586 3047 1625 3080 de
1644 3047 1693 3080 R²
1703 3047 1751 3081 V³
1774 3059 1794 3081 a
1816 3049 1848 3082 T
1861 3049 1873 3092 ΙΙ
1893 3051 1932 3083 10
1958 3049 2036 3091 *ac]
2062 3050 2148 3083 hano
2170 3052 2248 3085 libri
2260 3052 2272 3095 ΙΙ
2291 3062 2424 3085 seruen-

1346 3094 1394 3124 tes
1421 3093 1454 3126 V
1475 3091 1487 3136 ss
1517 3092 1816 3126 administrationis
1849 3107 1887 3127 ex
1911 3095 2154 3139 Hamburqensi
2179 3097 2423 3140 Osenbriiyyen]

1346 3137 1679 3170 amministrationem
1701 3138 1841 3172 R²VT¹
1872 3139 2162 3173 administratione
2187 3141 2238 3174 Τ2
2269 3142 2424 3175 ammini-

1345 3182 1462 3215 stratio
1484 3182 1534 3215 R¹
1556 3182 1568 3226 ΙΙ
1597 3184 1638 3216 14
1663 3182 1812 3216 Dicimus
1832 3183 1865 3216 R
1886 3183 1898 3228 ΙΙ
1931 3186 1971 3219 15
1997 3186 2048 3226 ex]
2072 3196 2092 3217 a
2114 3186 2165 3219 R¹
2188 3185 2200 3231 ΙΙ
2228 3189 2266 3220 17
2293 3189 2424 3220 nostros

1355 3228 1388 3261 V
1407 3227 1419 3272 ΙΙ
1445 3229 1485 3262 18
1510 3228 1541 3260 ei
1564 3240 1621 3261 om.
1645 3228 1678 3261 V
1696 3228 1708 3272 ss
1733 3230 1774 3262 19
1798 3229 1959 3272 episcopis
1982 3230 2015 3263 R
2040 3229 2052 3273 ΙΙ
2078 3231 2148 3272 qui]
2182 3241 2237 3264 eos
2260 3231 2320 3274 qui
2349 3233 2423 3266 edd.

1347 3274 1471 3317 aliquot
1488 3273 1500 3316 ΙΙ
1518 3273 1560 3306 20
1585 3273 1696 3305 mittat
1720 3272 1797 3318 R¹11
1817 3275 1855 3308 21
1884 3274 2036 3308 ductores
2059 3274 2152 3309 R2T
2160 3276 2170 3295 ¹
2203 3277 2352 3311 dicturos
2383 3277 2423 3318 V;

1347 3331 1389 3351 an
1416 3319 1475 3362 leq.
1500 3317 1670 3351 victuros?
1689 3317 1702 3363 u
1726 3319 1768 3351 22
1793 3319 1847 3352 hic
1872 3318 1921 3352 13²
1936 3319 1948 3364 ΙΙ
1975 3323 2193 3363 percepturus
2215 3322 2297 3356 ΙΤΤ2
2329 3333 2424 3367 prae-

1347 3365 1499 3406 cepturos
1518 3363 1567 3396 R¹
1599 3366 1836 3407 praecepturus
1850 3364 1960 3398 R²T¹
1978 3364 1990 3409 ΙΙ
2015 3367 2094 3407 non]
2121 3377 2162 3399 ne
2188 3367 2239 3400 T²
2255 3367 2268 3411 ΙΙ
2292 3367 2332 3401 de
2355 3367 2424 3402 his-

1346 3409 1419 3441 dem
1441 3408 1521 3442 VT²
1546 3408 1614 3441 deis
1638 3408 1677 3441 de
1701 3409 1734 3442 R
1749 3407 1762 3453 ΙΙ
1790 3411 1832 3443 24
1852 3410 2081 3451 retransmisso
2096 3411 2147 3444 Ιί2
2157 3411 2209 3445 T2
2232 3423 2421 3448 reueueu

1348 3467 1432 3484 *u*
1447 3453 1496 3486 R²
1513 3453 1526 3497 ΙΙ
1544 3455 1586 3487 25
1599 3456 1755 3496 remeare]
1773 3465 1943 3489 remanere
1955 3456 2117 3500 RTvulq.
2137 3455 2150 3502 ΙΙ
2166 3467 2312 3492 reversos
2322 3460 2423 3504 vulq]

1346 3509 1497 3532 reuersus
1509 3499 1615 3532 RVT
1628 3498 1640 3543 ΙΙ
1657 3500 1699 3534 26
1711 3500 1868 3543 praebere
1880 3501 1982 3544 vulq.]
2005 3501 2166 3544 praebent
2191 3502 2271 3538 libri
2286 3506 2298 3548 ΙΙ
2314 3503 2423 3538 denuo

1346 3557 1404 3578 om.
1424 3543 1474 3588 VH
1486 3545 1548 3577 hac
1561 3554 1618 3577 om.
1637 3543 1688 3597 Vss
1699 3545 1785 3579 hano
1797 3545 2022 3579 felicissimam
2033 3547 2206 3581 ciuitatem
2217 3547 2329 3595 R1127
2343 3550 2424 3583 niti-

1345 3589 1479 3622 ficantes
1492 3590 1524 3622 R
1548 3589 1819 3634 dampnificantes
1840 3591 1892 3625 V³
1909 3591 1922 3634 ΙΙ
1947 3593 1989 3626 28
2010 3591 2207 3627 libertatiR
2253 3596 2423 3639 propriam

1347 3648 1404 3668 om.
1426 3634 1477 3668 V¹
1493 3634 1505 3678 ΙΙ
1530 3634 1698 3668 transmisi
1718 3636 1753 3669 R
1778 3636 1790 3681 ΙΙ
1813 3637 1854 3671 29
1880 3639 1924 3679 et]
1950 3639 1983 3670 et
2001 3638 2044 3671 ad
2066 3638 2178 3672 R¹V1
2200 3650 2220 3672 a
2266 3640 2317 3675 T¹
2333 3639 2346 3685 ΙΙ
2373 3641 2423 3674 di-

1345 3682 1472 3713 centem
1485 3680 1535 3713 R²
1561 3679 1574 3725 ΙΙ
1597 3681 1639 3715 30
1664 3680 1759 3714 nobis
1777 3682 1875 3715 etiam
1896 3682 1991 3724 VT²1
2016 3683 2117 3718 etiam
2132 3684 2228 3719 nobis
2246 3686 2297 3729 R,
2323 3686 2423 3719 etiam
2450 3691 2452 3693 ’

1347 3738 1404 3759 om.
1420 3724 1471 3759 T¹
1490 3724 1503 3770 ss
1527 3727 1567 3761 31
1594 3725 1794 3760 habitabunt
1813 3727 1848 3762 V

2086 3786 2152 3822 50*
