<?xml version="1.0" encoding="UTF-8"?>
<!DOCTYPE html PUBLIC "-//W3C//DTD XHTML 1.0 Transitional//EN"
    "http://www.w3.org/TR/xhtml1/DTD/xhtml1-transitional.dtd">
<html xmlns="http://www.w3.org/1999/xhtml" xml:lang="en" lang="en">
 <head>
  <title>
</title>
<meta http-equiv="Content-Type" content="text/html;charset=utf-8" />
  <meta name='ocr-system' content='tesseract 3.04.00' />
  <meta name='ocr-capabilities' content='ocr_page ocr_carea ocr_par ocr_line ocrx_word'/>
</head>
<body>
  <div class='ocr_page' id='page_1' title='image "./corpusiuriscivil03krueuoft_0551.png"; bbox 0 0 2586 3990; ppageno 0'>
   <div class='ocr_carea' id='block_1_1' title="bbox 130 109 2354 167">
    <p class='ocr_par' dir='ltr' id='par_1_1' title="bbox 130 109 2354 167">
     <span class='ocr_line' id='line_1_1' title="bbox 130 109 2354 167; baseline -0.001 -10"><span class='ocrx_word' id='word_1_1' title='bbox 130 125 254 158; x_wconf 83' lang='lat' dir='ltr'><strong>HAEC</strong></span> <span class='ocrx_word' id='word_1_2' title='bbox 284 124 574 158; x_wconf 71' lang='lat' dir='ltr'>consrerxo</span> <span class='ocrx_word' id='word_1_3' title='bbox 602 125 802 159; x_wconf 69' lang='lat' dir='ltr'>muovA&#39;r</span> <span class='ocrx_word' id='word_1_4' title='bbox 1191 110 1269 158; x_wconf 82' lang='lat'>521</span> <span class='ocrx_word' id='word_1_5' title='bbox 2030 111 2137 155; x_wconf 89' lang='lat' dir='ltr'>Nov.</span> <span class='ocrx_word' id='word_1_6' title='bbox 2169 109 2266 155; x_wconf 85' lang='lat' dir='ltr'>GXl</span> <span class='ocrx_word' id='word_1_7' title='bbox 2294 124 2354 167; x_wconf 88' lang='lat' dir='ltr'>pr.</span> 
     </span>
    </p>
   </div>
   <div class='ocr_carea' id='block_1_2' title="bbox 128 224 2353 449">
    <p class='ocr_par' dir='ltr' id='par_1_2' title="bbox 128 224 2353 449">
     <span class='ocr_line' id='line_1_2' title="bbox 195 224 1203 304; baseline -0.001 -44"><span class='ocrx_word' id='word_1_8' title='bbox 195 224 476 304; x_wconf 43' lang='grc' dir='ltr'>(Ἐπίλογοςέ</span> <span class='ocrx_word' id='word_1_9' title='bbox 525 226 574 261; x_wconf 88' lang='grc' dir='ltr'>Τὰ</span> <span class='ocrx_word' id='word_1_10' title='bbox 605 230 729 260; x_wconf 82' lang='grc' dir='ltr'><strong><em>τοίνυν</em></strong></span> <span class='ocrx_word' id='word_1_11' title='bbox 757 224 998 273; x_wconf 81' lang='grc' dir='ltr'><strong><em>παραστάντα</em></strong></span> <span class='ocrx_word' id='word_1_12' title='bbox 1027 224 1113 271; x_wconf 83' lang='grc' dir='ltr'>ἡμῖν</span> <span class='ocrx_word' id='word_1_13' title='bbox 1143 228 1203 259; x_wconf 82' lang='grc' dir='ltr'>καὶ</span> 
     </span>
     <span class='ocr_line' id='line_1_3' title="bbox 129 267 2013 350; baseline -0.001 -45"><span class='ocrx_word' id='word_1_14' title='bbox 129 269 189 328; x_wconf 70' lang='grc' dir='ltr'>δίὰ</span> <span class='ocrx_word' id='word_1_15' title='bbox 219 269 325 329; x_wconf 49' lang='lat' dir='ltr'>‘cauda</span> <span class='ocrx_word' id='word_1_16' title='bbox 351 272 414 328; x_wconf 70' lang='grc' dir='ltr'>τοῦ</span> <span class='ocrx_word' id='word_1_17' title='bbox 475 274 548 304; x_wconf 83' lang='grc' dir='ltr'>είου</span> <span class='ocrx_word' id='word_1_18' title='bbox 572 269 772 324; x_wconf 68' lang='grc' dir='ltr'>δηλούμενα</span> <span class='ocrx_word' id='word_1_19' title='bbox 798 267 910 326; x_wconf 64' lang='grc' dir='ltr'>νόμου</span> <span class='ocrx_word' id='word_1_20' title='bbox 933 269 954 314; x_wconf 82' lang='grc' dir='ltr'><em>ἡ</em></span> <span class='ocrx_word' id='word_1_21' title='bbox 980 271 1023 316; x_wconf 76' lang='grc' dir='ltr'>σὴ</span> <span class='ocrx_word' id='word_1_22' title='bbox 1051 269 1206 318; x_wconf 77' lang='grc' dir='ltr'>ὑπεροχὴ</span> <span class='ocrx_word' id='word_1_23' title='bbox 1365 316 1374 325; x_wconf 41' lang='grc' dir='ltr'><strong><em>ο</em></strong></span> <span class='ocrx_word' id='word_1_24' title='bbox 1531 316 1539 323; x_wconf 39' lang='lat'>⁶</span> <span class='ocrx_word' id='word_1_25' title='bbox 1761 313 1783 349; x_wconf 77' lang='lat' dir='ltr'><strong>d</strong></span> <span class='ocrx_word' id='word_1_26' title='bbox 1866 315 2013 350; x_wconf 49' lang='lat' dir='ltr'>seminet</span> 
     </span>
     <span class='ocr_line' id='line_1_4' title="bbox 128 315 2353 412; baseline -0.001 -16"><span class='ocrx_word' id='word_1_27' title='bbox 128 315 716 407; x_wconf 38' lang='lat' dir='ltr'>squfiazazlrcessuffigagogoffieg·</span> <span class='ocrx_word' id='word_1_28' title='bbox 734 329 1014 398; x_wconf 51' lang='lat' dir='ltr'>egevaelrgggffiani</span> <span class='ocrx_word' id='word_1_29' title='bbox 1037 372 1096 408; x_wconf 90' lang='lat' dir='ltr'>pp.</span> <span class='ocrx_word' id='word_1_30' title='bbox 1111 361 1203 405; x_wconf 84' lang='lat' dir='ltr'>Aug.</span> <span class='ocrx_word' id='word_1_31' title='bbox 1275 315 1611 398; x_wconf 37' lang='grc' dir='ltr'>ορῗὲῑῗέιῗὲωὲὲῗ</span> <span class='ocrx_word' id='word_1_32' title='bbox 1634 318 1845 412; x_wconf 49' lang='grc' dir='ltr'>Ὲὲξᾶἰιιῖῗ</span> <span class='ocrx_word' id='word_1_33' title='bbox 1873 359 1930 395; x_wconf 92' lang='lat' dir='ltr'>dn.</span> <span class='ocrx_word' id='word_1_34' title='bbox 1956 343 2146 397; x_wconf 71' lang='lat' dir='ltr'>Iustiniani</span> <span class='ocrx_word' id='word_1_35' title='bbox 2175 370 2238 406; x_wconf 89' lang='lat' dir='ltr'>pp.</span> <span class='ocrx_word' id='word_1_36' title='bbox 2261 359 2353 405; x_wconf 82' lang='lat' dir='ltr'>Aug.</span> 
     </span>
     <span class='ocr_line' id='line_1_5' title="bbox 128 405 1945 449; baseline 0 -8"><span class='ocrx_word' id='word_1_37' title='bbox 128 415 222 443; x_wconf 84' lang='lat' dir='ltr'>anno</span> <span class='ocrx_word' id='word_1_38' title='bbox 241 406 319 442; x_wconf 88' lang='lat' dir='ltr'>XV.</span> <span class='ocrx_word' id='word_1_39' title='bbox 343 406 477 442; x_wconf 77' lang='lat' dir='ltr'>Basilio</span> <span class='ocrx_word' id='word_1_40' title='bbox 501 417 554 443; x_wconf 89' lang='lat' dir='ltr'>vc.</span> <span class='ocrx_word' id='word_1_41' title='bbox 581 418 679 443; x_wconf 89' lang='lat' dir='ltr'>cons.</span> <span class='ocrx_word' id='word_1_42' title='bbox 1180 409 1319 449; x_wconf 84' lang='lat' dir='ltr'>[a.541]</span> <span class='ocrx_word' id='word_1_43' title='bbox 1386 417 1482 443; x_wconf 84' lang='lat' dir='ltr'>anno</span> <span class='ocrx_word' id='word_1_44' title='bbox 1505 405 1585 442; x_wconf 88' lang='lat' dir='ltr'>XV.</span> <span class='ocrx_word' id='word_1_45' title='bbox 1610 405 1743 442; x_wconf 86' lang='lat' dir='ltr'>Basiho</span> <span class='ocrx_word' id='word_1_46' title='bbox 1768 415 1820 440; x_wconf 88' lang='lat' dir='ltr'>vc.</span> <span class='ocrx_word' id='word_1_47' title='bbox 1846 415 1945 442; x_wconf 77' lang='lat' dir='ltr'>cons,</span> 
     </span>
    </p>
   </div>
   <div class='ocr_carea' id='block_1_3' title="bbox 1274 223 2356 314">
    <p class='ocr_par' dir='ltr' id='par_1_3' title="bbox 1274 223 2356 314">
     <span class='ocr_line' id='line_1_6' title="bbox 1317 223 2356 270; baseline -0.002 -10"><span class='ocrx_word' id='word_1_48' title='bbox 1317 224 1578 270; x_wconf 84' lang='lat' dir='ltr'>(Epilogus.)</span> <span class='ocrx_word' id='word_1_49' title='bbox 1624 223 1723 268; x_wconf 82' lang='lat' dir='ltr'>Quae</span> <span class='ocrx_word' id='word_1_50' title='bbox 1746 223 1854 268; x_wconf 87' lang='lat' dir='ltr'>igitur</span> <span class='ocrx_word' id='word_1_51' title='bbox 1876 224 2090 270; x_wconf 81' lang='lat' dir='ltr'>placuerunt</span> <span class='ocrx_word' id='word_1_52' title='bbox 2112 223 2217 259; x_wconf 89' lang='lat' dir='ltr'>nobis</span> <span class='ocrx_word' id='word_1_53' title='bbox 2236 225 2272 259; x_wconf 88' lang='lat' dir='ltr'>et</span> <span class='ocrx_word' id='word_1_54' title='bbox 2291 233 2356 268; x_wconf 89' lang='lat' dir='ltr'>per</span> 
     </span>
     <span class='ocr_line' id='line_1_7' title="bbox 1274 268 2355 314; baseline -0.001 -9"><span class='ocrx_word' id='word_1_55' title='bbox 1274 270 1368 306; x_wconf 88' lang='lat' dir='ltr'>hanc</span> <span class='ocrx_word' id='word_1_56' title='bbox 1403 281 1543 306; x_wconf 83' lang='lat' dir='ltr'>sacram</span> <span class='ocrx_word' id='word_1_57' title='bbox 1577 270 1760 306; x_wconf 84' lang='lat' dir='ltr'>declarata</span> <span class='ocrx_word' id='word_1_58' title='bbox 1795 273 1879 304; x_wconf 90' lang='lat' dir='ltr'>sunt</span> <span class='ocrx_word' id='word_1_59' title='bbox 1913 271 2043 314; x_wconf 88' lang='lat' dir='ltr'>legem,</span> <span class='ocrx_word' id='word_1_60' title='bbox 2081 272 2146 304; x_wconf 86' lang='lat' dir='ltr'>tua</span> <span class='ocrx_word' id='word_1_61' title='bbox 2181 268 2355 305; x_wconf 88' lang='lat' dir='ltr'>celsitudo</span> 
     </span>
    </p>
   </div>
   <div class='ocr_carea' id='block_1_4' title="bbox 630 638 2352 681">
    <p class='ocr_par' dir='ltr' id='par_1_4' title="bbox 630 638 2352 681">
     <span class='ocr_line' id='line_1_8' title="bbox 630 638 2352 681; baseline -0.002 0"><span class='ocrx_word' id='word_1_62' title='bbox 630 638 700 681; x_wconf 71' lang='grc' dir='ltr'><strong>Ρ-ΙᾸ</strong></span> <span class='ocrx_word' id='word_1_63' title='bbox 1238 646 1259 679; x_wconf 87' lang='grc'><strong>6</strong></span> <span class='ocrx_word' id='word_1_64' title='bbox 1701 642 1793 679; x_wconf 87' lang='lat' dir='ltr'>CXI.</span> <span class='ocrx_word' id='word_1_65' title='bbox 1840 642 1951 678; x_wconf 89' lang='lat' dir='ltr'>Auth.</span> <span class='ocrx_word' id='word_1_66' title='bbox 1966 641 2027 678; x_wconf 86' lang='lat' dir='ltr'>CV</span> <span class='ocrx_word' id='word_1_67' title='bbox 2029 642 2056 677; x_wconf 93' lang='lat'>1.</span> <span class='ocrx_word' id='word_1_68' title='bbox 2083 643 2170 679; x_wconf 86' lang='lat' dir='ltr'>coll.</span> <span class='ocrx_word' id='word_1_69' title='bbox 2179 642 2267 679; x_wconf 87' lang='lat' dir='ltr'><strong>VIII</strong></span> <span class='ocrx_word' id='word_1_70' title='bbox 2280 643 2325 679; x_wconf 83' lang='lat' dir='ltr'>tit</span> <span class='ocrx_word' id='word_1_71' title='bbox 2334 647 2352 678; x_wconf 82' lang='lat'><strong>7</strong></span> 
     </span>
    </p>
   </div>
   <div class='ocr_carea' id='block_1_5' title="bbox 124 710 2356 971">
    <p class='ocr_par' dir='ltr' id='par_1_5' title="bbox 124 710 2356 902">
     <span class='ocr_line' id='line_1_9' title="bbox 218 710 2353 767; baseline -0.001 -3"><span class='ocrx_word' id='word_1_72' title='bbox 218 712 277 764; x_wconf 92' lang='lat' dir='ltr'>H</span> <span class='ocrx_word' id='word_1_73' title='bbox 309 712 648 767; x_wconf 85' lang='grc' dir='ltr'><strong>ΔΙΑΤΑΞΙΣ</strong></span> <span class='ocrx_word' id='word_1_74' title='bbox 681 710 1110 766; x_wconf 81' lang='grc' dir='ltr'><strong>ΑΝΑΙΡΟΥΣΑ</strong></span> <span class='ocrx_word' id='word_1_75' title='bbox 1215 753 1220 758; x_wconf 90' lang='grc'><em>.</em></span> <span class='ocrx_word' id='word_1_76' title='bbox 1266 713 1320 762; x_wconf 71' lang='lat' dir='ltr'>R</span> <span class='ocrx_word' id='word_1_77' title='bbox 1342 712 1526 763; x_wconf 80' lang='lat' dir='ltr'><strong>HAEC</strong></span> <span class='ocrx_word' id='word_1_78' title='bbox 1551 711 2017 763; x_wconf 85' lang='lat' dir='ltr'><strong>CONSTITUTIO</strong></span> <span class='ocrx_word' id='word_1_79' title='bbox 2042 711 2353 763; x_wconf 87' lang='lat' dir='ltr'><strong>INNOVAT</strong></span> 
     </span>
     <span class='ocr_line' id='line_1_10' title="bbox 125 777 2356 840; baseline -0.002 -7"><span class='ocrx_word' id='word_1_80' title='bbox 125 780 284 833; x_wconf 93' lang='lat' dir='ltr'>THN</span> <span class='ocrx_word' id='word_1_81' title='bbox 307 783 350 835; x_wconf 89' lang='lat' dir='ltr'>T</span> <span class='ocrx_word' id='word_1_82' title='bbox 354 780 456 833; x_wconf 77' lang='grc' dir='ltr'>ῼΝ</span> <span class='ocrx_word' id='word_1_83' title='bbox 478 780 786 835; x_wconf 86' lang='grc' dir='ltr'><strong>ΕΚΑΤΟΝ</strong></span> <span class='ocrx_word' id='word_1_84' title='bbox 816 777 1202 832; x_wconf 77' lang='grc' dir='ltr'><strong>ΕΝΙΑῨΤῼΝ</strong></span> <span class='ocrx_word' id='word_1_85' title='bbox 1272 779 1892 831; x_wconf 85' lang='lat' dir='ltr'><strong>CONSTITUTIONEM</strong></span> <span class='ocrx_word' id='word_1_86' title='bbox 1931 780 2117 840; x_wconf 81' lang='lat' dir='ltr'><strong>QUAE</strong></span> <span class='ocrx_word' id='word_1_87' title='bbox 2158 781 2356 830; x_wconf 86' lang='lat' dir='ltr'>PRAE-</span> 
     </span>
     <span class='ocr_line' id='line_1_11' title="bbox 124 845 2355 902; baseline -0 -3"><span class='ocrx_word' id='word_1_88' title='bbox 124 848 632 902; x_wconf 82' lang='grc' dir='ltr'><strong>ΠΑΡΑΓΡΑΦΗΝ</strong></span> <span class='ocrx_word' id='word_1_89' title='bbox 688 849 824 902; x_wconf 91' lang='grc' dir='ltr'>ΕΠΙ</span> <span class='ocrx_word' id='word_1_90' title='bbox 879 846 1028 899; x_wconf 76' lang='grc' dir='ltr'>ΤΩΝ</span> <span class='ocrx_word' id='word_1_91' title='bbox 1084 845 1201 898; x_wconf 83' lang='lat' dir='ltr'>EY-</span> <span class='ocrx_word' id='word_1_92' title='bbox 1273 847 1760 900; x_wconf 84' lang='lat' dir='ltr'><strong>SCRIPTIONEM</strong></span> <span class='ocrx_word' id='word_1_93' title='bbox 1805 847 2096 898; x_wconf 82' lang='lat' dir='ltr'><strong>CENTUM</strong></span> <span class='ocrx_word' id='word_1_94' title='bbox 2143 847 2355 898; x_wconf 90' lang='lat' dir='ltr'>ANNO-</span> 
     </span>
    </p>

    <p class='ocr_par' dir='ltr' id='par_1_6' title="bbox 351 913 2294 971">
     <span class='ocr_line' id='line_1_12' title="bbox 351 913 2294 971; baseline -0.002 -2"><span class='ocrx_word' id='word_1_95' title='bbox 351 916 690 971; x_wconf 68' lang='lat' dir='ltr'>KTHPISzN</span> <span class='ocrx_word' id='word_1_96' title='bbox 728 913 980 970; x_wconf 75' lang='grc' dir='ltr'><strong>ΟΙΚῼΝ.</strong></span> <span class='ocrx_word' id='word_1_97' title='bbox 1217 930 1259 962; x_wconf 91' lang='lat'>10</span> <span class='ocrx_word' id='word_1_98' title='bbox 1326 917 1472 967; x_wconf 90' lang='lat' dir='ltr'>RUM</span> <span class='ocrx_word' id='word_1_99' title='bbox 1506 916 1703 969; x_wconf 84' lang='lat' dir='ltr'><strong>LOCIS</strong></span> <span class='ocrx_word' id='word_1_100' title='bbox 1739 915 2294 967; x_wconf 85' lang='lat' dir='ltr'><strong>VENERABILIBUS</strong></span> 
     </span>
    </p>
   </div>
   <div class='ocr_carea' id='block_1_6' title="bbox 1545 985 2079 1109">
    <p class='ocr_par' dir='ltr' id='par_1_7' title="bbox 1545 985 2079 1109">
     <span class='ocr_line' id='line_1_13' title="bbox 1606 985 2018 1035; baseline -0.002 0"><span class='ocrx_word' id='word_1_101' title='bbox 1606 985 1936 1035; x_wconf 83' lang='lat' dir='ltr'><strong>DEDERAT</strong></span> <span class='ocrx_word' id='word_1_102' title='bbox 1966 985 2018 1034; x_wconf 73' lang='lat' dir='ltr'>R</span> 
     </span>
     <span class='ocr_line' id='line_1_14' title="bbox 1545 1062 2079 1109; baseline -0.002 -11"><span class='ocrx_word' id='word_1_103' title='bbox 1545 1063 1644 1099; x_wconf 77' lang='lat' dir='ltr'>Idem</span> <span class='ocrx_word' id='word_1_104' title='bbox 1674 1064 1767 1109; x_wconf 83' lang='lat' dir='ltr'>Aug.</span> <span class='ocrx_word' id='word_1_105' title='bbox 1798 1062 1986 1099; x_wconf 83' lang='lat' dir='ltr'>Theodoto</span> <span class='ocrx_word' id='word_1_106' title='bbox 2016 1073 2079 1108; x_wconf 84' lang='lat' dir='ltr'>pp.</span> 
     </span>
    </p>
   </div>
   <div class='ocr_carea' id='block_1_7' title="bbox 121 1128 2354 1719">
    <p class='ocr_par' dir='ltr' id='par_1_8' title="bbox 121 1128 2354 1719">
     <span class='ocr_line' id='line_1_15' title="bbox 190 1128 2353 1176; baseline 0.001 -12"><span class='ocrx_word' id='word_1_107' title='bbox 190 1131 495 1176; x_wconf 75' lang='grc' dir='ltr'>(Προοίμιον.)</span> <span class='ocrx_word' id='word_1_108' title='bbox 540 1128 653 1176; x_wconf 82' lang='grc' dir='ltr'>Ὅπερ</span> <span class='ocrx_word' id='word_1_109' title='bbox 683 1130 729 1165; x_wconf 78' lang='grc' dir='ltr'>τά-</span> <span class='ocrx_word' id='word_1_110' title='bbox 762 1130 935 1176; x_wconf 81' lang='grc' dir='ltr'>φάρμακα</span> <span class='ocrx_word' id='word_1_111' title='bbox 966 1133 1043 1164; x_wconf 81' lang='grc' dir='ltr'>ταῖς</span> <span class='ocrx_word' id='word_1_112' title='bbox 1071 1128 1201 1172; x_wconf 89' lang='grc' dir='ltr'>νόσοις,</span> <span class='ocrx_word' id='word_1_113' title='bbox 1324 1130 1616 1175; x_wconf 81' lang='lat' dir='ltr'>(Praefatio.)</span> <span class='ocrx_word' id='word_1_114' title='bbox 1669 1131 1772 1175; x_wconf 83' lang='lat' dir='ltr'>Quod</span> <span class='ocrx_word' id='word_1_115' title='bbox 1803 1131 2062 1167; x_wconf 84' lang='lat' dir='ltr'>medicamenta</span> <span class='ocrx_word' id='word_1_116' title='bbox 2096 1130 2247 1172; x_wconf 89' lang='lat' dir='ltr'><strong>morbis,</strong></span> <span class='ocrx_word' id='word_1_117' title='bbox 2284 1130 2353 1166; x_wconf 90' lang='lat' dir='ltr'>hoc</span> 
     </span>
     <span class='ocr_line' id='line_1_16' title="bbox 123 1170 2352 1227; baseline 0 -17"><span class='ocrx_word' id='word_1_118' title='bbox 123 1177 229 1210; x_wconf 82' lang='grc' dir='ltr'>τοῦτο</span> <span class='ocrx_word' id='word_1_119' title='bbox 265 1181 457 1224; x_wconf 80' lang='grc' dir='ltr'>παρέχουσι</span> <span class='ocrx_word' id='word_1_120' title='bbox 491 1176 537 1211; x_wconf 84' lang='grc' dir='ltr'>τὰ</span> <span class='ocrx_word' id='word_1_121' title='bbox 567 1175 721 1227; x_wconf 52' lang='grc' dir='ltr'>νόμιμα’</span> <span class='ocrx_word' id='word_1_122' title='bbox 738 1179 811 1210; x_wconf 83' lang='grc' dir='ltr'>τοῖς</span> <span class='ocrx_word' id='word_1_123' title='bbox 843 1175 1062 1222; x_wconf 82' lang='grc' dir='ltr'>πράγμασιν.</span> <span class='ocrx_word' id='word_1_124' title='bbox 1108 1170 1202 1209; x_wconf 73' lang='grc' dir='ltr'>ὅθεν</span> <span class='ocrx_word' id='word_1_125' title='bbox 1271 1176 1438 1211; x_wconf 84' lang='lat' dir='ltr'>exhibent</span> <span class='ocrx_word' id='word_1_126' title='bbox 1472 1177 1552 1211; x_wconf 85' lang='lat' dir='ltr'>iura</span> <span class='ocrx_word' id='word_1_127' title='bbox 1581 1177 1744 1220; x_wconf 83' lang='lat' dir='ltr'>negotiis.</span> <span class='ocrx_word' id='word_1_128' title='bbox 1792 1176 1894 1212; x_wconf 88' lang='lat' dir='ltr'>Unde</span> <span class='ocrx_word' id='word_1_129' title='bbox 1927 1175 2159 1221; x_wconf 82' lang='lat' dir='ltr'>consequitur</span> <span class='ocrx_word' id='word_1_130' title='bbox 2193 1179 2235 1211; x_wconf 83' lang='lat' dir='ltr'>ut</span> <span class='ocrx_word' id='word_1_131' title='bbox 2264 1187 2352 1211; x_wconf 92' lang='lat' dir='ltr'>non-</span> 
     </span>
     <span class='ocr_line' id='line_1_17' title="bbox 127 1216 2351 1269; baseline 0 -14"><span class='ocrx_word' id='word_1_132' title='bbox 127 1219 332 1256; x_wconf 76' lang='grc' dir='ltr'>ἆκόλουθόν</span> <span class='ocrx_word' id='word_1_133' title='bbox 362 1225 438 1257; x_wconf 81' lang='grc' dir='ltr'>ἐστι</span> <span class='ocrx_word' id='word_1_134' title='bbox 459 1221 664 1269; x_wconf 76' lang='grc' dir='ltr'>γινώσκειν,</span> <span class='ocrx_word' id='word_1_135' title='bbox 698 1216 755 1255; x_wconf 82' lang='grc' dir='ltr'>ὁτι</span> <span class='ocrx_word' id='word_1_136' title='bbox 785 1220 955 1255; x_wconf 76' lang='grc' dir='ltr'>πολλάκις</span> <span class='ocrx_word' id='word_1_137' title='bbox 985 1220 1031 1254; x_wconf 82' lang='grc' dir='ltr'>τὰ</span> <span class='ocrx_word' id='word_1_138' title='bbox 1057 1217 1201 1264; x_wconf 80' lang='grc' dir='ltr'>ὃοκιμα-</span> <span class='ocrx_word' id='word_1_139' title='bbox 1218 1225 1256 1257; x_wconf 89' lang='lat'>15</span> <span class='ocrx_word' id='word_1_140' title='bbox 1270 1231 1462 1265; x_wconf 84' lang='lat' dir='ltr'>numquam</span> <span class='ocrx_word' id='word_1_141' title='bbox 1486 1231 1509 1256; x_wconf 86' lang='lat' dir='ltr'>a</span> <span class='ocrx_word' id='word_1_142' title='bbox 1531 1221 1663 1257; x_wconf 91' lang='lat' dir='ltr'>iudicio</span> <span class='ocrx_word' id='word_1_143' title='bbox 1694 1222 1872 1257; x_wconf 84' lang='lat' dir='ltr'>discordet</span> <span class='ocrx_word' id='word_1_144' title='bbox 1897 1221 2064 1263; x_wconf 84' lang='lat' dir='ltr'>effectus,</span> <span class='ocrx_word' id='word_1_145' title='bbox 2095 1225 2132 1256; x_wconf 92' lang='lat' dir='ltr'>et</span> <span class='ocrx_word' id='word_1_146' title='bbox 2155 1221 2250 1266; x_wconf 88' lang='lat' dir='ltr'>quod</span> <span class='ocrx_word' id='word_1_147' title='bbox 2277 1231 2351 1256; x_wconf 88' lang='lat' dir='ltr'>cre-</span> 
     </span>
     <span class='ocr_line' id='line_1_18' title="bbox 122 1265 2354 1314; baseline 0 -14"><span class='ocrx_word' id='word_1_148' title='bbox 122 1267 265 1301; x_wconf 73' lang='grc' dir='ltr'>σθέντα</span> <span class='ocrx_word' id='word_1_149' title='bbox 286 1269 385 1314; x_wconf 78' lang='grc' dir='ltr'>παρά</span> <span class='ocrx_word' id='word_1_150' title='bbox 403 1279 500 1302; x_wconf 86' lang='grc' dir='ltr'>τινος</span> <span class='ocrx_word' id='word_1_151' title='bbox 517 1269 686 1301; x_wconf 79' lang='grc' dir='ltr'>ἐναντίον</span> <span class='ocrx_word' id='word_1_152' title='bbox 709 1267 789 1308; x_wconf 79' lang='grc' dir='ltr'>ἔσχε</span> <span class='ocrx_word' id='word_1_153' title='bbox 808 1266 851 1300; x_wconf 84' lang='grc' dir='ltr'>τὸ</span> <span class='ocrx_word' id='word_1_154' title='bbox 873 1265 1118 1310; x_wconf 78' lang='grc' dir='ltr'><em>ἀποτέλεσμα,</em></span> <span class='ocrx_word' id='word_1_155' title='bbox 1143 1267 1202 1299; x_wconf 85' lang='grc' dir='ltr'>καὶ</span> <span class='ocrx_word' id='word_1_156' title='bbox 1271 1267 1380 1302; x_wconf 84' lang='lat' dir='ltr'>debat</span> <span class='ocrx_word' id='word_1_157' title='bbox 1412 1267 1623 1303; x_wconf 87' lang='lat' dir='ltr'>coniectura</span> <span class='ocrx_word' id='word_1_158' title='bbox 1653 1267 1841 1312; x_wconf 83' lang='lat' dir='ltr'>prodesse,</span> <span class='ocrx_word' id='word_1_159' title='bbox 1877 1267 2119 1312; x_wconf 88' lang='lat' dir='ltr'>experimento</span> <span class='ocrx_word' id='word_1_160' title='bbox 2151 1266 2354 1302; x_wconf 84' lang='lat' dir='ltr'>inveniatur</span> 
     </span>
     <span class='ocr_line' id='line_1_19' title="bbox 122 1308 2351 1357; baseline 0 -11"><span class='ocrx_word' id='word_1_161' title='bbox 122 1308 213 1355; x_wconf 77' lang='grc' dir='ltr'>ὅπερ</span> <span class='ocrx_word' id='word_1_162' title='bbox 236 1311 388 1347; x_wconf 80' lang='grc' dir='ltr'>ἑκάστου</span> <span class='ocrx_word' id='word_1_163' title='bbox 412 1312 611 1357; x_wconf 80' lang='grc' dir='ltr'>στοχασμὸς</span> <span class='ocrx_word' id='word_1_164' title='bbox 637 1312 805 1355; x_wconf 78' lang='grc' dir='ltr'>ἐνόμισεν</span> <span class='ocrx_word' id='word_1_165' title='bbox 829 1313 906 1345; x_wconf 86' lang='grc' dir='ltr'>έπω</span> <span class='ocrx_word' id='word_1_166' title='bbox 938 1310 1009 1345; x_wconf 79' lang='grc' dir='ltr'>ελὲς</span> <span class='ocrx_word' id='word_1_167' title='bbox 1032 1311 1140 1353; x_wconf 82' lang='grc' dir='ltr'>εἶναι,</span> <span class='ocrx_word' id='word_1_168' title='bbox 1165 1310 1203 1351; x_wconf 82' lang='grc' dir='ltr'>ἐξ</span> <span class='ocrx_word' id='word_1_169' title='bbox 1270 1312 1404 1347; x_wconf 78' lang='lat' dir='ltr'>inutile.</span> <span class='ocrx_word' id='word_1_170' title='bbox 1447 1313 1584 1347; x_wconf 83' lang='lat' dir='ltr'>Probat</span> <span class='ocrx_word' id='word_1_171' title='bbox 1606 1313 1675 1348; x_wconf 89' lang='lat' dir='ltr'>hoc</span> <span class='ocrx_word' id='word_1_172' title='bbox 1691 1313 1891 1357; x_wconf 86' lang='lat' dir='ltr'>praesentis</span> <span class='ocrx_word' id='word_1_173' title='bbox 1917 1313 2023 1347; x_wconf 85' lang='lat' dir='ltr'>etiam</span> <span class='ocrx_word' id='word_1_174' title='bbox 2045 1312 2244 1347; x_wconf 83' lang='lat' dir='ltr'>necessitas</span> <span class='ocrx_word' id='word_1_175' title='bbox 2269 1322 2351 1347; x_wconf 87' lang='lat' dir='ltr'>san-</span> 
     </span>
     <span class='ocr_line' id='line_1_20' title="bbox 124 1355 2351 1403; baseline 0 -11"><span class='ocrx_word' id='word_1_176' title='bbox 124 1356 231 1401; x_wconf 79' lang='grc' dir='ltr'>αὐτῆς</span> <span class='ocrx_word' id='word_1_177' title='bbox 261 1359 322 1401; x_wconf 82' lang='grc' dir='ltr'>τῆς</span> <span class='ocrx_word' id='word_1_178' title='bbox 353 1362 477 1403; x_wconf 82' lang='grc' dir='ltr'>πείρας</span> <span class='ocrx_word' id='word_1_179' title='bbox 507 1356 638 1403; x_wconf 73' lang='grc' dir='ltr'>εὑρέθη</span> <span class='ocrx_word' id='word_1_180' title='bbox 668 1355 858 1402; x_wconf 75' lang='grc' dir='ltr'>ἄχρηστον.</span> <span class='ocrx_word' id='word_1_181' title='bbox 934 1357 1064 1391; x_wconf 81' lang='grc' dir='ltr'>εικνύει</span> <span class='ocrx_word' id='word_1_182' title='bbox 1093 1357 1202 1390; x_wconf 81' lang='grc' dir='ltr'>τοῦτο</span> <span class='ocrx_word' id='word_1_183' title='bbox 1271 1358 1417 1401; x_wconf 86' lang='lat' dir='ltr'>ctionis,</span> <span class='ocrx_word' id='word_1_184' title='bbox 1453 1358 1490 1392; x_wconf 90' lang='lat' dir='ltr'>in</span> <span class='ocrx_word' id='word_1_185' title='bbox 1526 1368 1597 1402; x_wconf 88' lang='lat' dir='ltr'>qua</span> <span class='ocrx_word' id='word_1_186' title='bbox 1631 1358 1854 1403; x_wconf 87' lang='lat' dir='ltr'>privilegium</span> <span class='ocrx_word' id='word_1_187' title='bbox 1888 1367 1933 1393; x_wconf 88' lang='lat' dir='ltr'>ex</span> <span class='ocrx_word' id='word_1_188' title='bbox 1967 1357 2131 1402; x_wconf 85' lang='lat' dir='ltr'>religioso</span> <span class='ocrx_word' id='word_1_189' title='bbox 2167 1358 2351 1403; x_wconf 88' lang='lat' dir='ltr'>proposito</span> 
     </span>
     <span class='ocr_line' id='line_1_21' title="bbox 122 1399 2352 1449; baseline 0.001 -13"><span class='ocrx_word' id='word_1_190' title='bbox 122 1406 181 1436; x_wconf 83' lang='grc' dir='ltr'>καὶ</span> <span class='ocrx_word' id='word_1_191' title='bbox 212 1401 233 1446; x_wconf 85' lang='grc' dir='ltr'><strong><em>ἡ</em></strong></span> <span class='ocrx_word' id='word_1_192' title='bbox 264 1405 327 1446; x_wconf 84' lang='grc' dir='ltr'>τῆς</span> <span class='ocrx_word' id='word_1_193' title='bbox 357 1403 538 1449; x_wconf 79' lang='grc' dir='ltr'>παρούσης</span> <span class='ocrx_word' id='word_1_194' title='bbox 568 1403 789 1447; x_wconf 71' lang='grc' dir='ltr'>νομοθεσίας</span> <span class='ocrx_word' id='word_1_195' title='bbox 811 1399 966 1448; x_wconf 77' lang='grc' dir='ltr'>ἀνάγκη,</span> <span class='ocrx_word' id='word_1_196' title='bbox 999 1403 1062 1448; x_wconf 81' lang='grc' dir='ltr'>ἐφ’</span> <span class='ocrx_word' id='word_1_197' title='bbox 1083 1402 1136 1436; x_wconf 85' lang='grc' dir='ltr'>οἷς</span> <span class='ocrx_word' id='word_1_198' title='bbox 1158 1403 1201 1434; x_wconf 86' lang='grc' dir='ltr'>τὸ</span> <span class='ocrx_word' id='word_1_199' title='bbox 1270 1403 1407 1439; x_wconf 85' lang='lat' dir='ltr'>sanctis</span> <span class='ocrx_word' id='word_1_200' title='bbox 1431 1403 1593 1439; x_wconf 87' lang='lat' dir='ltr'>ecclesiis</span> <span class='ocrx_word' id='word_1_201' title='bbox 1625 1407 1662 1438; x_wconf 90' lang='lat' dir='ltr'>et</span> <span class='ocrx_word' id='word_1_202' title='bbox 1684 1403 1908 1438; x_wconf 87' lang='lat' dir='ltr'>monasteriis</span> <span class='ocrx_word' id='word_1_203' title='bbox 1932 1403 2081 1448; x_wconf 83' lang='lat' dir='ltr'>aliisque</span> <span class='ocrx_word' id='word_1_204' title='bbox 2104 1402 2275 1446; x_wconf 87' lang='lat' dir='ltr'>religiosis</span> <span class='ocrx_word' id='word_1_205' title='bbox 2299 1403 2352 1438; x_wconf 89' lang='lat' dir='ltr'>lo-</span> 
     </span>
     <span class='ocr_line' id='line_1_22' title="bbox 123 1447 2354 1495; baseline 0 -12"><span class='ocrx_word' id='word_1_206' title='bbox 123 1449 207 1495; x_wconf 84' lang='grc' dir='ltr'>[πρὸ</span> <span class='ocrx_word' id='word_1_207' title='bbox 232 1451 379 1493; x_wconf 77' lang='grc' dir='ltr'>βραχέος</span> <span class='ocrx_word' id='word_1_208' title='bbox 400 1448 541 1494; x_wconf 88' lang='grc' dir='ltr'>χρόνου]</span> <span class='ocrx_word' id='word_1_209' title='bbox 574 1449 775 1494; x_wconf 81' lang='grc' dir='ltr'>προνόμιον</span> <span class='ocrx_word' id='word_1_210' title='bbox 806 1448 849 1482; x_wconf 85' lang='grc' dir='ltr'>τὸ</span> <span class='ocrx_word' id='word_1_211' title='bbox 881 1447 1116 1494; x_wconf 73' lang='grc' dir='ltr'>παρασχεθὲν</span> <span class='ocrx_word' id='word_1_212' title='bbox 1145 1448 1200 1480; x_wconf 74' lang='grc' dir='ltr'>ἐν·</span> <span class='ocrx_word' id='word_1_213' title='bbox 1215 1450 1257 1483; x_wconf 88' lang='grc'>20</span> <span class='ocrx_word' id='word_1_214' title='bbox 1271 1449 1322 1484; x_wconf 85' lang='lat' dir='ltr'>cis</span> <span class='ocrx_word' id='word_1_215' title='bbox 1355 1449 1609 1484; x_wconf 85' lang='lat' dir='ltr'>constitutione</span> <span class='ocrx_word' id='word_1_216' title='bbox 1638 1451 1765 1484; x_wconf 79' lang='lat' dir='ltr'>nostra</span> <span class='ocrx_word' id='word_1_217' title='bbox 1795 1458 1911 1494; x_wconf 89' lang='lat' dir='ltr'>nuper</span> <span class='ocrx_word' id='word_1_218' title='bbox 1940 1448 2117 1483; x_wconf 85' lang='lat' dir='ltr'>indultum</span> <span class='ocrx_word' id='word_1_219' title='bbox 2149 1449 2354 1483; x_wconf 79' lang='lat' dir='ltr'>necessaria</span> 
     </span>
     <span class='ocr_line' id='line_1_23' title="bbox 123 1491 2352 1539; baseline -0.003 -5"><span class='ocrx_word' id='word_1_220' title='bbox 123 1505 226 1539; x_wconf 71' lang='grc' dir='ltr'>αγκοε</span> <span class='ocrx_word' id='word_1_221' title='bbox 249 1494 288 1534; x_wconf 80' lang='grc' dir='ltr'>ἐξ</span> <span class='ocrx_word' id='word_1_222' title='bbox 308 1492 475 1538; x_wconf 71' lang='grc' dir='ltr'>εὐσεβοῦς</span> <span class='ocrx_word' id='word_1_223' title='bbox 505 1495 642 1528; x_wconf 85' lang='grc' dir='ltr'>σκοποῦ</span> <span class='ocrx_word' id='word_1_224' title='bbox 666 1496 744 1527; x_wconf 73' lang='grc' dir='ltr'>ταῖς</span> <span class='ocrx_word' id='word_1_225' title='bbox 766 1491 788 1526; x_wconf 80' lang='grc' dir='ltr'>οἱ</span> <span class='ocrx_word' id='word_1_226' title='bbox 814 1494 986 1527; x_wconf 79' lang='grc' dir='ltr'>ιωτάταις</span> <span class='ocrx_word' id='word_1_227' title='bbox 1005 1491 1203 1535; x_wconf 71' lang='grc' dir='ltr'>ἐκκλησίαις</span> <span class='ocrx_word' id='word_1_228' title='bbox 1271 1494 1491 1530; x_wconf 83' lang='lat' dir='ltr'>correctione</span> <span class='ocrx_word' id='word_1_229' title='bbox 1515 1494 1776 1538; x_wconf 81' lang='lat' dir='ltr'>distinguimus,</span> <span class='ocrx_word' id='word_1_230' title='bbox 1823 1494 1968 1530; x_wconf 88' lang='lat' dir='ltr'>Dudum</span> <span class='ocrx_word' id='word_1_231' title='bbox 1996 1493 2167 1539; x_wconf 87' lang='lat' dir='ltr'>siquidem</span> <span class='ocrx_word' id='word_1_232' title='bbox 2197 1494 2352 1528; x_wconf 84' lang='lat' dir='ltr'>iussera-</span> 
     </span>
     <span class='ocr_line' id='line_1_24' title="bbox 122 1507 2353 1585; baseline 0.001 -14"><span class='ocrx_word' id='word_1_233' title='bbox 122 1543 181 1572; x_wconf 81' lang='grc' dir='ltr'>καὶ</span> <span class='ocrx_word' id='word_1_234' title='bbox 204 1542 277 1573; x_wconf 85' lang='grc' dir='ltr'>τοῖς</span> <span class='ocrx_word' id='word_1_235' title='bbox 299 1543 551 1585; x_wconf 76' lang='grc' dir='ltr'>μοναστηριόις</span> <span class='ocrx_word' id='word_1_236' title='bbox 581 1542 640 1572; x_wconf 80' lang='grc' dir='ltr'>καὶ</span> <span class='ocrx_word' id='word_1_237' title='bbox 663 1541 736 1572; x_wconf 88' lang='grc' dir='ltr'>τοῖς</span> <span class='ocrx_word' id='word_1_238' title='bbox 760 1507 880 1572; x_wconf 61' lang='grc' dir='ltr'>ἄλλοις</span> <span class='ocrx_word' id='word_1_239' title='bbox 911 1542 1118 1583; x_wconf 85' lang='grc' dir='ltr'>σεβασμίοις</span> <span class='ocrx_word' id='word_1_240' title='bbox 1141 1537 1202 1571; x_wconf 79' lang='grc' dir='ltr'>τό·</span> <span class='ocrx_word' id='word_1_241' title='bbox 1270 1550 1349 1575; x_wconf 85' lang='lat' dir='ltr'>mus</span> <span class='ocrx_word' id='word_1_242' title='bbox 1389 1540 1436 1576; x_wconf 77' lang='lat' dir='ltr'>ad</span> <span class='ocrx_word' id='word_1_243' title='bbox 1471 1543 1614 1575; x_wconf 86' lang='lat' dir='ltr'>centum</span> <span class='ocrx_word' id='word_1_244' title='bbox 1648 1540 1718 1575; x_wconf 87' lang='lat' dir='ltr'>illis</span> <span class='ocrx_word' id='word_1_245' title='bbox 1751 1550 1866 1576; x_wconf 80' lang='lat' dir='ltr'>annos</span> <span class='ocrx_word' id='word_1_246' title='bbox 1901 1538 2122 1584; x_wconf 84' lang='lat' dir='ltr'>exceptionis</span> <span class='ocrx_word' id='word_1_247' title='bbox 2160 1539 2353 1584; x_wconf 79' lang='lat' dir='ltr'>propagari</span> 
     </span>
     <span class='ocr_line' id='line_1_25' title="bbox 121 1581 1202 1630; baseline -0.001 -12"><span class='ocrx_word' id='word_1_248' title='bbox 121 1596 202 1619; x_wconf 83' lang='grc' dir='ltr'>ποις</span> <span class='ocrx_word' id='word_1_249' title='bbox 231 1585 269 1618; x_wconf 80' lang='grc' dir='ltr'>ἐκ</span> <span class='ocrx_word' id='word_1_250' title='bbox 299 1585 363 1627; x_wconf 81' lang='grc' dir='ltr'>τῆς</span> <span class='ocrx_word' id='word_1_251' title='bbox 385 1582 407 1627; x_wconf 84' lang='grc' dir='ltr'><em>ἡ</em></span> <span class='ocrx_word' id='word_1_252' title='bbox 437 1587 556 1630; x_wconf 79' lang='grc' dir='ltr'>ετέρας</span> <span class='ocrx_word' id='word_1_253' title='bbox 580 1582 776 1624; x_wconf 80' lang='grc' dir='ltr'>διατάξεως</span> <span class='ocrx_word' id='word_1_254' title='bbox 805 1581 987 1630; x_wconf 75' lang='grc' dir='ltr'>ἀναγκαίᾳ</span> <span class='ocrx_word' id='word_1_255' title='bbox 1008 1586 1083 1618; x_wconf 87' lang='grc' dir='ltr'>τινὶ</span> <span class='ocrx_word' id='word_1_256' title='bbox 1106 1582 1202 1627; x_wconf 78' lang='grc' dir='ltr'>διορ-</span> 
     </span>
     <span class='ocr_line' id='line_1_26' title="bbox 121 1599 1204 1675; baseline -0.001 -12"><span class='ocrx_word' id='word_1_257' title='bbox 121 1629 239 1663; x_wconf 70' lang='grc' dir='ltr'>θώσει</span> <span class='ocrx_word' id='word_1_258' title='bbox 264 1599 593 1675; x_wconf 66' lang='grc' dir='ltr'>διασφαλιιζόμεθα.</span> <span class='ocrx_word' id='word_1_259' title='bbox 641 1632 701 1663; x_wconf 85' lang='grc' dir='ltr'>καὶ</span> <span class='ocrx_word' id='word_1_260' title='bbox 717 1629 787 1675; x_wconf 84' lang='grc' dir='ltr'>γὰρ</span> <span class='ocrx_word' id='word_1_261' title='bbox 806 1627 873 1672; x_wconf 82' lang='grc' dir='ltr'>ἤδη</span> <span class='ocrx_word' id='word_1_262' title='bbox 894 1628 1008 1664; x_wconf 84' lang='grc' dir='ltr'>πάλαι</span> <span class='ocrx_word' id='word_1_263' title='bbox 1031 1627 1204 1662; x_wconf 78' lang='grc' dir='ltr'><em>έκεκελεύ·</em></span> 
     </span>
     <span class='ocr_line' id='line_1_27' title="bbox 121 1675 1261 1719; baseline 0.003 -12"><span class='ocrx_word' id='word_1_264' title='bbox 121 1688 240 1719; x_wconf 81' lang='grc' dir='ltr'>κειμεν</span> <span class='ocrx_word' id='word_1_265' title='bbox 272 1676 332 1709; x_wconf 81' lang='grc' dir='ltr'>ἐπὶ</span> <span class='ocrx_word' id='word_1_266' title='bbox 363 1675 496 1709; x_wconf 82' lang='grc' dir='ltr'>ἑκατὸν</span> <span class='ocrx_word' id='word_1_267' title='bbox 527 1675 709 1710; x_wconf 80' lang='grc' dir='ltr'>ἐνιαυτοὺς</span> <span class='ocrx_word' id='word_1_268' title='bbox 739 1677 812 1708; x_wconf 86' lang='grc' dir='ltr'>τοῖς</span> <span class='ocrx_word' id='word_1_269' title='bbox 840 1678 1050 1719; x_wconf 82' lang='grc' dir='ltr'>σεβασμίοις</span> <span class='ocrx_word' id='word_1_270' title='bbox 1079 1675 1205 1710; x_wconf 87' lang='grc' dir='ltr'>τόποις</span> <span class='ocrx_word' id='word_1_271' title='bbox 1218 1678 1261 1712; x_wconf 85' lang='grc'>25</span> 
     </span>
    </p>
   </div>
   <div class='ocr_carea' id='block_1_8' title="bbox 146 1060 1180 1109">
    <p class='ocr_par' dir='ltr' id='par_1_9' title="bbox 146 1060 1180 1109">
     <span class='ocr_line' id='line_1_28' title="bbox 146 1060 1180 1109; baseline -0.003 -11"><span class='ocrx_word' id='word_1_272' title='bbox 146 1063 200 1109; x_wconf 84' lang='grc' dir='ltr'>(Ὁ</span> <span class='ocrx_word' id='word_1_273' title='bbox 224 1061 332 1098; x_wconf 66' lang='grc' dir='ltr'>αὐτὸς</span> <span class='ocrx_word' id='word_1_274' title='bbox 355 1062 521 1109; x_wconf 83' lang='grc' dir='ltr'>βασιλεὺς</span> <span class='ocrx_word' id='word_1_275' title='bbox 545 1061 712 1106; x_wconf 76' lang='grc' dir='ltr'>Θεοδότῳ</span> <span class='ocrx_word' id='word_1_276' title='bbox 745 1063 891 1108; x_wconf 79' lang='grc' dir='ltr'>ἐπάρχῳ</span> <span class='ocrx_word' id='word_1_277' title='bbox 916 1060 1180 1108; x_wconf 80' lang='grc' dir='ltr'>πραιτωρίων.)</span> 
     </span>
    </p>
   </div>
   <div class='ocr_carea' id='block_1_9' title="bbox 100 1766 2353 2253">
    <p class='ocr_par' dir='ltr' id='par_1_10' title="bbox 100 1766 2353 2253">
     <span class='ocr_line' id='line_1_29' title="bbox 187 1766 2352 1811; baseline 0 -11"><span class='ocrx_word' id='word_1_278' title='bbox 187 1767 273 1800; x_wconf 82' lang='grc' dir='ltr'>Νου.</span> <span class='ocrx_word' id='word_1_279' title='bbox 305 1767 390 1800; x_wconf 86' lang='lat' dir='ltr'>CXI</span> <span class='ocrx_word' id='word_1_280' title='bbox 409 1767 570 1808; x_wconf 79' lang='lat' dir='ltr'>(Authent.</span> <span class='ocrx_word' id='word_1_281' title='bbox 599 1767 684 1800; x_wconf 86' lang='lat' dir='ltr'>CVI</span> <span class='ocrx_word' id='word_1_282' title='bbox 704 1783 747 1795; x_wconf 88' lang='lat'>=</span> <span class='ocrx_word' id='word_1_283' title='bbox 778 1766 858 1800; x_wconf 87' lang='lat' dir='ltr'>Coll.</span> <span class='ocrx_word' id='word_1_284' title='bbox 881 1766 974 1799; x_wconf 90' lang='lat' dir='ltr'>VIII</span> <span class='ocrx_word' id='word_1_285' title='bbox 994 1767 1090 1800; x_wconf 82' lang='lat' dir='ltr'>tit.7:</span> <span class='ocrx_word' id='word_1_286' title='bbox 1121 1767 1234 1810; x_wconf 79' lang='lat' dir='ltr'>yloss.)</span> <span class='ocrx_word' id='word_1_287' title='bbox 1266 1775 1296 1801; x_wconf 87' lang='lat' dir='ltr'>et</span> <span class='ocrx_word' id='word_1_288' title='bbox 1321 1768 1447 1802; x_wconf 81' lang='lat' dir='ltr'>Graece</span> <span class='ocrx_word' id='word_1_289' title='bbox 1478 1774 1508 1801; x_wconf 91' lang='lat' dir='ltr'>et</span> <span class='ocrx_word' id='word_1_290' title='bbox 1530 1767 1651 1801; x_wconf 81' lang='lat' dir='ltr'>Latine</span> <span class='ocrx_word' id='word_1_291' title='bbox 1680 1768 1804 1811; x_wconf 84' lang='lat' dir='ltr'>scripta</span> <span class='ocrx_word' id='word_1_292' title='bbox 1834 1774 1892 1808; x_wconf 78' lang='lat' dir='ltr'>est,</span> <span class='ocrx_word' id='word_1_293' title='bbox 1923 1768 1982 1800; x_wconf 87' lang='lat' dir='ltr'>sed</span> <span class='ocrx_word' id='word_1_294' title='bbox 2003 1767 2130 1801; x_wconf 88' lang='lat' dir='ltr'>Latina</span> <span class='ocrx_word' id='word_1_295' title='bbox 2161 1766 2233 1799; x_wconf 87' lang='lat' dir='ltr'>sola</span> <span class='ocrx_word' id='word_1_296' title='bbox 2265 1767 2352 1800; x_wconf 82' lang='lat' dir='ltr'>etin</span> 
     </span>
     <span class='ocr_line' id='line_1_30' title="bbox 100 1811 2352 1856; baseline -0.001 -9"><span class='ocrx_word' id='word_1_297' title='bbox 100 1845 102 1847; x_wconf 90' lang='lat'>.</span> <span class='ocrx_word' id='word_1_298' title='bbox 124 1812 205 1845; x_wconf 86' lang='lat' dir='ltr'>Coll.</span> <span class='ocrx_word' id='word_1_299' title='bbox 221 1812 284 1846; x_wconf 88' lang='grc'>168</span> <span class='ocrx_word' id='word_1_300' title='bbox 308 1812 506 1845; x_wconf 86' lang='lat' dir='ltr'>novellarum</span> <span class='ocrx_word' id='word_1_301' title='bbox 526 1820 655 1856; x_wconf 84' lang='lat' dir='ltr'>recepta</span> <span class='ocrx_word' id='word_1_302' title='bbox 675 1819 722 1846; x_wconf 85' lang='lat' dir='ltr'>est</span> <span class='ocrx_word' id='word_1_303' title='bbox 742 1819 770 1845; x_wconf 89' lang='lat' dir='ltr'>et</span> <span class='ocrx_word' id='word_1_304' title='bbox 785 1813 1050 1854; x_wconf 83' lang='lat' dir='ltr'>epitomatoribus</span> <span class='ocrx_word' id='word_1_305' title='bbox 1070 1813 1216 1846; x_wconf 84' lang='lat' dir='ltr'>innotuit.</span> <span class='ocrx_word' id='word_1_306' title='bbox 1258 1814 1419 1847; x_wconf 81' lang='lat' dir='ltr'>Servatur</span> <span class='ocrx_word' id='word_1_307' title='bbox 1435 1814 1469 1847; x_wconf 86' lang='lat' dir='ltr'>in</span> <span class='ocrx_word' id='word_1_308' title='bbox 1485 1813 1689 1853; x_wconf 53' lang='lat' dir='ltr'>Audenam,</span> <span class='ocrx_word' id='word_1_309' title='bbox 1713 1824 1852 1846; x_wconf 84' lang='lat' dir='ltr'>summas</span> <span class='ocrx_word' id='word_1_310' title='bbox 1868 1814 1987 1846; x_wconf 70' lang='lat' dir='ltr'>liabent</span> <span class='ocrx_word' id='word_1_311' title='bbox 2003 1813 2127 1846; x_wconf 82' lang='lat' dir='ltr'>Iulian.</span> <span class='ocrx_word' id='word_1_312' title='bbox 2142 1818 2239 1846; x_wconf 85' lang='lat' dir='ltr'>const.</span> <span class='ocrx_word' id='word_1_313' title='bbox 2258 1811 2352 1853; x_wconf 91' lang='lat' dir='ltr'><strong>CIV,</strong></span> 
     </span>
     <span class='ocr_line' id='line_1_31' title="bbox 122 1857 2351 1902; baseline 0 -12"><span class='ocrx_word' id='word_1_314' title='bbox 122 1857 242 1890; x_wconf 79' lang='lat' dir='ltr'>Theod.</span> <span class='ocrx_word' id='word_1_315' title='bbox 259 1859 320 1891; x_wconf 92' lang='lat'>111</span> <span class='ocrx_word' id='word_1_316' title='bbox 348 1858 449 1898; x_wconf 88' lang='lat' dir='ltr'>(cuius</span> <span class='ocrx_word' id='word_1_317' title='bbox 472 1870 623 1891; x_wconf 83' lang='lat' dir='ltr'>summam</span> <span class='ocrx_word' id='word_1_318' title='bbox 644 1858 757 1902; x_wconf 81' lang='lat' dir='ltr'>repetit</span> <span class='ocrx_word' id='word_1_319' title='bbox 772 1857 820 1898; x_wconf 88' lang='lat' dir='ltr'>L,</span> <span class='ocrx_word' id='word_1_320' title='bbox 843 1858 984 1900; x_wconf 75' lang='lat' dir='ltr'>priorem</span> <span class='ocrx_word' id='word_1_321' title='bbox 1001 1865 1126 1899; x_wconf 84' lang='lat' dir='ltr'>partem</span> <span class='ocrx_word' id='word_1_322' title='bbox 1148 1858 1328 1892; x_wconf 79' lang='lat' dir='ltr'>Prochiron</span> <span class='ocrx_word' id='word_1_323' title='bbox 1341 1860 1396 1900; x_wconf 87' lang='lat'>38,</span> <span class='ocrx_word' id='word_1_324' title='bbox 1411 1866 1459 1900; x_wconf 84' lang='grc'>60,</span> <span class='ocrx_word' id='word_1_325' title='bbox 1484 1859 1691 1902; x_wconf 73' lang='lat' dir='ltr'>Epanaqoye</span> <span class='ocrx_word' id='word_1_326' title='bbox 1705 1859 1758 1898; x_wconf 89' lang='lat'>39,</span> <span class='ocrx_word' id='word_1_327' title='bbox 1773 1865 1820 1896; x_wconf 84' lang='lat'>59,</span> <span class='ocrx_word' id='word_1_328' title='bbox 1846 1858 1882 1891; x_wconf 91' lang='grc' dir='ltr'><em>Β</em></span> <span class='ocrx_word' id='word_1_329' title='bbox 1897 1859 1927 1899; x_wconf 88' lang='grc'>5,</span> <span class='ocrx_word' id='word_1_330' title='bbox 1939 1865 1966 1899; x_wconf 83' lang='lat'>2,</span> <span class='ocrx_word' id='word_1_331' title='bbox 1981 1865 2013 1892; x_wconf 87' lang='grc'>16</span> <span class='ocrx_word' id='word_1_332' title='bbox 2026 1865 2056 1891; x_wconf 84' lang='lat' dir='ltr'>et</span> <span class='ocrx_word' id='word_1_333' title='bbox 2068 1858 2137 1900; x_wconf 90' lang='lat' dir='ltr'>M),</span> <span class='ocrx_word' id='word_1_334' title='bbox 2159 1857 2279 1890; x_wconf 77' lang='lat' dir='ltr'>Athan.</span> <span class='ocrx_word' id='word_1_335' title='bbox 2295 1858 2351 1899; x_wconf 86' lang='lat'>2‚5</span> 
     </span>
     <span class='ocr_line' id='line_1_32' title="bbox 120 1899 2353 1950; baseline 0 -14"><span class='ocrx_word' id='word_1_336' title='bbox 120 1904 207 1943; x_wconf 86' lang='lat' dir='ltr'>(inde</span> <span class='ocrx_word' id='word_1_337' title='bbox 235 1902 314 1936; x_wconf 87' lang='lat' dir='ltr'>Coll.</span> <span class='ocrx_word' id='word_1_338' title='bbox 340 1911 436 1936; x_wconf 85' lang='lat' dir='ltr'>const.</span> <span class='ocrx_word' id='word_1_339' title='bbox 463 1904 538 1936; x_wconf 84' lang='lat' dir='ltr'>eccl.</span> <span class='ocrx_word' id='word_1_340' title='bbox 563 1903 627 1937; x_wconf 92' lang='lat' dir='ltr'>III</span> <span class='ocrx_word' id='word_1_341' title='bbox 648 1904 684 1945; x_wconf 85' lang='lat'>2,</span> <span class='ocrx_word' id='word_1_342' title='bbox 703 1911 735 1941; x_wconf 83' lang='lat'>5;</span> <span class='ocrx_word' id='word_1_343' title='bbox 769 1903 850 1936; x_wconf 87' lang='lat' dir='ltr'>liber</span> <span class='ocrx_word' id='word_1_344' title='bbox 873 1904 955 1947; x_wconf 84' lang='grc' dir='ltr'>περὶ</span> <span class='ocrx_word' id='word_1_345' title='bbox 979 1899 1170 1948; x_wconf 83' lang='grc' dir='ltr'>διαφόρων</span> <span class='ocrx_word' id='word_1_346' title='bbox 1193 1899 1493 1950; x_wconf 78' lang='grc' dir='ltr'>ἀναγνωσμάτων</span> <span class='ocrx_word' id='word_1_347' title='bbox 1517 1905 1537 1946; x_wconf 79' lang='lat'>§</span> <span class='ocrx_word' id='word_1_348' title='bbox 1559 1905 1604 1945; x_wconf 89' lang='lat'>3),</span> <span class='ocrx_word' id='word_1_349' title='bbox 1641 1900 1767 1937; x_wconf 60' lang='lat' dir='ltr'>‘stoma&#39;</span> <span class='ocrx_word' id='word_1_350' title='bbox 1787 1903 1843 1945; x_wconf 87' lang='lat'>42,</span> <span class='ocrx_word' id='word_1_351' title='bbox 1863 1911 1890 1937; x_wconf 82' lang='lat'>7.</span> <span class='ocrx_word' id='word_1_352' title='bbox 1919 1922 1966 1928; x_wconf 90' lang='lat'>—-</span> <span class='ocrx_word' id='word_1_353' title='bbox 2005 1903 2164 1937; x_wconf 86' lang='lat' dir='ltr'>Graecum</span> <span class='ocrx_word' id='word_1_354' title='bbox 2190 1904 2353 1946; x_wconf 76' lang='lat' dir='ltr'>exemplar</span> 
     </span>
     <span class='ocr_line' id='line_1_33' title="bbox 120 1946 2352 1995; baseline -0 -14"><span class='ocrx_word' id='word_1_355' title='bbox 120 1950 258 1981; x_wconf 87' lang='lat' dir='ltr'>servavit</span> <span class='ocrx_word' id='word_1_356' title='bbox 282 1948 327 1981; x_wconf 92' lang='lat' dir='ltr'><em>M</em></span> <span class='ocrx_word' id='word_1_357' title='bbox 351 1949 384 1981; x_wconf 89' lang='lat' dir='ltr'>in</span> <span class='ocrx_word' id='word_1_358' title='bbox 416 1950 595 1991; x_wconf 83' lang='lat' dir='ltr'>appendice</span> <span class='ocrx_word' id='word_1_359' title='bbox 626 1950 813 1982; x_wconf 87' lang='lat' dir='ltr'>Edictorum</span> <span class='ocrx_word' id='word_1_360' title='bbox 841 1948 1020 1981; x_wconf 88' lang='lat' dir='ltr'>Iustiniani</span> <span class='ocrx_word' id='word_1_361' title='bbox 1039 1950 1072 1992; x_wconf 91' lang='lat' dir='ltr'>f.</span> <span class='ocrx_word' id='word_1_362' title='bbox 1099 1950 1181 1983; x_wconf 80' lang='lat'>393&#39;</span> <span class='ocrx_word' id='word_1_363' title='bbox 1205 1950 1270 1983; x_wconf 79' lang='lat' dir='ltr'>Ed.</span> <span class='ocrx_word' id='word_1_364' title='bbox 1293 1950 1332 1990; x_wconf 89' lang='lat' dir='ltr'>V,</span> <span class='ocrx_word' id='word_1_365' title='bbox 1368 1952 1420 1983; x_wconf 82' lang='lat' dir='ltr'>cui</span> <span class='ocrx_word' id='word_1_366' title='bbox 1450 1951 1555 1992; x_wconf 84' lang='lat' dir='ltr'>inepte</span> <span class='ocrx_word' id='word_1_367' title='bbox 1585 1951 1771 1983; x_wconf 73' lang='lat' dir='ltr'>inscribitur</span> <span class='ocrx_word' id='word_1_368' title='bbox 1794 1950 1885 1995; x_wconf 82' lang='grc' dir='ltr'>Περὶ</span> <span class='ocrx_word' id='word_1_369' title='bbox 1915 1946 2142 1995; x_wconf 77' lang='grc' dir='ltr'>λιτιγιόσων·</span> <span class='ocrx_word' id='word_1_370' title='bbox 2177 1949 2238 1981; x_wconf 86' lang='grc' dir='ltr'>καὶ</span> <span class='ocrx_word' id='word_1_371' title='bbox 2269 1950 2352 1991; x_wconf 80' lang='grc' dir='ltr'>περὶ</span> 
     </span>
     <span class='ocr_line' id='line_1_34' title="bbox 121 1989 2352 2041; baseline 0 -16"><span class='ocrx_word' id='word_1_372' title='bbox 121 1989 315 2038; x_wconf 77' lang='grc' dir='ltr'>ἀσφαλείας</span> <span class='ocrx_word' id='word_1_373' title='bbox 338 1989 383 2036; x_wconf 73' lang='grc' dir='ltr'>ἣν</span> <span class='ocrx_word' id='word_1_374' title='bbox 407 1990 461 2027; x_wconf 82' lang='grc' dir='ltr'>δεῖ</span> <span class='ocrx_word' id='word_1_375' title='bbox 482 1995 599 2027; x_wconf 83' lang='grc' dir='ltr'>ποιεῖν</span> <span class='ocrx_word' id='word_1_376' title='bbox 622 1992 703 2027; x_wconf 80' lang='grc' dir='ltr'>τοὺς</span> <span class='ocrx_word' id='word_1_377' title='bbox 726 1991 921 2037; x_wconf 77' lang='grc' dir='ltr'>ἐνάγοντας</span> <span class='ocrx_word' id='word_1_378' title='bbox 944 1992 1014 2038; x_wconf 79' lang='grc' dir='ltr'>πρὸ</span> <span class='ocrx_word' id='word_1_379' title='bbox 1033 1993 1095 2036; x_wconf 78' lang='grc' dir='ltr'>τῆς</span> <span class='ocrx_word' id='word_1_380' title='bbox 1119 1995 1195 2027; x_wconf 80' lang='grc' dir='ltr'>τῶν</span> <span class='ocrx_word' id='word_1_381' title='bbox 1211 1995 1442 2041; x_wconf 80' lang='grc' dir='ltr'>ἐναγομένων</span> <span class='ocrx_word' id='word_1_382' title='bbox 1466 1991 1719 2038; x_wconf 83' lang='grc' dir='ltr'>ὑπομνήσεως,</span> <span class='ocrx_word' id='word_1_383' title='bbox 1746 2007 1828 2037; x_wconf 82' lang='lat' dir='ltr'>quae</span> <span class='ocrx_word' id='word_1_384' title='bbox 1846 2002 1892 2027; x_wconf 84' lang='lat' dir='ltr'>est</span> <span class='ocrx_word' id='word_1_385' title='bbox 1915 1996 2048 2028; x_wconf 79' lang='lat' dir='ltr'>rubrica</span> <span class='ocrx_word' id='word_1_386' title='bbox 2071 1995 2216 2028; x_wconf 85' lang='lat' dir='ltr'>novellae</span> <span class='ocrx_word' id='word_1_387' title='bbox 2237 1994 2352 2027; x_wconf 84' lang='lat' dir='ltr'><strong>CXII.</strong></span> 
     </span>
     <span class='ocr_line' id='line_1_35' title="bbox 121 2039 2352 2083; baseline 0 -12"><span class='ocrx_word' id='word_1_388' title='bbox 121 2039 281 2072; x_wconf 84' lang='lat' dir='ltr'>Nimirum</span> <span class='ocrx_word' id='word_1_389' title='bbox 305 2040 494 2082; x_wconf 81' lang='lat' dir='ltr'>compilator</span> <span class='ocrx_word' id='word_1_390' title='bbox 517 2040 708 2083; x_wconf 84' lang='lat' dir='ltr'>appendicis</span> <span class='ocrx_word' id='word_1_391' title='bbox 733 2040 821 2072; x_wconf 85' lang='lat' dir='ltr'>illius</span> <span class='ocrx_word' id='word_1_392' title='bbox 845 2051 884 2072; x_wconf 72' lang='lat' dir='ltr'>ex</span> <span class='ocrx_word' id='word_1_393' title='bbox 908 2051 1040 2082; x_wconf 88' lang='lat' dir='ltr'>corpore</span> <span class='ocrx_word' id='word_1_394' title='bbox 1068 2040 1131 2073; x_wconf 89' lang='grc'>168</span> <span class='ocrx_word' id='word_1_395' title='bbox 1155 2042 1354 2074; x_wconf 81' lang='lat' dir='ltr'>novellarum</span> <span class='ocrx_word' id='word_1_396' title='bbox 1378 2042 1539 2075; x_wconf 81' lang='lat' dir='ltr'>rubricam</span> <span class='ocrx_word' id='word_1_397' title='bbox 1564 2053 1634 2073; x_wconf 87' lang='lat' dir='ltr'>nov.</span> <span class='ocrx_word' id='word_1_398' title='bbox 1653 2040 1740 2073; x_wconf 87' lang='lat' dir='ltr'><strong>CXI</strong></span> <span class='ocrx_word' id='word_1_399' title='bbox 1756 2041 1918 2083; x_wconf 83' lang='lat' dir='ltr'>petiturus</span> <span class='ocrx_word' id='word_1_400' title='bbox 1942 2040 2039 2083; x_wconf 82' lang='lat' dir='ltr'>(quae</span> <span class='ocrx_word' id='word_1_401' title='bbox 2064 2041 2097 2073; x_wconf 90' lang='lat' dir='ltr'>in</span> <span class='ocrx_word' id='word_1_402' title='bbox 2122 2040 2168 2073; x_wconf 90' lang='lat' dir='ltr'><em>M</em></span> <span class='ocrx_word' id='word_1_403' title='bbox 2186 2041 2352 2080; x_wconf 83' lang='lat' dir='ltr'>omittitur)</span> 
     </span>
     <span class='ocr_line' id='line_1_36' title="bbox 118 2084 2352 2129; baseline 0 -13"><span class='ocrx_word' id='word_1_404' title='bbox 118 2084 260 2126; x_wconf 85' lang='lat' dir='ltr'>proclivi</span> <span class='ocrx_word' id='word_1_405' title='bbox 282 2096 388 2117; x_wconf 91' lang='lat' dir='ltr'>errore</span> <span class='ocrx_word' id='word_1_406' title='bbox 411 2085 571 2118; x_wconf 83' lang='lat' dir='ltr'>rubricam</span> <span class='ocrx_word' id='word_1_407' title='bbox 597 2085 740 2117; x_wconf 85' lang='lat' dir='ltr'>novellae</span> <span class='ocrx_word' id='word_1_408' title='bbox 763 2085 924 2126; x_wconf 82' lang='lat' dir='ltr'>sequentis</span> <span class='ocrx_word' id='word_1_409' title='bbox 949 2085 1088 2118; x_wconf 83' lang='lat' dir='ltr'>adscivit</span> <span class='ocrx_word' id='word_1_410' title='bbox 1111 2086 1170 2125; x_wconf 78' lang='lat' dir='ltr'>(ita</span> <span class='ocrx_word' id='word_1_411' title='bbox 1194 2086 1320 2119; x_wconf 89' lang='lat' dir='ltr'>Biener</span> <span class='ocrx_word' id='word_1_412' title='bbox 1348 2086 1462 2121; x_wconf 73' lang='lat' dir='ltr'>Gesclz.</span> <span class='ocrx_word' id='word_1_413' title='bbox 1488 2087 1547 2119; x_wconf 86' lang='lat' dir='ltr'>der</span> <span class='ocrx_word' id='word_1_414' title='bbox 1570 2085 1655 2119; x_wconf 89' lang='lat' dir='ltr'>Nov.</span> <span class='ocrx_word' id='word_1_415' title='bbox 1672 2087 1745 2119; x_wconf 89' lang='lat'>115.</span> <span class='ocrx_word' id='word_1_416' title='bbox 1773 2086 1837 2119; x_wconf 91' lang='grc'>116</span> <span class='ocrx_word' id='word_1_417' title='bbox 1861 2098 1925 2119; x_wconf 86' lang='lat' dir='ltr'>rem</span> <span class='ocrx_word' id='word_1_418' title='bbox 1950 2086 2092 2129; x_wconf 79' lang='lat' dir='ltr'>explicat</span> <span class='ocrx_word' id='word_1_419' title='bbox 2114 2086 2232 2119; x_wconf 83' lang='lat' dir='ltr'>rectius</span> <span class='ocrx_word' id='word_1_420' title='bbox 2256 2097 2352 2128; x_wconf 83' lang='lat' dir='ltr'>quam</span> 
     </span>
     <span class='ocr_line' id='line_1_37' title="bbox 122 2125 2353 2175; baseline 0 -13"><span class='ocrx_word' id='word_1_421' title='bbox 122 2129 319 2170; x_wconf 78' lang='lat' dir='ltr'>Zachariae,</span> <span class='ocrx_word' id='word_1_422' title='bbox 342 2131 397 2162; x_wconf 88' lang='lat' dir='ltr'>cui</span> <span class='ocrx_word' id='word_1_423' title='bbox 418 2141 488 2162; x_wconf 83' lang='lat' dir='ltr'>nov.</span> <span class='ocrx_word' id='word_1_424' title='bbox 519 2129 625 2163; x_wconf 84' lang='lat' dir='ltr'><strong>CXII</strong></span> <span class='ocrx_word' id='word_1_425' title='bbox 644 2136 673 2162; x_wconf 92' lang='lat' dir='ltr'>et</span> <span class='ocrx_word' id='word_1_426' title='bbox 695 2131 769 2172; x_wconf 83' lang='lat' dir='ltr'>ipsa</span> <span class='ocrx_word' id='word_1_427' title='bbox 791 2125 887 2162; x_wconf 84' lang='lat' dir='ltr'>‘inter</span> <span class='ocrx_word' id='word_1_428' title='bbox 907 2129 1029 2162; x_wconf 84' lang='lat' dir='ltr'>Edicta</span> <span class='ocrx_word' id='word_1_429' title='bbox 1052 2129 1231 2163; x_wconf 84' lang='lat' dir='ltr'>Iustiniani</span> <span class='ocrx_word' id='word_1_430' title='bbox 1254 2132 1327 2164; x_wconf 85' lang='lat' dir='ltr'>olim</span> <span class='ocrx_word' id='word_1_431' title='bbox 1352 2132 1511 2165; x_wconf 83' lang='lat' dir='ltr'>collocata</span> <span class='ocrx_word' id='word_1_432' title='bbox 1526 2132 1653 2175; x_wconf 86' lang='lat' dir='ltr'>fuisse,</span> <span class='ocrx_word' id='word_1_433' title='bbox 1686 2132 1719 2164; x_wconf 87' lang='lat' dir='ltr'>in</span> <span class='ocrx_word' id='word_1_434' title='bbox 1753 2131 1869 2165; x_wconf 86' lang='lat' dir='ltr'>Veneto</span> <span class='ocrx_word' id='word_1_435' title='bbox 1900 2138 2005 2165; x_wconf 82' lang='lat' dir='ltr'>autem</span> <span class='ocrx_word' id='word_1_436' title='bbox 2029 2143 2096 2164; x_wconf 86' lang='lat' dir='ltr'>una</span> <span class='ocrx_word' id='word_1_437' title='bbox 2127 2143 2195 2164; x_wconf 88' lang='lat' dir='ltr'>cum</span> <span class='ocrx_word' id='word_1_438' title='bbox 2219 2131 2353 2163; x_wconf 86' lang='lat' dir='ltr'>rubrica</span> 
     </span>
     <span class='ocr_line' id='line_1_38' title="bbox 122 2172 2352 2219; baseline 0 -12"><span class='ocrx_word' id='word_1_439' title='bbox 122 2181 152 2207; x_wconf 88' lang='lat' dir='ltr'>et</span> <span class='ocrx_word' id='word_1_440' title='bbox 175 2175 381 2217; x_wconf 78' lang='lat' dir='ltr'>inscriptione</span> <span class='ocrx_word' id='word_1_441' title='bbox 405 2181 534 2208; x_wconf 80' lang='lat' dir='ltr'>nostrae</span> <span class='ocrx_word' id='word_1_442' title='bbox 556 2175 791 2208; x_wconf 70' lang='lat' dir='ltr'>constitutionis</span> <span class='ocrx_word' id='word_1_443' title='bbox 816 2174 973 2207; x_wconf 75' lang='lat' dir='ltr'>excidisse</span> <span class='ocrx_word' id='word_1_444' title='bbox 995 2172 1164 2216; x_wconf 82' lang='lat' dir='ltr'>videtur’).</span> <span class='ocrx_word' id='word_1_445' title='bbox 1214 2175 1348 2208; x_wconf 65' lang='lat' dir='ltr'>Tem-tum</span> <span class='ocrx_word' id='word_1_446' title='bbox 1376 2176 1537 2210; x_wconf 83' lang='lat' dir='ltr'>Graecum</span> <span class='ocrx_word' id='word_1_447' title='bbox 1570 2177 1643 2209; x_wconf 82' lang='lat' dir='ltr'>licet</span> <span class='ocrx_word' id='word_1_448' title='bbox 1672 2188 1694 2208; x_wconf 90' lang='lat' dir='ltr'>a</span> <span class='ocrx_word' id='word_1_449' title='bbox 1722 2187 1857 2219; x_wconf 86' lang='lat' dir='ltr'>corpore</span> <span class='ocrx_word' id='word_1_450' title='bbox 1884 2177 1946 2211; x_wconf 86' lang='lat'>168</span> <span class='ocrx_word' id='word_1_451' title='bbox 1980 2176 2179 2210; x_wconf 83' lang='lat' dir='ltr'>novellarum</span> <span class='ocrx_word' id='word_1_452' title='bbox 2212 2177 2352 2209; x_wconf 82' lang='lat' dir='ltr'>alienum</span> 
     </span>
     <span class='ocr_line' id='line_1_39' title="bbox 123 2220 483 2253; baseline 0.003 -1"><span class='ocrx_word' id='word_1_453' title='bbox 123 2220 154 2252; x_wconf 85' lang='grc' dir='ltr'>Ιι.</span> <span class='ocrx_word' id='word_1_454' title='bbox 175 2220 196 2252; x_wconf 83' lang='lat'>1.</span> <span class='ocrx_word' id='word_1_455' title='bbox 220 2222 361 2253; x_wconf 88' lang='lat' dir='ltr'>omittere</span> <span class='ocrx_word' id='word_1_456' title='bbox 385 2220 483 2253; x_wconf 85' lang='lat' dir='ltr'>nolui.</span> 
     </span>
    </p>
   </div>
   <div class='ocr_carea' id='block_1_10' title="bbox 124 2304 2353 2400">
    <p class='ocr_par' dir='ltr' id='par_1_11' title="bbox 124 2304 2353 2400">
     <span class='ocr_line' id='line_1_40' title="bbox 259 2304 2353 2354; baseline 0.001 -13"><span class='ocrx_word' id='word_1_457' title='bbox 259 2305 498 2354; x_wconf 76' lang='lat' dir='ltr'>Epiloqus.</span> <span class='ocrx_word' id='word_1_458' title='bbox 546 2305 646 2349; x_wconf 82' lang='lat' dir='ltr'>Quae</span> <span class='ocrx_word' id='word_1_459' title='bbox 669 2306 783 2352; x_wconf 76' lang='lat' dir='ltr'>iqitur</span> <span class='ocrx_word' id='word_1_460' title='bbox 805 2304 909 2340; x_wconf 87' lang='lat' dir='ltr'>nobis</span> <span class='ocrx_word' id='word_1_461' title='bbox 925 2304 1149 2351; x_wconf 82' lang='lat' dir='ltr'>placuerunt</span> <span class='ocrx_word' id='word_1_462' title='bbox 1170 2310 1206 2342; x_wconf 89' lang='lat' dir='ltr'>et</span> <span class='ocrx_word' id='word_1_463' title='bbox 1218 2317 1291 2353; x_wconf 86' lang='lat' dir='ltr'>per</span> <span class='ocrx_word' id='word_1_464' title='bbox 1314 2306 1408 2342; x_wconf 70' lang='lat' dir='ltr'>lianc</span> <span class='ocrx_word' id='word_1_465' title='bbox 1431 2316 1574 2342; x_wconf 90' lang='lat' dir='ltr'>sacram</span> <span class='ocrx_word' id='word_1_466' title='bbox 1598 2307 1711 2352; x_wconf 75' lang='lat' dir='ltr'>leqem</span> <span class='ocrx_word' id='word_1_467' title='bbox 1734 2306 1970 2342; x_wconf 79' lang='lat' dir='ltr'>declarantur</span> <span class='ocrx_word' id='word_1_468' title='bbox 1993 2311 2057 2342; x_wconf 83' lang='lat' dir='ltr'>tua</span> <span class='ocrx_word' id='word_1_469' title='bbox 2079 2307 2281 2344; x_wconf 84' lang='lat' dir='ltr'>sublimitas</span> <span class='ocrx_word' id='word_1_470' title='bbox 2304 2308 2353 2343; x_wconf 86' lang='lat' dir='ltr'>ad</span> 
     </span>
     <span class='ocr_line' id='line_1_41' title="bbox 124 2350 859 2400; baseline -0.004 -12"><span class='ocrx_word' id='word_1_471' title='bbox 124 2363 216 2400; x_wconf 87' lang='lat' dir='ltr'>opus</span> <span class='ocrx_word' id='word_1_472' title='bbox 239 2353 477 2399; x_wconf 84' lang='lat' dir='ltr'>effectumque</span> <span class='ocrx_word' id='word_1_473' title='bbox 500 2351 681 2387; x_wconf 83' lang='lat' dir='ltr'>adducere</span> <span class='ocrx_word' id='word_1_474' title='bbox 703 2350 859 2386; x_wconf 79' lang='lat' dir='ltr'>studeat.</span> 
     </span>
    </p>
   </div>
   <div class='ocr_carea' id='block_1_11' title="bbox 1190 2482 1283 2519">
    <p class='ocr_par' dir='ltr' id='par_1_12' title="bbox 1190 2482 1283 2519">
     <span class='ocr_line' id='line_1_42' title="bbox 1190 2482 1283 2519; baseline 0 0"><span class='ocrx_word' id='word_1_475' title='bbox 1190 2482 1283 2519; x_wconf 86' lang='lat' dir='ltr'><strong>CXI.</strong></span> 
     </span>
    </p>
   </div>
   <div class='ocr_carea' id='block_1_12' title="bbox 127 2551 2354 2674">
    <p class='ocr_par' dir='ltr' id='par_1_13' title="bbox 127 2551 2354 2674">
     <span class='ocr_line' id='line_1_43' title="bbox 127 2551 2354 2614; baseline 0.001 -8"><span class='ocrx_word' id='word_1_476' title='bbox 127 2553 579 2607; x_wconf 86' lang='lat' dir='ltr'><strong>CONSTITIJTIO</strong></span> <span class='ocrx_word' id='word_1_477' title='bbox 623 2552 810 2614; x_wconf 77' lang='lat' dir='ltr'><em>QUAE</em></span> <span class='ocrx_word' id='word_1_478' title='bbox 851 2551 1136 2604; x_wconf 76' lang='lat' dir='ltr'><em>CENTUM</em></span> <span class='ocrx_word' id='word_1_479' title='bbox 1163 2551 1516 2604; x_wconf 81' lang='lat' dir='ltr'><em>ANNORUM</em></span> <span class='ocrx_word' id='word_1_480' title='bbox 1550 2553 2228 2607; x_wconf 65' lang='lat' dir='ltr'><em>PRAESCRJWJONEM</em></span> <span class='ocrx_word' id='word_1_481' title='bbox 2267 2556 2354 2608; x_wconf 83' lang='lat' dir='ltr'>IN</span> 
     </span>
     <span class='ocr_line' id='line_1_44' title="bbox 749 2619 1720 2674; baseline 0.002 -2"><span class='ocrx_word' id='word_1_482' title='bbox 749 2619 1065 2672; x_wconf 87' lang='lat' dir='ltr'><strong>AEDIBUS</strong></span> <span class='ocrx_word' id='word_1_483' title='bbox 1096 2620 1347 2671; x_wconf 83' lang='lat' dir='ltr'><strong>SACRIS</strong></span> <span class='ocrx_word' id='word_1_484' title='bbox 1378 2620 1720 2674; x_wconf 79' lang='lat' dir='ltr'>ABROGAT.</span> 
     </span>
    </p>
   </div>
   <div class='ocr_carea' id='block_1_13' title="bbox 122 2709 2350 2984">
    <p class='ocr_par' dir='ltr' id='par_1_14' title="bbox 122 2709 2350 2984">
     <span class='ocr_line' id='line_1_45' title="bbox 258 2709 2349 2767; baseline 0.001 -19"><span class='ocrx_word' id='word_1_485' title='bbox 258 2711 521 2758; x_wconf 84' lang='lat' dir='ltr'>Praefatio.</span> <span class='ocrx_word' id='word_1_486' title='bbox 569 2709 676 2754; x_wconf 80' lang='lat' dir='ltr'>Quod</span> <span class='ocrx_word' id='word_1_487' title='bbox 698 2710 956 2747; x_wconf 86' lang='lat' dir='ltr'>medicamenta</span> <span class='ocrx_word' id='word_1_488' title='bbox 980 2710 1133 2755; x_wconf 80' lang='lat' dir='ltr'>morbis,</span> <span class='ocrx_word' id='word_1_489' title='bbox 1164 2710 1203 2745; x_wconf 82' lang='lat' dir='ltr'>id</span> <span class='ocrx_word' id='word_1_490' title='bbox 1233 2709 1329 2756; x_wconf 74' lang='lat' dir='ltr'>leqes</span> <span class='ocrx_word' id='word_1_491' title='bbox 1356 2715 1549 2757; x_wconf 79' lang='lat' dir='ltr'>praestant</span> <span class='ocrx_word' id='word_1_492' title='bbox 1575 2713 1704 2749; x_wconf 79' lang='lat' dir='ltr'>causis.</span> <span class='ocrx_word' id='word_1_493' title='bbox 1756 2712 1856 2749; x_wconf 85' lang='lat' dir='ltr'>Unde</span> <span class='ocrx_word' id='word_1_494' title='bbox 1878 2724 2100 2767; x_wconf 80' lang='lat' dir='ltr'>consequens</span> <span class='ocrx_word' id='word_1_495' title='bbox 2130 2717 2185 2750; x_wconf 84' lang='lat' dir='ltr'>est</span> <span class='ocrx_word' id='word_1_496' title='bbox 2212 2714 2349 2751; x_wconf 83' lang='lat' dir='ltr'>intelle-</span> 
     </span>
     <span class='ocr_line' id='line_1_46' title="bbox 123 2754 2350 2807; baseline 0 -12"><span class='ocrx_word' id='word_1_497' title='bbox 123 2770 219 2807; x_wconf 60' lang='grc' dir='ltr'>μονα,</span> <span class='ocrx_word' id='word_1_498' title='bbox 249 2769 360 2805; x_wconf 84' lang='lat' dir='ltr'>saepe</span> <span class='ocrx_word' id='word_1_499' title='bbox 382 2769 425 2793; x_wconf 90' lang='lat' dir='ltr'>ea</span> <span class='ocrx_word' id='word_1_500' title='bbox 449 2767 543 2803; x_wconf 84' lang='lat' dir='ltr'>quae</span> <span class='ocrx_word' id='word_1_501' title='bbox 572 2756 617 2792; x_wconf 86' lang='lat' dir='ltr'>ab</span> <span class='ocrx_word' id='word_1_502' title='bbox 642 2756 766 2802; x_wconf 76' lang='lat' dir='ltr'>aliquo</span> <span class='ocrx_word' id='word_1_503' title='bbox 790 2758 951 2803; x_wconf 85' lang='lat' dir='ltr'>probata</span> <span class='ocrx_word' id='word_1_504' title='bbox 979 2757 1053 2792; x_wconf 84' lang='lat' dir='ltr'>sint</span> <span class='ocrx_word' id='word_1_505' title='bbox 1083 2754 1304 2792; x_wconf 85' lang='lat' dir='ltr'>contrarium</span> <span class='ocrx_word' id='word_1_506' title='bbox 1334 2755 1501 2792; x_wconf 77' lang='lat' dir='ltr'>habuisse</span> <span class='ocrx_word' id='word_1_507' title='bbox 1531 2757 1716 2804; x_wconf 81' lang='lat' dir='ltr'>effectum,</span> <span class='ocrx_word' id='word_1_508' title='bbox 1748 2762 1785 2794; x_wconf 83' lang='lat' dir='ltr'>et</span> <span class='ocrx_word' id='word_1_509' title='bbox 1815 2759 1914 2805; x_wconf 80' lang='lat' dir='ltr'>quod</span> <span class='ocrx_word' id='word_1_510' title='bbox 1936 2771 2108 2806; x_wconf 72' lang='lat' dir='ltr'>cuiusque</span> <span class='ocrx_word' id='word_1_511' title='bbox 2139 2760 2350 2796; x_wconf 86' lang='lat' dir='ltr'>coniectura</span> 
     </span>
     <span class='ocr_line' id='line_1_47' title="bbox 123 2801 2348 2851; baseline 0 -10"><span class='ocrx_word' id='word_1_512' title='bbox 123 2805 211 2841; x_wconf 81' lang='lat' dir='ltr'>utile</span> <span class='ocrx_word' id='word_1_513' title='bbox 233 2815 310 2840; x_wconf 83' lang='lat' dir='ltr'>esse</span> <span class='ocrx_word' id='word_1_514' title='bbox 333 2802 535 2844; x_wconf 79' lang='lat' dir='ltr'>crediderit,</span> <span class='ocrx_word' id='word_1_515' title='bbox 561 2812 611 2838; x_wconf 83' lang='lat' dir='ltr'>eoe</span> <span class='ocrx_word' id='word_1_516' title='bbox 634 2803 715 2848; x_wconf 85' lang='lat' dir='ltr'>ipsa</span> <span class='ocrx_word' id='word_1_517' title='bbox 738 2803 968 2848; x_wconf 79' lang='lat' dir='ltr'>experientia</span> <span class='ocrx_word' id='word_1_518' title='bbox 993 2802 1118 2838; x_wconf 81' lang='lat' dir='ltr'>inutile</span> <span class='ocrx_word' id='word_1_519' title='bbox 1141 2804 1322 2847; x_wconf 86' lang='lat' dir='ltr'>repertum</span> <span class='ocrx_word' id='word_1_520' title='bbox 1345 2812 1432 2837; x_wconf 88' lang='lat' dir='ltr'>esse.</span> <span class='ocrx_word' id='word_1_521' title='bbox 1484 2801 1646 2839; x_wconf 80' lang='lat' dir='ltr'>Ostendit</span> <span class='ocrx_word' id='word_1_522' title='bbox 1670 2803 1738 2839; x_wconf 76' lang='lat' dir='ltr'>hoc</span> <span class='ocrx_word' id='word_1_523' title='bbox 1761 2804 1869 2840; x_wconf 84' lang='lat' dir='ltr'>etiam</span> <span class='ocrx_word' id='word_1_524' title='bbox 1886 2805 2095 2851; x_wconf 81' lang='lat' dir='ltr'>praesentis</span> <span class='ocrx_word' id='word_1_525' title='bbox 2119 2805 2208 2851; x_wconf 73' lang='lat' dir='ltr'>leqis</span> <span class='ocrx_word' id='word_1_526' title='bbox 2231 2816 2348 2841; x_wconf 87' lang='lat' dir='ltr'>neces-</span> 
     </span>
     <span class='ocr_line' id='line_1_48' title="bbox 122 2846 2350 2895; baseline 0 -9"><span class='ocrx_word' id='word_1_527' title='bbox 122 2853 230 2892; x_wconf 81' lang='lat' dir='ltr'>sitas,</span> <span class='ocrx_word' id='word_1_528' title='bbox 261 2849 390 2895; x_wconf 80' lang='lat' dir='ltr'>quibus</span> <span class='ocrx_word' id='word_1_529' title='bbox 413 2848 457 2884; x_wconf 88' lang='lat' dir='ltr'>de</span> <span class='ocrx_word' id='word_1_530' title='bbox 480 2847 587 2883; x_wconf 85' lang='lat' dir='ltr'>rebus</span> <span class='ocrx_word' id='word_1_531' title='bbox 608 2846 739 2893; x_wconf 79' lang='lat' dir='ltr'>privile</span> <span class='ocrx_word' id='word_1_532' title='bbox 766 2848 839 2881; x_wconf 83' lang='lat' dir='ltr'>ium</span> <span class='ocrx_word' id='word_1_533' title='bbox 864 2848 963 2893; x_wconf 83' lang='lat' dir='ltr'>quod</span> <span class='ocrx_word' id='word_1_534' title='bbox 994 2847 1110 2890; x_wconf 84' lang='lat' dir='ltr'>[breve</span> <span class='ocrx_word' id='word_1_535' title='bbox 1133 2846 1263 2881; x_wconf 69' lang='lat' dir='ltr'>abhinc</span> <span class='ocrx_word' id='word_1_536' title='bbox 1287 2850 1438 2892; x_wconf 85' lang='lat' dir='ltr'>tempus]</span> <span class='ocrx_word' id='word_1_537' title='bbox 1471 2858 1521 2882; x_wconf 79' lang='lat' dir='ltr'>ex</span> <span class='ocrx_word' id='word_1_538' title='bbox 1548 2849 1614 2894; x_wconf 84' lang='lat' dir='ltr'>pia</span> <span class='ocrx_word' id='word_1_539' title='bbox 1644 2848 1842 2885; x_wconf 83' lang='lat' dir='ltr'>intentione</span> <span class='ocrx_word' id='word_1_540' title='bbox 1863 2851 2100 2886; x_wconf 84' lang='lat' dir='ltr'>sanctissimis</span> <span class='ocrx_word' id='word_1_541' title='bbox 2126 2850 2285 2886; x_wconf 81' lang='lat' dir='ltr'>ecclesiis</span> <span class='ocrx_word' id='word_1_542' title='bbox 2315 2854 2350 2886; x_wconf 86' lang='lat' dir='ltr'>et</span> 
     </span>
     <span class='ocr_line' id='line_1_49' title="bbox 123 2891 2349 2942; baseline -0 -11"><span class='ocrx_word' id='word_1_543' title='bbox 123 2894 351 2931; x_wconf 83' lang='lat' dir='ltr'>monasteriis</span> <span class='ocrx_word' id='word_1_544' title='bbox 382 2893 578 2938; x_wconf 82' lang='lat' dir='ltr'>ceterisque</span> <span class='ocrx_word' id='word_1_545' title='bbox 609 2903 738 2928; x_wconf 86' lang='lat' dir='ltr'>venera</span> <span class='ocrx_word' id='word_1_546' title='bbox 764 2892 868 2928; x_wconf 84' lang='lat' dir='ltr'>ilibus</span> <span class='ocrx_word' id='word_1_547' title='bbox 900 2893 989 2928; x_wconf 84' lang='lat' dir='ltr'>locis</span> <span class='ocrx_word' id='word_1_548' title='bbox 1019 2903 1068 2928; x_wconf 79' lang='lat' dir='ltr'>ex</span> <span class='ocrx_word' id='word_1_549' title='bbox 1099 2891 1354 2927; x_wconf 79' lang='lat' dir='ltr'>constitutione</span> <span class='ocrx_word' id='word_1_550' title='bbox 1385 2896 1513 2927; x_wconf 84' lang='lat' dir='ltr'>nostra</span> <span class='ocrx_word' id='word_1_551' title='bbox 1543 2904 1661 2940; x_wconf 86' lang='lat' dir='ltr'>nuper</span> <span class='ocrx_word' id='word_1_552' title='bbox 1691 2893 1815 2930; x_wconf 86' lang='lat' dir='ltr'>datum</span> <span class='ocrx_word' id='word_1_553' title='bbox 1847 2899 1919 2938; x_wconf 85' lang='lat' dir='ltr'>est,</span> <span class='ocrx_word' id='word_1_554' title='bbox 1955 2896 2159 2932; x_wconf 85' lang='lat' dir='ltr'>necessaria</span> <span class='ocrx_word' id='word_1_555' title='bbox 2191 2895 2349 2942; x_wconf 84' lang='lat' dir='ltr'>quadam</span> 
     </span>
     <span class='ocr_line' id='line_1_50' title="bbox 123 2935 2348 2984; baseline -0 -8"><span class='ocrx_word' id='word_1_556' title='bbox 123 2938 371 2976; x_wconf 85' lang='lat' dir='ltr'>emendatione</span> <span class='ocrx_word' id='word_1_557' title='bbox 392 2938 580 2973; x_wconf 83' lang='lat' dir='ltr'>munimus.</span> <span class='ocrx_word' id='word_1_558' title='bbox 630 2936 772 2972; x_wconf 81' lang='lat' dir='ltr'>Etenim</span> <span class='ocrx_word' id='word_1_559' title='bbox 803 2938 875 2973; x_wconf 83' lang='lat' dir='ltr'>iam</span> <span class='ocrx_word' id='word_1_560' title='bbox 905 2937 1038 2973; x_wconf 88' lang='lat' dir='ltr'>dudum</span> <span class='ocrx_word' id='word_1_561' title='bbox 1070 2937 1290 2973; x_wconf 85' lang='lat' dir='ltr'>iusseramus</span> <span class='ocrx_word' id='word_1_562' title='bbox 1312 2935 1361 2971; x_wconf 88' lang='lat' dir='ltr'>ad</span> <span class='ocrx_word' id='word_1_563' title='bbox 1383 2940 1524 2972; x_wconf 84' lang='lat' dir='ltr'>centum</span> <span class='ocrx_word' id='word_1_564' title='bbox 1554 2948 1668 2984; x_wconf 86' lang='lat' dir='ltr'>usque</span> <span class='ocrx_word' id='word_1_565' title='bbox 1691 2950 1807 2975; x_wconf 87' lang='lat' dir='ltr'>annos</span> <span class='ocrx_word' id='word_1_566' title='bbox 1829 2940 2090 2977; x_wconf 81' lang='lat' dir='ltr'>venerabilibus</span> <span class='ocrx_word' id='word_1_567' title='bbox 2121 2941 2212 2976; x_wconf 81' lang='lat' dir='ltr'>locis</span> <span class='ocrx_word' id='word_1_568' title='bbox 2234 2941 2348 2977; x_wconf 80' lang='lat' dir='ltr'>curri-</span> 
     </span>
    </p>
   </div>
   <div class='ocr_carea' id='block_1_14' title="bbox 125 3026 1202 3207">
    <p class='ocr_par' dir='ltr' id='par_1_15' title="bbox 125 3026 1202 3207">
     <span class='ocr_line' id='line_1_51' title="bbox 192 3026 1201 3071; baseline -0.002 -10"><span class='ocrx_word' id='word_1_569' title='bbox 192 3030 214 3062; x_wconf 87' lang='lat'>4</span> <span class='ocrx_word' id='word_1_570' title='bbox 237 3030 357 3061; x_wconf 84' lang='lat' dir='ltr'>subscr.</span> <span class='ocrx_word' id='word_1_571' title='bbox 383 3040 440 3060; x_wconf 86' lang='lat' dir='ltr'>om.</span> <span class='ocrx_word' id='word_1_572' title='bbox 462 3028 526 3060; x_wconf 86' lang='lat' dir='ltr'>Iul.</span> <span class='ocrx_word' id='word_1_573' title='bbox 549 3027 627 3060; x_wconf 72' lang='lat' dir='ltr'>Ath.</span> <span class='ocrx_word' id='word_1_574' title='bbox 653 3026 666 3071; x_wconf 70' lang='lat' dir='ltr'>n</span> <span class='ocrx_word' id='word_1_575' title='bbox 689 3027 719 3060; x_wconf 90' lang='lat' dir='ltr'>d.</span> <span class='ocrx_word' id='word_1_576' title='bbox 740 3037 789 3059; x_wconf 80' lang='lat' dir='ltr'>vr.</span> <span class='ocrx_word' id='word_1_577' title='bbox 813 3027 847 3059; x_wconf 91' lang='lat' dir='ltr'>k.</span> <span class='ocrx_word' id='word_1_578' title='bbox 872 3027 948 3059; x_wconf 88' lang='lat' dir='ltr'>mai.</span> <span class='ocrx_word' id='word_1_579' title='bbox 970 3027 1026 3068; x_wconf 93' lang='lat' dir='ltr'>M]</span> <span class='ocrx_word' id='word_1_580' title='bbox 1051 3027 1116 3059; x_wconf 86' lang='lat' dir='ltr'>dat.</span> <span class='ocrx_word' id='word_1_581' title='bbox 1137 3036 1201 3059; x_wconf 83' lang='lat' dir='ltr'>vn.</span> 
     </span>
     <span class='ocr_line' id='line_1_52' title="bbox 125 3069 1200 3117; baseline -0.003 -11"><span class='ocrx_word' id='word_1_582' title='bbox 125 3075 158 3106; x_wconf 83' lang='lat' dir='ltr'>k.</span> <span class='ocrx_word' id='word_1_583' title='bbox 176 3072 257 3106; x_wconf 81' lang='lat' dir='ltr'>Mai.</span> <span class='ocrx_word' id='word_1_584' title='bbox 275 3084 294 3108; x_wconf 83' lang='grc' dir='ltr'>ς</span> <span class='ocrx_word' id='word_1_585' title='bbox 317 3069 534 3117; x_wconf 70' lang='grc' dir='ltr'>ἐξεφωνήθη</span> <span class='ocrx_word' id='word_1_586' title='bbox 557 3074 644 3115; x_wconf 88' lang='grc' dir='ltr'>μηνὶ</span> <span class='ocrx_word' id='word_1_587' title='bbox 666 3070 764 3114; x_wconf 83' lang='grc' dir='ltr'>μαΐῳ</span> <span class='ocrx_word' id='word_1_588' title='bbox 788 3072 907 3105; x_wconf 79' lang='lat' dir='ltr'>Theod.</span> <span class='ocrx_word' id='word_1_589' title='bbox 928 3072 940 3116; x_wconf 88' lang='grc' dir='ltr'>ΙΙ</span> <span class='ocrx_word' id='word_1_590' title='bbox 957 3072 1021 3104; x_wconf 86' lang='lat' dir='ltr'>GP.</span> <span class='ocrx_word' id='word_1_591' title='bbox 1045 3090 1089 3096; x_wconf 89' lang='lat'>—</span> <span class='ocrx_word' id='word_1_592' title='bbox 1113 3082 1200 3104; x_wconf 84' lang='lat' dir='ltr'>anno</span> 
     </span>
     <span class='ocr_line' id='line_1_53' title="bbox 125 3114 1202 3161; baseline -0.002 -10"><span class='ocrx_word' id='word_1_593' title='bbox 125 3118 202 3151; x_wconf 91' lang='lat' dir='ltr'><strong>XV.</strong></span> <span class='ocrx_word' id='word_1_594' title='bbox 222 3119 278 3161; x_wconf 91' lang='lat' dir='ltr'>(cf.</span> <span class='ocrx_word' id='word_1_595' title='bbox 299 3120 343 3159; x_wconf 83' lang='grc' dir='ltr'>ς)]</span> <span class='ocrx_word' id='word_1_596' title='bbox 369 3129 419 3160; x_wconf 83' lang='lat' dir='ltr'>cp.</span> <span class='ocrx_word' id='word_1_597' title='bbox 444 3117 499 3150; x_wconf 87' lang='lat' dir='ltr'>dn.</span> <span class='ocrx_word' id='word_1_598' title='bbox 524 3119 601 3150; x_wconf 85' lang='lat' dir='ltr'>iust.</span> <span class='ocrx_word' id='word_1_599' title='bbox 626 3128 681 3160; x_wconf 89' lang='lat' dir='ltr'>pp.</span> <span class='ocrx_word' id='word_1_600' title='bbox 706 3127 781 3158; x_wconf 85' lang='lat' dir='ltr'>aug.</span> <span class='ocrx_word' id='word_1_601' title='bbox 801 3118 843 3150; x_wconf 92' lang='lat' dir='ltr'><em>M</em></span> <span class='ocrx_word' id='word_1_602' title='bbox 871 3116 944 3150; x_wconf 73' lang='grc' dir='ltr'>ἔτει</span> <span class='ocrx_word' id='word_1_603' title='bbox 963 3116 1003 3149; x_wconf 81' lang='grc' dir='ltr'>ιε’</span> <span class='ocrx_word' id='word_1_604' title='bbox 1019 3114 1202 3160; x_wconf 80' lang='grc' dir='ltr'>βασιλείας</span> 
     </span>
     <span class='ocr_line' id='line_1_54' title="bbox 128 3159 1200 3207; baseline -0.003 -10"><span class='ocrx_word' id='word_1_605' title='bbox 128 3164 247 3197; x_wconf 76' lang='grc' dir='ltr'>ΤΙιεοά.</span> <span class='ocrx_word' id='word_1_606' title='bbox 267 3162 280 3207; x_wconf 90' lang='grc' dir='ltr'>ΙΙ</span> <span class='ocrx_word' id='word_1_607' title='bbox 303 3164 322 3196; x_wconf 86' lang='grc'><strong>5</strong></span> <span class='ocrx_word' id='word_1_608' title='bbox 346 3162 472 3195; x_wconf 86' lang='lat' dir='ltr'>Basilio</span> <span class='ocrx_word' id='word_1_609' title='bbox 496 3173 543 3195; x_wconf 90' lang='lat' dir='ltr'>vc.</span> <span class='ocrx_word' id='word_1_610' title='bbox 569 3172 659 3196; x_wconf 80' lang='lat' dir='ltr'>cons.</span> <span class='ocrx_word' id='word_1_611' title='bbox 684 3164 713 3202; x_wconf 85' lang='grc' dir='ltr'>ς]</span> <span class='ocrx_word' id='word_1_612' title='bbox 745 3162 872 3195; x_wconf 89' lang='lat' dir='ltr'>bilisar.</span> <span class='ocrx_word' id='word_1_613' title='bbox 897 3172 949 3195; x_wconf 89' lang='lat' dir='ltr'>uc.</span> <span class='ocrx_word' id='word_1_614' title='bbox 975 3172 1078 3194; x_wconf 88' lang='lat' dir='ltr'>conss.</span> <span class='ocrx_word' id='word_1_615' title='bbox 1094 3159 1136 3195; x_wconf 89' lang='lat' dir='ltr'><em>M</em></span> <span class='ocrx_word' id='word_1_616' title='bbox 1156 3163 1200 3203; x_wconf 83' lang='lat' dir='ltr'>(in</span> 
     </span>
    </p>
   </div>
   <div class='ocr_carea' id='block_1_15' title="bbox 1268 3021 2349 3165">
    <p class='ocr_par' dir='ltr' id='par_1_16' title="bbox 1268 3021 2349 3165">
     <span class='ocr_line' id='line_1_55' title="bbox 1268 3021 2349 3076; baseline 0.005 -16"><span class='ocrx_word' id='word_1_617' title='bbox 1268 3039 1350 3060; x_wconf 88' lang='lat' dir='ltr'>corr.</span> <span class='ocrx_word' id='word_1_618' title='bbox 1363 3026 1526 3070; x_wconf 75' lang='lat' dir='ltr'>Scrimqer</span> <span class='ocrx_word' id='word_1_619' title='bbox 1543 3026 1556 3071; x_wconf 80' lang='grc' dir='ltr'>ΙΙ</span> <span class='ocrx_word' id='word_1_620' title='bbox 1577 3029 1615 3062; x_wconf 84' lang='grc'>19</span> <span class='ocrx_word' id='word_1_621' title='bbox 1628 3025 1688 3073; x_wconf 78' lang='grc' dir='ltr'>ἐφ’</span> <span class='ocrx_word' id='word_1_622' title='bbox 1703 3027 1754 3062; x_wconf 81' lang='grc' dir='ltr'>οἷς</span> <span class='ocrx_word' id='word_1_623' title='bbox 1767 3027 1822 3070; x_wconf 89' lang='lat' dir='ltr'>M]</span> <span class='ocrx_word' id='word_1_624' title='bbox 1841 3026 1900 3075; x_wconf 77' lang='grc' dir='ltr'>ἐφ’</span> <span class='ocrx_word' id='word_1_625' title='bbox 1914 3021 1954 3073; x_wconf 76' lang='grc' dir='ltr'>ἧς</span> <span class='ocrx_word' id='word_1_626' title='bbox 1967 3031 2143 3074; x_wconf 77' lang='lat' dir='ltr'>Scrimyer,</span> <span class='ocrx_word' id='word_1_627' title='bbox 2156 3032 2242 3075; x_wconf 76' lang='lat' dir='ltr'>vulq.</span> <span class='ocrx_word' id='word_1_628' title='bbox 2257 3044 2295 3064; x_wconf 77' lang='lat' dir='ltr'>ez·</span> <span class='ocrx_word' id='word_1_629' title='bbox 2306 3042 2326 3067; x_wconf 84' lang='grc' dir='ltr'>ς</span> <span class='ocrx_word' id='word_1_630' title='bbox 2338 3031 2349 3076; x_wconf 85' lang='grc' dir='ltr'>ΙΙ</span> 
     </span>
     <span class='ocr_line' id='line_1_56' title="bbox 1269 3069 2348 3120; baseline 0.005 -15"><span class='ocrx_word' id='word_1_631' title='bbox 1269 3073 1311 3105; x_wconf 85' lang='grc'>20</span> <span class='ocrx_word' id='word_1_632' title='bbox 1336 3069 1407 3116; x_wconf 90' lang='grc' dir='ltr'>πρὸ</span> <span class='ocrx_word' id='word_1_633' title='bbox 1432 3074 1580 3116; x_wconf 82' lang='grc' dir='ltr'>βραχέος</span> <span class='ocrx_word' id='word_1_634' title='bbox 1601 3072 1732 3120; x_wconf 87' lang='grc' dir='ltr'>χρόνου</span> <span class='ocrx_word' id='word_1_635' title='bbox 1751 3078 1869 3109; x_wconf 80' lang='lat' dir='ltr'>seclusi</span> <span class='ocrx_word' id='word_1_636' title='bbox 1891 3077 1963 3117; x_wconf 87' lang='lat' dir='ltr'>(om.</span> <span class='ocrx_word' id='word_1_637' title='bbox 1980 3078 2011 3116; x_wconf 82' lang='grc' dir='ltr'>ς)</span> <span class='ocrx_word' id='word_1_638' title='bbox 2035 3075 2048 3120; x_wconf 81' lang='lat' dir='ltr'>ll</span> <span class='ocrx_word' id='word_1_639' title='bbox 2072 3078 2114 3111; x_wconf 86' lang='lat'>23</span> <span class='ocrx_word' id='word_1_640' title='bbox 2139 3072 2348 3118; x_wconf 79' lang='grc' dir='ltr'>διατάξεως]</span> 
     </span>
     <span class='ocr_line' id='line_1_57' title="bbox 1273 3117 2349 3165; baseline 0.004 -15"><span class='ocrx_word' id='word_1_641' title='bbox 1273 3118 1350 3150; x_wconf 86' lang='lat' dir='ltr'>Cod.</span> <span class='ocrx_word' id='word_1_642' title='bbox 1367 3119 1396 3157; x_wconf 87' lang='lat'>1,</span> <span class='ocrx_word' id='word_1_643' title='bbox 1412 3123 1440 3159; x_wconf 87' lang='lat'>2,</span> <span class='ocrx_word' id='word_1_644' title='bbox 1452 3124 1503 3156; x_wconf 78' lang='lat'>233</span> <span class='ocrx_word' id='word_1_645' title='bbox 1529 3120 1570 3161; x_wconf 61' lang='lat' dir='ltr'>cs:</span> <span class='ocrx_word' id='word_1_646' title='bbox 1586 3131 1656 3152; x_wconf 88' lang='lat' dir='ltr'>nov.</span> <span class='ocrx_word' id='word_1_647' title='bbox 1671 3119 1729 3152; x_wconf 92' lang='lat' dir='ltr'><strong>IX</strong></span> <span class='ocrx_word' id='word_1_648' title='bbox 1742 3119 1754 3162; x_wconf 88' lang='grc' dir='ltr'>ΙΙ</span> <span class='ocrx_word' id='word_1_649' title='bbox 1773 3121 1817 3154; x_wconf 89' lang='grc'>24</span> <span class='ocrx_word' id='word_1_650' title='bbox 1833 3117 2185 3165; x_wconf 81' lang='grc' dir='ltr'>*ὃιασφαλιζομένου</span> <span class='ocrx_word' id='word_1_651' title='bbox 2197 3122 2249 3162; x_wconf 92' lang='grc' dir='ltr'>Μ,</span> <span class='ocrx_word' id='word_1_652' title='bbox 2272 3118 2349 3154; x_wconf 77' lang='grc' dir='ltr'>δια-</span> 
     </span>
    </p>
   </div>
   <div class='ocr_carea' id='block_1_16' title="bbox 126 3206 1203 3750">
    <p class='ocr_par' dir='ltr' id='par_1_17' title="bbox 126 3206 1203 3750">
     <span class='ocr_line' id='line_1_58' title="bbox 127 3206 1201 3249; baseline -0.003 -6"><span class='ocrx_word' id='word_1_653' title='bbox 127 3209 291 3243; x_wconf 78' lang='lat' dir='ltr'>Theodori</span> <span class='ocrx_word' id='word_1_654' title='bbox 302 3208 370 3241; x_wconf 87' lang='lat' dir='ltr'>cod.</span> <span class='ocrx_word' id='word_1_655' title='bbox 385 3220 493 3241; x_wconf 88' lang='lat' dir='ltr'>nomen</span> <span class='ocrx_word' id='word_1_656' title='bbox 508 3208 646 3241; x_wconf 88' lang='lat' dir='ltr'>consulis</span> <span class='ocrx_word' id='word_1_657' title='bbox 660 3209 789 3249; x_wconf 77' lang='lat' dir='ltr'>excidit)</span> <span class='ocrx_word' id='word_1_658' title='bbox 807 3206 819 3245; x_wconf 83' lang='grc' dir='ltr'>ΙΙ</span> <span class='ocrx_word' id='word_1_659' title='bbox 837 3209 952 3240; x_wconf 80' lang='lat' dir='ltr'>7rubr.</span> <span class='ocrx_word' id='word_1_660' title='bbox 967 3209 1043 3241; x_wconf 84' lang='lat' dir='ltr'>dedi</span> <span class='ocrx_word' id='word_1_661' title='bbox 1054 3207 1201 3240; x_wconf 72' lang='lat' dir='ltr'>erAtlia-</span> 
     </span>
     <span class='ocr_line' id='line_1_59' title="bbox 126 3247 1202 3297; baseline -0.001 -11"><span class='ocrx_word' id='word_1_662' title='bbox 126 3255 217 3287; x_wconf 81' lang='lat' dir='ltr'>nasio</span> <span class='ocrx_word' id='word_1_663' title='bbox 232 3254 286 3296; x_wconf 76' lang='lat' dir='ltr'>(cf</span> <span class='ocrx_word' id='word_1_664' title='bbox 301 3255 343 3294; x_wconf 85' lang='grc' dir='ltr'>ς)]</span> <span class='ocrx_word' id='word_1_665' title='bbox 368 3254 457 3295; x_wconf 83' lang='grc' dir='ltr'>Περὶ</span> <span class='ocrx_word' id='word_1_666' title='bbox 473 3253 537 3285; x_wconf 79' lang='grc' dir='ltr'>τοῦ</span> <span class='ocrx_word' id='word_1_667' title='bbox 553 3250 682 3296; x_wconf 86' lang='grc' dir='ltr'>χρόνου</span> <span class='ocrx_word' id='word_1_668' title='bbox 700 3253 777 3285; x_wconf 77' lang='grc' dir='ltr'>τῶν</span> <span class='ocrx_word' id='word_1_669' title='bbox 792 3249 1027 3297; x_wconf 81' lang='grc' dir='ltr'>ἁρμοζουσῶν</span> <span class='ocrx_word' id='word_1_670' title='bbox 1050 3247 1202 3297; x_wconf 82' lang='grc' dir='ltr'>ἀγωγῶν</span> 
     </span>
     <span class='ocr_line' id='line_1_60' title="bbox 126 3294 1201 3344; baseline -0.002 -12"><span class='ocrx_word' id='word_1_671' title='bbox 126 3301 199 3332; x_wconf 86' lang='grc' dir='ltr'>τοῖς</span> <span class='ocrx_word' id='word_1_672' title='bbox 218 3294 359 3344; x_wconf 79' lang='grc' dir='ltr'>εὖαγέσι</span> <span class='ocrx_word' id='word_1_673' title='bbox 379 3297 505 3332; x_wconf 87' lang='grc' dir='ltr'>τόποις</span> <span class='ocrx_word' id='word_1_674' title='bbox 519 3298 638 3331; x_wconf 75' lang='grc' dir='ltr'>ΤΙιοοᾱ.</span> <span class='ocrx_word' id='word_1_675' title='bbox 653 3298 708 3339; x_wconf 85' lang='lat' dir='ltr'>(L,</span> <span class='ocrx_word' id='word_1_676' title='bbox 721 3310 778 3331; x_wconf 87' lang='lat' dir='ltr'>om.</span> <span class='ocrx_word' id='word_1_677' title='bbox 790 3299 849 3339; x_wconf 84' lang='lat' dir='ltr'>M)</span> <span class='ocrx_word' id='word_1_678' title='bbox 873 3297 923 3330; x_wconf 88' lang='lat' dir='ltr'>De</span> <span class='ocrx_word' id='word_1_679' title='bbox 941 3298 1201 3340; x_wconf 81' lang='lat' dir='ltr'>praescriptione</span> 
     </span>
     <span class='ocr_line' id='line_1_61' title="bbox 126 3342 1202 3384; baseline -0.002 -7"><span class='ocrx_word' id='word_1_680' title='bbox 126 3347 258 3377; x_wconf 88' lang='lat' dir='ltr'>centum</span> <span class='ocrx_word' id='word_1_681' title='bbox 283 3354 446 3376; x_wconf 85' lang='lat' dir='ltr'>annorum</span> <span class='ocrx_word' id='word_1_682' title='bbox 477 3342 608 3376; x_wconf 84' lang='lat' dir='ltr'>sublata</span> <span class='ocrx_word' id='word_1_683' title='bbox 638 3353 721 3384; x_wconf 87' lang='lat' dir='ltr'>quae</span> <span class='ocrx_word' id='word_1_684' title='bbox 745 3342 868 3375; x_wconf 83' lang='lat' dir='ltr'>sanctis</span> <span class='ocrx_word' id='word_1_685' title='bbox 897 3342 1046 3376; x_wconf 87' lang='lat' dir='ltr'>ecclesiis</span> <span class='ocrx_word' id='word_1_686' title='bbox 1069 3347 1103 3375; x_wconf 89' lang='lat' dir='ltr'>et</span> <span class='ocrx_word' id='word_1_687' title='bbox 1125 3342 1202 3375; x_wconf 88' lang='lat' dir='ltr'>aliis</span> 
     </span>
     <span class='ocr_line' id='line_1_62' title="bbox 126 3383 1201 3431; baseline 0 -9"><span class='ocrx_word' id='word_1_688' title='bbox 126 3389 207 3422; x_wconf 90' lang='lat' dir='ltr'>locis</span> <span class='ocrx_word' id='word_1_689' title='bbox 227 3388 472 3422; x_wconf 86' lang='lat' dir='ltr'>venerabilibus</span> <span class='ocrx_word' id='word_1_690' title='bbox 491 3388 695 3430; x_wconf 86' lang='lat' dir='ltr'>competebat</span> <span class='ocrx_word' id='word_1_691' title='bbox 709 3388 772 3421; x_wconf 85' lang='lat' dir='ltr'>Iul.</span> <span class='ocrx_word' id='word_1_692' title='bbox 790 3388 803 3431; x_wconf 81' lang='grc' dir='ltr'>ΙΙ</span> <span class='ocrx_word' id='word_1_693' title='bbox 822 3389 862 3422; x_wconf 83' lang='lat'>12</span> <span class='ocrx_word' id='word_1_694' title='bbox 873 3389 967 3421; x_wconf 82' lang='lat' dir='ltr'>inser.</span> <span class='ocrx_word' id='word_1_695' title='bbox 980 3384 1018 3421; x_wconf 92' lang='lat'>‘0</span> <span class='ocrx_word' id='word_1_696' title='bbox 1034 3383 1142 3422; x_wconf 75' lang='grc' dir='ltr'>αὐτὸς</span> <span class='ocrx_word' id='word_1_697' title='bbox 1161 3407 1201 3412; x_wconf 89' lang='lat'>-</span> 
     </span>
     <span class='ocr_line' id='line_1_63' title="bbox 126 3428 1202 3479; baseline -0.002 -11"><span class='ocrx_word' id='word_1_698' title='bbox 126 3436 362 3479; x_wconf 82' lang='grc' dir='ltr'>πραιτωρίων</span> <span class='ocrx_word' id='word_1_699' title='bbox 386 3435 463 3467; x_wconf 85' lang='lat' dir='ltr'>add.</span> <span class='ocrx_word' id='word_1_700' title='bbox 489 3435 574 3476; x_wconf 77' lang='lat' dir='ltr'>vulq.</span> <span class='ocrx_word' id='word_1_701' title='bbox 600 3446 638 3467; x_wconf 71' lang='lat' dir='ltr'>etc</span> <span class='ocrx_word' id='word_1_702' title='bbox 661 3433 691 3475; x_wconf 85' lang='grc' dir='ltr'>ς]</span> <span class='ocrx_word' id='word_1_703' title='bbox 721 3429 759 3467; x_wconf 87' lang='grc' dir='ltr'><strong><em>Ὁ</em></strong></span> <span class='ocrx_word' id='word_1_704' title='bbox 783 3428 890 3466; x_wconf 73' lang='grc' dir='ltr'>αὐτὸς</span> <span class='ocrx_word' id='word_1_705' title='bbox 912 3430 1079 3476; x_wconf 78' lang='grc' dir='ltr'>βασιλεὺς</span> <span class='ocrx_word' id='word_1_706' title='bbox 1099 3430 1202 3475; x_wconf 76' lang='grc' dir='ltr'>Ἠλίᾳ</span> 
     </span>
     <span class='ocr_line' id='line_1_64' title="bbox 128 3474 1203 3524; baseline -0.001 -11"><span class='ocrx_word' id='word_1_707' title='bbox 128 3479 270 3524; x_wconf 78' lang='grc' dir='ltr'>ἐπάρχῳ</span> <span class='ocrx_word' id='word_1_708' title='bbox 293 3474 482 3524; x_wconf 79' lang='grc' dir='ltr'>Ἰλλυρικοῦ</span> <span class='ocrx_word' id='word_1_709' title='bbox 501 3476 691 3523; x_wconf 79' lang='grc' dir='ltr'>(ἰλλυρικᾶς</span> <span class='ocrx_word' id='word_1_710' title='bbox 713 3480 796 3520; x_wconf 89' lang='lat' dir='ltr'>cod.)</span> <span class='ocrx_word' id='word_1_711' title='bbox 819 3479 908 3520; x_wconf 65' lang='lat' dir='ltr'>Atta„</span> <span class='ocrx_word' id='word_1_712' title='bbox 931 3480 1018 3521; x_wconf 85' lang='lat' dir='ltr'>quod</span> <span class='ocrx_word' id='word_1_713' title='bbox 1034 3486 1203 3522; x_wconf 84' lang='lat' dir='ltr'>praestare</span> 
     </span>
     <span class='ocr_line' id='line_1_65' title="bbox 129 3523 1201 3568; baseline -0.002 -10"><span class='ocrx_word' id='word_1_714' title='bbox 129 3527 161 3558; x_wconf 84' lang='lat' dir='ltr'>in</span> <span class='ocrx_word' id='word_1_715' title='bbox 173 3525 298 3559; x_wconf 83' lang='lat' dir='ltr'>Latina</span> <span class='ocrx_word' id='word_1_716' title='bbox 311 3526 438 3558; x_wconf 85' lang='lat' dir='ltr'>novella</span> <span class='ocrx_word' id='word_1_717' title='bbox 452 3532 556 3558; x_wconf 85' lang='lat' dir='ltr'>censet</span> <span class='ocrx_word' id='word_1_718' title='bbox 573 3524 801 3568; x_wconf 72' lang='lat' dir='ltr'>Osenbricyqen</span> <span class='ocrx_word' id='word_1_719' title='bbox 815 3524 885 3565; x_wconf 90' lang='lat' dir='ltr'>(om.</span> <span class='ocrx_word' id='word_1_720' title='bbox 899 3524 956 3566; x_wconf 90' lang='grc' dir='ltr'>Μ)</span> <span class='ocrx_word' id='word_1_721' title='bbox 967 3523 979 3567; x_wconf 82' lang='grc' dir='ltr'>Η</span> <span class='ocrx_word' id='word_1_722' title='bbox 996 3525 1038 3558; x_wconf 84' lang='grc'>13</span> <span class='ocrx_word' id='word_1_723' title='bbox 1049 3525 1091 3557; x_wconf 84' lang='lat' dir='ltr'>in.</span> <span class='ocrx_word' id='word_1_724' title='bbox 1106 3523 1201 3562; x_wconf 81' lang='lat' dir='ltr'>Quod</span> 
     </span>
     <span class='ocr_line' id='line_1_66' title="bbox 127 3563 1200 3614; baseline 0 -12"><span class='ocrx_word' id='word_1_725' title='bbox 127 3569 363 3603; x_wconf 86' lang='lat' dir='ltr'>medicamenta</span> <span class='ocrx_word' id='word_1_726' title='bbox 379 3569 502 3603; x_wconf 88' lang='lat' dir='ltr'>morbis</span> <span class='ocrx_word' id='word_1_727' title='bbox 517 3571 569 3603; x_wconf 81' lang='lat' dir='ltr'>cit.</span> <span class='ocrx_word' id='word_1_728' title='bbox 587 3570 663 3602; x_wconf 78' lang='lat' dir='ltr'>Ath.</span> <span class='ocrx_word' id='word_1_729' title='bbox 680 3563 808 3602; x_wconf 73' lang='grc' dir='ltr'>Ἄτινα</span> <span class='ocrx_word' id='word_1_730' title='bbox 828 3565 993 3614; x_wconf 84' lang='grc' dir='ltr'>δόγματα</span> <span class='ocrx_word' id='word_1_731' title='bbox 1014 3570 1066 3602; x_wconf 80' lang='lat' dir='ltr'>cit.</span> <span class='ocrx_word' id='word_1_732' title='bbox 1081 3570 1200 3603; x_wconf 79' lang='lat' dir='ltr'>Theod.</span> 
     </span>
     <span class='ocr_line' id='line_1_67' title="bbox 129 3611 1203 3658; baseline 0.002 -11"><span class='ocrx_word' id='word_1_733' title='bbox 129 3615 233 3657; x_wconf 82' lang='lat' dir='ltr'>inepte</span> <span class='ocrx_word' id='word_1_734' title='bbox 257 3616 418 3649; x_wconf 83' lang='lat' dir='ltr'>translata</span> <span class='ocrx_word' id='word_1_735' title='bbox 442 3628 481 3649; x_wconf 81' lang='lat' dir='ltr'>ex</span> <span class='ocrx_word' id='word_1_736' title='bbox 500 3615 632 3648; x_wconf 82' lang='lat' dir='ltr'>Latinis</span> <span class='ocrx_word' id='word_1_737' title='bbox 648 3613 660 3658; x_wconf 76' lang='grc' dir='ltr'>ΙΙ</span> <span class='ocrx_word' id='word_1_738' title='bbox 688 3616 727 3648; x_wconf 83' lang='grc'>17</span> <span class='ocrx_word' id='word_1_739' title='bbox 749 3611 930 3657; x_wconf 79' lang='grc' dir='ltr'>στόματος</span> <span class='ocrx_word' id='word_1_740' title='bbox 952 3611 1119 3657; x_wconf 77' lang='grc' dir='ltr'>ἐνόμισεν</span> <span class='ocrx_word' id='word_1_741' title='bbox 1142 3614 1203 3649; x_wconf 83' lang='grc' dir='ltr'>ἐπ-</span> 
     </span>
     <span class='ocr_line' id='line_1_68' title="bbox 130 3656 1203 3704; baseline 0.003 -13"><span class='ocrx_word' id='word_1_742' title='bbox 130 3656 264 3703; x_wconf 77' lang='grc' dir='ltr'>ωφελὴς</span> <span class='ocrx_word' id='word_1_743' title='bbox 276 3659 327 3701; x_wconf 89' lang='lat' dir='ltr'>M,</span> <span class='ocrx_word' id='word_1_744' title='bbox 345 3673 428 3694; x_wconf 89' lang='lat' dir='ltr'>corr.</span> <span class='ocrx_word' id='word_1_745' title='bbox 440 3661 607 3704; x_wconf 73' lang='lat' dir='ltr'>Ayylaeus</span> <span class='ocrx_word' id='word_1_746' title='bbox 624 3667 654 3693; x_wconf 90' lang='lat' dir='ltr'>et</span> <span class='ocrx_word' id='word_1_747' title='bbox 669 3660 855 3703; x_wconf 73' lang='lat' dir='ltr'>Homberylc</span> <span class='ocrx_word' id='word_1_748' title='bbox 872 3659 884 3703; x_wconf 90' lang='grc' dir='ltr'>ΙΙ</span> <span class='ocrx_word' id='word_1_749' title='bbox 909 3660 949 3694; x_wconf 89' lang='grc'>18</span> <span class='ocrx_word' id='word_1_750' title='bbox 973 3656 1107 3704; x_wconf 74' lang='grc' dir='ltr'>εὑρεθῆ</span> <span class='ocrx_word' id='word_1_751' title='bbox 1130 3661 1175 3694; x_wconf 88' lang='grc' dir='ltr'><em>Μ</em></span> <span class='ocrx_word' id='word_1_752' title='bbox 1192 3661 1203 3703; x_wconf 80' lang='grc' dir='ltr'>ΙΙ</span> 
     </span>
     <span class='ocr_line' id='line_1_69' title="bbox 129 3701 1201 3750; baseline 0.003 -14"><span class='ocrx_word' id='word_1_753' title='bbox 129 3701 301 3747; x_wconf 77' lang='grc' dir='ltr'>ἄχρηστος</span> <span class='ocrx_word' id='word_1_754' title='bbox 317 3705 364 3748; x_wconf 85' lang='grc' dir='ltr'>Μ,</span> <span class='ocrx_word' id='word_1_755' title='bbox 382 3718 464 3740; x_wconf 87' lang='lat' dir='ltr'>corr.</span> <span class='ocrx_word' id='word_1_756' title='bbox 481 3706 648 3750; x_wconf 75' lang='lat' dir='ltr'>Ayylaeus</span> <span class='ocrx_word' id='word_1_757' title='bbox 667 3712 696 3739; x_wconf 90' lang='lat' dir='ltr'>et</span> <span class='ocrx_word' id='word_1_758' title='bbox 716 3705 903 3749; x_wconf 75' lang='lat' dir='ltr'>Hombequ</span> <span class='ocrx_word' id='word_1_759' title='bbox 923 3704 937 3749; x_wconf 82' lang='grc' dir='ltr'>ΙΙ</span> <span class='ocrx_word' id='word_1_760' title='bbox 961 3701 1135 3739; x_wconf 73' lang='grc' dir='ltr'>δεικνύειν</span> <span class='ocrx_word' id='word_1_761' title='bbox 1152 3705 1201 3748; x_wconf 87' lang='lat' dir='ltr'>M,</span> 
     </span>
    </p>
   </div>
   <div class='ocr_carea' id='block_1_17' title="bbox 1267 3159 2241 3212">
    <p class='ocr_par' dir='ltr' id='par_1_18' title="bbox 1267 3159 2241 3212">
     <span class='ocr_line' id='line_1_70' title="bbox 1267 3159 2241 3212; baseline 0.005 -18"><span class='ocrx_word' id='word_1_762' title='bbox 1267 3159 1488 3206; x_wconf 76' lang='grc' dir='ltr'>σφαλίζομεν</span> <span class='ocrx_word' id='word_1_763' title='bbox 1512 3163 1699 3208; x_wconf 78' lang='lat' dir='ltr'>Homberqlc</span> <span class='ocrx_word' id='word_1_764' title='bbox 1714 3163 1726 3203; x_wconf 89' lang='grc' dir='ltr'>ΙΙ</span> <span class='ocrx_word' id='word_1_765' title='bbox 1751 3164 1838 3198; x_wconf 80' lang='grc' dir='ltr'>*καὶ</span> <span class='ocrx_word' id='word_1_766' title='bbox 1859 3165 1942 3212; x_wconf 88' lang='grc' dir='ltr'>γὰρ]</span> <span class='ocrx_word' id='word_1_767' title='bbox 1966 3165 1997 3198; x_wconf 82' lang='grc' dir='ltr'>εἰ</span> <span class='ocrx_word' id='word_1_768' title='bbox 2018 3165 2090 3212; x_wconf 81' lang='grc' dir='ltr'>γὰρ</span> <span class='ocrx_word' id='word_1_769' title='bbox 2113 3168 2174 3199; x_wconf 82' lang='grc' dir='ltr'>καὶ</span> <span class='ocrx_word' id='word_1_770' title='bbox 2196 3166 2241 3200; x_wconf 89' lang='grc' dir='ltr'><em>Μ</em></span> 
     </span>
    </p>
   </div>
   <div class='ocr_carea' id='block_1_18' title="bbox 1268 3296 2350 3747">
    <p class='ocr_par' dir='ltr' id='par_1_19' title="bbox 1268 3296 2350 3747">
     <span class='ocr_line' id='line_1_71' title="bbox 1337 3296 2350 3344; baseline 0.004 -13"><span class='ocrx_word' id='word_1_771' title='bbox 1337 3299 1356 3331; x_wconf 90' lang='grc'><strong>3</strong></span> <span class='ocrx_word' id='word_1_772' title='bbox 1381 3296 1574 3330; x_wconf 87' lang='lat' dir='ltr'>contradere</span> <span class='ocrx_word' id='word_1_773' title='bbox 1594 3298 1640 3338; x_wconf 91' lang='lat' dir='ltr'>V]</span> <span class='ocrx_word' id='word_1_774' title='bbox 1665 3297 1794 3331; x_wconf 86' lang='lat' dir='ltr'>tradere</span> <span class='ocrx_word' id='word_1_775' title='bbox 1812 3299 1977 3343; x_wconf 81' lang='lat' dir='ltr'>DTvulq.</span> <span class='ocrx_word' id='word_1_776' title='bbox 1994 3300 2005 3341; x_wconf 96' lang='grc' dir='ltr'>ΙΙ</span> <span class='ocrx_word' id='word_1_777' title='bbox 2032 3302 2187 3334; x_wconf 80' lang='lat' dir='ltr'>4subscr.</span> <span class='ocrx_word' id='word_1_778' title='bbox 2197 3309 2350 3344; x_wconf 85' lang='lat' dir='ltr'>praestat</span> 
     </span>
     <span class='ocr_line' id='line_1_72' title="bbox 1277 3342 2348 3390; baseline 0.005 -16"><span class='ocrx_word' id='word_1_779' title='bbox 1277 3343 1310 3375; x_wconf 94' lang='lat' dir='ltr'><strong>V</strong></span> <span class='ocrx_word' id='word_1_780' title='bbox 1327 3342 1339 3386; x_wconf 78' lang='grc' dir='ltr'>ΙΙ</span> <span class='ocrx_word' id='word_1_781' title='bbox 1368 3343 1464 3385; x_wconf 88' lang='lat' dir='ltr'>impr.</span> <span class='ocrx_word' id='word_1_782' title='bbox 1490 3342 1577 3375; x_wconf 71' lang='lat' dir='ltr'>dofio</span> <span class='ocrx_word' id='word_1_783' title='bbox 1601 3342 1678 3375; x_wconf 86' lang='lat' dir='ltr'>iust.</span> <span class='ocrx_word' id='word_1_784' title='bbox 1708 3344 1742 3376; x_wconf 90' lang='lat' dir='ltr'><strong>V</strong></span> <span class='ocrx_word' id='word_1_785' title='bbox 1764 3343 1776 3386; x_wconf 76' lang='lat' dir='ltr'>ss</span> <span class='ocrx_word' id='word_1_786' title='bbox 1805 3347 1824 3378; x_wconf 85' lang='lat'>5</span> <span class='ocrx_word' id='word_1_787' title='bbox 1848 3344 1962 3377; x_wconf 86' lang='lat' dir='ltr'>basilii</span> <span class='ocrx_word' id='word_1_788' title='bbox 1990 3345 2024 3378; x_wconf 89' lang='lat' dir='ltr'><strong>V</strong></span> <span class='ocrx_word' id='word_1_789' title='bbox 2049 3344 2062 3390; x_wconf 78' lang='lat' dir='ltr'>ss</span> <span class='ocrx_word' id='word_1_790' title='bbox 2090 3348 2108 3379; x_wconf 84' lang='lat'><strong>7</strong></span> <span class='ocrx_word' id='word_1_791' title='bbox 2142 3346 2348 3380; x_wconf 85' lang='lat' dir='ltr'>Constitutio</span> 
     </span>
     <span class='ocr_line' id='line_1_73' title="bbox 1269 3387 2346 3434; baseline 0.006 -15"><span class='ocrx_word' id='word_1_792' title='bbox 1269 3387 1586 3429; x_wconf 86' lang='lat' dir='ltr'>(Constitutionibus</span> <span class='ocrx_word' id='word_1_793' title='bbox 1607 3388 1670 3429; x_wconf 80' lang='lat' dir='ltr'>Va)</span> <span class='ocrx_word' id='word_1_794' title='bbox 1695 3389 1776 3421; x_wconf 89' lang='lat' dir='ltr'>haec</span> <span class='ocrx_word' id='word_1_795' title='bbox 1798 3390 1853 3432; x_wconf 77' lang='lat' dir='ltr'>Vn</span> <span class='ocrx_word' id='word_1_796' title='bbox 1874 3391 1914 3423; x_wconf 88' lang='lat'>12</span> <span class='ocrx_word' id='word_1_797' title='bbox 1938 3390 2098 3424; x_wconf 86' lang='lat' dir='ltr'>theodoro</span> <span class='ocrx_word' id='word_1_798' title='bbox 2119 3391 2190 3433; x_wconf 88' lang='lat' dir='ltr'>(om.</span> <span class='ocrx_word' id='word_1_799' title='bbox 2203 3395 2273 3434; x_wconf 88' lang='lat' dir='ltr'>pp.)</span> <span class='ocrx_word' id='word_1_800' title='bbox 2300 3392 2346 3430; x_wconf 80' lang='lat' dir='ltr'>T;</span> 
     </span>
     <span class='ocr_line' id='line_1_74' title="bbox 1268 3432 2305 3481; baseline 0.006 -16"><span class='ocrx_word' id='word_1_801' title='bbox 1268 3433 1364 3465; x_wconf 83' lang='lat' dir='ltr'>Eliae</span> <span class='ocrx_word' id='word_1_802' title='bbox 1395 3443 1450 3476; x_wconf 89' lang='lat' dir='ltr'>pp.</span> <span class='ocrx_word' id='word_1_803' title='bbox 1482 3443 1542 3475; x_wconf 89' lang='lat' dir='ltr'>per</span> <span class='ocrx_word' id='word_1_804' title='bbox 1571 3432 1745 3476; x_wconf 89' lang='lat' dir='ltr'>Illyricum</span> <span class='ocrx_word' id='word_1_805' title='bbox 1777 3435 1868 3468; x_wconf 87' lang='lat' dir='ltr'>malit</span> <span class='ocrx_word' id='word_1_806' title='bbox 1901 3435 2131 3481; x_wconf 72' lang='lat' dir='ltr'>Osenbruyqen</span> <span class='ocrx_word' id='word_1_807' title='bbox 2162 3449 2200 3470; x_wconf 75' lang='lat' dir='ltr'>ex</span> <span class='ocrx_word' id='word_1_808' title='bbox 2229 3437 2305 3471; x_wconf 74' lang='lat' dir='ltr'>Atli-</span> 
     </span>
     <span class='ocr_line' id='line_1_75' title="bbox 1272 3477 2315 3525; baseline 0.004 -14"><span class='ocrx_word' id='word_1_809' title='bbox 1272 3479 1310 3512; x_wconf 89' lang='lat'>13</span> <span class='ocrx_word' id='word_1_810' title='bbox 1338 3478 1426 3515; x_wconf 86' lang='lat' dir='ltr'>Quid</span> <span class='ocrx_word' id='word_1_811' title='bbox 1453 3477 1503 3511; x_wconf 75' lang='grc' dir='ltr'>Τ1</span> <span class='ocrx_word' id='word_1_812' title='bbox 1529 3478 1541 3519; x_wconf 94' lang='grc' dir='ltr'>ΙΙ</span> <span class='ocrx_word' id='word_1_813' title='bbox 1567 3478 1627 3510; x_wconf 93' lang='lat' dir='ltr'>hec</span> <span class='ocrx_word' id='word_1_814' title='bbox 1656 3479 1688 3512; x_wconf 89' lang='lat' dir='ltr'><em>T</em></span> <span class='ocrx_word' id='word_1_815' title='bbox 1711 3479 1723 3522; x_wconf 93' lang='grc' dir='ltr'>ΙΙ</span> <span class='ocrx_word' id='word_1_816' title='bbox 1755 3481 1796 3513; x_wconf 88' lang='grc'>14</span> <span class='ocrx_word' id='word_1_817' title='bbox 1819 3479 1907 3521; x_wconf 85' lang='lat' dir='ltr'>iura]</span> <span class='ocrx_word' id='word_1_818' title='bbox 1933 3481 1990 3513; x_wconf 83' lang='lat' dir='ltr'>uia</span> <span class='ocrx_word' id='word_1_819' title='bbox 2010 3481 2043 3514; x_wconf 94' lang='lat' dir='ltr'><strong>V</strong></span> <span class='ocrx_word' id='word_1_820' title='bbox 2066 3481 2079 3525; x_wconf 77' lang='grc' dir='ltr'>ΙΙ</span> <span class='ocrx_word' id='word_1_821' title='bbox 2105 3482 2258 3524; x_wconf 85' lang='lat' dir='ltr'>sequitur</span> <span class='ocrx_word' id='word_1_822' title='bbox 2281 3482 2315 3515; x_wconf 80' lang='lat' dir='ltr'><em>R</em></span> 
     </span>
     <span class='ocr_line' id='line_1_76' title="bbox 1268 3522 2349 3570; baseline 0.005 -15"><span class='ocrx_word' id='word_1_823' title='bbox 1268 3533 1449 3564; x_wconf 84' lang='lat' dir='ltr'>numquam</span> <span class='ocrx_word' id='word_1_824' title='bbox 1467 3523 1500 3556; x_wconf 91' lang='lat' dir='ltr'><em>T</em></span> <span class='ocrx_word' id='word_1_825' title='bbox 1508 3522 1519 3543; x_wconf 94' lang='lat'>¹</span> <span class='ocrx_word' id='word_1_826' title='bbox 1536 3523 1548 3566; x_wconf 89' lang='grc' dir='ltr'>ΙΙ</span> <span class='ocrx_word' id='word_1_827' title='bbox 1569 3524 1609 3557; x_wconf 88' lang='grc'>16</span> <span class='ocrx_word' id='word_1_828' title='bbox 1634 3524 1858 3558; x_wconf 83' lang='lat' dir='ltr'>coniecturam</span> <span class='ocrx_word' id='word_1_829' title='bbox 1880 3526 1913 3558; x_wconf 89' lang='lat' dir='ltr'><strong><em>R</em></strong></span> <span class='ocrx_word' id='word_1_830' title='bbox 1930 3525 1942 3569; x_wconf 76' lang='grc' dir='ltr'>ΙΙ</span> <span class='ocrx_word' id='word_1_831' title='bbox 1963 3528 2001 3559; x_wconf 86' lang='grc'>17</span> <span class='ocrx_word' id='word_1_832' title='bbox 2019 3527 2149 3569; x_wconf 86' lang='lat' dir='ltr'>probat]</span> <span class='ocrx_word' id='word_1_833' title='bbox 2174 3529 2207 3559; x_wconf 82' lang='lat' dir='ltr'>et</span> <span class='ocrx_word' id='word_1_834' title='bbox 2229 3527 2349 3570; x_wconf 83' lang='lat' dir='ltr'>probat</span> 
     </span>
     <span class='ocr_line' id='line_1_77' title="bbox 1268 3568 2348 3616; baseline 0.005 -15"><span class='ocrx_word' id='word_1_835' title='bbox 1268 3569 1374 3610; x_wconf 88' lang='lat' dir='ltr'>igitur</span> <span class='ocrx_word' id='word_1_836' title='bbox 1397 3569 1435 3609; x_wconf 90' lang='lat' dir='ltr'>T,</span> <span class='ocrx_word' id='word_1_837' title='bbox 1458 3568 1578 3611; x_wconf 86' lang='lat' dir='ltr'>probat</span> <span class='ocrx_word' id='word_1_838' title='bbox 1602 3569 1708 3610; x_wconf 88' lang='lat' dir='ltr'>igitur</span> <span class='ocrx_word' id='word_1_839' title='bbox 1730 3571 1818 3613; x_wconf 73' lang='lat' dir='ltr'>vuly.</span> <span class='ocrx_word' id='word_1_840' title='bbox 1842 3570 1854 3613; x_wconf 90' lang='grc' dir='ltr'>ΙΙ</span> <span class='ocrx_word' id='word_1_841' title='bbox 1880 3571 1961 3603; x_wconf 87' lang='lat' dir='ltr'>haec</span> <span class='ocrx_word' id='word_1_842' title='bbox 1984 3572 2168 3614; x_wconf 84' lang='lat' dir='ltr'>praesentis</span> <span class='ocrx_word' id='word_1_843' title='bbox 2193 3573 2226 3606; x_wconf 90' lang='lat' dir='ltr'><em>T</em></span> <span class='ocrx_word' id='word_1_844' title='bbox 2252 3583 2348 3616; x_wconf 85' lang='lat' dir='ltr'>prae—</span> 
     </span>
     <span class='ocr_line' id='line_1_78' title="bbox 1269 3613 2349 3661; baseline 0.005 -14"><span class='ocrx_word' id='word_1_845' title='bbox 1269 3613 1371 3647; x_wconf 85' lang='lat' dir='ltr'>sentis</span> <span class='ocrx_word' id='word_1_846' title='bbox 1394 3614 1457 3646; x_wconf 90' lang='lat' dir='ltr'>hoc</span> <span class='ocrx_word' id='word_1_847' title='bbox 1478 3613 1512 3647; x_wconf 92' lang='lat' dir='ltr'><strong>V</strong></span> <span class='ocrx_word' id='word_1_848' title='bbox 1534 3613 1546 3657; x_wconf 87' lang='grc' dir='ltr'>ΙΙ</span> <span class='ocrx_word' id='word_1_849' title='bbox 1577 3616 1676 3646; x_wconf 84' lang='lat' dir='ltr'>etiam</span> <span class='ocrx_word' id='word_1_850' title='bbox 1701 3628 1758 3647; x_wconf 88' lang='lat' dir='ltr'>om.</span> <span class='ocrx_word' id='word_1_851' title='bbox 1774 3616 1807 3648; x_wconf 81' lang='lat' dir='ltr'><em>T</em></span> <span class='ocrx_word' id='word_1_852' title='bbox 1831 3615 1844 3656; x_wconf 83' lang='grc' dir='ltr'>ΙΙ</span> <span class='ocrx_word' id='word_1_853' title='bbox 1874 3617 1915 3650; x_wconf 90' lang='grc'>18</span> <span class='ocrx_word' id='word_1_854' title='bbox 1939 3617 2128 3660; x_wconf 87' lang='lat' dir='ltr'>praeposito</span> <span class='ocrx_word' id='word_1_855' title='bbox 2155 3617 2188 3651; x_wconf 84' lang='lat' dir='ltr'><em>T</em></span> <span class='ocrx_word' id='word_1_856' title='bbox 2207 3617 2220 3661; x_wconf 92' lang='grc' dir='ltr'>ΙΙ</span> <span class='ocrx_word' id='word_1_857' title='bbox 2250 3620 2292 3652; x_wconf 87' lang='grc'>19</span> <span class='ocrx_word' id='word_1_858' title='bbox 2316 3621 2349 3651; x_wconf 84' lang='lat' dir='ltr'>et</span> 
     </span>
     <span class='ocr_line' id='line_1_79' title="bbox 1269 3659 2347 3707; baseline 0.005 -16"><span class='ocrx_word' id='word_1_859' title='bbox 1269 3659 1543 3701; x_wconf 84' lang='lat' dir='ltr'>monasteriisque</span> <span class='ocrx_word' id='word_1_860' title='bbox 1564 3659 1596 3692; x_wconf 90' lang='lat' dir='ltr'>V</span> <span class='ocrx_word' id='word_1_861' title='bbox 1608 3659 1621 3703; x_wconf 92' lang='grc' dir='ltr'>ΙΙ</span> <span class='ocrx_word' id='word_1_862' title='bbox 1638 3661 1681 3694; x_wconf 83' lang='grc'>22</span> <span class='ocrx_word' id='word_1_863' title='bbox 1702 3660 1795 3693; x_wconf 88' lang='lat' dir='ltr'>illius</span> <span class='ocrx_word' id='word_1_864' title='bbox 1814 3661 1846 3694; x_wconf 92' lang='lat' dir='ltr'><em>T</em></span> <span class='ocrx_word' id='word_1_865' title='bbox 1859 3660 1871 3704; x_wconf 86' lang='grc' dir='ltr'>ΙΙ</span> <span class='ocrx_word' id='word_1_866' title='bbox 1888 3662 2092 3705; x_wconf 84' lang='lat' dir='ltr'>exceptionis</span> <span class='ocrx_word' id='word_1_867' title='bbox 2116 3675 2176 3698; x_wconf 86' lang='lat' dir='ltr'>om.</span> <span class='ocrx_word' id='word_1_868' title='bbox 2198 3663 2230 3696; x_wconf 92' lang='lat' dir='ltr'>V</span> <span class='ocrx_word' id='word_1_869' title='bbox 2243 3663 2256 3707; x_wconf 80' lang='grc' dir='ltr'>ΙΙ</span> <span class='ocrx_word' id='word_1_870' title='bbox 2271 3674 2347 3707; x_wconf 89' lang='lat' dir='ltr'>pro-</span> 
     </span>
     <span class='ocr_line' id='line_1_80' title="bbox 1269 3705 1843 3747; baseline 0.005 -10"><span class='ocrx_word' id='word_1_871' title='bbox 1269 3706 1398 3747; x_wconf 84' lang='lat' dir='ltr'>pagari]</span> <span class='ocrx_word' id='word_1_872' title='bbox 1422 3717 1447 3738; x_wconf 79' lang='lat' dir='ltr'>s.</span> <span class='ocrx_word' id='word_1_873' title='bbox 1461 3718 1490 3738; x_wconf 89' lang='lat' dir='ltr'>v.</span> <span class='ocrx_word' id='word_1_874' title='bbox 1508 3705 1641 3738; x_wconf 84' lang='lat' dir='ltr'>extendi</span> <span class='ocrx_word' id='word_1_875' title='bbox 1665 3707 1771 3739; x_wconf 87' lang='lat' dir='ltr'>adscr.</span> <span class='ocrx_word' id='word_1_876' title='bbox 1794 3705 1843 3740; x_wconf 78' lang='lat' dir='ltr'><strong>V⁸</strong></span> 
     </span>
    </p>
   </div>
   <div class='ocr_carea' id='block_1_19' title="bbox 2336 3436 2341 3528">
    <p class='ocr_par' dir='ltr' id='par_1_20' title="bbox 2336 3436 2341 3528">
     <span class='ocr_line' id='line_1_81' title="bbox 2336 3436 2341 3528; baseline 0 0"><span class='ocrx_word' id='word_1_877' title='bbox 2336 3436 2341 3528; x_wconf 95' lang='lat' dir='ltr'> </span> 
     </span>
    </p>
   </div>
   <div class='ocr_carea' id='block_1_20' title="bbox 2343 3437 2350 3529">
    <p class='ocr_par' dir='ltr' id='par_1_21' title="bbox 2343 3437 2350 3529">
     <span class='ocr_line' id='line_1_82' title="bbox 2343 3437 2350 3529; baseline 0 0"><span class='ocrx_word' id='word_1_878' title='bbox 2343 3437 2350 3529; x_wconf 95' lang='lat' dir='ltr'> </span> 
     </span>
    </p>
   </div>
   <div class='ocr_carea' id='block_1_21' title="bbox 2035 3764 2078 3797">
    <p class='ocr_par' dir='ltr' id='par_1_22' title="bbox 2035 3764 2078 3797">
     <span class='ocr_line' id='line_1_83' title="bbox 2035 3764 2078 3797; baseline 0 0"><span class='ocrx_word' id='word_1_879' title='bbox 2035 3764 2078 3797; x_wconf 89' lang='lat'>66</span> 
     </span>
    </p>
   </div>
  </div>
 </body>
</html>
