2586 3990
160 132 219 162 UT
250 131 412 162 LICEAT
442 131 581 163 MATRI
610 133 667 163 ET
699 133 835 164 AVIAE

160 228 309 265 ἰδίκτων
341 231 432 264 κατὰ
463 231 504 265 τὸ
531 229 688 274 σύνηθες
717 233 1009 277 προτιθεμένων,
1043 235 1082 268 ἐν
1108 232 1147 268 δὲ
1169 236 1247 268 ταῖς

161 277 345 320 ἐπαρχίαις
369 275 597 320 προςτάξεων
623 276 872 320 στελλομένων
903 281 994 313 πᾶσι
1020 277 1111 322 δῆλα
1135 293 1243 313 κατα-

160 322 293 364 στῆσαι
313 320 513 356 σπευσάτω.
571 321 698 357 Datv.
717 323 762 357 id.
778 325 864 368 Apr.
881 323 948 359 ΟΡ.
963 325 1048 370 imp.
1066 325 1123 359 dn.
1138 324 1244 359 Iusti-

159 365 257 401 niani
269 377 328 412 pp.
344 369 433 411 Aug.
448 376 543 402 anno
556 366 653 403 XVI.
669 371 751 412 post
765 378 862 405 cons.
881 370 1002 405 Basilii
1015 380 1067 406 vc.

162 625 337 678 ΠΕΡΙ
377 560 746 679 ΑῙΑΦΟΡΕΞΙῙΞῙ
785 627 1242 681 ΚΕΦΑΛΑΙῼΝ

315 693 451 745 ΚΑΙ
491 694 776 748 Amissa}
817 696 1087 748 FAMOY.

182 1109 242 1155 <‘0
266 1109 374 1147 αὐτὸς
396 1111 564 1157 βασιλεὺς
588 1110 755 1156 Θεοδότῳ
781 1112 929 1158 ἐπάρχῳ
954 1113 1219 1159 πραιτωρίων.)

199 1180 278 1223 <Hp
286 1193 305 1212 ο
315 1193 333 1213 ο
343 1184 389 1223 ίμ
399 1195 411 1213 ι
419 1193 438 1236 ο
447 1181 497 1222 ν.>
539 1179 738 1226 Διαφόρων
762 1180 970 1226 κεφαλαίων
994 1181 1041 1215 εἰς
1057 1177 1150 1226 ἡμᾶς
1173 1179 1237 1216 ἆν-

1229 120 1308 166 551

1958 122 2065 165 Nov.
2100 121 2255 165 CXVII
2283 135 2344 176 pr.
2378 126 2397 163 1

1316 233 1509 269 secundum
1532 243 1665 268 morem
1690 233 1893 277 propositis,
1918 233 1955 268 in
1976 233 2168 277 provinciis
2194 243 2277 268 vero
2298 242 2400 277 prae-

1315 279 1539 323 ceptionibus
1565 278 1751 314 destinatis
1777 278 1941 313 omnibus
1970 279 2158 313 manifesta
2183 278 2401 314 constituere

1315 324 1471 360 festinet.
1563 324 1671 372 (Dat.
1696 323 1744 358 id.
1779 323 1865 368 Apr.
1900 324 1967 358 ΟΡ.
2001 324 2084 368 imp.
2119 324 2177 358 dn.
2210 323 2401 359 Iustiniani

1207 373 1253 412 [a.
1269 372 1346 411 542]
1395 381 1454 415 pp.
1480 370 1523 406 A.
1551 380 1644 406 anno
1663 368 1760 405 XVI.
1786 370 1869 413 post
1892 379 1989 405 cons.
2018 368 2139 404 Basilii
2162 368 2236 414 vc.)

1636 559 1780 596 CXVII.
1828 560 1937 595 Auth.
1954 560 2063 595 CXII.
2091 561 2274 597 0011.V111
2289 562 2344 597 tit.
2358 563 2397 596 13

1308 631 1360 679 R
1392 631 1487 680 UT
1516 629 1768 680 LICEAT
1806 629 2022 678 MATRI
2060 632 2150 679 ET
2186 630 2398 681 AVIAE

1313 700 1403 747 ET
1424 698 1605 748 ALIIS
1632 697 2067 747 PARENTIBUS
2096 697 2268 747 POST
2294 700 2399 747 LE-

1313 765 1615 815 GITIMAM
1658 766 1938 815 PARTEM
1972 766 2242 815 LIBERIS
2288 767 2399 814 DE-

1313 834 1663 883 RELICTAM
1719 833 1858 895 QUO
1910 832 2103 882 MODO
2149 833 2399 883 VOLUE-

1258 903 1480 952 10RINT
1527 901 1885 952 RESIDUAM
1930 901 2397 952 FACULTATEM

1312 969 1743 1031 DISPONERE,
1807 971 1897 1018 ET
1953 969 2117 1018 ALIA
2173 969 2396 1019 PLURA

1646 1037 1988 1087 CAPITULA
2017 1038 2071 1087 R

1601 1115 1699 1150 Idem
1724 1117 1814 1159 Aug.
1841 1114 2028 1151 Theodoto
2050 1125 2109 1160 pp.

1374 1182 1662 1227 (Praefatio.)
1710 1183 1866 1218 Diversis
1898 1183 2065 1228 capitulis
2097 1183 2143 1218 ad
2174 1192 2240 1218 nos
2273 1181 2396 1217 relatis

155 1225 383 1266 ενεχθέντων
406 1229 605 1272 αναγκαῖον
629 1226 722 1260 εἶναι
738 1224 948 1268 συνείδομεν
970 1228 1100 1272 γενικῷ
1121 1228 1239 1261 ταῦτα
1256 1231 1295 1263 15
1309 1228 1552 1263 necessarium
1592 1238 1672 1263 esse
1708 1228 1954 1273 perspeximus
1996 1228 2152 1273 generali
2193 1229 2282 1262 haec
2319 1228 2395 1271 lege

155 1267 383 1304 διατυπῶσαι
407 1271 518 1314 νόμῳ.

1309 1273 1509 1318 disponere.

1169 1350 1327 1386 CAPUT
1352 1352 1380 1387 I.

222 1406 448 1450 Θεσπίζομεν
483 1409 606 1440 τοίνυν
643 1404 771 1440 ἄδειαν
806 1406 899 1441 εἶναι
938 1410 998 1441 καὶ
1033 1410 1142 1452 μητρὶ
1180 1410 1240 1441 καὶ

153 1451 278 1497 μάμμῃ
312 1455 371 1484 καὶ
401 1454 473 1485 τοῖς
505 1451 623 1484 ἄλλοις
654 1454 800 1497 γονεῦσι
831 1452 922 1496 μετὰ
955 1452 997 1486 τὸ
1026 1452 1240 1487 καταλιπεῖν

154 1499 224 1528 τοῖς
257 1500 362 1529 παισὶ
393 1496 436 1530 τὸ
469 1498 506 1530 ἐκ
539 1499 615 1530 τῶν
641 1496 768 1540 νόμων
801 1494 1037 1543 ὀφειλόμενον
1067 1502 1171 1542 μέρος
1195 1498 1237 1532 τὸ

1378 1407 1565 1443 Sancimus
1589 1407 1698 1452 igitur
1728 1409 1906 1444 licentiam
1930 1419 2009 1444 esse
2038 1412 2074 1444 et
2096 1409 2202 1444 matri
2234 1410 2270 1443 et
2293 1408 2395 1444 aviae

1309 1454 1458 1498 aliisque
1483 1455 1709 1497 parentibus,
1742 1458 1932 1499 postquam
1962 1454 2168 1499 reliquerint
2199 1454 2279 1489 filiis
2310 1464 2393 1499 par-

1308 1502 1380 1533 tem
1405 1509 1496 1543 quae
1520 1499 1595 1542 lege
1620 1499 1779 1541 debetur,
1805 1501 1900 1544 quod
1924 1500 2099 1544 reliquum
2123 1501 2178 1535 est
2198 1509 2285 1535 suae
2309 1499 2392 1534 sub-

152 1536 354 1575 ivw'iomov
385 1543 447 1584 τῆς
472 1539 595 1575 αὐτῶν
619 1546 843 1586 περιουσίας,
875 1544 945 1577 εἰτε
970 1544 1017 1577 εἰς
1040 1541 1238 1597 ὁλόκληρον
1254 1547 1295 1579 20
1309 1545 1480 1586 stantiae,
1515 1545 1586 1579 sive
1618 1544 1655 1579 in
1688 1545 1839 1579 solidum
1870 1546 2047 1580 voluerint
2078 1545 2150 1580 sive
2181 1545 2219 1579 in
2242 1547 2392 1589 partem,

152 1585 368 1628 βουληθεῖεν
393 1588 463 1621 εἴτε
488 1589 526 1620 ἐκ
550 1590 690 1631 μέρους,
721 1590 776 1631 τῷ
799 1587 865 1631 υἱῷ
891 1585 913 1631 ἢ
937 1589 981 1635 τῇ
1006 1589 1127 1634 θὐγατ
1152 1593 1183 1632 ι’,
1215 1602 1236 1631 η

152 1629 291 1677 ἑγγόνῳ
309 1630 330 1674 ἡ
349 1634 366 1664 ἐ
388 1631 489 1679 γόνῃ,
514 1629 537 1675 ἢ
559 1637 631 1666 τοῖς
655 1633 780 1678 ἐφεξῆς
803 1635 967 1667 κατιοῦσι
993 1632 1122 1678 δωρεῖσ
1157 1648 1194 1667 αι
1216 1632 1239 1677 ἢ

152 1679 211 1709 καὶ
236 1675 295 1729 διξοὶ
314 1691 351 1710 τε
375 1681 516 1711 auratas
540 1677 741 1721 βουλήσεως
765 1676 1056 1722 καταλιμπάνειν
1080 1682 1140 1714 ἐπὶ
1164 1693 1236 1713 τοι-

1308 1590 1380 1624 filio
1405 1591 1461 1625 vel
1485 1589 1594 1631 filiae,
1627 1590 1749 1634 nepoti
1774 1591 1828 1624 vel
1852 1591 1951 1635 nepti
1981 1593 2017 1625 et
2048 1590 2216 1635 deinceps
2247 1590 2394 1624 descen-

1309 1636 1474 1670 dentibus
1508 1636 1641 1670 donare
1673 1639 1735 1669 aut
1767 1636 1873 1670 etiarn
1906 1646 1970 1680 per
2001 1636 2161 1670 ultimam
2195 1635 2395 1679 relinquere

1307 1681 1525 1715 voluntatem
1558 1681 1625 1715 sub
1658 1680 1726 1715 hac
1753 1680 1956 1716 definitione
1989 1686 2095 1726 atque
2120 1681 2340 1723 condicione,
2364 1679 2394 1714 si

151 1722 247 1764 olm)
266 1735 347 1775 ⁰9⁶ss
365 1735 405 1756 τε
428 1725 488 1756 καὶ
513 1723 659 1767 αἱρέσει,
694 1724 729 1757 εἴ
747 1737 787 1770 γε
809 1724 1034 1778 βουληθεῖεν,
1059 1722 1146 1758 dim
1171 1725 1239 1758 τὸν
1308 1726 1495 1769 voluerint,
1521 1731 1560 1760 ut
1584 1727 1687 1770 pater
1712 1728 1776 1761 aut
1799 1726 1862 1771 qui
1884 1726 2027 1761 omnino
2052 1736 2114 1762 eos
2138 1726 2247 1761 habet
2269 1726 2306 1761 in
2329 1736 2394 1770 po-

153 1770 292 1812 πατέρα
324 1781 346 1810 η
378 1767 446 1802 τὸν
478 1764 571 1802 ὅλως
600 1770 730 1811 ἔχοντα
759 1768 906 1803 τούτους
938 1770 1168 1810 υπεξουσίους
1199 1772 1239 1803 ἐν
1253 1773 1294 1805 25

219 1836 303 1870 Νου.
324 1837 467 1870 CXVII
488 1838 652 1879 (Anthent.
668 1838 828 1871 CXII=
847 1839 923 1871 Coll.
945 1838 1034 1871 VIII
1056 1841 1101 1871 tit.
1118 1840 1173 1873 13:
1198 1840 1311 1882 yloss.)
1340 1840 1464 1873 Graece
1488 1847 1576 1873 eoetat
1600 1842 1632 1873 in
1650 1840 1733 1880 ML,
1760 1842 1792 1872 in
1811 1840 1848 1872 B
1870 1841 1976 1873 variis
2001 1841 2089 1882 locis,
2114 1853 2233 1883 mayna
2253 1853 2338 1884 pars
2360 1841 2393 1874 in

155 1881 310 1914 Prochiro
337 1890 365 1914 el
388 1883 595 1926 Epanaqoye
619 1885 696 1924 (vid.
718 1885 830 1925 infra).
854 1902 900 1908 —
924 1884 1016 1926 Epil.
1035 1885 1156 1917 Theou.
1177 1886 1251 1925 117,
1276 1886 1398 1918 Atlzan.
1423 1887 1475 1926 10,
1493 1892 1522 1918 9.
1569 1885 1692 1919 Iulian.
1719 1892 1816 1918 const.
1846 1885 1978 1919 CVIII.

215 1939 239 1961 c.
255 1927 279 1959 I
300 1927 526 1970 Θεσπίζομεν
547 1925 675 1961 ἄδειαν
695 1927 789 1961 εἶναι
814 1953 821 1961 .
836 1954 843 1961 .

920 1937 1007 1962 extat
1032 1930 1066 1962 Β
1084 1931 1137 1970 41,
1156 1938 1183 1970 5,
1201 1937 1228 1964 3.
1253 1949 1297 1954 -
1322 1932 1472 1963 Summas
1497 1938 1643 1973 repetunt
1661 1931 1827 1964 Theodori
1850 1930 1924 1972 ΒΣ,
1945 1932 2123 1965 Athanasii
2145 1930 2268 1974 c.Ipr.
2288 1944 2393 1974 para-

154 1972 225 2004 titla
248 1973 323 2005 Atlz.
340 1975 358 2005 9
380 1979 394 2012 ς’
414 1982 454 2014 15,
482 1975 534 2006 lib.
561 1976 643 2018 περὶ
668 1971 858 2018 διαφόρων
882 1969 1188 2019 ἀναγνωσμάτων
1213 1975 1301 2019 §16‚
1335 1977 1399 2009 c.l
1419 1976 1471 2019 §1
1497 1977 1659 2019 paratitla
1683 1976 1759 2009 Aeh.
1775 1977 1817 2010 13
1837 1980 1908 2014 §12

152 2060 370 2095 coqnoscens
394 2051 432 2085 in
451 2050 520 2085 hac
536 2051 678 2095 quidem
700 2052 806 2096 felici
828 2052 972 2087 civitate
996 2053 1123 2087 edictis
1146 2063 1247 2088 more
1269 2053 1378 2089 solito
1398 2054 1613 2100 propositis,
1638 2055 1676 2088 in
1693 2053 1895 2099 provinciis
1915 2058 2034 2089 autem
2047 2054 2258 2101 praeceptis
2277 2055 2394 2089 missis

153 2096 348 2140 manifesta
373 2095 537 2131 omnibus
560 2096 711 2131 reddere
735 2096 888 2132 studeat.

297 2299 399 2348 DE
429 2298 519 2348 DI
526 2298 773 2349 VERSIS
809 2299 975 2349 CAPI
973 2299 1052 2348 TI
1049 2299 1183 2349 BUS
1199 2230 1735 2350 CICYIHEOLUTIONE
1766 2299 2006 2350 MATRI
2004 2300 2064 2351 M
2071 2301 2200 2352 ΟΝ]
2196 2302 2230 2352 I
2234 2343 2244 2353 .

289 2377 544 2423 Praefatio.
594 2377 754 2412 Diversis
787 2378 966 2424 capitibus
999 2378 1050 2413 ad
1079 2389 1147 2413 nos
1177 2378 1304 2414 relatis
1335 2379 1576 2413 necessarium
1607 2378 1709 2413 nobis
1733 2378 1846 2413 visum
1870 2382 1923 2414 est
1953 2379 2117 2424 qenerali
2140 2380 2218 2426 leqe
2240 2392 2284 2416 ea
2307 2392 2390 2417 con-

151 2423 200 2459 sti
202 2427 311 2459 tuere.

288 2469 316 2502 I.
367 2468 557 2503 Sancimus
579 2469 692 2513 iqitur
723 2468 831 2503 licere
861 2472 896 2503 et
926 2468 1035 2503 matri
1066 2471 1103 2502 et
1133 2468 1235 2503 aviae
1267 2472 1302 2502 et
1334 2468 1462 2503 ceteris
1486 2467 1716 2512 parentibus,
1743 2471 1941 2514 postquam
1974 2469 2095 2504 liberis
2115 2471 2319 2515 portionem
2343 2483 2393 2507 ex

153 2514 292 2559 leqibus
326 2513 481 2548 debitam
516 2513 760 2559 reliquerunt,
796 2513 974 2559 reliquam
1009 2514 1022 2547 i
1049 2524 1170 2547 sorum
1204 2512 1461 2554 substantiam,
1497 2514 1570 2547 sive
1607 2514 1644 2546 in
1679 2513 1834 2547 solidum
1869 2515 1943 2548 sive
1978 2525 2027 2549 ex
2058 2520 2166 2560 parte
2200 2516 2391 2558 voluerint,

150 2561 229 2604 filio
261 2559 316 2594 vel
342 2558 460 2603 filiae,
497 2558 554 2593 vel
581 2560 703 2604 nepoti
734 2558 790 2594 vel
818 2559 936 2604 nepti,
973 2569 1013 2593 vc
1058 2558 1227 2603 deinceps
1259 2558 1556 2593 descendentibus
1586 2557 1727 2592 donare
1757 2558 1812 2593 vel
1841 2559 1949 2593 eliam
1973 2571 2045 2611 per
2074 2560 2236 2595 ultimam
2267 2561 2391 2596 volun-

155 2609 264 2639 tatem
294 2605 498 2649 relinquere
528 2603 592 2638 sub
626 2604 695 2638 lzac
728 2604 805 2649 leqe
838 2609 872 2638 et
902 2603 1129 2645 condicione,
1161 2604 1194 2637 si
1218 2603 1361 2648 quidem
1393 2603 1589 2643 voluerint,
1623 2608 1662 2637 ut
1691 2608 1800 2648 puter
1831 2608 1896 2638 aut
1926 2615 2140 2650 quicumque
2170 2617 2234 2641 eos
2263 2607 2301 2640 in
2317 2618 2390 2652 po-

202 2686 218 2717 1
246 2680 399 2737 ἐᾷίκτων
422 2684 454 2716 L
477 2683 488 2725 11
514 2684 532 2715 3
558 2693 591 2715 v.
617 2684 660 2715 id.
686 2694 755 2725 apr.
773 2684 830 2724 M]
856 2683 899 2715 id.
922 2685 1001 2725 Apr.
1025 2683 1132 2718 ςΑιΙι.
1148 2684 1233 2724 vulg).

152 2726 630 2806 &ZZfflJ'gssffvffig‘j-,dzni
654 2728 1236 2816 215'ffl21a33232¹¹2522}i5{5'1]30ff1⁰2.

153 2817 246 2852 λείου
260 2820 336 2852 ΑίΙι.
369 2819 440 2851 ἔτει
462 2816 507 2851 ιε’
527 2816 712 2861 βασιλείας
733 2818 826 2862 μετὰ
852 2816 1030 2852 ὑπατείαν
1046 2815 1236 2849 Βασιλείου

155 2866 275 2897 Theod.
310 2864 434 2896 bilisar.
460 2875 510 2896 uo.
536 2874 640 2896 consa.
666 2865 713 2896 M
734 2864 745 2908 11
776 2866 896 2897 6rubr.
921 2865 1011 2907 Περὶ
1035 2882 1078 2886 -
1103 2860 1237 2895 λύσεως

152 2906 267 2955 γάμου
283 2909 424 2954 (γάμων
438 2910 481 2950 L)
499 2909 582 2950 ML]
607 2911 698 2952 Περὶ
721 2908 851 2954 γάμων
871 2911 930 2941 καὶ
950 2904 1153 2951 ῥεπουδίων
1176 2909 1236 2939 καὶ

153 2958 315 2999 γνησίων
340 2951 485 2988 παίδων
509 2956 568 2986 καὶ
594 2951 781 2998 διαφόρων
806 2952 1013 2998 κεφαλαίων
1037 2954 1112 2985 Atlz.
1146 2954 1236 2996 Περὶ

153 3000 329 3041 repudians
352 3001 413 3031 καὶ
432 3001 514 3041 περὶ
531 2996 654 3031 ἄλλων
670 2997 879 3041 κεφαλαίων
894 3000 1013 3031 leeod.
1032 2999 1087 3038 (cf.
1102 2997 1235 3031 Nomoc.

154 3045 255 3078 XIV
275 3047 319 3076 tit.
349 3046 430 3084 11,1
462 3041 483 3084 ἡ
510 3046 591 3086 περὶ
616 3040 818 3087 ῥεπουδίων
843 3040 1138 3086 διαλαμβάνουσα
1162 3040 1234 3086 ριζ’

154 3086 276 3133 νεαρά,
294 3090 363 3121 sim.
385 3090 436 3129 13,
451 3091 478 3128 3)
501 3088 551 3120 De
569 3088 707 3120 diversis
725 3088 881 3130 capitulis
899 3101 975 3130 app.
990 3087 1085 3121 Iul.¹'²’
1099 3088 1154 3128 (al.
1171 3092 1202 3129 ς)
1225 3086 1236 3131 11

158 3136 197 3167 ’13
224 3136 317 3166 inser.
344 3146 402 3166 om.
427 3133 516 3173 ML,
541 3134 689 3175 supplevi
713 3146 750 3166 ex
774 3135 849 3165 Ath.
873 3145 909 3170 ςς
943 3132 1141 3175 Imperatori
1165 3134 1235 3174 (sic)

154 3178 358 3211 iustinianus
388 3188 462 3218 aug.
497 3180 591 3220 petro
622 3178 782 3219 magistro
813 3178 999 3210 officiorum
1030 3180 1063 3210 et
1093 3177 1235 3219 patricio

154 3223 247 3264 Inest,
273 3226 305 3256 in
328 3236 389 3265 quo
409 3225 559 3255 rubricae
583 3235 654 3265 cap.
671 3225 735 3256 378
762 3224 894 3256 additur
919 3224 1085 3265 inscriptio
1110 3231 1139 3256 et
1160 3235 1237 3266 pro-

156 3271 286 3302 oemium
311 3270 413 3311 ipsius
439 3268 582 3300 novellae
608 3270 662 3310 (cf.
688 3270 734 3300 ad
757 3269 798 3309 ς),
833 3270 885 3301 cui
908 3269 1112 3310 inscriptioni
1135 3280 1156 3300 a
1181 3268 1235 3301 Pi-

156 3317 245 3347 tlzoeo
267 3316 299 3347 in
325 3315 373 3346 ed.
396 3314 524 3346 Iuliani
546 3320 692 3355 receptae
717 3326 778 3345 non
805 3314 952 3345 convenit
968 3314 1131 3355 epiloqus;
1155 3312 1234 3356 imp.

154 3362 231 3392 iust.
258 3370 286 3391 a.
315 3371 389 3401 app.
415 3355 507 3397 Iul.⁶,
543 3357 754 3399 imperatoris
786 3357 962 3390 iustiniani
991 3357 1127 3399 augusti
1156 3371 1233 3401 app.

154 3406 236 3438 lum
262 3405 273 3447 11
302 3406 343 3437 14
367 3399 645 3442 ἀνενεχθέντων
660 3404 736 3435 Am.
752 3405 781 3442 ς]
815 3402 1045 3444 ἐνεχθέντων
1062 3402 1150 3435 MLb
1173 3398 1236 3437 οἷν-

156 3449 350 3491 αχθέντων
362 3449 412 3481 La
430 3448 442 3485 11
462 3450 502 3481 20
518 3443 641 3480 αὐτῶν
656 3448 731 3480 ΜΒ
752 3447 893 3480 ἑαυτῶν
906 3449 935 3479 L
956 3447 967 3490 11
985 3449 1022 3481 21
1038 3447 1082 3493 τῇ
1101 3461 1159 3481 om.
1174 3449 1209 3481 B
1226 3448 1238 3491 11

155 3492 178 3535 ἢ
202 3494 352 3540 ἐγγόνω]
377 3490 400 3535 ἢ
419 3507 476 3526 om.
492 3504 511 3528 ς
528 3493 539 3535 11
559 3494 609 3534 22,
625 3489 647 3534 ἢ
670 3494 743 3524 τοῖς
767 3492 902 3537 ἐφεξῆς]
928 3496 960 3524 et
984 3494 1017 3532 (i.
1036 3506 1061 3525 e.
1086 3494 1157 3535 καὶ)
1182 3493 1234 3526 de-

156 3540 267 3580 inceps
292 3552 310 3575 ς
337 3538 348 3582 11
381 3540 423 3572 23
447 3536 656 3570 relicuum*
674 3537 722 3570 L²
746 3538 757 3581 11
783 3536 952 3579 τοιούτῳ]
975 3536 1094 3580 τούτῳ
1117 3539 1205 3581 Β(ς)
1225 3538 1237 3583 11

158 3585 202 3617 24
225 3580 324 3623 a‘is‘ce]
356 3583 451 3616 εἴστε
475 3583 520 3615 L¹

227 3719 243 3751 1
270 3728 348 3750 vero
372 3730 429 3751 om.
445 3719 477 3750 R
503 3717 516 3762 11
540 3719 560 3751 3
585 3718 845 3759 subscriptionem
871 3718 949 3750 libri
971 3718 1130 3757 omittunt,
1155 3719 1232 3751 add.

1305 2683 1352 2714 ed.
1376 2682 1495 2714 Veneta
1519 2683 1616 2721 1491,
1643 2684 1727 2725 vulp.
1759 2682 1771 2724 11
1799 2684 1820 2716 4
1844 2693 1897 2715 an.
1921 2682 2017 2716 XVI.
2042 2694 2094 2726 pe.
2118 2683 2200 2716 basi.
2222 2684 2293 2717 vice
2316 2695 2389 2718 con.

1306 2728 1354 2759 ed.
1379 2727 1467 2768 Ven.,
1493 2737 1581 2759 anno
1598 2726 1674 2760 XV.
1700 2727 1827 2759 Basilio
1851 2738 1900 2760 vc.
1926 2738 2004 2760 cons
2027 2730 2112 2772 vuly.
2129 2729 2142 2772 11
2162 2732 2181 2763 5
2196 2732 2390 2763 constitutio—

1304 2773 1354 2804 nis
1373 2772 1518 2805 CXVII
1529 2775 1587 2812 (=
1599 2774 1696 2805 Autlz.
1717 2773 1835 2813 CXII)
1859 2786 1930 2816 cap.
1950 2775 1977 2807 1.
1994 2774 2013 2806 2
2035 2782 2145 2807 extant
2160 2776 2191 2807 in
2212 2777 2391 2818 appendice

1304 2816 1401 2850 Iulstv
1418 2819 1450 2858 (b
1471 2818 1548 2860 kap.
1564 2818 1666 2858 CXC,
1690 2831 1711 2850 v
1730 2821 1833 2850 const.
1849 2818 2004 2850 CXXIII
2029 2819 2105 2861 kap.
2121 2819 2310 2861 DXCIIII,
2334 2833 2390 2853 no-

1306 2864 1354 2895 bis
1378 2879 1422 2891 =
1448 2865 1464 2894 b
1490 2871 1520 2895 et
1542 2864 1576 2903 v)
1597 2865 1608 2903 11
1626 2864 1645 2895 6
1659 2865 1745 2896 rubr.
1771 2864 1821 2895 De
1843 2863 1983 2896 diuersis
2008 2864 2163 2906 capitulis
2188 2867 2226 2898 bv
2242 2867 2253 2906 11
2274 2867 2294 2899 8
2314 2875 2389 2908 par-

1304 2910 1372 2939 tem
1397 2920 1454 2939 om.
1473 2908 1505 2939 T
1525 2907 1536 2950 11
1559 2907 1639 2939 filiis
1663 2908 1697 2940 V
1715 2908 1726 2950 11
1756 2910 1776 2941 9
1801 2909 1948 2940 uoluerit
1971 2909 2028 2952 Vll
2058 2912 2097 2943 11
2124 2910 2272 2951 capitula
2291 2910 2390 2952 plura

1303 2954 1388 2995 vulq.
1415 2951 1561 2993 capitula
1582 2952 1688 2984 multa
1711 2952 1767 2996 Vl}
1794 2956 1833 2987 13
1859 2955 1955 2986 inser.
1981 2954 2060 2996 imp.
2084 2954 2161 2987 iust.
2187 2965 2216 2988 a.
2244 2958 2260 2986 b
2285 2956 2388 2998 impe-

1304 2997 1424 3029 ratoris
1447 2997 1625 3029 iustiniani
1646 2998 1782 3039 augusti
1805 3011 1825 3030 v
1862 2999 2061 3040 Imperatori
2087 3001 2158 3041 (sic)
2183 3001 2388 3032 iustinianus

1303 3053 1378 3083 aug.
1405 3045 1498 3084 petro
1531 3043 1689 3083 magistro
1721 3043 1907 3075 officiorum
1938 3047 1970 3076 et
1998 3044 2141 3085 patricio
2165 3043 2246 3077 Iul!
2271 3057 2296 3077 c.
2323 3046 2388 3078 378

1304 3090 1376 3129 (ubi
1390 3095 1466 3130 post
1482 3089 1643 3120 rubricam
1660 3088 1789 3120 Iuliani
1803 3090 1970 3130 inscriptio
1988 3096 2016 3121 et
2027 3091 2225 3153 prooemium
2243 3090 2388 3122 novellae

1305 3134 1406 3175 ipsius
1431 3133 1680 3174 interpolantur)
1700 3131 1712 3175 11
1732 3134 1773 3166 14
1796 3133 1935 3173 prolatis
1959 3133 2022 3166 Iul.
2054 3146 2081 3166 e.
2098 3135 2162 3166 378
2180 3134 2191 3177 11
2216 3136 2253 3167 15
2274 3144 2387 3166 neces-

1304 3178 1392 3210 sario
1418 3180 1433 3208 1)
1465 3177 1476 3219 11
1504 3177 1733 3220 prespeximus
1763 3178 1955 3216 agennerali
1988 3178 2231 3210 constitucione
2256 3178 2387 3211 difinire

1303 3221 1385 3255 lull>
1399 3235 1422 3254 c.
1435 3223 1500 3255 378
1521 3221 1533 3265 11
1549 3221 1640 3262 haec]
1661 3223 1721 3253 hac
1735 3223 1768 3254 R
1779 3223 1840 3254 VT
1854 3222 1865 3265 11
1895 3225 1932 3256 17
1948 3225 2036 3256 rubr.
2063 3223 2098 3254 Si
2115 3226 2219 3255 mater
2234 3225 2294 3255 aut
2310 3223 2388 3256 auia

1302 3266 1555 3300 filiumfamilias
1571 3267 1724 3299 heredem
1740 3267 1937 3307 instituerit,
1955 3272 1992 3299 ut
2005 3270 2100 3309 pater
2116 3268 2222 3309 ipsius
2239 3268 2387 3301 fructum

1303 3312 1496 3345 hereditatis
1527 3322 1594 3343 non
1621 3311 1748 3343 habeat.
1792 3314 1825 3343 et
1849 3312 1888 3343 de
1912 3312 2147 3344 donationibus
2178 3315 2210 3344 et
2239 3313 2280 3345 de
2311 3313 2387 3346 aliis

1303 3356 1561 3390 liberalitatibus
1586 3356 1699 3388 eodem
1715 3357 1812 3388 modo
1834 3358 1869 3388 in
1887 3357 2139 3389 filiumfamilias
2156 3358 2261 3390 saetis.
2298 3360 2332 3390 et
2347 3358 2387 3390 de

1303 3402 1514 3435 curatoribus
1545 3401 1616 3434 siue
1648 3401 1974 3434 administratoribus
2005 3413 2115 3434 rerum
2151 3403 2184 3434 R
2209 3415 2311 3446 marq.
2336 3403 2388 3445 (esc

1302 3448 1380 3488 Iul.)
1398 3447 1410 3489 11
1434 3457 1500 3478 esse
1525 3459 1583 3479 om.
1600 3447 1651 3478 Τι
1676 3446 1688 3489 11
1706 3451 1738 3478 et
1761 3448 1873 3486 matri]
1899 3448 1995 3478 matri
2022 3448 2054 3479 R
2072 3447 2084 3490 11
2112 3449 2152 3481 18
2176 3447 2330 3488 aliisque]
2355 3450 2387 3480 et

1305 3492 1381 3524 aliis
1395 3491 1479 3524 R2T
1493 3491 1568 3523 aliis
1581 3491 1629 3523 R¹
1641 3490 1652 3535 11
1671 3492 1896 3533 relinquerint
1913 3493 1974 3524 VT
1983 3494 2020 3523 bv
2041 3491 2216 3533 reliquerit
2228 3494 2260 3525 R
2272 3491 2284 3537 11
2296 3492 2386 3534 filiis]

1304 3536 1458 3569 omnibus
1477 3538 1516 3568 bv
1535 3537 1546 3579 11
1563 3539 1735 3579 parentem
1756 3537 1806 3570 V²
1822 3538 1833 3579 11
1856 3539 1894 3569 19
1909 3539 2005 3578 quae]
2024 3547 2123 3577 quam
2139 3547 2179 3569 ex
2194 3550 2215 3569 v
2234 3537 2245 3579 11
2262 3547 2328 3578 quo
2346 3540 2364 3570 b
2376 3541 2388 3581 11

1305 3584 1347 3616 20
1370 3581 1518 3614 uoluerit
1541 3594 1561 3613 v
1579 3581 1591 3624 11
1616 3583 1656 3615 21
1683 3584 1780 3624 nepte
1804 3594 1824 3613 v
1842 3582 1854 3624 11
1872 3584 1914 3622 et]
1940 3581 1995 3614 uel
2021 3582 2054 3614 T
2066 3582 2078 3625 11
2096 3582 2306 3615 desoentibus
2326 3582 2362 3616 V
2376 3584 2388 3625 11

1305 3628 1346 3660 23
1371 3626 1597 3659 definitionem
1617 3629 1633 3658 b
1653 3625 1665 3670 11
1681 3627 1905 3659 conditionem
1921 3639 1941 3657 v
1961 3626 1972 3669 11
1995 3627 2039 3660 24
2063 3629 2113 3667 ut]
2140 3640 2179 3656 n
2197 3627 2247 3660 R²
2265 3627 2277 3670 11
2293 3629 2388 3669 pater

1303 3672 1362 3714 qui
1386 3672 1521 3704 omnino
1546 3673 1604 3704 aut
1626 3672 1683 3715 Vss
1706 3672 1766 3713 qui
1790 3685 1847 3704 οηι.
1862 3684 1882 3703 υ
1900 3671 1913 3715 11
1937 3671 2061 3704 habent
2083 3672 2239 3715 VTvulq.
2257 3672 2270 3716 11
2294 3675 2386 3716 pote-

1302 3719 1418 3749 statem
1441 3717 1490 3750 Vv
