2618 4010
265 142 371 186 Nov.
401 141 502 185 xiv
1076 166 1078 168 -
1340 136 1416 183 1⁰8
2155 156 2213 187 nn
2237 156 2486 189 mummius

264 263 316 286 m
339 264 382 285 συ
402 265 426 298 y
450 250 546 297 αφὴν
576 249 619 285 τὸ
652 247 780 285 λοιπὸν
811 251 872 285 ἐπὶ
899 247 1039 285 τούτοις
1066 248 1251 294 τολμήσειε
1282 247 1341 283 λα-
1410 252 1488 286 tero
1510 250 1547 285 in
1570 251 1703 287 talibus
1759 262 1898 288 raecum
1925 253 2010 290 serit
2031 256 2096 290 aut
2123 253 2367 291 fideiussorem
2389 254 2484 290 acci-

262 300 343 341 βεῖν
436 292 605 343 γγυητήν,
646 295 737 329 ἴστω
767 292 882 339 μηδὲν
916 297 984 339 μὲν
1015 293 1141 340 ὄφελος
1171 295 1234 337 τῆς
1268 307 1341 329 τοι·
1436 304 1513 337 ere,
1545 295 1637 331 sciat
1667 306 1715 331 nu
1744 305 1801 332 am
1831 308 1855 344 q
1882 297 1891 307 ⁸
1917 308 1972 334 em
2003 309 2043 335 se
2072 298 2259 335 utililatem
2282 298 2485 336 huiusmodi

263 339 370 384 αύτης
388 342 483 383 ἔχων
505 338 628 387 ἐγγύης
647 338 726 383 ἢτοι
746 341 957 395 συγγραφῆς.
994 343 1053 374 καὶ
1071 339 1139 386 γὰρ
1157 336 1178 373 ό
1197 340 1265 383 μὲν
1287 340 1341 386 ἐγ·
1409 305 1646 376 fideiussionis
1670 344 1733 376 ant
1756 341 2030 389 conscriptionis
2053 343 2196 380 habere.
2231 344 2375 381 Etenim
2397 344 2484 380 fide-

261 384 388 433 γυητὴς
411 387 530 427 ἔνοχος
552 380 615 418 ούκ
637 387 751 427 ἔσται,
774 398 797 429 η
820 382 863 419 δε·
881 398 922 431 γε
945 383 1129 431 συγγραφὴ
1158 387 1342 420 παντοίως
1409 383 1528 420 iussor
1558 384 1698 437 quidem
1730 385 1908 430 obligatus
1937 398 2009 425 non
2037 388 2122 431 erit,
2157 390 2373 435 conscriptio
2399 399 2484 425 vero

261 429 386 476 ἄκυρος
407 433 522 474 μενεῖ·
546 432 606 464 καὶ
629 425 752 472 αὗτός,
777 427 947 476 καθάπερ
972 428 1134 464 εἰπόντες
1161 428 1340 475 ἔφθημεν,
1376 432 1396 464 5
1410 429 1552 464 omnino
1575 429 1731 465 invalida
1750 431 1923 477 manebit3
1947 437 1984 469 et
2001 433 2090 480 ipse,
2114 434 2209 470 sicut
2230 434 2483 480 praediximus,

261 474 328 517 τὴν
359 475 407 509 εἰς
438 473 481 509 τὸ
507 475 613 519 σῶμα
643 478 824 522 τιμωρίαν
849 472 1091 518 ύποστήσεται
1117 476 1176 507 καὶ
1199 474 1260 517 τῆς
1280 487 1339 519 με·
1410 473 1447 509 in
1472 484 1622 519 corpore
1645 474 1862 520 supplicium
1892 477 2082 515 sustinebit
2103 482 2142 515 et
2163 490 2198 514 m
2269 490 2292 515 a
2316 480 2385 515 hac
2407 479 2484 515 lon-

261 518 366 566 γάλης
395 516 529 563 ταύτης
560 518 609 555 ὥς
641 517 866 568 πορρωτάτω
900 518 1038 555 πόλεως
1071 516 1340 562 έξελαθὴσεται.
1408 518 1550 563 gissime
1583 518 1726 555 civitate
1761 519 1969 566 expelletur.
2026 523 2194 560 Mulieres
2228 528 2351 571 ltaque
2386 528 2484 560 caste

268 565 332 599 Τὰς
359 563 428 622 γὰρ
459 562 504 608 δὴ
533 567 703 612 γυναῖκας
733 567 938 611 σωφρονεῖν
967 565 1035 608 μὲν
1089 561 1271 607 ουλόμεθά
1300 576 1340 598 τε
1409 563 1550 609 quidem
1582 564 1699 600 vivere
1730 566 1891 602 volumus
1923 570 1959 602 et
1989 577 2149 613 oramus,
2184 580 2258 606 non
2288 573 2407 606 autem
2429 569 2483 604 in-

261 612 320 643 καὶ
343 606 537 654 εὖχομεθα,
561 608 611 667 μὴ
640 608 711 655 μὴν
741 607 893 644 ἀκούσας
916 609 964 643 εἰς
987 605 1050 642 ἀσε
1060 609 1118 663 γῆ
1145 612 1230 653 βίον
1257 621 1340 643 κατ·
1407 608 1499 644 vitas
1526 608 1573 644 ad
1601 609 1820 646 luxuriosam
1851 609 1959 646 Vitam
1991 612 2117 649 deduci
2146 624 2213 650 nec
2243 615 2350 660 impie
2380 624 2484 659 agere

261 653 418 702 ἄγεσθαι
439 653 530 700 μηδὲ
552 658 697 699 ασεβεῖν
715 652 994 701 ἀναγκάζεσθαι.
1028 665 1151 690 πασαν
1170 653 1238 701 γὰρ
1254 666 1339 700 πορ-
1358 657 1396 689 10
1409 653 1498 698 cogi.
1546 654 1698 690 Omnino
1730 655 1823 690 enim
1854 655 2068 693 lenocinium
2095 660 2132 694 et
2153 658 2231 695 fieri
2278 659 2483 696 rohibemus

260 702 457 744 νοβοσκίαν
485 703 545 734 καὶ
577 701 750 747 γίνεσθαι
772 699 954 743 κωλύομεν
980 701 1039 732 καὶ
1061 701 1259 745 γενομένην
1282 711 1339 733 κο-
1407 703 1444 734 et
1466 699 1602 735 factum
1624 699 1804 745 punimus,
1828 701 2021 753 praecipue
2044 702 2184 748 quidem
2204 704 2242 740 in
2313 715 2334 741 c
2351 704 2482 740 felicis-

261 742 424 789 λάζομεν,
448 743 695 792 διαφερόντως
721 746 789 788 μὲν
812 746 871 779 ἐπὶ
895 740 1026 786 ταύτης
1048 744 1110 796 τῆς
1132 740 1341 798 εύδαίμορος
1408 744 1498 780 sima
1522 744 1663 780 civitate
1695 749 1731 780 et
1753 745 1791 780 in
1814 755 1889 781 elus
1914 746 2083 790 circuitu,
2114 748 2341 786 nihilominus
2364 754 2484 786 autem

260 787 398 825 πόλεως
427 793 487 824 καὶ
518 792 558 824 ἐν
587 791 632 838 τῇ
663 789 794 832 ταύτης
824 786 1032 831 περιοικίὸι,
1067 786 1173 823 ουὸὲν
1207 787 1247 823 δὲ
1280 801 1338 832 ητ-
1408 793 1444 824 et
1466 789 1504 825 in
1526 789 1614 826 locis
1639 790 1726 826 foris
1750 790 1876 836 positis
1901 792 2083 835 omnibus,
2119 796 2156 828 et
2181 803 2273 839 quae
2303 795 2349 830 ab
2382 794 2482 830 initio

260 847 325 870 τον
356 838 416 869 καὶ
445 836 484 869 ἐν
512 839 585 870 τοῖς
612 835 683 876 ἔξω
708 833 829 869 τόποις
859 831 974 868 ἅπασι
996 837 1070 868 τοῖς
1098 848 1138 868 τε
1167 833 1205 874 ἐξ
1235 830 1339 882 ἀρχῆς
1407 837 1553 871 nostrae
1576 838 1660 871 sunt
1682 835 1900 881 reipublicae
1925 838 1962 872 et
1981 847 2071 881 quae
2095 848 2191 874 nunc
2214 849 2237 874 a
2257 839 2399 875 domino
2417 839 2483 875 deo

259 880 321 923 τῆς
355 876 464 934 ἦμετέ
485 892 524 914 ας
555 874 633 914 οὖσι
664 878 845 915 πολιτείας
873 881 946 913 τοῖς
975 891 1016 913 τε
1049 881 1116 913 νῦν
1145 878 1244 933 παρὰ
1274 880 1337 914 τοῦ
1354 882 1393 914 15
1407 879 1541 915 donata
1565 884 1649 916 sunt
1671 881 1794 924 nobis,
1823 883 1860 917 et
1886 881 2036 918 maxime
2064 882 2100 917 in
2123 882 2211 927 illis,
2244 894 2286 920 eo
2309 884 2405 930 quod
2428 884 2484 920 dei

261 922 437 960 δεσποτου
491 926 549 959 εοῦ
574 923 833 972 δεδωρημένοις
854 920 953 968 ἡμῖν·
977 927 1037 958 καὶ
1059 922 1215 969 μάλιστα
1234 937 1275 972 γε
1298 926 1339 959 ἐν
1407 925 1519 969 (lona,
1556 936 1647 971 quae
1670 925 1768 961 circa
1791 930 1951 962 nostram
1971 927 2059 963 fecii:
2081 928 2351 973 rempublicam,
2384 929 2482 965 volu-

261 970 416 1012 ἐκείνοις,
441 967 535 1004 διότι
559 969 621 1004 τὰς
639 971 703 1004 τοῦ
723 969 813 1003 θεοῦ
838 966 983 1016 δωρεάς,
1006 966 1046 1004 ἃς
1066 971 1147 1016 περὶ
1170 969 1238 1013 τὴν
1258 965 1337 1014 ἡμε-
1406 980 1484 1006 mus
1520 971 1723 1006 conservari
1757 981 1850 1016 pura.
1886 972 1932 1007 ab
1963 972 2059 1008 omni
2089 972 2155 1008 tali
2183 974 2411 1017 necessitate,
2447 978 2484 1010 et

259 1017 369 1060 τέραν
398 1013 589 1069 ἐποιήσατο
619 1013 814 1056 πολιτείαν,
848 1013 1058 1058 βουλόμεθα
1087 1011 1338 1059 φυλάττεσθαι
1407 1015 1539 1051 domini
1571 1015 1627 1051 dei
1664 1015 1759 1051 circa
1799 1027 1866 1052 nos
1908 1028 2053 1053 munere
2094 1028 2173 1053 esse
2209 1022 2245 1053 et
2276 1028 2483 1064 permanere

260 1059 422 1107 καθαρὰς
445 1072 561 1102 πασης
585 1056 748 1102 τοιαύτης
778 1056 930 1106 ἀνάγκης
961 1062 1020 1093 καὶ
1052 1061 1113 1103 τῆς
1142 1058 1241 1106 παρὰ
1273 1060 1336 1094 τοῦ
1407 1060 1523 1106 digna.
1572 1060 1754 1096 Credimus
1779 1062 1871 1097 enim
1893 1062 1931 1097 in
1955 1062 2097 1098 domino
2119 1063 2184 1098 deo
2210 1062 2317 1098 etiam
2347 1074 2392 1100 ex
2414 1064 2483 1100 hoc

261 1103 437 1140 δεσπότου
466 1105 556 1139 θεοῦ
581 1107 663 1150 περὶ
687 1101 774 1148 ἡμᾶς
797 1101 932 1149 δωρεᾶς
955 1104 1051 1138 εἶναί
1071 1118 1111 1139 τε
1134 1107 1194 1138 καὶ
1218 1103 1337 1148 διαμέ-
1353 1107 1394 1139 20
1407 1110 1531 1142 nostro
1556 1106 1653 1142 circa.
1677 1106 1877 1142 castitatem
1908 1108 2025 1143 studio
2050 1118 2215 1160 magnum
2238 1107 2316 1143 fieri
2339 1112 2483 1144 nostrae

259 1162 336 1183 νειν
369 1146 479 1190 ἀξίας.
537 1148 833 1202 Πεπιστεύκαμεν
867 1148 935 1196 γὰρ
970 1150 1018 1184 εἰς
1055 1149 1121 1184 τὸν
1157 1148 1339 1193 δεσπότην
1407 1151 1623 1196 reipublicae
1646 1151 1919 1193 incrementum,
1953 1152 2019 1188 deo
2043 1153 2146 1189 nobis
2169 1153 2288 1188 omnia
2309 1164 2483 1199 prospera

261 1192 351 1229 θεὸν
374 1197 435 1228 καὶ
459 1196 497 1229 ἐκ
519 1194 650 1237 ταύτης
673 1195 776 1238 ημῶν
799 1195 860 1237 τῆς
889 1197 971 1240 περὶ
1002 1193 1069 1238 τὴν
1100 1194 1339 1242 σωφροσύνην
1408 1206 1471 1240 per
1495 1196 1582 1231 talia
1606 1206 1715 1242 opera
1739 1197 1954 1233 conferente.

259 1237 412 1283 σπουδῆς
439 1236 597 1287 μεγάλην
623 1239 777 1274 ἔσεσθαι
800 1240 845 1286 τῇ
875 1236 984 1283 ἡμετέ
1005 1254 1028 1283 ᾳ
1048 1238 1213 1283 πολιτείᾳ
1237 1251 1338 1285 προς-

259 1282 389 1328 θῆκην,
412 1286 476 1319 τοῦ
496 1285 585 1319 θεοῦ
610 1283 732 1319 πάντα
754 1281 838 1328 ἡμῖν
858 1285 958 1319 αἴσια
982 1253 1042 1319 §aa
1064 1286 1142 1320 τῶν
1161 1282 1339 1319 τοιούτων

260 1332 501 1376 παρεχομένου
524 1329 702 1377 πράξεων.
1351 1331 1393 1364 25

302 1384 423 1433 (Ἐπί
430 1385 584 1433 λογος.)
617 1382 738 1420 “Ὀπως
761 1384 808 1419 ἂν
831 1378 894 1420 οὗν
916 1383 1012 1430 ὑμεῖς
1035 1399 1063 1420 π
1089 1387 1176 1420 ὦτοι
1200 1386 1237 1420 οἷ
1258 1383 1337 1430 ἡμέ-
1451 1387 1722 1434 (Epilogus.)
1774 1388 1958 1432 Quatenus
2000 1399 2039 1424 er
2062 1400 2083 1424 ο
2123 1399 2185 1425 vos
2226 1389 2331 1435 primi
2370 1390 2485 1425 nostri

257 1444 355 1478 τεροι
380 1430 526 1466 πολῖται
553 1432 615 1474 τῆς
643 1428 829 1477 σώφρονος
852 1428 957 1475 ἡμῶν
984 1429 1057 1466 ἀπο
1081 1430 1229 1466 αύσαιτε
1260 1430 1338 1465 δια-
1407 1431 1501 1467 cives
1522 1437 1621 1468 caste
1639 1436 1684 1475 [a]
1704 1436 1828 1469 nostra
1846 1433 2013 1469 fruamini
2055 1434 2271 1479 ispoeitione‚
2293 1439 2484 1480 propterea

258 1474 473 1518 τυπώσεως,
498 1474 557 1511 διὰ
578 1477 684 1511 τοῦτο
707 1474 802 1519 τῷδε
825 1477 879 1519 τῷ
906 1476 1000 1520 θείῳ
1024 1475 1222 1523 κηρύγματι
1245 1474 1338 1522 χρώ-
1407 1476 1475 1512 hac
1499 1476 1767 1521 praedicatione
1795 1489 1899 1514 sacra
1928 1480 2071 1521 utimur,
2104 1481 2145 1514 ut
2177 1479 2301 1515 sciatis
2324 1483 2484 1515 nostrum

257 1522 375 1565 μεθα·
418 1518 517 1557 ὅπως
554 1518 600 1555 ἂν
636 1519 785 1564 εἰδείητε
819 1520 885 1564 τὴν
921 1519 1096 1569 ἡμετέραν
1131 1524 1213 1568 περὶ
1250 1519 1339 1577 ὑμᾶς
1409 1521 1505 1557 circa
1528 1532 1590 1557 vos
1614 1523 1771 1558 studium
1793 1523 1863 1569 <et>
1888 1524 1983 1559 circa
2007 1524 2208 1560 castitatem
2240 1529 2347 1570 atque
2370 1524 2482 1569 pieta-

259 1565 419 1610 σπουδὴν
449 1570 510 1601 καὶ
540 1565 606 1601 τὸν
635 1570 717 1611 περὶ
741 1564 807 1609 τὴν
830 1566 1070 1612 σωφροσύνην
1093 1580 1133 1601 τε
1153 1569 1213 1600 καὶ
1245 1569 1337 1600 ευσέ-
1353 1569 1394 1602 30
1407 1568 1478 1602 tem
1513 1567 1656 1603 labores
1690 1572 1851 1611 nostros,
1890 1579 1955 1614 per
1987 1580 2075 1614 quos
2110 1569 2148 1604 in
2183 1569 2346 1606 omnibus
2381 1570 2484 1605 bonis

258 1616 365 1657 βειαν
388 1609 502 1647 πόνον
523 1609 637 1655 ἡμῶν,
661 1609 713 1646 δι’
736 1602 790 1645 ὦν
815 1613 853 1646 ἐν
876 1612 1015 1646 ἅπασιν
1035 1610 1187 1659 ἀγαθοῖς
1207 1610 1337 1657 φυλαχ-
1410 1612 1583 1647 custodiri
1607 1615 1764 1648 nostram
1788 1614 2043 1660 rempublicam
2067 1625 2260 1660 speramus·

261 1654 448 1702 θήσεσθαι
469 1655 536 1701 τὴν
560 1656 736 1703 ἡμετέραν
758 1655 945 1692 πολιτείαν
964 1656 1166 1701 ἐλπίζομεν.

257 1758 446 1817 Ἐγράφη
475 1758 527 1802 τὸ
560 1758 773 1802 ἰσότυπον
803 1763 867 1815 τῷ
897 1758 1170 1816 ἐνδοξοτάτῳ
1206 1763 1338 1816 μαγί-
1406 1761 1602 1812 Scriptum
1641 1764 1843 1814 exemplar
1881 1764 2155 1813 gloriosissimo
2195 1764 2401 1815 magistro,
2444 1764 2484 1803 in

356 1831 474 1873 στρῳ
502 1815 615 1870 μετὰ
642 1819 723 1871 τῆς
752 1816 1038 1873 παραλλαγῆς
1065 1815 1251 1873 ταύτης·
1745 1832 1822 1870 qno
1854 1820 2048 1859 adiectum
2078 1824 2157 1860 est:

296 1890 418 1930 ‘'Oumc
437 1891 484 1927 ἂν
500 1890 615 1929 ἅπασι
633 1894 749 1927 ταῦτα
767 1895 908 1940 γένοιτο
926 1892 1063 1940 φανεροὶ
1082 1897 1155 1928 τοῖς
1172 1892 1239 1937 τὴν
1260 1891 1339 1939 ἡμε-
1354 1898 1395 1929 35
1455 1893 1503 1929 Ut
1535 1905 1618 1938 ergo
1650 1895 1815 1930 omnibus
1847 1896 1936 1931 haec
1964 1896 2054 1930 fiant
2083 1895 2273 1931 manifesta
2298 1895 2337 1930 in
2360 1897 2484 1931 nostra

258 1942 368 1984 τέραν
397 1940 515 1981 ἔχουσι
543 1937 741 1980 πολιτείαν,
774 1934 796 1982 ἡ
824 1942 948 1972 τοίνυν
976 1938 1021 1982 σὴ
1048 1936 1204 1985 ὑπεροχὴ
1231 1937 1337 1974 τόνδε
1405 1939 1649 1974 habitantibus
1673 1940 1869 1984 republica,
1893 1945 1956 1976 tua
1980 1941 2191 1976 sublimstas-
2206 1941 2301 1976 hanc
2324 1943 2482 1976 nostram

259 1983 362 2030 ἡμῶν
392 1982 566 2028 δεξαμένη
590 1982 655 2018 τὸν
676 1982 789 2028 νόμον
813 1984 853 2017 ἐν
876 1981 998 2031 ἁπάσῃ
1028 1985 1073 2031 τῇ
1097 1981 1246 2028 ὑπηκόῳ
1280 1982 1340 2018 διὰ
1408 1984 1605 2028 suscipiens
1630 1995 1770 2020 sacram
1793 1986 1915 2029 legem,
1940 1986 1978 2021 in
2001 1987 2098 2021 omni
2121 1986 2260 2021 dicione
2283 1987 2484 2031 praeceptis

259 2027 542 2076 προεταγμάτων
564 2029 707 2064 οἰκείων
738 2029 869 2063 τοῦτον
899 2024 1015 2063 ἅπασι
1046 2028 1206 2076 φανερὸν
1229 2042 1337 2063 κατα·
1406 2029 1561 2074 propriis
1594 2039 1671 2065 eam
1704 2030 1876 2066 universis
1907 2030 2079 2075 insinuet3
2110 2030 2184 2077 (ut)
2208 2041 2279 2067 non
2311 2032 2425 2067 solum
2447 2031 2485 2066 in

259 2071 444 2119 στησάτω·
470 2071 518 2109 οἷς
540 2071 587 2109 ἂν
608 2073 658 2119 μὴ
679 2073 795 2119 μόνον
818 2075 878 2107 ἐπὶ
896 2071 1027 2116 ταύτης
1049 2075 1111 2117 τῆς
1134 2072 1341 2118 εὐδαίμονος
1851 2100 1857 2106 ,

259 2221 370 2247 ausus
390 2210 450 2252 sit,
473 2209 567 2246 sciat
588 2220 627 2245 se
651 2207 742 2243 nihil
764 2207 942 2243 commodi
964 2218 1014 2243 cx
1037 2207 1212 2244 eiusmodi
1232 2207 1467 2252 fideiussione
1490 2213 1556 2244 aut
1576 2208 1792 2255 synqrapba
1809 2220 1922 2256 perce
1951 2213 2070 2244 turum
2093 2220 2178 2245 esse.
2230 2208 2397 2255 Namque
2419 2221 2485 2246 nec

256 2255 452 2302 fideiussor
469 2255 539 2291 erit
562 2254 744 2299 obliquius
766 2258 799 2288 et
822 2252 1039 2298 synqraplia
1052 2253 1167 2298 plane
1186 2253 1294 2287 irrita
1317 2253 1492 2289 manebit:
1515 2254 1655 2300 etipse,
1677 2255 1771 2290 sicut
1791 2259 1875 2289 ante
1894 2220 2066 2296 diivimus,
2089 2254 2258 2300 corporis
2273 2254 2366 2289 casti
2392 2254 2483 2290 atio-

259 2312 338 2337 nem
352 2299 482 2336 subibit
501 2303 537 2335 et
554 2310 604 2334 ea:
619 2298 690 2333 hac
713 2308 847 2343 maqna
870 2296 958 2332 urbe
978 2308 1087 2343 quam
1108 2297 1170 2332 lon
1197 2297 1317 2333 issime
1340 2298 1556 2344 expelletur.
1604 2298 1779 2335 Mulieres
1801 2299 1895 2334 enim
1918 2302 1959 2334 ut
1978 2298 2135 2345 pudicae
2157 2299 2241 2342 sint,
2264 2303 2301 2335 et
2323 2310 2367 2335 vo
2382 2310 2484 2334 umus

259 2350 294 2381 et
322 2349 506 2392 optamus,
538 2354 653 2389 neque
682 2353 765 2379 vero
797 2346 838 2378 ut
860 2342 995 2378 invitae
1016 2341 1066 2377 ad
1089 2341 1152 2378 libi
1177 2342 1317 2377 inosam
1341 2344 1450 2378 vitam
1474 2342 1703 2379 deducantur
1733 2354 1851 2389 neque
1881 2347 1923 2379 ut
1944 2343 2054 2390 impie
2077 2354 2115 2379 se
2137 2354 2264 2389 qerere
2292 2348 2483 2390 coquntur.

260 2390 354 2426 Nam
381 2401 484 2426 omne
507 2388 723 2426 lenocinium
749 2390 783 2423 el
811 2398 856 2422 ne
875 2387 944 2432 fiat
962 2386 1199 2434 probibemus
1222 2391 1258 2423 et
1277 2388 1420 2433 sactum
1436 2388 1632 2434 punimus,
1657 2399 1701 2423 ac
1722 2388 1922 2435 praecipue
1944 2388 1983 2423 in
2010 2388 2078 2423 bac
2103 2388 2207 2434 felici
2228 2388 2317 2424 urbe
2338 2389 2485 2440 eiusque

260 2435 457 2478 territorio,
480 2445 600 2471 verum
623 2444 696 2469 non
724 2433 842 2467 minus
864 2431 973 2467 etiam
994 2432 1033 2467 in
1053 2431 1144 2468 locis
1167 2437 1277 2469 extra
1299 2443 1379 2468 eam
1400 2432 1563 2468 omnibus
1584 2438 1656 2468 tam
1680 2444 1774 2479 quae
1794 2433 1840 2469 ab
1861 2433 1966 2469 initio
1987 2438 2135 2469 nostrae
2157 2437 2244 2469 sunt
2265 2433 2485 2480 reipublicae

259 2491 367 2527 quam
388 2491 482 2526 quae
500 2489 596 2515 nunc
620 2490 643 2514 a
665 2478 811 2514 domino
843 2476 909 2512 deo
941 2476 1079 2512 donata
1108 2482 1194 2512 sunt
1223 2477 1345 2520 nobis,
1381 2482 1415 2513 et
1444 2478 1500 2514 vel
1527 2479 1685 2514 maxime
1707 2478 1747 2513 in
1779 2477 1854 2520 bis,
1886 2478 2058 2524 quoniam
2090 2478 2150 2515 dei
2177 2478 2310 2520 dona,-
2348 2489 2418 2514 uae
2445 2478 2485 2513 in

259 2529 420 2562 nostram
449 2524 603 2561 contulit
633 2522 906 2570 rempublicam,
939 2522 1083 2568 inteqra
1107 2522 1151 2558 ab
1177 2523 1274 2558 omni
1306 2522 1484 2559 eiusmodi
1507 2523 1719 2559 necessitate
1744 2523 1884 2560 servari
1907 2523 2071 2560 volumus
2092 2528 2130 2560 et
2151 2523 2288 2559 domini
2365 2523 2372 2530 '
2395 2533 2485 2569 erqa

259 2582 326 2607 nos
347 2569 519 2615 beneficio
544 2569 656 2615 (liqna
678 2574 715 2604 et
743 2579 819 2604 esse
842 2571 879 2603 et
900 2578 1053 2603 manere.
1104 2567 1324 2613 Confidimus
1353 2567 1448 2604 enim
1480 2567 1627 2604 domino
1656 2568 1723 2604 deo
1755 2569 1864 2604 etiam
1894 2579 1945 2605 cx
1974 2567 2043 2604 hoo
2073 2573 2200 2604 nostro
2230 2568 2275 2604 de
2307 2568 2486 2614 pudicitia

258 2615 378 2652 studio
402 2625 572 2662 maqnum
594 2615 762 2660 futurum
784 2623 861 2648 esse
883 2611 1104 2658 reipublicae
1126 2616 1274 2649 nostrae
1295 2612 1564 2656 incrementum,
1588 2623 1668 2648 cum
1688 2612 1776 2649 deus
1793 2614 1924 2659 fausta
1949 2613 2070 2650 onmia
2092 2613 2197 2650 nobis
2212 2618 2372 2660 propter
2392 2613 2484 2649 cius-

259 2660 355 2697 modi
377 2660 538 2697 actiones
562 2659 763 2706 larqiturus
785 2658 843 2693 sit.

394 2715 483 2764 Epi
491 2716 641 2762 loqus.
690 2713 770 2750 Iam
799 2717 842 2749 ut
863 2713 979 2760 primi
1009 2723 1072 2750 vos
1094 2713 1213 2749 nostri
1236 2713 1330 2750 cives
1359 2713 1496 2761 pudica
1518 2718 1646 2750 nostra
1669 2714 1924 2750 constitutione
1948 2713 2148 2759 fruamini,
2179 2712 2260 2749 ideo
2285 2712 2354 2749 boc
2376 2723 2484 2748 sacro

259 2763 376 2799 edicto
399 2761 554 2797 utimur:
589 2771 662 2806 quo
684 2758 916 2806 coqnoscatis
935 2762 1099 2794 nostrum
1119 2769 1209 2805 erqa
1233 2769 1297 2794 vos
1318 2759 1478 2795 studium
1498 2763 1535 2795 et
1552 2759 1597 2795 de
1609 2759 1793 2806 pudicitia
1812 2763 1849 2795 et
1872 2759 2013 2806 pietate
2033 2758 2210 2801 laborem,
2238 2769 2307 2805 per
2326 2769 2421 2804 quae
2447 2758 2486 2794 in

259 2807 357 2844 omni
379 2806 559 2854 felicitate
581 2809 831 2841 conservatum
854 2803 903 2839 iri
925 2807 1088 2840 nostram
1111 2803 1369 2851 rempublicam
1388 2815 1587 2851 speramus.

583 2921 789 2972 Scriptum
818 2924 877 2960 est
904 2921 1113 2971 exemplar
1148 2921 1440 2971 ylariosissimo
1470 2921 1664 2970 mayistro
1695 2931 1784 2960 cum
1813 2920 1894 2961 bac
1922 2905 2160 2960 mutatione.-

399 2996 444 3034 Ut
465 2996 647 3039 omnibus,
677 2996 740 3043 qui
763 2996 802 3031 in
828 2995 1015 3043 republica
1044 2999 1172 3032 nostra
1198 2994 1376 3039 habitant,
1399 2995 1488 3032 baec
1511 2995 1709 3041 manifesta
1733 2995 1846 3041 fiant,
1872 2998 1935 3031 tua
1957 2995 2143 3031 summitas
2165 2994 2234 3031 bac
2257 2994 2335 3041 leqe
2357 2998 2486 3039 nostra

259 3047 409 3092 accepta
436 3043 476 3078 in
507 3042 603 3078 omni
634 3041 776 3077 dicione
806 3046 934 3077 nostra
961 3041 1131 3088 propriis
1161 3040 1344 3077 mandatis
1377 3051 1456 3077 eam
1487 3040 1651 3077 omnibus
1685 3040 1915 3086 manifestam
1946 3039 2093 3076 reddat:
2127 3045 2168 3076 ut
2196 3051 2270 3075 non
2298 3039 2416 3076 solum
2446 3039 2486 3074 in

310 3182 320 3213 1
347 3188 442 3212 τινες
461 3178 498 3212 Β
520 3178 532 3221 11
556 3177 619 3211 τοῦ
644 3175 768 3210 λοιποῦ
789 3178 859 3211 LB
883 3177 895 3221 11
923 3175 1141 3222 τολμήσειαν
1169 3174 1295 3221 λαβεῖν
1317 3172 1341 3219 ἢ
1458 3179 1473 3211 1
1500 3176 1706 3210 fideiussores
1730 3174 1789 3221 V}
1804 3175 1996 3218 *acceperit
2019 3176 2097 3210 libri
2115 3175 2128 3219 Ε
2154 3177 2174 3209 2
2202 3175 2336 3218 quidem
2358 3174 2484 3208 nullam

260 3221 444 3271 ἐγγυητάς,
473 3222 636 3257 ἴστωσαν
659 3219 773 3267 μηδὲν
796 3219 921 3268 ὄφελος
944 3234 974 3256 τ.
999 3235 1032 3256 τ.
1058 3223 1198 3264 ἔχοντες
1221 3222 1239 3254 ἑ
1260 3220 1339 3268 γυή-
1418 3221 1473 3267 Vl}
1491 3224 1512 3256 ⁴1
1535 3221 1702 3264 obligatus
1726 3231 1794 3254 non
1818 3220 1883 3255 erit
1907 3222 1955 3254 bis
1978 3234 2039 3254 scr.
2065 3221 2112 3254 R·
2131 3220 2145 3263 ΙΙ
2159 3221 2224 3254 erit
2250 3221 2356 3265 suppl.
2378 3219 2430 3253 V·
2451 3221 2484 3254 in

262 3279 351 3303 σεως
375 3269 411 3302 Β
427 3268 440 3313 11
458 3270 478 3303 2
506 3265 630 3322 ὄφελος
654 3280 712 3301 om.
738 3268 769 3300 L
787 3267 799 3311 11
817 3269 836 3301 3
860 3268 954 3309 ἔχειν
977 3269 1075 3309 (ἔχην
1098 3268 1160 3317 ζ’)
1179 3267 1211 3301 L
1229 3234 1277 3310 l(4
1301 3279 1341 3313 γε
1409 3275 1495 3311 spat.
1518 3279 1591 3301 vac.
1617 3266 1631 3318 11
1655 3269 1673 3300 7
1699 3265 1848 3300 ciuitatis
1870 3265 1915 3299 R¹
1947 3265 1959 3309 11
1983 3265 2161 3308 expellitur
2183 3266 2218 3299 R
2239 3264 2252 3308 11
2278 3267 2299 3300 8
2322 3266 2402 3305 non]
2426 3274 2485 3296 noc

263 3328 319 3347 om.
346 3315 381 3347 B
410 3313 423 3356 11
450 3315 471 3348 9
522 3326 543 3356 η
565 3310 637 3358 μὴν
661 3325 717 3346 om.
746 3313 775 3345 L
800 3310 860 3356 (μὴ
883 3321 957 3355 post
979 3315 1063 3356 βίον
1084 3313 1217 3346 inseruit
1239 3312 1301 3354 11²)
1328 3311 1341 3358 11
1411 3311 1490 3357 13⁰1}
1512 3314 1552 3346 10
1577 3322 1665 3344 emm
1689 3325 1747 3345 om.
1772 3310 1849 3355 Rq
1868 3311 1909 3344 12
1933 3313 2043 3343 autem
2067 3312 2112 3351 et]
2136 3313 2196 3343 eut
2215 3309 2276 3354 V}
2298 3311 2338 3343 13
2359 3310 2393 3341 et
2410 3316 2485 3352 post

262 3355 432 3392 ἀκούσασι
446 3359 477 3393 L
494 3327 563 3403 11ι11
585 3359 645 3391 καὶ
658 3359 855 3403 γενομένην
866 3355 1061 3401 κολάζομεν
1072 3358 1171 3391 om.L
1188 3356 1202 3402 11
1221 3359 1261 3391 19
1275 3354 1339 3390 πά·
1410 3356 1562 3389 omnibus
1583 3369 1642 3390 om.
1664 3357 1697 3390 V
1723 3355 1736 3401 11
1762 3356 1811 3390 tio
1833 3357 1963 3389 nostrae
1986 3358 2066 3388 sunt
2083 3373 2128 3379 —
2152 3354 2306 3387 uolumus
2326 3354 2399 3394 (16)
2421 3365 2481 3404 scr.

263 3413 324 3443 σηε
347 3403 407 3445 τῆς
426 3401 597 3470 τωοιαύτηεε
612 3402 743 3467 Β-1122ί
759 3400 1035 3480 θεὸν]*χρισῖξν
1057 3403 1093 3436 Β
1108 3402 1121 3446 11
1139 3404 1182 3437 24
1205 3398 1339 3456 πάντα]
1410 3402 1460 3435 R²
1483 3403 1516 3435 in
1539 3414 1606 3435 ras.
1631 3403 1651 3435 2
1674 3414 1819 3436 versuum
1845 3445 1852 3454 ·
1891 3402 1931 3435 15
1941 3401 2115 3479 Rdedicnte¹
2142 3401 2222 3432 sunt
2242 3408 2263 3440 ᾳ
2280 3398 2359 3476 1(σίξέ
2390 3397 2484 3430 nobis

263 3447 490 3526 ῒιιιῖσοεῑτειβιλ
503 3450 584 3527 ἔξω
607 3447 738 3535 antivia
761 3446 840 3535 ηιξ-Ἰ
855 3458 1146 3534 28αξέἶδει1σ3ἒπὶι
1153 3447 1236 3537 11ίέ)
1253 3458 1339 3535 ἵὶῗιῖῖἰ
1409 3445 1677 3532 θιὲυολτοξιῖπῖἰᾞ
1691 3446 1750 3536 'ab2
1756 3445 2010 3524 Ιοῗῖἐῐηὲξήυιηη
2023 3447 2071 3524 1¹38¹
2079 3441 2404 3532 V’nlfluggrlnfbrent'e
2417 3453 2485 3521 5⁷⁸0

265 3537 428 3580 τέραν-
443 3539 484 3570 32
507 3537 575 3580 τὴν
592 3539 639 3572 bis
655 3551 717 3571 scr.
739 3538 811 3576 (sed
826 3533 1003 3581 ὑμετέραν
1019 3539 1102 3584 περὶ
1121 3533 1209 3580 ἡμᾶς
1229 3539 1341 3581 priore
1409 3537 1452 3570 26
1471 3546 1550 3578 erga
1572 3536 1678 3570 RVT
1709 3534 1722 3580 11
1749 3537 1791 3570 27
1823 3546 1843 3568 a
1864 3535 1950 3569 R¹T
1976 3545 2014 3568 ao
2035 3533 2070 3568 V
2091 3533 2152 3566 lm
2174 3532 2283 3583 vulyq.
2323 3531 2449 3566 Seclun
2478 3535 2484 3575 1

268 3581 348 3622 loco)
374 3580 418 3613 M
435 3580 454 3633 11
474 3583 515 3615 30
538 3580 616 3624 τὸν]
640 3581 707 3625 τὴν
730 3582 763 3616 L
779 3581 793 3627 11
809 3583 850 3616 31
875 3578 1001 3615 πόνων
1026 3583 1074 3616 L¹
1099 3582 1112 3626 11
1135 3579 1260 3623 πόνον,
1285 3578 1337 3615 δι’
1409 3582 1452 3615 28
1475 3581 1722 3623 praedicatione
1743 3590 1836 3613 sacre
1859 3580 1949 3622 RV]
1980 3588 2072 3613 saon
2093 3576 2337 3629 praelatione
2360 3577 2448 3642 'mli‘
2470 3579 2483 3622 11

266 3620 310 3658 ὃν
338 3625 411 3666 (om-
434 3625 549 3668 ημῶν)
572 3627 608 3661 Β
633 3627 646 3671 ιι
668 3630 710 3662 34
741 3625 832 3671 μετὰ
881 3626 914 3660 *c
939 3638 992 3660 πα
1017 3624 1169 3674 αιλαγῆι
1197 3623 1340 3670 ταύτης]
1409 3626 1452 3660 29
1477 3627 1510 3658 et
1534 3626 1679 3670 addfdifl
1698 3628 1737 3660 31
1770 3625 1938 3659 custodire
1960 3622 2074 3669 ηπ
2096 3623 2253 3663 maga-tm
2277 3621 2353 3673 αμα.
2375 3621 2409 3655 V
2451 3624 2483 3655 fn

267 3670 304 3702 in
339 3678 405 3711 quo
434 3669 596 3704 adiectum
633 3675 680 3705 est
711 3684 731 3708 e
757 3671 785 3724 l!=
800 3673 841 3705 37
901 3639 1049 3715 εχομῖνη
1078 3673 1109 3706 L
1136 3671 1149 3716 11
1177 3669 1244 3706 τὸν
1283 3669 1340 3705 νό·
1408 3677 1578 3715 φαιυασ.
1597 3670 1667 3716 1135
1689 3671 1725 3704 in
1743 3673 1888 3703 nostram
1898 3666 2124 3703 habitantibus
2142 3665 2484 3711 rempubhcamRVfl

1000 3713 1009 3724 ι

269 3715 348 3755 nov]
371 3724 494 3747 sacram
518 3714 621 3756 legem
649 3718 682 3749 «i.
703 3729 729 3750 ε.
747 3728 815 3750 τον
838 3715 943 3750 θεῖον
968 3718 1094 3760 νυμον)
1121 3729 1140 3753 ς
1410 3716 1451 3750 37
1477 3714 1623 3750 dictione
1644 3713 1765 3760 R'V}
1783 3715 1826 3749 38
1851 3716 1891 3748 ut
1912 3714 1991 3748 add.
2015 3711 2097 3749 vulo-
