2618 4010
241 119 348 163 Nov.
368 119 590 163 LXXXIX
621 122 672 162 12

241 227 356 263 οὐκέτι
380 227 573 272 δεήσονταί
592 241 707 264 τινων
730 229 819 274 πρὸς
841 226 1012 275 ἀσέβειαν
1033 227 1055 273 ἢ
1078 229 1169 275 πρὸς
1190 231 1310 277 ἐπιορ-

240 277 322 308 κίαν
350 273 517 317 ἑτοίμων,
551 270 633 308 ἀλλ’
669 270 831 309 αὐτόθεν
866 276 935 319 τὴν
966 275 1108 309 ἑαυτῶν
1138 276 1312 321 καθαρῶς

241 316 457 360 ὃιαθήσουσι
470 317 628 365 γνώμην.
666 319 698 352 εἰ
714 316 754 352 δὲ
773 320 886 362 ἔχοιέν
903 331 1004 354 τινας
1022 321 1100 354 τῶν
1115 316 1311 360 ἀνιόντων,

239 361 308 416 τῆν
330 360 486 407 νόμιμον
509 362 884 408 καταλιμπανέτωσαν
908 362 1027 398 αὐτοῖς
1048 367 1190 418 μοῖραν,
1219 362 1266 408 ἣν
1288 363 1309 399 ὁ

1308 116 1393 166 442

1832 134 1995 174 QUIBUS
2022 134 2158 167 MODIS
2186 134 2449 168 NATURA-ms

1378 240 1485 284 guam
1515 230 1668 275 egebunt
1698 231 1908 284 quibusdam
1931 235 1988 288 ’ad
2020 235 2237 288 impietatem
2271 237 2335 270 aut
2364 243 2447 280 per·
2499 217 2502 219 ‚

1378 286 1508 311 ¹⁰¹¹¹¹¹¹¹
1523 277 2007 360 ·”¹²?¹'{‘1“3{;0⁸ii¹28{0¹332
2027 279 2449 361 i¹1²mu23⁸⁹32⁸3i2ffi

1379 323 1803 410 {iirgtigglggxendentium
1820 366 2010 411 legitimam
2023 369 2073 406 eis
2085 334 2295 415 r‘blinqti’an?
2298 373 2448 415 partem,

240 418 348 451 νομος
365 410 426 441 καὶ
445 404 543 452 ἡμεῖς
559 406 747 453 ἐτάξαμεν,
767 409 810 443 τὸ
833 407 872 443 δὲ
891 408 1023 443 λοιπὸν
1045 422 1147 444 απαν
1165 410 1212 444 εἰς
1230 409 1313 445 τοὺς
1347 413 1367 445 5
1380 420 1485 455 quam
1508 409 1566 444 lex
1595 413 1631 445 et
1653 419 1719 446 nos
1743 411 2004 456 constituimus,
2036 414 2207 459 reliquam
2229 425 2312 450 vero
2334 416 2448 450 totam

241 451 408 496 φυσικοὺς
431 450 562 487 παῖδας
591 451 718 488 ἄδειαν
741 455 922 496 ἐχέτωσαν
943 457 1210 500 παραπέμπειν.
1252 458 1312 489 καὶ

239 493 356 531 ταῦτά
378 509 497 542 φαμεν
520 499 581 533 ἐπὶ
602 499 680 533 τῶν
704 497 892 545 ἐγγράφοις
914 496 938 542 ἢ
960 502 1123 543 νομίμοις
1145 498 1313 544 βουλήσε-

239 541 265 577 4
309 551 370 576 σιν
393 538 674 587 ἀποτιθεμένων
702 543 771 586 τὴν
794 543 936 578 ἑαυτῶν
956 544 1115 597 γνώμην.
1163 545 1210 597 ΕΞ
1230 547 1313 589 με’ν-

1379 455 1417 490 in
1432 454 1613 490 naturales
1635 454 1729 490 filios
1753 455 1909 492 habeant
1929 458 2148 503 relinquendi
2170 459 2363 497 licentiam.
2399 460 2450 495 Et

1381 499 1451 535 hoc
1474 499 1624 535 dicimus
1648 509 1756 553 super
1769 500 1825 536 his
1849 501 1910 546 qui
1930 502 1968 537 in
1982 503 2124 548 scriptis
2147 507 2184 540 et
2205 505 2368 550 legitimis
2387 515 2448 541 vo-

1381 544 1407 580 4
1450 544 1646 580 luntatibus
1669 544 1862 589 disponunt
1893 555 1993 582 suam
2016 549 2238 585 sententiam.
2308 549 2345 585 Si
2369 549 2448 593 quis

239 599 296 639 τοι
318 584 537 630 τελευτήσειέ
555 599 609 622 τις
630 592 778 635 γνησίας
801 585 898 631 αὐτῷ
918 588 1103 624 παντελως
1124 599 1229 642 γονης
1250 586 1314 642 οιῇχ
1382 590 1501 625 autem
1536 588 1725 642 defunctus
1760 590 1868 643 fuerit
1900 591 2057 636 legitima
2089 593 2123 628 ei
2153 594 2294 631 omnino
2325 594 2449 631 sobole

239 630 414 675 υπούσης,
448 630 595 667 παίδων
630 635 750 677 φαμὲν
785 631 808 677 ἢ
843 633 1006 687 ἐγγόνων
1040 632 1064 678 ἧ
1097 646 1159 674 της
1189 634 1368 679 έφεξηςῙΟ
1382 645 1453 670 non
1474 637 1628 678 extante,
1652 635 1805 670 filiorum
1828 635 1976 672 dlcimus
1999 640 2063 672 aut
2085 641 2253 684 nepotum
2274 639 2329 675 vel
2350 639 2447 675 dein-

240 674 422 720 ὃιαὸοχῆς,
445 674 529 711 οὐδὲ
550 682 702 723 νομίμου
725 690 894 725 γαμετῆς,
925 679 1003 713 εἶτα
1022 677 1240 723 τελευτήσειε
1262 679 1311 724 μὴ

240 718 454 775 διαθέμενος
482 722 551 766 τὴν
581 720 720 766 οὐσίαν,
755 727 815 758 καὶ
847 720 1010 770 ἀφίκοιτο
1041 727 1226 771 συγγένεια
1254 737 1313 759 τυ-

237 766 305 808 χὸν
328 780 350 810 η
381 770 441 801 καὶ
471 766 716 814 ἐλευθερωτής
747 769 832 802 ἴσως
862 769 931 812 τὴν
955 767 1173 814 ὃιακατοχὴν
1203 782 1312 803 κατα-

239 814 349 846 σείων
378 825 418 846 τε
449 816 509 846 καὶ
538 812 878 858 ἐπανατεινόμενος,
911 811 935 858 ἢ
969 818 1029 848 καὶ
1062 815 1105 848 τὸ
1140 811 1248 859 ἡμέτε
1270 828 1313 849 ον

239 859 401 900 ταμιεῖον
429 855 526 900 (οὐδὲ
552 858 622 905 γὰρ
646 860 782 893 ἐκείνου
812 858 855 893 τό
1249 827 1275 893 ᾖ

237 902 361 945 μεθα),
391 902 443 946 εἴη
468 900 507 936 δὲ
529 901 628 946 αὐτῷ
653 904 745 938 κατὰ
775 903 842 938 τὸν
865 872 963 938 οἶκον
987 906 1054 938 ἕως
1076 906 1204 950 περιῆν
1219 904 1311 939 ἐλευ-

239 947 334 991 θέρα
367 960 407 981 τε
439 948 528 994 γυνὴ
563 950 604 983 ἐν
636 947 819 992 παλλακῆς
854 948 1009 994 σχήματι
1041 951 1216 992 συνοῦσα,
1251 953 1311 984 καὶ

239 990 363 1026 παῖδες
386 993 424 1033 ἐξ
447 989 555 1037 αὐτῆς
579 996 664 1036 (τοῖς
683 993 753 1040 γὰρ
772 993 945 1028 τοιούτοις
967 992 1092 1039 μόνοις
1113 996 1230 1029 ταῦτα
1252 1008 1309 1030 νο-

236 1037 478 1082 μοθετοῦμεν,
502 1038 600 1072 ἔνθα
623 1038 811 1073 παντελῶς
833 1036 1148 1094 ἄναμφιςβήτητόυς
1171 1042 1270 1074 ἐστιν
1290 1035 1313 1083 ῆ

1384 689 1467 724 ceps
1499 679 1753 722 successionis,
1788 690 1903 725 neque
1938 681 2090 726 legitima
2121 683 2285 728 coniuge,
2321 684 2449 720 deinde

1381 725 1554 760 moriatur
1573 736 1646 760 non
1669 725 1860 771 disponens
1883 726 1927 762 de
1947 727 2164 772 substantia,
2189 732 2224 764 et
2245 729 2364 765 veniat
2387 739 2448 766 co-

1379 770 1500 814 gnatio
1529 771 1652 806 forsan
1682 773 1747 806 aut
1780 771 1886 806 etiam
1916 771 2152 808 manumissor
2182 776 2307 819 utpote
2336 774 2447 810 bono-

1379 826 1458 850 rum
1487 815 1748 860 possessionem
1778 826 1927 852 movens
1954 820 1990 851 et
2017 817 2219 861 insurgens,
2252 821 2314 854 aut
2343 819 2448 855 etiam

909 872 926 893 ε
956 861 1016 894 ἐπὶ
1045 858 1165 903 τούτῳ
1193 872 1250 906 φει
1276 859 1310 894 ό-
1327 861 1365 893 15
1380 862 1541 896 nostrum
1575 860 1752 895 aerarium
1786 863 1881 903 (nam
1916 870 1982 897 nec
2017 861 2069 896 illi
2099 866 2269 908 quantum
2304 863 2351 899 ad
2378 864 2447 900 hoc

1378 906 1581 950 parcimus),
1614 905 1662 940 sit
1691 909 1810 941 autem
1841 906 1875 942 ei
1905 906 2018 942 donec
2041 906 2168 942 vixerit
2189 907 2301 943 libera
2322 908 2448 944 mulier

1378 951 1416 986 in
1436 951 1615 986 schemate
1640 951 1858 986 concubinae
1882 951 2036 994 sociata,
2068 955 2104 987 ct
2127 952 2190 987 filii
2213 962 2258 988 ex
2281 962 2324 988 ea
2354 953 2446 995 (tali-

1380 996 1446 1031 bus
1471 996 1564 1030 enim
1588 995 1807 1031 solummodo
1831 996 1921 1032 haec
1944 997 2134 1040 sancimus,
2158 998 2220 1033 ubi
2236 998 2377 1033 omnino
2393 998 2447 1033 in-

1381 1040 1563 1076 dubitatus
1598 1043 1654 1075 est
1687 1043 1725 1076 et
1760 1042 1981 1078 concubinae
2017 1043 2055 1078 in
2090 1042 2194 1078 domo
2230 1042 2377 1078 affectus
2414 1045 2450 1078 et

238 1095 278 1115 τε
307 1083 369 1126 τῆς
401 1082 581 1127 παλλακῆς
614 1084 705 1118 κατὰ
738 1084 807 1119 τὸν
836 1084 936 1118 οἶκον
966 1088 1082 1127 σχέσις
1115 1099 1136 1128 η
1167 1099 1207 1119 τε
1235 1087 1312 1120 τῶν
1325 1085 1366 1118 20
1379 1086 1533 1121 filiorum
1556 1085 1687 1121 ibidem
1709 1086 1828 1130 proles
1852 1090 1889 1122 et
1911 1087 2148 1129 alimentum):
2185 1088 2309 1123 damus
2338 1087 2390 1123 eis
2413 1091 2450 1123 et

238 1125 385 1162 παίδων
416 1129 527 1163 ἐκεῖσε
554 1129 643 1176 γονὴ
668 1132 728 1163 καὶ
750 1129 895 1175 τροφή)·
932 1127 1079 1174 δίδομεν
1103 1127 1222 1165 αὐτοῖς
1252 1134 1312 1164 καὶ
1378 1131 1556 1166 intestatis
1589 1131 1797 1176 parentibus
1829 1131 2005 1168 defunctis
2041 1132 2129 1168 duas
2155 1134 2332 1187 paternae
2362 1133 2448 1168 sub-

238 1169 450 1208 ἀδιαθέτων
484 1174 563 1208 τῶν
591 1177 731 1221 γονέων
761 1171 1017 1210 τελευτώντων
1051 1173 1116 1209 δύο
1151 1177 1213 1219 τῆς
1244 1187 1311 1209 πα·
1380 1175 1534 1211 stantiae
1552 1176 1677 1211 uncias
1694 1177 1827 1213 habere
1847 1187 1928 1213 cum
1944 1180 2056 1213 matre
2071 1178 2288 1223 paruendas,
2309 1178 2447 1223 quanti-

236 1217 354 1263 τριρας
385 1215 508 1253 οὐσίας
537 1221 632 1262 ἔχειν
663 1216 822 1266 οὗγκίας,
862 1216 939 1263 ἅμα
969 1221 1013 1267 τῇ
1036 1223 1143 1266 μητρὶ
1172 1223 1310 1266 μεριζο-
1379 1231 1528 1267 cumque
1543 1220 1677 1256 fuerint
1691 1221 1775 1265 filii,
1796 1226 1836 1257 ut
1854 1223 1960 1258 unius
1979 1223 2043 1258 filii
2062 1223 2260 1268 portionem
2279 1225 2316 1259 et
2335 1226 2448 1258 mater

235 1265 362 1307 μένας,
385 1260 535 1310 ὅσοιπερ
555 1263 603 1299 ἄν
625 1264 697 1299 εἷεν
719 1264 756 1298 οἱ
777 1262 918 1306 παῖδες,
949 1261 1038 1299 dien
1071 1265 1151 1299 ἑνὸς
1182 1264 1311 1300 παιδὸς
1379 1266 1542 1311 accipiat.
1590 1266 1640 1301 Et
1668 1267 1758 1302 haec
1787 1267 1953 1310 dicimus,
1987 1268 2018 1303 si
2048 1268 2110 1303 uni
2140 1268 2362 1304 concubinae
2390 1279 2447 1303 so-

236 1308 358 1354 (πρὸς)
392 1306 591 1356 ἀναλογίαν
625 1313 686 1344 καὶ
723 1309 792 1353 τὴν
824 1313 961 1355 μητέρα
995 1309 1204 1355 λαμβάνειν.
1251 1314 1311 1344 καὶ
1324 1311 1365 1343 25
1380 1311 1493 1347 cietur
1521 1315 1557 1347 et
1579 1311 1673 1347 filios
1704 1321 1748 1347 ex
1771 1312 1833 1348 illa
1854 1312 2001 1356 habeat,
2033 1317 2097 1348 aut
2120 1313 2225 1348 etiam
2256 1313 2445 1359 praedece-

236 1353 352 1387 ταῦτά
384 1367 513 1401 φαμεν,
546 1355 576 1389 εἰ
603 1356 670 1400 μιᾷ
700 1354 864 1402 παλλακῇ
894 1360 1074 1398 συνοικοίη
1098 1359 1158 1389 καὶ
1181 1354 1312 1391 παῖδας
1378 1356 1484 1392 dente
1509 1357 1721 1401 concubina,
1746 1361 1859 1393 morte
1881 1358 2002 1394 forsan
2026 1361 2090 1394 aut
2113 1360 2353 1404 separatione,
2384 1358 2447 1393 filii

237 1398 276 1439 ἐξ
299 1400 431 1443 ἐκείνης
455 1401 544 1442 ἑγοι,
575 1397 599 1443 ἦ
618 1403 678 1434 καὶ
706 1397 1007 1445 προαπελθούσης
1036 1402 1099 1444 τῆς
1128 1400 1311 1444 παλλακῆς
1377 1401 1411 1437 ei
1435 1402 1529 1437 domi
1551 1402 1630 1438 sint.
1681 1402 1783 1438 Tunc
1802 1403 1894 1438 enim
1917 1403 2042 1439 damus
2066 1403 2117 1439 eis
2140 1404 2186 1439 ab
2209 1403 2377 1440 intestato
2401 1404 2447 1438 ad

236 1443 393 1488 θανάτῳ
417 1445 527 1487 τυχὸν
549 1442 572 1488 ἢ
593 1457 708 1490 χωρισ
735 1446 765 1487 ᾧ
795 1445 832 1480 οἱ
853 1443 977 1480 παῖδες
1004 1442 1103 1490 αὐτῷ
1128 1446 1220 1480 κατὰ
1243 1445 1310 1490 τὴν
1378 1447 1527 1482 duarum
1550 1446 1736 1483 unciarum
1758 1448 1988 1484 vocationem.

236 1489 353 1524 οἰκίαν
368 1489 448 1524 εἷεν.
495 1488 580 1524 τότε
602 1490 671 1537 γὰρ
718 1488 841 1534 ίδομεν
865 1487 982 1524 αὐτοῖς
1004 1490 1073 1534 τὴν
1097 1491 1136 1532 ἐξ
1158 1487 1309 1525 ἀδιαθέ-

235 1536 259 1570 5
305 1547 368 1569 του
391 1535 480 1580 πρὸς
502 1535 545 1569 τὸ
568 1532 749 1582 διούγκιον
772 1534 907 1579 κλῆσιν.
968 1536 1014 1569 Εἰ
1037 1534 1076 1570 δὲ
1099 1538 1217 1579 ἐκκεχυ
1245 1539 1309 1570 ε’να
1322 1537 1400 1574 305
1447 1536 1485 1572 Si
1514 1546 1598 1572 vero
1630 1536 1745 1572 effusa
1775 1538 2064 1583 concupiscentia
2093 1537 2125 1573 ei
2154 1537 2264 1573 fuerit
2292 1540 2329 1573 et
2357 1537 2446 1573 alias

234 1579 282 1614 τὰ
301 1582 364 1624 τῆς
385 1581 579 1624 ἐπιθυμίας
603 1577 702 1623 αὐτῷ
725 1583 866 1627 γένοιτο
890 1583 950 1614 καὶ
968 1579 1075 1615 ἄλλας
1099 1578 1160 1615 ἐπ’
1187 1581 1211 1614 ἅ
1233 1580 1310 1615 λαις
1377 1592 1419 1617 su
1446 1591 1486 1617 er
1509 1582 1598 1617 alias
1620 1582 1857 1618 introduxerit
1879 1584 1991 1628 priori
2014 1583 2247 1626 concubinas,
2271 1586 2308 1618 et
2329 1582 2445 1617 multi-

236 1623 460 1672 ἐπειςαγάγοι
488 1626 533 1672 τῇ
562 1628 719 1671 προτέρᾳ
748 1624 946 1667 παλλακάς,
978 1629 1038 1659 καὶ
1066 1625 1208 1670 πλῆθος
1235 1628 1309 1669 ἔχοι
1376 1629 1417 1662 tu
1443 1626 1535 1662 inem
1565 1627 1730 1662 habuerit
1758 1628 1942 1663 mulierum
1973 1628 2224 1664 fornicantium
2258 1628 2322 1670 (sic
2354 1628 2447 1662 enim

234 1672 418 1717 γυναικῶν
447 1673 723 1716 πορνευομένων
754 1667 863 1713 (οὕτω
892 1670 961 1717 γὰρ
997 1671 1110 1706 εἰπεῖν
1140 1670 1308 1714 κάλλιον),
1377 1671 1495 1707 dicere
1517 1672 1641 1707 melius
1666 1674 1744 1715 est),
1774 1676 1810 1707 et
1833 1683 1876 1708 ex
1905 1674 1956 1709 eis
1985 1673 2078 1708 filios
2108 1673 2245 1708 habens
2276 1672 2446 1708 moriatur

235 1719 296 1750 καὶ
331 1715 370 1756 ἐξ
404 1712 527 1750 αὐτῶν
562 1714 883 1760 παιδοποιούμενος
922 1714 1139 1759 τελευτήσειε
1178 1715 1309 1751 πολλὰς
1377 1717 1505 1752 multas
1538 1717 1643 1752 simul
1675 1718 1839 1753 deserens
1869 1718 2103 1760 concubinas,
2136 1717 2275 1753 odibilis
2307 1717 2445 1762 quidem

236 1759 326 1805 ὁμοῦ
357 1760 570 1796 καταλιπὼν
598 1759 800 1802 παλλακάς,
828 1760 976 1805 μισητὸς
997 1762 1065 1805 μὲν
1095 1759 1115 1795 ὁ
1140 1762 1309 1803 τοιοῦτος,
1322 1763 1364 1796 35
1377 1766 1432 1798 est
1454 1762 1522 1798 iste
1544 1762 1644 1805 talis,
1693 1763 1794 1798 rocul
1816 1765 1935 1798 autem
1958 1763 2026 1798 hac
2048 1762 2124 1807 lege
2146 1762 2259 1798 modis
2283 1762 2444 1798 omnibus

235 1805 308 1855 πόρ
333 1819 362 1840 ω
394 1804 435 1840 δὲ
464 1807 529 1840 τοῦ
559 1805 672 1850 νόμου
701 1805 878 1846 καθάπαξ
907 1805 997 1851 μετὰ
1025 1807 1103 1841 τῶν
1131 1805 1310 1841 τοιούτων
1378 1817 1459 1842 cum
1488 1807 1618 1842 talibus
1650 1773 1733 1843 fi¹iiis
1767 1810 1804 1842 et
1838 1808 2044 1843 concubinis
2078 1808 2296 1843 excludatur.
2345 1807 2445 1843 Sicut

236 1856 306 1887 παί
329 1865 382 1886 ων
412 1854 472 1886 καὶ
500 1850 697 1887 παλλακῶν
720 1847 993 1886 ἀπελαυνέσθω.
1042 1848 1158 1897 ὥςπερ
1187 1851 1256 1898 γὰρ
1279 1852 1314 1886 εἴ
1377 1852 1472 1887 enim
1494 1852 1525 1888 si
1549 1853 1627 1897 quis
1650 1852 1826 1897 legitimae
1850 1853 2039 1898 copulatur
2061 1853 2182 1894 uxori,
2207 1852 2296 1888 alias
2320 1862 2443 1898 super·

234 1909 289 1932 τις
317 1900 459 1942 νομίμῳ
491 1900 670 1940 συνοικοίη
701 1900 857 1942 γυναικί,
889 1895 996 1930 ἄλλοις
1026 1896 1223 1940 ἐπειςάγειν
1245 1894 1308 1931 οὐκ
1377 1898 1544 1933 inducere
1575 1907 1646 1933 non
1677 1898 1807 1943 poterit
1836 1898 2058 1934 matrimonio
2089 1897 2306 1934 consistente
2335 1901 2372 1933 et
2401 1907 2445 1932 ex

235 1940 283 1977 ἂν
299 1941 448 1977 δύναιτο
471 1943 535 1976 τοῦ
555 1945 774 1976 συνοικεσίου
798 1942 1020 1976 συνεστῶτος
1044 1944 1104 1975 καὶ
1126 1941 1165 1982 ἐξ
1187 1939 1311 1976 αὐτῶν
1368 1940 1435 1978 ‘his
1458 1942 1631 1987 legitimos
1654 1953 1853 1988 procreare,
1880 1944 1933 1979 ita
1955 1953 2069 1989 neque
2091 1947 2174 1989 post
2197 1944 2351 1988 agnitam
2374 1954 2444 1988 quo

234 1992 395 2034 νομίμως
423 1984 741 2029 παιδοποιεῖσθαι,
771 1982 887 2021 οὕτως
909 1983 992 2020 οὐδὲ
1014 1986 1105 2031 μετὰ
1128 1986 1196 2030 τὴν
1218 2000 1311 2033 γνω-
1323 1990 1365 2022 40

290 2059 311 2101 ᾗ
335 2059 368 2092 4.
393 2058 412 2091 5
433 2056 552 2100 paucis
575 2056 704 2089 mutatis
724 2057 879 2098 repetitae
902 2063 976 2089 sunt
999 2067 1038 2088 ex
1061 2068 1130 2089 nov.
1156 2055 1297 2089 XVIII
1315 2068 1341 2088 c.
1360 2056 1378 2088 5
1404 2055 1494 2095 (131,
1508 2056 1678 2096 14-132,
1691 2057 1748 2098 16).

234 2135 387 2188 eqebunt
409 2131 622 2180 quibusdam
646 2131 696 2167 ad
717 2132 934 2179 impietatem
951 2132 1008 2167 vel
1028 2131 1078 2167 ad
1098 2131 1299 2177 periurium
1315 2131 1475 2184 paratis,
1499 2131 1563 2168 sed
1582 2132 1752 2178 protinus
1769 2142 1872 2167 suam
1895 2131 1966 2179 ipsi
1985 2131 2202 2168 voluntatem
2219 2143 2316 2179 pure
2333 2143 2443 2180 prae-

234 2182 378 2227 cipient.
426 2178 468 2214 Si
490 2188 582 2224 quos
604 2181 723 2212 autem
747 2176 1014 2218 ascendentium
1035 2176 1201 2219 habeant,
1226 2176 1421 2223 leqitzmam
1444 2176 1490 2211 iis
1539 2181 1652 2212 artem
1671 2177 1888 2223 relinquant,
1911 2187 2019 2223 quam
2037 2177 2100 2212 lea:
2119 2181 2155 2213 et
2169 2188 2238 2213 nos
2259 2179 2443 2214 constitui-

233 2237 334 2268 mus;
355 2223 531 2270 reliquum
555 2233 640 2259 vero
665 2233 767 2258 omne
791 2221 840 2257 ad
859 2221 991 2257 liberos
1007 2221 1193 2258 naturales
1210 2221 1474 2257 transmittendi
1499 2187 1679 2258 licentiam
1694 2221 1858 2257 habeant.
1903 2223 2020 2267 Atque
2036 2221 2125 2258 baec
2148 2222 2193 2258 de
2215 2222 2261 2258 iis
2282 2222 2442 2266 dicimus,

233 2271 260 2308 4
303 2270 368 2317 qui
387 2268 534 2315 scriptis
563 2270 598 2303 et
629 2267 796 2314 leqitimis
825 2267 1044 2303 testamentis
1075 2266 1295 2303 voluntatem
1324 2277 1428 2305 suam
1450 2266 1629 2303 mandent.
1722 2266 1763 2303 Si
1786 2267 1867 2313 quis
1889 2277 1973 2303 vero
1998 2266 2192 2320 defunctus
2218 2268 2266 2303 sit
2288 2267 2444 2315 leqitima

233 2315 358 2353 subole
382 2314 526 2350 omnino
549 2312 652 2348 nulla
674 2312 812 2355 relicta,
837 2312 958 2349 liberis
980 2312 1130 2348 dicimus
1153 2315 1218 2348 aut
1239 2311 1428 2359 nepotibus
1452 2315 1516 2347 aut
1537 2312 1678 2358 reliqua
1700 2312 1824 2348 deince
1849 2323 1868 2347 s
1890 2322 2123 2355 successione,
2147 2323 2262 2358 neque
2285 2312 2444 2359 leqitima

233 2361 397 2407 coniuqe,
420 2359 522 2406 isque
545 2369 617 2394 non
638 2361 787 2394 testatus
809 2356 854 2393 de
868 2356 1069 2393 substantia
1091 2368 1159 2393 sua
1182 2356 1383 2399 decesserit,
1408 2368 1452 2392 ac
1475 2357 1620 2393 veniant
1643 2357 1789 2404 coqnati
1808 2323 1970 2403 λογίας-ες
1996 2357 2053 2393 vel
2067 2358 2169 2403 forte
2192 2357 2298 2393 etiam
2321 2369 2444 2394 manu-

233 2407 362 2442 missor
385 2405 450 2452 qui
470 2404 641 2440 bonorum
656 2403 923 2450 possessionem
947 2403 1060 2455 aqitet
1092 2407 1201 2448 atque
1223 2401 1402 2445 intendat,
1436 2402 1493 2448 vel
1514 2403 1619 2438 etiam
1643 2406 1807 2438 nostrum
1830 2402 2011 2438 aerarium
2042 2404 2141 2454 (nam
2160 2414 2205 2439 ne
2227 2402 2282 2438 illi
2303 2403 2446 2457 quidem

261 2454 407 2487 uantum
434 2449 483 2485 ad
504 2448 600 2484 hanc
621 2459 696 2484 rem
713 2448 934 2495 parcimus),
964 2447 1025 2483 ille
1049 2458 1131 2483 vero
1157 2447 1254 2482 domi
1277 2447 1360 2483 dum
1383 2447 1522 2484 vivebat
1543 2451 1579 2483 et
1608 2447 1756 2483 liberam
1779 2447 1961 2483 mulierem
1991 2447 2210 2484 concubinae
2232 2448 2355 2484 nabitu
2377 2448 2446 2484 sabi

234 2500 392 2533 iunctam
414 2498 450 2531 et
474 2494 603 2531 liberos
625 2504 676 2529 ex
697 2504 741 2529 ea
763 2491 929 2529 habuerit
958 2492 1104 2535 (talibus
1127 2492 1219 2528 enim
1242 2492 1332 2528 solis
1354 2491 1442 2528 haec
1464 2493 1657 2535 sancimus,
1680 2493 1742 2529 ubi
1763 2492 1865 2528 nulla
1889 2492 2031 2528 omnino
2054 2492 2231 2544 dubitatio
2253 2498 2309 2530 est
2330 2504 2446 2545 neque

234 2542 279 2578 de
301 2539 500 2577 concubina
522 2539 561 2574 in
584 2538 689 2574 domo
714 2537 838 2574 habita
862 2549 906 2574 ne
932 2548 976 2574 ue
999 2537 1044 2573 de
1067 2537 1190 2573 liberis
1212 2537 1341 2573 ibidem
1361 2542 1397 2574 et
1417 2538 1623 2584 procreatis
1647 2542 1682 2573 et
1704 2537 1899 2581 educatis).·
1930 2537 2157 2573 concedimus
2178 2538 2243 2580 uis,
2274 2542 2315 2574 ut
2337 2543 2445 2574 ettam

234 2586 415 2623 intestatis
439 2583 655 2632 parentibus
685 2583 868 2629 defunctis
928 2593 994 2618 uas
1024 2583 1151 2618 uncias
1178 2586 1355 2629 paternae
1380 2582 1602 2618 substantiae
1632 2593 1711 2618 cum
1742 2587 1857 2618 matre
1885 2581 2099 2634 dividendas
2131 2582 2304 2635 habeant,
2341 2588 2444 2629 quot-

235 2642 384 2678 cumque
405 2629 546 2676 fuerint
570 2628 684 2671 liberi,
708 2629 761 2664 ita
787 2632 825 2663 ut
840 2638 916 2675 pro
939 2631 1022 2663 rata
1046 2629 1152 2663 unius
1171 2628 1242 2673 filii
1263 2632 1377 2664 mater
1393 2638 1538 2674 quoque
1561 2628 1729 2674 accipiat.
1776 2629 1893 2674 Atque
1916 2626 2005 2663 haec
2027 2628 2188 2670 dicimus,
2211 2637 2243 2663 st
2266 2639 2340 2663 una
2363 2639 2445 2664 con-

234 2677 364 2713 cubina
386 2685 474 2711 usus
495 2674 545 2710 sit
566 2677 601 2710 et
623 2684 672 2709 ex
693 2684 737 2709 ea
761 2672 894 2709 liberos
915 2672 1124 2719 susceperit,
1157 2673 1213 2709 vel
1235 2673 1343 2708 etiam
1365 2674 1400 2708 si
1420 2683 1499 2708 cum
1525 2673 1631 2726 prius
1661 2673 1865 2709 discesserit
1896 2672 2097 2723 concubina
2128 2676 2244 2724 morte
2259 2677 2357 2719 puta
2380 2677 2445 2708 aut

233 2721 476 2769 separatione,
506 2719 607 2756 liberi
630 2719 707 2755 eius
729 2717 827 2754 domi
849 2717 932 2754 sint.
982 2717 1081 2753 Tunc
1112 2717 1204 2753 enim
1228 2717 1454 2754 concedimus
1475 2717 1567 2760 illas,
1596 2721 1635 2753 ut
1666 2717 1711 2753 ab
1732 2719 1902 2754 intestato
1933 2727 1971 2752 tn
1999 2716 2091 2752 duas
2113 2727 2240 2752 unctas
2263 2722 2444 2753 vocentur.

234 2769 258 2805 5
304 2765 441 2810 Quodsi
461 2764 578 2817 effusa
601 2763 711 2801 libido
735 2764 812 2799 eius
831 2763 947 2809 fuerit
969 2767 1003 2799 et
1025 2763 1119 2798 alias
1145 2774 1256 2810 super
1279 2763 1372 2798 alias
1393 2765 1479 2810 post
1526 2762 1654 2797 rimam
1670 2762 1890 2798 concubinas
1909 2761 2112 2814 adsciverit,
2134 2765 2169 2797 et
2184 2761 2443 2815 multitudinem

235 2812 365 2848 habeat
394 2809 583 2846 mulierum
612 2808 849 2845 scortantium
882 2808 947 2851 (ita
977 2808 1069 2844 enim
1099 2807 1219 2844 dicere
1245 2812 1439 2855 praestat),
1469 2807 1493 2843 lt
1518 2808 1661 2854 erisque
1691 2819 1741 2844 ex
1771 2808 1843 2843 illis
1869 2812 2074 2854 procreatas
2105 2806 2300 2859 decesserit·
2324 2807 2445 2859 multis

234 2856 342 2893 simul
362 2855 571 2892 concubinis
593 2853 738 2897 relictis,
763 2857 798 2890 et
814 2852 897 2889 odio
917 2853 1049 2899 diqnus
1072 2857 1126 2889 est
1149 2853 1231 2888 talis
1254 2853 1358 2889 homo
1382 2857 1416 2888 et
1433 2854 1570 2900 procul
1592 2864 1615 2888 a
1638 2853 1716 2900 leqe
1736 2853 1904 2900 protinus
1925 2863 1998 2903 una
2022 2862 2101 2904 cum
2125 2851 2297 2887 musmodz
2324 2851 2445 2904 liberes

234 2907 268 2939 et
291 2900 498 2938 concubinis
526 2898 766 2947 depellendus.
822 2896 1127 2942 Quemadmodum
1150 2899 1242 2935 enim
1272 2899 1305 2933 si
1335 2898 1418 2944 quis
1448 2898 1607 2944 leqitima
1635 2899 1750 2934 utitur
1779 2908 1916 2941 uxore,
1946 2896 2040 2932 altas
2057 2907 2230 2949 ‚insuper-
2245 2896 2445 2933 adsciscere

234 2947 319 2983 dum
342 2949 486 2982 constat
501 2944 766 2980 matrimonium
787 2948 823 2980 et
845 2954 895 2979 ex
918 2943 962 2979 iis
980 2943 1136 2990 leqicime
1155 2943 1286 2979 liberos
1303 2954 1503 2990 procreare
1523 2943 1658 2989 nequit,
1683 2944 1735 2979 ita
1750 2955 1795 2979 ne
1804 2947 1894 2990 post
1913 2942 2147 2978 concubinam
2167 2941 2310 2988 quadem
2325 2952 2444 2987 quem-

1435 3035 1450 3067 1
1478 3032 1601 3076 quibus
1623 3033 1656 3067 V
1672 3032 1723 3075 (·i·
1751 3032 1919 3075 aliquibus
1942 3045 1968 3065 s.
1985 3044 2014 3065 υ.
2036 3031 2096 3075 1⁷³)
2124 3030 2137 3075 11
2162 3042 2222 3074 per
2244 3031 2355 3065 uirum
2378 3032 2412 3065 R
2434 3031 2446 3076 11

1376 3079 1395 3112 2
1419 3079 1474 3112 sed
1499 3091 1557 3112 om.
1571 3079 1631 3119 ΕΙ,
1654 3078 1710 3111 sed
1734 3080 1766 3110 et
1787 3078 1840 3111 Va
1855 3077 1867 3122 11
1893 3077 2070 3120 disponant
2090 3075 2147 3121 Vn
2169 3087 2284 3119 purem
2306 3077 2359 3111 Το
2382 3087 2443 3119 pu·-

1375 3133 1444 3156 ram
1460 3124 1494 3157 R.
1512 3125 1524 3166 ΙΙ
1545 3126 1564 3158 3
1588 3125 1676 3164 vero]
1701 3133 1781 3156 uero
1804 3133 1871 3155 non
1887 3122 1937 3155 Β*
1961 3122 1973 3164 11
1993 3122 2044 3154 hii
2058 3120 2109 3155 Β2
2131 3121 2167 3154 in
2190 3122 2280 3163 VT1,
2294 3134 2351 3155 om.
2365 3121 2414 3155 13⁸
2431 3121 2444 3165 11

1375 3170 1396 3202 4
1418 3169 1628 3210 relinquatur
1651 3169 1700 3201 R¹
1728 3167 1741 3213 11
1772 3170 1791 3202 5
1816 3170 1923 3200 totum
1943 3167 1977 3201 V
1999 3169 2012 3209 11
2038 3168 2058 3200 6
2081 3166 2205 3199 habent
2225 3167 2258 3199 V
2321 3168 2339 3200 7
2364 3166 2443 3199 haec

1373 3215 1459 3257 vulq.
1477 3214 1490 3255 11
1505 3213 1735 3257 uoluptatibus
1755 3213 1804 3247 17¹
1851 3214 1871 3247 8
1893 3214 1952 3256 leq.
1966 3211 2164 3255 deponunt?
2183 3212 2195 3254 11
2211 3213 2231 3245 9
2248 3221 2283 3244 so
2327 3210 2361 3243 le
2372 3219 2440 3242 om·

1374 3259 1454 3292 nino
1469 3259 1502 3292 T
1513 3259 1526 3302 11
1545 3260 1585 3293 10
1611 3259 1797 3291 exhistante
1851 3258 1862 3278 ¹
1886 3257 2047 3290 existente
2064 3256 2113 3290 R²
2129 3256 2142 3300 11
2160 3257 2201 3290 12
2225 3256 2264 3289 de
2283 3265 2341 3288 sua
2362 3252 2439 3287 aub-

1373 3304 1496 3336 stantia
1511 3304 1543 3337 T
1561 3303 1601 3337 de
1615 3303 1802 3337 substantia
1825 3312 1886 3335 sua
1908 3303 1964 3336 vul
1986 3327 1993 3334 .
2010 3303 2022 3345 11
2043 3303 2083 3336 14
2106 3300 2342 3345 possessionum
2363 3297 2411 3331 T·

1377 3350 1416 3382 15
1441 3359 1501 3381 nec
1525 3349 1645 3382 om.R¹
1669 3347 1682 3393 11
1715 3349 1755 3383 16
1779 3349 1833 3389 sit]
1857 3348 1886 3380 si
1905 3347 1940 3381 V
1997 3346 2113 3387 donec]
2137 3346 2239 3379 donec
2261 3344 2329 3395 ipse
2353 3341 2406 3375 1²⁰

1373 3393 1497 3427 uixeris
1517 3394 1570 3427 V⁰
1587 3393 1599 3437 11
1619 3395 1658 3427 17
1679 3393 1883 3426 concubinae
1903 3394 1972 3433 cet]
1997 3391 2136 3424 cubinae
2148 3408 2192 3415 —
2203 3390 2246 3423 24
2257 3387 2396 3439 dimum!
2410 3397 2438 3419 ει

1374 3450 1434 3471 scr.
1448 3438 1499 3471 R²
1511 3440 1543 3473 in
1558 3452 1624 3473 ras.
1634 3440 1654 3472 5
1667 3451 1810 3472 versuum
1828 3438 1841 3481 11
1859 3438 1899 3471 18
1915 3438 1995 3470 haec
2016 3449 2075 3470 om.
2090 3435 2139 3470 T¹
2155 3434 2169 3478 Ι
2183 3434 2224 3467 23
2235 3430 2299 3465 filu
2313 3430 2438 3483 fuerint

1374 3479 1447 3526 ΗΘ)
1463 3484 1475 3527 11
1500 3486 1550 3525 ut]
1574 3486 1633 3517 aut
1657 3484 1691 3517 Τ
1697 3483 1709 3504 ¹
1730 3482 1743 3528 11
1770 3484 1811 3517 25
1837 3482 1907 3523 *etJ
1930 3483 1990 3515 aut
2013 3481 2104 3522 libri,
2127 3487 2165 3512 ao
2186 3476 2280 3510 Beck
2304 3473 2317 3519 11
2339 3479 2435 3509 etiam

1375 3541 1432 3561 om.
1447 3529 1479 3562 R
1501 3528 1514 3573 11
1538 3528 1834 3573 praedescendente
1846 3526 1954 3560 R¹T¹
1976 3523 2187 3569 praecedente
2206 3519 2262 3563 1711
2287 3521 2328 3554 26
2352 3521 2436 3574 sorte

1375 3573 1406 3606 R
1421 3572 1434 3617 11
1452 3576 1522 3615 aut]
1547 3576 1606 3608 aut
1628 3574 1727 3608 etiam
1749 3573 1781 3607 T
1792 3572 1806 3618 11
1822 3574 1865 3607 28
1889 3571 1969 3604 duas
1989 3569 2101 3613 uncias
2122 3566 2206 3609 vulq.
2225 3563 2295 3609 fl32
2320 3566 2437 3619 habuit

1372 3618 1406 3650 R
1421 3619 1434 3670 11
1459 3619 1502 3653 35
1519 3619 1635 3663 procul
1651 3619 1772 3659 antem]
1796 3617 1982 3661 praem-nt
2003 3612 2082 3656 13¹1
2102 3611 2174 3651 hoo]
2198 3619 2236 3642 ao
2258 3610 2313 3653 Vll
2336 3612 2377 3663 336
2398 3612 2437 3644 Si

1373 3672 1448 3704 quis
1471 3665 1557 3697 enim
1580 3665 1667 3697 siout
1694 3664 1727 3697 T
1747 3662 1761 3707 fl
1787 3664 1829 3696 37
1855 3658 2060 3702 oompulatur
2079 3654 2158 3698 V‘fl
2187 3655 2229 3688 38
2253 3659 2362 3698 potuit
2384 3656 2435 3691 Β*

1372 3708 1519 3752 potuerit
1538 3709 1588 3743 Ιί2
1605 3709 1619 3755 u
1641 3707 1819 3742 consistere
1835 3703 1918 3750 1⁷⁸1
1941 3704 1985 3739 39
2004 3710 2070 3744 quo
2094 3699 2128 3734 T
2135 3700 2232 3744 vala]
2258 3701 2344 3744 quod
2363 3701 2440 3738 RV

292 3039 312 3072 3
334 3036 366 3071 εἰ
390 3033 430 3070 δὲ
453 3036 578 3077 ἔχοιεν]
608 3035 636 3068 si
663 3045 741 3068 vero
771 3033 951 3067 habuerint
980 3034 1016 3066 hi
1039 3044 1121 3076 quos
1143 3033 1307 3076 praedixi—

234 3094 307 3117 mus
331 3094 350 3119 ς
378 3082 392 3125 11
417 3082 439 3115 4
463 3076 581 3114 αὐτοῖς
603 3077 978 3122 καταλιμπανέτωσαν
1003 3079 1051 3111 Β*
1066 3081 1111 3121 (ς)
1139 3079 1152 3122 11
1178 3081 1308 3124 μοῖραν

234 3125 279 3172 ἣν
303 3130 335 3162 in
353 3129 450 3161 litura
465 3126 526 3170 Lu
551 3127 571 3160 6
594 3126 851 3169 παραπέμπειν
874 3121 999 3157 ἄδειαν
1023 3124 1203 3165 ἐχέτωσαν
1226 3125 1275 3157 B⁸
1296 3122 1308 3167 11

236 3177 254 3208 7
275 3171 404 3212 ταῦτα]
428 3171 491 3204 hoo
514 3183 533 3207 ς·
551 3170 564 3214 11
582 3172 622 3204 10
639 3167 800 3216 ἐκγόνων
812 3170 842 3203 L
861 3169 873 3212 11
893 3171 929 3203 11
957 3166 1186 3211 *τελευτήσω
1202 3169 1274 3202 ML
1296 3168 1308 3205 ΙΙ

239 3221 278 3254 15
301 3215 431 3252 τούτου
453 3217 486 3250 L
509 3217 564 3259 (cs.
583 3218 628 3249 ad
647 3217 722 3256 131,
737 3216 783 3256 20)
801 3214 814 3257 11
829 3211 1035 3257 φειδόμενοι
1054 3215 1100 3247 L*
1119 3214 1131 3258 11
1152 3215 1191 3248 16
1215 3212 1307 3247 κατὰ

234 3262 303 3297 τὸν
326 3261 424 3296 οἷκον
448 3274 506 3295 om.
520 3272 539 3297 ς·
557 3260 569 3304 11
589 3262 628 3295 19
652 3258 898 3305 ἆναμφίτητος
921 3259 952 3292 L
971 3260 1040 3303 1121
1066 3256 1224 3301 παίδων]
1247 3257 1307 3292 νό-

235 3308 322 3342 θων
347 3309 471 3349 131,2s
500 3305 514 3350 11
541 3307 585 3340 24
609 3301 810 3350 ὁπόσοιπερ
835 3306 910 3346 131,
926 3311 961 3338 28
992 3303 1005 3348 11
1033 3305 1074 3338 25
1099 3299 1307 3350 ἀναλογίαν]

375 3352 465 3390 Ε’ςς
489 3349 579 3397 πρὸς
591 3352 751 3394 supplevit
764 3350 950 3394 Hombequ
963 3362 1002 3383 ex
1015 3350 1090 3391 131,
1101 3356 1137 3384 29
1155 3349 1168 3394 fl
1186 3350 1228 3384 26
1240 3361 1306 3394 φα·

235 3401 313 3441 μεν]
342 3398 409 3441 μὲν
432 3397 464 3429 L
491 3396 504 3440 11
534 3397 573 3430 27
600 3398 700 3437 σχοίη
726 3397 841 3437 131,31
873 3393 886 3435 11
914 3396 954 3429 31
979 3396 1117 3440 γίνοιτο
1144 3392 1308 3446 131,3511

238 3445 279 3495 35,
302 3440 540 3476 καταλιπεῖνῗ
564 3440 612 3494 L¹
638 3442 652 3493 11
672 3440 750 3484 μὲν]
781 3440 848 3483 μὲν
870 3435 957 3483 ἡμῖν
983 3441 1058 3481 131,
1073 3447 1108 3474 39
1134 3438 1147 3484 11
1176 3441 1306 3494 361του

237 3483 499 3565 3‘4‘2‘5212222335
519 3497 723 3571 ῑιτίμω
735 3484 966 3577 ‚¹353AE
980 3484 1110 3575 1¹:32³„
1122 3484 1308 3575 itam

238 3577 313 3621 γεῖν
336 3578 437 3618 132‚2
455 3577 526 3620 1140
549 3576 827 3622 γνωριζομένην]
852 3575 904 3618 τῷ
926 3573 1029 3619 νόμῳ
1053 3576 1130 3609 add.
1148 3576 1252 3617 132,4

2386 3920 2447 4010 111
