2618 4010
138 135 421 173 ELECTIONEM
447 135 660 169 HABEAN'P

139 238 184 273 τὰ
202 240 271 284 μὲν
293 235 446 281 ἀκίνητα
467 236 617 272 πάντως
654 239 763 271 ιε’νειν
785 234 886 283 παρὰ
907 237 953 284 τῇ
973 238 1082 283 μητρὶ
1103 234 1163 271 διὰ
1182 235 1225 271 τὸ

139 283 206 328 τὴν
225 281 440 339 ἄποταροφὴν
451 281 544 325 ἔχειν
557 284 630 316 ἐκεῖ
660 296 710 324 εν,
730 284 791 317 ἐπὶ
805 279 845 315 δὲ
856 285 929 316 τοῖς
940 284 1097 326 κινητοῖς
1109 283 1224 317 ταῦτα

137 332 292 376 κρατεῖν,
309 340 403 376 απερ
424 325 742 372 ἐνομοθετήσαμεν
761 327 985 373 ἔμπροσθεν,
1006 327 1084 362 εἴπε
1124 326 1222 374 ἐτύγ-

136 387 247 416 χανεν
277 376 320 408 ἐν
348 376 507 416 κινητοῖς
525 372 649 411 πάντα
672 371 719 406 τὰ
749 374 811 416 τῆς
841 371 912 418 πρὸ
942 370 1057 420 γάμου
1113 375 1224 420 ωρεᾶς

137 419 370 454 καθεστῶτα.

1229 120 1280 168 17

2074 122 2182 167 Nov.
2214 123 2255 166 II
2285 128 2322 167 4.
2355 128 2379 166 5

1294 236 1379 272 beat
1398 236 1516 277 rebus,
1540 234 1734 270 immobilia
1755 234 1898 279 quidem
1917 234 2030 269 modis
2052 234 2216 270 omnibus
2235 245 2381 270 manere

1294 282 1391 327 apud
1414 285 1581 322 matrem,
1614 283 1655 315 ut
1679 280 1884 315 alimentum
1908 280 2040 315 habeat
2063 279 2165 321 inde,
2195 291 2304 324 porro
2337 280 2381 315 de

1293 327 1484 362 mobilibus
1520 326 1611 361 haec
1646 325 1783 367 valere,
1819 336 1911 370 quae
1946 325 2160 360 sancivimus
2196 326 2314 370 prius,
2351 326 2381 361 si

1294 375 1415 407 essent
1437 372 1475 406 in
1498 371 1606 406 rebus
1630 371 1821 406 mobilibus
1847 371 1966 406 omnia
1989 371 2244 417 antenuptialis
2269 371 2379 407 dona-

1259 422 1276 452 5
1293 418 1400 453 tionis
1427 416 1671 453 consistentia.

1144 554 1301 590 CAPUT
1325 554 1367 590 V.

182 619 338 656 Κάκεῒνό
357 635 399 669 γε
415 621 488 667 μὴν
512 624 552 656 έν
570 625 643 657 τοῖς
662 622 875 669 ἔμπροσθεν
892 619 1060 667 ἀμυδρῶς
1076 623 1145 667 μὲν
1164 636 1221 656 νο-

136 666 360 712 μοθετηθέν,
393 671 557 702 σπανίως
580 666 620 702 δὲ
649 669 688 701 ἐν
713 665 952 712 δικαστηρίοις
979 667 1224 710 ἐξητασμένον

137 709 313 758 ᾠήθημεν
333 713 462 759 χρῆναι
485 712 587 757 νόμῳ
605 726 645 747 τε
668 716 779 759 σαφεῖ
796 711 1006 758 περιλαβεῖν
1025 716 1085 745 καὶ
1107 725 1221 758 παρα-

136 757 261 792 δοῦναι
284 759 346 811 ’τῇΧ
361 757 482 814 χρήσει
513 761 574 813 xa}
607 760 826 804 καταγαγεῖν
856 757 904 790 εἰς
934 757 980 791 τὰ
1009 754 1223 803 δικαστήρια

1337 621 1432 656 Illud
1456 631 1597 666 quoque
1618 621 1752 657 dudum
1770 621 1900 657 acerbe
1922 620 2062 665 quidem
2084 622 2271 664 sancitum,
2297 633 2379 657 raro

1293 669 1414 702 autem
1437 667 1475 701 in
1497 667 1631 702 iudicio
1655 667 1897 702 examinatum
1921 666 2185 702 aestimavimus
2216 672 2381 712 oportere

1293 713 1392 747 clara
1411 713 1489 757 lege
1514 713 1705 758 complecti
1729 717 1765 747 et
1791 713 1934 747 tradere
1960 712 2041 747 usui
2071 716 2108 747 et
2137 712 2311 747 deducere
2336 713 2381 746 ad

1291 757 1442 801 iudicia,
1478 769 1544 802 pro
1578 758 1756 793 communi
1783 758 1942 802 positum
1968 757 2158 792 adiutorio.
2214 758 2251 792 Si
2288 758 2381 792 enim

101 811 108 818 ”
136 802 224 848 πρὸς
253 816 377 846 κοινην
400 816 683 847 αποκεισομενον
704 800 894 856 βοήθειαν.
942 802 990 835 Εἰ
1019 801 1087 849 γὰρ
1116 815 1222 836 συνα-
1239 806 1278 837 10
1293 803 1556 847 coniungantur
1596 803 1705 848 aliqui
1743 803 1925 839 alterutris
1963 813 2042 837 cum
2079 802 2173 838 dotis
2210 807 2246 837 et
2282 807 2381 837 ante·-

136 849 267 893 φθεῖέν
283 860 376 882 τινες
394 845 556 891 ἀλλήλοις
570 850 630 883 ἐπὶ
649 858 794 894 προικος
811 850 872 880 καὶ
891 850 1133 893 προγαμιαίας
1153 845 1222 881 δω-

135 895 217 973 gaiis
239 892 485 948 συμβολαίοις,
509 893 600 947 chax
617 890 637 927 ὁ
661 894 730 937 μὲν
753 889 845 937 ἀνὴρ
871 896 1120 939 προγαμιαίαν
1147 896 1222 947 ἑξη-

158 943 214 982 οίη
237 937 389 986 δωρεαν,
410 937 433 981 ἡ
454 936 494 992 δὲ
515 952 605 986 γυνη
629 939 907 989 ἐπειςενέγκοιτο
930 940 1063 983 προῖκα
1087 936 1109 980 ἢ
1133 937 1224 991 awti]

135 986 391 1031 παρασχομένη
410 996 548 1027 ταυτην
559 980 582 1026 ἢ
601 980 727 1017 δύντος
740 993 877 1033 πατρος
889 980 911 1025 ἤ
923 993 1020 1036 τινος
1038 984 1117 1016 τῶν
1136 983 1221 1022 εξω-

1292 848 1463 892 nuptialis
1488 848 1693 884 donationis
1722 848 1966 891 documentis,
2001 848 2128 882 deinde
2157 848 2210 882 vir
2242 848 2383 892 quidem

1293 894 1573 938 antenuptialem
1610 895 1783 939 praebeat
1818 893 2066 938 donationem,
2102 893 2230 927 mulier
2264 897 2383 928 autem

1292 939 1429 973 scribat
1457 938 1593 982 dotem,
1631 945 1694 974 aut
1723 940 1802 985 ipsa
1831 939 2041 984 praebitura
2072 949 2150 974 eam
2182 941 2246 973 aut
2276 938 2383 973 dante

1291 986 1395 1027 patre
1417 987 1481 1018 aut
1505 985 1664 1028 quolibet
1687 990 1877 1026 extraneo,
1910 988 2037 1030 postea
2060 988 2236 1029 appareat
2259 984 2381 1018 matri-

135 1030 226 1070 θεν,
255 1029 334 1063 εἶτα
358 1032 486 1075 φανείη
510 1025 600 1074 παρ’
630 1024 724 1081 ὅλον,
738 1040 805 1061 τον
828 1028 892 1060 τοῦ
938 1041 1029 1083 αμου
1053 1028 1179 1081 καιρὸν
1202 1024 1277 1070 {715
1291 1028 1401 1063 monii
1433 1032 1594 1073 tempore
1625 1029 1689 1065 dos
1720 1042 1792 1066 non
1818 1031 1902 1065 data
1931 1029 2078 1072 marito,
2112 1029 2175 1064 sed
2206 1029 2384 1064 sustineat

135 1074 243 1120 προῖξ
264 1073 313 1119 μὴ
332 1072 487 1108 δοθεῖσα
506 1074 560 1116 τῷ
581 1083 853 1115 συνοικησαντι,
874 1069 896 1105 ἀ
921 1071 942 1106 λ
980 1071 1223 1117 ἀνασχομενος

135 1122 266 1154 ἐκεῖνος
291 1119 371 1153 τῶν
393 1119 460 1152 τοῦ
480 1115 595 1164 γάμου
625 1118 766 1165 βαρῶν,
794 1120 854 1150 καὶ
879 1114 898 1151 ὁ
921 1116 1032 1164 γάμος
1063 1116 1221 1161 θανάτῳ

135 1166 198 1199 τοῦ
223 1162 354 1211 ἀνδρὸς
376 1161 587 1206 διαλυθείη,
611 1162 675 1196 οὐκ
697 1160 745 1196 ἂν
764 1162 818 1205 εἴη
843 1161 966 1196 δικαία
989 1162 1179 1198 παντελῶς
1200 1159 1223 1206 ἡ

134 1208 222 1257 γυνὴ
241 1211 372 1256 προῖκα
392 1207 442 1252 μὴ
466 1206 578 1242 δοῦσα
597 1209 653 1251 τῷ
674 1206 927 1250 συνοικήσαντι
949 1208 1017 1251 τὴν
1047 1222 1221 1256 προγαμι-

1291 1075 1402 1108 onera
1433 1074 1667 1118 matrimonii,
1704 1079 1740 1111 et
1770 1076 2036 1116 matrimonium
2067 1077 2184 1109 morte
2212 1075 2279 1109 viri
2313 1074 2381 1109 sol-

1290 1122 1412 1162 vatur,
1441 1130 1514 1154 non
1539 1121 1594 1154 est
1616 1119 1713 1155 iusta
1737 1121 1880 1156 omnino
1905 1120 2030 1155 mulier
2054 1119 2174 1155 dotem
2197 1130 2267 1155 non
2294 1119 2382 1154 dans

1292 1164 1421 1199 marito
1444 1165 1726 1208 antenuptialem
1748 1166 1913 1210 accipere
1931 1165 2170 1200 donationem.
2204 1165 2243 1199 Si
2264 1169 2383 1200 autem

1293 1209 1399 1247 etiam
1431 1220 1503 1244 non
1535 1213 1649 1244 totam
1682 1210 1837 1252 dederit,
1870 1215 1907 1246 et
1936 1211 2016 1255 ipsa
2045 1221 2112 1255 pro
2137 1214 2240 1245 tanto
2266 1211 2384 1254 exigat

136 1259 220 1289 ιιίαν
241 1251 381 1298 δωρεὰν
400 1252 539 1306 1λαβεῖν.
577 1254 624 1287 Εἰ
642 1250 682 1287 δὲ
699 1255 759 1286 καὶ
778 1251 828 1297 μὴ
848 1253 897 1287 εἰς
916 1249 1112 1299 ὁλόκληρον
1132 1252 1221 1297 δοίη,
1235 1257 1277 1290 20
1292 1254 1531 1298 donationem,
1556 1255 1595 1289 in
1619 1260 1791 1300 quantum
1816 1256 1953 1291 dederit
1977 1256 2105 1291 dotem.
2143 1255 2382 1301 Aequalitatis

134 1303 193 1334 καὶ
214 1297 303 1342 αὐτὴ
323 1311 415 1332 κατα
433 1300 609 1333 τοσοῦτον
627 1296 829 1333 ἀπαιτείτω
851 1297 919 1341 τὴν
944 1296 1096 1346 δωρεάν,
1124 1299 1219 1333 καθ’

134 1342 220 1379 ὅσον
240 1341 319 1387 δοίη
337 1342 406 1387 τὴν
424 1347 567 1390 προῖκα.
602 1340 778 1386 Ἰσότητος
796 1342 865 1390 γὰρ
883 1345 991 1388 ἐσμὲν
1007 1348 1067 1378 καὶ
1088 1342 1221 1379 δικαιο-

133 1389 241 1432 σύνης
262 1390 423 1436 ἐρασταί,
441 1392 501 1423 καὶ
513 1387 653 1432 ταύτην
673 1391 713 1423 ἐν
733 1385 853 1422 ἅπασί
869 1402 910 1422 τε
928 1392 1003 1424 τοῖς
1022 1389 1140 1424 ἄλλοις
1161 1393 1221 1423 καὶ

133 1434 222 1487 πρός
262 1447 279 1468 ε
300 1436 340 1468 ἐν
359 1436 432 1468 τοῖς
453 1438 685 1468 συνοικεσίοις
734 1431 920 1477 ουλὸμεθα
938 1439 1096 1479 κρατεῖν.
1133 1433 1222 1470 dicre

132 1493 286 1561 gzfflrov
314 1524 405 1571 ἢπερ
433 1521 641 1571 ὡμολόγησε
668 1523 782 1559 δοῦσα
810 1536 986 1559 τοσουτον
1008 1523 1220 1571 ἀπολαμβα-

132 1574 227 1605 νέτω
250 1566 375 1614 μόνον,
403 1565 491 1604 ὅσον
517 1568 688 1605 ἐπέδωκε.
734 1572 795 1603 καὶ
816 1568 914 1604 ἔστω
934 1573 995 1604 καὶ
1019 1569 1110 1615 αὕτη
1130 1570 1221 1614 καλὴ

132 1617 186 1659 τῷ
207 1614 364 1662 παρόντι
382 1612 485 1660 νόμῳ
507 1613 747 1661 προςαύξησις,
768 1613 884 1649 πολλὰ
902 1617 982 1650 τῶν
998 1613 1054 1650 ἀεὶ
1073 1619 1141 1661 μὲν
1156 1614 1220 1661 ἆμ-

133 1662 444 1707 φισβητουμένων,
462 1657 564 1705 μόλις
583 1659 624 1695 δὲ
638 1662 707 1696 νῦν
716 1661 765 1694 εἰς
777 1660 1004 1705 νομοθεσίαν
1016 1663 1220 1705 καταχθέν-

132 1719 211 1740 των
235 1703 475 1751 διακρίναντι.

183 1752 317 1785 Τοῦτον
338 1749 379 1804 δὲ
396 1753 544 1806 κρατεῖν
564 1749 776 1802 βουλόμεθα
793 1751 861 1786 τὸν
879 1751 995 1797 νόμον
1013 1755 1077 1788 ἐπί
1096 1766 1138 1787 τε
1156 1754 1225 1788 τοῦ

133 1795 259 1831 δόντος
280 1792 378 1850 αὗτῳ
400 1809 469 1839 την
489 1810 601 1843 αρχην
622 1796 793 1841 θέματος,
818 1798 883 1831 ἐπί
898 1810 939 1831 τε
960 1799 1038 1833 τῶν
1058 1800 1099 1832 έν
1123 1796 1221 1833 δικα-

132 1845 289 1894 στηρίοις
317 1844 540 1886 ηρτημένων,
573 1843 636 1876 ἐπί
657 1855 698 1876 τε
717 1843 796 1877 τῶν
824 1843 949 1889 ἐφεξῆς
967 1847 1223 1890 γενησομένων

131 1886 319 1921 απάντων.

1291 1300 1386 1335 enim
1410 1304 1447 1335 et
1469 1300 1629 1335 iustitiae
1654 1311 1778 1337 sumus
1802 1306 1998 1342 amatores,
2026 1311 2131 1345 quam
2155 1301 2193 1335 in
2216 1301 2383 1336 omnibus

1291 1345 1370 1380 aliis
1401 1349 1438 1381 et
1464 1345 1502 1380 in
1534 1346 1725 1382 consortiis
1746 1347 1908 1382 volumus
1936 1346 2108 1382 obtinere.
2156 1346 2383 1391 Quapropter

1291 1400 1383 1435 quae
1418 1391 1470 1426 nil
1505 1391 1648 1427 omnino
1683 1392 1762 1433 dat,
1800 1392 1853 1426 nil
1884 1392 2028 1427 omnino
2059 1391 2254 1436 percipiat3
2291 1402 2383 1435 quae

1290 1447 1375 1471 vero
1406 1437 1523 1472 minus
1556 1447 1662 1481 quam
1690 1437 1856 1482 professa
1885 1440 1940 1472 est
1975 1436 2090 1480 dedit,
2122 1439 2263 1471 tantum
2292 1437 2381 1472 reci-

254 1477 261 1490 '
286 1476 410 1513 ὁτιοῦν
430 1477 605 1514 ἐπιδοῦσα
626 1477 701 1524 μηδ
741 1476 866 1513 ὁτιοῦν
886 1478 1116 1532 λαμβανέτω,
1139 1478 1161 1524 ἡ
1183 1479 1222 1515 δὲ
1236 1485 1275 1516 25
1290 1482 1367 1527 piat
1402 1482 1537 1525 solum,
1575 1484 1747 1527 quantum
1785 1483 1973 1526 obtulerit,
2017 1482 2135 1527 sitque
2169 1482 2276 1517 etiam
2313 1483 2382 1517 hoc

1291 1527 1465 1572 optimum
1509 1528 1547 1562 in
1588 1529 1772 1572 praesenti
1810 1529 1888 1573 lege
1926 1528 2185 1563 incrementum
2230 1527 2383 1572 plurima

1291 1573 1525 1615 decernente,
1562 1584 1655 1617 quae
1688 1584 1828 1619 semper
1858 1575 1896 1609 in
1929 1573 2152 1609 dubitatione
2185 1575 2289 1615 sunt,
2326 1574 2383 1609 vix

1290 1622 1410 1653 autem
1433 1618 1538 1654 modo
1562 1618 1609 1654 ad
1632 1619 1889 1663 legislationem
1912 1619 2078 1655 deducta.

1335 1754 1440 1789 Hanc
1459 1758 1580 1790 autem
1604 1755 1722 1791 valere
1740 1756 1901 1791 volumus
1918 1756 2031 1801 legem
2053 1757 2089 1790 et
2108 1755 2145 1790 in
2167 1765 2253 1791 casu
2275 1755 2382 1790 dante

1290 1799 1324 1834 ei
1346 1800 1561 1845 principium
1581 1804 1618 1835 et
1640 1801 1678 1835 in
1699 1801 1940 1845 pendentibus
1965 1801 2088 1837 litibus
2107 1805 2144 1836 et
2161 1801 2199 1836 in
2217 1801 2382 1837 omnibus

1291 1846 1335 1881 de
1364 1849 1482 1881 cetero
1508 1846 1812 1890 provenientibus

142 1974 149 1984 ι
177 1930 469 1986 (Ἐπίζογος.)
522 1930 571 1966 Τὰ
598 1936 723 1967 τοίνυν
746 1932 990 1980 παραστάντα
1018 1931 1104 1989 ἡμῖν
1127 1931 1149 1978 ἡ
1177 1935 1222 1978 σὴ
1235 1939 1276 1971 35
1335 1935 1628 1988 (Epilogus).
1656 1936 1756 1981 Quae
1782 1937 1891 1982 igitur
1920 1937 2136 1982 placuerunt
2164 1938 2285 1980 nobis,
2317 1939 2383 1973 tua

135 1990 286 2023 υπεροχη
309 1990 405 2024 εργῳ
426 1980 486 2011 καὶ
505 1980 638 2021 πέρατι
668 1977 898 2026 παραδοῦναι
920 1990 1131 2021 σπευσατω,
1160 1983 1220 2014 καὶ

133 2021 271 2070 φανερὰ
302 2023 392 2058 πᾶσι
424 2020 484 2057 διὰ
516 2023 813 2071 προγραμμάτων
844 2025 990 2059 οἰκείων
1018 2024 1219 2068 ποιησάτω,

177 2127 248 2157 cap.
273 2115 304 2147 V
322 2116 379 2155 (-
402 2111 629 2160 διακρίναντι
655 2117 712 2157 30)
737 2117 889 2150 insertum
913 2130 984 2150 nov.
999 2119 1054 2158 91,
1069 2124 1085 2151 2
1119 2125 1208 2152 extat
1233 2119 1266 2152 in
1285 2118 1323 2152 B
1347 2120 1402 2159 28,
1428 2126 1471 2159 13,
1493 2126 1506 2153 1
1532 2126 1563 2152 et
1586 2121 1662 2154 inde
1686 2121 1719 2154 in
1744 2121 1776 2154 L
1801 2121 1846 2164 (f
1875 2121 1966 2163 117v)
1982 2120 1995 2164 ΙΙ
2017 2106 2057 2154 10
2082 2120 2129 2154 Εἰ
2149 2145 2157 2153 .
2172 2145 2180 2154 .

131 2161 277 2203 βανέτω
299 2160 421 2194 liabent
443 2160 624 2194 Prochiron
648 2163 680 2203 9,
706 2169 754 2200 123
779 2162 989 2206 Epanayoye
1013 2164 1066 2205 19,
1092 2169 1120 2196 2.

1293 1982 1494 2018 sublimitas
1529 1992 1629 2026 operi
1661 1982 1874 2028 effectuique
1907 1982 2120 2018 contradere
2151 1982 2314 2025 festinet,
2347 1986 2383 2018 et

1289 2027 1481 2062 manifesta
1504 2027 1679 2063 universis
1703 2038 1769 2073 per
1792 2032 2060 2074 programmata
2083 2028 2231 2073 propria
2259 2029 2381 2072 faciat,

2196 2145 2206 2153 .
2227 2122 2269 2154 25
2295 2118 2380 2164 λαμ-

131 2271 239 2307 rebus
263 2272 451 2315 consistat,
472 2273 671 2309 immobilia
693 2273 838 2319 quidem
863 2275 1010 2310 omnino
1035 2275 1137 2321 apud
1160 2279 1312 2310 matrem
1335 2281 1518 2319 maneant,
1539 2282 1580 2312 ut
1603 2277 1736 2313 exinde
1759 2278 1932 2314 alimenta
1962 2278 2105 2321 habeat,
2128 2280 2166 2314 in
2190 2279 2382 2314 mobilibus

132 2328 217 2353 vero
240 2328 285 2352 ea
308 2317 496 2353 obtineant
517 2329 613 2364 quae
635 2323 721 2355 ante
743 2319 982 2361 sancivimus,
1006 2320 1040 2354 si
1065 2324 1142 2355 tota
1165 2320 1318 2356 donatio
1343 2325 1430 2356 ante
1453 2322 1604 2368 nuptias
1625 2323 1665 2357 in
1688 2322 1881 2359 mobilibus
1904 2325 2128 2360 consisteret.

266 2373 311 2408 V.
359 2371 461 2408 Illud
483 2384 639 2419 quoque,
689 2374 764 2409 uod
785 2374 824 2408 in
846 2374 1035 2420 prioribus
1051 2374 1193 2420 leqibus
1216 2375 1370 2411 obscure
1415 2377 1534 2412 uidem
1554 2379 1746 2421 sancitum,
1769 2390 1858 2414 raro
1880 2383 2000 2415 autem
2020 2381 2059 2414 in
2077 2380 2222 2416 iudiciis
2241 2382 2379 2417 exami—

132 2422 257 2452 natum
281 2420 352 2460 est,
376 2422 411 2453 et
430 2419 628 2470 perspicua
666 2429 731 2465 eqe
751 2429 830 2454 com
859 2418 1060 2454 lectendum
1084 2424 1120 2454 et
1142 2419 1225 2454 usui
1250 2420 1378 2456 traden
1406 2432 1464 2455 um
1482 2426 1519 2456 et
1543 2423 1581 2456 in
1600 2423 1737 2458 iudicia
1756 2423 2003 2459 deducendum
2020 2426 2253 2471 putavimus,
2277 2431 2319 2461 ut
2340 2427 2378 2460 in

133 2473 320 2497 commune
343 2463 525 2498 aua-ilium
548 2468 761 2499 reservetur.
848 2474 978 2509 amque
1000 2464 1033 2498 si
1056 2464 1121 2510 qui
1143 2465 1376 2499 matrimonio
1400 2466 1516 2501 iuncti
1536 2467 1680 2512 fuerint
1708 2468 1805 2502 dotis
1827 2473 1865 2503 et
1886 2468 2099 2504 donationis
2122 2475 2206 2506 ante
2230 2471 2380 2517 nuptias

132 2507 381 2542 instrumentis
403 2507 593 2553 confectis,
618 2512 729 2554 atque
750 2508 807 2544 vir
826 2508 1061 2544 donationem
1078 2520 1155 2561 pro
1186 2513 1240 2545 ter
1262 2510 1413 2556 nuptias
1432 2510 1583 2554 dederit,
1607 2512 1736 2547 mulier
1758 2513 1879 2548 dote‘m
1903 2514 2069 2550 attulerit
2091 2515 2167 2550 sive
2190 2515 2273 2561 ipsa
2297 2527 2376 2551 eam

130 2551 303 2598 praebuit
318 2552 394 2588 sive
410 2557 523 2599 pater
541 2557 607 2587 aut
626 2558 827 2589 eoetraneus
845 2553 981 2605 aliquis
1000 2553 1110 2596 dedit,
1160 2553 1265 2590 einde
1285 2560 1469 2602 appareat
1485 2568 1555 2602 per
1573 2561 1686 2592 totum
1703 2558 1928 2593 matrimonii
1949 2563 2089 2606 tempus
2105 2560 2225 2595 dotem
2245 2561 2376 2596 marito

132 2607 206 2632 non
230 2607 308 2632 esse
330 2596 473 2640 datam,
496 2597 562 2633 sed
583 2597 685 2632 illum
705 2598 930 2633 matrimonii
954 2609 1068 2634 onera
1090 2600 1322 2642 sustinuisse,
1346 2605 1383 2636 et
1404 2602 1675 2637 matrimonium
1699 2609 1816 2638 morte
1839 2604 1909 2639 viri
1931 2604 2115 2640 solvatur:
2146 2616 2376 2651 nequaquam

131 2652 287 2688 aequum
297 2642 416 2688 fuerit
428 2642 624 2686 mulierem,
649 2654 744 2689 quae
765 2644 899 2679 marito
924 2643 1044 2679 dotem
1067 2655 1142 2679 non
1166 2643 1277 2687 dedit,
1298 2644 1531 2684 donationem
1551 2652 1637 2683 ante
1655 2659 1705 2682 nu
1736 2648 1806 2683 tias
1830 2649 2005 2695 accipere.
2045 2649 2120 2685 Sed
2132 2654 2167 2685 et
2181 2651 2214 2685 si
2227 2651 2266 2685 in
2288 2651 2376 2686 soli-

131 2685 215 2722 dum
239 2697 314 2722 non
337 2685 488 2729 dederit,
511 2687 594 2734 ipsa
614 2699 760 2734 quoque
778 2688 1013 2724 donationem
1035 2689 1074 2724 in
1099 2693 1238 2725 tantum
1262 2690 1403 2736 αέα-ἱραί,
1427 2691 1466 2726 in
1487 2697 1663 2737 quantum
1714 2697 1807 2728 otem
1828 2694 1977 2730 dederit.
2014 2695 2261 2740 Aequalitatis
2283 2696 2376 2731 enim

131 2736 167 2767 et
181 2731 343 2768 iustitiae
359 2737 542 2768 amatores
553 2744 688 2775 sumus,
712 2744 863 2779 eamque
884 2744 964 2769 cum
987 2733 1026 2768 in
1050 2734 1134 2770 aliis
1158 2734 1323 2770 omnibus
1344 2738 1418 2770 tum
1435 2747 1521 2772 vero
1540 2737 1579 2772 in
1597 2738 1840 2774 matrimoniis
1859 2750 2006 2785 quoque
2023 2740 2185 2776 obtinere
2199 2740 2374 2776 volumus.

131 2775 254 2819 Quare
276 2788 372 2823 quae
389 2776 482 2812 nihil
504 2778 651 2813 omnino
676 2778 792 2821 dedit,
818 2778 911 2814 nihil
933 2779 1081 2815 omnino
1106 2780 1283 2826 accipiat,
1308 2790 1403 2826 quae
1426 2792 1511 2817 vero
1536 2783 1655 2818 minus
1678 2782 1780 2819 dedit
1801 2795 1912 2830 quam
1926 2785 2121 2831 promisit,
2157 2789 2296 2821 tantum
2319 2797 2376 2822 re-

131 2822 247 2869 cipiat
267 2821 397 2864 solum,
422 2826 599 2869 quantum
622 2822 742 2865 dadin
764 2825 883 2870 sitque
905 2829 943 2860 et
964 2824 1054 2860 haec
1075 2825 1262 2871 praesenti
1285 2825 1358 2871 leqi
1372 2826 1535 2871 pulchra
1559 2828 1732 2870 accessio,
1757 2828 1873 2864 multa
1896 2829 2094 2872 decidenti,
2119 2841 2214 2876 quae
2233 2842 2377 2877 semper

130 2867 169 2902 in
199 2866 344 2902 dubium
373 2872 522 2910 vocata,
554 2869 621 2904 vix
651 2873 770 2904 autem
801 2880 898 2904 nunc
922 2869 972 2904 ad
1002 2869 1115 2916 leqem
1139 2869 1294 2905 deducta
1322 2875 1416 2905 sunt.
1465 2872 1584 2918 Atque
1612 2872 1707 2908 hanc
1730 2873 1844 2920 leqem
1867 2879 1903 2910 et
1925 2875 1963 2910 in
1995 2886 2104 2918 casu,
2135 2876 2200 2922 qui
2222 2876 2279 2911 illi
2302 2877 2375 2911 ori-

131 2913 249 2992 qirliem
273 2912 389 2955 dedit,
420 2917 458 2949 et
478 2913 518 2948 in
540 2913 606 2956 iis,
637 2925 733 2959 quae
763 2913 802 2948 in
832 2914 978 2949 iudiciis
1002 2915 1184 2961 pendent,
1216 2919 1251 2951 et
1274 2915 1312 2950 in
1337 2915 1519 2960 omnibus,
1551 2928 1646 2963 quae
1668 2918 1708 2953 in
1731 2923 1925 2965 posterum
1950 2920 2182 2967 continqent,
2214 2921 2376 2957 obtinere

131 2968 175 2993 vo
193 2968 306 2993 umus.

266 3001 506 3050 Epiloqus.
554 3002 657 3046 Quae
678 3003 794 3051 iqitur
816 3003 922 3040 nobis
944 3003 1186 3051 placuerunt,
1219 3005 1407 3040 summitas
1439 3009 1501 3042 tua
1524 3006 1672 3052 effectui
1700 3011 1737 3044 ct
1762 3008 1832 3054 fini
1856 3008 1947 3046 dare
1968 3011 2115 3048 studeat
2138 3011 2374 3057 omnibusque

177 3118 197 3150 3
211 3114 405 3162 ἐτύγχανέν
417 3119 574 3159 κινητοῖς
585 3119 616 3150 A
635 3116 647 3161 ΙΙ
665 3120 684 3149 6
698 3113 864 3158 Κάκεῖνο]
879 3120 963 3152 u-aA
972 3131 1033 3162 my.
1053 3118 1065 3161 ΙΙ
1081 3121 1101 3152 6
1110 3132 1159 3162 sq.
1174 3121 1216 3161 cf.

1286 3119 1417 3171 I}rocl1.‚
1443 3120 1554 3173 {i'panf
1585 3119 1598 3163 ΙΙ
1625 3122 1667 3155 25
1689 3118 1802 3155 δοῦσα
1826 3123 1936 3167 Epan.
1969 3123 1982 3168 ΙΙ
2009 3124 2041 3157 εἰ
2065 3121 2106 3158 δὲ
2135 3122 2290 3158 ἔλαττον
2320 3125 2372 3167 εἴη

136 3162 213 3195 Cod.
230 3164 262 3201 5,
282 3169 324 3202 14,
341 3169 358 3194 9
385 3162 397 3204 ΙΙ
428 3165 447 3194 9
472 3165 689 3208 καταγαγεῖν
717 3163 848 3204 ΕΑΒς]
878 3162 1119 3197 κατατάττειν
1144 3165 1191 3198 M
1207 3163 1219 3207 Η

1285 3175 1397 3209 ουπερ
1431 3162 1660 3210 ωμολογησεν
1695 3164 1867 3201 ἐπιδοῦσα
1894 3169 1926 3202 Α
1952 3169 1964 3211 ΙΙ
1996 3171 2036 3203 27
2075 3167 2277 3203 ἐπιδέδωκε
2296 3171 2332 3203 Β
2362 3173 2373 3212 1!

136 3208 174 3240 12
199 3205 289 3246 εἶτα]
317 3207 376 3250 leq.
399 3203 500 3240 ὅπως
517 3220 546 3239 υ.
570 3206 631 3252 ἐφ’
655 3206 731 3241 oss?
747 3209 758 3249 ΙΙ
777 3207 855 3240 εἶτα
868 3227 912 3233 -
929 3211 970 3243 14
993 3208 1139 3248 ἔξωθεν
1158 3222 1216 3242 om.

132 3251 249 3284 Procli.
267 3250 279 3294 ΙΙ
302 3253 342 3284 13
362 3251 646 3295 έπεισενέγκοιτο
660 3253 706 3285 Μ
706 3255 717 3293 J
734 3255 920 3298 ἐπενέγκοι
934 3255 961 3286 Α
984 3251 1217 3299 ἄπενέγκοιτο

132 3295 219 3329 L¹B
242 3293 490 3342 ἀπογράφοιτο
509 3296 559 3330 L2
580 3297 703 3330 scribat
715 3310 735 3334 ς
750 3297 763 3341 ΙΙ
781 3300 914 3341 προῖκα
934 3295 1023 3342 αὐτῆ
1039 3310 1216 3344 παρασχε-

131 3340 265 3373 θεῖσαν
278 3339 417 3383 ταύτην
429 3338 555 3375 δόντος
566 3343 597 3375 A
616 3341 628 3386 ΙΙ
647 3345 687 3376 14
705 3344 958 3387 παρασχομένη
971 3343 1070 3385 BL2]
1084 3354 1216 3385 πασχο-

130 3388 219 3430 μένη
241 3385 290 3419 L¹
313 3388 572 3432 παρασχημένη
588 3388 635 3427 ΙΙΙ,
657 3389 908 3432 παρεσχημένη
929 3389 1095 3431 Scrz'myer
1112 3387 1124 3433 ΙΙ
1139 3389 1218 3422 τῶν

130 3429 228 3464 τινὸς
241 3430 307 3475 Ml}
329 3434 368 3466 15
391 3430 484 3472 εἶτα]
504 3433 564 3464 καὶ
578 3433 608 3464 Α
624 3431 636 3475 ΙΙ
654 3428 751 3473 ὅλον]
777 3445 835 3465 om.
851 3445 871 3469 ς
888 3433 900 3473 ΙΙ
920 3435 959 3468 16
984 3430 1139 3467 δοθεῖσα
1162 3434 1217 3467 τῶ

129 3472 234 3521 ἀνδρὶ
259 3473 463 3520 ἄνεχομένω
494 3477 573 3510 τῶν
593 3495 637 3501 -
656 3477 786 3523 βαρῶν
807 3478 838 3510 Α
857 3479 868 3513 11
884 3475 1051 3520 ἠνέσχετο
1070 3480 1181 3521 Epan.
1206 3478 1218 3522 ΙΙ

135 3523 171 3554 17
198 3524 340 3562 ἐκεῖνος]
359 3535 417 3556 om.
432 3534 451 3558 ς
469 3520 482 3565 ΙΙ
496 3518 658 3555 rcbv‘LB
672 3522 803 3562 Proch]
829 3522 881 3564 εἴη
904 3523 983 3556 τῶν
997 3525 1043 3556 Μ
1052 3523 1064 3568 ΙΙ
1087 3526 1126 3557 18
1150 3523 1215 3556 τοῦ

130 3561 271 3611 ἀνδρὸς]
297 3563 406 3600 αὐτοῦ
426 3567 457 3600 A
481 3566 494 3610 ss
515 3564 658 3600 δίκαιον
683 3567 745 3610 ΒΙΙ
765 3569 807 3600 20
832 3565 958 3611 λαβεῖν
979 3576 1053 3602 ante
1073 3565 1127 3602 δω
1153 3566 1216 3601 ειὶν

120 3612 202 3644 roll.
223 3611 294 3644 LB
319 3612 447 3651 Proelz„
480 3612 601 3655 Epan.‚
635 3619 709 3645 ante
734 3609 802 3653 τὴν
825 3614 895 3654 (¹9)
918 3614 949 3646 A
979 3613 991 3652 ΙΙ
1018 3612 1050 3646 εἰ
1072 3610 1112 3646 δὲ
1157 3616 1214 3655 οίη

130 3656 207 3698 μὲν,
231 3653 294 3689 οὐκ
318 3656 366 3690 εἰς
389 3653 581 3701 ὁλόκληρον
602 3654 643 3689 δὲ
669 3658 778 3697 Epan.
809 3657 821 3697 ΙΙ
848 3659 889 3691 21
916 3654 1123 3692 ἀπαιτεῖται
1147 3660 1179 3692 L
1202 3658 1214 3703 ΙΙ

133 3703 174 3737 22
199 3698 340 3746 ἐπιδοίη
365 3702 434 3737 LE
461 3703 588 3746 Prot-lt,
613 3698 659 3736 ἄν
684 3697 762 3747 δοίη
787 3702 897 3748 Epan.
929 3702 941 3749 ΙΙ
966 3705 1009 3739 24
1035 3704 1074 3739 έν
1099 3718 1156 3739 om.
1181 3706 1212 3738 A

195 3755 251 3787 111.

1285 3210 1328 3243 28
1342 3207 1458 3243 πολλὰ
1468 3211 1536 3252 μὲν
1548 3210 1626 3243 τῶν
1639 3212 1668 3244 L
1692 3212 1697 3253 Ι
1717 3213 1758 3245 29
1780 3209 1832 3253 δὲ]
1853 3210 1894 3245 δὲ
1909 3215 1969 3247 καὶ
1982 3215 2018 3247 Β
2036 3214 2049 3256 ΙΙ
2064 3214 2299 3255 καταχθέντα
2313 3216 2348 3248 Β
2360 3216 2373 3262 ΙΙ

1287 3256 1329 3287 30
1354 3251 1578 3300 διακρίνοντι
1601 3256 1671 3289 AB
1694 3256 1699 3301 Ι
1719 3259 1761 3290 33
1784 3253 1999 3304 ἠρτημένων
2019 3259 2082 3293 ἐπί
2099 3261 2150 3299 τε]
2177 3259 2244 3292 νῦν
2268 3255 2370 3305 ἠρτη-

1283 3301 1414 3352 μένωνχ
1431 3300 1573 3386 κΣὶΙΙιὲἹΙΙ
1593 3303 1635 3334 34
1655 3297 1861 3381 οἱποξντωνλ.4
1882 3302 1931 3337 Τὰ
1954 3305 2090 3344 τοίνυν]
2108 3299 2275 3337 ’Ἀπαντα
2300 3308 2370 3338 τοί-

1284 3356 1352 3377 νυν
1374 3356 1420 3377 ’ἴα
1586 3357 1812 3392 γραμμάτων

1335 3404 1347 3434 1
1376 3401 1531 3433 omnibus
1553 3402 1660 3435 modis
1686 3403 1724 3436 V
1744 3403 1792 3447 116
1819 3404 1923 3446 Illud]
1949 3409 2035 3439 rubr.
2061 3406 2101 3438 de
2126 3406 2202 3439 dote
2225 3399 2369 3449 ascripta

1285 3448 1318 3478 et
1339 3456 1407 3479 non
1432 3449 1605 3480 numerata
1627 3448 1661 3480 R
1685 3447 1697 3493 ΙΙ
1725 3451 1743 3482 7
1775 3449 2018 3482 uixaminatum
2045 3450 2096 3483 Va
2114 3451 2126 3494 ΙΙ
2142 3452 2369 3484 estimauimus

1286 3491 1367 3532 ΕΤ]
1406 3491 1641 3525 extimauimus
1671 3493 1832 3534 (extimus
1857 3497 1884 3533 1)
1910 3495 1944 3528 V
1973 3495 2235 3529 existimavimus
2259 3498 2332 3532 dett.
2356 3494 2369 3543 ss

1284 3538 1305 3568 9
1331 3536 1431 3576 enim]
1455 3546 1537 3569 uero
1560 3536 1598 3570 V
1602 3536 1616 3557 ³
1645 3536 1658 3581 ΙΙ
1688 3539 1728 3571 18
1753 3539 1780 3570 si
1806 3539 1888 3579 ΒΤ]
1914 3539 1966 3572 sin
1988 3540 2026 3573 V
2043 3541 2128 3584 vulq.
2157 3540 2169 3585 ΙΙ
2200 3543 2241 3575 21
2268 3552 2367 3583 quam

1285 3580 1366 3621 VT]
1382 3587 1513 3622 quaque
1526 3582 1559 3614 R
1579 3592 1677 3623 quam
1691 3583 1826 3624 quidem
1843 3585 1955 3627 vul90;
1970 3598 2012 3618 an
2030 3586 2194 3627 eamque?
2212 3586 2225 3630 ΙΙ
2241 3588 2283 3620 23
2297 3598 2365 3619 om-

1282 3626 1364 3657 nino
1376 3625 1425 3657 nil
1438 3626 1601 3668 percipiat
1610 3627 1679 3660 VT
1691 3627 1703 3671 11
1720 3630 1762 3662 25
1776 3628 1930 3669 sicqueV
1945 3628 1958 3674 ΙΙ
1976 3631 2020 3664 26
2035 3631 2279 3664 incrementum
2295 3632 2342 3664 Β*
2355 3631 2368 3675 Η

1283 3672 1319 3703 31
1339 3671 1373 3702 in
1392 3671 1455 3702 hoc
1477 3681 1554 3703 casu
1572 3671 1606 3703 V
1620 3673 1704 3715 vuly.
1725 3673 1737 3717 l!
1754 3674 1795 3707 32
1810 3674 1841 3706 ei
1855 3687 1912 3708 om.
1927 3674 1961 3711 V
1973 3674 1988 3721 fl
2007 3677 2050 3710 33
2071 3676 2367 3718 praeuenientibus

1282 3715 1318 3751 V
1329 3715 1341 3761 ΙΙ
1361 3717 1402 3750 35
1425 3715 1614 3760 placuerint
1635 3717 1673 3754 V
1981 3719 1986 3724 '

2074 3781 2093 3819 a
