2618 4010
684 33 701 49 0

278 107 386 156 Nor.
415 107 496 154 XV
525 114 572 166 ὃς
603 121 668 166 ep.
903 171 915 185 .
1356 107 1435 156 114
1805 125 1865 156 nn
1893 125 2224 160 nmnsmueus
2253 128 2499 166 emunim

280 219 523 276 ἀδικουμένων
554 219 576 265 ἢ
605 222 684 255 τῶν
712 218 1042 267 ἀμφισβητούντων
1065 218 1269 256 διαλύοντες
1297 224 1357 255 καὶ
1424 222 1492 258 bus
1515 223 1727 265 inferuntur,
1760 226 1830 261 aut.
1848 223 2085 262 dubitationes
2109 225 2304 269 solventes,
2329 230 2366 263 et
2387 227 2497 264 hone-

280 277 446 311 σεμνους,
467 264 570 301 καθὰ
592 263 761 301 πολλάκις
782 266 819 300 εἴ
882 280 940 310 αι,
971 266 1053 302 τοὺς
1075 269 1115 300 ἐν
1135 268 1213 300 ταῖς
1235 263 1357 313 ἀρχαῖς
1423 270 1518 310 stos,
1542 267 1638 302 siout
1658 277 1766 313 saepe
1788 267 1922 306 dictum
1939 273 2011 314 est,
2041 281 2104 307 eos
2131 270 2193 317 qui
2213 272 2251 308 in
2274 271 2497 311 administra-

279 312 387 347 ὄντας
415 309 688 357 ἀποφαίνοντες.
736 311 782 344 Εἰ
833 313 851 346 δ
879 314 940 346 καὶ
963 309 1234 359 ἀγνωμονοῖντο
1257 309 1357 357 παρά
1425 312 1582 348 tionibus
1617 316 1702 347 sunt
1731 313 2024 351 demonstrantes.
2077 315 2116 352 Si
2148 327 2231 352 vero
2266 317 2374 354 etiam
2409 318 2496 354 deti-

278 369 394 391 τινων
412 356 450 390 οἱ
470 353 635 400 δημόσιοι
657 354 773 403 φόροι,
796 355 878 391 τοὺς
901 358 980 391 τῶν
996 357 1123 390 ἐθνῶν
1146 353 1357 402 ἡγουμένους
1425 361 1579 395 neantur
1609 357 1655 392 ab
1685 356 1864 401 aliquibus
1897 359 2064 405 publicae
2090 360 2312 404 functiones.
2363 362 2498 399 entium

279 405 352 436 τοῖς
374 400 524 435 ἐκδίκως
546 399 753 435 ἐπιτάττειν
782 400 845 436 τὰς
876 402 968 436 κατὰ
997 403 1075 435 τῶν
1106 398 1355 447 ἀγνωμονούν·
1391 405 1410 437 5
1423 402 1605 447 praesides
1641 401 1886 439 defensoribus
1919 403 2145 450 imperabunt
2179 410 2304 442 contra
2363 410 2496 443 etenta-

278 459 356 480 των
379 443 588 491 εἰςπράξεις,
617 446 678 479 ἵνα
700 448 761 480 καὶ
784 445 876 482 κατὰ
899 448 1006 481 τοῦτο
1030 444 1147 479 αὐτοῖς
1169 445 1355 489 βοηθοῖεν.
1424 451 1520 482 tores
1545 446 1765 491 exactiones,
1796 450 1838 483 ut
1859 452 1896 483 et
1917 450 2112 487 secundum
2143 451 2212 489 hoc
2235 462 2296 487 eos
2319 451 2496 487 adiuvent.

324 492 370 525 Εἰ
398 489 440 525 δέ
467 502 520 525 τις
543 487 683 525 ἑκδίκου
706 490 806 537 παρὰ
828 492 944 526 ταῦτα
972 495 1113 538 γίνοιτο
1143 494 1355 536 χειροτονία,
1468 491 1507 526 Si
1531 502 1601 536 qua
1622 502 1705 528 vero
1730 492 1926 529 defensoris
1949 498 2090 539 praeter
2112 495 2201 531 baec
2223 496 2288 532 fiat
2310 497 2498 537 ordinatio,

277 532 535 588 ἣῚπαραιτοῖτό
557 535 700 591 τις,τὴν
722 539 786 571 τοῦ
818 536 955 571 ἐκδίκου
985 534 1168 582 προβολὴν
1201 533 1260 571 ἐπ’
1295 533 1353 570 αὖ·
1424 541 1486 572 aut
1520 537 1679 572 renuerit
1712 537 1840 590 aliquis
1881 537 2077 576 defensoris
2118 540 2285 577 officium.
2316 542 2354 577 in
2389 547 2499 579 semet

277 595 342 616 τον
365 582 490 615 ἰοῦσαν
513 581 584 616 εἴτε
606 580 810 626 αξιώματος
833 582 904 616 εἴτε
922 584 1111 626 στρατείας
1131 580 1202 614 εἴτε
1225 593 1353 626 προνο-
1422 583 1539 627 ipsum
1561 582 1723 626 veniens,
1754 592 1828 618 slve
1851 582 2032 628 dignitatis
2056 585 2127 621 sive
2150 587 2294 622 militiae
2323 587 2396 623 sive
2426 589 2497 632 pri-

276 630 360 706 fia'ov
383 626 455 661 εἴτε
478 626 599 672 ἑτέρου
623 625 720 661 τινὸς
742 626 937 672 προφάσει,
961 624 1175 679 οὖτοςυῖστω
1199 626 1355 671 quinque
1370 629 1410 662 10
1424 627 1538 672 vilegii
1562 628 1635 663 sive
1663 628 1811 663 alterius
1844 629 2042 673 cuiuspiam
2068 631 2272 674 occasione,
2304 632 2372 668 iste
2395 633 2498 677 quin·

292 671 448 708 ‘brarum
467 673 548 707 auri
569 669 798 716 ὑποκείμενος
815 672 934 717 ποινῇ,
958 673 1018 704 καὶ
1042 681 1155 704 ουτως
1176 670 1267 715 μετὰ
1288 670 1356 714 τὴν
1424 682 1493 717 que
1515 672 1688 708 librarum
1719 673 1799 708 auri
1828 673 2012 710 subiectus
2040 685 2175 719 poenae
2197 677 2305 712 etiam
2335 677 2388 712 sic
2417 683 2498 722 post

278 716 409 761 ταύτης
430 718 569 751 ἔκτισιν
592 718 639 751 εἰς
661 719 748 763 ἔργα
771 718 832 759 τῆς
852 715 989 751 πόλεως
1011 717 1271 762 προχωροῦσαν
1294 714 1354 750 ἀν·
1424 717 1499 754 eius
1521 718 1742 754 exactionem
1763 717 1810 753 ad
1831 728 1940 763 opera
1959 717 2111 755 civitatis
2135 722 2375 765 proficientem
2393 733 2497 766 coga-

277 762 550 809 αγκασθήσεται
583 763 626 796 τὸ
660 763 725 796 τοῦ
760 760 896 795 έκδίκου
937 759 1106 794 διανύσαι
1140 759 1354 807 φρόντισμα.
1423 766 1483 798 tur
1506 763 1702 799 defensoris
1726 763 1872 808 implere
1895 763 2177 800 sollicitudinem.
2215 766 2385 803 Convenit
2405 769 2497 802 enim

277 806 441 853 προςήκει
473 808 543 854 γὰρ
577 810 730 841 ἕκαστον
762 808 841 841 τῶν
877 809 1104 854 σεμνοτέρων
1140 805 1355 853 λειτουργεῖν
1423 816 1706 853 unumquemque
1728 808 1899 844 nobilium
1922 818 2060 853 semper
2081 809 2296 846 functionem
2318 823 2424 856 agere
2448 813 2496 846 ci-

275 856 355 887 ταῖς
374 851 526 887 πόλεσιν
549 852 603 886 αῖς
626 853 729 894 οἰκεῖ,
760 855 819 885 καὶ
849 851 987 894 ταύτην
1011 849 1133 886 αὐταῖς
1164 849 1355 886 ἀποτιννύ·
1373 855 1410 887 15
1423 853 1568 888 vitatum
1594 864 1683 898 quas
1710 853 1929 897 inhabitant,
1954 858 1990 889 et
2012 854 2106 890 hanc
2130 855 2180 890 eis
2209 857 2373 893 conferre
2395 858 2495 892 habi-

276 911 339 932 ναι
362 899 422 941 τῆς
444 897 611 941 οἰκήσεως
634 897 702 939 τὴν
724 894 887 941 ἀμοιβήν.
1423 898 1569 934 tationis
1593 898 1886 944 repensationem.

322 940 606 989 <Ἐπίλογος.>
663 941 711 975 Τὰ
741 946 865 975 τοίνυν
902 940 1142 987 παραστάντα
1178 938 1261 986 ἡμῖν
1296 944 1355 975 καὶ
1468 943 1735 989 (Epilogus.)
1775 943 1874 987 Quae
1897 943 2004 988 igitur
2027 944 2240 989 placuerunt
2258 945 2360 982 nobis
2382 948 2418 982 et
2435 957 2498 991 per

277 985 336 1022 διὰ
360 986 464 1022 τοῦδε
487 989 550 1022 τοῦ
584 988 688 1029 θείου
719 984 919 1031 δηλούμενα
948 986 1059 1031 νόμου
1083 985 1104 1029 ἡ
1127 986 1172 1030 σὴ
1200 984 1355 1035 ὑπεροχὴ
1423 989 1515 1023 hanc
1544 998 1685 1024 sacram
1713 990 1894 1024 insinuata
1925 992 2010 1024 sunt
2038 989 2169 1034 legem,
2204 994 2268 1025 tua
2298 992 2497 1027 sublimitas

277 1035 318 1067 ἐν
339 1037 417 1067 ταῖς
440 1035 623 1079 ἐπαρχίαις
648 1031 701 1066 ὡν
724 1031 822 1077 ἄρχει
841 1033 988 1075 ποιῆσαι
1012 1031 1151 1078 φανερὰ
1174 1030 1234 1066 διὰ
1253 1043 1354 1078 προς·
1422 1034 1459 1069 in
1495 1033 1683 1078 provinciis
1723 1034 1849 1079 quibus
1884 1040 2027 1079 praeest
2060 1035 2179 1070 facere
2214 1035 2403 1072 manifesta
2434 1047 2498 1081 per

275 1077 472 1124 ταγμάτων
503 1078 647 1111 οἰκείων
681 1074 890 1118 σπευσάτω,
926 1073 1028 1112 ὅπως
1061 1073 1107 1111 ἂν
1141 1076 1355 1124 γινώσκοιεν
1368 1081 1409 1113 20
1423 1080 1686 1124 programmata
1719 1080 1863 1124 propria
1897 1080 2059 1120 studeat,
2095 1084 2269 1124 quatenus
2303 1086 2499 1126 agnoscant

275 1120 450 1165 ἅπαντες,
479 1119 539 1157 ὅτι
562 1125 621 1156 καὶ
644 1123 722 1156 τῶν
744 1126 928 1169 μεγίστων
951 1125 1011 1156 καὶ
1034 1123 1112 1156 τῶν
1141 1125 1264 1167 μέσων
1293 1124 1354 1156 καὶ
1423 1134 1561 1167 omnes,
1581 1124 1665 1169 quia
1696 1126 1734 1159 et
1769 1124 2002 1160 maximorum
2031 1129 2068 1159 et
2096 1124 2327 1162 mediocrium
2350 1129 2386 1161 et
2414 1136 2497 1171 par·

274 1169 353 1202 τῶν
376 1166 627 1215 σμικροτάτων
650 1165 734 1211 ἡμῖν
756 1166 863 1212 μέλει,
888 1170 950 1201 καὶ
966 1165 1070 1202 οὐδέν
1094 1170 1171 1202 ἐστι
1188 1168 1354 1202 τοιοῦτον
1422 1169 1583 1205 vulorum
1610 1169 1715 1204 nobis
1747 1180 1833 1205 cura
1868 1173 1941 1212 est,
1976 1173 2012 1204 et
2042 1169 2130 1204 nihil
2161 1175 2215 1206 est
2244 1171 2316 1206 tale
2350 1171 2445 1216 quod
2476 1181 2499 1206 a

275 1212 365 1261 ὅπερ
387 1214 457 1255 ἐξω
482 1207 560 1247 τ’ῶν
575 1211 760 1267 ἡμετέρῳν
774 1210 982 1260 φροντίδων
998 1213 1215 1257 ποιούμεθα.
1251 1216 1354 1259 μέρος
1422 1218 1547 1250 nostra
1570 1215 1807 1250 sollicitudine
1833 1224 2062 1250 removemus.
2109 1215 2252 1250 Partem
2275 1225 2356 1257 vero
2387 1216 2499 1252 faciat

276 1256 316 1292 δὲ
337 1258 557 1302 ποιησάσθω
581 1271 604 1302 η
625 1257 671 1301 σὴ
694 1257 848 1304 υπεροχὴ
870 1259 947 1292 τῶν
966 1258 1108 1292 οἰκείων
1126 1258 1354 1305 προςτάξεων
1421 1264 1486 1295 tua
1504 1260 1693 1296 eminentia
1719 1270 1864 1296 suorum
1887 1264 2176 1305 praeceptorum,
2205 1264 2246 1296 ut
2269 1271 2313 1296 ex
2336 1262 2404 1296 hoc
2427 1262 2496 1296 iam

274 1303 316 1338 τὸ
341 1305 516 1338 ἐντεῦθεν
539 1302 605 1346 ἤδη
635 1302 718 1337 τους
745 1304 824 1337 τῶν
848 1303 975 1337 ἐθνῶν
997 1301 1207 1349 ἡγουμένους
1223 1339 1225 1343 ,
1239 1316 1353 1350 παρα·
1367 1306 1409 1338 25
1421 1305 1578 1349 gentium
1606 1305 1786 1350 praesides
1809 1310 2025 1350 praeparent
2048 1305 2243 1341 seeundum
2267 1316 2496 1351 unamquam-

274 1347 444 1384 σκευάσαι
486 1347 579 1383 καθ’
619 1348 771 1392 ἑκάστην
810 1347 918 1383 πόλιν
954 1349 1035 1382 τοὺς
1071 1342 1109 1382 εὗ
1141 1346 1354 1394 ὑπολήψεως
1423 1360 1492 1394 que
1517 1350 1693 1385 civitatem
1718 1360 1778 1385 eos
1804 1350 1864 1395 qui
1887 1351 2002 1385 bonae
2023 1350 2197 1395 opinionis
2219 1354 2302 1386 sunt
2325 1351 2497 1386 nominari

273 1397 420 1437 ἔχοντας
451 1392 704 1439 ὀνομασθῆναι
732 1392 888 1428 ἐκδίκους
919 1393 1011 1427 κατὰ
1039 1394 1104 1428 τὸν
1136 1392 1273 1435 κύκλον,
1307 1392 1354 1427 ωε
1422 1395 1626 1431 defensores
1658 1395 1852 1430 secundum
1878 1395 2067 1438 circulum,
2091 1395 2186 1431 sicut
2209 1395 2342 1431 dictum
2365 1401 2437 1439 est,
2461 1401 2497 1431 et

272 1442 421 1486 εἴρηται,
444 1443 504 1474 καὶ
528 1439 667 1486 ψήφους
689 1440 865 1486 γενέσθαι
885 1437 1004 1473 κοινὰς
1025 1436 1118 1483 μεθ’
1146 1437 1266 1484 ὅρκων
1291 1433 1350 1473 ἐπ’
1422 1439 1566 1475 decreta
1589 1440 1668 1474 fieri
1693 1440 1893 1475 communia
1917 1450 1997 1475 cum
2020 1441 2247 1476 iureiurando
2281 1441 2318 1476 in
2350 1442 2400 1477 eis
2432 1442 2495 1476 ba-

272 1484 390 1520 αυτοῖς
424 1488 483 1519 καὶ
516 1484 771 1532 ἀπογραφῆναι
791 1483 869 1518 ’τὸν
901 1485 1087 1531 εἰρημένον
1118 1482 1258 1525 κύκλον,
1292 1486 1352 1517 καὶ
1421 1485 1514 1527 bito,
1546 1488 1583 1520 et
1600 1485 1807 1520 ¹describere
1831 1485 2052 1530 praedictum
2076 1486 2266 1528 circulum,
2299 1488 2336 1522 et
2358 1486 2410 1522 ita
2432 1497 2497 1531 per

271 1526 368 1565 οὕτω
391 1529 483 1564 κατὰ
506 1529 645 1565 διετίαν
664 1527 858 1565 ὑπειςιέναι
886 1528 929 1563 τὸ
962 1527 1166 1582 φρόντισμα
1189 1528 1271 1563 τοὺς
1293 1531 1352 1574 έφ-
1366 1532 1407 1564 30
1421 1530 1601 1566 biennium
1633 1530 1834 1566 subintrare
1858 1541 1980 1565 curam
2004 1541 2065 1566 eos
2090 1531 2150 1575 qui
2181 1531 2429 1575 subsecuntur,
2460 1535 2497 1566 et

272 1575 366 1619 εξῆς,
389 1578 449 1610 καὶ
469 1576 568 1623 εἴπερ
590 1573 755 1610 διαπέσοι
779 1585 831 1608 τις
855 1574 892 1615 ἐξ
917 1571 1049 1616 αὐτων,
1075 1576 1198 1621 ἕτερον
1221 1572 1351 1608 άντεις-
1422 1575 1453 1611 si
1477 1575 1645 1611 ceciderit
1661 1575 1838 1620 quispiam
1858 1585 1902 1611 ex
1922 1576 1984 1619 eis,
2009 1576 2117 1610 alium
2136 1575 2332 1611 introduci:
2358 1586 2497 1621 semper

271 1618 446 1668 άγεσθαι·
475 1619 530 1655 ἀεὶ
561 1623 628 1666 μὲν
651 1621 712 1664 τῆς
772 1619 862 1665 ήφου
892 1619 983 1664 μεθ’
1017 1617 1123 1666 ὅρκου
1153 1623 1351 1666 γινομένης,
1422 1620 1561 1665 quidem
1584 1620 1728 1656 decreto
1753 1631 1834 1655 cum
1867 1621 2095 1656 iureiurando
2123 1620 2306 1664 faciendo,
2335 1621 2495 1675 ipsoque,

272 1664 381 1700 αὐτοῦ
406 1664 461 1708 δέ,
491 1663 596 1709 ἡνίκα
619 1662 665 1699 ἂν
691 1668 739 1710 με’
759 1664 813 1699 λοι
836 1666 899 1699 τοῦ
924 1669 1188 1711 φροντίσματος
1211 1665 1351 1707 άντέχε-
1421 1666 1504 1701 dum
1528 1666 1670 1701 futurus
1693 1665 1803 1701 fuerit
1827 1667 1949 1701 curam
1977 1666 2178 1711 suscipere,
2210 1666 2393 1701 definitum
2423 1676 2495 1701 ius·

272 1711 382 1753 σθαι,
404 1711 470 1746 τὸν
495 1708 695 1758 ’ὡρισμένον
717 1707 825 1757 ὅρκον
847 1706 1054 1752 ὑπέχοντος,
1085 1713 1145 1743 καὶ
1174 1711 1235 1753 τῆς
1266 1722 1350 1757 προ·
1419 1711 1607 1746 iurandum
1632 1711 1821 1754 subeunte,
1846 1714 1883 1746 et
1905 1711 2078 1746 electione
2098 1711 2173 1746 eius
2196 1711 2361 1747 facienda
2385 1722 2408 1747 8.
2429 1712 2495 1746 (leo

270 1754 378 1801 βολῆς
408 1757 517 1791 αὐτοῦ
547 1758 736 1803 γινομένης
765 1754 865 1802 παρά
899 1769 939 1789 τε
974 1756 1035 1789 τοῦ
1067 1753 1351 1800 θεοφιλεστάτου
1365 1758 1405 1790 35
1420 1756 1564 1792 amabili
1587 1757 1754 1809 episcopo
1782 1760 1819 1791 et
1841 1756 2034 1791 venerabili
2058 1756 2152 1792 clero
2175 1761 2212 1791 et
2239 1756 2320 1792 aliis
2347 1756 2385 1792 in
2411 1757 2495 1791 civi·

271 1798 470 1837 ἐπισκόπου
503 1804 562 1835 καὶ
596 1802 661 1835 τοῦ
698 1797 842 1847 εὖαγοῦς
873 1799 999 1846 κλήρου
1028 1802 1088 1833 καὶ
1118 1801 1196 1834 τῶν
1229 1799 1350 1852 ἄλλων
1418 1803 1494 1837 tate
1524 1801 1682 1847 opinioni
1716 1801 1953 1837 studentibus.
2014 1800 2115 1846 Quod
2146 1801 2252 1836 etiam
2282 1812 2379 1838 nunc
2414 1808 2495 1838 mor

271 1847 350 1881 τῶν
372 1845 465 1882 κατὰ
485 1846 554 1890 τὴν
576 1843 685 1881 πόλιν
713 1843 924 1890 ὑπολήψεως
955 1842 1214 1889 ἀντεχομένων.
1262 1843 1350 1891 ὅπερ
1418 1846 1497 1882 fieri
1521 1847 1700 1890 convenit,
1725 1847 1906 1889 omnibus,
1930 1846 2025 1882 sicut
2047 1846 2181 1882 dictum
2205 1849 2277 1889 est,
2300 1846 2494 1882 secundum

271 1894 331 1925 καὶ
353 1893 422 1927 νῦν
453 1889 562 1926 εὐθὺς
588 1891 765 1939 γενέσθαι
789 1889 969 1936 προςήκει,
1002 1890 1164 1932 πάντων,
1190 1887 1237 1924 ais
1261 1890 1349 1936 εἵρη-
1419 1891 1514 1927 hanc
1536 1896 1696 1927 nostram
1715 1892 1916 1935 generalem
1936 1891 2209 1936 procedentibus
2229 1892 2352 1936 legem.
2389 1891 2496 1927 Nunc

269 1949 343 1979 ται,
366 1937 459 1971 κατὰ
482 1934 588 1971 τόνδε
612 1933 714 1981 ἡμῶν
735 1934 800 1970 τὸν
826 1934 969 1982 γενικὸν
992 1934 1201 1992 προϊόντων
1225 1932 1347 1980 νόμον.
1417 1939 1535 1972 autem
1559 1937 1751 1972 existentes
1776 1937 2001 1979 defensores,
2035 1937 2066 1971 si
2090 1936 2229 1981 quidem
2253 1936 2376 1982 placiti
2399 1937 2494 1972 vide-

270 1980 352 2017 τούς
380 1979 422 2016 δὲ
443 1983 510 2017 νῦν
532 1981 640 2017 ὄντας
666 1979 841 2022 ἐκδίκους,
871 1982 902 2014 εἰ
923 1982 991 2025 μὲν
1018 1993 1041 2013 α
1065 1983 1162 2014 εστοὶ
1193 1982 1348 2026 φανεῖεν,
1363 1985 1405 2016 40
1418 1986 1537 2025 antur,
1569 1982 1674 2017 etiam
1705 1982 1803 2027 ipsos
1834 1982 1981 2016 inscribi
2005 1982 2138 2017 circulo
2162 1986 2198 2017 et
2230 1982 2375 2018 biennio
2398 1993 2494 2018 com·

270 2030 331 2061 καὶ
349 2023 479 2062 αὐτοῦς
501 2028 721 2076 ἐγγραφῆναι
744 2027 798 2070 τῷ
817 2023 935 2069 κύκλῳ
958 2028 1018 2059 καὶ
1066 2030 1182 2060 ιετίαν
1205 2024 1348 2072 πληρῶ-
1443 2027 1517 2062 lere
1541 2037 1679 2070 curam,
1710 2030 1746 2062 et
1770 2027 1801 2062 si
1825 2026 1965 2071 quidem
1988 2026 2058 2060 iam
2082 2026 2261 2062 biennium
2285 2027 2321 2063 in
2345 2037 2388 2063 ea
2408 2037 2495 2062 cura

270 2084 333 2107 σαι
354 2070 397 2107 τὸ
422 2070 638 2119 φρόντισμα.
684 2075 743 2106 καὶ
774 2071 805 2105 εἰ
835 2072 903 2116 μὲν
933 2068 999 2114 ἤδη
1024 2068 1163 2105 διετίαν
1192 2072 1253 2105 ἐπὶ
1283 2071 1347 2104 τοῦ
1443 2072 1561 2115 abent,
1586 2071 1757 2108 removeri
1781 2071 1978 2107 defensoris
2003 2071 2259 2115 sollicitudine,
2284 2072 2354 2108 nisi
2375 2076 2494 2108 tamen

271 2121 535 2164 φροντίσματος
546 2119 675 2160 ἔχουσι,
695 2115 911 2152 παύσασθαι
931 2117 994 2159 τῆς
1012 2117 1078 2150 τοῦ
1090 2113 1229 2150 &necnon
1243 2128 1349 2161 φρον-

270 2160 378 2206 τίδος,
402 2161 497 2206 πλὴν
519 2163 551 2196 εἰ
572 2161 622 2208 μὴ
644 2159 834 2207 βούλοιντο
857 2161 958 2208 κοινῇ
983 2160 1095 2207 ψήφῳ
1118 2160 1270 2203 ἔχεσθαι
1289 2158 1350 2195 αὖ-

315 2222 359 2255 34
370 2233 419 2263 sq.
443 2220 552 2253 Huius
577 2221 640 2253 loci
662 2226 878 2263 aryumentum
904 2220 1098 2251 adumbrant
1121 2218 1288 2251 Paratitla
1313 2220 1359 2252 ad
1377 2220 1536 2253 Athanas.
1559 2221 1605 2253 tit.
1635 2222 1649 2254 1
1672 2233 1706 2263 p.
1729 2221 1771 2254 26
1799 2220 1924 2253 Heimb.

270 2287 444 2322 dirimant
461 2290 498 2322 et
517 2297 642 2323 eorum
661 2286 725 2333 qui
744 2285 880 2320 iniuria
903 2284 1121 2330 afficiuntur
1144 2288 1211 2319 aut
1233 2285 1297 2329 qui
1319 2284 1377 2320 ius
1389 2285 1596 2332 postulant,
1620 2296 1751 2321 causas
1773 2286 1942 2321 decidant
1965 2291 2000 2321 et
2022 2297 2152 2332 qraves
2175 2297 2263 2328 esse,
2288 2285 2396 2321 sicuti
2413 2296 2491 2322 sae-

264 2333 354 2380 pius
376 2332 555 2375 dia-imus,
575 2342 647 2375 eos,
672 2331 735 2378 qui
755 2334 955 2383 potestates
978 2328 1127 2372 babent,
1151 2328 1405 2365 demonstrent.
1453 2328 1591 2373 Quodsi
1613 2341 1638 2365 a
1657 2329 1872 2376 quibusdam
1888 2330 2040 2377 publiea
2063 2330 2199 2367 tributa
2220 2331 2367 2377 sequius
2379 2341 2492 2377 prae-

269 2382 421 2421 stentur,
473 2376 635 2413 raesides
683 2376 928 2412 rovznciarum
951 2373 1205 2419 defensoribus
1223 2375 1399 2421 imperent
1422 2376 1635 2411 exactiones
1656 2379 1786 2411 contra
1808 2380 2046 2418 contumaces,
2069 2379 2111 2411 ut
2133 2374 2203 2411 hac
2251 2386 2370 2422 uoque
2392 2375 2431 2413 in
2453 2386 2494 2411 re

268 2424 370 2470 ipsos
400 2434 423 2458 a
450 2423 579 2459 iuvent.
626 2388 764 2465 Qizodsi
792 2431 887 2473 quae
915 2419 1090 2456 adversus
1120 2419 1210 2455 haec
1234 2420 1305 2465 fiat
1331 2420 1467 2456 creatio
1500 2420 1724 2467 defensoris,
1759 2420 1834 2456 sive
1865 2421 1946 2466 quis
1975 2420 2195 2467 defensoris,
2235 2420 2493 2467 esiqnationem

270 2468 320 2503 ad
347 2479 388 2504 se
417 2468 575 2504 delatam
605 2478 669 2502 seu
701 2466 890 2512 diqmtaeis
903 2490 906 2493 ι
919 2475 984 2501 seu
1014 2464 1164 2500 militiae
1196 2475 1259 2501 seu
1294 2466 1477 2512 priviteqii
1506 2477 1570 2502 seu
1602 2465 1697 2501 alius
1727 2465 1847 2501 nescio
1877 2465 1981 2501 cuius
2011 2465 2066 2501 rei
2094 2465 2238 2501 nomine
2266 2470 2428 2507 recuset,
2461 2465 2495 2505 is

269 2514 363 2550 sciat
390 2524 429 2550 se
453 2524 599 2561 poenae
622 2512 781 2559 quinque
809 2511 984 2547 librarum
1017 2510 1100 2546 auri
1131 2509 1327 2546 subiectum
1357 2511 1422 2553 iri,
1451 2515 1561 2557 atque
1592 2511 1646 2547 ita
1704 2514 1762 2546 ost
1789 2511 1866 2546 eius
1894 2510 2110 2546 solutionem
2131 2510 2172 2545 in
2202 2521 2315 2557 opera
2337 2509 2494 2546 civitatis

269 2558 501 2606 provehenda
530 2568 712 2594 cessuram
745 2560 908 2593 coactum
937 2555 985 2590 iri
1013 2554 1218 2600 defensoris
1253 2566 1400 2592 munere
1454 2556 1613 2602 erfianqi.
1668 2522 1779 2591 baeer
1808 2555 1902 2591 enim
1933 2566 2218 2607 unumquemque
2248 2554 2493 2593 honestiorum

270 2605 430 2641 virorum
453 2614 604 2639 munera
622 2606 817 2650 praestare
837 2600 1052 2642 civitatibus,
1077 2611 1169 2647 quas
1191 2600 1343 2643 habitat,
1366 2604 1403 2637 et
1434 2611 1515 2636 tanc
1534 2601 1580 2635 iis
1599 2600 1795 2647 rependere
1810 2611 1885 2647 pro
1909 2599 2132 2636 habitatione
2154 2599 2490 2635 remunerationem.

407 2648 647 2696 Epiloqus.
695 2646 795 2691 Quae
816 2647 927 2693 iqitur
950 2645 1055 2682 nobis
1072 2646 1293 2692 placuerunt
1315 2651 1352 2682 et
1364 2657 1440 2698 per
1463 2645 1557 2681 hano
1579 2656 1722 2681 sacram
1745 2645 1858 2692 leqem
1882 2645 2068 2680 declarata
2090 2649 2187 2686 sunt,
2210 2649 2272 2680 tua
2290 2644 2493 2681 sublimitas

269 2695 309 2731 in
324 2694 529 2742 provinciis
551 2693 682 2741 quibus
702 2695 850 2740 praeest
871 2694 959 2726 nota
979 2690 1129 2727 reddere
1145 2701 1218 2738 per
1233 2702 1394 2738 propria
1413 2696 1615 2742 praecepta
1634 2690 1795 2732 studeat,
1815 2694 1857 2726 ut
1875 2689 2088 2736 intellegant
2109 2700 2249 2732 omnes,
2272 2693 2310 2726 et
2330 2689 2492 2725 maxima

270 2745 306 2777 et
327 2740 525 2776 mediocria
547 2742 584 2775 et
603 2738 751 2774 minima
775 2737 879 2773 nobis
901 2735 1004 2771 cordi
1027 2746 1103 2771 esse
1125 2746 1191 2771 nec
1213 2736 1406 2782 quicquam
1428 2745 1504 2772 esse
1524 2735 1716 2778 eiusmodi,
1747 2734 1847 2781 quod
1869 2746 1892 2770 a
1916 2735 2013 2770 curis
2036 2734 2172 2770 nostris
2192 2734 2348 2770 alienum
2365 2733 2490 2781 perlai-

270 2784 425 2821 beamus.
472 2786 589 2831 Atque
607 2784 647 2819 in
666 2793 815 2818 numero
838 2782 1073 2829 propriorum
1090 2784 1374 2828 praeceptorum
1399 2785 1462 2817 tua
1484 2780 1685 2816 sublimitas
1707 2779 1746 2815 id
1767 2790 1911 2826 quoque
1933 2790 1974 2815 re
1995 2783 2095 2822 erat,
2119 2783 2161 2815 ut
2182 2778 2267 2815 hine
2287 2779 2361 2814 iam
2379 2790 2490 2826 prae-

269 2830 366 2866 sides
381 2829 659 2878 provinciarum
681 2829 720 2863 in
743 2836 963 2873 unaquaque
985 2826 1129 2862 civitate
1149 2837 1212 2862 eos
1260 2827 1299 2861 ui
1321 2826 1418 2862 bona
1440 2826 1622 2873 fruuntur
1644 2825 1924 2866 existimatione,
1995 2824 2164 2870 sensores
2180 2835 2253 2871 per
2277 2823 2408 2866 orbem,
2438 2823 2492 2859 uti

270 2875 405 2912 dictum
427 2879 499 2918 est,
531 2872 773 2910 nominandos
800 2876 937 2914 curent,
962 2875 999 2907 et
1020 2872 1202 2923 sveffraqia
1247 2883 1267 2907 e
1288 2871 1334 2907 iis
1362 2871 1564 2908 communia
1584 2870 1741 2917 ferenda
1764 2880 1844 2905 cum
1867 2869 2116 2911 iureiurando,
2140 2873 2175 2905 et
2202 2880 2307 2915 quem
2330 2868 2492 2920 dioeimus

270 2920 392 2957 orbem
417 2918 705 2961 describendum,
734 2922 775 2954 ut
797 2918 849 2954 ita
866 2927 939 2964 per
961 2916 1142 2953 biennium
1164 2916 1333 2963 deinceps
1355 2927 1395 2953 se
1416 2916 1607 2963 excepturi
1629 2926 1759 2951 munus
1783 2914 1947 2957 subeant,
1971 2918 2007 2950 et
2033 2914 2068 2950 si
2091 2915 2173 2961 quis
2195 2925 2245 2950 ex
2266 2914 2313 2950 iis
2333 2913 2489 2959 deficiat,

270 2966 364 3002 alter
383 2977 455 3013 pro
476 2976 518 3001 eo
540 2963 787 3000 substituatur.
836 2961 978 3009 Quippe
999 2962 1182 3008 suffraqia
1207 2973 1348 3009 semper
1371 2972 1450 2997 cum
1477 2960 1712 2997 iureiurando
1732 2961 1845 3006 fiant,
1873 2960 1952 3006 ipse
1975 2970 2080 3002 vero,
2112 2959 2174 2995 ubi
2196 2969 2325 2995 munus
2346 2969 2489 3011 suscep—

271 3016 375 3047 turus
395 3011 460 3054 sit,
483 3009 734 3046 iusiurandum
758 3008 942 3054 definitum
961 3011 1145 3054 praestet:
1173 3011 1210 3043 et
1231 3007 1433 3054 desiqnatio
1457 3007 1534 3043 eius
1554 3007 1625 3052 fiat
1649 3011 1687 3042 et
1708 3017 1732 3041 a
1754 3005 1821 3041 deo
1845 3005 2034 3040 carissimo
2064 3005 2235 3052 episcopo
2258 3008 2296 3040 et
2316 3003 2489 3050 reliqtoso

270 3056 367 3092 clero
390 3061 427 3093 et
455 3054 625 3102 reliquis,
657 3054 720 3100 qui
751 3054 789 3088 in
819 3053 961 3089 civitate
992 3052 1296 3088 existimationem
1320 3056 1459 3088 curant.
1507 3050 1615 3095 Quod
1642 3050 1784 3098 quidem
1814 3060 1910 3086 nunc
1941 3060 2086 3096 quoque
2113 3050 2235 3086 statim
2265 3049 2350 3095 fieri
2378 3049 2489 3091 decet,

270 3112 350 3137 cum
372 3101 504 3145 omnia,
527 3101 584 3136 uti
603 3100 737 3135 dictum
755 3103 818 3141 est,
842 3097 1036 3134 secundum
1059 3097 1154 3133 hanc
1172 3102 1335 3133 nostram
1358 3097 1563 3144 qeneralem
1585 3096 1700 3143 quem
1717 3105 1939 3143 processura
1961 3095 2045 3130 sint.
2092 3093 2162 3139 Qui
2185 3105 2268 3131 vero
2291 3104 2388 3130 nunc
2405 3097 2490 3130 sunt

270 3146 493 3194 defensores,
512 3145 688 3196 siquidem
704 3144 857 3191 probati
881 3148 1099 3190 appareant,
1123 3143 1195 3189 ipsi
1214 3153 1358 3188 quoque
1377 3142 1497 3178 ordini
1515 3142 1734 3184 inserantur,
1757 3144 1795 3177 et
1813 3151 1882 3187 per
1901 3140 2083 3176 biennium
2099 3150 2230 3176 munus
2246 3143 2489 3189 exequantur.

274 3191 321 3227 Et
339 3193 372 3227 si
389 3191 532 3238 quidem
548 3201 621 3225 zam
640 3190 818 3225 biemzium
835 3190 873 3223 in
892 3200 934 3224 co
952 3198 1099 3223 munere
1117 3188 1370 3234 transeqerint,
1391 3199 1414 3222 a
1431 3199 1519 3222 cura
1539 3187 1746 3232 defensoris
1759 3185 1964 3226 liberentur,
1986 3185 2057 3220 uisi
2076 3195 2179 3231 quem
2196 3185 2298 3231 sorte
2312 3193 2487 3220 commum

268 3235 2482 3253 Μ

316 3266 335 3297 3
362 3257 638 3305 ἀποφαίνεσθαι
662 3258 707 3292 Μ
717 3257 729 3303 ΙΙ
747 3255 960 3303 ἀγνομονοῖν
984 3257 1015 3290 L
1031 3256 1043 3299 ΙΙ
1061 3257 1082 3290 4
1112 3254 1148 3290 οἱ
1173 3255 1249 3290 τῶν
1279 3254 1343 3290 πό·
1412 3259 1432 3291 6
1457 3256 1656 3296 exactiones]
1680 3255 1752 3289 fieri
1777 3255 1854 3288 add.
1878 3253 1928 3287 V³
1954 3253 1966 3298 ΙΙ
1996 3254 2096 3286 ut'et
2129 3252 2308 3285 secundum
2331 3252 2366 3285 R
2387 3250 2485 3294 υιιζο]

273 3307 364 3342 λεων
386 3303 552 3349 δημόσιοι
571 3301 725 3350 φόροιΒ
741 3304 752 3346 ΙΙ
771 3306 790 3337 5
816 3304 900 3344 τοῖς]
923 3304 983 3335 καὶ
999 3303 1072 3335 τοῖς
1086 3301 1120 3336 Β
1135 3302 1147 3344 ΙΙ
1166 3303 1186 3336 8
1209 3301 1273 3335 τοῦ
1291 3302 1343 3334 ἐκ·
1410 3299 1592 3335 seeundum
1616 3303 1655 3332 ut
1676 3300 1710 3334 V
1728 3299 1741 3344 fl
1771 3301 1791 3333 7
1816 3298 2016 3333 defensionis
2040 3298 2126 3332 R¹T
2147 3297 2160 3343 ΙΙ
2189 3299 2209 3332 8
2241 3295 2416 3342 retinuerit
2437 3295 2484 3328 V*

272 3351 369 3385 δίκου
389 3362 440 3386 πα
466 3345 606 3384 aratra
622 3349 720 3395 γε’νοι
739 3344 921 3392 προβολὴν
938 3347 988 3380 L‘*
1003 3348 1015 3389 ΙΙ
1037 3349 1076 3381 10
1105 3345 1195 3380 ἴστω
1219 3359 1277 3380 οπι.
1291 3358 1311 3382 ς
1333 3344 1346 3391 Ι
1411 3346 1591 3381 remouerit
1614 3345 1662 3378 R*
1693 3343 1706 3390 ΙΙ
1733 3346 1753 3380 9
1781 3342 1969 3388 priuilegiis
1992 3342 2118 3388 R¹Vn
2148 3344 2185 3377 11
2213 3342 2326 3393 etiam}
2348 3339 2451 3392 ⁶¹².R'¹
2474 3340 2487 3383 ΙΙ

295 3398 418 3437 uinque
461 3395 610 3429 ibi-arum
640 3394 715 3427 auri
746 3395 785 3434 (s.
805 3405 833 3426 v.
858 3394 967 3426 πέντε
991 3390 1138 3437 λιτρῶν)
1163 3391 1207 3425 Μ
1236 3393 1346 3425 πέντε
1415 3391 1454 3425 12
1475 3390 1690 3433 exactionem]
1710 3389 1909 3423 occasionem
1924 3388 1958 3421 R
1973 3391 1984 3431 u
2003 3398 2134 3432 operam
2148 3386 2244 3430 RV}
2261 3381 2392 3419 &nitati
2408 3394 2484 3428 pro-

272 3408 405 3485 λιτρῶν
444 3443 564 3486 ρυσίου
583 3440 613 3474 Β
633 3441 764 3475 πένται
785 3435 906 3482 λίτρας
927 3437 1100 3484 χρυσοῦὒ
1118 3436 1131 3482 ΙΙ
1150 3438 1190 3471 14
1210 3436 1346 3470 ἕκαστα
1411 3435 1610 3471 ficisoentem
1633 3435 1667 3468 R
1697 3433 1710 3480 ΙΙ
1740 3437 1780 3470 14
1810 3433 2064 3476 unumquinque
2084 3431 2132 3482 K*
2157 3429 2173 3476 ΙΙ
2201 3430 2371 3464 mnotione
2398 3429 2445 3463 V·
2472 3428 2485 3473 Ι

275 3486 305 3519 L
323 3486 336 3528 11
354 3488 392 3518 19
436 3484 470 3517 ιὰ
488 3481 789 3531 προσταγμάτων]
809 3493 868 3526 per
885 3482 1159 3526 programmatag
1176 3481 1247 3525 1122
1268 3492 1344 3525 σμι·
1414 3483 1454 3515 15
1479 3480 1646 3513 inhabitat
1668 3481 1753 3525 vulq.
1779 3480 1793 3524 η
1825 3481 1864 3515 ῙἼ
1895 3478 2083 3521 placuerint
2098 3472 2138 3510 ‘R
2159 3477 2173 3519 ΙΙ
2203 3476 2245 3509 20
2277 3477 2484 3518 programatn

272 3528 459 3562 σκοτάτων
483 3532 554 3570 (εἰσ)
574 3526 676 3582 ᾑμών
700 3530 732 3563 L
752 3528 765 3570 ΙΙ
788 3525 908 3572 με’λλει
933 3528 1005 3561 ML
1029 3527 1042 3571 ΙΙ
1058 3530 1099 3562 25
1124 3526 1344 3570 παρασκευᾶ-
1411 3526 1489 3559 RV
1505 3526 1518 3569 Ι]
1537 3527 1579 3560 22
1601 3525 1695 3559 nobis
1718 3538 1778 3559 om.
1800 3526 1834 3560 V
1881 3526 1923 3558 23
1947 3531 2155 3557 remouemur
2176 3518 2241 3564 νῦ
2264 3522 2306 3554 24
2328 3529 2482 3571 praecep-

272 3585 327 3607 σει
350 3575 378 3607 L
401 3574 414 3616 u
436 3577 478 3607 28
500 3575 683 3620 μεθορκον
706 3575 738 3608 L
763 3573 776 3619 ss
799 3575 840 3607 33
863 3570 982 3616 μέλλει
1006 3573 1038 3605 L
1061 3571 1074 3618 ΙΙ
1101 3574 1143 3606 40
1163 3567 1306 3616 ἀρεστοὶ
1325 3581 1346 3608 ς
1411 3572 1522 3604 torum
1552 3581 1687 3604 suorum
1718 3569 1753 3604 R
1783 3570 1796 3613 ss
1824 3570 1843 3604 2
1902 3565 2104 3611 opinion-lt
2135 3565 2183 3598 R·
2210 3564 2223 3608 fl
2254 3566 2297 3599 32
2332 3564 2483 3618 faciendo

274 3619 478 3659 Haloander]
501 3617 639 3662 ἄριστοι
665 3619 736 3654 ML
754 3619 767 3663 ΙΙ
782 3621 826 3653 42
848 3616 881 3652 εἰ
904 3618 949 3651 M
951 3619 963 3658 J
988 3614 1010 3660 ἡ
1034 3618 1066 3651 L
1410 3615 1483 3658 ipso
1505 3625 1637 3658 quoque
1666 3617 1744 3658 (que
1772 3627 1855 3648 corr.
1876 3613 1940 3655 1⁷³)
1969 3613 2047 3646 dum
2077 3610 2211 3643 tuturu-
2232 3610 2338 3652 suppl.
2368 3609 2419 3643 V²
2450 3622 2482 3642 m

275 3679 1346 3690 ———-————-—-———————-—-
1409 3667 1493 3704 spat.
1515 3673 1584 3694 vac.
1601 3661 1614 3705 fl
1632 3662 1675 3694 33
1697 3659 1958 3692 innui-andem
1973 3657 1988 3703 Ι
2003 3657 2048 3692 34
2069 3658 2103 3687 ot
2119 3666 2177 3687 om.
2199 3653 2232 3686 R
2250 3654 2262 3698 u
2279 3655 2320 3688 38
2343 3664 2481 3697 procen-

318 3711 338 3743 2
362 3710 467 3751 sacpv]
487 3702 526 3752 pe
549 3710 593 3743 V·
614 3709 626 3754 ΙΙ
642 3709 964 3743 administratoribus
983 3707 1062 3754 12⁰1}
1081 3712 1099 3743 4
1124 3707 1233 3742 alibus
1257 3709 1308 3741 R¹¹
1331 3706 1344 3750 ΙΙ
1411 3705 1500 3737 tibus
1526 3705 1572 3738 R'
1590 3704 1603 3750 ΙΙ
1618 3706 1660 3739 42
1685 3706 1807 3746 tamen]
1831 3705 1876 3738 tffi
1899 3703 1932 3739 V
