<?xml version="1.0" encoding="UTF-8"?>
<!DOCTYPE html PUBLIC "-//W3C//DTD XHTML 1.0 Transitional//EN"
    "http://www.w3.org/TR/xhtml1/DTD/xhtml1-transitional.dtd">
<html xmlns="http://www.w3.org/1999/xhtml" xml:lang="en" lang="en">
 <head>
  <title>
</title>
<meta http-equiv="Content-Type" content="text/html;charset=utf-8" />
  <meta name='ocr-system' content='tesseract 3.04.00' />
  <meta name='ocr-capabilities' content='ocr_page ocr_carea ocr_par ocr_line ocrx_word'/>
</head>
<body>
  <div class='ocr_page' id='page_1' title='image "./corpusiuriscivil03krueuoft_0166.png"; bbox 0 0 2618 4010; ppageno 0'>
   <div class='ocr_carea' id='block_1_1' title="bbox 0 0 1969 19">
    <p class='ocr_par' dir='ltr' id='par_1_1' title="bbox 0 0 1969 19">
     <span class='ocr_line' id='line_1_1' title="bbox 0 0 1969 19; baseline 0 3991"><span class='ocrx_word' id='word_1_1' title='bbox 0 0 1969 19; x_wconf 95' lang='lat' dir='ltr'><strong> </strong></span> 
     </span>
    </p>
   </div>
   <div class='ocr_carea' id='block_1_2' title="bbox 266 137 2501 193">
    <p class='ocr_par' dir='ltr' id='par_1_2' title="bbox 266 137 2501 193">
     <span class='ocr_line' id='line_1_2' title="bbox 266 137 2501 193; baseline 0.002 -7"><span class='ocrx_word' id='word_1_2' title='bbox 266 141 374 186; x_wconf 86' lang='lat' dir='ltr'><strong>Nov.</strong></span> <span class='ocrx_word' id='word_1_3' title='bbox 404 140 547 186; x_wconf 88' lang='lat' dir='ltr'>XVIII</span> <span class='ocrx_word' id='word_1_4' title='bbox 577 143 614 184; x_wconf 87' lang='lat'><strong>9.</strong></span> <span class='ocrx_word' id='word_1_5' title='bbox 652 145 703 183; x_wconf 79' lang='lat'><strong>10</strong></span> <span class='ocrx_word' id='word_1_6' title='bbox 1356 137 1435 187; x_wconf 75' lang='lat'><strong>136</strong></span> <span class='ocrx_word' id='word_1_7' title='bbox 1929 155 1989 188; x_wconf 79' lang='lat' dir='ltr'><strong>ns</strong></span> <span class='ocrx_word' id='word_1_8' title='bbox 2017 155 2207 191; x_wconf 69' lang='lat' dir='ltr'><strong>&#39;ramma</strong></span> <span class='ocrx_word' id='word_1_9' title='bbox 2235 158 2292 190; x_wconf 71' lang='grc' dir='ltr'><strong>ΕΤ</strong></span> <span class='ocrx_word' id='word_1_10' title='bbox 2321 158 2501 193; x_wconf 78' lang='lat' dir='ltr'><strong>snmssn</strong></span> 
     </span>
    </p>
   </div>
   <div class='ocr_carea' id='block_1_3' title="bbox 268 248 2502 530">
    <p class='ocr_par' dir='ltr' id='par_1_3' title="bbox 268 248 2502 530">
     <span class='ocr_line' id='line_1_3' title="bbox 268 248 2499 341; baseline 0.004 -55"><span class='ocrx_word' id='word_1_11' title='bbox 268 251 290 332; x_wconf 55' lang='grc' dir='ltr'><em>Ξ</em></span> <span class='ocrx_word' id='word_1_12' title='bbox 313 251 432 331; x_wconf 55' lang='grc' dir='ltr'><strong>ειέὦέ</strong></span> <span class='ocrx_word' id='word_1_13' title='bbox 450 248 1110 341; x_wconf 44' lang='grc' dir='ltr'><strong>ἷὲιῖᾆοῦμτῖἶὶἰςβέἐιλῖκῖῖίαῇἐᾴῖῧ</strong></span> <span class='ocrx_word' id='word_1_14' title='bbox 1136 250 1351 337; x_wconf 50' lang='grc' dir='ltr'><strong><em>ἔερέεἶαῖἳν</em></strong></span> <span class='ocrx_word' id='word_1_15' title='bbox 1422 252 1726 333; x_wconf 46' lang='grc' dir='ltr'><strong><em>οῗηᾱεωιιιαςίοοὶε</em></strong></span> <span class='ocrx_word' id='word_1_16' title='bbox 1745 257 1972 334; x_wconf 48' lang='lat' dir='ltr'><strong>mentum</strong></span> <span class='ocrx_word' id='word_1_17' title='bbox 1994 257 2278 312; x_wconf 41' lang='lat' dir='ltr'><strong>aut-influplum</strong></span> <span class='ocrx_word' id='word_1_18' title='bbox 2298 262 2362 295; x_wconf 85' lang='lat' dir='ltr'><strong>aut</strong></span> <span class='ocrx_word' id='word_1_19' title='bbox 2379 259 2417 295; x_wconf 90' lang='lat' dir='ltr'><strong>in</strong></span> <span class='ocrx_word' id='word_1_20' title='bbox 2437 259 2499 312; x_wconf 69' lang='lat' dir='ltr'><strong>tri·</strong></span> 
     </span>
     <span class='ocr_line' id='line_1_4' title="bbox 268 301 2501 398; baseline 0.004 -22"><span class='ocrx_word' id='word_1_21' title='bbox 268 310 518 398; x_wconf 45' lang='lat' dir='ltr'><strong>p‘gfoejrm‘pivp</strong></span> <span class='ocrx_word' id='word_1_22' title='bbox 527 309 646 397; x_wconf 55' lang='grc' dir='ltr'><strong><em>ἐκείῖιιζ</em></strong></span> <span class='ocrx_word' id='word_1_23' title='bbox 667 339 760 397; x_wconf 66' lang='grc' dir='ltr'><strong><em>κατὰ</em></strong></span> <span class='ocrx_word' id='word_1_24' title='bbox 788 339 831 376; x_wconf 85' lang='grc' dir='ltr'><strong>τὸ</strong></span> <span class='ocrx_word' id='word_1_25' title='bbox 862 342 992 376; x_wconf 78' lang='grc' dir='ltr'><strong><em>οἰκεῖον</em></strong></span> <span class='ocrx_word' id='word_1_26' title='bbox 1006 311 1149 397; x_wconf 49' lang='lat' dir='ltr'><strong>&#39;iniustum</strong></span> <span class='ocrx_word' id='word_1_27' title='bbox 1177 310 1350 388; x_wconf 63' lang='grc' dir='ltr'><strong>καθάπενέ</strong></span> <span class='ocrx_word' id='word_1_28' title='bbox 1421 301 2501 394; x_wconf 48' lang='grc' dir='ltr'><strong><em>ἓὶἔιῗωαιίιῃῒιιξὲᾶιιέιέῐιιωΡεὲἲιοὲξεῗιρῐιῗῐιὲῗιδὶὶξῧῖὴιιῐιιῖιῐῗὲιέῐνῐῖἴιῖἶ</em></strong></span> 
     </span>
     <span class='ocr_line' id='line_1_5' title="bbox 271 383 2502 441; baseline 0.003 -20"><span class='ocrx_word' id='word_1_29' title='bbox 271 400 384 430; x_wconf 75' lang='grc' dir='ltr'><strong><em>ιιυτην</em></strong></span> <span class='ocrx_word' id='word_1_30' title='bbox 407 387 566 439; x_wconf 48' lang='lat' dir='ltr'><strong>nnsis-tv</strong></span> <span class='ocrx_word' id='word_1_31' title='bbox 579 396 661 440; x_wconf 60' lang='lat' dir='ltr'><strong>fois</strong></span> <span class='ocrx_word' id='word_1_32' title='bbox 690 388 871 441; x_wconf 52' lang='lat' dir='ltr'><strong>appetem:</strong></span> <span class='ocrx_word' id='word_1_33' title='bbox 900 387 1137 440; x_wconf 64' lang='grc' dir='ltr'><strong><em>ἰνστιτουτοις</em></strong></span> <span class='ocrx_word' id='word_1_34' title='bbox 1166 388 1228 420; x_wconf 78' lang='grc' dir='ltr'><strong>καὶ</strong></span> <span class='ocrx_word' id='word_1_35' title='bbox 1259 383 1350 434; x_wconf 65' lang='lat' dir='ltr'><strong>‹layd-</strong></span> <span class='ocrx_word' id='word_1_36' title='bbox 1422 387 1502 423; x_wconf 85' lang='lat' dir='ltr'><strong>dem</strong></span> <span class='ocrx_word' id='word_1_37' title='bbox 1519 386 1607 423; x_wconf 88' lang='lat' dir='ltr'><strong>illud</strong></span> <span class='ocrx_word' id='word_1_38' title='bbox 1625 388 1820 424; x_wconf 89' lang='lat' dir='ltr'><strong>secundum</strong></span> <span class='ocrx_word' id='word_1_39' title='bbox 1838 399 1903 434; x_wconf 86' lang='lat' dir='ltr'><strong>pro</strong></span> <span class='ocrx_word' id='word_1_40' title='bbox 1931 391 2019 427; x_wconf 85' lang='lat' dir='ltr'><strong>riam</strong></span> <span class='ocrx_word' id='word_1_41' title='bbox 2034 392 2194 432; x_wconf 76' lang='lat' dir='ltr'><strong>formam.</strong></span> <span class='ocrx_word' id='word_1_42' title='bbox 2217 394 2311 429; x_wconf 88' lang='lat' dir='ltr'><strong>sicut</strong></span> <span class='ocrx_word' id='word_1_43' title='bbox 2329 404 2395 430; x_wconf 90' lang='lat' dir='ltr'><strong>nos</strong></span> <span class='ocrx_word' id='word_1_44' title='bbox 2414 394 2502 429; x_wconf 91' lang='lat' dir='ltr'><strong>illud</strong></span> 
     </span>
     <span class='ocr_line' id='line_1_6' title="bbox 271 428 2502 488; baseline 0.004 -23"><span class='ocrx_word' id='word_1_45' title='bbox 271 435 445 488; x_wconf 49' lang='lat' dir='ltr'><strong>‘&#39;f‘&#39;ssf‘af</strong></span> <span class='ocrx_word' id='word_1_46' title='bbox 465 445 520 475; x_wconf 83' lang='grc' dir='ltr'><strong>τῳ</strong></span> <span class='ocrx_word' id='word_1_47' title='bbox 537 444 619 485; x_wconf 44' lang='lat' dir='ltr'><strong>:tam</strong></span> <span class='ocrx_word' id='word_1_48' title='bbox 639 428 843 487; x_wconf 72' lang='grc' dir='ltr'><strong><em>διαταξεων</em></strong></span> <span class='ocrx_word' id='word_1_49' title='bbox 862 433 1180 477; x_wconf 72' lang='grc' dir='ltr'><strong><em>ἐνομοθετησαμεν</em></strong></span> <span class='ocrx_word' id='word_1_50' title='bbox 1197 430 1331 476; x_wconf 76' lang='grc' dir='ltr'><strong><em>βιβλίῳ</em></strong></span> <span class='ocrx_word' id='word_1_51' title='bbox 1343 443 1351 451; x_wconf 92' lang='grc'><em>·</em></span> <span class='ocrx_word' id='word_1_52' title='bbox 1388 435 1407 467; x_wconf 83' lang='lat'><strong>5</strong></span> <span class='ocrx_word' id='word_1_53' title='bbox 1421 432 1460 468; x_wconf 92' lang='lat' dir='ltr'><strong>in</strong></span> <span class='ocrx_word' id='word_1_54' title='bbox 1479 432 1611 467; x_wconf 78' lang='lat' dir='ltr'><strong>nostris</strong></span> <span class='ocrx_word' id='word_1_55' title='bbox 1625 432 1804 468; x_wconf 76' lang='lat' dir='ltr'><strong>Institutis</strong></span> <span class='ocrx_word' id='word_1_56' title='bbox 1824 438 1861 469; x_wconf 81' lang='lat' dir='ltr'><strong>et</strong></span> <span class='ocrx_word' id='word_1_57' title='bbox 1871 433 2026 480; x_wconf 72' lang='lat' dir='ltr'><strong>Digestis</strong></span> <span class='ocrx_word' id='word_1_58' title='bbox 2046 441 2083 473; x_wconf 84' lang='lat' dir='ltr'><strong>et</strong></span> <span class='ocrx_word' id='word_1_59' title='bbox 2096 438 2399 475; x_wconf 75' lang='lat' dir='ltr'><strong>constitutionum</strong></span> <span class='ocrx_word' id='word_1_60' title='bbox 2418 449 2502 474; x_wconf 76' lang='lat' dir='ltr'><strong>san·</strong></span> 
     </span>
     <span class='ocr_line' id='line_1_7' title="bbox 271 475 2501 530; baseline 0.004 -19"><span class='ocrx_word' id='word_1_61' title='bbox 271 491 313 511; x_wconf 75' lang='grc' dir='ltr'><strong><em>το</em></strong></span> <span class='ocrx_word' id='word_1_62' title='bbox 339 475 379 510; x_wconf 81' lang='grc' dir='ltr'><strong>δε</strong></span> <span class='ocrx_word' id='word_1_63' title='bbox 401 491 467 511; x_wconf 84' lang='grc' dir='ltr'><strong>νυν</strong></span> <span class='ocrx_word' id='word_1_64' title='bbox 491 489 600 511; x_wconf 76' lang='grc' dir='ltr'><strong><em>τουτο</em></strong></span> <span class='ocrx_word' id='word_1_65' title='bbox 623 476 809 523; x_wconf 75' lang='grc' dir='ltr'><strong><em>προςθηκη</em></strong></span> <span class='ocrx_word' id='word_1_66' title='bbox 833 481 907 512; x_wconf 82' lang='grc' dir='ltr'><strong><em>τοῖς</em></strong></span> <span class='ocrx_word' id='word_1_67' title='bbox 931 479 1114 523; x_wconf 73' lang='grc' dir='ltr'><strong><em>προτέροις</em></strong></span> <span class='ocrx_word' id='word_1_68' title='bbox 1137 477 1245 511; x_wconf 74' lang='grc' dir='ltr'><strong><em>ἔστω.</em></strong></span> <span class='ocrx_word' id='word_1_69' title='bbox 1424 477 1568 512; x_wconf 84' lang='lat' dir='ltr'><strong>civimus</strong></span> <span class='ocrx_word' id='word_1_70' title='bbox 1585 477 1689 513; x_wconf 89' lang='lat' dir='ltr'><strong>libro:</strong></span> <span class='ocrx_word' id='word_1_71' title='bbox 1708 478 1776 513; x_wconf 85' lang='lat' dir='ltr'><strong>boc</strong></span> <span class='ocrx_word' id='word_1_72' title='bbox 1788 483 1907 515; x_wconf 85' lang='lat' dir='ltr'><strong>autem</strong></span> <span class='ocrx_word' id='word_1_73' title='bbox 1918 490 2013 517; x_wconf 87' lang='lat' dir='ltr'><strong>nunc</strong></span> <span class='ocrx_word' id='word_1_74' title='bbox 2029 488 2255 528; x_wconf 85' lang='lat' dir='ltr'><strong>augmentum</strong></span> <span class='ocrx_word' id='word_1_75' title='bbox 2272 484 2430 530; x_wconf 77' lang='lat' dir='ltr'><strong>priorum</strong></span> <span class='ocrx_word' id='word_1_76' title='bbox 2442 483 2501 519; x_wconf 85' lang='lat' dir='ltr'><strong>sit.</strong></span> 
     </span>
    </p>
   </div>
   <div class='ocr_carea' id='block_1_4' title="bbox 1285 611 1509 648">
    <p class='ocr_par' dir='ltr' id='par_1_4' title="bbox 1285 611 1509 648">
     <span class='ocr_line' id='line_1_8' title="bbox 1285 611 1509 648; baseline 0.009 -2"><span class='ocrx_word' id='word_1_77' title='bbox 1285 611 1442 647; x_wconf 85' lang='lat' dir='ltr'>CAPUT</span> <span class='ocrx_word' id='word_1_78' title='bbox 1464 612 1509 648; x_wconf 91' lang='lat' dir='ltr'><strong>X.</strong></span> 
     </span>
    </p>
   </div>
   <div class='ocr_carea' id='block_1_5' title="bbox 276 677 2511 2220">
    <p class='ocr_par' dir='ltr' id='par_1_5' title="bbox 276 677 2509 1810">
     <span class='ocr_line' id='line_1_9' title="bbox 322 677 2502 733; baseline 0.002 -18"><span class='ocrx_word' id='word_1_79' title='bbox 322 678 475 717; x_wconf 77' lang='grc' dir='ltr'><strong><em>Κάκεῖνο</em></strong></span> <span class='ocrx_word' id='word_1_80' title='bbox 505 678 546 716; x_wconf 71' lang='grc' dir='ltr'><strong>δὲ</strong></span> <span class='ocrx_word' id='word_1_81' title='bbox 584 681 815 733; x_wconf 74' lang='grc' dir='ltr'><strong><em>στασιασθὲν</em></strong></span> <span class='ocrx_word' id='word_1_82' title='bbox 849 682 889 714; x_wconf 81' lang='grc' dir='ltr'><strong>ἐν</strong></span> <span class='ocrx_word' id='word_1_83' title='bbox 924 678 1166 726; x_wconf 76' lang='grc' dir='ltr'><strong><em>δικαστηρίοις</em></strong></span> <span class='ocrx_word' id='word_1_84' title='bbox 1200 677 1358 723; x_wconf 74' lang='grc' dir='ltr'><strong><em>οἰόμεθα</em></strong></span> <span class='ocrx_word' id='word_1_85' title='bbox 1472 679 1566 714; x_wconf 94' lang='lat' dir='ltr'><strong>Illud</strong></span> <span class='ocrx_word' id='word_1_86' title='bbox 1589 689 1728 725; x_wconf 87' lang='lat' dir='ltr'><strong>quoque</strong></span> <span class='ocrx_word' id='word_1_87' title='bbox 1750 680 1787 716; x_wconf 88' lang='lat' dir='ltr'><strong>in</strong></span> <span class='ocrx_word' id='word_1_88' title='bbox 1816 681 1957 718; x_wconf 87' lang='lat' dir='ltr'><strong>iudiciis</strong></span> <span class='ocrx_word' id='word_1_89' title='bbox 1990 683 2204 720; x_wconf 77' lang='lat' dir='ltr'>arbitramur</span> <span class='ocrx_word' id='word_1_90' title='bbox 2234 690 2401 731; x_wconf 80' lang='lat' dir='ltr'><strong>oportere</strong></span> <span class='ocrx_word' id='word_1_91' title='bbox 2431 696 2502 721; x_wconf 87' lang='lat' dir='ltr'><strong>me-</strong></span> 
     </span>
     <span class='ocr_line' id='line_1_10' title="bbox 276 720 2503 781; baseline 0.002 -19"><span class='ocrx_word' id='word_1_92' title='bbox 276 728 403 774; x_wconf 83' lang='grc' dir='ltr'><strong><em>χρῆναι</em></strong></span> <span class='ocrx_word' id='word_1_93' title='bbox 425 725 570 781; x_wconf 71' lang='grc' dir='ltr'><strong><em>κάλλιον</em></strong></span> <span class='ocrx_word' id='word_1_94' title='bbox 595 725 685 773; x_wconf 83' lang='grc' dir='ltr'><strong><em>ἥπερ</em></strong></span> <span class='ocrx_word' id='word_1_95' title='bbox 709 723 865 779; x_wconf 68' lang='grc' dir='ltr'><strong><em>ἅπαντες</em></strong></span> <span class='ocrx_word' id='word_1_96' title='bbox 889 724 923 759; x_wconf 84' lang='grc' dir='ltr'><strong>οἱ</strong></span> <span class='ocrx_word' id='word_1_97' title='bbox 947 723 1016 770; x_wconf 85' lang='grc' dir='ltr'><strong><em>πρὸ</em></strong></span> <span class='ocrx_word' id='word_1_98' title='bbox 1041 722 1145 769; x_wconf 81' lang='grc' dir='ltr'><strong><em>ἡμῶν</em></strong></span> <span class='ocrx_word' id='word_1_99' title='bbox 1172 720 1357 780; x_wconf 52' lang='lat' dir='ltr'><strong>Sargo-stocb-</strong></span> <span class='ocrx_word' id='word_1_100' title='bbox 1429 724 1498 760; x_wconf 90' lang='lat' dir='ltr'><strong>lius</strong></span> <span class='ocrx_word' id='word_1_101' title='bbox 1531 735 1637 770; x_wconf 86' lang='lat' dir='ltr'><strong>quam</strong></span> <span class='ocrx_word' id='word_1_102' title='bbox 1668 735 1791 761; x_wconf 91' lang='lat' dir='ltr'><strong>omnes</strong></span> <span class='ocrx_word' id='word_1_103' title='bbox 1824 731 1907 762; x_wconf 87' lang='lat' dir='ltr'><strong>ante</strong></span> <span class='ocrx_word' id='word_1_104' title='bbox 1936 738 2003 763; x_wconf 89' lang='lat' dir='ltr'><strong>nos</strong></span> <span class='ocrx_word' id='word_1_105' title='bbox 2033 728 2267 767; x_wconf 87' lang='lat' dir='ltr'><strong>determinare</strong></span> <span class='ocrx_word' id='word_1_106' title='bbox 2299 735 2335 766; x_wconf 90' lang='lat' dir='ltr'><strong>et</strong></span> <span class='ocrx_word' id='word_1_107' title='bbox 2370 732 2503 767; x_wconf 89' lang='lat' dir='ltr'><strong>consti-</strong></span> 
     </span>
     <span class='ocr_line' id='line_1_11' title="bbox 277 768 2505 823; baseline 0.002 -16"><span class='ocrx_word' id='word_1_108' title='bbox 277 776 341 807; x_wconf 82' lang='grc' dir='ltr'><strong>σαί</strong></span> <span class='ocrx_word' id='word_1_109' title='bbox 367 786 408 807; x_wconf 73' lang='grc' dir='ltr'><strong>τε</strong></span> <span class='ocrx_word' id='word_1_110' title='bbox 437 775 497 806; x_wconf 77' lang='grc' dir='ltr'><strong>καὶ</strong></span> <span class='ocrx_word' id='word_1_111' title='bbox 526 772 643 812; x_wconf 81' lang='grc' dir='ltr'><strong><em>ταξαι.</em></strong></span> <span class='ocrx_word' id='word_1_112' title='bbox 690 773 736 805; x_wconf 81' lang='grc' dir='ltr'><strong>Εἰ</strong></span> <span class='ocrx_word' id='word_1_113' title='bbox 765 783 832 817; x_wconf 76' lang='grc' dir='ltr'><strong><em>γαρ</em></strong></span> <span class='ocrx_word' id='word_1_114' title='bbox 861 782 915 804; x_wconf 84' lang='grc' dir='ltr'><strong>τις</strong></span> <span class='ocrx_word' id='word_1_115' title='bbox 947 768 1136 823; x_wconf 67' lang='grc' dir='ltr'><strong><em>ἐγκαλοῖτσ</em></strong></span> <span class='ocrx_word' id='word_1_116' title='bbox 1163 781 1359 816; x_wconf 76' lang='grc' dir='ltr'><strong><em>πραγματα</em></strong></span> <span class='ocrx_word' id='word_1_117' title='bbox 1429 774 1542 805; x_wconf 83' lang='lat' dir='ltr'><strong>tuere.</strong></span> <span class='ocrx_word' id='word_1_118' title='bbox 1595 770 1633 806; x_wconf 89' lang='lat' dir='ltr'><strong>Si</strong></span> <span class='ocrx_word' id='word_1_119' title='bbox 1669 771 1747 815; x_wconf 88' lang='lat' dir='ltr'><strong>quis</strong></span> <span class='ocrx_word' id='word_1_120' title='bbox 1783 772 1876 807; x_wconf 90' lang='lat' dir='ltr'><strong>enim</strong></span> <span class='ocrx_word' id='word_1_121' title='bbox 1912 775 2104 809; x_wconf 76' lang='lat' dir='ltr'><strong>conventus</strong></span> <span class='ocrx_word' id='word_1_122' title='bbox 2139 776 2248 811; x_wconf 86' lang='lat' dir='ltr'><strong>fuerit</strong></span> <span class='ocrx_word' id='word_1_123' title='bbox 2281 787 2338 812; x_wconf 88' lang='lat' dir='ltr'><strong>res</strong></span> <span class='ocrx_word' id='word_1_124' title='bbox 2374 777 2505 811; x_wconf 85' lang='lat' dir='ltr'><strong>habere</strong></span> 
     </span>
     <span class='ocr_line' id='line_1_12' title="bbox 277 813 2504 866; baseline 0.001 -14"><span class='ocrx_word' id='word_1_125' title='bbox 277 820 440 861; x_wconf 78' lang='grc' dir='ltr'><strong><em>κατέχειν</em></strong></span> <span class='ocrx_word' id='word_1_126' title='bbox 478 817 617 863; x_wconf 57' lang='grc' dir='ltr'><strong><em>ἑτέροῃ,</em></strong></span> <span class='ocrx_word' id='word_1_127' title='bbox 647 816 776 862; x_wconf 82' lang='grc' dir='ltr'><strong><em>φάσκοι</em></strong></span> <span class='ocrx_word' id='word_1_128' title='bbox 808 816 848 850; x_wconf 76' lang='grc' dir='ltr'><strong>δὲ</strong></span> <span class='ocrx_word' id='word_1_129' title='bbox 877 814 939 849; x_wconf 82' lang='grc' dir='ltr'><strong>οὐκ</strong></span> <span class='ocrx_word' id='word_1_130' title='bbox 972 814 1065 848; x_wconf 83' lang='grc' dir='ltr'><strong><em>εἶναι</em></strong></span> <span class='ocrx_word' id='word_1_131' title='bbox 1095 827 1140 848; x_wconf 86' lang='grc' dir='ltr'><strong>τα</strong></span> <span class='ocrx_word' id='word_1_132' title='bbox 1165 813 1359 861; x_wconf 79' lang='grc' dir='ltr'><strong><em>πράγματα</em></strong></span> <span class='ocrx_word' id='word_1_133' title='bbox 1377 818 1415 850; x_wconf 89' lang='grc'><strong>10</strong></span> <span class='ocrx_word' id='word_1_134' title='bbox 1429 815 1595 857; x_wconf 72' lang='lat' dir='ltr'><strong>alterius,</strong></span> <span class='ocrx_word' id='word_1_135' title='bbox 1627 815 1687 851; x_wconf 91' lang='lat' dir='ltr'><strong>ille</strong></span> <span class='ocrx_word' id='word_1_136' title='bbox 1711 827 1793 851; x_wconf 86' lang='lat' dir='ltr'><strong>vero</strong></span> <span class='ocrx_word' id='word_1_137' title='bbox 1819 817 1915 852; x_wconf 82' lang='lat' dir='ltr'><strong>dicat</strong></span> <span class='ocrx_word' id='word_1_138' title='bbox 1938 828 2010 854; x_wconf 91' lang='lat' dir='ltr'><strong>non</strong></span> <span class='ocrx_word' id='word_1_139' title='bbox 2034 829 2112 855; x_wconf 84' lang='lat' dir='ltr'><strong>esse</strong></span> <span class='ocrx_word' id='word_1_140' title='bbox 2135 829 2191 856; x_wconf 82' lang='lat' dir='ltr'><strong>res</strong></span> <span class='ocrx_word' id='word_1_141' title='bbox 2215 821 2308 857; x_wconf 83' lang='lat' dir='ltr'><strong>illius</strong></span> <span class='ocrx_word' id='word_1_142' title='bbox 2359 822 2404 856; x_wconf 84' lang='lat' dir='ltr'><strong>de</strong></span> <span class='ocrx_word' id='word_1_143' title='bbox 2435 832 2504 866; x_wconf 90' lang='lat' dir='ltr'><strong>quo</strong></span> 
     </span>
     <span class='ocr_line' id='line_1_13' title="bbox 278 849 2506 909; baseline 0.001 -12"><span class='ocrx_word' id='word_1_144' title='bbox 278 865 432 905; x_wconf 79' lang='grc' dir='ltr'><strong><em>ἐκείνου,</em></strong></span> <span class='ocrx_word' id='word_1_145' title='bbox 455 866 538 909; x_wconf 72' lang='grc' dir='ltr'><strong><em>περὶ</em></strong></span> <span class='ocrx_word' id='word_1_146' title='bbox 562 861 602 896; x_wconf 80' lang='grc' dir='ltr'><strong>οὗ</strong></span> <span class='ocrx_word' id='word_1_147' title='bbox 629 873 739 908; x_wconf 86' lang='grc' dir='ltr'><strong><em>φησιν</em></strong></span> <span class='ocrx_word' id='word_1_148' title='bbox 760 859 779 895; x_wconf 84' lang='grc' dir='ltr'>ὁ</span> <span class='ocrx_word' id='word_1_149' title='bbox 805 859 960 900; x_wconf 77' lang='grc' dir='ltr'><strong><em>διώκων,</em></strong></span> <span class='ocrx_word' id='word_1_150' title='bbox 992 857 1243 907; x_wconf 71' lang='grc' dir='ltr'><em>ἀναγκασθείη</em></span> <span class='ocrx_word' id='word_1_151' title='bbox 1277 857 1316 893; x_wconf 78' lang='grc' dir='ltr'><strong>δὲ</strong></span> <span class='ocrx_word' id='word_1_152' title='bbox 1338 857 1358 894; x_wconf 80' lang='grc' dir='ltr'>ὁ</span> <span class='ocrx_word' id='word_1_153' title='bbox 1429 860 1517 896; x_wconf 77' lang='lat' dir='ltr'><strong>dicit</strong></span> <span class='ocrx_word' id='word_1_154' title='bbox 1547 863 1665 904; x_wconf 72' lang='lat' dir='ltr'><strong>actor,</strong></span> <span class='ocrx_word' id='word_1_155' title='bbox 1696 864 1733 896; x_wconf 80' lang='lat' dir='ltr'><strong>et</strong></span> <span class='ocrx_word' id='word_1_156' title='bbox 1762 867 1927 906; x_wconf 80' lang='lat' dir='ltr'>cogatur,</span> <span class='ocrx_word' id='word_1_157' title='bbox 1962 863 2024 908; x_wconf 86' lang='lat' dir='ltr'><strong>qui</strong></span> <span class='ocrx_word' id='word_1_158' title='bbox 2055 864 2227 900; x_wconf 70' lang='lat' dir='ltr'><strong>actionem</strong></span> <span class='ocrx_word' id='word_1_159' title='bbox 2262 849 2392 902; x_wconf 54' lang='lat' dir='ltr'><strong>infbret</strong></span> <span class='ocrx_word' id='word_1_160' title='bbox 2443 871 2506 901; x_wconf 79' lang='lat' dir='ltr'><strong>aut</strong></span> 
     </span>
     <span class='ocr_line' id='line_1_14' title="bbox 278 893 2507 962; baseline 0.001 -20"><span class='ocrx_word' id='word_1_161' title='bbox 278 908 346 962; x_wconf 57' lang='lat' dir='ltr'><strong>‘gip‘</strong></span> <span class='ocrx_word' id='word_1_162' title='bbox 370 907 556 962; x_wconf 62' lang='grc' dir='ltr'><strong><em>ἐναγωγὴν</em></strong></span> <span class='ocrx_word' id='word_1_163' title='bbox 581 905 791 961; x_wconf 63' lang='grc' dir='ltr'><strong><em>ποιούμενος</em></strong></span> <span class='ocrx_word' id='word_1_164' title='bbox 821 903 843 949; x_wconf 83' lang='grc' dir='ltr'><em>ἢ</em></span> <span class='ocrx_word' id='word_1_165' title='bbox 873 903 1101 959; x_wconf 60' lang='grc' dir='ltr'><strong><em>συμβολαίοις</em></strong></span> <span class='ocrx_word' id='word_1_166' title='bbox 1129 902 1151 948; x_wconf 86' lang='grc' dir='ltr'><em>ἢ</em></span> <span class='ocrx_word' id='word_1_167' title='bbox 1183 902 1360 951; x_wconf 85' lang='grc' dir='ltr'><strong><em>μάρτυσιν</em></strong></span> <span class='ocrx_word' id='word_1_168' title='bbox 1429 906 1650 941; x_wconf 84' lang='lat' dir='ltr'><strong>documentis</strong></span> <span class='ocrx_word' id='word_1_169' title='bbox 1682 909 1747 942; x_wconf 89' lang='lat' dir='ltr'><strong>aut</strong></span> <span class='ocrx_word' id='word_1_170' title='bbox 1778 908 1927 943; x_wconf 85' lang='lat' dir='ltr'><strong>testibus</strong></span> <span class='ocrx_word' id='word_1_171' title='bbox 1960 911 2024 943; x_wconf 87' lang='lat' dir='ltr'><strong>aut</strong></span> <span class='ocrx_word' id='word_1_172' title='bbox 2051 909 2130 945; x_wconf 89' lang='lat' dir='ltr'><strong>aliis</strong></span> <span class='ocrx_word' id='word_1_173' title='bbox 2153 910 2206 945; x_wconf 89' lang='lat' dir='ltr'><strong>uti</strong></span> <span class='ocrx_word' id='word_1_174' title='bbox 2231 893 2434 953; x_wconf 67' lang='lat' dir='ltr'><strong>laboribus,</strong></span> <span class='ocrx_word' id='word_1_175' title='bbox 2466 913 2507 945; x_wconf 86' lang='lat' dir='ltr'><strong>ut</strong></span> 
     </span>
     <span class='ocr_line' id='line_1_15' title="bbox 279 947 2507 1004; baseline 0 -16"><span class='ocrx_word' id='word_1_176' title='bbox 279 967 300 997; x_wconf 95' lang='grc' dir='ltr'><strong><em>η</em></strong></span> <span class='ocrx_word' id='word_1_177' title='bbox 332 954 463 999; x_wconf 75' lang='grc' dir='ltr'><strong><em>ἑτέροις</em></strong></span> <span class='ocrx_word' id='word_1_178' title='bbox 495 963 620 988; x_wconf 85' lang='grc' dir='ltr'><strong><em>πονοις</em></strong></span> <span class='ocrx_word' id='word_1_179' title='bbox 654 951 862 999; x_wconf 75' lang='grc' dir='ltr'><strong><em>χρησασθαι</em></strong></span> <span class='ocrx_word' id='word_1_180' title='bbox 892 962 980 997; x_wconf 87' lang='grc' dir='ltr'><strong><em>προς</em></strong></span> <span class='ocrx_word' id='word_1_181' title='bbox 1014 952 1063 1004; x_wconf 41' lang='grc' dir='ltr'><strong><em>τοι</em></strong></span> <span class='ocrx_word' id='word_1_182' title='bbox 1089 947 1280 993; x_wconf 72' lang='grc' dir='ltr'><strong><em>δειχθῆναι</em></strong></span> <span class='ocrx_word' id='word_1_183' title='bbox 1315 949 1361 984; x_wconf 80' lang='grc' dir='ltr'><strong>τὰ</strong></span> <span class='ocrx_word' id='word_1_184' title='bbox 1430 951 1594 987; x_wconf 89' lang='lat' dir='ltr'><strong>ostendat</strong></span> <span class='ocrx_word' id='word_1_185' title='bbox 1617 961 1675 986; x_wconf 89' lang='lat' dir='ltr'><strong>res</strong></span> <span class='ocrx_word' id='word_1_186' title='bbox 1699 952 1793 988; x_wconf 90' lang='lat' dir='ltr'><strong>illius</strong></span> <span class='ocrx_word' id='word_1_187' title='bbox 1817 963 1914 995; x_wconf 87' lang='lat' dir='ltr'><strong>esse,</strong></span> <span class='ocrx_word' id='word_1_188' title='bbox 1945 956 2072 998; x_wconf 83' lang='lat' dir='ltr'><strong>postca</strong></span> <span class='ocrx_word' id='word_1_189' title='bbox 2094 964 2179 990; x_wconf 90' lang='lat' dir='ltr'><strong>vero</strong></span> <span class='ocrx_word' id='word_1_190' title='bbox 2202 955 2252 997; x_wconf 88' lang='lat' dir='ltr'><strong>is,</strong></span> <span class='ocrx_word' id='word_1_191' title='bbox 2284 956 2345 1001; x_wconf 91' lang='lat' dir='ltr'><strong>qui</strong></span> <span class='ocrx_word' id='word_1_192' title='bbox 2368 966 2507 1000; x_wconf 82' lang='lat' dir='ltr'><strong>semper</strong></span> 
     </span>
     <span class='ocr_line' id='line_1_16' title="bbox 280 993 2506 1049; baseline 0.001 -16"><span class='ocrx_word' id='word_1_193' title='bbox 280 997 475 1046; x_wconf 80' lang='grc' dir='ltr'><strong><em>πράγματα</em></strong></span> <span class='ocrx_word' id='word_1_194' title='bbox 504 1000 638 1032; x_wconf 74' lang='grc' dir='ltr'><strong><em>ἐκείνου</em></strong></span> <span class='ocrx_word' id='word_1_195' title='bbox 667 995 916 1049; x_wconf 45' lang='grc' dir='ltr'><strong><em>καθεστάναιζ</em></strong></span> <span class='ocrx_word' id='word_1_196' title='bbox 940 995 1019 1030; x_wconf 83' lang='grc' dir='ltr'><strong>εἶτα</strong></span> <span class='ocrx_word' id='word_1_197' title='bbox 1034 1008 1193 1049; x_wconf 48' lang='grc' dir='ltr'><strong>ἱυστςρον</strong></span> <span class='ocrx_word' id='word_1_198' title='bbox 1217 993 1236 1030; x_wconf 85' lang='grc' dir='ltr'>ὁ</span> <span class='ocrx_word' id='word_1_199' title='bbox 1258 998 1360 1040; x_wconf 84' lang='grc' dir='ltr'><strong><em>μέχρι</em></strong></span> <span class='ocrx_word' id='word_1_200' title='bbox 1430 997 1668 1040; x_wconf 78' lang='lat' dir='ltr'><strong>abnegaverat</strong></span> <span class='ocrx_word' id='word_1_201' title='bbox 1690 997 1784 1033; x_wconf 90' lang='lat' dir='ltr'><strong>illius</strong></span> <span class='ocrx_word' id='word_1_202' title='bbox 1809 998 1898 1034; x_wconf 87' lang='lat' dir='ltr'><strong>haec</strong></span> <span class='ocrx_word' id='word_1_203' title='bbox 1918 1010 1991 1034; x_wconf 92' lang='lat' dir='ltr'><strong>non</strong></span> <span class='ocrx_word' id='word_1_204' title='bbox 2017 999 2140 1042; x_wconf 88' lang='lat' dir='ltr'><strong>fuisse,</strong></span> <span class='ocrx_word' id='word_1_205' title='bbox 2164 1000 2217 1035; x_wconf 85' lang='lat' dir='ltr'><strong>uti</strong></span> <span class='ocrx_word' id='word_1_206' title='bbox 2239 1001 2391 1036; x_wconf 82' lang='lat' dir='ltr'><strong>voluerit</strong></span> <span class='ocrx_word' id='word_1_207' title='bbox 2412 1001 2506 1036; x_wconf 89' lang='lat' dir='ltr'><strong>illius</strong></span> 
     </span>
     <span class='ocr_line' id='line_1_17' title="bbox 281 1040 2507 1090; baseline 0 -11"><span class='ocrx_word' id='word_1_208' title='bbox 281 1045 417 1079; x_wconf 79' lang='grc' dir='ltr'><strong><em>παντὸς</em></strong></span> <span class='ocrx_word' id='word_1_209' title='bbox 446 1042 658 1089; x_wconf 75' lang='grc' dir='ltr'><strong><em>διαρνηθεὶς</em></strong></span> <span class='ocrx_word' id='word_1_210' title='bbox 684 1044 820 1075; x_wconf 79' lang='grc' dir='ltr'><strong><em>ἐκείνου</em></strong></span> <span class='ocrx_word' id='word_1_211' title='bbox 849 1054 967 1075; x_wconf 84' lang='grc' dir='ltr'><strong><em>ταυτα</em></strong></span> <span class='ocrx_word' id='word_1_212' title='bbox 998 1054 1049 1085; x_wconf 89' lang='grc' dir='ltr'><strong>μη</strong></span> <span class='ocrx_word' id='word_1_213' title='bbox 1076 1040 1251 1087; x_wconf 73' lang='grc' dir='ltr'><strong><em>γενέσθαι</em></strong></span> <span class='ocrx_word' id='word_1_214' title='bbox 1281 1041 1359 1086; x_wconf 82' lang='grc' dir='ltr'><strong><em>χρῆ·</em></strong></span> <span class='ocrx_word' id='word_1_215' title='bbox 1376 1045 1415 1076; x_wconf 83' lang='grc'><strong>15</strong></span> <span class='ocrx_word' id='word_1_216' title='bbox 1428 1042 1508 1077; x_wconf 91' lang='lat' dir='ltr'><strong>iure</strong></span> <span class='ocrx_word' id='word_1_217' title='bbox 1539 1045 1575 1076; x_wconf 84' lang='lat' dir='ltr'><strong>et</strong></span> <span class='ocrx_word' id='word_1_218' title='bbox 1607 1041 1742 1086; x_wconf 86' lang='lat' dir='ltr'><strong>dicere,</strong></span> <span class='ocrx_word' id='word_1_219' title='bbox 1775 1044 1858 1088; x_wconf 87' lang='lat' dir='ltr'><strong>quia</strong></span> <span class='ocrx_word' id='word_1_220' title='bbox 1882 1054 1925 1079; x_wconf 87' lang='lat' dir='ltr'><strong>ex</strong></span> <span class='ocrx_word' id='word_1_221' title='bbox 1957 1044 2159 1090; x_wconf 84' lang='lat' dir='ltr'><strong>hypotheca</strong></span> <span class='ocrx_word' id='word_1_222' title='bbox 2189 1050 2252 1080; x_wconf 90' lang='lat' dir='ltr'><strong>aut</strong></span> <span class='ocrx_word' id='word_1_223' title='bbox 2279 1046 2358 1082; x_wconf 88' lang='lat' dir='ltr'><strong>aliis</strong></span> <span class='ocrx_word' id='word_1_224' title='bbox 2389 1047 2507 1082; x_wconf 86' lang='lat' dir='ltr'><strong>causis</strong></span> 
     </span>
     <span class='ocr_line' id='line_1_18' title="bbox 281 1083 2504 1141; baseline 0.001 -18"><span class='ocrx_word' id='word_1_225' title='bbox 281 1089 375 1141; x_wconf 62' lang='grc' dir='ltr'><strong><em>σθαι</em></strong></span> <span class='ocrx_word' id='word_1_226' title='bbox 404 1087 602 1141; x_wconf 68' lang='grc' dir='ltr'><strong><em>βουληθείη</em></strong></span> <span class='ocrx_word' id='word_1_227' title='bbox 626 1090 698 1140; x_wconf 57' lang='grc' dir='ltr'><strong><em>τρῖς</em></strong></span> <span class='ocrx_word' id='word_1_228' title='bbox 722 1087 760 1128; x_wconf 80' lang='grc' dir='ltr'><strong>ἐξ</strong></span> <span class='ocrx_word' id='word_1_229' title='bbox 783 1089 918 1120; x_wconf 80' lang='grc' dir='ltr'><strong><em>ἐκείνου</em></strong></span> <span class='ocrx_word' id='word_1_230' title='bbox 942 1083 1091 1120; x_wconf 84' lang='grc' dir='ltr'><strong><em>δικαίοις</em></strong></span> <span class='ocrx_word' id='word_1_231' title='bbox 1115 1089 1174 1119; x_wconf 83' lang='grc' dir='ltr'><strong>καὶ</strong></span> <span class='ocrx_word' id='word_1_232' title='bbox 1199 1085 1359 1131; x_wconf 82' lang='grc' dir='ltr'><strong><em>φάσκειν,</em></strong></span> <span class='ocrx_word' id='word_1_233' title='bbox 1428 1087 1466 1122; x_wconf 93' lang='lat' dir='ltr'><strong>in</strong></span> <span class='ocrx_word' id='word_1_234' title='bbox 1488 1087 1584 1122; x_wconf 86' lang='lat' dir='ltr'><strong>illam</strong></span> <span class='ocrx_word' id='word_1_235' title='bbox 1612 1097 1803 1131; x_wconf 80' lang='lat' dir='ltr'><strong>personam</strong></span> <span class='ocrx_word' id='word_1_236' title='bbox 1825 1089 1947 1124; x_wconf 89' lang='lat' dir='ltr'><strong>relatis</strong></span> <span class='ocrx_word' id='word_1_237' title='bbox 1971 1090 2204 1135; x_wconf 86' lang='lat' dir='ltr'><strong>propinquior</strong></span> <span class='ocrx_word' id='word_1_238' title='bbox 2226 1093 2282 1126; x_wconf 85' lang='lat' dir='ltr'><strong>est</strong></span> <span class='ocrx_word' id='word_1_239' title='bbox 2305 1101 2411 1135; x_wconf 89' lang='lat' dir='ltr'><strong>quam</strong></span> <span class='ocrx_word' id='word_1_240' title='bbox 2434 1091 2504 1133; x_wconf 90' lang='lat' dir='ltr'><strong>ille,</strong></span> 
     </span>
     <span class='ocr_line' id='line_1_19' title="bbox 283 1128 2507 1188; baseline 0.001 -21"><span class='ocrx_word' id='word_1_241' title='bbox 283 1146 330 1169; x_wconf 86' lang='grc' dir='ltr'><strong>ως</strong></span> <span class='ocrx_word' id='word_1_242' title='bbox 354 1134 392 1175; x_wconf 78' lang='grc' dir='ltr'><strong>ἐξ</strong></span> <span class='ocrx_word' id='word_1_243' title='bbox 415 1134 617 1188; x_wconf 65' lang='grc' dir='ltr'><strong><em>υποθηκῶν</em></strong></span> <span class='ocrx_word' id='word_1_244' title='bbox 637 1146 658 1175; x_wconf 96' lang='grc' dir='ltr'><strong><em>η</em></strong></span> <span class='ocrx_word' id='word_1_245' title='bbox 682 1133 817 1180; x_wconf 82' lang='grc' dir='ltr'><strong><em>ἑτέρων</em></strong></span> <span class='ocrx_word' id='word_1_246' title='bbox 841 1132 971 1165; x_wconf 82' lang='grc' dir='ltr'><strong><em>αἰτιῶν</em></strong></span> <span class='ocrx_word' id='word_1_247' title='bbox 995 1131 1042 1165; x_wconf 84' lang='grc' dir='ltr'><strong>εἰς</strong></span> <span class='ocrx_word' id='word_1_248' title='bbox 1067 1132 1179 1165; x_wconf 81' lang='grc' dir='ltr'><strong><em>ἐκεῖνο</em></strong></span> <span class='ocrx_word' id='word_1_249' title='bbox 1199 1130 1242 1165; x_wconf 85' lang='grc' dir='ltr'><strong>τὸ</strong></span> <span class='ocrx_word' id='word_1_250' title='bbox 1258 1128 1359 1178; x_wconf 83' lang='grc' dir='ltr'><strong><em>πρός·</em></strong></span> <span class='ocrx_word' id='word_1_251' title='bbox 1430 1132 1490 1177; x_wconf 93' lang='lat' dir='ltr'><strong>qui</strong></span> <span class='ocrx_word' id='word_1_252' title='bbox 1521 1142 1666 1167; x_wconf 88' lang='lat' dir='ltr'><strong>causam</strong></span> <span class='ocrx_word' id='word_1_253' title='bbox 1695 1136 1829 1169; x_wconf 84' lang='lat' dir='ltr'><strong>movet:</strong></span> <span class='ocrx_word' id='word_1_254' title='bbox 1858 1134 1950 1169; x_wconf 87' lang='lat' dir='ltr'><strong>aliae</strong></span> <span class='ocrx_word' id='word_1_255' title='bbox 1982 1135 2122 1179; x_wconf 90' lang='lat' dir='ltr'><strong>quidem</strong></span> <span class='ocrx_word' id='word_1_256' title='bbox 2152 1136 2347 1172; x_wconf 84' lang='lat' dir='ltr'><strong>sententiae</strong></span> <span class='ocrx_word' id='word_1_257' title='bbox 2370 1140 2507 1176; x_wconf 84' lang='lat' dir='ltr'><strong>vacent,</strong></span> 
     </span>
     <span class='ocr_line' id='line_1_20' title="bbox 282 1174 2508 1234; baseline 0.001 -20"><span class='ocrx_word' id='word_1_258' title='bbox 282 1192 386 1232; x_wconf 67' lang='grc' dir='ltr'><strong><em>ωπον</em></strong></span> <span class='ocrx_word' id='word_1_259' title='bbox 416 1180 698 1234; x_wconf 56' lang='grc' dir='ltr'><strong><em>αναφερομένοζν</em></strong></span> <span class='ocrx_word' id='word_1_260' title='bbox 728 1174 940 1231; x_wconf 61' lang='grc' dir='ltr'><strong><em>κυριιρτερός</em></strong></span> <span class='ocrx_word' id='word_1_261' title='bbox 972 1178 1050 1210; x_wconf 80' lang='grc' dir='ltr'><strong><em>ἐστι</em></strong></span> <span class='ocrx_word' id='word_1_262' title='bbox 1077 1177 1142 1210; x_wconf 81' lang='grc' dir='ltr'><strong>τοῦ</strong></span> <span class='ocrx_word' id='word_1_263' title='bbox 1166 1175 1233 1219; x_wconf 84' lang='grc' dir='ltr'><strong>τὴν</strong></span> <span class='ocrx_word' id='word_1_264' title='bbox 1258 1175 1360 1219; x_wconf 85' lang='grc' dir='ltr'><strong><em>δίκην</em></strong></span> <span class='ocrx_word' id='word_1_265' title='bbox 1430 1187 1522 1222; x_wconf 87' lang='lat' dir='ltr'><strong>quae</strong></span> <span class='ocrx_word' id='word_1_266' title='bbox 1554 1178 1731 1222; x_wconf 85' lang='lat' dir='ltr'><strong>prioribus</strong></span> <span class='ocrx_word' id='word_1_267' title='bbox 1760 1181 1893 1215; x_wconf 87' lang='lat' dir='ltr'><strong>nostris</strong></span> <span class='ocrx_word' id='word_1_268' title='bbox 1915 1180 2145 1224; x_wconf 83' lang='lat' dir='ltr'><strong>placuerunt,</strong></span> <span class='ocrx_word' id='word_1_269' title='bbox 2178 1181 2365 1216; x_wconf 87' lang='lat' dir='ltr'><strong>mediocris</strong></span> <span class='ocrx_word' id='word_1_270' title='bbox 2390 1184 2508 1216; x_wconf 81' lang='lat' dir='ltr'><strong>autem</strong></span> 
     </span>
     <span class='ocr_line' id='line_1_21' title="bbox 282 1220 2507 1271; baseline 0.001 -13"><span class='ocrx_word' id='word_1_271' title='bbox 282 1232 481 1259; x_wconf 81' lang='grc' dir='ltr'><strong><em>κινουντος’</em></strong></span> <span class='ocrx_word' id='word_1_272' title='bbox 508 1237 544 1257; x_wconf 82' lang='grc' dir='ltr'><strong>αι</strong></span> <span class='ocrx_word' id='word_1_273' title='bbox 564 1225 631 1268; x_wconf 74' lang='grc' dir='ltr'><strong><em>μὲν</em></strong></span> <span class='ocrx_word' id='word_1_274' title='bbox 655 1221 760 1257; x_wconf 88' lang='grc' dir='ltr'><strong><em>αλλαι</em></strong></span> <span class='ocrx_word' id='word_1_275' title='bbox 783 1233 898 1257; x_wconf 87' lang='grc' dir='ltr'><strong><em>πασαι</em></strong></span> <span class='ocrx_word' id='word_1_276' title='bbox 922 1220 1197 1264; x_wconf 77' lang='grc' dir='ltr'><strong><em>σχολαζέτωσαν</em></strong></span> <span class='ocrx_word' id='word_1_277' title='bbox 1219 1222 1362 1268; x_wconf 78' lang='grc' dir='ltr'><strong><em>γνῶμαι</em></strong></span> <span class='ocrx_word' id='word_1_278' title='bbox 1430 1222 1603 1267; x_wconf 82' lang='lat' dir='ltr'><strong>quaedam</strong></span> <span class='ocrx_word' id='word_1_279' title='bbox 1627 1227 1664 1258; x_wconf 90' lang='lat' dir='ltr'><strong>et</strong></span> <span class='ocrx_word' id='word_1_280' title='bbox 1684 1224 1837 1259; x_wconf 88' lang='lat' dir='ltr'><strong>clemens</strong></span> <span class='ocrx_word' id='word_1_281' title='bbox 1857 1229 1892 1260; x_wconf 90' lang='lat' dir='ltr'><strong>et</strong></span> <span class='ocrx_word' id='word_1_282' title='bbox 1915 1225 1985 1270; x_wconf 86' lang='lat' dir='ltr'><strong>ipsi</strong></span> <span class='ocrx_word' id='word_1_283' title='bbox 2004 1235 2134 1261; x_wconf 90' lang='lat' dir='ltr'><strong>causae</strong></span> <span class='ocrx_word' id='word_1_284' title='bbox 2157 1227 2370 1262; x_wconf 89' lang='lat' dir='ltr'><strong>conveniens</strong></span> <span class='ocrx_word' id='word_1_285' title='bbox 2392 1236 2507 1271; x_wconf 88' lang='lat' dir='ltr'><strong>poena</strong></span> 
     </span>
     <span class='ocr_line' id='line_1_22' title="bbox 284 1265 2508 1323; baseline 0.001 -20"><span class='ocrx_word' id='word_1_286' title='bbox 284 1269 323 1303; x_wconf 82' lang='grc' dir='ltr'><strong>αἱ</strong></span> <span class='ocrx_word' id='word_1_287' title='bbox 354 1272 427 1323; x_wconf 60' lang='grc' dir='ltr'><strong><em>τοῖς</em></strong></span> <span class='ocrx_word' id='word_1_288' title='bbox 458 1267 528 1314; x_wconf 81' lang='grc' dir='ltr'><strong><em>πρὸ</em></strong></span> <span class='ocrx_word' id='word_1_289' title='bbox 562 1265 666 1313; x_wconf 83' lang='grc' dir='ltr'><strong><em>ἡμῶν</em></strong></span> <span class='ocrx_word' id='word_1_290' title='bbox 700 1269 952 1315; x_wconf 80' lang='grc' dir='ltr'><strong><em>παραστᾶσαι,</em></strong></span> <span class='ocrx_word' id='word_1_291' title='bbox 988 1270 1116 1312; x_wconf 83' lang='grc' dir='ltr'><strong><em>μετρία</em></strong></span> <span class='ocrx_word' id='word_1_292' title='bbox 1146 1265 1187 1301; x_wconf 84' lang='grc' dir='ltr'><strong>δέ</strong></span> <span class='ocrx_word' id='word_1_293' title='bbox 1216 1278 1269 1301; x_wconf 86' lang='grc' dir='ltr'><strong>τις</strong></span> <span class='ocrx_word' id='word_1_294' title='bbox 1302 1269 1362 1299; x_wconf 82' lang='grc' dir='ltr'><strong>καὶ</strong></span> <span class='ocrx_word' id='word_1_295' title='bbox 1377 1269 1418 1302; x_wconf 85' lang='grc'><strong>20</strong></span> <span class='ocrx_word' id='word_1_296' title='bbox 1430 1268 1688 1313; x_wconf 85' lang='lat' dir='ltr'><strong>abnegantibus</strong></span> <span class='ocrx_word' id='word_1_297' title='bbox 1721 1269 1906 1304; x_wconf 82' lang='lat' dir='ltr'><strong>inferatur.</strong></span> <span class='ocrx_word' id='word_1_298' title='bbox 1966 1270 2037 1305; x_wconf 90' lang='lat' dir='ltr'><strong>Pro</strong></span> <span class='ocrx_word' id='word_1_299' title='bbox 2080 1271 2316 1315; x_wconf 84' lang='lat' dir='ltr'><strong>abnegatione</strong></span> <span class='ocrx_word' id='word_1_300' title='bbox 2356 1281 2508 1315; x_wconf 88' lang='lat' dir='ltr'><strong>namque</strong></span> 
     </span>
     <span class='ocr_line' id='line_1_23' title="bbox 283 1309 2509 1368; baseline 0.001 -20"><span class='ocrx_word' id='word_1_301' title='bbox 283 1313 544 1368; x_wconf 74' lang='grc' dir='ltr'><strong><em>φιλανθρωπος</em></strong></span> <span class='ocrx_word' id='word_1_302' title='bbox 568 1316 628 1347; x_wconf 79' lang='grc' dir='ltr'><strong>καὶ</strong></span> <span class='ocrx_word' id='word_1_303' title='bbox 659 1309 768 1348; x_wconf 72' lang='grc' dir='ltr'><strong><em>αὐτοῦ</em></strong></span> <span class='ocrx_word' id='word_1_304' title='bbox 793 1314 856 1347; x_wconf 77' lang='grc' dir='ltr'><strong>τοῦ</strong></span> <span class='ocrx_word' id='word_1_305' title='bbox 885 1309 1091 1365; x_wconf 65' lang='grc' dir='ltr'><strong><em>πράγματος</em></strong></span> <span class='ocrx_word' id='word_1_306' title='bbox 1121 1314 1362 1356; x_wconf 78' lang='grc' dir='ltr'><strong><em>ἐστοχασμένη</em></strong></span> <span class='ocrx_word' id='word_1_307' title='bbox 1432 1313 1528 1348; x_wconf 79' lang='lat' dir='ltr'><strong>circa</strong></span> <span class='ocrx_word' id='word_1_308' title='bbox 1557 1314 1645 1348; x_wconf 78' lang='lat' dir='ltr'><strong>haec</strong></span> <span class='ocrx_word' id='word_1_309' title='bbox 1678 1318 1714 1349; x_wconf 84' lang='lat' dir='ltr'><strong>et</strong></span> <span class='ocrx_word' id='word_1_310' title='bbox 1737 1315 1871 1350; x_wconf 82' lang='lat' dir='ltr'><strong>actoris</strong></span> <span class='ocrx_word' id='word_1_311' title='bbox 1899 1315 2101 1358; x_wconf 77' lang='lat' dir='ltr'><strong>laboribus,</strong></span> <span class='ocrx_word' id='word_1_312' title='bbox 2134 1315 2217 1351; x_wconf 90' lang='lat' dir='ltr'><strong>dum</strong></span> <span class='ocrx_word' id='word_1_313' title='bbox 2248 1316 2365 1351; x_wconf 86' lang='lat' dir='ltr'><strong>adhuc</strong></span> <span class='ocrx_word' id='word_1_314' title='bbox 2400 1326 2509 1351; x_wconf 76' lang='lat' dir='ltr'><strong>causa</strong></span> 
     </span>
     <span class='ocr_line' id='line_1_24' title="bbox 285 1356 2505 1414; baseline 0 -19"><span class='ocrx_word' id='word_1_315' title='bbox 285 1373 395 1413; x_wconf 61' lang='lat' dir='ltr'><strong>noyn]</strong></span> <span class='ocrx_word' id='word_1_316' title='bbox 416 1362 490 1414; x_wconf 68' lang='grc' dir='ltr'><strong><em>τρῖς</em></strong></span> <span class='ocrx_word' id='word_1_317' title='bbox 513 1357 728 1406; x_wconf 76' lang='grc' dir='ltr'><strong><em>ἂρνηθεῖσιν</em></strong></span> <span class='ocrx_word' id='word_1_318' title='bbox 751 1358 961 1411; x_wconf 66' lang='grc' dir='ltr'><strong><em>έπαγέσθω.</em></strong></span> <span class='ocrx_word' id='word_1_319' title='bbox 997 1359 1086 1403; x_wconf 84' lang='grc' dir='ltr'><strong><em>υπὲρ</em></strong></span> <span class='ocrx_word' id='word_1_320' title='bbox 1109 1356 1177 1404; x_wconf 81' lang='grc' dir='ltr'><strong><em>γὰρ</em></strong></span> <span class='ocrx_word' id='word_1_321' title='bbox 1196 1358 1257 1399; x_wconf 83' lang='grc' dir='ltr'><strong>τῆς</strong></span> <span class='ocrx_word' id='word_1_322' title='bbox 1281 1359 1362 1402; x_wconf 78' lang='grc' dir='ltr'><strong><em>περὶ</em></strong></span> <span class='ocrx_word' id='word_1_323' title='bbox 1431 1358 1572 1400; x_wconf 87' lang='lat' dir='ltr'><strong>dicitur,</strong></span> <span class='ocrx_word' id='word_1_324' title='bbox 1603 1358 1650 1393; x_wconf 88' lang='lat' dir='ltr'><strong>ad</strong></span> <span class='ocrx_word' id='word_1_325' title='bbox 1683 1363 1839 1394; x_wconf 89' lang='lat' dir='ltr'><strong>actorem</strong></span> <span class='ocrx_word' id='word_1_326' title='bbox 1868 1360 2107 1396; x_wconf 83' lang='lat' dir='ltr'><strong>transferatur</strong></span> <span class='ocrx_word' id='word_1_327' title='bbox 2139 1371 2267 1405; x_wconf 89' lang='lat' dir='ltr'><strong>rerum,</strong></span> <span class='ocrx_word' id='word_1_328' title='bbox 2302 1362 2345 1396; x_wconf 90' lang='lat' dir='ltr'><strong>de</strong></span> <span class='ocrx_word' id='word_1_329' title='bbox 2378 1361 2505 1405; x_wconf 87' lang='lat' dir='ltr'><strong>quibus</strong></span> 
     </span>
     <span class='ocr_line' id='line_1_25' title="bbox 283 1400 2507 1452; baseline 0 -13"><span class='ocrx_word' id='word_1_330' title='bbox 283 1418 400 1440; x_wconf 84' lang='grc' dir='ltr'><strong><em>ταυτα</em></strong></span> <span class='ocrx_word' id='word_1_331' title='bbox 422 1403 603 1452; x_wconf 82' lang='grc' dir='ltr'><strong><em>αρνήσεως</em></strong></span> <span class='ocrx_word' id='word_1_332' title='bbox 631 1406 691 1438; x_wconf 80' lang='grc' dir='ltr'><strong>καὶ</strong></span> <span class='ocrx_word' id='word_1_333' title='bbox 721 1404 801 1438; x_wconf 83' lang='grc' dir='ltr'><strong><em>τῶν</em></strong></span> <span class='ocrx_word' id='word_1_334' title='bbox 827 1416 891 1438; x_wconf 85' lang='grc' dir='ltr'><strong>του</strong></span> <span class='ocrx_word' id='word_1_335' title='bbox 924 1400 1118 1437; x_wconf 80' lang='grc' dir='ltr'><strong><em>διώκοντος</em></strong></span> <span class='ocrx_word' id='word_1_336' title='bbox 1148 1401 1276 1437; x_wconf 86' lang='grc' dir='ltr'><strong><em>πόνων</em></strong></span> <span class='ocrx_word' id='word_1_337' title='bbox 1303 1405 1363 1435; x_wconf 81' lang='grc' dir='ltr'><strong>καὶ</strong></span> <span class='ocrx_word' id='word_1_338' title='bbox 1431 1406 1487 1438; x_wconf 86' lang='lat' dir='ltr'><strong>est</strong></span> <span class='ocrx_word' id='word_1_339' title='bbox 1519 1404 1678 1447; x_wconf 84' lang='lat' dir='ltr'><strong>quaestio</strong></span> <span class='ocrx_word' id='word_1_340' title='bbox 1708 1404 1816 1448; x_wconf 87' lang='lat' dir='ltr'><strong>facta,</strong></span> <span class='ocrx_word' id='word_1_341' title='bbox 1849 1405 2045 1450; x_wconf 85' lang='lat' dir='ltr'><strong>possessio,</strong></span> <span class='ocrx_word' id='word_1_342' title='bbox 2076 1406 2254 1441; x_wconf 86' lang='lat' dir='ltr'><strong>licentiam</strong></span> <span class='ocrx_word' id='word_1_343' title='bbox 2283 1407 2436 1442; x_wconf 81' lang='lat' dir='ltr'><strong>habente</strong></span> <span class='ocrx_word' id='word_1_344' title='bbox 2466 1416 2507 1440; x_wconf 92' lang='lat' dir='ltr'><strong>eo</strong></span> 
     </span>
     <span class='ocr_line' id='line_1_26' title="bbox 285 1446 2506 1504; baseline 0 -19"><span class='ocrx_word' id='word_1_345' title='bbox 285 1449 322 1485; x_wconf 85' lang='grc' dir='ltr'><strong>λε</strong></span> <span class='ocrx_word' id='word_1_346' title='bbox 345 1452 474 1503; x_wconf 62' lang='grc' dir='ltr'><strong><em>ομένης</em></strong></span> <span class='ocrx_word' id='word_1_347' title='bbox 495 1451 550 1484; x_wconf 77' lang='grc' dir='ltr'><strong>ἔτι</strong></span> <span class='ocrx_word' id='word_1_348' title='bbox 573 1450 641 1504; x_wconf 45' lang='grc' dir='ltr'><strong>τῆς]</strong></span> <span class='ocrx_word' id='word_1_349' title='bbox 663 1447 762 1492; x_wconf 83' lang='grc' dir='ltr'><strong><em>δίκης</em></strong></span> <span class='ocrx_word' id='word_1_350' title='bbox 789 1450 850 1483; x_wconf 78' lang='grc' dir='ltr'><strong>ἐπὶ</strong></span> <span class='ocrx_word' id='word_1_351' title='bbox 873 1447 940 1502; x_wconf 45' lang='grc' dir='ltr'><strong><em>τῒὸν</em></strong></span> <span class='ocrx_word' id='word_1_352' title='bbox 963 1446 1146 1502; x_wconf 36' lang='grc' dir='ltr'><strong><em>(διώικοντα</em></strong></span> <span class='ocrx_word' id='word_1_353' title='bbox 1170 1447 1362 1499; x_wconf 53' lang='lat' dir='ltr'><strong>paruum}</strong></span> <span class='ocrx_word' id='word_1_354' title='bbox 1431 1449 1494 1493; x_wconf 86' lang='lat' dir='ltr'><strong>qui</strong></span> <span class='ocrx_word' id='word_1_355' title='bbox 1527 1449 1622 1483; x_wconf 86' lang='lat' dir='ltr'><strong>hanc</strong></span> <span class='ocrx_word' id='word_1_356' title='bbox 1655 1448 1793 1492; x_wconf 86' lang='lat' dir='ltr'><strong>reddet,</strong></span> <span class='ocrx_word' id='word_1_357' title='bbox 1831 1451 1862 1484; x_wconf 89' lang='lat' dir='ltr'><strong>si</strong></span> <span class='ocrx_word' id='word_1_358' title='bbox 1892 1460 1963 1494; x_wconf 88' lang='lat' dir='ltr'><strong>qua</strong></span> <span class='ocrx_word' id='word_1_359' title='bbox 1993 1450 2073 1486; x_wconf 90' lang='lat' dir='ltr'><strong>iura</strong></span> <span class='ocrx_word' id='word_1_360' title='bbox 2100 1451 2232 1486; x_wconf 88' lang='lat' dir='ltr'><strong>habeat</strong></span> <span class='ocrx_word' id='word_1_361' title='bbox 2262 1462 2305 1487; x_wconf 84' lang='lat' dir='ltr'><strong>ex</strong></span> <span class='ocrx_word' id='word_1_362' title='bbox 2335 1452 2397 1486; x_wconf 89' lang='lat' dir='ltr'><strong>illa</strong></span> <span class='ocrx_word' id='word_1_363' title='bbox 2427 1461 2506 1496; x_wconf 89' lang='lat' dir='ltr'><strong>per-</strong></span> 
     </span>
     <span class='ocr_line' id='line_1_27' title="bbox 284 1493 2507 1542; baseline -0 -12"><span class='ocrx_word' id='word_1_364' title='bbox 284 1507 306 1530; x_wconf 89' lang='grc' dir='ltr'><strong>σ</strong></span> <span class='ocrx_word' id='word_1_365' title='bbox 340 1509 370 1530; x_wconf 85' lang='grc' dir='ltr'>ω</span> <span class='ocrx_word' id='word_1_366' title='bbox 392 1508 472 1530; x_wconf 82' lang='grc' dir='ltr'><strong>των</strong></span> <span class='ocrx_word' id='word_1_367' title='bbox 495 1507 732 1542; x_wconf 77' lang='grc' dir='ltr'><strong><em>πραγματων,</em></strong></span> <span class='ocrx_word' id='word_1_368' title='bbox 764 1497 846 1541; x_wconf 84' lang='grc' dir='ltr'><strong><em>περὶ</em></strong></span> <span class='ocrx_word' id='word_1_369' title='bbox 872 1506 926 1528; x_wconf 86' lang='grc' dir='ltr'><strong>ων</strong></span> <span class='ocrx_word' id='word_1_370' title='bbox 954 1507 975 1536; x_wconf 93' lang='grc' dir='ltr'><strong><em>η</em></strong></span> <span class='ocrx_word' id='word_1_371' title='bbox 999 1495 1140 1535; x_wconf 83' lang='grc' dir='ltr'><strong><em>ζητησις</em></strong></span> <span class='ocrx_word' id='word_1_372' title='bbox 1162 1496 1318 1540; x_wconf 75' lang='grc' dir='ltr'><strong><em>γέγονεν,</em></strong></span> <span class='ocrx_word' id='word_1_373' title='bbox 1341 1496 1417 1534; x_wconf 81' lang='grc' dir='ltr'><strong>η25</strong></span> <span class='ocrx_word' id='word_1_374' title='bbox 1431 1503 1536 1536; x_wconf 85' lang='lat' dir='ltr'><strong>sona,</strong></span> <span class='ocrx_word' id='word_1_375' title='bbox 1570 1493 1613 1528; x_wconf 89' lang='lat' dir='ltr'><strong>de</strong></span> <span class='ocrx_word' id='word_1_376' title='bbox 1645 1504 1716 1538; x_wconf 91' lang='lat' dir='ltr'><strong>qua</strong></span> <span class='ocrx_word' id='word_1_377' title='bbox 1741 1495 1842 1539; x_wconf 88' lang='lat' dir='ltr'><strong>prius</strong></span> <span class='ocrx_word' id='word_1_378' title='bbox 1867 1496 2088 1539; x_wconf 85' lang='lat' dir='ltr'><strong>negationem</strong></span> <span class='ocrx_word' id='word_1_379' title='bbox 2113 1507 2240 1540; x_wconf 89' lang='lat' dir='ltr'><strong>passus</strong></span> <span class='ocrx_word' id='word_1_380' title='bbox 2265 1499 2337 1538; x_wconf 87' lang='lat' dir='ltr'><strong>est,</strong></span> <span class='ocrx_word' id='word_1_381' title='bbox 2368 1506 2507 1540; x_wconf 88' lang='lat' dir='ltr'><strong>compe·</strong></span> 
     </span>
     <span class='ocr_line' id='line_1_28' title="bbox 283 1535 2507 1586; baseline -0 -11"><span class='ocrx_word' id='word_1_382' title='bbox 283 1538 393 1586; x_wconf 85' lang='grc' dir='ltr'><strong><em>νομή·</em></strong></span> <span class='ocrx_word' id='word_1_383' title='bbox 417 1538 544 1574; x_wconf 81' lang='grc' dir='ltr'><strong><em>ἄδειαν</em></strong></span> <span class='ocrx_word' id='word_1_384' title='bbox 562 1541 705 1582; x_wconf 79' lang='grc' dir='ltr'><strong><em>ἔχοντος</em></strong></span> <span class='ocrx_word' id='word_1_385' title='bbox 721 1542 785 1573; x_wconf 84' lang='grc' dir='ltr'><strong>τοῦ</strong></span> <span class='ocrx_word' id='word_1_386' title='bbox 802 1537 940 1581; x_wconf 83' lang='grc' dir='ltr'><strong><em>ταύτην</em></strong></span> <span class='ocrx_word' id='word_1_387' title='bbox 960 1535 1207 1580; x_wconf 79' lang='grc' dir='ltr'><strong><em>ἀποδιδόντος,</em></strong></span> <span class='ocrx_word' id='word_1_388' title='bbox 1232 1538 1268 1580; x_wconf 62' lang='lat' dir='ltr'><strong>gt</strong></span> <span class='ocrx_word' id='word_1_389' title='bbox 1280 1550 1363 1571; x_wconf 88' lang='grc' dir='ltr'><strong><em>τινα</em></strong></span> <span class='ocrx_word' id='word_1_390' title='bbox 1431 1539 1544 1574; x_wconf 88' lang='lat' dir='ltr'><strong>tentia</strong></span> <span class='ocrx_word' id='word_1_391' title='bbox 1578 1538 1664 1581; x_wconf 91' lang='lat' dir='ltr'><strong>sibi,</strong></span> <span class='ocrx_word' id='word_1_392' title='bbox 1702 1540 1790 1575; x_wconf 88' lang='lat' dir='ltr'><strong>haec</strong></span> <span class='ocrx_word' id='word_1_393' title='bbox 1826 1551 2026 1585; x_wconf 85' lang='lat' dir='ltr'><strong>proponere</strong></span> <span class='ocrx_word' id='word_1_394' title='bbox 2057 1544 2094 1576; x_wconf 85' lang='lat' dir='ltr'><strong>et</strong></span> <span class='ocrx_word' id='word_1_395' title='bbox 2127 1541 2238 1585; x_wconf 85' lang='lat' dir='ltr'><strong>legem</strong></span> <span class='ocrx_word' id='word_1_396' title='bbox 2270 1544 2307 1577; x_wconf 90' lang='lat' dir='ltr'><strong>et</strong></span> <span class='ocrx_word' id='word_1_397' title='bbox 2337 1541 2507 1577; x_wconf 84' lang='lat' dir='ltr'><strong>iustitiam</strong></span> 
     </span>
     <span class='ocr_line' id='line_1_29' title="bbox 286 1579 2509 1638; baseline -0 -18"><span class='ocrx_word' id='word_1_398' title='bbox 286 1585 409 1620; x_wconf 82' lang='grc' dir='ltr'><strong><em>δίκαια</em></strong></span> <span class='ocrx_word' id='word_1_399' title='bbox 437 1588 511 1638; x_wconf 60' lang='grc' dir='ltr'><strong><em>ξ’χοι</em></strong></span> <span class='ocrx_word' id='word_1_400' title='bbox 541 1586 579 1626; x_wconf 81' lang='grc' dir='ltr'><strong>ἐξ</strong></span> <span class='ocrx_word' id='word_1_401' title='bbox 603 1586 738 1638; x_wconf 75' lang='grc' dir='ltr'><strong><em>ἐκείνου</em></strong></span> <span class='ocrx_word' id='word_1_402' title='bbox 759 1585 824 1618; x_wconf 81' lang='grc' dir='ltr'><strong>τοῦ</strong></span> <span class='ocrx_word' id='word_1_403' title='bbox 856 1583 1065 1636; x_wconf 43' lang='lat' dir='ltr'><strong>noos-clinem,</strong></span> <span class='ocrx_word' id='word_1_404' title='bbox 1097 1586 1180 1629; x_wconf 81' lang='grc' dir='ltr'><strong><em>περὶ</em></strong></span> <span class='ocrx_word' id='word_1_405' title='bbox 1195 1581 1251 1636; x_wconf 48' lang='grc' dir='ltr'><strong>νοὑ</strong></span> <span class='ocrx_word' id='word_1_406' title='bbox 1278 1579 1363 1630; x_wconf 83' lang='grc' dir='ltr'><strong><em>πρό·</em></strong></span> <span class='ocrx_word' id='word_1_407' title='bbox 1432 1584 1644 1629; x_wconf 90' lang='lat' dir='ltr'><strong>promereri,</strong></span> <span class='ocrx_word' id='word_1_408' title='bbox 1679 1595 1795 1629; x_wconf 84' lang='lat' dir='ltr'><strong>poena</strong></span> <span class='ocrx_word' id='word_1_409' title='bbox 1830 1586 1866 1620; x_wconf 89' lang='lat' dir='ltr'><strong>in</strong></span> <span class='ocrx_word' id='word_1_410' title='bbox 1902 1586 1979 1621; x_wconf 86' lang='lat' dir='ltr'><strong>sola</strong></span> <span class='ocrx_word' id='word_1_411' title='bbox 2007 1586 2241 1621; x_wconf 86' lang='lat' dir='ltr'><strong>translatione</strong></span> <span class='ocrx_word' id='word_1_412' title='bbox 2276 1585 2509 1631; x_wconf 86' lang='lat' dir='ltr'><strong>possessionis</strong></span> 
     </span>
     <span class='ocr_line' id='line_1_30' title="bbox 284 1628 1641 1678; baseline -0.004 -12"><span class='ocrx_word' id='word_1_413' title='bbox 284 1644 389 1678; x_wconf 81' lang='grc' dir='ltr'><strong><em>τερον</em></strong></span> <span class='ocrx_word' id='word_1_414' title='bbox 408 1645 476 1674; x_wconf 84' lang='grc' dir='ltr'><strong>την</strong></span> <span class='ocrx_word' id='word_1_415' title='bbox 496 1629 648 1678; x_wconf 79' lang='grc' dir='ltr'><strong><em>ἄρνησιν</em></strong></span> <span class='ocrx_word' id='word_1_416' title='bbox 665 1632 843 1674; x_wconf 81' lang='grc' dir='ltr'><strong><em>υπέμεινε,</em></strong></span> <span class='ocrx_word' id='word_1_417' title='bbox 865 1640 1087 1674; x_wconf 83' lang='grc' dir='ltr'><strong><em>προςηκοντα</em></strong></span> <span class='ocrx_word' id='word_1_418' title='bbox 1112 1628 1223 1671; x_wconf 81' lang='grc' dir='ltr'><strong><em>αὖτῳ,</em></strong></span> <span class='ocrx_word' id='word_1_419' title='bbox 1247 1630 1365 1662; x_wconf 75' lang='grc' dir='ltr'><strong><em>ταῦτα</em></strong></span> <span class='ocrx_word' id='word_1_420' title='bbox 1436 1629 1641 1664; x_wconf 82' lang='lat' dir='ltr'><strong>constituta.</strong></span> 
     </span>
     <span class='ocr_line' id='line_1_31' title="bbox 287 1672 1366 1731; baseline -0.005 -20"><span class='ocrx_word' id='word_1_421' title='bbox 287 1676 507 1731; x_wconf 63' lang='grc' dir='ltr'><strong><em>προτιθέναι</em></strong></span> <span class='ocrx_word' id='word_1_422' title='bbox 530 1679 590 1709; x_wconf 82' lang='grc' dir='ltr'><strong>καὶ</strong></span> <span class='ocrx_word' id='word_1_423' title='bbox 613 1675 678 1709; x_wconf 80' lang='grc' dir='ltr'><strong>τοῦ</strong></span> <span class='ocrx_word' id='word_1_424' title='bbox 701 1673 814 1718; x_wconf 84' lang='grc' dir='ltr'><strong><em>νόμου</em></strong></span> <span class='ocrx_word' id='word_1_425' title='bbox 836 1678 896 1708; x_wconf 81' lang='grc' dir='ltr'><strong>καὶ</strong></span> <span class='ocrx_word' id='word_1_426' title='bbox 920 1675 984 1708; x_wconf 84' lang='grc' dir='ltr'><strong>τοῦ</strong></span> <span class='ocrx_word' id='word_1_427' title='bbox 1006 1672 1143 1707; x_wconf 85' lang='grc' dir='ltr'><strong><em>δικαίου</em></strong></span> <span class='ocrx_word' id='word_1_428' title='bbox 1168 1672 1366 1719; x_wconf 77' lang='grc' dir='ltr'><strong><em>τυγχάνειν,</em></strong></span> 
     </span>
     <span class='ocr_line' id='line_1_32' title="bbox 286 1717 1423 1767; baseline -0.003 -11"><span class='ocrx_word' id='word_1_429' title='bbox 286 1733 348 1766; x_wconf 75' lang='grc' dir='ltr'><strong>της</strong></span> <span class='ocrx_word' id='word_1_430' title='bbox 378 1722 503 1765; x_wconf 78' lang='grc' dir='ltr'><strong><em>ποινῆς</em></strong></span> <span class='ocrx_word' id='word_1_431' title='bbox 534 1723 574 1755; x_wconf 81' lang='grc' dir='ltr'><strong>ἐν</strong></span> <span class='ocrx_word' id='word_1_432' title='bbox 595 1717 689 1767; x_wconf 83' lang='grc' dir='ltr'><strong><em>μόνῃ</em></strong></span> <span class='ocrx_word' id='word_1_433' title='bbox 720 1721 766 1767; x_wconf 83' lang='grc' dir='ltr'><strong>τῇ</strong></span> <span class='ocrx_word' id='word_1_434' title='bbox 792 1718 1010 1764; x_wconf 79' lang='grc' dir='ltr'><strong><em>μεταστάσει</em></strong></span> <span class='ocrx_word' id='word_1_435' title='bbox 1040 1719 1101 1762; x_wconf 79' lang='grc' dir='ltr'><strong>τῆς</strong></span> <span class='ocrx_word' id='word_1_436' title='bbox 1131 1720 1239 1763; x_wconf 78' lang='grc' dir='ltr'><strong><em>νομῆς</em></strong></span> <span class='ocrx_word' id='word_1_437' title='bbox 1271 1730 1367 1765; x_wconf 84' lang='grc' dir='ltr'><strong><em>περι·</em></strong></span> <span class='ocrx_word' id='word_1_438' title='bbox 1381 1721 1423 1753; x_wconf 88' lang='lat'><strong>30</strong></span> 
     </span>
     <span class='ocr_line' id='line_1_33' title="bbox 285 1770 485 1810; baseline -0.005 -9"><span class='ocrx_word' id='word_1_439' title='bbox 285 1770 485 1810; x_wconf 80' lang='grc' dir='ltr'><strong><em>ισταμένης.</em></strong></span> 
     </span>
    </p>

    <p class='ocr_par' dir='ltr' id='par_1_6' title="bbox 285 1808 2511 2220">
     <span class='ocr_line' id='line_1_34' title="bbox 335 1808 2511 1858; baseline 0.001 -14"><span class='ocrx_word' id='word_1_440' title='bbox 335 1814 455 1847; x_wconf 76' lang='grc' dir='ltr'><strong><em>Ταῦτα</em></strong></span> <span class='ocrx_word' id='word_1_441' title='bbox 478 1811 563 1856; x_wconf 82' lang='grc' dir='ltr'><strong><em>ἡμῖν</em></strong></span> <span class='ocrx_word' id='word_1_442' title='bbox 581 1808 672 1858; x_wconf 76' lang='grc' dir='ltr'><strong><em>ὑπέρ</em></strong></span> <span class='ocrx_word' id='word_1_443' title='bbox 694 1823 736 1845; x_wconf 76' lang='grc' dir='ltr'><strong>τε</strong></span> <span class='ocrx_word' id='word_1_444' title='bbox 759 1808 939 1852; x_wconf 79' lang='grc' dir='ltr'><strong><em>διαδοχῶν</em></strong></span> <span class='ocrx_word' id='word_1_445' title='bbox 959 1812 1018 1843; x_wconf 82' lang='grc' dir='ltr'><strong>καὶ</strong></span> <span class='ocrx_word' id='word_1_446' title='bbox 1043 1810 1283 1854; x_wconf 79' lang='grc' dir='ltr'><strong><em>συνειςφορῶν</em></strong></span> <span class='ocrx_word' id='word_1_447' title='bbox 1303 1810 1363 1841; x_wconf 81' lang='grc' dir='ltr'><strong>καὶ</strong></span> <span class='ocrx_word' id='word_1_448' title='bbox 1477 1810 1576 1845; x_wconf 88' lang='lat' dir='ltr'><strong>Haec</strong></span> <span class='ocrx_word' id='word_1_449' title='bbox 1594 1820 1616 1845; x_wconf 90' lang='lat' dir='ltr'><strong>a</strong></span> <span class='ocrx_word' id='word_1_450' title='bbox 1634 1810 1737 1845; x_wconf 89' lang='lat' dir='ltr'><strong>nobis</strong></span> <span class='ocrx_word' id='word_1_451' title='bbox 1761 1821 1827 1855; x_wconf 89' lang='lat' dir='ltr'><strong>pro</strong></span> <span class='ocrx_word' id='word_1_452' title='bbox 1847 1811 2134 1847; x_wconf 82' lang='lat' dir='ltr'><strong>successionibus</strong></span> <span class='ocrx_word' id='word_1_453' title='bbox 2156 1815 2191 1847; x_wconf 89' lang='lat' dir='ltr'><strong>et</strong></span> <span class='ocrx_word' id='word_1_454' title='bbox 2211 1809 2460 1848; x_wconf 82' lang='lat' dir='ltr'><strong>collationibus</strong></span> <span class='ocrx_word' id='word_1_455' title='bbox 2476 1813 2511 1846; x_wconf 88' lang='lat' dir='ltr'><strong>et</strong></span> 
     </span>
     <span class='ocr_line' id='line_1_35' title="bbox 285 1851 2509 1912; baseline -0.001 -20"><span class='ocrx_word' id='word_1_456' title='bbox 285 1856 471 1912; x_wconf 61' lang='grc' dir='ltr'><strong><em>νεμήσεων</em></strong></span> <span class='ocrx_word' id='word_1_457' title='bbox 501 1859 561 1891; x_wconf 80' lang='grc' dir='ltr'><strong>καὶ</strong></span> <span class='ocrx_word' id='word_1_458' title='bbox 594 1857 656 1901; x_wconf 71' lang='grc' dir='ltr'><strong>τῆς</strong></span> <span class='ocrx_word' id='word_1_459' title='bbox 685 1857 764 1890; x_wconf 77' lang='grc' dir='ltr'><strong><em>τῶν</em></strong></span> <span class='ocrx_word' id='word_1_460' title='bbox 795 1854 1043 1909; x_wconf 61' lang='grc' dir='ltr'><strong><em>δικαζομένῳν</em></strong></span> <span class='ocrx_word' id='word_1_461' title='bbox 1075 1851 1269 1906; x_wconf 62' lang='grc' dir='ltr'><strong><em>ἀσφαλείας</em></strong></span> <span class='ocrx_word' id='word_1_462' title='bbox 1303 1856 1362 1887; x_wconf 81' lang='grc' dir='ltr'><strong>καὶ</strong></span> <span class='ocrx_word' id='word_1_463' title='bbox 1433 1854 1739 1890; x_wconf 87' lang='lat' dir='ltr'><strong>distributionibus</strong></span> <span class='ocrx_word' id='word_1_464' title='bbox 1756 1858 1793 1891; x_wconf 91' lang='lat' dir='ltr'><strong>et</strong></span> <span class='ocrx_word' id='word_1_465' title='bbox 1811 1856 2024 1900; x_wconf 78' lang='lat' dir='ltr'><strong>litigantium</strong></span> <span class='ocrx_word' id='word_1_466' title='bbox 2049 1857 2188 1892; x_wconf 89' lang='lat' dir='ltr'><strong>cautela</strong></span> <span class='ocrx_word' id='word_1_467' title='bbox 2206 1859 2243 1892; x_wconf 85' lang='lat' dir='ltr'><strong>et</strong></span> <span class='ocrx_word' id='word_1_468' title='bbox 2262 1860 2302 1891; x_wconf 93' lang='lat' dir='ltr'><strong>ut</strong></span> <span class='ocrx_word' id='word_1_469' title='bbox 2319 1855 2509 1892; x_wconf 78' lang='lat' dir='ltr'><strong>mult-itudo</strong></span> 
     </span>
     <span class='ocr_line' id='line_1_36' title="bbox 285 1898 2510 1944; baseline -0.001 -6"><span class='ocrx_word' id='word_1_470' title='bbox 285 1904 349 1938; x_wconf 80' lang='grc' dir='ltr'><strong>τοῦ</strong></span> <span class='ocrx_word' id='word_1_471' title='bbox 372 1916 418 1938; x_wconf 83' lang='grc' dir='ltr'><strong>τοι</strong></span> <span class='ocrx_word' id='word_1_472' title='bbox 443 1903 522 1937; x_wconf 79' lang='grc' dir='ltr'><strong>τῶν</strong></span> <span class='ocrx_word' id='word_1_473' title='bbox 545 1900 660 1937; x_wconf 80' lang='grc' dir='ltr'><strong><em>δικῶν</em></strong></span> <span class='ocrx_word' id='word_1_474' title='bbox 690 1899 895 1935; x_wconf 77' lang='grc' dir='ltr'><strong><em>ἐλαττωσαι</em></strong></span> <span class='ocrx_word' id='word_1_475' title='bbox 927 1898 1053 1942; x_wconf 72' lang='grc' dir='ltr'><strong><em>πληθη</em></strong></span> <span class='ocrx_word' id='word_1_476' title='bbox 1082 1902 1143 1932; x_wconf 84' lang='grc' dir='ltr'><strong>καὶ</strong></span> <span class='ocrx_word' id='word_1_477' title='bbox 1174 1899 1363 1944; x_wconf 75' lang='grc' dir='ltr'><strong><em>ἐξηυρηται</em></strong></span> <span class='ocrx_word' id='word_1_478' title='bbox 1431 1900 1545 1935; x_wconf 87' lang='lat' dir='ltr'><strong>litium</strong></span> <span class='ocrx_word' id='word_1_479' title='bbox 1569 1901 1760 1944; x_wconf 86' lang='lat' dir='ltr'><strong>minuatur,</strong></span> <span class='ocrx_word' id='word_1_480' title='bbox 1785 1904 1820 1935; x_wconf 87' lang='lat' dir='ltr'><strong>et</strong></span> <span class='ocrx_word' id='word_1_481' title='bbox 1842 1901 2032 1937; x_wconf 85' lang='lat' dir='ltr'><strong>adinventa</strong></span> <span class='ocrx_word' id='word_1_482' title='bbox 2055 1905 2140 1937; x_wconf 89' lang='lat' dir='ltr'><strong>sunt</strong></span> <span class='ocrx_word' id='word_1_483' title='bbox 2163 1906 2199 1938; x_wconf 91' lang='lat' dir='ltr'><strong>et</strong></span> <span class='ocrx_word' id='word_1_484' title='bbox 2221 1901 2380 1944; x_wconf 83' lang='lat' dir='ltr'><strong>sancita,</strong></span> <span class='ocrx_word' id='word_1_485' title='bbox 2406 1903 2443 1936; x_wconf 86' lang='lat' dir='ltr'><strong>et</strong></span> <span class='ocrx_word' id='word_1_486' title='bbox 2466 1900 2510 1935; x_wconf 87' lang='lat' dir='ltr'><strong>de</strong></span> 
     </span>
     <span class='ocr_line' id='line_1_37' title="bbox 285 1940 2510 2002; baseline -0.001 -20"><span class='ocrx_word' id='word_1_487' title='bbox 285 1951 345 1982; x_wconf 79' lang='grc' dir='ltr'><strong>καὶ</strong></span> <span class='ocrx_word' id='word_1_488' title='bbox 368 1948 759 2002; x_wconf 29' lang='grc' dir='ltr'><strong><em>νένομοθέτηταιῃκαὶ</em></strong></span> <span class='ocrx_word' id='word_1_489' title='bbox 781 1948 820 1979; x_wconf 79' lang='grc' dir='ltr'><strong>ἐκ</strong></span> <span class='ocrx_word' id='word_1_490' title='bbox 842 1946 905 1979; x_wconf 82' lang='grc' dir='ltr'><strong><em>τοῦ</em></strong></span> <span class='ocrx_word' id='word_1_491' title='bbox 936 1943 1061 1978; x_wconf 80' lang='grc' dir='ltr'><strong><em>λοιποῦ</em></strong></span> <span class='ocrx_word' id='word_1_492' title='bbox 1085 1940 1212 1997; x_wconf 79' lang='grc' dir='ltr'><strong><em>χρόνου</em></strong></span> <span class='ocrx_word' id='word_1_493' title='bbox 1235 1942 1361 1988; x_wconf 83' lang='grc' dir='ltr'><strong><em>κρατή·</em></strong></span> <span class='ocrx_word' id='word_1_494' title='bbox 1376 1947 1416 1979; x_wconf 88' lang='lat'><strong>35</strong></span> <span class='ocrx_word' id='word_1_495' title='bbox 1432 1949 1550 1980; x_wconf 84' lang='lat' dir='ltr'><strong>cetero</strong></span> <span class='ocrx_word' id='word_1_496' title='bbox 1574 1946 1758 1988; x_wconf 87' lang='lat' dir='ltr'><strong>tenebunt,</strong></span> <span class='ocrx_word' id='word_1_497' title='bbox 1783 1950 1958 1991; x_wconf 85' lang='lat' dir='ltr'><strong>quatenus</strong></span> <span class='ocrx_word' id='word_1_498' title='bbox 1983 1950 2020 1981; x_wconf 90' lang='lat' dir='ltr'><strong>et</strong></span> <span class='ocrx_word' id='word_1_499' title='bbox 2043 1945 2290 1983; x_wconf 77' lang='lat' dir='ltr'><strong>successiones</strong></span> <span class='ocrx_word' id='word_1_500' title='bbox 2315 1948 2510 1991; x_wconf 82' lang='lat' dir='ltr'><strong>agnoscant</strong></span> 
     </span>
     <span class='ocr_line' id='line_1_38' title="bbox 286 1987 2510 2036; baseline -0.001 -8"><span class='ocrx_word' id='word_1_501' title='bbox 286 2005 356 2028; x_wconf 82' lang='grc' dir='ltr'><strong><em>σει·</em></strong></span> <span class='ocrx_word' id='word_1_502' title='bbox 381 2004 479 2028; x_wconf 84' lang='grc' dir='ltr'><strong><em>οπως</em></strong></span> <span class='ocrx_word' id='word_1_503' title='bbox 501 1991 547 2027; x_wconf 79' lang='grc' dir='ltr'><strong>ἂν</strong></span> <span class='ocrx_word' id='word_1_504' title='bbox 570 1995 630 2025; x_wconf 82' lang='grc' dir='ltr'><strong>καὶ</strong></span> <span class='ocrx_word' id='word_1_505' title='bbox 650 2003 713 2026; x_wconf 84' lang='grc' dir='ltr'><strong>τας</strong></span> <span class='ocrx_word' id='word_1_506' title='bbox 736 1989 901 2032; x_wconf 82' lang='grc' dir='ltr'><strong><em>διαδοχὰς</em></strong></span> <span class='ocrx_word' id='word_1_507' title='bbox 926 1987 1052 2023; x_wconf 81' lang='grc' dir='ltr'><strong><em>εἰδεῖεν</em></strong></span> <span class='ocrx_word' id='word_1_508' title='bbox 1069 1993 1130 2022; x_wconf 83' lang='grc' dir='ltr'><strong>καὶ</strong></span> <span class='ocrx_word' id='word_1_509' title='bbox 1147 2000 1209 2023; x_wconf 80' lang='grc' dir='ltr'><strong>τας</strong></span> <span class='ocrx_word' id='word_1_510' title='bbox 1231 1999 1362 2022; x_wconf 80' lang='grc' dir='ltr'><strong><em>συνεις-</em></strong></span> <span class='ocrx_word' id='word_1_511' title='bbox 1432 1994 1468 2025; x_wconf 88' lang='lat' dir='ltr'><strong>et</strong></span> <span class='ocrx_word' id='word_1_512' title='bbox 1485 1990 1692 2026; x_wconf 85' lang='lat' dir='ltr'><strong>collationes</strong></span> <span class='ocrx_word' id='word_1_513' title='bbox 1710 2001 1781 2026; x_wconf 93' lang='lat' dir='ltr'><strong>non</strong></span> <span class='ocrx_word' id='word_1_514' title='bbox 1804 1991 1967 2036; x_wconf 82' lang='lat' dir='ltr'><strong>ignorent</strong></span> <span class='ocrx_word' id='word_1_515' title='bbox 1987 1996 2023 2026; x_wconf 89' lang='lat' dir='ltr'><strong>et</strong></span> <span class='ocrx_word' id='word_1_516' title='bbox 2041 1993 2138 2027; x_wconf 88' lang='lat' dir='ltr'><strong>circa</strong></span> <span class='ocrx_word' id='word_1_517' title='bbox 2153 1992 2421 2028; x_wconf 85' lang='lat' dir='ltr'><strong>distributiones</strong></span> <span class='ocrx_word' id='word_1_518' title='bbox 2439 2002 2510 2026; x_wconf 90' lang='lat' dir='ltr'><strong>non</strong></span> 
     </span>
     <span class='ocr_line' id='line_1_39' title="bbox 287 2032 2510 2086; baseline -0.001 -13"><span class='ocrx_word' id='word_1_519' title='bbox 287 2036 398 2086; x_wconf 83' lang='grc' dir='ltr'><strong><em>φορὰς</em></strong></span> <span class='ocrx_word' id='word_1_520' title='bbox 420 2037 470 2083; x_wconf 86' lang='grc' dir='ltr'><strong>μὴ</strong></span> <span class='ocrx_word' id='word_1_521' title='bbox 489 2036 653 2085; x_wconf 80' lang='grc' dir='ltr'><strong><em>ἇγνοοῖεν</em></strong></span> <span class='ocrx_word' id='word_1_522' title='bbox 675 2039 735 2070; x_wconf 80' lang='grc' dir='ltr'><strong>καὶ</strong></span> <span class='ocrx_word' id='word_1_523' title='bbox 759 2039 843 2083; x_wconf 85' lang='grc' dir='ltr'><strong><em>περὶ</em></strong></span> <span class='ocrx_word' id='word_1_524' title='bbox 871 2034 934 2069; x_wconf 83' lang='grc' dir='ltr'><strong>τὰς</strong></span> <span class='ocrx_word' id='word_1_525' title='bbox 964 2032 1127 2078; x_wconf 79' lang='grc' dir='ltr'><strong><em>νεμήσεις</em></strong></span> <span class='ocrx_word' id='word_1_526' title='bbox 1148 2032 1197 2077; x_wconf 85' lang='grc' dir='ltr'><strong>μὴ</strong></span> <span class='ocrx_word' id='word_1_527' title='bbox 1219 2032 1366 2067; x_wconf 82' lang='grc' dir='ltr'><strong><em>στασιά-</em></strong></span> <span class='ocrx_word' id='word_1_528' title='bbox 1435 2036 1609 2070; x_wconf 86' lang='lat' dir='ltr'><strong>resultent</strong></span> <span class='ocrx_word' id='word_1_529' title='bbox 1633 2039 1668 2070; x_wconf 87' lang='lat' dir='ltr'><strong>et</strong></span> <span class='ocrx_word' id='word_1_530' title='bbox 1692 2046 1806 2081; x_wconf 89' lang='lat' dir='ltr'><strong>neque</strong></span> <span class='ocrx_word' id='word_1_531' title='bbox 1829 2037 2032 2080; x_wconf 86' lang='lat' dir='ltr'><strong>petulantes</strong></span> <span class='ocrx_word' id='word_1_532' title='bbox 2056 2048 2202 2073; x_wconf 88' lang='lat' dir='ltr'><strong>suarum</strong></span> <span class='ocrx_word' id='word_1_533' title='bbox 2225 2038 2424 2072; x_wconf 87' lang='lat' dir='ltr'><strong>litterarum</strong></span> <span class='ocrx_word' id='word_1_534' title='bbox 2447 2037 2510 2071; x_wconf 89' lang='lat' dir='ltr'><strong>ab·</strong></span> 
     </span>
     <span class='ocr_line' id='line_1_40' title="bbox 289 2077 2510 2162; baseline -0.001 -43"><span class='ocrx_word' id='word_1_535' title='bbox 289 2087 396 2127; x_wconf 77' lang='grc' dir='ltr'><strong><em>ζοιεν,</em></strong></span> <span class='ocrx_word' id='word_1_536' title='bbox 422 2086 482 2118; x_wconf 84' lang='grc' dir='ltr'><strong>καὶ</strong></span> <span class='ocrx_word' id='word_1_537' title='bbox 495 2081 599 2162; x_wconf 36' lang='lat' dir='ltr'><strong>&amp;uine</strong></span> <span class='ocrx_word' id='word_1_538' title='bbox 623 2085 819 2129; x_wconf 78' lang='grc' dir='ltr'><strong><em>προχείρως</em></strong></span> <span class='ocrx_word' id='word_1_539' title='bbox 841 2083 918 2115; x_wconf 77' lang='grc' dir='ltr'><strong><em>ταῖς</em></strong></span> <span class='ocrx_word' id='word_1_540' title='bbox 941 2080 1019 2133; x_wconf 68' lang='grc' dir='ltr'><strong><em>τῶν</em></strong></span> <span class='ocrx_word' id='word_1_541' title='bbox 1042 2079 1185 2112; x_wconf 80' lang='grc' dir='ltr'><strong><em>οἰκείων</em></strong></span> <span class='ocrx_word' id='word_1_542' title='bbox 1204 2077 1365 2125; x_wconf 79' lang='grc' dir='ltr'><strong><em>γραμμά-</em></strong></span> <span class='ocrx_word' id='word_1_543' title='bbox 1435 2081 1682 2125; x_wconf 77' lang='lat' dir='ltr'><strong>negationibus</strong></span> <span class='ocrx_word' id='word_1_544' title='bbox 1713 2081 1871 2116; x_wconf 79' lang='lat' dir='ltr'><strong>insiliant</strong></span> <span class='ocrx_word' id='word_1_545' title='bbox 1901 2082 2088 2125; x_wconf 83' lang='lat' dir='ltr'><strong>malignari</strong></span> <span class='ocrx_word' id='word_1_546' title='bbox 2111 2083 2269 2118; x_wconf 85' lang='lat' dir='ltr'><strong>volentes</strong></span> <span class='ocrx_word' id='word_1_547' title='bbox 2301 2091 2417 2126; x_wconf 81' lang='lat' dir='ltr'><strong>neque</strong></span> <span class='ocrx_word' id='word_1_548' title='bbox 2449 2081 2510 2117; x_wconf 76' lang='lat' dir='ltr'><strong>ad-</strong></span> 
     </span>
     <span class='ocr_line' id='line_1_41' title="bbox 286 2121 2510 2176; baseline -0.001 -12"><span class='ocrx_word' id='word_1_549' title='bbox 286 2142 365 2164; x_wconf 84' lang='grc' dir='ltr'><strong>των</strong></span> <span class='ocrx_word' id='word_1_550' title='bbox 380 2131 493 2171; x_wconf 74' lang='grc' dir='ltr'><strong><em>ἐπιπη</em></strong></span> <span class='ocrx_word' id='word_1_551' title='bbox 518 2131 591 2162; x_wconf 68' lang='grc' dir='ltr'><strong><em>οἷον</em></strong></span> <span class='ocrx_word' id='word_1_552' title='bbox 606 2125 798 2174; x_wconf 79' lang='grc' dir='ltr'><strong><em>ἇρνήσεσιν</em></strong></span> <span class='ocrx_word' id='word_1_553' title='bbox 813 2126 849 2160; x_wconf 85' lang='grc' dir='ltr'><strong>οἱ</strong></span> <span class='ocrx_word' id='word_1_554' title='bbox 865 2124 1134 2176; x_wconf 57' lang='grc' dir='ltr'><strong><em>πονηρευεσθοιι</em></strong></span> <span class='ocrx_word' id='word_1_555' title='bbox 1153 2121 1364 2168; x_wconf 83' lang='grc' dir='ltr'><strong><em>βουλόμενοι</em></strong></span> <span class='ocrx_word' id='word_1_556' title='bbox 1433 2126 1696 2162; x_wconf 88' lang='lat' dir='ltr'><strong>numerationes</strong></span> <span class='ocrx_word' id='word_1_557' title='bbox 1721 2126 1900 2171; x_wconf 87' lang='lat' dir='ltr'><strong>abnegent</strong></span> <span class='ocrx_word' id='word_1_558' title='bbox 1923 2137 2037 2172; x_wconf 88' lang='lat' dir='ltr'><strong>neque</strong></span> <span class='ocrx_word' id='word_1_559' title='bbox 2068 2132 2193 2172; x_wconf 88' lang='lat' dir='ltr'><strong>postea</strong></span> <span class='ocrx_word' id='word_1_560' title='bbox 2216 2128 2340 2163; x_wconf 83' lang='lat' dir='ltr'><strong>forsan</strong></span> <span class='ocrx_word' id='word_1_561' title='bbox 2363 2126 2510 2162; x_wconf 87' lang='lat' dir='ltr'><strong>solutio-</strong></span> 
     </span>
     <span class='ocr_line' id='line_1_42' title="bbox 286 2165 1422 2220; baseline -0.004 -10"><span class='ocrx_word' id='word_1_562' title='bbox 286 2173 375 2220; x_wconf 75' lang='grc' dir='ltr'><strong><em>μήτε</em></strong></span> <span class='ocrx_word' id='word_1_563' title='bbox 397 2172 460 2209; x_wconf 75' lang='grc' dir='ltr'><strong>τὰς</strong></span> <span class='ocrx_word' id='word_1_564' title='bbox 490 2170 704 2218; x_wconf 74' lang='grc' dir='ltr'><strong><em>ἇριθμήσεις</em></strong></span> <span class='ocrx_word' id='word_1_565' title='bbox 736 2171 944 2218; x_wconf 77' lang='grc' dir='ltr'><strong><em>ἑξαρνοῖντο</em></strong></span> <span class='ocrx_word' id='word_1_566' title='bbox 975 2166 1066 2214; x_wconf 78' lang='grc' dir='ltr'><strong><em>μήτε</em></strong></span> <span class='ocrx_word' id='word_1_567' title='bbox 1097 2165 1249 2209; x_wconf 69' lang='grc' dir='ltr'><strong><em>ὕστερον</em></strong></span> <span class='ocrx_word' id='word_1_568' title='bbox 1280 2169 1367 2204; x_wconf 79' lang='grc' dir='ltr'><strong><em>ἴσως</em></strong></span> <span class='ocrx_word' id='word_1_569' title='bbox 1379 2174 1422 2205; x_wconf 91' lang='grc'><strong>40</strong></span> 
     </span>
    </p>
   </div>
   <div class='ocr_carea' id='block_1_6' title="bbox 333 2259 2510 2310">
    <p class='ocr_par' dir='ltr' id='par_1_7' title="bbox 333 2259 2510 2310">
     <span class='ocr_line' id='line_1_43' title="bbox 333 2259 2510 2310; baseline -0.002 -9"><span class='ocrx_word' id='word_1_570' title='bbox 333 2279 405 2310; x_wconf 85' lang='lat' dir='ltr'><strong>cap.</strong></span> <span class='ocrx_word' id='word_1_571' title='bbox 426 2266 469 2300; x_wconf 90' lang='lat' dir='ltr'><em>X</em></span> <span class='ocrx_word' id='word_1_572' title='bbox 489 2260 641 2298; x_wconf 81' lang='grc' dir='ltr'><strong><em>Κάκεῖνο</em></strong></span> <span class='ocrx_word' id='word_1_573' title='bbox 658 2288 666 2296; x_wconf 94' lang='grc'><strong>.</strong></span> <span class='ocrx_word' id='word_1_574' title='bbox 680 2290 687 2296; x_wconf 89' lang='grc'><strong>.</strong></span> <span class='ocrx_word' id='word_1_575' title='bbox 702 2288 710 2296; x_wconf 94' lang='grc'><strong>.</strong></span> <span class='ocrx_word' id='word_1_576' title='bbox 725 2287 734 2295; x_wconf 94' lang='grc'><strong>.</strong></span> <span class='ocrx_word' id='word_1_577' title='bbox 754 2263 1029 2308; x_wconf 64' lang='grc' dir='ltr'><strong><em>περιισταμένης</em></strong></span> <span class='ocrx_word' id='word_1_578' title='bbox 1052 2263 1122 2302; x_wconf 85' lang='grc'>(30)</span> <span class='ocrx_word' id='word_1_579' title='bbox 1148 2268 1235 2294; x_wconf 67' lang='lat' dir='ltr'><strong>estat</strong></span> <span class='ocrx_word' id='word_1_580' title='bbox 1261 2261 1294 2293; x_wconf 89' lang='lat' dir='ltr'><strong><em>B</em></strong></span> <span class='ocrx_word' id='word_1_581' title='bbox 1319 2263 1373 2301; x_wconf 84' lang='lat'><strong>59,</strong></span> <span class='ocrx_word' id='word_1_582' title='bbox 1394 2270 1433 2301; x_wconf 77' lang='grc' dir='ltr'><strong><em>ιι,</em></strong></span> <span class='ocrx_word' id='word_1_583' title='bbox 1455 2269 1485 2295; x_wconf 83' lang='grc'><strong>13</strong></span> <span class='ocrx_word' id='word_1_584' title='bbox 1507 2263 1541 2303; x_wconf 83' lang='grc'><strong>(9</strong></span> <span class='ocrx_word' id='word_1_585' title='bbox 1567 2261 1667 2295; x_wconf 81' lang='grc' dir='ltr'><strong><em>Εἵτις</em></strong></span> <span class='ocrx_word' id='word_1_586' title='bbox 1692 2259 1875 2308; x_wconf 74' lang='grc' dir='ltr'><strong><em>ἐγκαλοῖτο</em></strong></span> <span class='ocrx_word' id='word_1_587' title='bbox 1888 2286 1987 2296; x_wconf 90' lang='grc'><strong>.....</strong></span> <span class='ocrx_word' id='word_1_588' title='bbox 2013 2274 2165 2309; x_wconf 83' lang='grc' dir='ltr'><strong><em>περιιστ.</em></strong></span> <span class='ocrx_word' id='word_1_589' title='bbox 2191 2263 2240 2296; x_wconf 67' lang='lat' dir='ltr'><strong>B*</strong></span> <span class='ocrx_word' id='word_1_590' title='bbox 2261 2276 2295 2307; x_wconf 88' lang='lat' dir='ltr'><strong>p.</strong></span> <span class='ocrx_word' id='word_1_591' title='bbox 2320 2264 2364 2296; x_wconf 80' lang='lat'><strong>94</strong></span> <span class='ocrx_word' id='word_1_592' title='bbox 2385 2263 2510 2297; x_wconf 63' lang='lat' dir='ltr'><strong>Zachl.</strong></span> 
     </span>
    </p>
   </div>
   <div class='ocr_carea' id='block_1_7' title="bbox 288 2348 2514 3214">
    <p class='ocr_par' dir='ltr' id='par_1_8' title="bbox 288 2348 2513 2528">
     <span class='ocr_line' id='line_1_44' title="bbox 288 2348 2513 2403; baseline -0.003 -11"><span class='ocrx_word' id='word_1_593' title='bbox 288 2356 388 2403; x_wconf 86' lang='lat' dir='ltr'><strong>quod</strong></span> <span class='ocrx_word' id='word_1_594' title='bbox 406 2354 508 2390; x_wconf 84' lang='lat' dir='ltr'><strong>aliud</strong></span> <span class='ocrx_word' id='word_1_595' title='bbox 530 2352 772 2389; x_wconf 82' lang='lat' dir='ltr'><strong>damnationis</strong></span> <span class='ocrx_word' id='word_1_596' title='bbox 792 2355 1022 2403; x_wconf 79' lang='lat' dir='ltr'><strong>auqmentum</strong></span> <span class='ocrx_word' id='word_1_597' title='bbox 1045 2349 1120 2384; x_wconf 85' lang='lat' dir='ltr'><strong>sive</strong></span> <span class='ocrx_word' id='word_1_598' title='bbox 1144 2348 1185 2383; x_wconf 83' lang='lat' dir='ltr'><strong>in</strong></span> <span class='ocrx_word' id='word_1_599' title='bbox 1209 2348 1358 2395; x_wconf 85' lang='lat' dir='ltr'><strong>duplum</strong></span> <span class='ocrx_word' id='word_1_600' title='bbox 1384 2349 1459 2385; x_wconf 88' lang='lat' dir='ltr'><strong>sive</strong></span> <span class='ocrx_word' id='word_1_601' title='bbox 1484 2350 1524 2384; x_wconf 88' lang='lat' dir='ltr'><strong>in</strong></span> <span class='ocrx_word' id='word_1_602' title='bbox 1556 2350 1705 2396; x_wconf 77' lang='lat' dir='ltr'><strong>triplum</strong></span> <span class='ocrx_word' id='word_1_603' title='bbox 1735 2351 1810 2386; x_wconf 87' lang='lat' dir='ltr'><strong>sive</strong></span> <span class='ocrx_word' id='word_1_604' title='bbox 1833 2351 1870 2385; x_wconf 91' lang='lat' dir='ltr'><strong>in</strong></span> <span class='ocrx_word' id='word_1_605' title='bbox 1899 2350 2143 2397; x_wconf 86' lang='lat' dir='ltr'><strong>quadruplum</strong></span> <span class='ocrx_word' id='word_1_606' title='bbox 2173 2351 2349 2386; x_wconf 86' lang='lat' dir='ltr'><strong>veteribus</strong></span> <span class='ocrx_word' id='word_1_607' title='bbox 2377 2350 2513 2402; x_wconf 78' lang='lat' dir='ltr'><strong>leqibus</strong></span> 
     </span>
     <span class='ocr_line' id='line_1_45' title="bbox 288 2393 2511 2448; baseline -0.004 -10"><span class='ocrx_word' id='word_1_608' title='bbox 288 2401 345 2439; x_wconf 86' lang='lat' dir='ltr'><strong>vel</strong></span> <span class='ocrx_word' id='word_1_609' title='bbox 370 2401 581 2448; x_wconf 81' lang='lat' dir='ltr'><strong>principum</strong></span> <span class='ocrx_word' id='word_1_610' title='bbox 605 2396 919 2434; x_wconf 80' lang='lat' dir='ltr'><strong>constitutionibus</strong></span> <span class='ocrx_word' id='word_1_611' title='bbox 940 2393 1186 2445; x_wconf 69' lang='lat' dir='ltr'><strong>introductum</strong></span> <span class='ocrx_word' id='word_1_612' title='bbox 1216 2398 1288 2436; x_wconf 84' lang='lat' dir='ltr'><strong>est,</strong></span> <span class='ocrx_word' id='word_1_613' title='bbox 1320 2393 1413 2429; x_wconf 85' lang='lat' dir='ltr'><strong>illud</strong></span> <span class='ocrx_word' id='word_1_614' title='bbox 1444 2394 1586 2440; x_wconf 87' lang='lat' dir='ltr'><strong>quidem</strong></span> <span class='ocrx_word' id='word_1_615' title='bbox 1615 2395 1654 2430; x_wconf 89' lang='lat' dir='ltr'><strong>in</strong></span> <span class='ocrx_word' id='word_1_616' title='bbox 1676 2399 1775 2431; x_wconf 88' lang='lat' dir='ltr'><strong>statu</strong></span> <span class='ocrx_word' id='word_1_617' title='bbox 1798 2405 1865 2430; x_wconf 89' lang='lat' dir='ltr'><strong>suo</strong></span> <span class='ocrx_word' id='word_1_618' title='bbox 1888 2394 2050 2438; x_wconf 68' lang='lat' dir='ltr'><strong>inaneat,</strong></span> <span class='ocrx_word' id='word_1_619' title='bbox 2083 2394 2380 2441; x_wconf 81' lang='lat' dir='ltr'><strong>quemadmodum</strong></span> <span class='ocrx_word' id='word_1_620' title='bbox 2408 2394 2448 2430; x_wconf 76' lang='lat' dir='ltr'><strong>td</strong></span> <span class='ocrx_word' id='word_1_621' title='bbox 2474 2396 2511 2429; x_wconf 81' lang='lat' dir='ltr'><strong>in</strong></span> 
     </span>
     <span class='ocr_line' id='line_1_46' title="bbox 288 2438 2512 2487; baseline -0.003 -5"><span class='ocrx_word' id='word_1_622' title='bbox 288 2447 425 2482; x_wconf 67' lang='lat' dir='ltr'><strong>noscis</strong></span> <span class='ocrx_word' id='word_1_623' title='bbox 449 2443 745 2481; x_wconf 87' lang='lat' dir='ltr'><strong>Institutionibus</strong></span> <span class='ocrx_word' id='word_1_624' title='bbox 768 2446 803 2478; x_wconf 86' lang='lat' dir='ltr'><strong>et</strong></span> <span class='ocrx_word' id='word_1_625' title='bbox 825 2441 986 2487; x_wconf 82' lang='lat' dir='ltr'><strong>Diqestis</strong></span> <span class='ocrx_word' id='word_1_626' title='bbox 1009 2443 1045 2475; x_wconf 89' lang='lat' dir='ltr'><strong>et</strong></span> <span class='ocrx_word' id='word_1_627' title='bbox 1067 2439 1366 2475; x_wconf 76' lang='lat' dir='ltr'><strong>constitutionum</strong></span> <span class='ocrx_word' id='word_1_628' title='bbox 1393 2438 1521 2475; x_wconf 86' lang='lat' dir='ltr'><strong>Codice</strong></span> <span class='ocrx_word' id='word_1_629' title='bbox 1543 2440 1755 2476; x_wconf 73' lang='lat' dir='ltr'><strong>sanximus:</strong></span> <span class='ocrx_word' id='word_1_630' title='bbox 1778 2440 1848 2476; x_wconf 77' lang='lat' dir='ltr'><strong>boc</strong></span> <span class='ocrx_word' id='word_1_631' title='bbox 1871 2445 1989 2476; x_wconf 88' lang='lat' dir='ltr'><strong>autem</strong></span> <span class='ocrx_word' id='word_1_632' title='bbox 2012 2440 2112 2486; x_wconf 86' lang='lat' dir='ltr'><strong>quod</strong></span> <span class='ocrx_word' id='word_1_633' title='bbox 2134 2450 2230 2476; x_wconf 74' lang='lat' dir='ltr'><strong>nuiic</strong></span> <span class='ocrx_word' id='word_1_634' title='bbox 2253 2440 2512 2482; x_wconf 84' lang='lat' dir='ltr'><strong>constituimus,</strong></span> 
     </span>
     <span class='ocr_line' id='line_1_47' title="bbox 289 2489 900 2528; baseline -0.01 0"><span class='ocrx_word' id='word_1_635' title='bbox 289 2491 571 2528; x_wconf 85' lang='lat' dir='ltr'><strong>additamentum</strong></span> <span class='ocrx_word' id='word_1_636' title='bbox 594 2489 644 2525; x_wconf 88' lang='lat' dir='ltr'><strong>ad</strong></span> <span class='ocrx_word' id='word_1_637' title='bbox 691 2489 793 2523; x_wconf 86' lang='lat' dir='ltr'><strong>riora</strong></span> <span class='ocrx_word' id='word_1_638' title='bbox 814 2491 900 2523; x_wconf 88' lang='lat' dir='ltr'><strong>esto.</strong></span> 
     </span>
    </p>

    <p class='ocr_par' dir='ltr' id='par_1_9' title="bbox 289 2529 2514 3032">
     <span class='ocr_line' id='line_1_48' title="bbox 424 2529 2513 2582; baseline -0.003 -11"><span class='ocrx_word' id='word_1_639' title='bbox 424 2536 469 2571; x_wconf 92' lang='lat' dir='ltr'><strong>X.</strong></span> <span class='ocrx_word' id='word_1_640' title='bbox 507 2536 626 2582; x_wconf 82' lang='lat' dir='ltr'><strong>Atque</strong></span> <span class='ocrx_word' id='word_1_641' title='bbox 645 2535 658 2569; x_wconf 88' lang='lat' dir='ltr'><strong>i</strong></span> <span class='ocrx_word' id='word_1_642' title='bbox 674 2533 738 2569; x_wconf 86' lang='lat' dir='ltr'><strong>lud</strong></span> <span class='ocrx_word' id='word_1_643' title='bbox 755 2543 898 2579; x_wconf 87' lang='lat' dir='ltr'><strong>quoque</strong></span> <span class='ocrx_word' id='word_1_644' title='bbox 916 2531 1017 2579; x_wconf 88' lang='lat' dir='ltr'><strong>quod</strong></span> <span class='ocrx_word' id='word_1_645' title='bbox 1032 2532 1070 2567; x_wconf 89' lang='lat' dir='ltr'><strong>in</strong></span> <span class='ocrx_word' id='word_1_646' title='bbox 1089 2530 1233 2566; x_wconf 87' lang='lat' dir='ltr'><strong>iudiciis</strong></span> <span class='ocrx_word' id='word_1_647' title='bbox 1250 2529 1487 2576; x_wconf 75' lang='lat' dir='ltr'><strong>disceptatum</strong></span> <span class='ocrx_word' id='word_1_648' title='bbox 1509 2533 1563 2566; x_wconf 87' lang='lat' dir='ltr'><strong>est</strong></span> <span class='ocrx_word' id='word_1_649' title='bbox 1580 2530 1706 2566; x_wconf 85' lang='lat' dir='ltr'><strong>melius</strong></span> <span class='ocrx_word' id='word_1_650' title='bbox 1725 2541 1834 2577; x_wconf 88' lang='lat' dir='ltr'><strong>quam</strong></span> <span class='ocrx_word' id='word_1_651' title='bbox 1855 2530 1918 2577; x_wconf 88' lang='lat' dir='ltr'><strong>qui</strong></span> <span class='ocrx_word' id='word_1_652' title='bbox 1935 2534 2019 2566; x_wconf 87' lang='lat' dir='ltr'><strong>ante</strong></span> <span class='ocrx_word' id='word_1_653' title='bbox 2038 2540 2106 2565; x_wconf 86' lang='lat' dir='ltr'><strong>nos</strong></span> <span class='ocrx_word' id='word_1_654' title='bbox 2120 2530 2277 2576; x_wconf 80' lang='lat' dir='ltr'><strong>suerunt</strong></span> <span class='ocrx_word' id='word_1_655' title='bbox 2296 2540 2416 2566; x_wconf 86' lang='lat' dir='ltr'><strong>omnes</strong></span> <span class='ocrx_word' id='word_1_656' title='bbox 2435 2530 2513 2566; x_wconf 75' lang='lat' dir='ltr'><strong>exi-</strong></span> 
     </span>
     <span class='ocr_line' id='line_1_49' title="bbox 289 2574 2514 2626; baseline -0.004 -8"><span class='ocrx_word' id='word_1_657' title='bbox 289 2583 478 2619; x_wconf 87' lang='lat' dir='ltr'><strong>stimamus</strong></span> <span class='ocrx_word' id='word_1_658' title='bbox 495 2578 801 2626; x_wconf 82' lang='lat' dir='ltr'><strong>conformandum</strong></span> <span class='ocrx_word' id='word_1_659' title='bbox 819 2581 855 2613; x_wconf 91' lang='lat' dir='ltr'><strong>et</strong></span> <span class='ocrx_word' id='word_1_660' title='bbox 874 2576 1117 2613; x_wconf 89' lang='lat' dir='ltr'><strong>ordinandum</strong></span> <span class='ocrx_word' id='word_1_661' title='bbox 1132 2587 1216 2611; x_wconf 89' lang='lat' dir='ltr'><strong>esse.</strong></span> <span class='ocrx_word' id='word_1_662' title='bbox 1254 2574 1296 2610; x_wconf 83' lang='lat' dir='ltr'><strong>Si</strong></span> <span class='ocrx_word' id='word_1_663' title='bbox 1308 2575 1390 2621; x_wconf 87' lang='lat' dir='ltr'><strong>quis</strong></span> <span class='ocrx_word' id='word_1_664' title='bbox 1407 2575 1499 2610; x_wconf 88' lang='lat' dir='ltr'><strong>enim</strong></span> <span class='ocrx_word' id='word_1_665' title='bbox 1513 2580 1693 2622; x_wconf 83' lang='lat' dir='ltr'><strong>arquatur</strong></span> <span class='ocrx_word' id='word_1_666' title='bbox 1706 2587 1765 2611; x_wconf 89' lang='lat' dir='ltr'><strong>res</strong></span> <span class='ocrx_word' id='word_1_667' title='bbox 1783 2575 1935 2611; x_wconf 87' lang='lat' dir='ltr'><strong>alterius</strong></span> <span class='ocrx_word' id='word_1_668' title='bbox 1952 2575 2121 2617; x_wconf 83' lang='lat' dir='ltr'><strong>detinere,</strong></span> <span class='ocrx_word' id='word_1_669' title='bbox 2141 2586 2186 2610; x_wconf 90' lang='lat' dir='ltr'><strong>ne</strong></span> <span class='ocrx_word' id='word_1_670' title='bbox 2213 2579 2248 2610; x_wconf 88' lang='lat' dir='ltr'><strong>et</strong></span> <span class='ocrx_word' id='word_1_671' title='bbox 2266 2586 2350 2610; x_wconf 90' lang='lat' dir='ltr'><strong>vero</strong></span> <span class='ocrx_word' id='word_1_672' title='bbox 2368 2586 2428 2610; x_wconf 84' lang='lat' dir='ltr'><strong>res</strong></span> <span class='ocrx_word' id='word_1_673' title='bbox 2437 2585 2514 2610; x_wconf 89' lang='lat' dir='ltr'><strong>esse</strong></span> 
     </span>
     <span class='ocr_line' id='line_1_50' title="bbox 289 2619 2512 2673; baseline -0.004 -9"><span class='ocrx_word' id='word_1_674' title='bbox 289 2629 389 2663; x_wconf 88' lang='lat' dir='ltr'><strong>illius</strong></span> <span class='ocrx_word' id='word_1_675' title='bbox 412 2626 457 2663; x_wconf 87' lang='lat' dir='ltr'><strong>cle</strong></span> <span class='ocrx_word' id='word_1_676' title='bbox 474 2637 547 2673; x_wconf 91' lang='lat' dir='ltr'><strong>quo</strong></span> <span class='ocrx_word' id='word_1_677' title='bbox 571 2629 675 2661; x_wconf 87' lang='lat' dir='ltr'><strong>actor</strong></span> <span class='ocrx_word' id='word_1_678' title='bbox 696 2623 867 2670; x_wconf 87' lang='lat' dir='ltr'><strong>loquitur,</strong></span> <span class='ocrx_word' id='word_1_679' title='bbox 891 2626 932 2658; x_wconf 87' lang='lat' dir='ltr'><strong>ut</strong></span> <span class='ocrx_word' id='word_1_680' title='bbox 951 2622 995 2664; x_wconf 90' lang='lat' dir='ltr'><strong>is,</strong></span> <span class='ocrx_word' id='word_1_681' title='bbox 1020 2622 1083 2668; x_wconf 90' lang='lat' dir='ltr'><strong>qui</strong></span> <span class='ocrx_word' id='word_1_682' title='bbox 1105 2622 1282 2656; x_wconf 81' lang='lat' dir='ltr'><strong>actionem</strong></span> <span class='ocrx_word' id='word_1_683' title='bbox 1305 2619 1468 2663; x_wconf 78' lang='lat' dir='ltr'><strong>intendit,</strong></span> <span class='ocrx_word' id='word_1_684' title='bbox 1491 2620 1548 2656; x_wconf 85' lang='lat' dir='ltr'><strong>vel</strong></span> <span class='ocrx_word' id='word_1_685' title='bbox 1568 2621 1817 2656; x_wconf 79' lang='lat' dir='ltr'><strong>instrumentis</strong></span> <span class='ocrx_word' id='word_1_686' title='bbox 1834 2620 1890 2656; x_wconf 85' lang='lat' dir='ltr'><strong>vel</strong></span> <span class='ocrx_word' id='word_1_687' title='bbox 1910 2619 2056 2656; x_wconf 84' lang='lat' dir='ltr'><strong>testibus</strong></span> <span class='ocrx_word' id='word_1_688' title='bbox 2079 2619 2135 2655; x_wconf 86' lang='lat' dir='ltr'><strong>vel</strong></span> <span class='ocrx_word' id='word_1_689' title='bbox 2153 2631 2176 2654; x_wconf 90' lang='lat' dir='ltr'><strong>a</strong></span> <span class='ocrx_word' id='word_1_690' title='bbox 2191 2620 2237 2654; x_wconf 89' lang='lat' dir='ltr'><strong>iis</strong></span> <span class='ocrx_word' id='word_1_691' title='bbox 2260 2621 2358 2654; x_wconf 86' lang='lat' dir='ltr'><strong>curis</strong></span> <span class='ocrx_word' id='word_1_692' title='bbox 2380 2619 2435 2655; x_wconf 82' lang='lat' dir='ltr'><strong>uti</strong></span> <span class='ocrx_word' id='word_1_693' title='bbox 2453 2630 2512 2655; x_wconf 89' lang='lat' dir='ltr'><strong>co-</strong></span> 
     </span>
     <span class='ocr_line' id='line_1_51' title="bbox 290 2664 2513 2724; baseline -0.004 -15"><span class='ocrx_word' id='word_1_694' title='bbox 290 2677 402 2721; x_wconf 83' lang='lat' dir='ltr'><strong>qatur</strong></span> <span class='ocrx_word' id='word_1_695' title='bbox 424 2682 497 2724; x_wconf 85' lang='lat' dir='ltr'><strong>quo</strong></span> <span class='ocrx_word' id='word_1_696' title='bbox 521 2670 657 2724; x_wconf 86' lang='lat' dir='ltr'><strong>probet</strong></span> <span class='ocrx_word' id='word_1_697' title='bbox 678 2681 737 2705; x_wconf 85' lang='lat' dir='ltr'><strong>res</strong></span> <span class='ocrx_word' id='word_1_698' title='bbox 760 2668 860 2703; x_wconf 87' lang='lat' dir='ltr'><strong>illius</strong></span> <span class='ocrx_word' id='word_1_699' title='bbox 882 2678 975 2703; x_wconf 88' lang='lat' dir='ltr'><strong>esse:</strong></span> <span class='ocrx_word' id='word_1_700' title='bbox 1007 2678 1051 2703; x_wconf 91' lang='lat' dir='ltr'><strong>ac</strong></span> <span class='ocrx_word' id='word_1_701' title='bbox 1076 2670 1210 2712; x_wconf 84' lang='lat' dir='ltr'><strong>postea</strong></span> <span class='ocrx_word' id='word_1_702' title='bbox 1241 2665 1291 2707; x_wconf 90' lang='lat' dir='ltr'><strong>is,</strong></span> <span class='ocrx_word' id='word_1_703' title='bbox 1324 2665 1387 2711; x_wconf 90' lang='lat' dir='ltr'><strong>qui</strong></span> <span class='ocrx_word' id='word_1_704' title='bbox 1411 2676 1524 2712; x_wconf 86' lang='lat' dir='ltr'><strong>usque</strong></span> <span class='ocrx_word' id='word_1_705' title='bbox 1547 2676 1590 2701; x_wconf 90' lang='lat' dir='ltr'><strong>eo</strong></span> <span class='ocrx_word' id='word_1_706' title='bbox 1613 2665 1652 2700; x_wconf 88' lang='lat' dir='ltr'><strong>in</strong></span> <span class='ocrx_word' id='word_1_707' title='bbox 1682 2666 1793 2701; x_wconf 89' lang='lat' dir='ltr'><strong>tiatus</strong></span> <span class='ocrx_word' id='word_1_708' title='bbox 1815 2669 1896 2701; x_wconf 87' lang='lat' dir='ltr'><strong>erat</strong></span> <span class='ocrx_word' id='word_1_709' title='bbox 1925 2676 1985 2700; x_wconf 90' lang='lat' dir='ltr'><strong>res</strong></span> <span class='ocrx_word' id='word_1_710' title='bbox 2008 2664 2106 2700; x_wconf 86' lang='lat' dir='ltr'><strong>illius</strong></span> <span class='ocrx_word' id='word_1_711' title='bbox 2128 2675 2223 2707; x_wconf 86' lang='lat' dir='ltr'><strong>esse,</strong></span> <span class='ocrx_word' id='word_1_712' title='bbox 2255 2664 2359 2699; x_wconf 86' lang='lat' dir='ltr'><strong>iustis</strong></span> <span class='ocrx_word' id='word_1_713' title='bbox 2382 2664 2427 2699; x_wconf 88' lang='lat' dir='ltr'><strong>ab</strong></span> <span class='ocrx_word' id='word_1_714' title='bbox 2450 2664 2513 2699; x_wconf 88' lang='lat' dir='ltr'><strong>illo</strong></span> 
     </span>
     <span class='ocr_line' id='line_1_52' title="bbox 291 2709 2514 2766; baseline -0.004 -12"><span class='ocrx_word' id='word_1_715' title='bbox 291 2717 457 2766; x_wconf 73' lang='lat' dir='ltr'><strong>repetitis</strong></span> <span class='ocrx_word' id='word_1_716' title='bbox 476 2720 528 2752; x_wconf 74' lang='lat' dir='ltr'><strong>uti</strong></span> <span class='ocrx_word' id='word_1_717' title='bbox 553 2715 707 2751; x_wconf 85' lang='lat' dir='ltr'><strong>voluerit</strong></span> <span class='ocrx_word' id='word_1_718' title='bbox 727 2724 771 2749; x_wconf 90' lang='lat' dir='ltr'><strong>ac</strong></span> <span class='ocrx_word' id='word_1_719' title='bbox 794 2712 924 2756; x_wconf 85' lang='lat' dir='ltr'><strong>dicere,</strong></span> <span class='ocrx_word' id='word_1_720' title='bbox 948 2723 997 2748; x_wconf 79' lang='lat' dir='ltr'><strong>ex</strong></span> <span class='ocrx_word' id='word_1_721' title='bbox 1020 2710 1234 2758; x_wconf 78' lang='lat' dir='ltr'><strong>hypothecis</strong></span> <span class='ocrx_word' id='word_1_722' title='bbox 1256 2710 1380 2746; x_wconf 83' lang='lat' dir='ltr'><strong>aliisve</strong></span> <span class='ocrx_word' id='word_1_723' title='bbox 1402 2711 1523 2746; x_wconf 85' lang='lat' dir='ltr'><strong>causis</strong></span> <span class='ocrx_word' id='word_1_724' title='bbox 1545 2710 1596 2745; x_wconf 90' lang='lat' dir='ltr'><strong>ad</strong></span> <span class='ocrx_word' id='word_1_725' title='bbox 1616 2710 1645 2745; x_wconf 90' lang='lat' dir='ltr'><strong>il</strong></span> <span class='ocrx_word' id='word_1_726' title='bbox 1657 2722 1715 2745; x_wconf 86' lang='lat' dir='ltr'><strong>am</strong></span> <span class='ocrx_word' id='word_1_727' title='bbox 1740 2721 1941 2756; x_wconf 85' lang='lat' dir='ltr'><strong>personam</strong></span> <span class='ocrx_word' id='word_1_728' title='bbox 1957 2709 2162 2755; x_wconf 85' lang='lat' dir='ltr'><strong>referendis</strong></span> <span class='ocrx_word' id='word_1_729' title='bbox 2180 2720 2219 2745; x_wconf 86' lang='lat' dir='ltr'><strong>se</strong></span> <span class='ocrx_word' id='word_1_730' title='bbox 2237 2709 2419 2756; x_wconf 87' lang='lat' dir='ltr'><strong>potiorem</strong></span> <span class='ocrx_word' id='word_1_731' title='bbox 2437 2720 2514 2745; x_wconf 84' lang='lat' dir='ltr'><strong>esse</strong></span> 
     </span>
     <span class='ocr_line' id='line_1_53' title="bbox 292 2754 2513 2815; baseline -0.004 -16"><span class='ocrx_word' id='word_1_732' title='bbox 292 2775 352 2806; x_wconf 85' lang='lat' dir='ltr'><strong>eo,</strong></span> <span class='ocrx_word' id='word_1_733' title='bbox 382 2762 450 2815; x_wconf 83' lang='lat' dir='ltr'><strong>qui</strong></span> <span class='ocrx_word' id='word_1_734' title='bbox 479 2761 576 2798; x_wconf 85' lang='lat' dir='ltr'><strong>litem</strong></span> <span class='ocrx_word' id='word_1_735' title='bbox 601 2764 735 2796; x_wconf 81' lang='lat' dir='ltr'><strong>movet:</strong></span> <span class='ocrx_word' id='word_1_736' title='bbox 770 2761 909 2794; x_wconf 84' lang='lat' dir='ltr'><strong>ceterae</strong></span> <span class='ocrx_word' id='word_1_737' title='bbox 939 2756 1082 2803; x_wconf 87' lang='lat' dir='ltr'><strong>quidem</strong></span> <span class='ocrx_word' id='word_1_738' title='bbox 1113 2767 1236 2791; x_wconf 89' lang='lat' dir='ltr'><strong>omnes</strong></span> <span class='ocrx_word' id='word_1_739' title='bbox 1266 2756 1462 2791; x_wconf 86' lang='lat' dir='ltr'><strong>sententiae</strong></span> <span class='ocrx_word' id='word_1_740' title='bbox 1490 2759 1647 2798; x_wconf 90' lang='lat' dir='ltr'><strong>cessent,</strong></span> <span class='ocrx_word' id='word_1_741' title='bbox 1684 2766 1776 2801; x_wconf 85' lang='lat' dir='ltr'><strong>quae</strong></span> <span class='ocrx_word' id='word_1_742' title='bbox 1805 2754 2092 2791; x_wconf 84' lang='lat' dir='ltr'><strong>antecessoribus</strong></span> <span class='ocrx_word' id='word_1_743' title='bbox 2119 2755 2255 2789; x_wconf 83' lang='lat' dir='ltr'><strong>nostris</strong></span> <span class='ocrx_word' id='word_1_744' title='bbox 2314 2754 2513 2795; x_wconf 85' lang='lat' dir='ltr'><strong>Iacuerunt,</strong></span> 
     </span>
     <span class='ocr_line' id='line_1_54' title="bbox 292 2766 2513 2853; baseline -0.005 -9"><span class='ocrx_word' id='word_1_745' title='bbox 292 2808 434 2844; x_wconf 71' lang='lat' dir='ltr'><strong>modica</strong></span> <span class='ocrx_word' id='word_1_746' title='bbox 463 2817 547 2843; x_wconf 80' lang='lat' dir='ltr'><strong>vero</strong></span> <span class='ocrx_word' id='word_1_747' title='bbox 577 2805 755 2852; x_wconf 85' lang='lat' dir='ltr'><strong>quaedam</strong></span> <span class='ocrx_word' id='word_1_748' title='bbox 778 2807 812 2839; x_wconf 90' lang='lat' dir='ltr'><strong>et</strong></span> <span class='ocrx_word' id='word_1_749' title='bbox 842 2802 999 2838; x_wconf 77' lang='lat' dir='ltr'><strong>humana</strong></span> <span class='ocrx_word' id='word_1_750' title='bbox 1025 2802 1167 2849; x_wconf 82' lang='lat' dir='ltr'><strong>ipsique</strong></span> <span class='ocrx_word' id='word_1_751' title='bbox 1195 2801 1250 2836; x_wconf 87' lang='lat' dir='ltr'><strong>rei</strong></span> <span class='ocrx_word' id='word_1_752' title='bbox 1281 2799 1552 2853; x_wconf 69' lang='lat' dir='ltr'><strong>accommodata</strong></span> <span class='ocrx_word' id='word_1_753' title='bbox 1576 2811 1702 2847; x_wconf 86' lang='lat' dir='ltr'><strong>poena</strong></span> <span class='ocrx_word' id='word_1_754' title='bbox 1732 2800 1972 2852; x_wconf 84' lang='lat' dir='ltr'><strong>infitiantibus</strong></span> <span class='ocrx_word' id='word_1_755' title='bbox 2003 2799 2222 2846; x_wconf 87' lang='lat' dir='ltr'><strong>imponatur.</strong></span> <span class='ocrx_word' id='word_1_756' title='bbox 2271 2766 2414 2835; x_wconf 41' lang='lat' dir='ltr'><strong>&amp;cenem</strong></span> <span class='ocrx_word' id='word_1_757' title='bbox 2437 2810 2513 2847; x_wconf 84' lang='lat' dir='ltr'><strong>pro</strong></span> 
     </span>
     <span class='ocr_line' id='line_1_55' title="bbox 293 2844 2513 2900; baseline -0.005 -11"><span class='ocrx_word' id='word_1_758' title='bbox 293 2852 511 2900; x_wconf 84' lang='lat' dir='ltr'><strong>infitiatione</strong></span> <span class='ocrx_word' id='word_1_759' title='bbox 534 2851 579 2887; x_wconf 78' lang='lat' dir='ltr'><strong>de</strong></span> <span class='ocrx_word' id='word_1_760' title='bbox 598 2850 655 2886; x_wconf 74' lang='lat' dir='ltr'><strong>llis</strong></span> <span class='ocrx_word' id='word_1_761' title='bbox 679 2849 840 2885; x_wconf 80' lang='lat' dir='ltr'><strong>adhibita</strong></span> <span class='ocrx_word' id='word_1_762' title='bbox 864 2853 900 2884; x_wconf 87' lang='lat' dir='ltr'><strong>et</strong></span> <span class='ocrx_word' id='word_1_763' title='bbox 914 2859 990 2895; x_wconf 90' lang='lat' dir='ltr'><strong>pro</strong></span> <span class='ocrx_word' id='word_1_764' title='bbox 1015 2847 1151 2883; x_wconf 86' lang='lat' dir='ltr'><strong>actoris</strong></span> <span class='ocrx_word' id='word_1_765' title='bbox 1170 2850 1326 2892; x_wconf 84' lang='lat' dir='ltr'><strong>neqotus</strong></span> <span class='ocrx_word' id='word_1_766' title='bbox 1344 2846 1452 2882; x_wconf 84' lang='lat' dir='ltr'><strong>etiam</strong></span> <span class='ocrx_word' id='word_1_767' title='bbox 1471 2845 1557 2881; x_wconf 89' lang='lat' dir='ltr'><strong>dum</strong></span> <span class='ocrx_word' id='word_1_768' title='bbox 1580 2856 1692 2881; x_wconf 85' lang='lat' dir='ltr'><strong>causa</strong></span> <span class='ocrx_word' id='word_1_769' title='bbox 1712 2850 1836 2892; x_wconf 80' lang='lat' dir='ltr'><strong>aqitur</strong></span> <span class='ocrx_word' id='word_1_770' title='bbox 1858 2844 1908 2880; x_wconf 87' lang='lat' dir='ltr'><strong>ad</strong></span> <span class='ocrx_word' id='word_1_771' title='bbox 1926 2848 2085 2880; x_wconf 89' lang='lat' dir='ltr'><strong>actorem</strong></span> <span class='ocrx_word' id='word_1_772' title='bbox 2111 2844 2361 2890; x_wconf 82' lang='lat' dir='ltr'><strong>transferatur</strong></span> <span class='ocrx_word' id='word_1_773' title='bbox 2382 2855 2513 2886; x_wconf 83' lang='lat' dir='ltr'><strong>rerum,</strong></span> 
     </span>
     <span class='ocr_line' id='line_1_56' title="bbox 293 2889 2513 2945; baseline -0.005 -11"><span class='ocrx_word' id='word_1_774' title='bbox 293 2898 338 2935; x_wconf 86' lang='lat' dir='ltr'><strong>de</strong></span> <span class='ocrx_word' id='word_1_775' title='bbox 361 2898 490 2945; x_wconf 88' lang='lat' dir='ltr'><strong>quibus</strong></span> <span class='ocrx_word' id='word_1_776' title='bbox 512 2896 675 2942; x_wconf 84' lang='lat' dir='ltr'><strong>quaestio</strong></span> <span class='ocrx_word' id='word_1_777' title='bbox 699 2898 798 2930; x_wconf 88' lang='lat' dir='ltr'><strong>mota</strong></span> <span class='ocrx_word' id='word_1_778' title='bbox 822 2899 895 2936; x_wconf 88' lang='lat' dir='ltr'><strong>est,</strong></span> <span class='ocrx_word' id='word_1_779' title='bbox 917 2893 1125 2940; x_wconf 88' lang='lat' dir='ltr'><strong>possessio;</strong></span> <span class='ocrx_word' id='word_1_780' title='bbox 1156 2902 1235 2927; x_wconf 90' lang='lat' dir='ltr'><strong>cum</strong></span> <span class='ocrx_word' id='word_1_781' title='bbox 1258 2891 1309 2934; x_wconf 85' lang='lat' dir='ltr'><strong>ei,</strong></span> <span class='ocrx_word' id='word_1_782' title='bbox 1343 2891 1409 2937; x_wconf 90' lang='lat' dir='ltr'><strong>qui</strong></span> <span class='ocrx_word' id='word_1_783' title='bbox 1436 2889 1531 2926; x_wconf 73' lang='lat' dir='ltr'><strong>lianc</strong></span> <span class='ocrx_word' id='word_1_784' title='bbox 1553 2891 1727 2933; x_wconf 86' lang='lat' dir='ltr'><strong>restituit,</strong></span> <span class='ocrx_word' id='word_1_785' title='bbox 1759 2891 1791 2926; x_wconf 88' lang='lat' dir='ltr'><strong>si</strong></span> <span class='ocrx_word' id='word_1_786' title='bbox 1822 2901 1915 2937; x_wconf 85' lang='lat' dir='ltr'><strong>quae</strong></span> <span class='ocrx_word' id='word_1_787' title='bbox 1941 2890 2025 2924; x_wconf 88' lang='lat' dir='ltr'><strong>iura</strong></span> <span class='ocrx_word' id='word_1_788' title='bbox 2048 2889 2178 2925; x_wconf 78' lang='lat' dir='ltr'><strong>habeat</strong></span> <span class='ocrx_word' id='word_1_789' title='bbox 2202 2901 2225 2924; x_wconf 88' lang='lat' dir='ltr'><strong>a</strong></span> <span class='ocrx_word' id='word_1_790' title='bbox 2251 2900 2414 2936; x_wconf 84' lang='lat' dir='ltr'><strong>persona</strong></span> <span class='ocrx_word' id='word_1_791' title='bbox 2436 2889 2513 2930; x_wconf 83' lang='lat' dir='ltr'><strong>illa,</strong></span> 
     </span>
     <span class='ocr_line' id='line_1_57' title="bbox 294 2934 2513 2990; baseline -0.004 -11"><span class='ocrx_word' id='word_1_792' title='bbox 294 2944 339 2979; x_wconf 87' lang='lat' dir='ltr'><strong>de</strong></span> <span class='ocrx_word' id='word_1_793' title='bbox 362 2954 436 2990; x_wconf 89' lang='lat' dir='ltr'><strong>qua</strong></span> <span class='ocrx_word' id='word_1_794' title='bbox 459 2948 568 2978; x_wconf 84' lang='lat' dir='ltr'><strong>antea</strong></span> <span class='ocrx_word' id='word_1_795' title='bbox 589 2940 841 2986; x_wconf 81' lang='lat' dir='ltr'><strong>infitiationem</strong></span> <span class='ocrx_word' id='word_1_796' title='bbox 862 2938 1044 2980; x_wconf 83' lang='lat' dir='ltr'><strong>sustinuit,</strong></span> <span class='ocrx_word' id='word_1_797' title='bbox 1072 2937 1141 2973; x_wconf 85' lang='lat' dir='ltr'><strong>sibi</strong></span> <span class='ocrx_word' id='word_1_798' title='bbox 1161 2936 1293 2979; x_wconf 85' lang='lat' dir='ltr'><strong>debita,</strong></span> <span class='ocrx_word' id='word_1_799' title='bbox 1321 2947 1365 2971; x_wconf 90' lang='lat' dir='ltr'><strong>ea</strong></span> <span class='ocrx_word' id='word_1_800' title='bbox 1386 2946 1595 2983; x_wconf 82' lang='lat' dir='ltr'><strong>proponere</strong></span> <span class='ocrx_word' id='word_1_801' title='bbox 1617 2940 1653 2971; x_wconf 92' lang='lat' dir='ltr'><strong>et</strong></span> <span class='ocrx_word' id='word_1_802' title='bbox 1674 2936 1733 2971; x_wconf 87' lang='lat' dir='ltr'><strong>ius</strong></span> <span class='ocrx_word' id='word_1_803' title='bbox 1755 2940 1791 2972; x_wconf 90' lang='lat' dir='ltr'><strong>et</strong></span> <span class='ocrx_word' id='word_1_804' title='bbox 1810 2946 1963 2982; x_wconf 87' lang='lat' dir='ltr'><strong>aequum</strong></span> <span class='ocrx_word' id='word_1_805' title='bbox 1987 2936 2158 2981; x_wconf 81' lang='lat' dir='ltr'><strong>consequi</strong></span> <span class='ocrx_word' id='word_1_806' title='bbox 2181 2934 2307 2971; x_wconf 84' lang='lat' dir='ltr'><strong>liceat:</strong></span> <span class='ocrx_word' id='word_1_807' title='bbox 2333 2939 2375 2970; x_wconf 87' lang='lat' dir='ltr'><strong>ut</strong></span> <span class='ocrx_word' id='word_1_808' title='bbox 2389 2945 2513 2981; x_wconf 84' lang='lat' dir='ltr'><strong>poena</strong></span> 
     </span>
     <span class='ocr_line' id='line_1_58' title="bbox 294 2983 1216 3032; baseline -0.01 -7"><span class='ocrx_word' id='word_1_809' title='bbox 294 2989 333 3025; x_wconf 84' lang='lat' dir='ltr'><strong>in</strong></span> <span class='ocrx_word' id='word_1_810' title='bbox 355 2987 436 3024; x_wconf 84' lang='lat' dir='ltr'><strong>sola</strong></span> <span class='ocrx_word' id='word_1_811' title='bbox 458 2986 696 3023; x_wconf 86' lang='lat' dir='ltr'><strong>translatione</strong></span> <span class='ocrx_word' id='word_1_812' title='bbox 710 2985 956 3032; x_wconf 87' lang='lat' dir='ltr'><strong>possessionis</strong></span> <span class='ocrx_word' id='word_1_813' title='bbox 975 2983 1216 3019; x_wconf 87' lang='lat' dir='ltr'><strong>contineatur.</strong></span> 
     </span>
    </p>

    <p class='ocr_par' dir='ltr' id='par_1_10' title="bbox 296 3023 2514 3214">
     <span class='ocr_line' id='line_1_59' title="bbox 432 3023 2512 3071; baseline -0.005 -3"><span class='ocrx_word' id='word_1_814' title='bbox 432 3032 534 3068; x_wconf 86' lang='lat' dir='ltr'><strong>Haec</strong></span> <span class='ocrx_word' id='word_1_815' title='bbox 553 3031 658 3067; x_wconf 88' lang='lat' dir='ltr'><strong>nobis</strong></span> <span class='ocrx_word' id='word_1_816' title='bbox 681 3037 717 3066; x_wconf 87' lang='lat' dir='ltr'><strong>et</strong></span> <span class='ocrx_word' id='word_1_817' title='bbox 739 3030 784 3066; x_wconf 88' lang='lat' dir='ltr'><strong>de</strong></span> <span class='ocrx_word' id='word_1_818' title='bbox 805 3028 1091 3065; x_wconf 86' lang='lat' dir='ltr'><strong>successionibus</strong></span> <span class='ocrx_word' id='word_1_819' title='bbox 1114 3030 1148 3063; x_wconf 89' lang='lat' dir='ltr'><strong>et</strong></span> <span class='ocrx_word' id='word_1_820' title='bbox 1171 3026 1426 3063; x_wconf 84' lang='lat' dir='ltr'><strong>collationibus</strong></span> <span class='ocrx_word' id='word_1_821' title='bbox 1449 3030 1485 3062; x_wconf 87' lang='lat' dir='ltr'><strong>et</strong></span> <span class='ocrx_word' id='word_1_822' title='bbox 1506 3025 1740 3062; x_wconf 83' lang='lat' dir='ltr'><strong>divisionibus</strong></span> <span class='ocrx_word' id='word_1_823' title='bbox 1763 3028 1799 3061; x_wconf 86' lang='lat' dir='ltr'><strong>et</strong></span> <span class='ocrx_word' id='word_1_824' title='bbox 1817 3024 2036 3071; x_wconf 82' lang='lat' dir='ltr'><strong>litiqantium</strong></span> <span class='ocrx_word' id='word_1_825' title='bbox 2059 3024 2252 3061; x_wconf 85' lang='lat' dir='ltr'><strong>securitate</strong></span> <span class='ocrx_word' id='word_1_826' title='bbox 2275 3027 2312 3060; x_wconf 88' lang='lat' dir='ltr'><strong>et</strong></span> <span class='ocrx_word' id='word_1_827' title='bbox 2333 3027 2376 3060; x_wconf 89' lang='lat' dir='ltr'><strong>ut</strong></span> <span class='ocrx_word' id='word_1_828' title='bbox 2397 3023 2512 3059; x_wconf 82' lang='lat' dir='ltr'><strong>litium</strong></span> 
     </span>
     <span class='ocr_line' id='line_1_60' title="bbox 296 3069 2514 3120; baseline -0.005 -4"><span class='ocrx_word' id='word_1_829' title='bbox 296 3077 484 3116; x_wconf 84' lang='lat' dir='ltr'><strong>multitudo</strong></span> <span class='ocrx_word' id='word_1_830' title='bbox 507 3077 729 3113; x_wconf 84' lang='lat' dir='ltr'><strong>minueretur</strong></span> <span class='ocrx_word' id='word_1_831' title='bbox 751 3079 788 3111; x_wconf 89' lang='lat' dir='ltr'><strong>et</strong></span> <span class='ocrx_word' id='word_1_832' title='bbox 810 3074 1022 3120; x_wconf 80' lang='lat' dir='ltr'><strong>excoqitata</strong></span> <span class='ocrx_word' id='word_1_833' title='bbox 1047 3077 1083 3109; x_wconf 90' lang='lat' dir='ltr'><strong>et</strong></span> <span class='ocrx_word' id='word_1_834' title='bbox 1104 3073 1245 3108; x_wconf 86' lang='lat' dir='ltr'><strong>sancita</strong></span> <span class='ocrx_word' id='word_1_835' title='bbox 1265 3075 1351 3107; x_wconf 85' lang='lat' dir='ltr'><strong>sunt</strong></span> <span class='ocrx_word' id='word_1_836' title='bbox 1369 3082 1414 3106; x_wconf 88' lang='lat' dir='ltr'><strong>ac</strong></span> <span class='ocrx_word' id='word_1_837' title='bbox 1438 3076 1597 3118; x_wconf 86' lang='lat' dir='ltr'><strong>tempore</strong></span> <span class='ocrx_word' id='word_1_838' title='bbox 1617 3072 1749 3117; x_wconf 82' lang='lat' dir='ltr'><strong>futuro</strong></span> <span class='ocrx_word' id='word_1_839' title='bbox 1774 3069 1957 3106; x_wconf 84' lang='lat' dir='ltr'><strong>valebunt:</strong></span> <span class='ocrx_word' id='word_1_840' title='bbox 1983 3081 2054 3116; x_wconf 90' lang='lat' dir='ltr'><strong>quo</strong></span> <span class='ocrx_word' id='word_1_841' title='bbox 2078 3074 2114 3106; x_wconf 88' lang='lat' dir='ltr'><strong>et</strong></span> <span class='ocrx_word' id='word_1_842' title='bbox 2135 3070 2377 3105; x_wconf 84' lang='lat' dir='ltr'><strong>successiones</strong></span> <span class='ocrx_word' id='word_1_843' title='bbox 2397 3069 2514 3105; x_wconf 85' lang='lat' dir='ltr'><strong>sciant</strong></span> 
     </span>
     <span class='ocr_line' id='line_1_61' title="bbox 296 3114 2514 3172; baseline -0.005 -11"><span class='ocrx_word' id='word_1_844' title='bbox 296 3137 341 3161; x_wconf 89' lang='lat' dir='ltr'><strong>ne</strong></span> <span class='ocrx_word' id='word_1_845' title='bbox 366 3136 412 3161; x_wconf 84' lang='lat' dir='ltr'><strong>ue</strong></span> <span class='ocrx_word' id='word_1_846' title='bbox 437 3122 650 3159; x_wconf 86' lang='lat' dir='ltr'><strong>collationes</strong></span> <span class='ocrx_word' id='word_1_847' title='bbox 680 3121 851 3167; x_wconf 79' lang='lat' dir='ltr'><strong>iqnorent</strong></span> <span class='ocrx_word' id='word_1_848' title='bbox 880 3130 996 3172; x_wconf 83' lang='lat' dir='ltr'><strong>neque</strong></span> <span class='ocrx_word' id='word_1_849' title='bbox 1035 3118 1134 3154; x_wconf 84' lang='lat' dir='ltr'><strong>circa</strong></span> <span class='ocrx_word' id='word_1_850' title='bbox 1162 3117 1356 3153; x_wconf 84' lang='lat' dir='ltr'><strong>divisiones</strong></span> <span class='ocrx_word' id='word_1_851' title='bbox 1388 3116 1604 3163; x_wconf 82' lang='lat' dir='ltr'><strong>disceptent,</strong></span> <span class='ocrx_word' id='word_1_852' title='bbox 1641 3128 1685 3152; x_wconf 85' lang='lat' dir='ltr'><strong>ac</strong></span> <span class='ocrx_word' id='word_1_853' title='bbox 1716 3126 1831 3162; x_wconf 86' lang='lat' dir='ltr'><strong>neque</strong></span> <span class='ocrx_word' id='word_1_854' title='bbox 1869 3118 1998 3151; x_wconf 81' lang='lat' dir='ltr'><strong>temere</strong></span> <span class='ocrx_word' id='word_1_855' title='bbox 2029 3114 2079 3150; x_wconf 86' lang='lat' dir='ltr'><strong>ad</strong></span> <span class='ocrx_word' id='word_1_856' title='bbox 2103 3114 2284 3167; x_wconf 87' lang='lat' dir='ltr'><strong>propriae</strong></span> <span class='ocrx_word' id='word_1_857' title='bbox 2310 3114 2514 3161; x_wconf 82' lang='lat' dir='ltr'><strong>scripturae</strong></span> 
     </span>
     <span class='ocr_line' id='line_1_62' title="bbox 296 3160 2512 3214; baseline -0.005 -9"><span class='ocrx_word' id='word_1_858' title='bbox 296 3171 333 3205; x_wconf 87' lang='lat' dir='ltr'><strong>in</strong></span> <span class='ocrx_word' id='word_1_859' title='bbox 366 3169 550 3206; x_wconf 85' lang='lat' dir='ltr'><strong>tiationem</strong></span> <span class='ocrx_word' id='word_1_860' title='bbox 572 3170 790 3214; x_wconf 84' lang='lat' dir='ltr'><strong>properent,</strong></span> <span class='ocrx_word' id='word_1_861' title='bbox 823 3165 856 3201; x_wconf 91' lang='lat' dir='ltr'><strong>si</strong></span> <span class='ocrx_word' id='word_1_862' title='bbox 879 3175 941 3211; x_wconf 77' lang='lat' dir='ltr'><strong>qui</strong></span> <span class='ocrx_word' id='word_1_863' title='bbox 964 3163 1144 3199; x_wconf 86' lang='lat' dir='ltr'><strong>malitiose</strong></span> <span class='ocrx_word' id='word_1_864' title='bbox 1166 3172 1275 3209; x_wconf 82' lang='lat' dir='ltr'><strong>aqere</strong></span> <span class='ocrx_word' id='word_1_865' title='bbox 1297 3161 1421 3204; x_wconf 86' lang='lat' dir='ltr'><strong>velint,</strong></span> <span class='ocrx_word' id='word_1_866' title='bbox 1450 3173 1564 3208; x_wconf 83' lang='lat' dir='ltr'><strong>neque</strong></span> <span class='ocrx_word' id='word_1_867' title='bbox 1590 3161 1769 3209; x_wconf 87' lang='lat' dir='ltr'><strong>pecunias</strong></span> <span class='ocrx_word' id='word_1_868' title='bbox 1792 3164 1997 3196; x_wconf 82' lang='lat' dir='ltr'><strong>numeratas</strong></span> <span class='ocrx_word' id='word_1_869' title='bbox 2020 3160 2221 3206; x_wconf 69' lang='lat' dir='ltr'><strong>infittentur</strong></span> <span class='ocrx_word' id='word_1_870' title='bbox 2244 3170 2359 3206; x_wconf 85' lang='lat' dir='ltr'><strong>neque</strong></span> <span class='ocrx_word' id='word_1_871' title='bbox 2384 3163 2512 3206; x_wconf 85' lang='lat' dir='ltr'><strong>postea</strong></span> 
     </span>
    </p>
   </div>
   <div class='ocr_carea' id='block_1_8' title="bbox 304 3231 2504 3254">
    <p class='ocr_par' dir='ltr' id='par_1_11' title="bbox 304 3231 2504 3254">
     <span class='ocr_line' id='line_1_63' title="bbox 304 3231 2504 3254; baseline -0.005 -8"><span class='ocrx_word' id='word_1_872' title='bbox 304 3231 2504 3254; x_wconf 48' lang='lat'><em>-—-...-—-—-—-——-—-—-————-——-———-——-—-—-—-‘</em></span> 
     </span>
    </p>
   </div>
   <div class='ocr_carea' id='block_1_9' title="bbox 302 3272 2512 3776">
    <p class='ocr_par' dir='ltr' id='par_1_12' title="bbox 302 3272 2512 3680">
     <span class='ocr_line' id='line_1_64' title="bbox 348 3272 2511 3329; baseline -0.008 -9"><span class='ocrx_word' id='word_1_873' title='bbox 348 3291 359 3320; x_wconf 83' lang='grc'>1</span> <span class='ocrx_word' id='word_1_874' title='bbox 393 3280 620 3329; x_wconf 76' lang='grc' dir='ltr'><strong><em>τετραπλοῦν</em></strong></span> <span class='ocrx_word' id='word_1_875' title='bbox 640 3282 676 3315; x_wconf 91' lang='grc' dir='ltr'><strong><em>Β</em></strong></span> <span class='ocrx_word' id='word_1_876' title='bbox 705 3280 718 3323; x_wconf 91' lang='grc'><strong>11</strong></span> <span class='ocrx_word' id='word_1_877' title='bbox 745 3283 767 3314; x_wconf 82' lang='grc'>4</span> <span class='ocrx_word' id='word_1_878' title='bbox 797 3276 910 3321; x_wconf 79' lang='grc' dir='ltr'><strong><em>αὐτὴν</em></strong></span> <span class='ocrx_word' id='word_1_879' title='bbox 932 3276 1044 3320; x_wconf 79' lang='grc' dir='ltr'><strong><em>ΜΒΣ]</em></strong></span> <span class='ocrx_word' id='word_1_880' title='bbox 1083 3274 1206 3311; x_wconf 80' lang='grc' dir='ltr'><strong><em>αὐτῶν</em></strong></span> <span class='ocrx_word' id='word_1_881' title='bbox 1230 3277 1261 3310; x_wconf 99' lang='lat' dir='ltr'><em>L</em></span> <span class='ocrx_word' id='word_1_882' title='bbox 1286 3272 1373 3309; x_wconf 77' lang='grc' dir='ltr'><strong>αὐτὸ</strong></span> <span class='ocrx_word' id='word_1_883' title='bbox 1444 3276 1551 3308; x_wconf 85' lang='lat' dir='ltr'><strong>cimus</strong></span> <span class='ocrx_word' id='word_1_884' title='bbox 1582 3275 1616 3309; x_wconf 88' lang='lat' dir='ltr'><em>R</em></span> <span class='ocrx_word' id='word_1_885' title='bbox 1644 3277 1730 3319; x_wconf 80' lang='lat' dir='ltr'><strong>vuly.</strong></span> <span class='ocrx_word' id='word_1_886' title='bbox 1759 3274 1773 3319; x_wconf 70' lang='grc'>1</span> <span class='ocrx_word' id='word_1_887' title='bbox 1808 3277 1827 3310; x_wconf 94' lang='lat'>8</span> <span class='ocrx_word' id='word_1_888' title='bbox 1862 3285 1973 3308; x_wconf 84' lang='lat' dir='ltr'><strong>omnes</strong></span> <span class='ocrx_word' id='word_1_889' title='bbox 2005 3274 2054 3307; x_wconf 81' lang='lat' dir='ltr'><strong>V²</strong></span> <span class='ocrx_word' id='word_1_890' title='bbox 2088 3275 2122 3308; x_wconf 82' lang='lat' dir='ltr'><strong>in</strong></span> <span class='ocrx_word' id='word_1_891' title='bbox 2148 3286 2214 3308; x_wconf 72' lang='lat' dir='ltr'><strong>ras.</strong></span> <span class='ocrx_word' id='word_1_892' title='bbox 2244 3273 2257 3317; x_wconf 96' lang='grc'><strong>11</strong></span> <span class='ocrx_word' id='word_1_893' title='bbox 2297 3274 2336 3307; x_wconf 89' lang='grc'><strong>10</strong></span> <span class='ocrx_word' id='word_1_894' title='bbox 2365 3281 2416 3305; x_wconf 76' lang='lat' dir='ltr'><strong>res</strong></span> <span class='ocrx_word' id='word_1_895' title='bbox 2445 3281 2511 3303; x_wconf 85' lang='lat' dir='ltr'><strong>non</strong></span> 
     </span>
     <span class='ocr_line' id='line_1_65' title="bbox 302 3315 2511 3371; baseline -0.007 -7"><span class='ocrx_word' id='word_1_896' title='bbox 302 3331 505 3371; x_wconf 81' lang='lat' dir='ltr'><strong>Haloander,</strong></span> <span class='ocrx_word' id='word_1_897' title='bbox 537 3340 596 3362; x_wconf 88' lang='lat' dir='ltr'><strong>om.</strong></span> <span class='ocrx_word' id='word_1_898' title='bbox 622 3326 657 3361; x_wconf 91' lang='lat' dir='ltr'><em>B</em></span> <span class='ocrx_word' id='word_1_899' title='bbox 686 3325 699 3370; x_wconf 94' lang='grc'><strong>11</strong></span> <span class='ocrx_word' id='word_1_900' title='bbox 734 3327 794 3357; x_wconf 82' lang='grc' dir='ltr'><strong>καὶ</strong></span> <span class='ocrx_word' id='word_1_901' title='bbox 824 3322 1008 3370; x_wconf 75' lang='grc' dir='ltr'><strong><em>διγέστοις]</em></strong></span> <span class='ocrx_word' id='word_1_902' title='bbox 1043 3324 1085 3356; x_wconf 75' lang='grc' dir='ltr'><strong><em>τὲ</em></strong></span> <span class='ocrx_word' id='word_1_903' title='bbox 1113 3325 1173 3356; x_wconf 78' lang='grc' dir='ltr'><strong>καὶ</strong></span> <span class='ocrx_word' id='word_1_904' title='bbox 1203 3319 1376 3368; x_wconf 81' lang='grc' dir='ltr'><strong><em>διγέστοις</em></strong></span> <span class='ocrx_word' id='word_1_905' title='bbox 1445 3331 1511 3354; x_wconf 83' lang='lat' dir='ltr'><strong>esse</strong></span> <span class='ocrx_word' id='word_1_906' title='bbox 1542 3321 1576 3354; x_wconf 90' lang='lat' dir='ltr'><strong><em>V</em></strong></span> <span class='ocrx_word' id='word_1_907' title='bbox 1595 3320 1608 3364; x_wconf 90' lang='grc'><strong>11</strong></span> <span class='ocrx_word' id='word_1_908' title='bbox 1642 3322 1677 3354; x_wconf 85' lang='lat'><strong>11</strong></span> <span class='ocrx_word' id='word_1_909' title='bbox 1706 3323 1739 3354; x_wconf 88' lang='lat' dir='ltr'><strong>et</strong></span> <span class='ocrx_word' id='word_1_910' title='bbox 1762 3333 1819 3354; x_wconf 89' lang='lat' dir='ltr'><strong>om.</strong></span> <span class='ocrx_word' id='word_1_911' title='bbox 1852 3320 1901 3354; x_wconf 82' lang='lat' dir='ltr'><strong>V²</strong></span> <span class='ocrx_word' id='word_1_912' title='bbox 1924 3318 1937 3364; x_wconf 89' lang='grc'><strong>11</strong></span> <span class='ocrx_word' id='word_1_913' title='bbox 1965 3320 2086 3352; x_wconf 81' lang='lat' dir='ltr'><strong>inferet</strong></span> <span class='ocrx_word' id='word_1_914' title='bbox 2108 3319 2208 3360; x_wconf 83' lang='lat' dir='ltr'><em>R¹T1</em></span> <span class='ocrx_word' id='word_1_915' title='bbox 2231 3318 2369 3351; x_wconf 77' lang='lat' dir='ltr'><strong>inferret</strong></span> <span class='ocrx_word' id='word_1_916' title='bbox 2399 3315 2434 3349; x_wconf 82' lang='lat' dir='ltr'><strong><em>V</em></strong></span> <span class='ocrx_word' id='word_1_917' title='bbox 2459 3316 2511 3348; x_wconf 86' lang='lat' dir='ltr'><strong>in-</strong></span> 
     </span>
     <span class='ocr_line' id='line_1_66' title="bbox 302 3361 2511 3423; baseline -0.007 -13"><span class='ocrx_word' id='word_1_918' title='bbox 302 3372 431 3409; x_wconf 48' lang='grc' dir='ltr'><strong>ῙᾹΒΒΣ</strong></span> <span class='ocrx_word' id='word_1_919' title='bbox 501 3375 520 3407; x_wconf 81' lang='grc'><strong>7</strong></span> <span class='ocrx_word' id='word_1_920' title='bbox 547 3369 776 3407; x_wconf 75' lang='grc' dir='ltr'><strong><em>στασιασθὲν</em></strong></span> <span class='ocrx_word' id='word_1_921' title='bbox 801 3382 858 3402; x_wconf 87' lang='lat' dir='ltr'><strong>om.</strong></span> <span class='ocrx_word' id='word_1_922' title='bbox 885 3382 903 3406; x_wconf 84' lang='grc' dir='ltr'><strong><em>ς</em></strong></span> <span class='ocrx_word' id='word_1_923' title='bbox 920 3369 932 3412; x_wconf 92' lang='grc'><strong>11</strong></span> <span class='ocrx_word' id='word_1_924' title='bbox 951 3365 1102 3412; x_wconf 50' lang='lat' dir='ltr'><strong>«himba</strong></span> <span class='ocrx_word' id='word_1_925' title='bbox 1115 3368 1202 3401; x_wconf 73' lang='lat' dir='ltr'><strong>LBv</strong></span> <span class='ocrx_word' id='word_1_926' title='bbox 1226 3367 1240 3423; x_wconf 73' lang='grc'><strong>11</strong></span> <span class='ocrx_word' id='word_1_927' title='bbox 1265 3368 1285 3400; x_wconf 85' lang='grc'>9</span> <span class='ocrx_word' id='word_1_928' title='bbox 1301 3364 1376 3412; x_wconf 79' lang='grc' dir='ltr'><strong><em>’γὰρ</em></strong></span> <span class='ocrx_word' id='word_1_929' title='bbox 1444 3366 1509 3399; x_wconf 79' lang='lat' dir='ltr'><strong>fert</strong></span> <span class='ocrx_word' id='word_1_930' title='bbox 1533 3365 1582 3399; x_wconf 82' lang='lat' dir='ltr'><strong>R²</strong></span> <span class='ocrx_word' id='word_1_931' title='bbox 1606 3366 1690 3409; x_wconf 79' lang='lat' dir='ltr'><strong>vulq.</strong></span> <span class='ocrx_word' id='word_1_932' title='bbox 1718 3365 1724 3409; x_wconf 90' lang='grc'>1</span> <span class='ocrx_word' id='word_1_933' title='bbox 1766 3367 1804 3399; x_wconf 87' lang='grc'><strong>14</strong></span> <span class='ocrx_word' id='word_1_934' title='bbox 1829 3375 1896 3398; x_wconf 84' lang='lat' dir='ltr'><strong>non</strong></span> <span class='ocrx_word' id='word_1_935' title='bbox 1921 3377 1978 3398; x_wconf 87' lang='lat' dir='ltr'><strong>om.</strong></span> <span class='ocrx_word' id='word_1_936' title='bbox 2004 3364 2038 3397; x_wconf 85' lang='lat' dir='ltr'><em>R</em></span> <span class='ocrx_word' id='word_1_937' title='bbox 2065 3363 2078 3408; x_wconf 85' lang='grc'><strong>11</strong></span> <span class='ocrx_word' id='word_1_938' title='bbox 2108 3365 2146 3397; x_wconf 82' lang='lat'><strong>15</strong></span> <span class='ocrx_word' id='word_1_939' title='bbox 2171 3363 2290 3403; x_wconf 83' lang='lat' dir='ltr'><strong>dicere]</strong></span> <span class='ocrx_word' id='word_1_940' title='bbox 2319 3362 2396 3394; x_wconf 76' lang='lat' dir='ltr'><strong>doto</strong></span> <span class='ocrx_word' id='word_1_941' title='bbox 2418 3361 2466 3393; x_wconf 82' lang='lat' dir='ltr'><strong>R·</strong></span> <span class='ocrx_word' id='word_1_942' title='bbox 2500 3361 2511 3402; x_wconf 86' lang='grc'><strong>11</strong></span> 
     </span>
     <span class='ocr_line' id='line_1_67' title="bbox 302 3404 2512 3463; baseline -0.007 -10"><span class='ocrx_word' id='word_1_943' title='bbox 302 3434 360 3453; x_wconf 89' lang='lat' dir='ltr'><strong>om.</strong></span> <span class='ocrx_word' id='word_1_944' title='bbox 389 3421 418 3453; x_wconf 85' lang='lat' dir='ltr'><em>B</em></span> <span class='ocrx_word' id='word_1_945' title='bbox 434 3420 448 3463; x_wconf 91' lang='grc'><strong>11</strong></span> <span class='ocrx_word' id='word_1_946' title='bbox 468 3421 508 3453; x_wconf 83' lang='grc'><strong>10</strong></span> <span class='ocrx_word' id='word_1_947' title='bbox 527 3419 690 3459; x_wconf 73' lang='grc' dir='ltr'><strong><em>κατέχειν</em></strong></span> <span class='ocrx_word' id='word_1_948' title='bbox 712 3434 755 3440; x_wconf 93' lang='grc'>-</span> <span class='ocrx_word' id='word_1_949' title='bbox 779 3411 974 3460; x_wconf 82' lang='grc' dir='ltr'><strong><em>πράγματα</em></strong></span> <span class='ocrx_word' id='word_1_950' title='bbox 997 3427 1056 3447; x_wconf 90' lang='lat' dir='ltr'><strong>om.</strong></span> <span class='ocrx_word' id='word_1_951' title='bbox 1076 3414 1106 3446; x_wconf 89' lang='lat' dir='ltr'><strong><em>L</em></strong></span> <span class='ocrx_word' id='word_1_952' title='bbox 1125 3412 1138 3457; x_wconf 94' lang='grc'><strong>11</strong></span> <span class='ocrx_word' id='word_1_953' title='bbox 1157 3415 1193 3446; x_wconf 87' lang='grc'><strong>11</strong></span> <span class='ocrx_word' id='word_1_954' title='bbox 1219 3423 1374 3457; x_wconf 84' lang='grc' dir='ltr'><strong><em>αναγκα-</em></strong></span> <span class='ocrx_word' id='word_1_955' title='bbox 1445 3413 1487 3445; x_wconf 82' lang='grc'><strong>23</strong></span> <span class='ocrx_word' id='word_1_956' title='bbox 1511 3409 1648 3443; x_wconf 85' lang='lat' dir='ltr'><strong>licentia</strong></span> <span class='ocrx_word' id='word_1_957' title='bbox 1662 3411 1712 3443; x_wconf 93' lang='lat' dir='ltr'><strong>V¹</strong></span> <span class='ocrx_word' id='word_1_958' title='bbox 1735 3410 1742 3454; x_wconf 90' lang='grc'>1</span> <span class='ocrx_word' id='word_1_959' title='bbox 1759 3412 1802 3445; x_wconf 82' lang='lat'><strong>24</strong></span> <span class='ocrx_word' id='word_1_960' title='bbox 1826 3409 1951 3450; x_wconf 84' lang='lat' dir='ltr'><strong>reddet]</strong></span> <span class='ocrx_word' id='word_1_961' title='bbox 1972 3409 2082 3442; x_wconf 85' lang='lat' dir='ltr'><strong>credet</strong></span> <span class='ocrx_word' id='word_1_962' title='bbox 2097 3409 2150 3442; x_wconf 79' lang='lat' dir='ltr'><strong>V⁰</strong></span> <span class='ocrx_word' id='word_1_963' title='bbox 2168 3407 2277 3441; x_wconf 81' lang='lat' dir='ltr'><strong>reddit</strong></span> <span class='ocrx_word' id='word_1_964' title='bbox 2297 3404 2348 3440; x_wconf 75' lang='lat' dir='ltr'><strong>V·</strong></span> <span class='ocrx_word' id='word_1_965' title='bbox 2364 3404 2379 3449; x_wconf 83' lang='grc' dir='ltr'>Ι</span> <span class='ocrx_word' id='word_1_966' title='bbox 2393 3404 2512 3437; x_wconf 78' lang='lat' dir='ltr'><strong>habeat</strong></span> 
     </span>
     <span class='ocr_line' id='line_1_68' title="bbox 302 3449 2509 3509; baseline -0.008 -11"><span class='ocrx_word' id='word_1_967' title='bbox 302 3464 380 3507; x_wconf 74' lang='grc' dir='ltr'><strong>σθῆ</strong></span> <span class='ocrx_word' id='word_1_968' title='bbox 406 3465 451 3497; x_wconf 80' lang='grc' dir='ltr'><strong>Β·</strong></span> <span class='ocrx_word' id='word_1_969' title='bbox 469 3464 482 3507; x_wconf 95' lang='grc'><strong>11</strong></span> <span class='ocrx_word' id='word_1_970' title='bbox 500 3465 539 3498; x_wconf 85' lang='grc'><strong>12</strong></span> <span class='ocrx_word' id='word_1_971' title='bbox 564 3459 709 3509; x_wconf 73' lang='grc' dir='ltr'><strong><em>ἀγωγὴν</em></strong></span> <span class='ocrx_word' id='word_1_972' title='bbox 732 3461 764 3494; x_wconf 89' lang='lat' dir='ltr'><em>L</em></span> <span class='ocrx_word' id='word_1_973' title='bbox 779 3460 792 3503; x_wconf 90' lang='grc'><strong>11</strong></span> <span class='ocrx_word' id='word_1_974' title='bbox 816 3461 854 3494; x_wconf 83' lang='grc'><strong>16</strong></span> <span class='ocrx_word' id='word_1_975' title='bbox 878 3456 987 3492; x_wconf 79' lang='grc' dir='ltr'><strong><em>δίκαις</em></strong></span> <span class='ocrx_word' id='word_1_976' title='bbox 1010 3459 1043 3492; x_wconf 90' lang='lat' dir='ltr'><em>L</em></span> <span class='ocrx_word' id='word_1_977' title='bbox 1068 3457 1080 3503; x_wconf 93' lang='grc'><strong>11</strong></span> <span class='ocrx_word' id='word_1_978' title='bbox 1096 3455 1247 3503; x_wconf 81' lang='grc' dir='ltr'><strong><em>φάσκειν</em></strong></span> <span class='ocrx_word' id='word_1_979' title='bbox 1270 3457 1374 3497; x_wconf 75' lang='lat' dir='ltr'><strong>MB⁸1</strong></span> <span class='ocrx_word' id='word_1_980' title='bbox 1453 3456 1487 3489; x_wconf 85' lang='lat' dir='ltr'><strong><em>V</em></strong></span> <span class='ocrx_word' id='word_1_981' title='bbox 1501 3456 1600 3499; x_wconf 67' lang='lat' dir='ltr'><strong>vulq]</strong></span> <span class='ocrx_word' id='word_1_982' title='bbox 1623 3455 1723 3488; x_wconf 89' lang='lat' dir='ltr'><strong>habet</strong></span> <span class='ocrx_word' id='word_1_983' title='bbox 1743 3454 1837 3499; x_wconf 68' lang='grc' dir='ltr'>ΕΤΙΙ</span> <span class='ocrx_word' id='word_1_984' title='bbox 1853 3457 1894 3489; x_wconf 85' lang='grc'><strong>27</strong></span> <span class='ocrx_word' id='word_1_985' title='bbox 1917 3465 2036 3498; x_wconf 87' lang='lat' dir='ltr'><strong>penam</strong></span> <span class='ocrx_word' id='word_1_986' title='bbox 2056 3453 2113 3497; x_wconf 78' lang='lat' dir='ltr'><strong>Vss</strong></span> <span class='ocrx_word' id='word_1_987' title='bbox 2130 3453 2171 3487; x_wconf 84' lang='lat'><strong>32</strong></span> <span class='ocrx_word' id='word_1_988' title='bbox 2195 3462 2256 3495; x_wconf 81' lang='lat' dir='ltr'><strong>pro</strong></span> <span class='ocrx_word' id='word_1_989' title='bbox 2277 3449 2509 3484; x_wconf 78' lang='lat' dir='ltr'><strong>collationibus</strong></span> 
     </span>
     <span class='ocr_line' id='line_1_69' title="bbox 303 3495 2510 3579; baseline -0.007 -37"><span class='ocrx_word' id='word_1_990' title='bbox 303 3500 429 3554; x_wconf 76' lang='grc' dir='ltr'><strong><em>φάσκει</em></strong></span> <span class='ocrx_word' id='word_1_991' title='bbox 444 3509 473 3541; x_wconf 88' lang='lat' dir='ltr'><em>L</em></span> <span class='ocrx_word' id='word_1_992' title='bbox 498 3506 628 3553; x_wconf 80' lang='grc' dir='ltr'><strong><em>φάσκοι</em></strong></span> <span class='ocrx_word' id='word_1_993' title='bbox 644 3506 696 3541; x_wconf 81' lang='lat' dir='ltr'><strong>B!</strong></span> <span class='ocrx_word' id='word_1_994' title='bbox 710 3505 724 3551; x_wconf 94' lang='grc'><strong>11</strong></span> <span class='ocrx_word' id='word_1_995' title='bbox 743 3507 782 3540; x_wconf 85' lang='lat'><strong>18</strong></span> <span class='ocrx_word' id='word_1_996' title='bbox 806 3500 1108 3549; x_wconf 77' lang='grc' dir='ltr'><strong><em>ἀναφαινομένων</em></strong></span> <span class='ocrx_word' id='word_1_997' title='bbox 1130 3503 1184 3536; x_wconf 70' lang='grc' dir='ltr'><strong>ΒΡ</strong></span> <span class='ocrx_word' id='word_1_998' title='bbox 1201 3502 1214 3546; x_wconf 82' lang='grc'><strong>11</strong></span> <span class='ocrx_word' id='word_1_999' title='bbox 1232 3503 1272 3536; x_wconf 84' lang='grc'><strong>19</strong></span> <span class='ocrx_word' id='word_1_1000' title='bbox 1280 3502 1375 3579; x_wconf 60' lang='grc' dir='ltr'><strong>ὁμὲν]</strong></span> <span class='ocrx_word' id='word_1_1001' title='bbox 1445 3502 1478 3534; x_wconf 83' lang='lat' dir='ltr'><strong>et</strong></span> <span class='ocrx_word' id='word_1_1002' title='bbox 1499 3500 1758 3534; x_wconf 79' lang='lat' dir='ltr'><strong>successionibus</strong></span> <span class='ocrx_word' id='word_1_1003' title='bbox 1781 3503 1815 3533; x_wconf 84' lang='lat' dir='ltr'><strong>et</strong></span> <span class='ocrx_word' id='word_1_1004' title='bbox 1837 3499 2128 3533; x_wconf 77' lang='lat' dir='ltr'><strong>distributionibus</strong></span> <span class='ocrx_word' id='word_1_1005' title='bbox 2146 3495 2198 3531; x_wconf 77' lang='lat' dir='ltr'><strong>V·</strong></span> <span class='ocrx_word' id='word_1_1006' title='bbox 2218 3505 2279 3539; x_wconf 83' lang='lat' dir='ltr'><strong>pro</strong></span> <span class='ocrx_word' id='word_1_1007' title='bbox 2298 3495 2510 3528; x_wconf 36' lang='lat' dir='ltr'><strong>maceniam*</strong></span> 
     </span>
     <span class='ocr_line' id='line_1_70' title="bbox 302 3539 2511 3597; baseline -0.007 -11"><span class='ocrx_word' id='word_1_1008' title='bbox 302 3554 369 3597; x_wconf 72' lang='grc' dir='ltr'><strong><em>μὲν</em></strong></span> <span class='ocrx_word' id='word_1_1009' title='bbox 396 3546 459 3585; x_wconf 70' lang='grc' dir='ltr'><strong>οὖν</strong></span> <span class='ocrx_word' id='word_1_1010' title='bbox 484 3554 519 3585; x_wconf 84' lang='grc' dir='ltr'><strong><em>Β</em></strong></span> <span class='ocrx_word' id='word_1_1011' title='bbox 548 3553 561 3597; x_wconf 92' lang='grc'><strong>11</strong></span> <span class='ocrx_word' id='word_1_1012' title='bbox 587 3556 630 3587; x_wconf 86' lang='lat'><strong>20</strong></span> <span class='ocrx_word' id='word_1_1013' title='bbox 660 3554 738 3585; x_wconf 81' lang='grc' dir='ltr'><strong><em>ταῖς</em></strong></span> <span class='ocrx_word' id='word_1_1014' title='bbox 763 3551 806 3584; x_wconf 86' lang='grc' dir='ltr'><em>Μ</em></span> <span class='ocrx_word' id='word_1_1015' title='bbox 829 3550 843 3595; x_wconf 92' lang='grc'><strong>11</strong></span> <span class='ocrx_word' id='word_1_1016' title='bbox 872 3552 912 3583; x_wconf 85' lang='lat'><strong>21</strong></span> <span class='ocrx_word' id='word_1_1017' title='bbox 940 3547 1026 3582; x_wconf 82' lang='grc' dir='ltr'><strong><em>αὐτὸ</em></strong></span> <span class='ocrx_word' id='word_1_1018' title='bbox 1052 3549 1082 3582; x_wconf 90' lang='lat' dir='ltr'><em>L</em></span> <span class='ocrx_word' id='word_1_1019' title='bbox 1110 3548 1123 3592; x_wconf 91' lang='grc'><strong>11</strong></span> <span class='ocrx_word' id='word_1_1020' title='bbox 1152 3549 1195 3582; x_wconf 86' lang='grc'><strong>36</strong></span> <span class='ocrx_word' id='word_1_1021' title='bbox 1219 3545 1279 3580; x_wconf 82' lang='grc' dir='ltr'><strong>*εἰ</strong></span> <span class='ocrx_word' id='word_1_1022' title='bbox 1302 3548 1377 3579; x_wconf 69' lang='grc' dir='ltr'><strong><em>οἷον</em></strong></span> <span class='ocrx_word' id='word_1_1023' title='bbox 1444 3546 1505 3579; x_wconf 80' lang='lat' dir='ltr'><strong>bus</strong></span> <span class='ocrx_word' id='word_1_1024' title='bbox 1527 3546 1597 3579; x_wconf 83' lang='lat' dir='ltr'><strong>rell.</strong></span> <span class='ocrx_word' id='word_1_1025' title='bbox 1622 3558 1680 3579; x_wconf 89' lang='lat' dir='ltr'><strong>om.</strong></span> <span class='ocrx_word' id='word_1_1026' title='bbox 1705 3545 1784 3590; x_wconf 71' lang='lat' dir='ltr'><strong>V¹fl</strong></span> <span class='ocrx_word' id='word_1_1027' title='bbox 1810 3547 1851 3580; x_wconf 86' lang='lat'><strong>33</strong></span> <span class='ocrx_word' id='word_1_1028' title='bbox 1876 3546 1910 3578; x_wconf 79' lang='lat' dir='ltr'><strong>et</strong></span> <span class='ocrx_word' id='word_1_1029' title='bbox 1931 3546 1971 3577; x_wconf 83' lang='lat' dir='ltr'><strong>ut</strong></span> <span class='ocrx_word' id='word_1_1030' title='bbox 2000 3544 2098 3588; x_wconf 66' lang='lat' dir='ltr'><strong>only]</strong></span> <span class='ocrx_word' id='word_1_1031' title='bbox 2121 3542 2201 3575; x_wconf 63' lang='lat' dir='ltr'><strong>haec</strong></span> <span class='ocrx_word' id='word_1_1032' title='bbox 2225 3540 2301 3582; x_wconf 71' lang='lat' dir='ltr'><strong>(del.</strong></span> <span class='ocrx_word' id='word_1_1033' title='bbox 2324 3539 2385 3580; x_wconf 72' lang='lat'><strong>3⁸)</strong></span> <span class='ocrx_word' id='word_1_1034' title='bbox 2415 3541 2455 3572; x_wconf 87' lang='lat' dir='ltr'><strong>ut</strong></span> <span class='ocrx_word' id='word_1_1035' title='bbox 2478 3540 2511 3573; x_wconf 88' lang='lat' dir='ltr'><em>R</em></span> 
     </span>
     <span class='ocr_line' id='line_1_71' title="bbox 307 3585 2509 3641; baseline -0.006 -10"><span class='ocrx_word' id='word_1_1036' title='bbox 307 3598 378 3631; x_wconf 81' lang='lat' dir='ltr'><strong>ML</strong></span> <span class='ocrx_word' id='word_1_1037' title='bbox 396 3597 466 3641; x_wconf 79' lang='grc'>1140</span> <span class='ocrx_word' id='word_1_1038' title='bbox 490 3595 590 3640; x_wconf 78' lang='grc' dir='ltr'><strong><em>μήτε]</em></strong></span> <span class='ocrx_word' id='word_1_1039' title='bbox 614 3593 753 3641; x_wconf 77' lang='grc' dir='ltr'><strong><em>μήποτε</em></strong></span> <span class='ocrx_word' id='word_1_1040' title='bbox 777 3596 809 3629; x_wconf 95' lang='lat' dir='ltr'><em>L</em></span> <span class='ocrx_word' id='word_1_1041' title='bbox 1447 3604 1464 3622; x_wconf 74' lang='grc' dir='ltr'><strong><em>ο</em></strong></span> <span class='ocrx_word' id='word_1_1042' title='bbox 1478 3592 1518 3624; x_wconf 85' lang='lat' dir='ltr'><strong>ut</strong></span> <span class='ocrx_word' id='word_1_1043' title='bbox 1531 3591 1581 3623; x_wconf 84' lang='lat' dir='ltr'><strong>V·</strong></span> <span class='ocrx_word' id='word_1_1044' title='bbox 1606 3591 1624 3624; x_wconf 82' lang='grc' dir='ltr'>Ξ</span> <span class='ocrx_word' id='word_1_1045' title='bbox 1641 3592 1699 3633; x_wconf 82' lang='grc'>(..--</span> <span class='ocrx_word' id='word_1_1046' title='bbox 1710 3590 1845 3631; x_wconf 61' lang='lat' dir='ltr'><strong>etiami)</strong></span> <span class='ocrx_word' id='word_1_1047' title='bbox 1868 3592 1907 3622; x_wconf 90' lang='lat' dir='ltr'><strong>ut</strong></span> <span class='ocrx_word' id='word_1_1048' title='bbox 1926 3588 2003 3632; x_wconf 66' lang='lat'>1⁷³1!</span> <span class='ocrx_word' id='word_1_1049' title='bbox 2021 3590 2064 3623; x_wconf 79' lang='lat'><strong>34</strong></span> <span class='ocrx_word' id='word_1_1050' title='bbox 2087 3587 2215 3621; x_wconf 53' lang='lat' dir='ltr'><strong>nante</strong></span> <span class='ocrx_word' id='word_1_1051' title='bbox 2236 3585 2417 3618; x_wconf 74' lang='lat' dir='ltr'><strong>adiuuenta</strong></span> <span class='ocrx_word' id='word_1_1052' title='bbox 2440 3597 2509 3618; x_wconf 81' lang='lat' dir='ltr'><strong>era—</strong></span> 
     </span>
     <span class='ocr_line' id='line_1_72' title="bbox 307 3629 2506 3680; baseline -0.01 3"><span class='ocrx_word' id='word_1_1053' title='bbox 307 3655 1374 3668; x_wconf 83' lang='lat'><em>——-———————--—-—-—-·-</em></span> <span class='ocrx_word' id='word_1_1054' title='bbox 1444 3648 1511 3670; x_wconf 73' lang='lat' dir='ltr'><strong>sum</strong></span> <span class='ocrx_word' id='word_1_1055' title='bbox 1534 3637 1568 3670; x_wconf 85' lang='lat' dir='ltr'><strong>in</strong></span> <span class='ocrx_word' id='word_1_1056' title='bbox 1591 3636 1647 3680; x_wconf 71' lang='lat' dir='ltr'><strong>Vll</strong></span> <span class='ocrx_word' id='word_1_1057' title='bbox 1663 3635 1805 3669; x_wconf 74' lang='lat' dir='ltr'><strong>sancitas</strong></span> <span class='ocrx_word' id='word_1_1058' title='bbox 1821 3635 1873 3668; x_wconf 77' lang='lat' dir='ltr'><strong>Va</strong></span> <span class='ocrx_word' id='word_1_1059' title='bbox 1889 3634 1902 3678; x_wconf 93' lang='grc'><strong>11</strong></span> <span class='ocrx_word' id='word_1_1060' title='bbox 1919 3637 1962 3669; x_wconf 81' lang='grc'><strong>36</strong></span> <span class='ocrx_word' id='word_1_1061' title='bbox 1989 3630 2182 3666; x_wconf 57' lang='lat' dir='ltr'><strong>*sedam</strong></span> <span class='ocrx_word' id='word_1_1062' title='bbox 2205 3630 2284 3664; x_wconf 81' lang='lat' dir='ltr'><strong>libri</strong></span> <span class='ocrx_word' id='word_1_1063' title='bbox 2294 3629 2309 3674; x_wconf 83' lang='grc' dir='ltr'>Ι</span> <span class='ocrx_word' id='word_1_1064' title='bbox 2326 3631 2366 3664; x_wconf 78' lang='grc'><strong>37</strong></span> <span class='ocrx_word' id='word_1_1065' title='bbox 2392 3640 2506 3673; x_wconf 82' lang='lat' dir='ltr'><strong>peccu-</strong></span> 
     </span>
    </p>

    <p class='ocr_par' dir='ltr' id='par_1_13' title="bbox 306 3678 1958 3776">
     <span class='ocr_line' id='line_1_73' title="bbox 355 3678 1958 3729; baseline -0.006 -8"><span class='ocrx_word' id='word_1_1066' title='bbox 355 3690 366 3721; x_wconf 92' lang='grc'>1</span> <span class='ocrx_word' id='word_1_1067' title='bbox 395 3687 687 3727; x_wconf 82' lang='lat' dir='ltr'><strong>condemnationis]</strong></span> <span class='ocrx_word' id='word_1_1068' title='bbox 712 3687 899 3728; x_wconf 82' lang='lat' dir='ltr'><strong>negationis</strong></span> <span class='ocrx_word' id='word_1_1069' title='bbox 921 3684 983 3729; x_wconf 73' lang='lat' dir='ltr'><strong>Ru</strong></span> <span class='ocrx_word' id='word_1_1070' title='bbox 1001 3686 1021 3718; x_wconf 83' lang='lat'>3</span> <span class='ocrx_word' id='word_1_1071' title='bbox 1043 3686 1174 3718; x_wconf 86' lang='lat' dir='ltr'><strong>maneat</strong></span> <span class='ocrx_word' id='word_1_1072' title='bbox 1197 3683 1376 3717; x_wconf 86' lang='lat' dir='ltr'><strong>secundum</strong></span> <span class='ocrx_word' id='word_1_1073' title='bbox 1444 3680 1550 3714; x_wconf 77' lang='lat' dir='ltr'><strong>lantes</strong></span> <span class='ocrx_word' id='word_1_1074' title='bbox 1574 3681 1639 3721; x_wconf 83' lang='lat' dir='ltr'><strong>R¹;</strong></span> <span class='ocrx_word' id='word_1_1075' title='bbox 1666 3681 1725 3726; x_wconf 80' lang='lat' dir='ltr'><strong>leq.</strong></span> <span class='ocrx_word' id='word_1_1076' title='bbox 1745 3678 1958 3725; x_wconf 73' lang='lat' dir='ltr'><strong>petulanter?</strong></span> 
     </span>
     <span class='ocr_line' id='line_1_74' title="bbox 306 3729 1376 3776; baseline -0.007 -8"><span class='ocrx_word' id='word_1_1077' title='bbox 306 3732 391 3769; x_wconf 82' lang='lat' dir='ltr'><strong>illud</strong></span> <span class='ocrx_word' id='word_1_1078' title='bbox 408 3732 539 3776; x_wconf 83' lang='lat' dir='ltr'><strong>quidem</strong></span> <span class='ocrx_word' id='word_1_1079' title='bbox 555 3732 689 3764; x_wconf 81' lang='lat' dir='ltr'><strong>sormam</strong></span> <span class='ocrx_word' id='word_1_1080' title='bbox 703 3731 868 3774; x_wconf 80' lang='lat' dir='ltr'><strong>propriam</strong></span> <span class='ocrx_word' id='word_1_1081' title='bbox 885 3730 940 3775; x_wconf 69' lang='lat' dir='ltr'><strong>Vn</strong></span> <span class='ocrx_word' id='word_1_1082' title='bbox 958 3732 979 3765; x_wconf 85' lang='lat'>5</span> <span class='ocrx_word' id='word_1_1083' title='bbox 1003 3730 1218 3763; x_wconf 76' lang='lat' dir='ltr'><strong>sanctiuimus</strong></span> <span class='ocrx_word' id='word_1_1084' title='bbox 1235 3729 1279 3770; x_wconf 86' lang='lat' dir='ltr'><strong>V]</strong></span> <span class='ocrx_word' id='word_1_1085' title='bbox 1303 3738 1376 3761; x_wconf 79' lang='lat' dir='ltr'><strong>san-</strong></span> 
     </span>
    </p>
   </div>
  </div>
 </body>
</html>
