2612 4004
236 117 342 195 nov.
357 150 538 194 LXXVI
569 153 587 193 1

235 275 276 296 τι
306 259 401 307 (διὰ)
423 260 465 295 τὸ
488 261 673 306 εἰρημένον
696 257 773 295 δεός
795 260 933 304 ταύτην
956 261 1020 307 ἑρμ
1067 260 1221 303 ευθῆναι
1246 252 1309 295 'aaut

237 304 338 361 νόμῳ
351 303 518 360 ἡμετέρῳ
531 306 724 359 ᾗγενέσθαι
747 309 873 352 σαφές,
907 304 954 340 ὠς
977 304 1018 340 οὗ
1038 307 1084 339 ’ἐν
1107 303 1310 349 βλάπτεται

234 364 256 392 η
275 364 365 394 αντη
388 363 410 393 η
431 363 452 385 ο
476 361 560 384 παις
583 353 665 397 περὶ
688 350 755 394 τὴν
775 348 882 394 αὐτῆς
898 349 1069 394 διαδοχὴν
1087 354 1126 384 εκ
1142 351 1204 394 τῆς
1219 351 1309 399 siey]-

234 398 340 440 μένης
363 393 575 436 διατάξεως·

1301 146 1386 194 380

1536 195 1541 199 .
1601 163 1722 195 nanc
1752 163 2046 197 oonsrlrurio
2075 150 2450 195 inrmssnrxrun

1377 263 1523 306 propter
1548 260 1767 305 praedictum
1797 265 1929 298 metum
1957 263 2026 299 hoc
2056 262 2284 308 interpretari
2315 266 2350 297 et
2372 261 2449 306 lege

1379 311 1503 340 nostra
1534 305 1610 340 fieri
1633 306 1834 348 manifesta,
1863 308 1947 352 quia
1969 307 2058 344 nihil
2079 309 2180 344 laesa
2211 309 2258 343 sit
2284 311 2348 342 aut
2369 307 2450 351 ipsa

1378 349 1678 431 :gtuffbilizfflca
1700 351 1776 387 eius
1800 352 2059 416 successionem
2083 364 2128 389 ex
2151 357 2344 389 memorata
2363 362 2448 387 con-

1238 507 1394 544 CAPUT
1415 507 1442 542 1.

287 574 477 629 3⁶⁶²„101‘25‘0
501 576 738 621 θεσπίζομεν,
769 577 806 611 εἴ
826 588 879 630 τις
901 574 1144 630 μοναστὴριον
1167 574 1308 628 ᾦξησον
1344 580 1363 611 5
1427 575 1627 619 Propterea
1650 575 1841 617 sancimus,
1873 575 1903 611 si
1928 576 2016 622 quin*
2037 579 2287 616 monasterium
2310 579 2448 614 habita-

235 619 324 669 ἀνὴρ
346 635 368 664 η
385 621 475 676 pm)
498 621 569 668 πρὸ
587 623 649 666 τῆς
667 623 838 666 ῥηθείσης
860 623 965 665 ημῶν
989 619 1185 661 διατάξεως
1207 634 1228 664 η
1248 623 1308 654 καὶ

234 670 337 713 μέχρι
359 680 427 701 νυν
450 667 548 709 οἰκεῖ,
571 670 632 701 καὶ
654 665 809 711 μάλιστα
834 664 980 702 παίδων
994 663 1178 707 ὑπόντων,
1201 664 1307 709 μηδε-

234 716 322 755 μίαν
351 714 444 754 ἔχειν
463 709 634 759 ’ἀνάγκην
663 713 730 746 νῦν
757 713 824 762 την
855 711 981 746 αὐτῶν
1010 715 1221 757 περιουσίαν
1247 712 1308 745 εἰς·

234 754 335 804 άγειν
351 758 400 791 εἰς
422 756 465 792 τὸ
480 754 734 811 μοναστῆριον,
758 755 845 791 ἀλλὰ
869 758 923 800 τῷ
945 754 1049 791 παιδὶ
1072 754 1094 799 ἢ
1115 759 1189 790 τοῖς
1205 759 1309 791 παισὶ

1377 620 1427 655 vit
1451 620 1502 655 vir
1533 624 1598 655 aut
1629 621 1757 656 mulier
1787 624 1871 656 ante
1893 621 2112 666 praedictam
2135 629 2293 660 nostram
2316 625 2448 661 consti-

1377 665 1551 700 tutionem
1574 669 1638 701 aut
1661 665 1834 701 hactenus
1859 666 2008 708 habitat,
2040 671 2077 703 et
2098 669 2248 705 maxime
2270 669 2352 706 filiis
2375 670 2450 705 exi-

1377 711 1572 752 stentibus,
1605 710 1738 746 nullam
1767 711 1900 747 habere
1931 712 2177 749 necessitatem
2209 725 2304 750 nunc
2326 725 2449 750 eorum

1378 756 1614 791 substantiam
1636 755 1899 801 <introducet-e>
1929 757 1966 792 in
1988 758 2258 801 monasterium,
2290 759 2354 796 sed
2377 759 2450 794 filio

235 806 494 856 παραπέμπειν
522 804 592 837 εἴτε
615 815 658 837 το
682 803 756 836 πᾶν
787 803 858 836 εἴτε
881 804 940 854 και
963 805 1077 854 μέρος,
1097 803 1158 844 τῆς
1180 802 1310 835 οἰκείας
1324 805 1364 836 10
1378 804 1442 836 aut
1473 802 1567 836 filiae
1590 797 1831 837 transmittere
1860 804 1925 836 aut
1949 807 2061 837 totam
2090 806 2155 838 aut
2177 804 2283 839 etiam
2312 809 2451 849 partem

235 851 447 892 περιουσίας,
470 859 493 891 η
515 850 576 881 καὶ
599 843 641 882 ὃν
658 846 853 891 βούλονται
876 859 1013 894 τροπον
1038 860 1083 881 τα
1098 847 1210 880 οἰκεῖα
1234 845 1309 881 δια-

234 893 383 927 τιθέναι
407 890 618 940 πράγματα·
655 891 714 925 οἷα
737 891 803 926 τὸν
826 891 1005 937 πρότερον
1034 893 1172 926 ἐκεῖνον
1196 892 1309 936 νόμον

235 938 338 983 ἑτέρᾳ
380 935 484 980 ἡμῶν
518 935 632 982 ταύτῃ
670 935 828 977 διατάξει
847 934 1182 985 ,διερμηνευόντωκ
1227 937 1310 971 τούς

234 983 302 1030 γὰρ
330 978 429 1035 ἅπαξ
447 982 519 1027 πρὸ
539 983 602 1016 τοῦ
627 983 811 1035 εἰρημένου
834 982 1047 1036 ἔμπροσθεν
1069 979 1174 1026 ἡμῶν
1196 981 1308 1026 νόμου

1378 856 1465 882 suae
1495 847 1719 882 substantiae
1748 851 1812 882 aut
1843 847 1948 882 etiam
1978 858 2048 892 quo
2081 848 2232 883 voluerit
2261 849 2365 885 modo
2392 860 2451 885 res

1379 902 1463 926 suas
1498 891 1703 936 disponere:
1749 895 1874 936 utpote
1908 892 2055 938 primam
2098 893 2196 928 illam
2231 896 2244 929 1
2307 905 2342 929 m
2380 895 2452 930 alia

1379 942 1504 972 nostra
1539 937 1607 972 hac
1641 937 1894 973 constitutione
1929 938 2197 982 interpretante.
2284 949 2323 975 os
2358 940 2452 975 enim

1379 982 1439 1027 qui
1472 982 1579 1017 semel
1610 984 1694 1017 ante
1723 986 1953 1018 memoratam
1982 983 2115 1018 dudum
2148 985 2307 1019 nostram
2340 984 2453 1028 legem

234 1040 396 1072 μοναστη
422 1041 459 1061 ια
493 1038 774 1081 κάτοικησαντας
806 1025 911 1062 οὐδὲν
944 1041 990 1062 αν
1022 1041 1041 1062 ο
1072 1041 1164 1072 μετα
1193 1029 1309 1062 ταῦτα
1325 1031 1364 1063 15
1379 1028 1594 1062 monasteria
1617 1027 1904 1063 inhabitaverunt
1926 1029 1963 1062 in
1983 1029 2080 1064 nullo
2104 1033 2231 1073 postea
2254 1028 2373 1074 posita
2394 1028 2453 1064 lex

235 1073 356 1107 τεθεὶς
375 1086 398 1106 ν
418 1084 483 1116 μος
503 1081 691 1116 Λυπησειεν
707 1071 728 1116 ἢ
746 1070 912 1118 ἀφέλοιτό
937 1087 975 1107 τι
998 1074 1076 1108 τῶν
1099 1073 1309 1118 ἔμπροσθεν

236 1117 354 1152 αὐτοῖς
377 1119 424 1152 εἰς
447 1115 572 1152 ἄδειαν
596 1115 818 1162 δεδομένων·
843 1116 927 1152 οὐδὲ
948 1119 1013 1152 τοῦ
1029 1117 1209 1166 πρότερον
1229 1115 1309 1163 ἡμε-

234 1166 340 1209 τέρου
357 1161 468 1208 νόμου
483 1162 672 1197 παντελῶς
693 1161 863 1207 ἐμποδών
887 1162 1090 1208 ἱσταμένου,
1114 1161 1209 1197 διότι
1227 1161 1311 1198 οὐδὲ

234 1211 313 1262 τῶν
341 1206 600 1255 ἐγχωρούντων
630 1210 707 1242 ἐστὶ
740 1210 848 1243 τοῦτο
879 1209 1064 1255 γενέσθαι.
1111 1210 1216 1255 ἐχρῆν
1240 1207 1310 1257 γὰρ

1379 1073 1634 1108 contristatura
1658 1075 1714 1108 est
1737 1078 1800 1109 aut
1823 1073 1990 1109 ablatura
2021 1078 2076 1109 est
2099 1083 2222 1109 eorum
2253 1073 2339 1119 quid
2362 1083 2454 1119 quae

1379 1118 1477 1197 prius
1510 1117 1562 1153 eis
1594 1119 1635 1152 ut
1663 1118 1770 1153 liceat
1799 1118 1885 1154 data
1917 1122 2017 1163 sunt3
2053 1129 2168 1164 neque
2198 1119 2298 1164 prius
2330 1122 2455 1154 nostra

1394 1173 1456 1207 ege
1480 1162 1767 1207 impedimentum
1792 1164 1934 1208 penitus
1959 1164 2124 1208 faciente,
2156 1174 2198 1200 eo
2222 1164 2317 1209 quod
2338 1173 2453 1208 neque

1380 1208 1549 1252 possibile
1581 1208 1627 1243 sit
1658 1208 1727 1243 hoc
1757 1208 1845 1245 fieri.
1887 1209 1936 1243 Et
1961 1210 2178 1254 oportuisset
2209 1209 2308 1254 prius
2332 1209 2452 1254 dispo-

235 1266 413 1300 προτερον
427 1251 687 1296 διατάξασθαι,
711 1256 771 1287 καὶ
792 1251 906 1289 οὕτως
925 1252 1099 1288 etesi-9³&
1119 1255 1168 1287 εἰς
1186 1254 1228 1288 τὸ
1248 1267 1310 1298 μο-
1324 1257 1365 1288 20
1380 1263 1464 1288 nere
1496 1257 1531 1288 et
1561 1253 1615 1288 ita
1642 1253 1780 1298 ingredi
1810 1254 1846 1289 in
1877 1254 2149 1299 monasterium;
2182 1255 2213 1290 si
2243 1265 2325 1290 vero
2354 1255 2454 1290 nulla

236 1298 450 1347 ναστήριον·
485 1299 516 1332 εἰ
539 1296 579 1332 δὲ
600 1296 743 1333 οὐδενὸς
765 1297 850 1333 τότε
872 1299 1034 1334 τοιούτου
1063 1298 1174 1343 νόμου
1198 1302 1310 1343 κειμέ-

235 1356 299 1378 νου
317 1345 365 1377 etc
386 1343 429 1378 τὸ
444 1343 687 1392 μοναστήριον
710 1343 860 1387 εἱςῆλθε,
884 1346 962 1379 πῶς
980 1342 1026 1378 ἂν
1039 1347 1180 1390 γένοιτο
1204 1342 1308 1378 δυνα-

235 1388 301 1423 τὸν
324 1386 600 1437 ἀναστραφῆναι
624 1389 690 1433 τὴν
712 1389 816 1430 τάξιν
838 1391 902 1424 τοῦ
924 1388 1046 1434 νόμον,
1075 1392 1134 1423 καὶ
1157 1387 1309 1432 ἀπαιτῆ-

236 1446 300 1468 σαι
333 1434 414 1469 τοὺς
445 1434 623 1487 πρότερον
657 1433 882 1489 εἰςελᾷὁντας
898 1437 957 1490 ,ἐν
990 1436 1044 1477 τῷ
1078 1439 1308 1481 μοναστηρίῳ

1379 1302 1465 1334 tunc
1497 1299 1560 1334 tali
1590 1299 1666 1343 lege
1695 1300 1813 1343 posita
1842 1300 1880 1335 in
1911 1300 2167 1335 monasterium
2197 1300 2356 1344 ingressa
2387 1302 2451 1343 est,

1379 1344 1555 1389 quomodo
1579 1343 1657 1379 fieri
1681 1345 1839 1389 potuerit
1863 1345 2021 1380 converti
2036 1345 2195 1381 ordinem
2211 1344 2298 1389 legis
2322 1347 2359 1380 et
2379 1345 2451 1380 exi-

1377 1399 1460 1433 gere
1483 1399 1544 1424 eos
1575 1389 1635 1434 qui
1659 1390 1758 1434 prius
1782 1390 1932 1434 ingressi
1952 1390 2093 1425 suntin
2115 1390 2366 1426 monasterium
2390 1389 2468 1424 illa

1377 1434 1499 1469 facere
1516 1444 1608 1479 quae
1624 1436 1723 1478 prius
1739 1435 1902 1479 ignorata
1918 1438 2044 1480 postea
2060 1446 2124 1479 per
2140 1445 2278 1471 sacram
2295 1439 2453 1471 nostram

237 1481 355 1513 ἐκεῖνα
377 1491 537 1524 ποιησαι,
572 1482 663 1526 ὰπερ
686 1492 864 1528 προτερον
887 1480 1109 1527 αγνοούμενα
1130 1481 1229 1526 παρὰ
1248 1481 1309 1523 τῆς
1323 1482 1365 1515 25
1378 1480 1667 1515 constitutionem
1702 1485 1786 1515 sunt
1819 1480 2012 1516 innovata?
2065 1480 2134 1516 Sed
2169 1486 2454 1525 unumquemque

238 1524 342 1559 θείας
361 1522 464 1568 ἡμῶν
487 1521 639 1572 ὕστερον
669 1526 863 1568 έκαινίσθη
887 1523 1101 1567 dia-rdiam&
1130 1522 1211 1559 ἀλλ’
1231 1527 1308 1558 ἕκα-

237 1581 326 1605 στον
349 1569 511 1618 προςήκει
542 1570 635 1604 κατὰ
657 1570 738 1604 τοὺς
760 1570 888 1604 ἑαυτοῦ
917 1570 1059 1619 καιροὺς
1079 1568 1309 1612 ἐκδέξασθαι,

237 1618 297 1648 καὶ
319 1614 365 1649 τὰ
386 1617 454 1659 μὲν
469 1615 561 1659 μετὰ
582 1615 649 1650 τὸν
670 1613 784 1659 νόμον
806 1612 902 1650 οὕτω
926 1618 1046 1659 ζητεῖν
1067 1615 1239 1662 γίνεσθαι
1263 1613 1311 1649 αἱς

237 1658 256 1693 ὁ
280 1658 388 1705 νόμος
416 1658 593 1704 βούλεται,
617 1661 647 1694 εἰ
671 1658 713 1695 δέ
733 1674 769 1694 τι
790 1661 861 1707 πρὸ
880 1663 945 1695 τοῦ
963 1662 1074 1703 νόμου
1094 1659 1311 1705 παρηκολού-

1379 1526 1548 1570 competit
1582 1525 1777 1560 secundum
1813 1536 1878 1561 sua
1912 1530 2074 1571 tempora
2109 1530 2310 1571 expectare,
2347 1530 2382 1561 et
2411 1535 2454 1560 ea

1379 1570 1519 1615 quidem
1543 1580 1634 1615 quae
1658 1574 1740 1615 post
1759 1572 1870 1615 legem
1894 1573 1978 1606 sunt
1999 1571 2051 1606 ita
2068 1581 2236 1615 quaerere
2260 1570 2337 1607 fieri
2360 1571 2453 1607 sicut

1378 1617 1435 1651 lex
1459 1615 1550 1659 vult,
1582 1616 1613 1651 si
1637 1616 1722 1660 quid
1745 1621 1865 1651 autem
1889 1620 1973 1651 ante
1996 1616 2108 1660 legem
2132 1617 2363 1652 subsecutum
2387 1620 2452 1659 est,

1379 1661 1450 1696 hoc
1473 1671 1545 1696 non
1569 1671 1790 1697 commovere
1813 1671 1929 1708 neque
1951 1662 2182 1707 perscrutari,
2207 1663 2270 1698 sed
2287 1662 2325 1697 in
2343 1662 2453 1706 priori

237 1705 366 1758 Quin,v
377 1707 484 1740 τοῦτο
513 1705 562 1750 μὴ
585 1705 768 1740 ἀνακινεῖν
786 1703 882 1762 μηδὲ
904 1703 1108 1761 ἀνερευνᾶν,
1139 1703 1221 1740 ἀλλ’
1250 1708 1311 1741 ἐπὶ
1323 1709 1366 1741 30
1379 1706 1493 1751 figura
1516 1706 1725 1750 relinquere.

236 1753 258 1786 1
303 1763 367 1785 του
391 1755 567 1799 προτέρου
590 1749 876 1795 καταλιμπάνειν
899 1762 1085 1796 σχηματος.
1134 1748 1217 1786 ’Ὸδε
1240 1755 1310 1785 τοί-

236 1809 304 1830 νυν
335 1792 355 1830 ὁ
377 1795 485 1840 νόμος
515 1798 576 1831 ἐπὶ
600 1796 768 1843 ἑρμηνείᾳ
790 1798 926 1844 χρηστῇ
949 1797 1090 1831 κείσθω
1112 1798 1172 1839 τῆς
1187 1799 1311 1843 προτεὲ

238 1852 301 1887 ρας
323 1839 427 1886 ἡμῶν
443 1843 575 1884 ἐκείνης
598 1839 803 1883 διατάξεως,
826 1839 916 1876 dien
939 1837 1052 1885 αὗτὴν
1075 1843 1115 1876 ἐν
1135 1845 1208 1877 τοῖς
1226 1840 1307 1886 μετ’

238 1884 351 1943 αὐτην
372 1885 512 1943 &novate
539 1884 605 1933 ἀφ’
631 1877 673 1920 οὗ
695 1891 842 1933 γέγονεν
871 1886 997 1934 χώραν
1027 1889 1121 1930 ἔχειν
1150 1890 1211 1921 καὶ
1239 1890 1312 1921 τοῖς

1027 1928 1044 1941 λ

1379 1753 1400 1787 1
1446 1751 1546 1787 Haec
1576 1751 1685 1796 igitur
1716 1752 1773 1788 lex
1804 1762 1870 1804 pro
1902 1752 2197 1796 interpretatione
2229 1752 2307 1787 utili
2361 1752 2453 1787 osita

1380 1798 1427 1832 sit
1461 1796 1591 1842 prioris
1627 1801 1772 1833 nostrae
1806 1797 1902 1832 illius
1938 1797 2217 1840 constitutionis,
2252 1801 2292 1833 ut
2322 1763 2382 1832 ifla
2416 1797 2454 1831 iu

1379 1842 1638 1922 posterioribus
1674 1842 1893 1896 temporibus
1934 1852 1978 1876 ex
2012 1853 2082 1886 quo
2117 1842 2213 1877 facta
2246 1846 2302 1878 est
2335 1842 2454 1878 locum

1405 1889 1511 1922 abeat
1540 1889 1577 1923 et
1606 1887 1661 1922 his
1694 1899 1754 1932 qui
1778 1890 1904 1932 postea
1928 1890 2176 1923 convertentur
2204 1887 2288 1923 viris
2310 1897 2353 1923 ac
2376 1897 2453 1922 mu-

236 1945 304 1975 μετ
347 1945 459 1976 amma
488 1934 793 1976 αποταττομένοις
822 1930 997 1980 ἀνδράσιν
1022 1946 1043 1976 η
1071 1932 1214 1978 γυναιξὶ
1243 1936 1310 1966 κεῖ·
1324 1935 1365 1967 35
1379 1932 1522 1968 lieribus
1547 1932 1665 1977 posita
1689 1934 1745 1975 sit,
1778 1933 1914 1976 sibique
1937 1935 2150 1977 potestatem
2179 1932 2217 1967 in
2239 1933 2317 1968 illis·
2334 1934 2454 1968 custo-

237 1977 348 2012 σθαι·
372 1980 432 2011 καὶ
448 1977 557 2032 ἑαυτῇ
580 1977 647 2032 ‚ripa
671 1977 837 2018 ἐξουσίαν
860 1975 922 2012 ἐπ’
938 1979 1083 2012 ἐκείνοις
1099 1976 1311 2032 φυλαττέτω

1379 1978 1469 2020 diat,
1502 1977 1590 2013 nihil
1619 1977 1747 2012 horum
1780 1987 1871 2022 quae
1902 1980 1986 2012 ante
2017 1988 2094 2012 eam
2121 1977 2267 2012 fuerunt
2290 1987 2454 2022 perscru-

235 2019 350 2067 μηδὲν
363 2024 442 2056 τῶν
458 2035 529 2069 προ
546 2024 654 2064 αυτῆε
677 2021 1037 2069 πολυπραγμονοῦσα,
1062 2021 1183 2056 ἀδείας
1205 2020 1311 2066 οὔσης
1378 2022 1500 2066 tando,
1533 2032 1613 2059 cum
1636 2022 1781 2059 licentia
1805 2023 1852 2059 sit
1874 2022 2052 2068 prioribus
2076 2023 2158 2059 viris
2181 2033 2224 2058 ac
2247 2023 2454 2059 mulieribus

236 2071 311 2103 τοῖς
331 2067 545 2116 ἔμπροσθεν
575 2065 750 2115 ἀνδράσιν
781 2064 803 2112 ἢ
834 2069 977 2115 γυναιξὶ
1008 2066 1267 2112 κατοικήσασιν
1291 2064 1314 2113 ἢ

233 2169 350 2205 porro
366 2157 559 2206 (propter)
575 2168 654 2192 eum
674 2168 779 2203 quem
797 2156 958 2192 diximus
973 2161 1103 2192 metum
1126 2157 1418 2192 constitutionem
1441 2156 1543 2192 illam
1565 2156 1863 2203 interpretatione
1887 2157 2019 2193 instrui
2042 2161 2077 2193 et
2095 2157 2173 2204 leqe
2195 2163 2320 2194 nostra
2343 2158 2454 2194 mani-

234 2205 369 2249 festum
395 2203 480 2249 fieri
510 2206 652 2248 oportet
683 2202 783 2238 nullo
814 2206 878 2237 aut
901 2202 1083 2237 mulierem
1107 2202 1225 2248 ipsam
1259 2208 1325 2237 aut
1350 2202 1466 2247 fitium
1497 2202 1596 2238 circa
1619 2203 1877 2238 successionem
1908 2204 1984 2238 eius
2014 2202 2146 2238 damno
2179 2214 2228 2239 ex
2250 2203 2348 2240 dicta
2371 2215 2455 2240 con-

236 2249 423 2285 stitutione
444 2260 468 2284 a
517 2248 567 2283 ci:
2120 2272 2123 2275 .

370 2293 398 2329 L
438 2248 641 2341 psgpterea
663 2293 856 2335 sancimus,
888 2292 919 2327 si
968 2293 1025 2327 uis
1047 2292 1086 2327 in
1109 2293 1331 2329 monasterio
1352 2292 1570 2329 habitaverit
1600 2293 1675 2329 sive
1698 2293 1753 2329 vir
1775 2293 1849 2328 sive
1872 2292 2001 2328 mulier
2032 2298 2116 2329 ante
2136 2286 2270 2329 *dictam
2294 2299 2455 2330 nostram

237 2340 527 2376 constitutionem
550 2338 605 2374 vel
628 2339 735 2374 etiam
758 2348 872 2384 usque
895 2349 918 2373 a
969 2347 1014 2372 uc
1034 2337 1180 2380 habitet,
1210 2339 1432 2384 praesertim
1454 2339 1487 2373 si
1506 2338 1611 2374 liberi
1631 2338 1844 2384 superstites
1866 2339 1951 2381 sint,
1975 2338 2138 2374 utnulla
2156 2338 2202 2374 iis
2223 2350 2319 2374 nunc
2337 2350 2455 2376 neces·

236 2387 326 2421 sitas
354 2385 403 2420 sit
432 2384 527 2420 bona
557 2395 625 2419 sua
655 2383 693 2418 in
724 2383 981 2419 monasterium
1012 2383 1051 2417 in
1073 2383 1215 2426 erendi,
1250 2382 1315 2418 sed
1345 2383 1395 2418 ad
1420 2383 1538 2429 filium
1565 2383 1707 2429 fitiosve
1741 2383 1797 2419 vel
1820 2383 1940 2418 omnia
1972 2383 2028 2419 vel
2046 2388 2188 2430 partem
2215 2385 2454 2437 propriorum

237 2431 413 2466 bonorum
430 2429 686 2472 transmittant,
707 2428 763 2465 vel
776 2428 884 2464 etiam
908 2431 981 2474 quo
997 2438 1038 2464 ve
1053 2428 1107 2463 int
1129 2428 1236 2463 modo
1261 2428 1306 2463 de
1346 2429 1484 2475 ropriis
1499 2429 1606 2464 rebus
1620 2428 1838 2475 disponant:
1861 2427 2152 2474 quandoquidem
2167 2439 2334 2476 priorem
2348 2430 2456 2466 'illam

238 2477 350 2522 leqem
372 2475 447 2522 ipsi
466 2474 534 2510 hac
557 2474 675 2510 altera
697 2473 951 2510 constitutione
966 2474 1255 2520 interpretamur.
1331 2474 1394 2508 'am
1413 2474 1475 2520 qui
1497 2473 1607 2510 semel
1629 2479 1712 2509 ante
1734 2484 1850 2520 supra
1865 2473 1998 2508 dictam
2021 2473 2133 2520 leqem
2152 2479 2313 2510 nostram
2332 2486 2456 2511 mona-

237 2521 350 2557 steria
366 2522 604 2562 intraverunt,
628 2530 691 2556 eos
705 2519 806 2555 nulla
822 2518 987 2555 molestia
1004 2519 1065 2554 lex
1076 2524 1208 2565 postea
1225 2519 1300 2554 lata
1317 2519 1458 2565 afficiet
1473 2531 1587 2566 neque
1606 2519 1803 2565 quidquam
1820 2519 1965 2564 auferet
1979 2529 2103 2554 eorum
2118 2530 2272 2565 quorum
2287 2520 2334 2555 iis
2348 2526 2456 2556 antea

238 2566 346 2613 copia
366 2570 447 2602 erat
466 2567 592 2611 sacta:
626 2575 706 2600 cum
729 2564 840 2611 prior
865 2563 927 2600 lex
949 2571 1076 2599 nostra
1099 2564 1200 2599 nullo
1224 2563 1330 2600 modo
1354 2564 1607 2610 impedimento
1630 2564 1695 2606 sit,
1727 2564 1897 2618 quoniam
1926 2562 1966 2598 id
1988 2567 2029 2599 ut
2046 2563 2117 2608 fiat
2144 2575 2190 2600 ne
2213 2564 2354 2600 admitti
2401 2566 2456 2601 ui-

238 2612 316 2647 dem
334 2614 468 2658 potest.
519 2609 689 2657 Oportuit
711 2610 803 2645 enim
830 2610 936 2656 prius
958 2609 1161 2655 disponere,
1192 2611 1228 2644 et
1249 2610 1302 2645 ita
1323 2611 1578 2645 monasterium
1599 2609 1760 2655 inqredi:
1795 2608 1928 2655 quodsi
1957 2608 2142 2644 nulladum
2173 2609 2348 2646 eiusmodi
2411 2622 2457 2657 qe

239 2657 315 2692 lata
338 2656 594 2692 monasterium
617 2655 802 2701 inqressus
825 2659 894 2697 est,
952 2655 993 2690 ui
1010 2655 1095 2700 fieri
1115 2655 1253 2701 poterit
1276 2659 1316 2690 ut
1338 2654 1429 2690 ordo
1454 2655 1545 2701 leqis
1566 2655 1768 2691 invertatur
1798 2659 1907 2699 atque
1930 2653 1974 2689 ab
2006 2654 2050 2688 iis
2081 2654 2144 2699 qui
2167 2658 2275 2697 antea
2301 2655 2457 2702 inqressi

238 2706 323 2738 sunt
337 2702 522 2748 eaeiqatur,
547 2705 588 2736 ut
610 2700 648 2735 in
663 2701 880 2736 monasterio
896 2700 925 2735 il
937 2712 960 2735 a
974 2700 1132 2746 faciant,
1157 2711 1250 2745 quae
1260 2700 1369 2747 prius
1386 2700 1558 2746 iqnorata
1574 2710 1647 2747 per
1663 2698 1822 2735 divinam
1846 2703 2007 2734 nostram
2023 2698 2311 2735 constitutionem
2328 2706 2456 2746 postea

238 2748 413 2783 innovata
434 2747 542 2782 sunt?
597 2745 727 2781 Verum
751 2745 944 2782 secundum
967 2756 1035 2780 sua
1059 2744 1228 2791 quodque
1259 2751 1423 2792 tempora
1446 2746 1610 2797 accipere
1633 2744 1742 2786 decet,
1772 2755 1814 2780 ea
1842 2754 1886 2780 ue
1908 2754 2003 2790 quae
2018 2748 2108 2790 post
2127 2743 2240 2791 leqem
2260 2744 2372 2789 fiunt,
2404 2747 2455 2781 ita

238 2792 411 2839 facienda
434 2802 565 2827 curare
588 2795 629 2827 ut
652 2791 715 2827 lex
739 2791 830 2833 vult,
865 2791 898 2826 si
921 2790 1010 2837 quid
1032 2801 1116 2826 vero
1140 2794 1225 2825 ante
1249 2790 1362 2837 leqem
1386 2791 1548 2837 coritiqtt,
1573 2788 1748 2835 ifflneque
1770 2799 1811 2824 so
1828 2789 1967 2824 licitare
1990 2799 2106 2834 neque
2119 2790 2363 2841 perscrutari,
2393 2790 2457 2826 sed

241 2840 256 2873 l
304 2839 343 2873 in
360 2837 619 2885 priorestatu
642 2836 855 2882 relinquere.
950 2835 1051 2872 Haec
1079 2835 1194 2882 iqitur
1223 2835 1286 2871 lex
1309 2835 1359 2870 ad
1377 2841 1621 2882 opportunam
1644 2834 1977 2880 interpretationem
2001 2834 2145 2880 prioris
2165 2834 2262 2870 illius
2285 2836 2455 2871 eonstitu-

241 2884 348 2919 tionis
371 2890 518 2918 nostrae
541 2882 618 2918 lata
640 2882 699 2923 sit,
728 2885 769 2917 ut
791 2892 834 2917 ea
859 2881 1077 2928 temporibus
1101 2891 1194 2927 quae
1225 2891 1303 2916 eam
1326 2887 1527 2927 sequantur
1556 2891 1606 2916 ex
1628 2891 1701 2926 quo
1724 2881 1829 2926 facta
1852 2883 1906 2915 est
1936 2879 2053 2914 locum
2084 2878 2225 2923 habeat,
2255 2880 2371 2926 iisque
2394 2882 2457 2927 qui

239 2933 323 2975 post
346 2939 425 2964 eam
447 2927 554 2963 rebus
577 2926 743 2962 humanis
772 2926 980 2962 renuntient
1011 2926 1098 2962 viris
1126 2925 1374 2962 mulieribusve
1404 2926 1480 2961 lata
1503 2925 1570 2967 sit;
1605 2931 1713 2971 atque
1735 2926 1773 2960 in
1796 2924 1880 2960 illos
1909 2924 1980 2960 sibi
2027 2928 2210 2960 otestatem
2232 2929 2347 2961 servet
2371 2937 2457 2961 neve

242 2974 433 3020 quicquam
457 2983 579 3008 eorum
605 2983 698 3019 quae
721 2978 806 3007 ante
828 2983 905 3007 eam
929 2972 1081 3016 fuerunt
1104 2972 1279 3017 exaqitet,
1302 2976 1343 3006 ut
1359 2971 1464 3006 liceat
1488 2972 1531 3005 iis
1547 2970 1611 3016 qui
1634 2974 1742 3006 antea
1758 2970 1976 3021 monasteria
2025 2969 2250 3005 abitavemcnt
2274 2971 2329 3006 vel
2351 2972 2457 3005 etiam

288 3069 305 3104 1
332 3063 391 3100 διὰ
415 3078 453 3098 ex
477 3075 497 3101 ς’
521 3065 598 3097 add.
617 3065 848 3108 Osenbrfiyqen
875 3066 887 3104 u
915 3061 1079 3105 *vantur
1103 3066 1158 3106 (cf.
1175 3065 1261 3096 rubr.
1288 3070 1317 3095 et

242 3126 271 3146 υ.
285 3113 326 3147 12
333 3112 408 3154 sq.)]
429 3109 542 3157 ταύτῃ
557 3108 598 3142 Μ
618 3109 681 3142 hoc
694 3121 724 3151 ς,
748 3109 864 3142 ταῦτα
877 3109 928 3142 vel
939 3110 1046 3142 τοῦτο
1062 3109 1292 3152 Osenbru‘yqen
1306 3106 1317 3149 ΙΙ

244 3160 264 3191 6
284 3155 306 3199 ἢ
328 3158 399 3198 καὶ]
423 3157 484 3189 καὶ
508 3167 566 3187 om.
584 3166 603 3190 ς
630 3154 642 3196 ΙΙ
673 3155 692 3189 8
715 3149 838 3187 αὐτῶν
862 3154 947 3196 vulq.
972 3154 983 3198 ΙΙ
1014 3156 1035 3188 9
1058 3149 1081 3196 ἢ
1104 3155 1176 3187 τοῖς
1200 3154 1315 3192 παισὶ]

243 3205 301 3236 aut
322 3201 410 3235 filiae
435 3213 454 3238 ς
477 3199 490 3244 ΙΙ
516 3202 557 3234 13
582 3199 702 3246 ἑτέρας
725 3196 830 3243 ἡμῶν
852 3198 983 3241 ταύτης
1007 3194 1201 3238 διατάξεως
1225 3195 1315 3243 διερ-

243 3245 458 3291 μηνευούσης
474 3245 661 3279 Zachariae
676 3246 729 3286 (ex
748 3249 791 3286 ς),
816 3257 881 3287 qua
902 3247 1095 3278 correctione
1120 3257 1182 3277 non
1202 3255 1283 3288 opus
1305 3242 1317 3286 ΙΙ

246 3295 286 3326 ’ὶῗ
312 3292 451 3325 ἑαυτῶν
476 3291 525 3333 M,
550 3303 631 3323 corr.
647 3291 812 3333 Scrimqer

294 3429 308 3461 1
330 3429 409 3460 haee
429 3427 514 3469 vulq.
534 3425 547 3470 ΙΙ
563 3427 583 3459 2
602 3428 661 3459 aut
676 3426 747 3468 ipsa
769 3427 829 3459 aut
848 3426 917 3468 ipse
936 3425 1026 3459 filius
1049 3427 1108 3458 aut
1127 3425 1218 3458 filius
1239 3424 1288 3459 V²

246 3473 266 3504 3
292 3474 342 3512 ex]
367 3475 399 3504 et
422 3482 460 3504 ex
486 3472 564 3505 VT¹
582 3471 595 3515 n
619 3471 869 3512 constitutione]
894 3471 966 3503 eius
989 3471 1227 3504 constitutione
1250 3469 1284 3503 R

249 3519 269 3548 6
294 3517 354 3556 vir]
379 3517 437 3549 ubi
459 3517 505 3549 V¹
522 3516 535 3559 ΙΙ
552 3517 822 3549 constitutionem
846 3518 992 3549 nostram
1015 3516 1053 3557 Τ,
1087 3518 1233 3549 nostram
1257 3527 1317 3548 om.

248 3560 283 3592 R
305 3560 319 3601 Ι
344 3560 598 3594 eneces-itatem
618 3563 688 3603 eet-J
720 3561 851 3594 sitatem
873 3578 919 3585 —
945 3562 982 3595 11
1010 3571 1061 3593 ree
1083 3571 1159 3603 suas
1181 3573 1244 3594 ser.
1268 3558 1318 3593 R’

248 3606 360 3637 inras-
374 3605 580 3650 2versuum}
603 3608 623 3640 9
647 3606 858 3639 introducere
881 3607 1016 3645 addidi,
1042 3608 1085 3649 cs.
1107 3619 1178 3639 nov.
1201 3605 1274 3639 Vc.
1297 3607 1317 3639 5

248 3648 415 3689 (inducere
440 3651 516 3682 add.
538 3650 785 3695 Spanqenberq)
811 3650 825 3695 Ι
858 3652 899 3686 10
923 3650 1022 3683 etiam
1047 3663 1106 3684 om.
1120 3650 1196 3693 130)
1217 3650 1230 3694 Ι
1259 3660 1317 3682 sue

248 3695 372 3735 partem
398 3693 471 3733 ΒΡ)
494 3694 508 3736 Ι
533 3696 568 3727 11
597 3687 694 3727 etiam
718 3709 775 3729 om.
792 3695 874 3736 T¹n
899 3697 939 3730 13
965 3696 1038 3736 hae]
1065 3709 1104 3727 ..
1127 3694 1204 3739 V¹u
1228 3694 1317 3727 enim

1384 3062 1489 3103 legem
1503 3064 1647 3095 nostram
1663 3061 1718 3106 ΤΙΙ
1741 3064 1780 3096 15
1803 3063 1929 3104 postea]
1954 3061 2061 3104 posita
2085 3061 2132 3094 12¹
2150 3061 2162 3104 ΙΙ
2179 3061 2286 3103 posita
2310 3061 2362 3094 lex
2386 3064 2455 3104 εει]

1385 3110 1418 3139 ta
1442 3107 1494 3139 lex
1519 3127 1560 3131 —
1590 3109 1627 3141 17
1648 3111 1777 3140 nostrae
1794 3105 1877 3148 legis
1900 3107 2006 3150 suppl.
2030 3105 2079 3139 V²
2098 3108 2131 3139 in
2146 3114 2230 3149 spat.
2243 3119 2314 3140 vac.
2331 3108 2374 3151 1}
2385 3120 2455 3140 ver·

1384 3165 1438 3186 sus
1463 3152 1475 3196 ΙΙ
1509 3154 1549 3187 16
1577 3155 1625 3185 est
1648 3155 1707 3185 aut
1731 3165 1789 3186 om.
1825 3151 1898 3194 V(2)
1927 3151 1940 3195 ss
1968 3151 2078 3184 ablata
2101 3151 2151 3184 13¹
2177 3150 2190 3196 ΙΙ
2221 3154 2268 3184 est
2300 3164 2358 3185 om.
2380 3151 2455 3192 V‹2)

1384 3198 1470 3241 vulq.
1498 3197 1510 3241 ΙΙ
1534 3197 1643 3239 *quid
1664 3199 1759 3239 quae]
1781 3207 1909 3240 queque
1927 3197 1974 3230 T¹
2001 3207 2064 3238 que
2075 3197 2129 3230 vel
2140 3207 2224 3239 quae
2236 3196 2312 3238 R(²)
2322 3195 2396 3238 V(²)
2406 3196 2455 3230 T·

1384 3244 1469 3287 vulq.
1486 3242 1498 3286 ΙΙ
1517 3253 1581 3284 que
1604 3244 1698 3285 prius
1720 3261 1764 3267 -
1792 3244 1831 3277 19
1855 3242 1948 3285 prius
1972 3254 2034 3275 scr.
2048 3242 2099 3275 Β*
2115 3244 2145 3275 in
2165 3254 2231 3274 ras.
2246 3242 2313 3282 (vel
2323 3243 2420 3284 spat.)
2433 3240 2453 3272 2

1384 3300 1530 3321 versuum
1548 3288 1560 3331 ΙΙ
1587 3290 1626 3322 17
1649 3299 1709 3321 nec
1734 3287 1808 3329 V(²)
1826 3286 1840 3331 ΙΙ
1863 3297 1969 3329 neque
1990 3287 2100 3329 priore
2112 3287 2207 3320 Beck
2225 3286 2238 3328 Ι
2253 3288 2363 3318 nostre
2381 3283 2453 3325 lege

1386 3333 1491 3374 Beck]
1506 3336 1616 3366 nostre
1628 3332 1713 3375 legis
1732 3333 1901 3366 Vnostrae
1913 3332 1980 3374 legi
1991 3332 2022 3364 R
2033 3332 2073 3373 (²)
2086 3332 2171 3374 vulq.
2184 3330 2250 3370 legi
2263 3332 2392 3363 nocuae
2403 3327 2451 3372 ΤΙ

1388 3381 1428 3413 19
1445 3379 1488 3410 sit
1506 3378 1666 3421 possibile
1682 3378 1760 3420 R(2)
1777 3378 1789 3422 Ι]
1814 3378 1874 3410 heo
1889 3378 1927 3418 Τ,
1941 3390 1999 3410 om.
2015 3377 2088 3418 ΒΡ)
2107 3376 2120 3420 ΙΙ
2136 3377 2218 3417 *EtJ
2243 3377 2280 3407 ut
2295 3373 2373 3407 libra·
2384 3374 2451 3413 (ut-

1385 3421 1469 3466 pote'
1477 3423 1583 3464 Beck)
1599 3423 1611 3467 ΙΙ
1629 3424 1791 3466 potuisset
1804 3422 1879 3464 ΒΘ)
1893 3423 1941 3455 T¹
1959 3421 1972 3466 ΙΙ
1996 3423 2038 3455 20
2054 3422 2090 3454 in
2109 3434 2167 3454 om.
2183 3420 2216 3454 T
2234 3420 2248 3462 Ι
2268 3417 2305 3450 Si
2317 3427 2395 3450 uero
2407 3435 2451 3441 -

1386 3469 1428 3502 23
1452 3468 1691 3510 ingressi-sunt
1707 3481 1768 3502 ser.
1791 3468 1841 3502 V²
1861 3469 1892 3501 in
1908 3474 1992 3511 spat.
2008 3469 2050 3511 Ἠ
2062 3476 2206 3500 vacuum
2219 3461 2234 3506 Ι
2257 3460 2351 3512 ¹¹ou
2362 3471 2452 3494 nune

1387 3512 1436 3546 T¹
1463 3515 1543 3546 tunc
1568 3513 1661 3546 nulla
1684 3512 1801 3591 1⁷0)ss
1826 3514 1869 3547 22
1894 3512 2041 3555 potuerit
2064 3509 2207 3552 Ιίνιιις]
2230 3508 2352 3549 potent
2374 3506 2452 3547 V(¹t

1383 3558 1495 3601 potuit
1514 3558 1566 3591 T*
1598 3559 1748 3602 oportuit
1807 3557 1818 3578 ¹
1847 3557 1861 3601 Ι
1888 3558 1930 3592 25
1954 3559 2033 3589 sunt
2052 3554 2103 3589 V'
2119 3556 2152 3588 in
2170 3563 2235 3585 ras.
2262 3551 2275 3594 Ι
2304 3551 2345 3584 27
2368 3561 2451 3602 quae

1384 3602 1517 3645 quidem
1543 3603 1599 3648 ΤΙ
1632 3605 1671 3638 31
1698 3605 1770 3647 pro]
1794 3613 1853 3645 per
1876 3601 1926 3635 13¹
1947 3600 1961 3645 Ι
1985 3602 2028 3636 32
2050 3597 2180 3643 priorin]
2203 3609 2242 3626 ⁸·
2268 3595 2317 3628 θ’
2340 3596 2353 3639 fl
2380 3595 2450 3637 ¹11²]

1383 3648 1419 3681 in
1443 3647 1504 3680 ina
1528 3649 1574 3681 R‘
1630 3651 1674 3683 34
1698 3648 1761 3688 his]
1786 3648 1814 3679 is
1835 3646 1888 3689 VH
1913 3647 2086 3689 propterea
2107 3641 2141 3675 R
2176 3644 2249 3684 post
2272 3651 2342 3673 eam
2368 3641 2417 3674 T²

1384 3695 1627 3726 conuertuntur
1650 3692 1704 3737 Vn
1723 3694 1764 3726 35
1785 3691 1926 3732 sibique]
1948 3689 2012 3722 sibi
2033 3686 2088 3730 V!
2111 3687 2154 3720 36
2175 3685 2291 3718 horum
2313 3700 2371 3719 om.
2399 3687 2443 3727 V!

199 3773 201 3775 ,
249 3751 307 3772 om.
324 3738 368 3770 w
386 3738 399 3780 ΙΙ
420 3740 459 3772 14
475 3742 697 3780 memoratam]
723 3744 932 3774 memoratam
953 3741 1225 3774 constitutionem
1236 3739 1285 3773 R·
1303 3739 1316 3783 ss
1349 3733 1353 3777 Ι
1383 3743 1461 3771 ante
1484 3749 1554 3772 eam
1578 3740 1620 3780 VJ
1643 3743 1742 3771 antea
1764 3735 1927 3778 ltl'vulq.
