2618 4010
133 139 193 170 DE
224 139 435 172 TESTIBUS

135 238 204 283 τὴν
233 241 272 274 ἐκ
303 240 380 274 τῶν
411 237 588 284 βασάνων
609 241 749 285 πεῖραν,
782 235 883 274 ὅπως
913 237 960 274 ἂν
982 239 1097 288 ταύτῃ
1121 241 1209 287 γοῦν

135 283 247 330 μηδὲν
274 283 542 331 κατακρύψαιεν
580 285 658 318 τῶν
688 283 853 328 ἀληθῶν,
884 283 907 329 ἢ
925 288 985 319 καὶ
1006 284 1126 320 ἁλοῖεν
1150 284 1209 320 διὰ

135 329 265 374 ταύτης
303 331 363 374 τῆς
398 327 484 363 ὁδοῦ
518 328 715 374 χρημάτων
749 329 818 374 τὴν
852 335 1055 379 μαρτυρίαν
1089 330 1209 367 ποιού-

134 388 236 420 μενοι
259 373 280 419 ἢ
302 379 361 410 καὶ
385 372 501 409 ἄλλως
526 379 608 422 περὶ
633 372 748 419 αὐτὴν
772 378 1059 423 κακουργοῦντες.

1204 124 1290 173 447

2033 128 2141 172 Nov.
2164 127 2241 172 XC
2274 131 2309 170 1.
2332 129 2357 169 2

1276 242 1453 283 mentum,
1479 240 1654 285 quatenus
1677 242 1824 285 propter
1846 240 1915 276 hoc
1940 240 2027 275 nihil
2045 240 2162 276 celent
2183 238 2354 282 veritatis,

1278 288 1343 321 aut
1365 286 1471 321 etiam
1505 286 1692 331 capiantur
1715 295 1781 330 per
1811 285 1906 321 hanc
1938 285 2031 321 viam
2063 286 2222 331 pecuniis
2253 285 2355 320 testi·

1277 331 1435 413 monittlg
1466 331 1654 377 perhibere
1677 335 1741 367 aut
1760 332 1867 366 etiam
1898 331 2003 367 aliter
2032 331 2129 367 circa
2160 332 2229 366 hoc
2253 330 2354 366 mali-

1282 386 1377 421 gnan
1435 405 1444 413 .

1129 509 1285 547 CAPUT
1311 510 1358 546 ΙΙ.

200 589 246 622 Εἰ
279 586 319 623 δὲ
351 592 411 623 καὶ
441 588 509 634 ἤδη
544 588 724 646 μηδεμίαν
759 591 819 625 ἐπὶ
849 589 1210 645 χρέεσινΙέγγράφοις
1247 592 1265 623 5

133 630 308 680 ἀγράφων
339 635 555 680 καταβολῶν
589 634 776 676 απόδειξιν
808 633 867 669 διὰ
891 649 1088 682 μαρτυρων
1117 634 1209 677 δέχε-

132 679 225 712 σθαι
255 680 595 725 νενομοθετήκαμεν
626 681 721 725 πλὴν
752 682 783 715 εἰ
812 681 861 725 μὴ
892 681 983 714 κατὰ
1007 681 1075 723 τὴν
1099 682 1210 714 ἐκεῖσε

133 724 312 778 ῥηθεῖσριν
334 727 596 773 παρατήρησιν,
621 724 668 768 ἢν
689 725 732 770 δὴ
750 729 809 760 καὶ
826 728 970 772 κρατεῖν
986 724 1209 770 βουλόμεθα,

132 766 215 803 αλλ’
235 772 301 804 οὐν
324 774 384 804 καὶ
407 772 476 805 νῦν
494 773 602 806 τοῦτο
626 769 889 816 οἷνανεούμεθα.
938 772 968 804 εἰ
990 771 1060 818 γὰρ
1084 772 1209 817 ἔγγρα-

1336 589 1385 623 Et
1407 589 1493 624 licet
1517 588 1648 624 dudum
1665 589 1800 624 nullam
1823 589 1860 624 in
1884 589 2013 625 debitis
2038 599 2081 624 ex
2097 590 2231 634 scripto
2246 590 2352 625 factis

1279 645 1350 669 non
1383 634 1598 679 scriptarum
1628 634 1844 670 solutionum
1876 635 2124 679 probationem
2155 645 2219 679 per
2243 640 2351 671 testes

1278 679 1412 724 suscipi
1430 679 1684 715 sanciverimus
1705 681 1772 716 nisi
1789 681 1986 716 secundum
2003 681 2286 716 observationem
2302 681 2353 715 ibi

1278 724 1428 767 dictam,
1465 734 1571 770 quam
1599 725 1737 760 scilicet
1760 726 1876 761 valere
1905 726 2163 771 praecipimus,
2195 729 2352 761 attamen

1278 770 1384 804 etiam
1413 780 1509 805 nunc
1544 771 1612 806 hoc
1646 781 1867 806 renovamus.
1917 772 1955 806 Si
1987 771 2080 806 enim
2112 771 2284 824 scriptum
2307 770 2353 806 sit

131 827 203 860 φον
219 815 278 869 ὶεῖη
303 815 345 850 τὸ
363 819 471 861 χρέος,
496 820 556 850 καὶ
572 814 735 871 ἄγραφον
759 815 959 870 καταβολῆς
983 819 1209 872 προτείνοιτο
1226 818 1264 850 10
1278 814 1436 849 debitum
1467 818 1503 850 et
1527 826 1598 851 non
1630 816 1765 861 scripta
1792 816 1996 862 proferatur
2027 816 2213 852 solutioms
2237 826 2260 851 a
2283 816 2352 850 liti-

131 874 183 895 πα
208 874 231 893 α
262 862 340 895 τῶν
372 859 618 906 δικαζομένων
642 877 663 906 η
695 861 754 896 διὰ
785 875 863 896 των
892 874 1089 909 μαρτυρων
1119 859 1208 895 ἀπό-

133 873 254 947 δειξις,
276 905 361 940 τότε
377 905 507 951 δεκτὴν
524 904 638 951 αὐτὴν
655 908 754 953 παρὰ
772 905 955 941 δικασταῖς
973 907 1076 948 εἶναι,
1101 903 1208 951 ἡνίκα

132 948 193 984 ἐπ’
229 948 326 994 αὐτῷ
358 952 478 996 τούτῳ
503 951 851 1008 παραλαμβάνοιντο
873 951 1061 1006 μάρτυρες,
1093 948 1151 998 ἐφ>
1177 953 1206 994 ᾧ

1276 860 1442 903 gautibus
1466 870 1532 905 per
1553 863 1663 897 testes
1680 862 1856 906 probatio,
1881 865 1968 898 tunc
1992 862 2257 907 susceptibilem
2275 871 2352 896 eam

1276 904 1374 949 apud
1396 905 1531 941 iudices
1555 916 1650 948 esse,
1683 907 1765 942 dum
1796 907 1842 942 ad
1872 907 1940 943 hoc
1968 908 2086 952 ipsum
2122 909 2353 943 assumantur

1276 954 1396 992 testes,
1421 955 1462 985 ut
1484 962 1548 995 pro
1573 952 1739 987 facienda
1758 952 1936 988 solutione
1959 957 2023 988 aut
2045 953 2216 988 memoria
2235 952 2353 987 factae

132 997 175 1042 τῇ
198 1000 417 1045 γενησομένῃ
441 997 624 1044 καταβολῇ
649 1012 670 1041 η
692 1012 736 1045 τῃ
759 1011 880 1052 μνημῃ
903 1011 967 1031 του
987 997 1211 1044 γεγενῆσθαί
1277 995 1426 1046 aiicuius
1450 996 1521 1048 iam
1546 997 1731 1051 solutionis
1755 1002 1791 1033 et
1814 998 2037 1034 confessione
2061 998 2137 1051 eius
2162 998 2223 1042 qui
2243 1007 2351 1051 pecu3

131 1055 216 1093 τινα
240 1042 446 1096 καταρολὴν
484 1041 552 1086 ἤδη
587 1047 646 1077 καὶ
679 1045 787 1078 τοῦτο
818 1041 1077 1097 ομολογεῖσθαι
1108 1042 1206 1087 παρὰ
1223 1044 1354 1076 15n1as
1379 1044 1519 1086 acceplt
1548 1044 1791 1078 testimonium
1823 1044 2036 1088 perhibeant
2066 1054 2132 1078 vm
2162 1043 2232 1078 fide
2256 1043 2353 1087 digni

132 1100 196 1120 του
221 1087 266 1121 τὰ
290 1101 455 1133 χρηματα
477 1087 649 1133 λαβόντος
670 1100 937 1135 μαρτυρησαιεν
959 1086 1085 1133 ἄνδρες
1108 1084 1206 1128 ἄξιό-

133 1143 257 1166 πιστοι
281 1133 526 1176 καθεστῶτες,
558 1131 581 1177 ἢ
603 1137 663 1167 καὶ
687 1135 726 1167 ἐν
750 1135 992 1178 ἐκμαρτυριόις
1015 1133 1100 1167 ἴσως
1127 1145 1207 1168 ποι-

132 1176 258 1219 ήσαιεν
287 1177 457 1224 φανερόν.
504 1178 566 1213 τὰς
589 1176 629 1212 δὲ
649 1183 804 1222 ματαίας
827 1177 962 1213 ταύτας
991 1182 1050 1212 καὶ
1081 1180 1119 1212 ἐκ
1142 1179 1206 1212 τοῦ

132 1221 355 1267 παρήκοντος
384 1226 572 1269 γινομένας
605 1228 802 1280 μαρτυρίας
834 1221 962 1279 μηδενὶ
993 1223 1208 1258 παντάπασι

1277 1086 1481 1128 constituti,
1505 1090 1568 1122 aut
1592 1088 1697 1122 etiam
1719 1099 1863 1124 causam
1885 1089 2077 1125 testImonii
2100 1088 2194 1124 forte
2216 1088 2354 1124 faciant

1276 1131 1512 1167 manifestam.
1559 1132 1658 1168 Haec
1681 1136 1800 1169 autem
1827 1134 1949 1170 inania
1971 1138 2008 1170 et
2029 1145 2073 1170 ex
2097 1134 2251 1170 transitu
2274 1144 2353 1179 per-

1276 1176 1389 1211 hibita
1412 1177 1616 1212 testimonia
1632 1179 1730 1213 nulla
1746 1180 1858 1215 modis
1878 1179 2041 1215 omnibus
2061 1180 2179 1215 valere
2202 1179 2351 1221 ratione,

1276 1223 1313 1256 et
1335 1221 1537 1257 huiusmodi
1561 1223 1735 1268 quaedam
1758 1224 1891 1269 fingere
1910 1225 2124 1267 testimonia,
2149 1227 2189 1260 ut
2204 1228 2353 1270 propter

133 1266 228 1314 λόγῳ
254 1281 409 1313 κρατειν,
441 1272 502 1302 καὶ
524 1281 691 1304 τοιαυτας
721 1269 820 1304 τινὰς
851 1268 1096 1304 αναπλάττειν
1118 1282 1206 1314 μαρ-
1220 1271 1262 1303 20
1275 1266 1373 1302 aliud
1397 1267 1574 1312 quoddam
1599 1279 1690 1313 opus
1714 1269 1903 1305 adveniens
1924 1270 2047 1306 audiat
2070 1271 2208 1315 aliquos
2232 1270 2351 1305 dicen-

133 1317 270 1356 τυρίας,
295 1311 342 1347 αἱς
366 1310 417 1347 δι’
434 1312 546 1358 ἄλλην
568 1313 650 1349 τινὰ
666 1318 789 1361 χρείαν
809 1314 1029 1361 παρατυχών
1045 1311 1207 1348 ἀκούσειε

1275 1316 1329 1347 tes
1359 1313 1545 1358 accepisse
1580 1314 1625 1349 ab
1658 1314 1777 1359 aliquo
1810 1326 1937 1350 aurum
1972 1319 2036 1350 aut
2068 1316 2196 1351 debere
2226 1316 2350 1350 alicui:

132 1356 238 1392 τοῦδε
263 1356 425 1405 λέγοντρς
448 1359 630 1414 εἰληφέναι
655 1360 754 1404 παρὰ
779 1358 886 1394 τοῦδε
908 1363 1055 1407 χρυσίον
1070 1356 1092 1403 ἢ
1108 1356 1206 1405 ὄφεί-
1275 1358 1365 1392 haec
1388 1368 1541 1403 namque
1563 1363 1687 1404 aperte
1719 1360 1822 1395 nobis
1847 1364 2015 1406 suspecta
2045 1365 2129 1396 sunt
2156 1364 2192 1396 et
2221 1361 2352 1396 nullius

132 1403 207 1437 λειν
221 1401 333 1446 τῷδε·
360 1404 467 1438 αὗται
489 1418 559 1451 γαρ
577 1406 700 1451 σαφῶς
720 1403 804 1449 ἡμῖν
823 1402 980 1440 ὕποπτοι
1002 1405 1208 1439 καθεστᾶσι
1276 1403 1382 1448 digna
1405 1404 1554 1439 ratione.
1602 1404 1752 1449 Quando
1777 1410 1813 1440 et
1843 1407 1916 1441 tale
1939 1406 2071 1451 aliquid
2102 1407 2139 1441 in
2162 1406 2351 1442 iudicando

130 1451 191 1482 καὶ
214 1446 360 1483 οὐδενὸς
391 1448 491 1490 ἄξιαι
523 1449 639 1497 λόγου.
688 1447 802 1486 ὁπότε
832 1454 895 1484 καί
919 1463 955 1484 τι
978 1451 1144 1485 τοιοῦτον
1168 1451 1208 1483 ἐν
1275 1449 1492 1492 invenimus,
1523 1449 1606 1485 dum
1630 1460 1672 1485 eo
1697 1452 1793 1496 quod
1816 1452 1950 1487 multae
1981 1451 2156 1497 pecuniae
2187 1451 2353 1486 dicantur

130 1494 182 1536 τῷ
201 1491 359 1536 δικάζειν
382 1491 542 1540 εὕρομεν,
567 1493 615 1530 αἱς
630 1500 747 1530 καίτοι
771 1495 918 1530 πολλῶν
940 1493 1137 1543 χρημάτων
1154 1494 1207 1530 λε-
1220 1498 1262 1531 25
1276 1494 1427 1538 solutae‚
1451 1494 1620 1530 tabularii
1644 1496 1715 1531 duo
1738 1497 1983 1532 tantummodo
2009 1498 2076 1532 hoc
2101 1497 2267 1532 dixerunt
2290 1507 2352 1532 au-

129 1541 294 1585 γομένων
314 1540 617 1585 καταβεβλῆσθαι
636 1540 869 1586 ταβουλάριοι
895 1539 958 1575 δύο
974 1540 1083 1596 μόνοι
1100 1542 1207 1575 τοῦτο
1276 1539 1371 1575 disse
1395 1550 1451 1583 se,
1481 1542 1574 1576 teste
1597 1544 1785 1586 praesente
1816 1542 1915 1578 nullo
1945 1545 1981 1578 et
2005 1542 2124 1578 debito
2147 1543 2185 1577 in
2209 1542 2353 1587 scriptis

131 1585 272 1629 ὲζρασαν
296 1582 502 1628 ἀκηκοέναι,
534 1585 712 1632 μάρτυρος
742 1586 924 1633 παρόντος
947 1584 1107 1628 ουδενός,
1131 1589 1206 1620 καί·
1277 1585 1471 1621 constituto
1502 1589 1538 1621 et
1561 1586 1696 1622 fatente
1719 1587 1875 1623 scribere
1899 1598 1944 1623 ex
1967 1588 2036 1624 hoc
2061 1587 2197 1623 sciente
2232 1590 2269 1623 et
2291 1597 2352 1622 va-

129 1642 186 1663 τοι
217 1631 282 1663 τοῦ
306 1633 426 1676 χρεόυς
450 1630 626 1678 ἐγγράφου
656 1632 894 1678 τυγχάνοντος
926 1635 986 1666 καὶ
1015 1633 1079 1666 τοῦ
1099 1645 1206 1666 κατα·
1275 1631 1369 1666 lente
1403 1641 1468 1676 per
1498 1632 1663 1677 proprias
1699 1633 1836 1668 litteras
1871 1633 1961 1669 haec
1998 1633 2187 1668 manifesta
2220 1633 2350 1668 facere.

129 1674 323 1718 τιθεμένου
348 1674 464 1719 δῆθεν
487 1674 641 1724 γράφειν
665 1679 904 1722 ἐπισταμένου
928 1681 988 1711 καὶ
1009 1675 1208 1719 δυναμένου
1276 1676 1379 1721 Quod
1410 1686 1455 1712 ex
1485 1677 1545 1712 illo
1577 1677 1659 1713 odio
1691 1678 1864 1714 habentes
1899 1679 2123 1715 occasionem
2154 1678 2353 1723 praesentis

130 1716 183 1753 δι’
217 1721 360 1755 οἰκείων
394 1722 620 1770 γραμμάτων
652 1724 768 1758 ταῦτα
800 1722 939 1769 φανερὰ
971 1723 1205 1766 καταστῆσαι.
1221 1725 1262 1758 30
1276 1722 1478 1775 accepimus
1496 1722 1593 1767 legis.
1639 1724 1689 1759 Et
1702 1724 1831 1759 iterum
1849 1724 2027 1761 adductus
2044 1727 2100 1760 est
2115 1724 2244 1768 aliquis
2261 1724 2352 1759 alius

129 1761 220 1810 ὅπερ
253 1766 291 1806 ἐξ
322 1767 456 1801 ἐκείνου
486 1765 705 1815 μισήσαντες
734 1769 901 1815 ἀφορμὴν
931 1769 995 1802 τοῦ
1027 1767 1208 1815 παρόντος
1276 1767 1400 1802 simihs
1426 1767 1674 1813 calumnianti,
1707 1772 1743 1805 et
1764 1770 2011 1814 praesentibus
2036 1769 2189 1806 testibus
2214 1769 2260 1805 ad
2284 1770 2353 1805 hoc

129 1809 325 1856 εἰλήφαμεν
347 1811 469 1856 νόμου.
518 1816 577 1846 καὶ
610 1814 719 1848 αὐθις
749 1813 922 1860 παρήχθη
946 1825 999 1848 τις
1023 1815 1140 1860 ἕτερος
1162 1814 1205 1848 τὸ
1275 1816 1311 1848 et
1328 1823 1447 1849 coram
1470 1813 1648 1851 tabulario
1674 1815 1838 1861 deposuit
1860 1817 1958 1861 apud
1981 1815 2210 1860 semetipsum
2234 1815 2354 1851 debita

130 1854 219 1890 εἶδος
243 1857 365 1891 ἐοικώς
397 1859 449 1901 τῷ
475 1869 559 1892 συκο
592 1862 812 1904 αντουμένῳ,
844 1863 904 1893 καὶ
928 1861 988 1894 ἐπὶ
1011 1859 1207 1907 μαρτύρων

130 1899 246 1945 δῆθεν
269 1906 330 1936 καὶ
354 1904 414 1937 ἐπὶ
437 1872 689 1951 ταβουλᾳαρίων
712 1905 928 1940 κατετίθετο
960 1902 1053 1939 καθ’
1077 1905 1208 1939 ἑαυτοῦ

198 2006 224 2027 c.
250 1995 398 2028 II—IV
415 2008 453 2028 ex
477 1996 513 2028 B
537 1996 634 2029 habet
659 1996 707 2029 B⁸
729 1999 773 2029 M
793 1997 825 2037 6,
846 2004 893 2030 30.
908 2004 938 2030 31
960 2009 995 2039 p.
1011 1997 1077 2030 484
1090 1996 1193 2029 Zach.

197 2051 223 2072 c.
248 2040 293 2073 Il
313 2042 355 2073 in.
381 2041 437 2082 (—
453 2042 506 2081 18)
530 2054 680 2074 summam
700 2042 881 2075 Athanasii
904 2049 1050 2085 repetunt
1070 2041 1233 2084 paratitlo
1256 2042 1377 2075 Athon.
1405 2044 1447 2075 14
1474 2047 1532 2081 §3.

287 2098 316 2118 v.
332 2087 463 2120 18-24
493 2085 558 2119 Τὰς
580 2089 750 2129 ματαίους
773 2089 832 2119 καὶ
856 2087 894 2119 ἐκ
916 2087 978 2120 τοῦ
1003 2111 1123 2119 ......
1149 2084 1247 2125 ἄξιαι
1272 2083 1376 2132 λόγου
1400 2088 1518 2120 habent
1542 2087 1721 2121 Prochiron
1747 2088 1868 2129 27,18;
1894 2088 2099 2132 Epanayoye
2125 2090 2178 2131 12,
2193 2096 2239 2123 22.

126 2174 329 2220 periculum
354 2174 425 2209 illis
448 2174 671 2218 admoveant,
695 2177 735 2209 ut
759 2173 828 2208 hoc
852 2174 994 2220 quidem
1017 2173 1123 2209 modo
1148 2175 1239 2210 nihil
1261 2174 1306 2211 de
1329 2176 1481 2211 veritate
1505 2175 1704 2217 occultent,
1728 2175 1785 2210 vel
1806 2176 1914 2211 etiam
1926 2187 1999 2222 per
2019 2175 2113 2212 hanc
2137 2177 2230 2213 viam
2247 2187 2351 2212 coar·

130 2224 291 2264 quantur
312 2219 468 2265 pecunia
491 2223 640 2265 accepta
667 2219 906 2253 testimonium
931 2219 1069 2254 dixisse
1092 2220 1147 2255 vel
1170 2220 1277 2254 aliter
1298 2220 1336 2254 in
1356 2231 1398 2256 eo
1422 2220 1518 2255 mala
1539 2220 1614 2265 fide
1638 2220 1771 2256 versati
1793 2231 1880 2256 esse.

264 2264 310 2299 11.
358 2263 580 2309 Quamquam
604 2267 723 2299 autem
746 2264 818 2298 iam
842 2263 977 2299 dudum
1000 2264 1038 2299 in
1062 2263 1190 2300 debitis
1210 2275 1304 2309 quae
1327 2265 1365 2300 in
1387 2265 1534 2311 scriptis
1549 2265 1667 2300 relata
1689 2269 1778 2301 sunt
1798 2266 2020 2300 solutionum
2037 2277 2109 2301 non
2131 2267 2351 2313 scriptarum

126 2309 382 2355 probationem
404 2320 471 2355 per
496 2312 599 2344 testes
623 2308 758 2344 nullam
779 2308 1036 2344 admittendam
1060 2320 1137 2345 esse
1158 2309 1350 2344 sanximus
1370 2310 1440 2344 nisi
1462 2309 1658 2346 secundum
1683 2310 1967 2345 observationem
1991 2311 2041 2346 ibi
2064 2311 2216 2353 dictam,
2242 2322 2351 2363 quam

157 2354 273 2389 uidem
298 2355 406 2390 etiam
429 2354 548 2389 valere
571 2354 744 2396 volumus,
776 2358 936 2389 attamen
966 2364 1062 2389 nunc
1090 2364 1233 2400 quoque
1257 2354 1324 2389 hoc
1347 2365 1571 2391 renovamus,
1627 2353 1670 2389 Si
1694 2355 1787 2390 enim
1810 2355 1848 2390 in
1871 2356 2017 2402 scriptis
2039 2355 2195 2391 relatum
2218 2361 2268 2391 stt
2291 2357 2350 2392 de-

132 2365 261 2443 quitum,
285 2404 320 2435 et
341 2399 533 2434 solutionis
555 2399 633 2435 sine
656 2399 802 2444 scriptis
823 2399 949 2444 factae
970 2399 1141 2445 probatio
1165 2411 1188 2435 a
1213 2399 1441 2445 litiqantibus
1466 2411 1535 2446 per
1559 2403 1664 2435 testes
1680 2400 1916 2446 proferatur,
1950 2404 2034 2436 tunc
2058 2411 2137 2436 eam
2161 2401 2350 2437 admitten-

131 2445 213 2480 dam
238 2455 314 2480 esse
337 2456 360 2480 a
381 2443 570 2487 iudicibus,
594 2454 674 2479 cum
698 2444 748 2479 ad
770 2444 840 2478 hoc
873 2445 988 2490 ipsum
1017 2448 1124 2480 testes
1152 2444 1409 2487 adhibeantur,
1443 2449 1483 2480 ut
1510 2445 1555 2480 de
1582 2444 1758 2490 facienda
1788 2445 1971 2481 solutione
2000 2446 2057 2481 vel
2081 2447 2255 2481 memoria
2278 2446 2351 2482 iam

129 2491 259 2536 factae
281 2490 474 2525 solutionis
498 2494 533 2525 et
555 2489 796 2535 confessionis
820 2489 863 2524 de
878 2501 921 2524 ea
936 2499 977 2524 re
993 2489 1037 2524 ab
1054 2500 1096 2524 eo
1138 2490 1178 2524 ui
1185 2490 1382 2536 pecuniam
1405 2500 1490 2525 acce
1518 2490 1546 2525 it
1563 2490 1768 2537 praestitae
1794 2491 2034 2525 testimonium
2051 2490 2177 2526 dicant
2194 2491 2264 2526 viri
2275 2492 2351 2536 side

131 2536 249 2581 diqni,
281 2535 337 2571 vel
359 2535 465 2570 etiam
489 2534 781 2570 attestationibus
810 2534 914 2580 forte
945 2534 983 2569 id
1005 2500 1237 2580 manfiestum
1259 2535 1414 2579 faciant.
1498 2546 1570 2570 ana
1589 2539 1708 2570 autem
1730 2534 1796 2570 illa
1819 2539 1853 2570 et
1877 2537 1914 2570 in
1942 2535 2097 2571 transitu
2120 2536 2227 2581 facta
2252 2537 2349 2572 testi-

131 2582 251 2616 monia
275 2580 377 2616 nulla
397 2580 541 2615 omnino
565 2579 707 2615 ratione
731 2579 861 2622 valere,
890 2579 951 2615 ubi
982 2580 1038 2615 vel
1060 2579 1239 2615 eiusmodi
1265 2591 1358 2625 quae
1386 2580 1506 2626 linqat
1535 2581 1617 2626 quis
1650 2580 1872 2623 testimonia,
1902 2591 1941 2615 se
1972 2591 2051 2616 cum
2068 2592 2143 2627 pro
2173 2585 2226 2618 ter
2249 2581 2352 2617 aliud

130 2625 284 2672 aliquod
305 2626 489 2672 neqotium
512 2625 757 2667 intervenerit,
790 2624 885 2660 hunc
908 2624 1083 2661 dicentem
1106 2625 1250 2660 audisse
1278 2635 1317 2660 se
1338 2626 1530 2672 pecuniam
1560 2625 1604 2660 ab
1629 2625 1692 2660 illo
1717 2625 1897 2672 accepisse
1921 2626 1978 2661 vel
2008 2626 2065 2661 illi
2088 2626 2132 2663 de
2156 2637 2236 2662 ere:
2262 2626 2351 2662 haec

130 2673 224 2708 enim
274 2671 356 2707 lane
375 2670 478 2706 nobis
500 2675 667 2717 suspecta
696 2674 783 2706 sunt
813 2680 877 2705 nec
909 2670 1021 2715 diqna
1053 2680 1206 2716 quorum
1241 2669 1317 2705 ulla
1343 2670 1439 2705 ratio
1471 2670 1653 2706 habeatur.
1706 2669 2003 2717 Quandoquidem
2035 2672 2142 2707 etiam
2167 2671 2238 2707 tale
2289 2672 2352 2707 uid

129 2718 168 2752 in
195 2683 389 2752 iuclicando
421 2715 734 2762 deprehendimus,
765 2725 846 2750 cum
878 2715 1020 2751 tametsi
1046 2726 1104 2750 ma
1132 2726 1179 2750 na
1198 2715 1379 2761 pecuniae
1407 2725 1547 2751 summa
1577 2716 1696 2752 soluta
1727 2726 1805 2751 esse
1835 2715 2034 2759 diceretur,
2071 2716 2144 2751 duo
2179 2717 2262 2753 tabu
2279 2717 2352 2753 arii

129 2762 200 2799 soli
221 2773 261 2798 se
283 2762 323 2797 id
345 2761 489 2797 audisse
512 2761 686 2801 dicerent,
715 2764 801 2797 teste
822 2765 1014 2807 praesente
1036 2726 1150 2802 nulfo,
1182 2771 1400 2806 quamquam
1432 2760 1587 2796 debitum
1618 2762 1657 2796 in
1686 2761 1833 2807 scriptis
1861 2762 2015 2796 relatum
2046 2767 2139 2797 esset
2170 2766 2204 2797 et
2235 2763 2267 2798 is
2287 2764 2351 2809 qui

130 2808 331 2854 deponebat
360 2807 484 2852 utique
514 2806 698 2842 scribendi
727 2810 820 2841 esset
846 2816 985 2852 qnarus
1006 2809 1204 2852 possetque
1232 2816 1300 2851 per
1322 2816 1409 2840 suas
1432 2805 1575 2841 litteras
1606 2806 1694 2842 haec
1725 2806 1922 2851 manifesta
1943 2807 2079 2852 facere.
2136 2805 2242 2850 Quod
2270 2818 2350 2843 cum

130 2853 174 2888 ab
198 2853 262 2888 illo
287 2857 448 2899 tempore
476 2852 513 2886 in
537 2850 621 2887 odio
646 2852 749 2887 nobis
769 2856 872 2895 esset,
905 2853 1130 2887 occasionem
1161 2850 1267 2886 huius
1298 2850 1389 2897 leqis
1408 2850 1586 2896 ferendae
1616 2851 1848 2903 arripuimus.
1903 2851 2047 2887 Rursus
2076 2852 2172 2887 alius
2203 2852 2350 2898 quidam

124 2898 330 2946 productus
349 2901 406 2934 est
426 2897 528 2933 vultu
551 2897 679 2932 similis
701 2897 735 2933 ei
757 2898 821 2943 qui
851 2897 992 2932 insidiis
1008 2897 1212 2944 petebatur,
1235 2899 1271 2931 et
1290 2906 1414 2931 coram
1445 2895 1593 2931 testibus
1622 2897 1759 2931 scilicet
1787 2901 1898 2943 atque
1929 2897 2122 2932 tabulariis
2152 2902 2280 2933 contra
2311 2910 2350 2935 se

178 3004 193 3035 1
209 3000 287 3034 τῶν
299 3013 356 3034 om.
368 2999 546 3034 Nomai-fir
563 2999 575 3043 ss
594 3000 613 3032 2
625 2996 716 3042 μηδὲ
728 2997 880 3033 Nomoc.d
897 2998 909 3042 ΙΙ
926 2995 960 3041 ἢ]
977 2998 1008 3031 εἰ
1021 2999 1182 3032 Νονηοε.ἠ
1195 2998 1208 3040 ΙΙ

132 3042 272 3079 ἆλλοῖεν
286 3046 314 3078 L
331 3044 344 3089 ss
362 3047 384 3079 4
407 3046 467 3078 καὶ
490 3058 547 3078 om.
561 3045 592 3078 L
606 3045 765 3078 Nemean
783 3043 795 3087 ΙΙ
814 3046 831 3077 'l
853 3042 1206 3087 νενομοθετήκαμεν]

136 3093 213 3126 Cod.
229 3092 262 3132 4,
276 3098 324 3132 20,
338 3098 371 3124 18
393 3089 405 3134 ss
435 3092 455 3123 9
479 3090 586 3123 τοῦτο
609 3092 669 3122 καὶ
693 3089 760 3122 νῦν
784 3090 815 3121 L
837 3089 848 3132 ΙΙ
875 3088 956 3134 γὰρ]
981 3089 1050 3135 γὰρ
1074 3091 1133 3121 καὶ
1159 3090 1206 3122 B⁸

131 3150 159 3170 v.
176 3138 195 3169 l.
213 3136 226 3180 ΙΙ
253 3138 291 3170 11
317 3133 339 3177 ἦ
366 3148 422 3168 om.
435 3135 484 3168 B⁸
497 3148 525 3168 v.
543 3135 563 3167 l.
590 3134 602 3178 ΙΙ
629 3137 669 3168 14
693 3136 915 3180 γενησαμένη
940 3135 985 3167 Μ
995 3134 1006 3178 ΙΙ
1033 3133 1207 3179 γενέσθαι

132 3183 182 3217 Βε
190 3195 217 3215 υ.
229 3182 248 3214 l.
267 3180 279 3224 ss
299 3182 339 3214 16
351 3177 627 3225 μαρτυρήσαιεν]
648 3181 850 3224 μαρτυρεῖν,
866 3181 926 3211 καὶ
941 3177 1208 3224 μαρτυρήσαιεν

132 3228 212 3261 coni.
228 3227 416 3259 Zachariae
433 3225 445 3268 ΙΙ
465 3227 502 3259 17
529 3225 776 3269 ἐκμαρτυρίαις
797 3225 844 3257 L²
868 3225 1102 3269 ἑκμαρτυρίας
1126 3223 1174 3257 L²
1195 3223 1208 3265 ss

134 3274 175 3308 18
187 3273 357 3316 ματαίους
370 3270 486 3303 Proch.
500 3271 609 3313 Epan.
626 3271 638 3314 ΙΙ
659 3272 699 3304 19
714 3272 945 3314 παρείκοντος
959 3270 1030 3303 ML
1043 3270 1053 3313 ΙΙ
1068 3271 1109 3304 20
1123 3282 1207 3314 κρα-

130 3319 219 3358 τεῖν]
243 3312 456 3360 βουλόμεθα
479 3317 555 3348 add.
572 3315 686 3348 Proch.
703 3314 715 3357 ΙΙ
734 3317 804 3356 καὶ]
828 3316 887 3359 leq.
904 3314 946 3348 τὸ
964 3315 1047 3347 nai?
1064 3314 1076 3358 ΙΙ
1094 3312 1207 3348 πλάτ-

131 3375 208 3396 τειν
232 3363 349 3396 Proch.
378 3361 390 3404 fl
421 3362 460 3395 21
496 3355 670 3392 *ἀκούσω
696 3361 772 3393 libri
798 3360 809 3403 ΙΙ
838 3361 880 3394 22
905 3357 1010 3393 τοῦδε
1033 3357 1206 3405 λέγοντος]

131 3409 262 3450 aliquos
285 3407 431 3440 dicentes
455 3418 474 3442 ς
499 3404 511 3449 ΙΙ
535 3407 680 3450 χρυσίον
703 3404 802 3449 παρὰ
826 3402 932 3438 τοῦδε
956 3405 1007 3438 ΒΓ
1023 3405 1034 3449 ΙΙ
1059 3407 1100 3439 23
1125 3402 1208 3439 τόδε

133 3453 249 3487 Proch.
267 3452 279 3496 ΙΙ
301 3448 387 3496 ἡμῖν
411 3464 468 3485 om.
487 3452 602 3484 Proch.
621 3450 633 3494 ss
652 3451 694 3484 24
720 3448 826 3496 λόγου
849 3448 948 3490 ἄξιαι
972 3450 1023 3483 Bt
1038 3449 1051 3494 ΙΙ
1079 3452 1120 3485 26
1145 3463 1207 3484 τα-

132 3496 339 3542 βουλλοίριοι
365 3497 489 3530 MLB⁸
515 3495 527 3540 H
558 3496 753 3537 27,καίτοι]
779 3498 811 3528 et
835 3508 854 3532 ς
877 3499 889 3538 ΙΙ
916 3497 954 3529 31
984 3494 1020 3535 ἐξ
1044 3509 1102 3529 om.
1120 3497 1170 3530 La
1196 3494 1208 3541 ΙΙ

135 3544 177 3576 32
201 3542 243 3576 τὸ
268 3540 359 3576 εἶδος
388 3541 521 3583 ἐοικώς]
552 3540 671 3574 similis
695 3552 714 3577 ς
742 3540 755 3584 [Ι
784 3542 827 3575 34
851 3541 911 3574 ἐπὶ
934 3539 1207 3587 ταβουλλαρίων

135 3588 225 3621 ΜΒΒ
252 3598 360 3621 coram
384 3587 549 3620 tabulario
573 3598 592 3623 ς

192 3678 212 3710 2
235 3677 297 3710 hac
323 3678 354 3711 T
362 3678 370 3698 ¹
389 3678 401 3721 ΙΙ
425 3679 444 3711 3
470 3679 569 3711 etiam
593 3690 650 3710 om.
666 3677 740 3718 RT,
765 3676 862 3710 aliter
886 3690 944 3711 om.
966 3674 1023 3720 Vss
1044 3676 1123 3709 haec
1141 3677 1174 3710 R
1196 3678 1208 3720 ΙΙ

135 3722 357 3765 malignitates
377 3724 464 3757 RT¹
483 3723 495 3768 ΙΙ
519 3725 539 3757 6
561 3723 799 3765 scripturarum
819 3722 866 3756 Τι
884 3721 897 3767 ss
921 3724 939 3756 7
960 3721 1118 3765 susciperi
1140 3723 1172 3755 R
1194 3721 1207 3767 ΙΙ

1275 2999 1294 3032 8
1318 2996 1542 3039 praecepimus
1567 2998 1696 3031 Contius
1720 2997 1732 3040 ΙΙ
1757 2999 1901 3030 attamen
1926 2999 2023 3042 vul9.]
2049 3000 2082 3031 et
2105 3000 2214 3031 tamen
2238 3000 2285 3037 (et
2307 3001 2352 3033 ῐιῖι

1283 3043 1344 3083 Va,
1358 3055 1415 3075 om.
1426 3042 1486 3084 ΕΙ)
1504 3042 1581 3075 libri
1597 3042 1609 3085 ΙΙ
1627 3044 1666 3077 10
1679 3042 1843 3084 scriptura
1855 3043 1903 3081 123
1923 3044 1983 3087 [ορ.
1998 3043 2164 3086 scriptae?
2180 3043 2192 3087 fl
2214 3045 2254 3078 12
2268 3047 2348 3086 esse]

1274 3087 1429 3120 uolumus
1442 3087 1519 3120 add.
1535 3087 1583 3119 R³
1596 3089 1629 3120 in
1643 3100 1743 3132 mary.
1762 3088 1774 3131 ΙΙ
1792 3088 1899 3130 ipsum
1917 3101 1974 3122 om.
1988 3088 2037 3121 ΕΙ
2054 3088 2066 3131 ΙΙ
2083 3091 2278 3122 asumantur
2291 3089 2324 3121 R
2339 3092 2349 3131 [Ι

1278 3135 1317 3167 13
1342 3132 1496 3165 memorie
1520 3131 1692 3165 R¹V¹Ta
1708 3135 1719 3172 11
1749 3134 1789 3167 14
1813 3132 1954 3166 alicuius
1979 3133 2220 3177 Osenbru'qyen]
2246 3134 2347 3166 alicui

1276 3180 1353 3212 libri
1363 3177 1374 3222 ΙΙ
1390 3177 1623 3210 confessionem
1640 3178 1690 3211 V²
1705 3176 1718 3222 ΙΙ
1740 3180 1779 3211 15
1795 3178 2008 3220 perhibeatur
2022 3178 2055 3211 T
2066 3178 2079 3221 ΙΙ
2100 3179 2139 3212 16
2157 3189 2255 3211 causa
2272 3179 2322 3212 V¹
2337 3180 2342 3220 Ι

1274 3223 1472 3257 testimoniis
1499 3223 1728 3267 Osenbruyqen
1752 3235 1814 3256 non
1839 3231 1921 3256 recte
1943 3224 1954 3265 ΙΙ
1984 3225 2022 3258 17
2048 3223 2217 3265 prohibita
2237 3223 2314 3256 VR¹
2337 3222 2342 3261 Ι

1278 3271 1318 3303 19
1342 3268 1454 3310 fingi&
1482 3268 1514 3301 T
1526 3267 1538 3311 ss
1556 3270 1604 3308 ut]
1629 3269 1688 3300 aut
1714 3267 1770 3311 ΤΙΙ
1797 3269 1838 3302 20
1862 3268 2003 3301 aduenis»
2032 3268 2080 3300 Β*
2097 3268 2109 3311 ΙΙ
2126 3268 2272 3301 dicentes
2300 3268 2350 3302 V2

1275 3316 1307 3348 in
1322 3327 1388 3347 ras.
1403 3317 1422 3348 5
1438 3315 1494 3347 litt.
1515 3311 1526 3357 ΙΙ
1545 3314 1584 3347 21
1607 3313 1660 3353 ab]
1685 3323 1704 3345 a
1724 3313 1774 3346 V¹
1791 3312 1803 3356 ΙΙ
1822 3314 1863 3346 22
1888 3313 1983 3346 nobis
1998 3315 2110 3356 aperte
2130 3314 2162 3346 V
2176 3314 2187 3353 ΙΙ
2203 3324 2346 3346 susum

1283 3359 1330 3393 V¹
1348 3359 1361 3403 ΙΙ
1378 3359 1471 3391 nulla
1483 3358 1587 3399 RV³1
1603 3357 1730 3390 nullius
1746 3358 1832 3391 V¹T
1843 3358 1855 3402 ΙΙ
1874 3360 1915 3393 23
1929 3358 2069 3400 indigna
2082 3358 2128 3391 ΕΙ
2147 3358 2158 3402 ΙΙ
2176 3358 2347 3401 *quando]

1275 3405 1355 3438 dum
1378 3406 1430 3446 (n
1452 3403 1514 3445 R1)
1540 3403 1672 3445 quando
1698 3404 1787 3442 libri;
1820 3403 1899 3436 dum
1925 3405 2111 3447 transposui
2133 3405 2187 3446 (ef
2213 3417 2243 3436 υ.
2258 3405 2314 3445 24)
2337 3405 2349 3447 ΙΙ

1275 3453 1307 3483 et
1324 3463 1382 3483 om.
1397 3450 1430 3482 R
1448 3449 1459 3492 ΙΙ
1476 3450 1520 3483 24
1538 3449 1640 3481 *dum
1659 3459 1696 3481 eo
1713 3448 1813 3490 quod]
1838 3460 1876 3481 eo
1897 3449 1984 3491 quod
2009 3449 2087 3482 libri
2103 3447 2114 3492 ΙΙ
2132 3450 2173 3482 25
2188 3449 2348 3481 ὑὼιιΙατίἰ

1274 3495 1323 3529 R¹
1341 3495 1352 3539 ΙΙ
1370 3495 1536 3527 duxerunt
1556 3492 1672 3538 V1126
1695 3493 1807 3526 debito
1831 3494 1935 3535 Beck]
1962 3493 2110 3527 debitum
2133 3493 2267 3535 (debitis
2291 3494 2347 3536 1'1)

1277 3542 1352 3575 libri
1368 3540 1380 3583 ΙΙ
1398 3542 1438 3574 27
1464 3539 1646 3572 constituto
1666 3538 1739 3572 V¹‘?
1753 3539 1858 3579 Beck]
1883 3539 2100 3572 constitutum
2118 3538 2251 3572 RV³T
2263 3537 2276 3583 11
2299 3539 2346 3571 fa-

1273 3588 1364 3619 tente
1386 3586 1430 3626 V]
1456 3584 1597 3617 faciente
1621 3584 1690 3617 RT
1711 3582 1717 3628 Ι
1749 3594 1788 3616 ex
1811 3584 1874 3617 hoc
1896 3585 1928 3617 T
1935 3585 2033 3628 vala]
2058 3585 2090 3616 et
2113 3584 2261 3625 (om.R⁰)
2286 3585 2348 3617 hoc

1274 3632 1322 3665 R¹
1348 3633 1380 3664 et
1396 3641 1435 3663 ex
1451 3631 1513 3662 hoc
1527 3629 1586 3669 132,
1600 3642 1657 3662 om.
1677 3629 1708 3662 V
1725 3629 1731 3673 1
1750 3630 1790 3664 28
1804 3640 1863 3672 per
1880 3643 1937 3663 om.
1959 3630 1992 3663 V
2004 3628 2016 3674 H
2033 3630 2075 3663 29
2088 3628 2188 3662 hodio
2202 3629 2348 3673 RVT¹11

1275 3677 1317 3710 30
1342 3675 1521 3719 accipimus
1542 3675 1604 3708 VT
1624 3674 1636 3718 ΙΙ
1661 3674 1800 3707 aductus
1824 3675 1857 3708 R
1892 3675 2010 3707 ductus
2031 3675 2062 3708 V
2079 3673 2092 3718 ss
2116 3673 2201 3707 alius
2224 3673 2349 3716 aliquis

1283 3721 1332 3756 V2
1348 3724 1380 3756 in
1398 3734 1464 3755 ras.
1483 3720 1497 3765 [Ι
1513 3721 1555 3754 32
1576 3722 1608 3754 et
1625 3721 1744 3761 coram]
1769 3722 1802 3753 et
1822 3733 1880 3754 om.
1901 3721 1935 3755 V
1950 3720 1963 3765 ΙΙ
1981 3719 2125 3753 debitam
2140 3718 2190 3753 Τι
