2618 4010
259 114 366 158 Nov.
397 113 474 156 VII
504 116 542 156 5.
571 111 597 154 6
1343 107 1399 154 58
2004 124 2065 156 nn
2092 122 2183 156 Non
2212 124 2480 157 AmENANms

1170 166 1251 175 .—

256 224 358 270 κόμῳ
387 221 409 268 ἢ
429 220 677 281 1(θρεφοτρόφῳ
711 219 730 264 ἢ
754 218 934 268 ἡγουμένῳ
967 218 989 265 ἢ
1019 217 1197 270 ἡγουμένῃ
1225 234 1336 266 μονα·
1402 222 1459 258 vel
1490 221 1700 258 xenodocho
1731 225 1795 258 aut
1822 233 2012 259 nosocomo
2037 227 2101 259 aut
2123 223 2390 273 brephotropho
2415 226 2479 259 aut

259 273 405 316 στηρίου
426 283 448 313 η
473 266 687 313 ἀσκητηρίου
703 266 796 300 κατὰ
813 265 856 301 τὸ
872 267 947 311 ἔμπ
969 268 1086 301 οσθεν
1106 265 1335 313 διατεταγμέ-
1404 267 1519 302 abbae
1550 271 1614 301 aut
1640 266 1845 303 abbatissae
1875 270 2080 304 monasterii
2112 272 2176 304 aut
2207 269 2391 312 asceterii,
2423 279 2478 304 se-

257 328 333 350 νον.
373 315 426 348 Εἴ
441 324 495 349 τις
516 316 639 347 τοίνυν
664 310 881 366 ὠνήσασθαι
904 325 946 346 το
967 310 1090 356 μήσειε
1114 312 1188 357 πρᾶ
1209 325 1262 355 μα
1283 314 1334 346 ἐκ·
1405 312 1559 347 cundum
1591 311 1686 355 quod
1713 312 1814 356 prius
1846 311 2056 358 dispositum
2085 319 2150 350 est.
2199 314 2237 349 Si
2269 314 2347 359 quis
2370 313 2479 358 igitur

257 357 512 402 κλησιαοτικὸν
534 354 557 400 ἢ
579 369 773 400 πτωχικον,
803 358 1009 391 ἐκπιπτέτω
1040 358 1108 400 μὲν
1139 324 1248 390 aigae
1270 357 1334 390 τοῦ
1404 366 1521 391 emere
1544 356 1824 435 praesumgserit
1845 367 1920 392 rem
1942 358 2221 395 ecclesiasticam
2253 363 2316 394 aut
2338 359 2479 404 ptochi-

257 401 471 449 τιμήματος,
503 399 736 438 ἀπαιτείσθω
766 399 806 436 δέ
836 401 879 436 τὸ
902 403 1067 448 πρᾶγμα,
1097 397 1187 446 ὅπερ
1216 399 1334 446 ἔλαβε,
1370 406 1389 436 5
1404 411 1497 444 cam,
1523 400 1629 435 cadat
1651 400 1712 445 qui
1738 408 1793 436 em
1815 411 1898 437 mox
1919 403 2049 448 pretio,
2081 405 2245 449 exigatur
2268 407 2388 439 autem
2411 414 2478 447 τες,

257 448 348 492 μετὰ
370 446 486 492 πάσης
508 448 570 491 τῆς
597 449 636 482 ἐν
659 448 713 491 τῷ
737 450 836 491 μέσῳ
866 445 985 492 χρόνῳ
1014 443 1229 492 προςθήκης.
1275 450 1336 480 καὶ
1404 455 1509 490 quam
1533 443 1787 490 accepitAcum
1807 446 1903 482 omni
1924 447 2030 483 medii
2050 449 2219 494 temporis
2242 449 2479 493 incremento;

257 492 349 528 κατὰ
378 495 445 537 μὲν
467 493 530 536 τῆς
551 489 750 540 ἁγιωτάτης
772 491 954 534 ἐκκλησίας
977 488 998 534 ἢ
1021 492 1084 525 τοῦ
1113 490 1259 537 εὐαγοῦς
1288 492 1335 524 οἴ-
1405 493 1442 525 et
1465 494 1591 526 contra
1612 490 1870 526 sanctissimam
1887 492 2026 536 quidem
2045 494 2232 530 ecclesiam
2252 499 2316 529 aut
2333 504 2480 529 venera-

257 551 319 572 κου
347 536 526 583 μηδεμίαν
548 536 736 573 παντελῶς
766 539 875 579 ἐχέτω
905 533 1061 582 ἀγωγήν,
1091 534 1183 569 κατὰ
1210 537 1336 580 μέντοι
1406 535 1512 570 bilem
1536 534 1679 570 domum
1701 535 1836 571 nullam
1859 537 1999 573 omnino
2022 538 2156 574 habeat
2178 540 2369 582 actionem,
2394 549 2480 574 con-

256 584 335 618 τῶν
366 580 642 627 εὖλαβεστάτων
665 580 865 626 οἰκονόμων
888 578 910 624 ἢ
933 578 1024 614 ὅλως
1055 582 1133 615 τῶν
1156 579 1335 626 πεπρακό-
1405 583 1462 615 tra
1492 580 1711 616 venerabiles
1742 583 1862 616 autem
1892 591 2124 628 oeconomos,
2153 587 2216 620 aut
2246 585 2307 630 qui
2338 585 2480 619 omnino

256 641 335 662 των
358 630 419 663 ἐπὶ
441 631 520 663 ταῖς
549 626 657 661 ἰδίαις
681 625 804 661 αὐτῶν
831 630 1048 671 περιουσίαις
1072 627 1182 668 ἐχέτω
1206 625 1274 669 τὴν
1298 628 1337 658 ἐκ
1354 629 1393 661 10
1406 625 1656 670 vendiderunt,
1692 626 1729 660 in
1759 626 1912 671 propriis
1940 636 2062 662 eorum
2086 629 2293 665 substantiis
2318 639 2362 664 ex
2396 640 2479 664 con-

256 675 320 708 τοῦ
343 671 634 720 συναλλάγματος
655 669 732 728 ἄγω
756 669 811 715 ἡν,
834 672 894 705 ἵνα
917 669 988 704 δέει
1006 671 1068 713 τῆς
1091 671 1232 705 ἑαυτῶν
1250 671 1337 717 γοῦν
1405 673 1526 706 tractu
1557 670 1689 706 habeat
1712 671 1904 706 actionem:
1941 674 1983 707 ut
2010 676 2106 708 metu
2138 684 2226 709 suae
2248 675 2480 716 substantiae,

257 722 478 765 περιουσίας,
511 718 542 752 εἰ
564 721 623 751 καὶ
645 731 695 762 μη
741 716 776 750 ιὰ
799 716 865 750 τὸν
887 717 950 750 τοῦ
975 715 1065 749 θεοῦ
1090 714 1219 761 φόβον,
1247 713 1334 749 ἀλλ’
1407 716 1475 751 etsi
1497 726 1570 752 non
1599 720 1746 762 propter
1777 717 1833 752 dei
1864 716 2045 760 timorem,
2080 722 2118 753 at
2150 721 2269 755 tamen
2301 720 2481 765 segniores

256 766 277 799 1
322 757 388 798 οὖν
410 760 635 810 ὀκνηρότεροι
656 765 737 809 περὶ
757 760 819 795 τὰς
842 760 988 796 ποάσεις
1006 765 1199 807 γίγνοιντο.
1288 761 1335 795 Εἰ
1402 763 1424 796 1
1478 761 1573 796 circa
1612 761 1829 797 venditiones
1864 762 1966 796 fiant.
2076 762 2114 798 Si
2150 764 2229 807 quis
2265 770 2382 799 autem
2418 775 2483 809 per

258 807 300 843 δέ
318 819 373 843 τις
394 808 486 842 κατὰ
510 806 650 852 δωρεὰν
674 807 798 851 λαβεῖν
825 793 1012 850 τολμήσειε
1037 807 1184 853 πρᾶγμα
1215 804 1334 849 ἐκκλη-
1403 805 1630 842 donationem
1663 807 1824 859 accipere
1854 807 2134 852 praesumpserit
2163 818 2236 844 rem
2266 810 2480 845 ecclesiasti-

256 853 446 888 σιαστικὸν
463 850 485 897 ἢ
501 851 695 894 πτωχικόν,
721 849 829 885 αὐτοῦ
851 864 892 885 τε
910 852 973 885 τοῦ
995 848 1222 896 δωρουμένου
1245 850 1333 886 πάν·
1349 855 1389 887 15
1404 862 1483 886 cam
1525 855 1588 886 aut
1655 851 1849 895 toclucam,
1890 856 1926 886 et
1967 853 2045 897 ipso
2085 852 2181 898 quod
2219 853 2389 890 donatum
2429 859 2483 889 est

255 910 328 934 τως
359 900 565 933 ἐκπιπτέτω
600 900 660 931 καὶ
696 899 818 941 ἕτερον
853 896 1026 930 τοσοῦτον
1061 898 1099 930 ἐκ
1129 897 1190 939 τῆς
1225 893 1334 931 αὑτοῦ
1403 896 1547 932 omnino
1578 906 1620 932 ca
1646 901 1700 940 at,
1739 901 1774 931 et
1803 897 1901 932 aliud
1931 899 2072 932 tantum
2108 908 2152 932 ex
2185 908 2251 934 sua
2282 900 2482 935 substantia

256 947 461 991 περιουσίας
490 939 710 984 ἀντιδιδότω
741 942 786 988 τῇ
815 936 997 989 ἁγιωτάτῃ
1028 939 1196 984 ἐκκλησίᾳ
1226 939 1249 984 ἢ
1280 943 1333 985 τῷ
1403 945 1567 987 repenset
1590 942 1835 978 sanctissimae
1858 942 2030 977 ecclesiae
2052 947 2117 977 aut
2138 943 2329 979 venerabili
2352 944 2482 984 domui,

255 988 376 1036 εὐαγεῖ
397 988 503 1031 οἴκῳ,
535 987 575 1027 ἐξ
597 985 638 1021 οὑ
661 987 768 1020 τοῦτο
791 984 932 1030 ἔλαβεν,
956 986 1016 1021 ἵνα
1039 983 1085 1030 ἢν
1109 988 1335 1033 ἐπεχείρησεν
1403 996 1448 1022 ex
1471 997 1542 1032 qua
1571 987 1640 1022 hoc
1665 988 1820 1032 aceepit:
1853 992 1894 1022 ut
1922 998 2028 1032 quam
2058 988 2158 1023 nisus
2185 990 2242 1023 est
2271 998 2375 1033 agere
2399 1000 2481 1025 con-

256 1033 483 1080 ἐργάσασθαι
502 1029 586 1066 κατ’
610 1029 717 1074 αὐτῆς
736 1035 982 1076 καινοτομίαν,
1005 1029 1144 1074 ταύτην
1167 1029 1273 1066 αὐτὸς
1296 1034 1336 1066 ἐν
1404 1036 1462 1066 tra
1497 1043 1575 1067 eam
1610 1033 1821 1076 novitatem,
1857 1033 1952 1068 hanc
1991 1033 2132 1069 sibimet
2162 1033 2200 1068 in
2234 1034 2387 1079 propriis
2422 1045 2481 1069 ex-

255 1082 328 1113 τοῖς
359 1078 486 1112 ἑαυτοῦ
512 1075 630 1111 διδοὺς
660 1078 722 1120 τῆς
751 1077 881 1110 οἰκείας
913 1076 1083 1111 αἴσθοιτο
1107 1080 1336 1124 πανουργίας.
1349 1080 1391 1112 20
1405 1077 1531 1113 hibens
1555 1087 1656 1112 suam
1680 1077 1811 1112 sentiat
1833 1078 2096 1123 malignitatem.

255 1124 279 1159 2
326 1125 372 1157 Et
396 1121 436 1156 δὲ
456 1121 602 1168 ἄμειψις
626 1124 690 1156 ἐπί
710 1133 786 1156 τισι
813 1126 956 1168 γένοιτο
981 1120 1199 1168 προςώποις,
1230 1125 1337 1167 χωρὶς
1405 1123 1429 1158 2
1476 1123 1515 1157 Si
1537 1125 1658 1158 autem
1689 1124 1904 1168 permutatio
1928 1124 1965 1158 in
1989 1123 2202 1168 quibusdam
2225 1123 2289 1158 fiat
2311 1124 2484 1168 personis.

255 1167 365 1213 μόνης
394 1168 457 1211 τῆς
491 1166 693 1211 βασιλείας,
728 1166 898 1213 καθάπερ
930 1167 1143 1222 ἔμπροσθεν
1176 1167 1337 1202 εἰπόντες
1405 1172 1549 1212 praeter
1572 1168 1687 1203 solum
1710 1168 1915 1212 imperium,
1944 1169 2037 1204 sicut
2068 1169 2325 1214 praediximus,
2359 1173 2395 1204 et
2425 1170 2486 1214 qui

256 1214 432 1259 ἔφθημεν,
456 1216 517 1246 καὶ
537 1209 556 1247 ὁ
580 1213 649 1256 τὴν
671 1212 821 1257 ἄμειψιν
845 1211 971 1256 λαβών
993 1212 1207 1247 υποκείσθω
1228 1213 1336 1259 ποινῇ
1406 1214 1701 1257 permutationem
1725 1214 1866 1258 accepit
1891 1214 2077 1249 subiaceat
2107 1224 2264 1259 poenae,
2296 1217 2337 1248 ut
2366 1214 2485 1249 datam

254 1259 308 1302 τῷ
335 1261 396 1293 καὶ
424 1256 467 1292 τὸ
497 1256 691 1302 δεδομένον
722 1256 821 1301 αὐτῷ
855 1258 1002 1304 πρᾶγμα
1031 1255 1240 1302 ἀποβαλεῖν,
1278 1261 1338 1291 καὶ
1407 1258 1474 1293 sibi
1497 1268 1572 1293 rem
1597 1259 1747 1301 amittat,
1773 1263 1808 1293 et
1830 1264 1993 1294 recurrat
2012 1270 2136 1295 rursus
2160 1261 2249 1295 haec
2270 1260 2315 1294 ad
2339 1269 2469 1295 venera

253 1302 464 1350 ἀνατρέχειν
492 1297 601 1337 αὖθις
629 1304 736 1337 τοῦτο
776 1305 836 1338 ἐπὶ
870 1302 936 1336 τὸν
968 1302 1076 1349 εὐαγῆ
1108 1303 1208 1336 οἶκον
1245 1298 1339 1336 ὅθεν
1352 1305 1393 1338 25
1408 1302 1515 1337 bilem
1539 1303 1680 1339 domum
1701 1304 1797 1339 unde
1820 1315 2010 1349 progressa
2034 1309 2099 1346 est,
2121 1309 2156 1340 et
2180 1304 2276 1349 quod
2298 1315 2364 1349 pro
2389 1315 2484 1340 com-

255 1349 375 1393 ἐξέβη,
408 1351 469 1382 καὶ
494 1347 536 1383 τὸ
563 1345 842 1392 ἀντιδεδομένον
863 1350 984 1392 μεῖναι
1012 1347 1111 1393 παρὰ
1134 1349 1188 1391 τῷ
1221 1346 1341 1394 εὖαγεῖ
1407 1348 1616 1392 pensatione
1641 1349 1755 1392 dedit,
1787 1353 1931 1385 maneat
1954 1350 2049 1394 apud
2072 1350 2309 1385 venerabilem
2332 1350 2485 1391 domum,

254 1394 357 1438 οἴκῳ,
389 1391 539 1427 καὶτὸν
566 1391 818 1438 προςελθόντα
841 1392 1026 1448 πράγματι
1055 1391 1257 1438 παρανόμῳ
1283 1394 1338 1426 ἐκ-
1407 1395 1444 1428 et
1477 1394 1538 1438 qui
1569 1395 1723 1429 accessit
1751 1395 1798 1429 ad
1833 1405 1979 1430 eausam
2012 1395 2080 1440 legi
2116 1395 2347 1438 contrariam,
2381 1395 2487 1430 cadat

255 1443 405 1474 πίπτειν
426 1441 488 1481 [τε]
513 1438 680 1484 ἑκατέρου
704 1436 866 1473 δικαίως·
897 1437 984 1473 ω’ςτε
1006 1436 1098 1471 κατὰ
1124 1439 1232 1471 τοῦτο
1260 1451 1337 1472 ποι·
1406 1442 1559 1483 utroque
1587 1439 1698 1482 iuste,
1730 1442 1767 1474 et
1796 1440 1991 1475 secundum
2027 1441 2096 1475 hoc
2130 1450 2268 1485 poenae
2299 1440 2486 1482 subdatur,

255 1484 323 1527 νὴν
346 1481 460 1518 αὐτὸν
479 1480 634 1526 ὑπέχειν,
663 1483 758 1518 καθ’
783 1481 805 1517 ὃ
827 1486 887 1517 καὶ
910 1484 989 1517 τῶν
1008 1483 1152 1516 οἰκείων
1172 1484 1338 1517 ἐκπίπτει
1407 1483 1601 1518 secundum
1625 1484 1721 1528 quod
1752 1488 1788 1519 et
1818 1485 1973 1530 propriis
2005 1486 2110 1521 cadet
2142 1490 2178 1521 et
2206 1485 2301 1530 quod
2332 1486 2487 1530 speravit

254 1532 314 1563 καὶ
338 1525 427 1574 ὅπερ
451 1526 602 1571 ἤλπισεν
624 1526 664 1562 οὗ
689 1527 923 1575 προςέλαβεν·
948 1526 1141 1562 κάνταῦθα
1161 1528 1223 1570 τῆς
1245 1527 1337 1575 ἄγω·
1351 1530 1393 1562 30
1407 1539 1479 1563 non
1502 1538 1545 1563 ac
1570 1529 1709 1574 uisivit3
1742 1530 1849 1565 etiam
1873 1530 1933 1565 hic
1957 1530 2099 1566 actione
2123 1531 2156 1566 ei
2179 1534 2320 1566 servata
2342 1531 2380 1565 in
2402 1541 2485 1575 pro·

254 1575 315 1622 γῆς
334 1571 436 1618 αὐτῷ
456 1572 723 1619 φυλαττομένης
745 1576 805 1608 ἐπὶ
828 1574 873 1620 τῇ
895 1571 970 1615 ἰδίᾳ
988 1576 1177 1619 περιουσίᾳ
1200 1574 1279 1607 τῶν
1294 1572 1337 1607 τὸ
1406 1574 1485 1618 pria
1508 1584 1551 1608 su
1578 1575 1711 1610 stantia
1733 1585 1874 1618 eorum,
1909 1576 1970 1621 qui
2002 1579 2225 1611 contractum
2255 1586 2336 1610 cum
2359 1586 2402 1610 eo
2428 1585 2485 1610 ce-

254 1617 487 1666 συνάλλαγμα
510 1619 599 1664 πρὸς
620 1617 731 1653 αὐτὸν
754 1618 987 1665 πραξάντων.
1407 1618 1644 1655 lebraverunt.

1218 1707 1375 1744 CAPUT
1400 1708 1461 1745 VI.

299 1770 334 1820 ξ
368 1779 415 1812 Εἰ
443 1775 483 1812 δὲ
514 1774 700 1820 δανειστὴς
724 1776 773 1810 εἰς
800 1775 1009 1820 σωματικὸν
1033 1777 1198 1823 ἐνέχυρον
1222 1775 1338 1811 ἕλοιτο
1452 1776 1490 1812 Si
1525 1779 1644 1812 autem
1681 1777 1836 1813 creditor
1869 1777 1908 1814 in
1942 1777 2089 1822 pignore
2131 1778 2307 1823 corporali
2342 1778 2489 1823 elegerit

254 1822 380 1869 λαβεῖν
399 1824 547 1871 πρᾶγμα
570 1820 740 1866 ἀκίνητον
763 1820 1059 1864 ἐκκλησιαστικὸν
1091 1820 1113 1866 ἢ
1141 1822 1336 1864 πτωχικόν,
1405 1822 1569 1867 accipere
1602 1834 1676 1857 rem
1705 1823 1921 1858 immobilem
1950 1823 2228 1859 ecclesiasticam
2251 1826 2316 1859 aut
2347 1824 2486 1869 ptochi-

254 1870 294 1903 ἐν
316 1870 444 1904 οἰκίαις
473 1866 583 1910 τυχὸν
614 1864 637 1910 ἢ
669 1871 897 1924 προαστείοις
930 1863 952 1910 ἢ
981 1863 1101 1924 ἀγροῖς
1123 1864 1146 1911 ἢ
1167 1866 1292 1910 κήποις
1315 1866 1392 1911 ἢ35
1406 1877 1501 1909 cam,
1541 1868 1579 1902 in
1609 1867 1772 1903 domibus
1798 1868 1924 1904 forsan
1955 1872 2018 1903 aut
2051 1869 2267 1904 suburbanis
2298 1873 2362 1904 aut
2393 1869 2486 1914 agris

254 1911 454 1949 πολιτικαῖς
480 1910 663 1956 σιτήσεσιν
695 1926 717 1956 η
747 1909 959 1959 ἆγροικικοῖς
988 1910 1245 1959 ανὸραπόδοις,
1276 1916 1336 1946 καὶ
1405 1916 1468 1947 aut
1503 1912 1616 1948 hortis
1649 1917 1712 1948 aut
1744 1914 1903 1949 civilibus
1934 1913 2087 1958 panibus
2121 1918 2184 1948 aut
2214 1914 2356 1949 rusticis
2387 1924 2486 1949 man-

254 1958 333 2002 δοίη
355 1963 502 2006 χρυσίον
523 1955 615 2003 ὑπὲρ
638 1958 786 1999 τούτου,
815 1960 1021 1992 ἐκπιπτέτω
1045 1958 1108 1992 τοῦ
1143 1955 1334 2002 δανείσμα-
1405 1957 1526 2002 cipiis,
1558 1962 1594 1992 et
1617 1958 1754 1993 dederit
1776 1969 1903 1994 aurum
1933 1959 1979 1994 ob
2001 1959 2101 2000 hoc,
2136 1958 2243 1994 cadat
2265 1959 2419 2003 credito,
2453 1963 2488 1994 et

252 2016 323 2047 τος,
343 2007 404 2039 καὶ
426 2006 538 2047 ἐχέτω
561 2001 683 2050 κέρδος
704 2000 725 2046 ἡ
749 1999 988 2046 δανεισαμένη
1011 1999 1195 2050 ἁγιωτάτη
1216 2001 1334 2045 ἐκκλη-
1404 2003 1537 2037 habeat
1567 2003 1723 2046 lucrum,
1759 2014 1851 2049 quae
1879 2006 2043 2039 mutuum
2074 2004 2232 2048 accepit,
2261 2004 2487 2040 sanctissima

253 2053 316 2083 σία
338 2047 360 2093 ἢ
383 2046 404 2084 ὁ
423 2047 550 2104 εὐαγὴς
572 2048 665 2082 οἶκος
681 2046 723 2082 τὸ
742 2045 940 2081 δανεισθὲν
955 2051 1117 2093 χρυσίον·
1139 2045 1333 2082 κάνταῦθα
1402 2048 1553 2083 ecclesia
1583 2052 1646 2083 aut
1676 2049 1887 2085 venerabilis
1919 2048 2046 2084 domus
2078 2049 2173 2093 quod
2206 2052 2407 2085 mutuatum
2431 2058 2486 2084 est

253 2093 346 2129 κατὰ
364 2095 429 2129 τοῦ
460 2108 504 2129 το
534 2091 710 2137 δάνεισμα
738 2091 941 2139 πράξαντος
971 2090 1160 2136 οἰκονόμου
1189 2089 1211 2135 ἢ
1242 2093 1338 2133 ξενο-
1352 2095 1394 2127 40
1407 2103 1549 2136 aurum;
1574 2094 1681 2128 etiam
1703 2094 1762 2128 hic
1785 2097 1911 2129 contra
1935 2094 2173 2128 celebrantem
2196 2099 2358 2130 mutuum
2380 2105 2484 2130 oeco-

255 2137 361 2182 δόχου
394 2137 416 2183 ἢ
446 2137 708 2185 πτωχοτρόφου
748 2135 769 2181 ἢ
803 2136 998 2184 ἡγουμένου
1037 2142 1279 2183 μοναστηρίου
1315 2134 1338 2181 ἢ
1406 2149 1551 2173 nomum
1589 2141 1653 2173 aut
1687 2139 1933 2174 xenodochum
1975 2144 2040 2174 aut
2078 2140 2381 2184 ptochotrophum
2421 2143 2486 2174 aut

254 2183 468 2231 ἆσκητηρίου
501 2181 524 2228 ἢ
554 2185 632 2218 τῶν
667 2182 789 2217 ἄλλων
823 2180 965 2229 εὐαγῶν
999 2180 1241 2227 συστημάτων
1275 2184 1336 2226 τῆς
1405 2183 1605 2228 praesulem
1629 2184 1835 2219 monasterii
1857 2188 1922 2218 aut
1949 2184 2114 2218 asceterii
2147 2187 2212 2219 aut
2241 2185 2394 2220 aliorum
2425 2195 2481 2220 ve-

255 2264 450 2289 oeconomo
476 2252 534 2287 vel
554 2251 772 2288 xenodocho
802 2252 857 2288 vel
879 2262 1073 2287 nosocomo
1104 2251 1160 2286 vel
1182 2250 1453 2297 brephotropho
1482 2251 1538 2287 vel
1562 2251 1685 2287 abbati
1707 2251 1952 2287 abbatissaeve
1978 2253 2186 2287 monasterii
2214 2258 2280 2288 aut
2306 2255 2482 2294 asceterii,

255 2298 450 2334 secundum
473 2297 513 2332 id
534 2296 635 2344 quod
663 2307 778 2342 supra
801 2296 1035 2332 constitutum
1062 2300 1125 2332 est.
1172 2295 1215 2331 Si
1243 2296 1326 2342 quis
1356 2296 1471 2342 iqitur
1499 2307 1575 2332 rem
1602 2297 1880 2332 ecclesiasticam
1910 2296 1965 2333 vel
1986 2297 2197 2343 ptochicam
2227 2309 2343 2334 emere
2373 2309 2484 2334 ausus

255 2345 324 2387 sit,
347 2342 410 2379 ille
457 2343 586 2378 retium
609 2342 732 2378 statim
753 2342 915 2384 amittat,
947 2345 984 2377 et
1007 2352 1067 2376 res
1088 2352 1198 2387 quam
1221 2351 1306 2376 acce
1333 2341 1364 2376 it
1385 2352 1466 2376 cum
1486 2341 1584 2376 omni
1609 2342 1781 2388 temporis
1803 2342 2050 2377 interiacentis
2073 2343 2278 2378 accessione
2299 2343 2482 2390 exiqatur.

254 2391 373 2435 Atque
396 2399 419 2423 a
445 2398 568 2424 versus
590 2387 855 2422 sanctissimam
878 2386 1065 2422 ecclesiam
1088 2386 1233 2432 quidem
1263 2397 1305 2422 ve
1349 2386 1588 2423 venerabilem
1619 2386 1763 2422 domum
1785 2387 1923 2421 nullam
1947 2397 2108 2434 prorsus
2139 2388 2318 2423 actionem
2341 2387 2484 2430 habeat,

254 2444 376 2470 verum
405 2433 580 2469 adversus
608 2432 904 2479 reliqiosissimos
933 2442 1150 2467 oeconomos
1181 2431 1238 2467 vel
1291 2431 1410 2466 uicum
1438 2443 1481 2466 ue
1512 2431 1658 2467 omnino
1688 2431 1926 2468 vendiderunt
1959 2433 1998 2466 in
2025 2432 2197 2479 propriis
2227 2443 2352 2468 eorum
2383 2433 2485 2469 bonis

255 2480 433 2515 actionem
457 2489 507 2514 ex
530 2481 723 2514 contractu
747 2476 899 2512 habeat:
933 2487 1006 2523 quo
1029 2476 1086 2511 illi
1108 2481 1205 2512 metu
1223 2487 1266 2512 sa
1283 2481 1352 2512 tem
1374 2487 1418 2511 su
1440 2477 1597 2512 stantiae
1615 2488 1722 2519 suae,
1754 2477 1787 2511 si
1810 2488 1884 2512 non
1908 2476 1952 2512 ob
1978 2477 2141 2512 timorem
2163 2477 2239 2520 dei,
2262 2478 2387 2524 utique
2411 2484 2484 2514 tar·

254 2526 275 2560 1
320 2524 442 2559 diores
465 2522 515 2558 ad
537 2521 759 2559 vendendum
771 2523 876 2568 fiant.
968 2520 1105 2564 Quodsi
1128 2522 1211 2568 quis
1230 2521 1327 2557 dono
1352 2522 1518 2568 accipere
1541 2533 1653 2557 ausus
1670 2522 1720 2557 sit
1740 2533 1817 2557 rem
1840 2522 2117 2557 ecclesiasticam
2134 2523 2191 2558 vel
2207 2522 2441 2568 ptochicams
2449 2529 2484 2559 et

254 2570 336 2616 ipso
360 2568 460 2616 quod
488 2568 663 2604 donatum
694 2573 749 2603 est
778 2567 876 2603 omni
898 2567 1006 2602 modo
1030 2567 1202 2613 privetur
1224 2571 1260 2602 et
1282 2567 1434 2602 alterum
1465 2570 1605 2602 tantum
1633 2577 1684 2602 ex
1705 2578 1774 2602 sua
1804 2566 2006 2602 substantia
2034 2567 2283 2602 sanctissimae
2313 2568 2485 2604 ecclesiae

255 2615 311 2650 vel
331 2625 461 2650 sacrae
483 2614 626 2655 domui,
650 2613 745 2648 unde
767 2612 859 2648 illud
882 2612 1040 2659 accepit,
1071 2612 1110 2646 in
1133 2612 1243 2648 vicem
1267 2612 1344 2654 det,
1369 2616 1410 2647 ut
1432 2622 1505 2658 quo
1529 2611 1741 2647 detrimento
1765 2611 1865 2647 illam
1888 2612 2040 2658 afficere
2063 2617 2215 2647 conatus
2238 2616 2308 2655 est,
2332 2612 2426 2648 idem
2445 2614 2482 2648 in

255 2660 280 2695 2
324 2659 402 2695 suis
422 2659 502 2706 ipse
524 2658 632 2694 rebus
654 2663 831 2703 expertus
849 2658 1038 2709 propriae
1059 2656 1129 2692 sibi
1151 2657 1312 2692 malitiae
1335 2657 1502 2692 conscius
1519 2657 1600 2709 fiat.
1717 2655 1854 2700 Quodsi
1868 2657 2093 2703 permutatio
2113 2657 2185 2702 fiat
2206 2657 2246 2691 in
2269 2657 2482 2703 quibusdam

252 2704 440 2752 personis,
463 2704 543 2739 solo
564 2704 800 2750 imperatore,
823 2707 919 2738 sicut
939 2713 1055 2748 supra
1078 2702 1257 2745 diximus,
1282 2706 1455 2749 excepto,
1478 2705 1587 2737 etiam
1636 2701 1675 2736 ui
1690 2702 1998 2748 permutationem
2021 2702 2162 2748 accepit
2183 2703 2217 2737 ei
2235 2713 2379 2748 poenae
2401 2703 2483 2738 sub-

255 2750 392 2792 iaceat,
423 2752 464 2784 ut
493 2759 570 2784 rem
592 2748 667 2795 ipsi
693 2747 816 2783 datam
848 2746 1010 2790 amittat,
1040 2758 1155 2793 eaque
1185 2758 1315 2783 rursus
1346 2746 1396 2782 ad
1425 2757 1570 2782 sacram
1622 2758 1739 2782 omum
1770 2746 1866 2781 unde
1889 2747 1983 2782 venit
2011 2751 2227 2788 revertatur,
2258 2754 2293 2783 et
2322 2748 2422 2793 quod
2443 2749 2483 2783 in

257 2795 368 2831 vicem
397 2793 522 2829 datum
550 2799 605 2829 est
635 2792 737 2840 apud
764 2792 1000 2829 venerabilem
1027 2792 1171 2827 domum
1202 2797 1363 2835 maneat,
1393 2797 1502 2838 atque
1531 2792 1595 2837 qui
1617 2803 1692 2828 rem
1712 2791 1875 2827 illicitam
1906 2790 2120 2838 aqqreditur
2142 2797 2334 2838 utrumque
2355 2793 2482 2829 merito

258 2840 420 2881 amittat,
451 2838 504 2873 ita
527 2842 567 2874 ut
596 2843 745 2874 eatenus
771 2849 927 2884 poenam
947 2837 1092 2880 subeat,
1148 2842 1301 2873 uatenus
1327 2841 1362 2873 et
1388 2837 1567 2884 proprias
1594 2848 1654 2873 res
1685 2836 1827 2872 amittat
1848 2847 1914 2872 nec
1936 2836 2037 2882 quod
2065 2838 2226 2882 speravit
2248 2837 2483 2889 acquisierit,-

257 2885 399 2920 actione
421 2884 476 2918 illi
499 2884 606 2919 etiam
631 2883 689 2919 hic
708 2886 837 2918 contra
854 2883 1050 2929 propriam
1072 2894 1116 2918 su
1140 2883 1311 2918 stantiam
1336 2893 1460 2918 eorum
1482 2888 1639 2924 servata,
1665 2883 1728 2928 qui
1748 2884 1971 2917 contractum
1994 2891 2074 2916 cum
2096 2881 2162 2917 illo
2184 2884 2351 2928 fecerant.

391 2928 454 2965 VI.
501 2927 638 2971 Quodsi
661 2928 818 2964 creditor
840 2929 879 2963 in
903 2928 1097 2974 corporale
1122 2928 1261 2974 piqnus
1284 2927 1439 2963 voluerit
1467 2938 1542 2962 rem
1573 2927 1785 2963 immobilem
1817 2927 2094 2962 ecclesiasticam
2119 2926 2174 2962 vel
2193 2927 2399 2974 ptochicam
2421 2939 2480 2964 ac-

257 2974 388 3022 cipere,
411 2973 539 3009 domus
552 2974 655 3020 forte
672 2978 738 3008 aut
757 2973 964 3010 suburbana
988 2977 1052 3008 aut
1072 2984 1184 3019 aqros
1211 2977 1275 3008 aut
1298 2972 1424 3008 hortos
1445 2976 1508 3007 aut
1529 2983 1695 3007 annonas
1719 2971 1840 3008 civiles
1864 2976 1927 3006 aut
1953 2972 2134 3018 mancipia
2157 2973 2303 3016 rustica,
2327 2972 2479 3009 dederit-

257 3031 327 3067 que
343 3030 419 3067 pro
444 3018 513 3054 hoe
533 3018 735 3065 pecuniam,
753 3019 921 3065 privetur
936 3018 1087 3060 credito,
1111 3022 1220 3064 atque
1242 3018 1470 3053 sanctissima
1493 3017 1644 3053 ecclesia
1664 3017 1719 3053 vel
1740 3027 1848 3052 sacra
1870 3016 2009 3059 domus,
2034 3028 2127 3062 quae
2147 3024 2307 3053 mutuum
2329 3019 2479 3065 accepit,

252 3065 446 3112 pecuniam
462 3063 532 3099 sibi
548 3062 720 3099 creditam
736 3063 913 3098 lucretur:
935 3068 976 3099 ut
995 3064 1103 3099 etiam
1117 3062 1176 3098 hic
1192 3067 1320 3098 contra
1335 3073 1415 3098 eum
1431 3063 1495 3109 qui
1517 3067 1678 3098 mutuum
1693 3062 1881 3098 contraxit
1904 3072 2135 3097 oeconomum
2157 3062 2212 3097 vel
2226 3063 2476 3099 xenodochum

257 3109 312 3147 vel
346 3107 652 3156 ptochotrophum
683 3108 740 3144 vel
769 3108 978 3154 praesulem
1010 3109 1224 3143 monasterii
1255 3113 1320 3144 aut
1350 3108 1516 3143 asceterii
1548 3112 1611 3142 aut
1648 3108 1870 3152 reliquorum
1897 3117 2086 3141 sacrorum
2117 3107 2352 3154 colleqiorum
2383 3110 2479 3144 actio

304 3203 322 3233 3
364 3196 535 3243 τολμὴσοι
571 3195 787 3241 ὠνήσασθαι
821 3201 851 3232 A
886 3199 898 3243 ΙΙ
933 3202 953 3233 6
987 3202 1086 3242 μέσῳ
1128 3212 1187 3232 οιη.
1222 3200 1264 3231 M
1274 3203 1292 3220 ⁴²
1321 3197 1336 3254 fl
1405 3200 1435 3231 st
1451 3199 1463 3243 ΙΙ
1482 3201 1503 3232 4
1524 3199 1641 3238 emere]
1665 3209 1761 3230 omne
1777 3198 1826 3231 R¹
1844 3198 2068 3241 flpmchicam]
2087 3199 2270 3231 thechicam
2291 3199 2329 3232 V
2337 3199 2350 3242 ΙΙ
2368 3202 2387 3232 5
2410 3201 2478 3232 exi·

259 3247 278 3279 8
299 3245 408 3286 ἐχέτω
429 3241 657 3279 παντελῶςΑ
675 3245 687 3287 ΙΙ
701 3246 837 3287 μέντοι]
860 3241 942 3278 &EA
960 3245 972 3288 ΙΙ
992 3247 1030 3278 12
1054 3242 1114 3277 διὰ
1127 3242 1203 3284 τὸν]
1222 3240 1282 3276 δια
1295 3256 1317 3289 γ
1402 3247 1460 3285 gat
1481 3246 1591 3276 autem
1615 3253 1684 3275 rem
1708 3243 1746 3276 V
1749 3243 1763 3264 ³
1785 3242 1797 3286 ΙΙ
1816 3245 1836 3277 8
1858 3242 1980 3276 habeat
2005 3243 2130 3285 batcom
2155 3246 2270 3277 contra
2295 3244 2332 3277 V
2340 3245 2353 3287 ΙΙ
2374 3246 2414 3278 10
2438 3253 2476 3277 ex

258 3282 322 3322 οὖν
345 3288 412 3323 τὸν
434 3292 464 3323 A
484 3289 497 3333 ΙΙ
523 3291 563 3323 13
609 3291 760 3322 ίνωνται
779 3290 811 3322 A
832 3289 844 3332 ss
865 3292 906 3323 14
929 3287 1101 3331 τολμήσοι
1121 3291 1151 3322 A
1167 3288 1180 3334 ΙΙ
1206 3292 1240 3323 15
1266 3286 1333 3321 δω-
1403 3291 1575 3321 contractu
1599 3300 1658 3320 om.
1684 3288 1732 3320 R¹
1751 3288 1763 3330 ss
1785 3289 1821 3322 12
1844 3289 2001 3327 attamen]
2026 3292 2064 3320 ut
2087 3291 2196 3320 tamen
2219 3289 2253 3322 R
2285 3291 2324 3321 ut
2346 3290 2476 3322 tantum

260 3336 441 3377 ρουμένου]
467 3331 565 3379 δωρη
598 3335 697 3367 ἐντος
717 3330 816 3367 αὐτῶ
837 3336 867 3367 A
886 3335 898 3376 ss
916 3337 955 3368 18
980 3335 1040 3367 ἵνα
1064 3334 1124 3376 M]
1147 3332 1247 3368 ὅπως
1270 3336 1300 3367 Α
1323 3333 1328 3380 Ι
1408 3333 1444 3373 Τ,
1460 3336 1495 3366 at
1515 3346 1573 3367 om.
1589 3332 1631 3374 V,
1654 3334 1686 3365 in
1707 3346 1768 3375 quo
1788 3335 1898 3365 tamen
1915 3333 1980 3376 seg!
1998 3333 2033 3365 V
2042 3333 2129 3366 ἐστ.
2145 3335 2176 3366 in
2190 3346 2256 3366 ras.
2302 3333 2475 3374 segnionen

264 3381 303 3411 19
339 3377 418 3411 κατ’
451 3376 558 3421 αὐτῆς
593 3376 821 3424 ἐργάσασθαι
850 3379 883 3412 A
913 3378 926 3423 ll
957 3376 1074 3421 αὐτὸς]
1111 3380 1246 3412 sibimet
1276 3390 1295 3415 ς
1402 3378 1454 3412 Ru
1483 3377 1496 3421 ΙΙ
1531 3380 1568 3412 17
1607 3378 1800 3410 uenerabil·
1832 3377 1866 3412 V
1869 3378 1880 3399 ²
1917 3378 1929 3420 fl
1969 3381 2005 3411 18
2041 3380 2091 3419 ut]
2129 3381 2162 3410 et
2189 3377 2240 3411 R·
2313 3378 2355 3411 23
2394 3378 2472 3419 *utl

260 3422 301 3454 ἐν
324 3425 408 3463 τοῖς]
439 3425 476 3456 ἐκ
495 3425 574 3457 τῶν
592 3426 625 3458 A
650 3423 663 3469 ΙΙ
693 3426 736 3458 24
765 3423 819 3457 τῶ
843 3425 887 3465 Α]
918 3423 982 3457 τοῦ
1008 3425 1051 3457 Μ
1082 3426 1094 3468 ΙΙ
1123 3419 1333 3467 ἀπολαβεῖν]
1403 3426 1435 3456 et
1467 3424 1546 3456 libri
1569 3422 1582 3465 ΙΙ
1612 3424 1654 3456 24
1683 3427 1716 3455 et
1745 3424 1906 3463 recurrat]
1938 3425 1971 3454 et
1996 3436 2054 3458 om.
2078 3422 2125 3456 R¹
2156 3421 2170 3465 ΙΙ
2195 3422 2275 3454 haec
2307 3434 2365 3455 om.
2389 3422 2438 3455 R·
2461 3424 2474 3465 ΙΙ

259 3463 458 3500 ἀπολλύναι
480 3470 511 3501 A
538 3469 550 3513 ΙΙ
580 3471 622 3503 28
645 3480 686 3503 τε
707 3469 763 3509 Μ,
793 3481 849 3502 οηι.
872 3469 903 3502 A
930 3468 943 3512 ΙΙ
973 3471 1015 3503 33
1046 3466 1099 3510 δὲ]
1125 3467 1166 3502 δέ
1187 3472 1247 3502 καὶ
1271 3471 1300 3502 Α
1322 3469 1335 3514 ΙΙ
1404 3471 1445 3502 25
1477 3468 1549 3511 pro]
1574 3477 1633 3510 per
1655 3467 1691 3500 V
1707 3468 1719 3510 ΙΙ
1746 3470 1788 3502 26
1813 3469 1943 3501 domum
1970 3481 2027 3502 om.
2050 3467 2082 3501 V
2107 3466 2121 3511 ΙΙ
2151 3468 2191 3500 27
2212 3467 2356 3507 causam]
2384 3469 2473 3501 ’ςᾱτιῖι

260 3511 309 3543 είς
339 3513 544 3554 σωματικὸν
570 3527 628 3547 om.
655 3514 687 3547 A
717 3513 730 3558 ΙΙ
757 3515 797 3548 37
832 3510 975 3547 τούτων
998 3515 1030 3547 A
1056 3515 1068 3558 Ι]
1098 3516 1141 3549 38
1177 3511 1334 3547 ‹indam-
1402 3514 1435 3547 R
1464 3512 1477 3556 ΙΙ
1506 3514 1548 3546 29
1585 3512 1680 3545 cadat
1702 3513 1736 3547 V
1763 3512 1776 3556 ΙΙ
1802 3515 1843 3547 33
1877 3513 2045 3555 corporari
2074 3511 2206 3553 eligerit
2233 3512 2264 3543 R
2293 3510 2306 3554 fl
2333 3512 2375 3545 34
2410 3512 2471 3544 im-

261 3556 373 3598 σμένη
396 3557 427 3588 A
445 3556 575 3600 1141εᾳ.
599 3554 622 3599 ἣ
643 3554 855 3603 ἀσκητηρίου
879 3571 938 3592 om.
962 3559 994 3591 A
1401 3556 1554 3590 mobilem
1575 3560 1607 3589 et
1628 3557 1878 3591 ecclesiasticam
1903 3558 1951 3590 12¹
1978 3557 1990 3602 ss
2012 3557 2206 3602 phochioam
2229 3554 2292 3598 R}
2315 3556 2357 3590 37
2381 3555 2472 3589 dedit

266 3619 1326 3631 Ἦ
1402 3601 1436 3637 V
1456 3600 1608 3646 ”credito
1634 3603 1824 3642 Heimbach]
1848 3602 1992 3635 creditor
2015 3602 2093 3635 libri
2107 3601 2120 3641 ΙΙ
2144 3601 2186 3634 39
2208 3602 2267 3632 aut
2289 3599 2369 3639 (alia
2391 3614 2415 3635 s,
2441 3615 2470 3636 υ.

310 3646 325 3678 1
358 3644 413 3677 uel
438 3644 554 3685 RVT]
579 3650 637 3679 aut
658 3649 742 3692 vulq.
770 3648 784 3693 u
812 3649 1016 3682 soenodooho
1040 3652 1099 3681 aut
1122 3649 1333 3682 nosochomio
1402 3648 1479 3680 add.
1503 3646 1566 3688 R2)
1591 3647 1748 3679 uer-abilis
1768 3646 1803 3679 R
1826 3647 1839 3689 ΙΙ
1863 3650 2025 3679 mutatum
2045 3645 2095 3678 Β*
2117 3644 2130 3689 fl
2157 3647 2196 3678 41
2226 3645 2470 3681 soenodoohum

263 3688 299 3725 V
355 3689 574 3733 bethotropho
598 3692 629 3724 R
660 3692 673 3735 Ι
703 3694 722 3726 2
758 3694 899 3727 asisterii
921 3693 990 3728 RV
992 3694 1024 3727 T
1050 3692 1064 3738 fl
1090 3696 1109 3727 3
1140 3694 1331 3737 disspoitum
1402 3690 1439 3726 V
1455 3690 1468 3738 fl
1487 3693 1528 3725 42
1553 3695 1611 3725 aut
1634 3691 1775 3725 misterii
1801 3692 1867 3725 BT
1886 3704 1944 3725 om.
1971 3690 2004 3726 V
