2618 4010
106 163 109 165 Ι
152 115 317 149 POPULI

150 219 286 262 ρημένα
310 214 545 261 πράττοντες,
571 216 773 260 πραίτωρες
796 210 836 247 δὲ
864 214 942 248 τῶν
968 210 1153 258 ὃήμωνοὶ
1174 213 1235 256 τῆς

150 257 313 300 εὐταξίας
338 258 462 294 αὐτῶν
483 257 839 303 ἀντιλαμβανόμενοι
863 262 923 292 καὶ
946 260 1010 293 τοῦ
1039 261 1233 305 συμφέρον-

150 306 174 341 2
219 317 279 340 τος
303 303 421 340 αὐτοῖς
443 306 692 350 προνοοῦντες.
767 302 903 349 Ἀμέλει
926 303 994 348 τὴν
1017 301 1129 350 ἀρχὴν
1151 302 1233 338 ταύ·

149 364 217 395 την
253 349 364 386 πάλαι
399 349 535 394 σεμνὴν
563 342 676 383 οὖσαν
706 352 766 383 καὶ
801 352 861 384 ἐπὶ
899 350 960 393 τῆς
991 352 1234 397 πρεσβυτέρας

149 393 280 441 Ῥώμης
303 394 611 439 πολιτευσαμένην
637 393 818 441 λαμπρῶς,
843 397 903 429 ἐπὶ
927 396 1006 429 τῶν
1028 394 1171 442 χρόνων
1190 392 1231 428 οὗ

148 440 261 487 μόνον
285 438 344 475 οὓς
374 440 411 475 οἱ
441 438 638 486 αὖτοκράτο
663 452 696 474 ες
719 443 834 483 ἔσχον,
867 438 956 474 ἀλλὰ
987 444 1047 474 καὶ
1077 442 1154 476 τῶν
1177 442 1232 474 ἔτι

150 490 384 533 πορρωτέρω,
416 489 476 520 καὶ
502 483 524 529 ἦ
547 485 636 532 μεγά
659 499 679 528 η
712 486 814 520 πόλις
843 482 936 528 αὕτη
967 484 1142 531 δεξαμένη
1165 485 1234 529 τὴν

148 531 257 577 ἀρχὴν
280 530 345 565 οὐκ
369 529 685 577 εὐκαταφρόνητον
717 533 805 574 ἔσχε.
854 533 1047 577 τοιγαροῦν
1078 529 1162 566 οὐδὲ
1193 533 1233 564 ἐν

149 576 270 620 πολλῷ
296 575 547 622 πρεςβυτάτοις
576 576 715 623 χρόνοις
746 575 1011 620 μεμαθήκαμέν
1041 589 1142 611 τινας
1170 576 1232 611 τὰς

1241 97 1310 144 101

2015 100 2122 143 Nov.
2153 100 2259 143 XIII
2292 103 2325 142 1.
2360 104 2385 142 2

1304 214 1433 255 agunt,
1470 215 1655 256 praetores
1693 221 1774 247 vero
1812 212 2025 256 populorum
2060 212 2098 247 hi
2132 212 2194 256 qui
2229 212 2382 257 quietem

1304 268 1426 293 eorum
1450 257 1646 293 defendunt
1670 260 1706 292 et
1730 257 1824 300 quod
1849 257 1900 292 eis
1926 258 2069 302 expedit
2092 258 2290 303 provident.

1303 302 1326 337 2
1372 303 1512 338 Revera
1546 303 1641 339 enim
1680 301 1889 346 dignitatem
1925 303 2036 345 hanc,
2076 304 2160 338 olim
2196 304 2382 339 honestam

1303 348 1534 383 constitutam
1565 350 1602 384 et
1630 348 1668 383 in
1684 347 1839 383 seniore
1871 347 1987 383 Roma
2017 349 2053 384 in
2085 359 2153 384 usu
2176 349 2380 394 frequenta-

1268 399 1286 430 5
1302 398 1374 429 tam
1398 393 1592 438 splendide,
1617 393 1656 428 in
1679 392 1900 437 temporibus
1922 403 1993 428 non
2018 394 2132 429 solum
2156 404 2247 439 quae
2270 394 2381 439 impe-

1301 444 1439 475 ratores
1463 440 1684 482 habuerunt,
1717 437 1782 473 sed
1806 440 1843 472 et
1865 437 1983 472 adhuc
2006 439 2163 482 longius,
2196 445 2232 475 et
2254 450 2382 484 magna

1302 484 1426 520 civitas
1464 485 1554 520 haec
1589 484 1788 530 suscipiens
1824 482 2031 526 dignitatem
2068 496 2140 520 non
2177 485 2382 530 despectam

1300 530 1437 565 habuit.
1475 530 1530 566 Ne
1555 540 1602 565 ue
1621 530 1714 565 enim
1737 529 1774 564 in
1797 528 1948 563 multum
1964 529 2143 565 veteribus
2162 531 2381 575 temporibus

1302 575 1490 611 didicimus
1514 586 1536 610 a
1553 575 1652 619 'quos
1677 584 1824 619 magnas
1856 573 2047 617 dignitates
2078 575 2381 618 administrantem

147 621 299 668 μεγάλας
322 624 401 656 τῶν
424 619 546 668 ἀρχῶν
571 622 872 675 (Σιαχειρίσαντας,
907 621 946 655 αἲ
968 624 1050 667 περὶ
1075 622 1143 665 τὴν
1166 626 1229 666 βα·
1247 625 1286 657 10
1301 631 1392 666 quae
1416 622 1512 656 circa
1535 621 1721 665 imperium
1745 622 1849 662 sunt,
1883 622 1919 654 et
1942 623 2026 663 post
2050 620 2139 655 haec
2163 632 2235 656 non
2259 621 2381 665 digna-

149 667 287 702 σιλείαν
321 668 422 709 εἰσίν,
460 668 538 702 εἶτα
572 679 723 713 υστερον
757 664 819 701 οὐκ
855 664 1136 706 ἇπαξιώσαντας
1171 670 1231 700 ἐπὶ

148 713 275 747 τούτου
297 714 362 747 τοῦ
386 717 650 758 φροντίσματος
672 713 858 760 γενέσθαι.
906 710 1011 745 Κατὰ
1039 711 1167 758 μικρὸν
1191 710 1231 745 δὲ

132 755 244 793 ὀὕτω
277 757 318 792 τὸ
351 759 499 805 πρᾶγμα
531 757 665 792 εὐτελὲς
698 757 811 802 ὤφθη
846 759 906 790 καὶ
938 755 1039 796 ἄξιον
1076 755 1230 799 οὐδενός,

149 801 237 838 ὥςτε
260 800 342 838 οὐδὲ
366 806 405 837 ἐκ
428 800 623 857 συμβόλων
652 800 834 857 ἡμετέρων
856 802 1048 854 γίνεσθαι,
1082 803 1231 836 κεῖσθαι

1299 671 1355 701 tos
1387 666 1430 701 de
1462 667 1539 705 hac,
1554 677 1594 701 re
1618 665 1893 702 sollicitudinem
1922 664 2016 699 fieri:
2053 666 2223 710 paulatim
2249 667 2301 701 ita
2324 677 2381 701 res

1299 712 1441 747 abiecta
1470 712 1546 747 visa
1579 714 1635 747 est
1666 715 1702 747 et
1731 710 1851 746 nullae
1882 710 1934 745 rei
1964 709 2086 754 digna,
2119 715 2159 745 ut
2191 722 2305 756 neque
2336 722 2382 746 ex

1303 757 1473 792 codicillis
1499 757 1631 792 nostris
1648 756 1792 803 <fieret>‚
1817 756 1953 791 iaceret
1975 759 2096 791 autem
2120 767 2228 809 super
2250 757 2382 800 glorio-

1301 802 1448 837 sissimis
1469 803 1663 847 praefectis
1682 801 1907 846 felicissimae
1920 801 2025 836 huius
2040 802 2204 844 civitatis,
2224 806 2259 836 et
2270 803 2383 836 multa

149 848 188 883 δὲ
211 851 272 883 ἐπὶ
296 853 369 884 τοῖς
393 847 639 890 ἐνδοξοτατοις
656 851 822 893 ἐπαρχοις
836 858 897 890 της
915 844 1123 891 εὐδαίμονος
1146 845 1229 881 ταύ-
1247 851 1286 884 15
1299 857 1344 881 ex
1369 848 1492 882 ordine
1517 858 1639 883 eorum
1662 848 1768 883 istam
1788 847 2022 891 suscipientes
2043 847 2249 891 dignitatem
2266 851 2302 882 et
2319 847 2381 882 ad-

147 906 208 948 ‘tqs
237 892 392 936 πόλεως,
425 899 484 928 καὶ
514 893 560 928 τὰ
591 892 706 928 πολλὰ
737 892 819 927 τοὺς
842 894 882 925 ἐκ
913 893 974 935 τῆς
1005 891 1152 933 τάξεως
1170 894 1231 935 τῆς

148 941 272 974 αυτῶν
295 940 432 984 ταύτην
456 936 758 984 παραλαμβάνειν
787 936 855 980 τὴν
878 935 989 984 ἀρχὴν
1013 940 1071 971 καὶ
1101 936 1229 981 διαχει-

148 987 260 1031 ρίζειν
285 983 397 1029 αὐτὴν
415 984 480 1019 τὸν
502 984 656 1020 πάντων
679 982 848 1017 κάκιστον
872 980 1020 1026 τρόπον.
1057 986 1230 1030 Καίτοιγε

148 1031 183 1064 εἴ
201 1042 254 1064 τις
277 1030 454 1065 θεάσαιτο
478 1029 519 1083 τὸ
543 1031 604 1073 τῆς
633 1026 866 1082 ὄξρχαιιξτητος
898 1025 1005 1082 αὐτῆς
1036 1027 1229 1073 σύμβολον,

1299 892 1522 928 ministrasse
1558 904 1636 928 eam
1667 893 1810 928 omnino
1847 892 2011 937 pessime.
2058 892 2201 927 Etenim
2237 893 2267 928 si
2303 892 2381 937 quis

1300 937 1452 982 aspiciat
1476 938 1698 983 antiquitatis
1725 938 1800 974 eius
1826 938 2032 980 simbolum,
2057 938 2282 973 vehementer
2305 948 2383 973 eam

1301 982 1415 1026 qualis
1440 983 1574 1027 pridem
1599 986 1694 1027 erat,
1727 987 1763 1019 et
1783 983 1827 1018 de
1851 983 1907 1019 his
1937 993 2028 1028 quae
2052 994 2147 1019 nunc
2170 987 2254 1019 sunt
2278 983 2381 1019 doce-

1299 1027 1414 1071 bitur3
1453 1032 1645 1072 cognoscet
1680 1029 1773 1064 enim
1809 1039 1886 1063 eam
1921 1033 1958 1064 et
1987 1029 2104 1063 forum
2135 1029 2320 1075 proprium
2348 1033 2384 1063 et

148 1074 289 1131 ⁰90539‘1
321 1074 443 1119 αὐτήν,
481 1078 596 1109 οποία·
619 1087 660 1108 το
690 1086 868 1128 προτερον
901 1087 956 1116 ην,
990 1077 1050 1108 καὶ
1082 1076 1120 1107 ἐκ
1153 1076 1230 1108 τιῦν
1244 1077 1286 1109 20
1301 1072 1459 1107 officium
1492 1074 1817 1109 commentariensis
1856 1074 2046 1109 habentem
2078 1077 2115 1109 et
2146 1075 2218 1110 alia
2254 1074 2381 1116 omnia,

148 1123 215 1155 νῦν
230 1135 352 1155 οντων
366 1119 584 1164 μαθήσεται.
610 1121 687 1153 ἔστι
704 1132 772 1166 γαρ
786 1116 875 1166 αὐτῇ
890 1117 1123 1164 δικαστήριον
1136 1117 1231 1154 ἴδιον

149 1170 207 1199 καὶ
224 1166 330 1208 τάξις,
349 1168 672 1210 κομμενταρησιόυς
686 1177 726 1198 τε
740 1166 869 1206 ἔχουσα
890 1167 949 1198 καὶ
966 1163 1079 1198 τάλλα
1097 1163 1229 1206 πάντα,

149 1209 266 1247 ὁπόσα
289 1209 418 1255 σχεδὸν
438 1212 482 1257 τῇ
507 1209 700 1254 πολιαρχίᾳ
720 1209 820 1256 παρὰ
842 1211 920 1243 τῶν
943 1207 1070 1254 νόμων
1094 1208 1229 1256 ἆφώρι·

149 1269 240 1291 οταν

1301 1129 1390 1163 quae
1414 1129 1528 1163 paene
1553 1119 1705 1155 civitatis
1732 1119 1870 1170 cingulo
1892 1129 1914 1153 a
1937 1119 2074 1163 legibus
2096 1119 2268 1166 deputata
2285 1122 2379 1155 sunt.

1147 1311 1307 1348 CAPUT
1331 1311 1377 1346 II.

180 1372 252 1435 Kfi)
274 1378 422 1424 Ἐπειδὴ
433 1377 595 1423 τοίνυνὴ
622 1383 669 1414 εἷς
682 1378 804 1415 πάντα
819 1377 1095 1427 διερευνώμενοι
1113 1379 1158 1414 τὰ
1173 1394 1226 1427 γε-
1242 1384 1282 1415 25
1344 1380 1436 1424 Quia
1463 1380 1571 1424 igitur
1599 1391 1664 1415 nos
1698 1380 1817 1415 omnia
1848 1382 2137 1425 perscrutantes,
2170 1390 2262 1425 quae
2285 1379 2383 1415 facta

146 1439 281 1471 νομενα
304 1425 474 1472 πρόσθεν
490 1427 579 1460 σπεύ
605 1439 690 1469 oper
709 1426 757 1460 εἰς
775 1424 948 1460 καλλίονα
963 1425 1067 1467 τάξιν
1083 1429 1143 1460 καὶ
1161 1425 1228 1469 τὴν

145 1470 299 1518 ἀρχαίαν
313 1470 516 1528 σεμνότητα
528 1474 587 1505 καὶ
599 1470 666 1514 τὴν
680 1467 809 1505 τούτου
823 1472 886 1506 τοῦ
900 1470 1107 1519 πράγματος
1119 1473 1227 1506 ἐπαν-

148 1520 293 1564 αγαγεῖν
327 1521 529 1561 ευκοσμίαν,
569 1517 629 1550 ἵνα
666 1516 715 1561 μὴ
747 1515 882 1552 κλοπαί
909 1530 949 1551 τε
981 1514 1071 1564 παρ)
1106 1515 1228 1552 αὐτῶν

145 1566 304 1609 γίνοιντο
335 1565 463 1605 συχναὶ
486 1565 545 1595 καὶ
568 1566 756 1596 κοινωνίαι
781 1561 870 1607 πρὸς
894 1561 975 1597 τούς
999 1561 1228 1604 κλέπτοντας,

1299 1430 1383 1461 sunt
1418 1426 1574 1470 pridem,
1616 1425 1826 1461 festinamus
1862 1425 1900 1460 in
1935 1426 2116 1461 meliorem
2151 1426 2311 1460 ordinem
2348 1429 2384 1459 et

1298 1471 1483 1515 antiquam
1518 1471 1743 1506 honestatem
1779 1475 1815 1506 et
1848 1471 1954 1506 huius
1991 1471 2043 1506 rei
2075 1471 2244 1506 reducere
2276 1481 2381 1505 orna-

1298 1521 1474 1559 mentum,
1500 1520 1540 1551 ut
1562 1527 1634 1551 non
1659 1516 1758 1552 furta
1782 1517 1827 1552 ab
1853 1517 1903 1552 eis
1928 1516 2018 1551 fiant
2041 1516 2242 1561 frequentia
2264 1519 2300 1551 et
2325 1527 2382 1550 so-

1299 1563 1447 1597 cietates
1472 1573 1553 1597 cum
1577 1562 1735 1602 furibus,
1761 1566 1797 1597 et
1820 1562 1953 1597 iudicia
1972 1562 2103 1606 negligi
2127 1565 2163 1597 et
2187 1562 2322 1606 sperni,
2347 1565 2383 1596 et

146 1610 206 1641 καὶ
227 1607 267 1646 ,αἱ
291 1611 421 1652 κρίσεις
449 1606 601 1652 ἐκμελεῖς
623 1621 663 1642 τε
686 1611 745 1641 καὶ
774 1607 929 1651 ἐξίτηλοι
953 1612 1013 1642 καὶ
1045 1604 1124 1643 οὐδ’
1151 1607 1228 1642 ἑνὸς
1243 1612 1285 1644 30
1298 1607 1430 1643 nullius
1455 1607 1582 1651 dignae
1606 1607 1804 1651 procedant
1822 1607 1984 1649 rationis,
2008 1611 2200 1652 propterea
2217 1607 2382 1642 aestima-

146 1651 243 1694 ἄξιαι
265 1656 498 1699 προέρχοιντο
523 1651 646 1699 λόγου,
672 1651 731 1687 διὰ
751 1654 857 1687 τοῦτο
878 1651 1055 1698 ᾠήθημεν
1078 1652 1124 1687 τὰ
1146 1655 1228 1699 περὶ

147 1697 259 1741 αὐτὴν
282 1697 528 1744 διορίσασθαι.
574 1695 834 1742 Ἐνενοὴσαμεν
860 1699 928 1745 γὰρ
953 1698 1017 1740 ὠς,
1041 1699 1073 1733 εἰ
1095 1712 1227 1744 χρημα-

146 1745 261 1778 τικῶν
284 1746 403 1778 ἕνεκεν
426 1741 549 1785 δικῶν,
583 1746 622 1777 ἐν
653 1743 705 1778 αἷς
728 1741 791 1778 οὐκ
816 1745 856 1778 ἐν
879 1749 1058 1797 μεγίστοις
1085 1746 1186 1779 ἐστὶν
1210 1743 1229 1778 ὁ

146 1787 324 1831 κίνδυνος,
351 1785 429 1823 ἀλλ’
457 1790 497 1823 ἐν
519 1787 674 1835 χρήμασι
695 1787 834 1833 μόνοις,
867 1786 964 1833 ὅμως
986 1786 1094 1833 ἀρχαί
1115 1803 1154 1823 τε
1179 1788 1229 1824 δι-

1297 1653 1410 1688 vimus
1435 1663 1526 1698 quae
1549 1653 1644 1687 circa
1675 1663 1718 1687 ea
1750 1656 1834 1688 sunt
1858 1653 2016 1688 definire.
2066 1653 2254 1688 Sancimus
2278 1653 2381 1694 enim,

1298 1698 1476 1744 quoniam,
1501 1698 1531 1733 si
1554 1701 1703 1743 propter
1727 1698 1953 1743 pecuniarias
1977 1698 2069 1740 lites,
2094 1699 2132 1733 in
2156 1698 2286 1743 quibus
2309 1709 2382 1733 non

1297 1754 1464 1789 magnum
1483 1747 1538 1779 est
1556 1743 1757 1788 periculum
1777 1744 1845 1779 nisi
1865 1744 1902 1778 in
1919 1743 2082 1789 pecuniis
2101 1743 2198 1786 solis,
2223 1746 2382 1778 attamen

1298 1789 1488 1834 dignitates
1521 1799 1583 1824 eas
1614 1789 1777 1825 iudicant
1805 1799 1954 1834 magnae
1987 1793 2022 1824 et
2046 1789 2251 1824 multotiens
2277 1789 2382 1823 etiam

146 1833 314 1876 κάζουσιν
345 1834 384 1868 αἱ
412 1837 580 1881 μέγισται
610 1838 671 1868 καὶ
705 1833 872 1868 πολλάκις
904 1837 963 1868 καὶ
994 1833 1229 1869 συνδικασταὶ
1243 1838 1284 1871 35
1298 1834 1515 1870 cumiudices
1536 1834 1668 1869 dantur
1689 1838 1724 1869 et
1742 1834 2021 1870 innumerabiles
2042 1834 2297 1869 sollicitudines
2317 1844 2381 1869 no-

147 1878 309 1914 δίὸονται
342 1883 402 1913 καὶ
432 1883 556 1926 μυρίαι
591 1878 779 1925 φροντίδες
809 1877 894 1925 ἡμῖν
925 1881 1016 1914 εἰσιν
1046 1877 1136 1927 ὑπὲρ
1167 1882 1229 1915 τοῦ

145 1923 194 1969 μὴ
224 1924 270 1959 τὰ
305 1924 499 1972 πράγματα
533 1928 640 1971 χωρὶς
675 1929 824 1971 κρίσεως
859 1928 1039 1971 προϊέναι,
1076 1927 1155 1960 πῶς
1190 1924 1229 1959 οὐ

146 1969 319 2016 προςῆκόν
350 1972 451 2005 ἐστιν
485 1972 544 2005 ἐπὶ
580 1970 782 2012 δικασταῖς,
818 1969 869 2004 οἷς
901 1972 962 2005 ἐπὶ
994 1974 1071 2006 ταῖς
1103 1974 1230 2016 ψυχαῖς

145 2018 222 2049 τῶν
244 2018 467 2069 κρινομένων
488 2017 587 2050 ἐστὶν
607 2012 625 2050 ὁ
645 2013 818 2057 κίνδυνος,
843 2017 967 2050 πᾶσαν
983 2016 1127 2051 θέσθαι
1143 2016 1229 2064 πρό-

1297 1880 1354 1915 bis
1372 1884 1467 1922 sunt,
1492 1883 1532 1915 ut
1550 1890 1622 1915 non
1648 1890 1778 1915 causae
1803 1881 1880 1915 sine
1903 1880 2033 1915 iudicio
2053 1880 2267 1925 procedant:
2294 1890 2381 1924 quo-

1299 1926 1403 1961 modo
1428 1936 1500 1960 non
1526 1927 1731 1970 competens
1757 1929 1812 1960 est
1836 1925 1879 1960 de
1901 1925 2091 1969 iudicibus,
2120 1924 2248 1969 quibus
2274 1935 2383 1969 super

1298 1971 1485 2006 animabus
1509 1970 1744 2006 iudicantium
1769 1973 1823 2006 est
1846 1971 2062 2015 periculum,
2087 1980 2226 2006 omnem
2249 1980 2383 2015 ponere

1298 2016 1589 2069 providentiam„
1609 2016 1762 2060 qualiter
1791 2016 1945 2051 alicuius
1978 2015 2074 2060 digni
2099 2015 2301 2051 efficiantur
2324 2026 2381 2050 ra-

146 2074 261 2103 νοιαν,
292 2072 391 2095 οπως
413 2059 460 2095 ἄν
483 2072 581 2095 τινος
604 2059 698 2101 ἄξιοι
721 2064 881 2108 γίνοιντο
906 2058 1030 2108 λόγου,
1059 2059 1109 2105 μή
1127 2074 1230 2115 “nom
1243 2065 1286 2097 40
1299 2062 1418 2105 tionis,
1444 2072 1511 2096 nec
1531 2072 1684 2096 ammam
1709 2061 1861 2106 perdant
1884 2061 2036 2096 hominis
2061 2061 2137 2096 nati
2162 2061 2303 2106 quidem
2327 2071 2381 2096 se-

178 2105 262 2149 υχὴν
287 2103 501 2141 ἆπολέσαιεν
535 2103 740 2152 ἀνθρώπου
776 2109 988 2151 τικτομένου
1022 2109 1090 2150 μὲν
1122 2108 1229 2148 απαξ,

145 2151 342 2197 αναλαβεῖν
365 2150 406 2186 δὲ
428 2148 542 2194 αὐτὴν
572 2153 664 2186 ἐπὰν
693 2147 900 2186 ἀπολέσειεν
934 2149 996 2186 οὐκ
1029 2151 1228 2195 ἰσχύοντοςς

144 2243 169 2279 2
201 2242 353 2295 plebis,
376 2242 441 2294 qui
470 2242 547 2277 eius
569 2242 798 2288 disciplinam
828 2246 1026 2277 exerceant
1053 2242 1320 2288 commodisque
1349 2243 1593 2294 prospiciant.

1298 2108 1386 2187 incl,
1412 2107 1577 2187 {ccipere
1602 2110 1720 2141 autem
1745 2118 1839 2150 eam,
1874 2107 1957 2141 dum
1980 2106 2192 2151 perdiderit,
2225 2117 2297 2142 non
2321 2116 2381 2142 va-

1313 2157 1403 2188 entis

1709 2243 1763 2278 Ac
1784 2242 1963 2288 profecto
1990 2242 2085 2277 hunc
2115 2243 2381 2289 maqistratum,

146 2299 206 2334 qui
232 2287 317 2323 olim
339 2287 494 2333 inszqnis
513 2291 594 2322 erat
613 2291 649 2322 et
671 2286 709 2320 in
729 2291 845 2322 vetere
866 2286 985 2321 Roma
1009 2296 1089 2321 cum
1107 2286 1246 2322 honore
1269 2287 1604 2329 administrabatur,
1629 2298 1704 2322 non
1723 2287 1769 2322 iis
1791 2292 1931 2322 tantum
1957 2287 2179 2334 temporibus
2201 2299 2295 2334 quae
2317 2289 2381 2323 im-

144 2336 356 2379 peratorum
375 2332 549 2376 fuerunt,
572 2330 636 2366 sed
659 2331 766 2366 etiam
787 2330 1054 2377 superioribus,
1088 2330 1177 2366 haec
1197 2342 1341 2377 quoque
1361 2343 1495 2379 maqna
1519 2332 1606 2367 urbs
1630 2331 1690 2367 ubi
1717 2332 1870 2384 recepit,
1895 2331 1939 2366 ab
1968 2331 2074 2367 initio
2098 2331 2382 2380 haudquaquam

147 2380 388 2423 contemptum
412 2375 546 2410 habuit.
594 2374 726 2421 Itaque
757 2386 831 2410 non
865 2375 972 2410 nimis
994 2376 1139 2410 remotis
1174 2376 1394 2423 temporibus
1422 2376 1599 2422 quosdam
1633 2387 1873 2423 comperimus
1904 2377 2048 2422 maqnis
2079 2377 2278 2413 honoribus
2308 2379 2382 2414 illis

148 2422 210 2468 qui
241 2421 339 2456 circa
368 2421 624 2467 imperatorem
655 2424 742 2455 sunt
769 2420 880 2465 qestis
912 2419 996 2455 inde
1026 2431 1100 2455 non
1134 2420 1351 2473 dediqnatos
1381 2433 1458 2457 esse
1487 2421 1557 2457 hoc
1585 2433 1716 2456 munus
1747 2421 1940 2468 suscipere.
1988 2421 2174 2458 Paulatim
2203 2435 2287 2459 vero
2322 2435 2382 2459 res

148 2467 238 2502 adeo
263 2466 344 2502 vilis
366 2470 403 2502 et
424 2465 530 2500 nihili
549 2463 726 2509 facienda
744 2467 822 2501 visa
838 2468 903 2508 est,
923 2469 1027 2501 utne
1046 2476 1115 2512 per
1145 2465 1332 2502 codicillos
1360 2466 1504 2513 quidem
1537 2471 1685 2502 nostros
1711 2467 1833 2512 fieret,
1864 2465 1930 2501 sed
1951 2478 2068 2513 penes
2095 2467 2381 2514 qloriosissimos

142 2512 356 2559 praefectos
379 2509 485 2546 huius
506 2510 630 2556 felicis
653 2511 810 2546 civitatis
832 2514 943 2553 esset,
968 2515 1004 2546 et
1022 2510 1236 2557 plerumque
1285 2511 1323 2547 ui
1346 2513 1384 2547 in
1408 2512 1536 2558 officio
1560 2523 1686 2547 eorum
1709 2516 1845 2554 essent,
1871 2510 1967 2547 hunc
1989 2512 2244 2558 maqistratum
2267 2515 2379 2549 susci-

142 2560 274 2604 perent
302 2567 454 2602 eumque
476 2555 638 2602 pessima
669 2555 813 2590 omnino
849 2555 992 2590 ratione
1020 2560 1197 2601 qererent.
1254 2522 1482 2603 Zuamquam
1509 2557 1541 2592 si
1571 2557 1654 2603 quis
1688 2556 1920 2609 antiquitatis
1950 2557 2028 2593 eius
2060 2558 2202 2604 insiqne
2231 2563 2379 2604 spectet,

146 2600 266 2649 qualis
293 2606 401 2637 antea
423 2601 542 2646 fuerit
570 2600 712 2636 abunde
740 2601 848 2636 etiam
877 2611 927 2636 ex
955 2601 1002 2635 iis
1033 2611 1128 2647 quae
1149 2612 1245 2637 nunc
1274 2607 1360 2637 sunt
1388 2606 1569 2654 aqnoscet.
1619 2601 1689 2638 Est
1718 2613 1812 2638 enim
1842 2601 1897 2636 illi
1920 2603 2119 2649 proprium
2142 2603 2314 2639 iudicium
2345 2610 2381 2640 et

146 2647 331 2728 Jsicium,
363 2645 464 2726 quotd
494 2650 531 2681 et
558 2645 895 2681 commentarienses
926 2645 1057 2682 habeat
1089 2650 1126 2682 et
1155 2646 1297 2693 reliqua
1329 2658 1449 2683 omnia
1481 2651 1619 2694 quanta
1646 2648 1730 2693 fere
1754 2647 2021 2695 praefecturae
2050 2647 2152 2683 urbis
2187 2660 2211 2684 a
2242 2649 2380 2695 leqibus

171 2703 220 2728 est
248 2697 337 2727 nata
359 2702 428 2727 sun
447 2719 453 2726 .

222 2704 247 2739 'q
278 2737 324 2772 ΙΙ.
373 2735 550 2779 Quoniam
570 2736 684 2782 iqitur
712 2747 781 2771 nos
809 2736 930 2771 omnia
953 2747 1047 2782 quae
1071 2740 1155 2772 ante
1176 2737 1282 2782 facta
1302 2740 1389 2773 sunt
1407 2737 1635 2784 perscrutati
1658 2737 1708 2773 ad
1730 2737 1913 2774 meliorem
1938 2738 2100 2774 ordinem
2124 2743 2159 2775 et
2183 2739 2379 2786 pristinam

147 2782 360 2829 diqnitatem
388 2781 494 2817 huius
517 2792 662 2828 quoque
684 2781 739 2816 rei
761 2780 992 2828 disciplinam
1013 2781 1186 2817 reducere
1209 2782 1409 2825 studemus,
1433 2794 1479 2818 ne
1501 2782 1546 2818 ab
1570 2783 1660 2830 ipsis
1684 2787 1721 2819 et
1740 2783 1848 2829 furta
1873 2783 2000 2819 crebra
2023 2789 2060 2820 et
2085 2784 2277 2820 societates
2300 2796 2379 2821 cum

145 2827 355 2875 furantibus
372 2827 476 2872 fiant,
502 2838 588 2862 neve
610 2826 746 2861 iudicia
767 2826 860 2862 levia
878 2831 913 2862 et
933 2827 995 2861 lan
1023 2826 1111 2862 uida
1128 2838 1193 2863 nec
1211 2827 1320 2863 ullius
1331 2828 1448 2875 pretii
1461 2828 1681 2875 procedant,
1703 2832 1903 2875 propterea
1924 2840 2018 2875 quae
2037 2829 2087 2865 ad
2101 2841 2180 2865 eam
2197 2841 2273 2866 rem
2295 2842 2378 2877 per-

148 2875 261 2909 tinent
283 2872 487 2918 definienda
510 2883 587 2907 esse
606 2871 824 2918 putavimus.
875 2870 983 2907 Consi
1009 2872 1188 2908 eravimus
1206 2873 1310 2915 enim,
1329 2873 1362 2908 si
1381 2873 1426 2908 de
1440 2873 1669 2919 pecuniariis
1690 2873 1820 2916 causis,
1844 2874 1883 2908 in
1900 2873 2031 2920 quibus
2054 2885 2127 2910 non
2145 2875 2189 2910 de
2209 2876 2380 2911 maximis

146 2918 270 2960 rebus,
298 2917 363 2953 sed
384 2917 429 2953 de
445 2916 615 2964 pecuniis
637 2916 728 2952 solis
748 2916 951 2963 periculum
975 2921 1044 2959 est,
1078 2921 1195 2954 tamen
1218 2922 1254 2954 et
1270 2921 1474 2964 potestates
1504 2919 1687 2954 maximae
1718 2918 1883 2955 iudicant
1911 2923 1948 2955 et
1977 2931 2087 2967 saepe
2112 2920 2219 2956 etiam
2242 2921 2379 2957 iudices

146 2964 307 3009 colleqac
335 2962 481 3004 dantur,
513 2967 550 2997 et
577 2966 759 2997 sescentae
791 2961 896 2996 nobis
924 2962 1185 2998 sollicitudines
1213 2968 1316 3006 sunt,
1348 2975 1393 2998 ne
1419 2974 1479 2999 res
1506 2964 1584 2999 sine
1611 2963 1746 2999 iudicio
1777 2963 1998 3009 procedant:
2035 2965 2162 3011 quidni
2185 2965 2312 3002 deceat
2340 2966 2378 3001 in

146 3008 322 3043 iudicibus
349 3007 460 3059 apud·
476 3018 569 3053 quos
597 3007 740 3042 animae
762 3017 908 3042 reorum
931 3006 969 3041 in
993 3007 1198 3044 discrimine
1220 3013 1322 3050 sunt,
1353 3008 1451 3044 omni
1470 3008 1525 3043 uti
1551 3019 1658 3050 cura,
1690 3012 1732 3044 ut
1760 3009 1915 3044 alicuius
1935 3010 2030 3055 fiant
2046 3010 2179 3057 pretii,
2211 3021 2257 3047 ne
2276 3011 2379 3057 forte

146 3054 303 3088 animam
326 3052 478 3087 hominis
493 3051 667 3099 perdant,
688 3052 750 3098 qui
773 3051 883 3087 semel
904 3052 1068 3087 nascitur
1090 3063 1155 3088 nec
1175 3064 1254 3088 eam
1278 3053 1338 3088 ubi
1355 3053 1520 3100 perdidit
1541 3053 1703 3099 recipere
1726 3053 1870 3089 valeat?

192 3147 211 3178 5
231 3139 361 3189 χρόνον
379 3144 410 3176 L
426 3142 438 3187 11
457 3145 475 3176 ’7
504 3145 747 3189 πορρωτέρων
766 3144 798 3176 L
813 3142 825 3186 11
845 3144 864 3175 9
886 3139 1028 3176 πολλοῖς
1041 3143 1087 3176 L¹
1113 3141 1225 3176 πολλὺ

150 3190 194 3223 1ιῖ
222 3188 234 3233 11
264 3190 341 3222 ταῖς
363 3185 530 3234 μεγάλαις
552 3188 601 3221 L2
623 3189 635 3231 fl
669 3192 708 3222 10
740 3186 808 3230 τὴν
837 3185 948 3232 ἀρχῆν
972 3188 1018 3220 L¹
1044 3187 1056 3231 11
1083 3184 1225 3234 διεγχει-

147 3237 317 3279 ρίσαντας
340 3234 372 3266 L
396 3232 408 3277 11
438 3235 475 3266 14
499 3230 609 3266 *οὔτε
635 3234 706 3267 ML
731 3232 743 3277 11
764 3230 870 3276 ἡμέτε
894 3245 936 3265 ον
958 3233 989 3265 L
1016 3231 1028 3276 11
1055 3235 1091 3266 15
1116 3229 1226 3279 ὑπάρ-

146 3290 217 3321 χοις
240 3280 272 3312 L
302 3279 314 3322 11
346 3281 384 3313 16
408 3275 490 3311 τοὺς
514 3279 574 3319 Μ]
599 3278 677 3311 τῶν
701 3279 733 3311 L
760 3277 771 3322 11
804 3280 843 3311 17
894 3274 1089 3323 ιᾶχωρίζην
1110 3274 1228 3311 αὐτοῖς

147 3327 177 3358 L
196 3326 208 3368 11
229 3327 266 3358 19
291 3321 346 3364 τὸ]
370 3323 424 3357 τῶ
443 3324 475 3356 L
494 3322 505 3367 11
522 3325 562 3357 21
583 3318 673 3364 αὕτη
694 3324 767 3356 ML
783 3322 794 3365 11
814 3324 856 3356 22
876 3325 1175 3368 κομενταρησίους
1195 3325 1226 3356 L

145 3371 460 3415 κομμενταρισίους
473 3369 519 3401 Μ
528 3368 540 3412 11
558 3370 600 3402 23
626 3366 824 3413 πολυαρχία
840 3368 914 3401 ML
931 3367 944 3411 11
960 3370 999 3402 31
1023 3365 1143 3401 τούτω
1163 3369 1193 3402 L
1217 3368 1227 3411 11

148 3418 189 3450 32
214 3412 337 3448 αὐτῶν
361 3415 557 3447 Haloander
575 3412 587 3457 11
591 3410 820 3465 χρηματικὸν
841 3412 873 3445 L
891 3411 904 3456 11
919 3414 962 3446 42
988 3411 1101 3456 αὐτὴν
1118 3427 1176 3447 om.
1196 3415 1227 3447 L

194 3475 207 3505 ι
243 3473 349 3514 agunt
372 3484 431 3504 om.
455 3470 490 3504 R
508 3471 551 3503 al.
579 3469 591 3514 11
622 3470 681 3511 qui
705 3483 764 3503 om.
785 3469 820 3502 V
839 3469 852 3513 11
883 3470 902 3502 2
940 3469 1041 3511 quod]
1079 3471 1138 3512 qui
1160 3469 1229 3549 BA!

146 3518 167 3551 4
190 3517 227 3550 in
251 3527 348 3549 usum
368 3517 403 3550 V
423 3515 436 3561 11
459 3516 668 3557 frequentata
691 3515 725 3548 R
740 3514 753 3559 11
772 3517 791 3548 5
822 3514 880 3555 qui
901 3514 934 3548 R
948 3513 962 3559 11
981 3517 1001 3549 6
1021 3517 1054 3548 et
1074 3523 1150 3559 post
1172 3527 1205 3549 se

149 3575 206 3596 om.
220 3561 335 3605 RV⁰11
355 3564 373 3596 7
399 3562 491 3602 haec]
517 3564 550 3594 te
573 3561 653 3593 haec
669 3560 702 3594 R
721 3558 733 3603 11
749 3559 909 3592 defectam
922 3559 954 3592 R
970 3559 982 3603 ΙΙ
1001 3561 1021 3595 8
1044 3560 1144 3594 multi
1162 3562 1194 3595 R
1216 3563 1230 3607 11

148 3607 168 3640 9
209 3606 368 3649 *aliquas
408 3608 484 3640 libri
516 3606 529 3650 11
560 3605 833 3638 *administratas
869 3615 953 3646 quae
989 3605 1020 3637 V
1046 3606 1132 3650 vulq.
1171 3607 1228 3639 ad-

148 3652 315 3684 ministrat
358 3654 458 3694 atque
490 3651 525 3685 R
559 3650 794 3683 administrans
833 3651 932 3691 atque
971 3650 1180 3686 Pistoriensis
1216 3650 1228 3694 11

153 3697 192 3730 10
224 3697 383 3738 *dignati
403 3698 434 3730 V
463 3696 620 3736 dignitati
641 3696 675 3729 R
706 3695 837 3737 dignari
861 3696 946 3738 vuly.
983 3695 1037 3729 An
1062 3708 1144 3731 corr.
1173 3697 1228 3730 de-

1295 3143 1471 3186 dignatos?
1498 3143 1510 3187 11
1535 3147 1571 3178 11
1598 3145 1773 3187 paulatim]
1798 3156 1877 3178 vero
1902 3147 1980 3179 add.
2004 3147 2089 3190 vulq.
2117 3146 2130 3189 11
2158 3149 2196 3181 12
2220 3147 2302 3189 visa]
2325 3148 2379 3181 ius

1294 3190 1329 3222 R
1355 3188 1367 3234 11
1398 3189 1534 3231 dignam
1547 3190 1680 3224 RVal.
1708 3190 1720 3234 11
1755 3192 1794 3225 13
1826 3190 1920 3224 fieret
1940 3193 2018 3226 add.
2040 3193 2126 3235 vulq.
2155 3191 2167 3235 11
2197 3194 2320 3233 autem]
2346 3197 2379 3226 et

1295 3234 1425 3266 animus
1451 3235 1485 3267 R
1512 3233 1524 3278 11
1554 3236 1664 3277 super]
1701 3234 1762 3268 sub
1794 3237 1879 3280 vulq.
1909 3235 1921 3280 11
1955 3239 1992 3270 14
2028 3237 2236 3270 felicissimae
2264 3238 2376 3280 huius]

1295 3281 1375 3312 haec
1400 3279 1587 3312 felicissime
1612 3280 1644 3312 R
1660 3279 1671 3324 11
1694 3283 1733 3314 15
1759 3282 1791 3313 et
1810 3281 1938 3315 videtur
1961 3282 2128 3315 delendum
2146 3282 2159 3325 11
2179 3284 2217 3316 16
2242 3284 2378 3316 omnino

1296 3335 1367 3357 eam
1389 3324 1423 3357 R
1441 3324 1452 3367 11
1471 3327 1511 3358 17
1537 3324 1676 3367 aspiciat
1696 3326 1739 3367 V]
1765 3326 1907 3368 accipiat
1930 3327 1963 3360 R
1986 3328 2028 3360 al.
2052 3327 2064 3370 11
2088 3327 2305 3369 antiquitates
2324 3330 2377 3362 Ra

1295 3370 1516 3411 antiquitasV
1529 3368 1540 3414 11
1559 3369 1743 3413 symbolum
1761 3372 1904 3412 Gentius]
1925 3371 2098 3414 cingulum
2112 3373 2188 3406 libri
2201 3373 2213 3417 11
2235 3375 2276 3408 19
2299 3384 2376 3416 cog-

1296 3426 1393 3447 nosce
1405 3415 1438 3448 R
1457 3413 1468 3458 11
1485 3415 1527 3448 20
1552 3415 1710 3449 habentes
1732 3417 1775 3449 Va
1794 3415 1806 3460 11
1822 3418 1861 3450 21
1891 3419 2044 3458 reputata
2061 3416 2117 3461 VH
2134 3419 2174 3451 27
2200 3420 2377 3461 antequam

1296 3460 1330 3493 R
1349 3460 1360 3503 11
1376 3459 1544 3501 reducere]
1570 3461 1745 3493 uendicere
1766 3462 1797 3494 R
1823 3461 1835 3505 11
1862 3463 1903 3495 28
1928 3464 1966 3493 ut
1986 3475 2044 3495 om.
2069 3462 2104 3495 R
2118 3462 2131 3506 11
2148 3463 2287 3497 societas
2310 3466 2344 3498 R

1298 3507 1340 3539 29
1365 3504 1504 3546 negligi]
1526 3515 1600 3537 cum
1625 3506 1752 3548 negligi
1768 3507 1798 3539 R
1816 3506 1828 3549 11
1845 3508 1887 3540 30
1914 3507 1973 3550 leq.
1999 3507 2127 3549 digna?
2144 3506 2353 3553 „propter-R

1298 3551 1338 3584 31
1364 3550 1585 3583 sancciuimus
1605 3549 1660 3595 1711
1681 3553 1721 3584 33
1747 3562 1784 3583 ac
1809 3553 1919 3583 tamen
1940 3552 2015 3585 RV
2029 3553 2072 3586 al.
2092 3551 2161 3596 1135
2188 3554 2377 3588 coniudices

1297 3596 1382 3639 vulq.
1411 3594 1424 3638 11
1452 3596 1494 3629 36
1519 3606 1586 3628 non
1612 3608 1671 3630 om,
1693 3597 1727 3629 R
1754 3595 1766 3641 11
1798 3597 1839 3630 38
1865 3596 2087 3630 indicantium
2110 3598 2143 3632 R
2162 3597 2174 3643 11
2190 3610 2286 3634 omne
2309 3601 2343 3634 R
2374 3602 2379 3643 1

1297 3643 1339 3674 40
1364 3640 1475 3672 animo
1496 3641 1529 3674 R
1544 3643 1556 3683 11
1575 3641 1659 3682 nati]
1683 3652 1759 3673 nam
1783 3642 1816 3674 R
1834 3640 1902 3684 1141
1930 3644 2039 3676 autem
2063 3645 2146 3686 eam]
2166 3655 2243 3678 cum
2260 3655 2298 3678 ea
2312 3646 2343 3679 R
2367 3600 2377 3686 1

1296 3685 1503 3728 perdiderint
1525 3686 1653 3720 RVal.
1669 3687 1680 3731 11
1700 3687 1780 3727 non]
1804 3697 1893 3719 nunc
1917 3687 1951 3721 R
