2618 4010
1291 131 1378 179 324

230 244 474 301 προνοοῦντοςι
488 240 626 286 δηλαδὴ
648 239 778 277 τούτου
800 239 872 296 πρὸ
889 242 968 276 τῶν
988 239 1111 276 ἄλλων
1125 240 1306 295 ἀπάντων
1375 246 1458 279 ante
1482 243 1571 279 alios
1595 252 1716 279 omnes
1746 244 1825 290 ipso
1849 247 2073 283 sanctissimo
2097 246 2304 292 patriarcha
2335 245 2465 293 huius„

231 290 340 324 αυτοῦ
369 289 434 323 τοῦ
457 285 657 323 οσιωτάτου
686 299 908 333 πατριαρχου
938 288 1069 329 ταύτης
1101 298 1161 330 της
1189 285 1305 322 εὐδαί-
1373 288 1488 323 felicis
1511 287 1621 331 urbis,
1653 291 1695 323 ut
1717 298 1798 324 cum
1820 290 2016 335 pontificali
2039 291 2211 336 dignitate
2234 291 2311 336 ipse
2334 299 2444 326 causa

228 344 335 377 μονος
358 331 512 374 πόλεως,
545 328 634 367 dieve
653 330 745 375 μετὰ
775 332 837 375 τῆς
860 331 1036 379 ἱερατικῆς
1062 330 1222 371 ἐξουσίαι
1246 330 1305 366 αὖ·
1375 336 1478 368 utens
1511 343 1583 368 non
1615 332 1712 368 sinat
1742 333 1789 369 ab
1812 334 1886 370 ulla
1908 345 2063 380 persona
2092 346 2207 381 neque
2231 334 2444 371 sacerdotali

228 379 296 413 τὸν
310 377 364 421 τῷ
381 375 567 432 πράγματι
589 376 778 424 χρώμενον
799 374 848 421 μὴ
863 380 1060 423 συγχωρεῖν
1083 374 1183 422 παρὰ
1202 374 1305 421 μηδε-
1374 386 1490 421 neque
1512 377 1671 412 iudiciali
1695 387 1810 423 neque
1828 378 1978 416 aliorum
2001 381 2074 416 ulla
2092 380 2333 426 praevaricari
2353 389 2445 425 quae

228 421 289 456 νὸς
311 432 503 469 προςωπου
524 420 614 467 μήτε
637 421 814 467 ἱερατικοῦ
837 420 927 465 μήτε
950 419 1091 465 ἀρχικοῦ
1115 420 1206 465 μήτε
1228 422 1306 456 τῶν
1342 426 1397 458 5ο.
1425 421 1528 457 nobis
1560 421 1725 457 ordinata
1755 426 1850 459 sunt.
1898 423 1967 460 Sed
1998 425 2115 470 ipsum
2144 426 2328 472 imperium
2358 434 2444 460 con-

228 464 349 501 ἆλλων
370 465 523 511 μηδενὸς
542 466 842 513 παραβαίνεσξαι
873 465 918 500 τὰ
943 462 1034 509 παρ’
1061 462 1165 509 ἡμῶν
1189 464 1304 502 διατε-
1374 466 1534 502 iuramus
1569 466 1615 502 ad
1649 476 1818 510 magnum
1851 468 2043 513 respiciens
2077 470 2200 515 deum,
2235 475 2276 507 ut
2306 479 2445 514 semper

227 513 399 558 ταγμένα.
446 509 535 546 ἀλλὰ
564 515 624 546 καὶ
649 508 762 554 αὐτὴν
791 510 859 554 τὴν
880 508 1070 554 βασιλείαν
1096 514 1306 557 κατακρίνο-
1374 513 1598 556 sceptrorum
1621 510 1783 548 dominus
1811 512 1895 548 huic
1924 513 1977 549 rei
2004 515 2198 559 provideat.
2246 515 2329 552 Non
2352 515 2444 550 enim

227 568 295 600 μεν
317 556 365 590 εἰς
386 554 454 591 τὸν
471 558 585 604 μέγαν
604 554 802 611 ἀφορῶσαν
827 553 929 596 θεόν,
955 550 1044 589 ὥστε
1062 554 1129 590 τὸν
1147 552 1202 590 ἀεὶ
1227 557 1306 590 τῶν
1374 556 1444 591 hoc
1466 566 1534 600 pro
1558 555 1645 592 solis
1669 560 1724 592 est
1746 557 1911 601 mortuis,
1944 558 2007 594 sed
2029 559 2135 595 etiam
2158 571 2224 605 pro
2246 560 2444 596 viventibus

229 600 425 646 σκήπτρων
455 599 580 648 κύριον
610 599 801 649 ἀγρυπνως
835 597 963 634 τούτου
999 600 1062 634 τοῦ
1099 598 1307 648 πράγματος
1375 603 1411 635 et
1439 601 1589 636 maxime
1619 601 1665 636 im
1692 602 1866 637 erantium
1894 602 2029 647 salute,
2058 604 2137 649 pios
2169 608 2272 641 actus
2302 605 2444 641 omnino

228 648 416 692 προνοεῖν·
439 644 480 680 οὐ
504 645 572 693 γὰρ
595 643 686 693 ὑπὲρ
708 643 834 689 μόνων
858 647 935 679 ἐστὶ
958 645 1066 679 τοῦτο
1090 647 1168 679 τῶν
1192 644 1306 680 τελευ-
1321 649 1362 681 10
1375 645 1420 681 ad
1440 645 1607 682 effectum
1629 656 1651 682 a
1677 646 1768 691 duci,
1793 650 1829 682 et
1846 657 1919 683 non
1937 647 2176 684 laborantium
2198 650 2331 686 bonum
2355 660 2446 694 opus

227 688 394 734 τώντων,
418 688 506 724 ἀλλὰ
523 694 583 725 καὶ
602 689 692 738 ὑπὲρ
715 692 776 733 τῆς
798 691 877 725 τῶν
898 688 1052 731 ζώντων
1071 692 1130 724 καὶ
1149 689 1306 734 μάλιστα
1374 700 1397 725 a
1413 691 1705 736 subsequentium
1730 691 1865 728 desidia
1881 692 2051 737 deperire.
2094 693 2195 730 Sicut
2214 699 2333 731 autem
2351 694 2445 729 mille

227 737 306 770 τῶν
328 734 598 779 βασιλευόντων
622 739 817 783 σωτηρίας,
842 733 884 769 τὸ
903 733 965 768 τὰς
989 731 1143 778 εὐσεβεῖς
1163 733 1306 781 πράξεις
1375 737 1517 771 centum
1549 736 1742 780 ergasteria
1772 737 1948 773 inminuta
1978 741 2014 772 et
2042 737 2119 774 sine
2148 739 2282 776 tributo
2314 739 2446 775 servari

228 779 374 815 πάντως
404 780 452 815 εἰς
482 782 588 828 ἔργον
612 779 769 827 ἄγεσθαι
800 783 859 814 καὶ
888 779 937 824 μὴ
968 777 1035 822 τὴν
1064 781 1143 814 τῶν
1174 791 1306 826 προπε-
1375 780 1636 833 disposuimus,
1671 782 1723 816 ita
1749 781 1886 827 reliqua
1915 792 1953 818 er
1976 783 2108 818 asteria
2136 784 2253 820 omnia
2284 784 2350 820 sub
2381 784 2444 818 tri-

228 825 446 868 πονηκότων
475 823 498 859 ἀ
523 826 637 870 αθοερ
662 829 721 860 ίαν
744 822 815 859 ὑπὸ
838 825 900 867 τῆς
930 824 1010 858 τῶν
1033 824 1156 869 ἐφεξῆς
1189 825 1305 870 ῥᾳθυ-
1374 825 1470 861 butis
1496 825 1667 862 constitui
1690 826 1879 870 sancimus,
1903 837 1927 862 n
1981 837 2002 863 0
2021 827 2163 872 penitus
2183 828 2362 865 licentiam
2381 829 2445 863 ha-

227 873 311 914 μίας
324 868 487 905 ἀπόλλυσ
522 884 567 904 αι.
599 839 731 914 ’ἒςῖςπερ
750 868 790 903 δὲ
807 867 852 903 τὰ
873 867 968 911 χίλια
987 867 1117 903 ἑκατὸν
1138 868 1306 915 έργαστὴ-
1321 874 1360 906 15
1374 869 1479 906 bente
1500 871 1662 915 excipere
1682 880 1726 907 ea
1741 871 1895 916 tributis,
1920 881 2035 917 neque
2054 872 2315 909 venerabilibus
2335 874 2445 910 domi-

228 928 289 960 ρια
313 912 475 959 ἀμείωτα
507 918 567 949 καὶ
600 913 707 958 ἀτελῆ
739 913 990 959 φυλάττεσθαι
1021 911 1306 959 ὃιετυπιόσαμεν,
1372 915 1441 951 bus
1472 925 1588 960 neque
1619 916 1853 952 xenodochiis
1886 927 2000 962 neque
2031 917 2213 953 asceteriis
2244 919 2300 953 vel
2322 928 2445 954 mona-

228 955 326 994 οὕτω
346 960 392 994 τὰ
408 958 516 995 λοιπὰ
536 956 658 994 πάντα
675 957 890 1006 ἐργαστήρια
908 955 1064 1002 ὑποτελῆ
1078 959 1306 995 καθεστάναι
1373 960 1491 996 steriis
1523 962 1587 996 aut
1617 961 1686 996 alio
1717 961 1895 1006 quolibet,
1929 962 1992 997 sed
2017 971 2131 1006 neque
2162 962 2242 1007 ipsa
2271 963 2447 1008 imperiali

231 1003 465 1048 θεσπίζομεν,
481 1002 632 1048 μηδενὸς
650 1002 838 1039 παντελῶς
854 1001 979 1038 ἄδειαν
994 1005 1137 1046 ἔχοντος
1152 1004 1306 1051 ἐξαιρεῖν
1373 1008 1498 1041 nostra
1521 1005 1625 1041 domo
1657 1010 1720 1042 aut
1744 1007 1804 1050 qui
1827 1007 1863 1042 in
1889 1007 2029 1050 cingulo
2062 1008 2125 1042 aut
2145 1007 2206 1052 qui
2227 1007 2265 1042 in
2288 1011 2445 1052 potesta-

229 1048 320 1083 αὐτὰ
338 1051 402 1083 τοῦ
423 1047 552 1090 τέλους,
576 1046 667 1093 μήτε
689 1050 767 1083 τῶν
791 1046 932 1095 εὖαγῶν
950 1048 1062 1083 οἴκων
1083 1047 1173 1092 μήτε
1197 1047 1303 1090 §svai-
1373 1049 1471 1085 tibus
1500 1053 1599 1093 sunt3
1633 1049 1696 1085 sed
1724 1049 1888 1085 omnibus
1918 1051 2121 1093 ergasteriis
2152 1050 2313 1086 similiter
2340 1059 2449 1095 agno-

227 1106 306 1128 νων
328 1092 418 1138 μήτε
440 1091 667 1140 ἀσκητηρίων
691 1090 713 1137 ἢ
731 1096 988 1139 μοναστηρίων
1011 1091 1033 1136 ἢ
1054 1093 1174 1140 ἑτέρου
1197 1091 1304 1135 τινός,
1319 1096 1361 1128 20
1373 1094 1555 1130 scentibus
1578 1094 1724 1138 tributa,
1753 1104 1821 1130 nec
1843 1094 2016 1140 paulatim
2040 1094 2180 1139 singula
2203 1104 2392 1131 excursare
2414 1098 2450 1130 et

227 1136 317 1173 ἀλλὰ
339 1137 430 1192 μηδὲ
446 1135 556 1173 αὐτοῦ
579 1140 644 1173 τοῦ
661 1138 852 1193 βασιλικοῦ
875 1137 980 1192 ἡμῶν
1002 1138 1099 1172 οἴκου
1123 1137 1145 1182 ἢ
1167 1140 1246 1173 τῶν
1266 1141 1306 1172 ἐν
1372 1138 1558 1183 proprIum
1593 1138 1746 1183 levigare
1784 1141 1820 1174 et
1861 1138 2006 1183 reliquis
2050 1138 2174 1183 paucis
2213 1138 2447 1174 existentibus

227 1180 350 1229 ἀρχαῖς
371 1197 394 1227 η
416 1184 494 1218 τῶν
518 1185 558 1218 ἐν
582 1182 796 1228 ὃυναμεσιν·
821 1181 910 1217 ἀλλα
930 1180 1083 1218 πάντων
1105 1183 1184 1217 τῶν
1204 1185 1304 1230 έργα·
1373 1186 1488 1219 totum
1518 1183 1691 1227 inponere
1720 1194 1822 1226 onus,
1854 1186 1889 1218 et
1913 1193 1957 1219 ex
1986 1184 2054 1218 hoc
2077 1193 2242 1228 magnum
2273 1183 2449 1219 sustinere

227 1232 386 1283 στηρίων
405 1225 536 1273 ὁμοίως
556 1226 876 1276 ἐπιγινωσκόντων
893 1226 940 1262 τὰ
956 1226 1050 1272 τέλη,
1074 1224 1164 1262 dim
1181 1227 1230 1273 μὴ
1250 1229 1304 1271 τῷ
1373 1228 1597 1273 dispendium
1620 1228 1715 1264 ferre
1738 1229 1806 1265 hoc
1829 1238 1904 1264 non
1928 1228 2099 1264 valentes.

228 1286 319 1307 κατα
350 1272 480 1319 μικρὸν
510 1275 663 1308 ἕκαστον
694 1272 913 1314 έξκουσεὺειν
943 1275 1003 1307 καὶ
1031 1271 1074 1307 τὸ
1106 1271 1200 1308 ἴδιον
1228 1271 1304 1307 ἔλα·

228 1315 379 1365 φρύνειν
401 1321 474 1353 τοῖς
492 1315 802 1363 ὑπολελειμμένοις
825 1317 955 1365 ὀλίγοις
978 1309 1057 1352 οὖσι
1077 1316 1119 1352 τὸ
1136 1318 1212 1352 πᾶν
1231 1319 1306 1352 ἐπι·
1322 1319 1363 1353 25

227 1363 377 1398 τιθέναι
390 1361 511 1409 βάρος,
531 1360 733 1398 κάντεῦθεν
752 1361 910 1410 μεγάλην
927 1359 1158 1408 ὑφίστασθαι
1174 1364 1308 1408 ζημίαν

227 1407 310 1443 τοὺς
333 1411 455 1456 φέρειν
479 1406 592 1452 αὐτὴν
613 1405 654 1443 οὗ
680 1406 906 1452 δυναμένους.
1443 1432 1449 1438 -

281 1450 567 1500 <Ἐπίλογος.>
610 1453 799 1488 Ἡτοίνυν
823 1452 867 1496 σὴ
889 1449 1043 1498 ὑπεροχὴ
1078 1455 1138 1487 καὶ
1161 1452 1197 1487 οἱ
1217 1449 1308 1495 μετά
1431 1452 1703 1498 (Epilogus.)
1758 1452 1838 1488 Tua
1866 1453 1973 1496 igitur
2005 1452 2177 1488 celsitudo
2212 1453 2249 1488 et
2277 1452 2338 1497 qui
2367 1453 2451 1497 post

229 1509 270 1533 σε
291 1497 361 1541 τὴν
378 1497 492 1541 αὐτὴν
515 1495 628 1544 ἀρχὴν
650 1496 950 1547 παραληψόμενοι
975 1501 1035 1532 καὶ
1058 1496 1079 1541 ἡ
1104 1498 1307 1541 πειθομένη
1375 1497 1445 1542 (te)
1468 1498 1618 1533 eandem
1646 1498 1987 1534 administrationem
2020 1497 2225 1542 acceperint
2256 1500 2291 1532 et
2321 1507 2450 1541 parens

229 1553 288 1578 σοι
307 1542 404 1584 τάξις
423 1543 469 1578 τὰ
483 1542 726 1589 παραστάντα
741 1541 825 1587 ἡμῖν
846 1540 908 1577 διὰ
923 1543 987 1576 τοῦ
1003 1541 1182 1587 παρόντος
1202 1543 1306 1577 θείου
1321 1544 1363 1577 30
1376 1543 1440 1578 tibi
1464 1542 1634 1586 officium,
1659 1552 1750 1587 quae
1773 1543 1988 1588 placuerunt
2010 1542 2113 1578 nobis
2140 1552 2205 1587 per
2227 1543 2451 1587 praesentem

229 1589 481 1636 πραγματικοῦ
501 1587 615 1623 τύπου
642 1589 710 1623 νῦν
738 1601 779 1623 τε
809 1590 869 1622 καὶ
893 1587 942 1621 εἰς
970 1585 1036 1621 τὸν
1060 1587 1137 1630 ἑξῆς
1160 1583 1308 1622 ἅπαντα
1378 1587 1531 1623 divinam
1555 1588 1808 1633 pragmaticam
1830 1587 2001 1629 formam,
2034 1598 2131 1623 nunc
2155 1590 2191 1622 et
2218 1587 2255 1622 in
2278 1586 2453 1631 reliquum

228 1631 700 1724 ἔὲξῗῖυὲἵῖἐῗᾷἱέυῧΐεης
716 1633 801 1714 ¹323
818 1641 879 1713 {¹1¹1
900 1632 1307 1722 nsssssffffssvfiscfi’enssffii
1376 1634 1581 1723 &inimtssm
1608 1633 1929 1723 “Βιῗιέἲῖἒῖἐιῖΐ·ρρ
1963 1633 2065 1722 23⁸3·
2081 1642 2253 1713 {iloni}
2280 1631 2449 1722 {⁰:5³3}

297 1707 304 1714 ι
597 1706 604 1713 1
703 1706 710 1714 ο
805 1706 811 1714 ι
883 1704 904 1721 ο,
1122 1703 1130 1713 0
1437 1705 1445 1713 ο
1545 1706 1552 1714 ι
1631 1706 1637 1713 ι
1934 1705 1941 1713 ο
2049 1706 2055 1712 ι
2247 1704 2254 1711 ο
2309 1704 2315 1712 ο
2357 1705 2363 1712 0
2437 1695 2451 1703 ο

228 1734 261 1759 v.
281 1733 311 1759 c.
337 1733 420 1759 ann.
434 1723 480 1759 11.
1282 1726 1326 1764 [a.
1343 1725 1420 1765 537]
1489 1722 1599 1759 lisarii
1622 1734 1654 1759 v.
1681 1733 1711 1758 c.

230 136 338 180 Nov.
368 135 466 179 LIX
497 138 533 178 7.
564 146 630 189 ep.
1832 148 1891 179 nn·
1919 147 2131 180 expansus
2159 146 2280 186 QUAE
2307 148 2445 180 mum·

228 1814 361 1861 spiciat
384 1812 469 1849 huic
491 1814 548 1850 rei
565 1817 715 1861 praeter
737 1816 877 1849 eeteros
900 1822 1023 1848 omnes
1044 1813 1058 1846 i
1084 1822 1123 1848 se
1146 1813 1395 1848 sanctissimus
1412 1812 1631 1859 patriarcha
1655 1811 1763 1847 liuius
1783 1812 1904 1856 felices
1923 1811 2037 1854 urbis,
2069 1815 2111 1846 ut
2132 1822 2211 1846 cum
2234 1812 2454 1848 sacerdotali

223 1862 410 1906 potestate
432 1858 501 1894 hac
523 1859 562 1894 in
585 1869 626 1894 re
648 1861 811 1894 versetur
833 1868 920 1894 neve
944 1857 988 1892 ab
1012 1856 1052 1892 ul
1066 1868 1089 1892 a
1105 1867 1272 1909 persona
1301 1858 1376 1893 sive
1399 1857 1604 1894 sacerdotio
1635 1857 1709 1892 sive
1731 1857 1948 1902 magistratu
1972 1855 2144 1902 praedita
2174 1857 2247 1892 sive
2270 1857 2346 1892 alia
2376 1857 2452 1893 ulla

229 1904 360 1940 violari
388 1914 482 1950 quae
505 1914 529 1939 a
551 1903 657 1939 nobis
689 1903 886 1938 constituta
916 1905 1002 1937 sunt
1024 1905 1207 1954 patiatur.
1259 1900 1354 1945 Quin
1377 1902 1485 1938 etiam
1514 1902 1632 1949 ipsum
1655 1901 1908 1947 imperatorem
1933 1900 2190 1952 obstringimus
2212 1901 2263 1937 ad
2283 1913 2453 1948 maqnum

230 1948 334 1985 deum
357 1948 626 1995 respicientem,
656 1951 698 1983 ut
719 1951 946 1994 sceptrorum
977 1957 1192 1993 quicumque
1222 1950 1278 1983 est
1306 1947 1517 1983 moderator
1546 1946 1740 1993 viqilanter
1769 1945 1853 1982 huic
1881 1946 1937 1982 rei
1952 1946 2180 1992 prospiciat:
2218 1957 2333 1993 neque
2361 1947 2454 1983 enim

227 2004 299 2041 pro
313 1993 403 2029 solis
425 1994 579 2029 mortuis
601 1992 671 2028 hoc
690 1992 747 2038 fit,
770 1991 835 2028 sed
852 1992 959 2028 etiam
975 2002 1052 2039 pro
1076 1991 1267 2028 viventium
1290 1995 1326 2028 et
1348 1991 1507 2028 maxime
1528 1991 1781 2039 imperantium
1805 1991 1933 2033 salute,
1958 1995 2000 2026 ut
2019 1992 2106 2037 piae
2125 1991 2287 2027 actiones
2306 1992 2452 2027 omnino

230 2038 281 2075 ad
302 2038 470 2084 effectum
493 2037 724 2074 adducantur
754 2047 841 2073 neve
870 2047 995 2072 eorum
1026 2037 1090 2082 qui
1110 2036 1223 2083 prius
1252 2035 1412 2073 laborem
1439 2040 1677 2083 susceperunt
1705 2035 1792 2072 bene
1821 2036 1927 2081 facta
1955 2046 2024 2082 per
2053 2045 2301 2071 successorum
2331 2037 2453 2084 neqle-

230 2084 389 2130 qentiam
405 2086 571 2130 pereant.
619 2081 923 2125 Quemadmodum
948 2084 1067 2117 autem
1090 2081 1186 2117 mille
1210 2085 1351 2117 centum
1376 2081 1550 2128 officinas
1580 2082 1742 2128 inteqras
1771 2084 1807 2116 et
1829 2081 2001 2116 immunes
2028 2081 2169 2117 servari
2191 2081 2369 2124 iussimus,
2401 2083 2453 2118 ita

230 2128 392 2175 reliquas
415 2138 538 2164 omnes
560 2127 733 2174 officinas
757 2126 900 2162 tributis
923 2126 1103 2162 obnooeias
1125 2136 1202 2162 esse
1224 2126 1417 2169 sancimus,
1441 2137 1511 2162 neu
1535 2126 1726 2172 quisquam
1749 2125 1893 2161 omnino
1918 2125 2098 2161 licentiam
2121 2124 2251 2161 habeat
2273 2126 2455 2162 eximendi

230 2184 294 2209 eas
324 2184 347 2209 a
375 2173 537 2215 tributis,
568 2183 655 2209 neve
680 2171 899 2208 venerabiles
929 2170 1058 2206 domus
1087 2181 1175 2207 neve
1203 2170 1364 2218 hospitia
1394 2181 1482 2207 neve
1513 2171 1689 2207 asceteria
1719 2170 1776 2206 vel
1798 2170 2019 2206 monasteria
2043 2170 2099 2206 vel
2124 2170 2219 2206 alius
2242 2171 2358 2214 ullus,
2389 2171 2455 2207 sed

230 2229 276 2254 ne
305 2218 388 2264 ipsa
418 2217 560 2264 quidem
595 2217 699 2264 reqia
730 2216 858 2252 domus
891 2218 1020 2251 nostra
1053 2215 1110 2252 vel
1143 2215 1209 2261 qui
1240 2216 1280 2250 in
1315 2215 1534 2262 maqistratu
1567 2215 1624 2252 vel
1656 2215 1695 2250 in
1720 2217 1906 2262 potestate
1940 2218 2146 2252 versentur:
2179 2225 2301 2251 verum
2333 2226 2455 2252 omnes

231 2274 253 2299 ο
273 2263 406 2309 ficinae
421 2262 568 2310 pariter
591 2266 794 2308 aqnoscant
817 2259 964 2303 tributa,
987 2271 1032 2296 ne
1055 2260 1139 2296 dum
1155 2260 1340 2307 paulatim
1364 2261 1421 2296 sin
1450 2260 1531 2296 ulae
1552 2271 1590 2297 se
1612 2263 1793 2296 excusant
1813 2263 1850 2296 et
1870 2270 1940 2296 sua
1964 2259 2136 2303 allevant,
2158 2259 2310 2306 reliquis
2321 2262 2455 2308 paucis

251 2309 369 2345 uturis
394 2311 507 2344 totum
531 2318 624 2343 onus
646 2307 694 2342 im
723 2310 848 2349 ouant,
872 2310 908 2342 et
930 2305 1013 2341 inde
1035 2316 1206 2352 maqnum
1227 2305 1382 2342 subeant
1429 2305 1653 2342 etrimentum
1678 2305 1741 2351 qui
1763 2304 1804 2340 id
1823 2304 1928 2351 ferre
1950 2309 2141 2351 nequeant.

366 2351 608 2400 Epiloqus.
693 2362 743 2387 ua
764 2351 880 2397 iqitur
902 2350 1104 2386 sublimitas
1126 2353 1162 2387 et
1185 2351 1249 2397 qui
1264 2354 1358 2398 post
1382 2354 1415 2387 te
1438 2350 1589 2387 eundem
1611 2350 1865 2396 maqistratum
1887 2350 2091 2397 suscepturi
2118 2353 2203 2386 sunt
2233 2353 2269 2386 et
2292 2350 2455 2396 officium

231 2398 331 2445 quod
361 2398 426 2434 tibi
449 2400 564 2445 paret
592 2408 637 2433 ea
666 2407 761 2443 quae
781 2407 856 2443 per
879 2399 1111 2443 praesentem
1143 2406 1287 2432 sacram
1305 2395 1576 2443 praqmaticam
1598 2395 1819 2431 sanctionem
1843 2394 1947 2431 nobis
1977 2395 2054 2431 visa
2077 2399 2162 2431 sunt
2184 2398 2220 2431 et
2242 2405 2338 2431 nunc
2360 2399 2395 2432 et
2417 2396 2456 2431 in

231 2454 335 2480 omne
357 2442 527 2489 deinceps
551 2446 689 2489 tempus
713 2440 924 2477 custodient.
1540 2445 1543 2447 ’

1427 2533 1447 2565 2
1467 2531 1579 2564 uerbis
1597 2544 1614 2564 r
1629 2530 1642 2571 ΙΙ
1661 2533 1699 2563 ut
1716 2544 1774 2564 om.
1788 2544 1806 2564 r
1852 2533 1963 2571 eausa]
1984 2540 2054 2562 eam
2074 2544 2090 2563 r
2105 2530 2117 2574 ΙΙ
2143 2532 2162 2564 3
2181 2531 2276 2563 utent
2294 2530 2350 2574 Vll
2368 2507 2457 2564 sinat

283 2536 303 2568 3
329 2530 452 2567 αὐτῶν
476 2534 526 2566 L¹²
550 2533 562 2576 ΙΙ
594 2535 613 2567 5
637 2529 782 2577 ἀρχικοῦ
807 2532 880 2565 ML
900 2534 955 2575 (cs.
973 2533 1121 2572 316,13)]
1145 2529 1308 2576 ἄρχοντι-

1378 2577 1478 2621 vul-a]
1492 2576 1589 2610 sileat
1607 2576 1640 2609 V
1659 2576 1708 2609 sic
1726 2577 1779 2608 eat
1797 2588 1815 2609 r
1860 2576 1882 2608 4
1896 2574 2026 2617 prium-i
2045 2587 2063 2608 r
2078 2574 2092 2618 ΙΙ
2109 2576 2128 2607 5
2148 2574 2325 2617 imperium
2346 2588 2404 2609 om.
2418 2591 2434 2609 r
2446 2576 2458 2620 ΙΙ

230 2578 293 2612 κοῦ
317 2592 342 2612 s.
355 2591 387 2611 υ.
402 2579 452 2620 M,
465 2578 550 2622 vuly.
568 2576 582 2623 ΙΙ
605 2579 625 2612 6
641 2576 954 2622 napae-nuffar
968 2577 1017 2609 La
1033 2575 1046 2619 ΙΙ
1065 2579 1083 2609 7
1102 2578 1161 2608 καὶ
1186 2589 1244 2611 om.
1259 2589 1279 2613 ς
1296 2576 1309 2620 l}

231 2627 252 2658 9
264 2619 448 2669 ἀγρύπνου
461 2624 504 2665 L,
518 2635 576 2657 om.
590 2634 609 2659 ς
627 2621 640 2667 ΙΙ
666 2623 705 2656 13
719 2620 1006 2667 προπενηκότων
1018 2621 1049 2654 L
1068 2620 1080 2660 11
1100 2622 1139 2654 18
1153 2620 1309 2667 ἐξαίρειν

230 2669 276 2702 Μ
293 2669 306 2713 ΙΙ
324 2670 365 2703 23
379 2668 433 2702 τῶ
446 2669 507 2709 Μ]
531 2666 574 2701 τὸ
587 2668 619 2701 L
634 2667 647 2711 11
666 2669 709 2701 24
722 2662 965 2707 έξκουσσεύειν
979 2666 1010 2699 L
1029 2669 1041 2708 ΙΙ
1064 2667 1106 2700 26
1119 2662 1239 2710 βάραν
1254 2668 1284 2699 L
1298 2665 1310 2710 ΙΙ

231 2714 275 2747 32
298 2709 444 2759 χρόνους
454 2714 487 2747 L
508 2716 520 2756 ΙΙ
545 2715 666 2747 subscr.
681 2713 747 2745 dat.
761 2715 837 2755 post
850 2722 939 2745 cons.
954 2710 1096 2744 bilisarii
1109 2710 1268 2753 (uilisarii
1283 2709 1310 2753 ὓ)

230 2757 336 2793 Iumw
354 2757 367 2803 ΙΙ
382 2769 426 2791 111
445 2768 523 2791 non.
538 2758 623 2790 Nov.
643 2758 760 2798 ςΑῑΙι]
782 2767 828 2791 111
851 2767 927 2790 nov,
950 2757 996 2789 M
1019 2757 1105 2798 μηνὶ
1129 2758 1309 2800 νοεμβρίῳ

234 2804 354 2839 Theod.
374 2802 387 2847 ΙΙ
412 2802 478 2836 GP.
495 2803 574 2844 imp.
591 2802 771 2836 Iustinian.
793 2813 849 2845 pp.
872 2812 947 2844 aug.
968 2811 1045 2833 ann.
1060 2800 1113 2833 XI
1135 2803 1212 2845 post
1225 2801 1309 2834 Bili-

231 2848 320 2882 aario
343 2858 393 2880 vc.
418 2858 523 2881 conss.
545 2858 623 2880 ann.
636 2847 672 2879 11
697 2847 745 2880 M
769 2847 835 2879 GP.
860 2846 940 2889 imp.
966 2846 1021 2878 dn.
1046 2846 1129 2878 lust.
1153 2856 1210 2890 pp.
1233 2856 1308 2888 aug.

230 2903 309 2927 ann.
322 2892 375 2926 XI
396 2903 447 2935 po.
470 2892 626 2925 Belisarii
645 2902 693 2924 vc.
715 2903 735 2928 ς
757 2889 940 2934 βασιλείας
963 2892 1035 2924 ἔτει
1060 2889 1114 2924 ια’
1129 2890 1221 2934 μετὰ
1243 2891 1310 2933 τὴν

230 2935 408 2973 ὑπατείαν
438 2935 650 2983 Βελισαρίσυ
679 2934 721 2970 τὸ
751 2935 789 2980 β’
818 2933 887 2971 ἰνὸ.
913 2935 965 2969 ια’
992 2937 1088 2978 (corr.
1114 2932 1161 2978 α’)
1190 2936 1309 2970 ΤΙιεοᾱ.

231 2981 322 3027 μετὰ
352 2980 420 3025 τὴν
451 2979 628 3016 ὑπατείαν
654 2978 866 3028 Βελισαρίου
890 2979 932 3016 τὸ
954 2977 994 3028 γ’
1021 2978 1205 3024 βασιλείας
1226 2977 1308 3014 Ἰου-

232 3027 420 3062 orsmaro&
443 3025 502 3073 <τὸ
526 3026 592 3071 ια’)
615 3028 691 3061 Am.

1379 2621 1637 2655 coniunauimus
1657 2633 1675 2654 r
1694 2619 1707 2664 ΙΙ
1723 2621 1743 2654 8
1760 2621 1810 2653 est
1829 2622 1858 2661 r]
1880 2625 1912 2652 et·
1933 2620 1967 2652 V
1979 2619 1990 2663 ΙΙ
2007 2620 2067 2663 leq.
2085 2619 2295 2652 viventium?
2313 2618 2326 2664 ss
2342 2622 2362 2654 9
2381 2621 2457 2663 pius

1379 2680 1396 2700 r
1413 2666 1472 2711 Vn
1494 2668 1568 2699 acto
1589 2665 1645 2709 Vn
1670 2667 1711 2699 10
1735 2665 1890 2698 affectum
1913 2677 1930 2698 r
1952 2663 1965 2707 ss
1989 2666 2028 2698 11
2054 2674 2074 2696 a
2096 2666 2194 2708 only]
2220 2664 2261 2697 ad
2284 2678 2303 2698 r
2318 2665 2351 2698 V
2366 2665 2379 2708 ΙΙ
2402 2666 2457 2698 de-

1379 2711 1524 2745 siderare
1534 2710 1643 2754 perire
1664 2709 1720 2753 Vl!
1739 2710 1781 2744 12
1794 2711 1921 2742 certum
1940 2709 1974 2742 V
1987 2707 1999 2753 ΙΙ
2015 2709 2159 2742 iminuta
2179 2710 2213 2742 V
2225 2710 2400 2743 iminutam
2417 2708 2458 2754 ru

1379 2766 1512 2790 seruare
1536 2755 1584 2799 νη
1612 2757 1653 2789 13
1678 2754 1788 2787 tribus
1808 2753 1863 2798 Vss
1893 2755 1933 2788 15
1959 2763 1997 2786 ea
2011 2754 2202 2795 Heimbach]
2228 2764 2247 2786 a
2271 2756 2343 2795 (om.
2364 2768 2382 2788 r
2390 2757 2458 2799 pr.)

1381 2802 1458 2835 libri
1471 2801 1484 2844 ΙΙ
1501 2800 1714 2833 uenabilibus
1736 2799 1770 2833 V
1781 2797 1794 2843 ΙΙ
1811 2799 1852 2833 16
1866 2798 2027 2831 asisteriis
2044 2799 2264 2832 Vassisteriis
2278 2812 2294 2832 r
2309 2799 2314 2842 Ι
2344 2801 2382 2833 18
2398 2810 2456 2842 po-

1378 2847 1497 2879 testate
1521 2859 1538 2878 r
1554 2844 1566 2888 11
1590 2846 1633 2879 22
1659 2844 1823 2877 sustinere
1846 2854 2003 2886 magnum
2025 2844 2088 2887 Vll
2116 2845 2157 2878 23
2183 2844 2250 2877 fere
2274 2845 2304 2877 V
2356 2845 2399 2878 29
2425 2847 2458 2877 te

1379 2892 1456 2924 add.
1472 2891 1565 2923 Beck
1581 2890 1594 2934 ΙΙ
1623 2888 1814 2931 *acceperit
1838 2902 1855 2922 r
1889 2888 2048 2931 acciperit
2076 2889 2141 2933 VH
2172 2890 2211 2923 31
2238 2899 2328 2922 nunc
2351 2892 2384 2922 et
2408 2890 2456 2930 in]

1377 2945 1419 2969 ne
1443 2948 1460 2968 r
1483 2934 1495 2979 ΙΙ
1523 2935 1566 2968 32
1590 2935 1853 2978 subscriptionem
1874 2934 2018 2968 dedimus
2042 2947 2080 2968 ex
2099 2933 2134 2967 V
2153 2934 2166 2978 ΙΙ
2196 2935 2237 2968 33
2263 2944 2332 2976 cap.
2358 2934 2455 2976 impr.

1377 2981 1489 3013 donno
1514 2980 1595 3012 Iust.
1619 2980 1674 3023 Vn
1691 2989 1779 3012 anno
1797 2978 1814 3011 ἔ
1842 2977 1892 3011 XI
1915 2988 1972 3023 pc.
1996 2978 2161 3011 bilisiario
2179 2980 2253 3012 uiro
2270 2978 2458 3013 clarissimo

1386 3024 1443 3069 Vss
1459 3035 1547 3058 anno
1572 3025 1608 3058 II
1633 3026 1710 3058 add.
1727 3025 1814 3067 vulq.
