2586 3990
143 151 198 181 DE
227 150 620 182 RESTITUTIONIBUS

139 251 232 283 ἔστω
257 250 439 283 καὶτοῦτο
463 250 586 294 κύριον
611 251 670 282 ἐπὶ
686 248 852 293 τοιαύτης
872 249 1095 296 πραγμάτων
1120 248 1208 284 διαι-

139 297 268 338 ρέσεως
297 293 388 328 κατὰ
415 293 483 337 τὴν
512 291 689 339 ἡμετέραν
714 292 878 335 διάταξιν
910 292 956 338 ἢν
980 300 1062 341 περὶ
1086 292 1214 329 τούτου

138 340 369 383 τεθείκαμεν·
394 338 439 382 ἣν
464 341 524 373 ἐπὶ
548 341 638 374 πᾶσι
663 343 734 373 τοῖς
759 338 849 387 αὐτῇ
875 344 1134 386 περιεχομένοις
1157 354 1213 373 κυ-

139 388 221 431 ρίαν
245 384 335 418 εἶναι
365 388 425 418 καὶ
450 382 510 418 διὰ
539 383 645 418 τοῦδε
676 387 742 418 τοῦ
765 385 877 440 νόμον
904 386 1135 439 θεσπίζομεν.
1184 385 1215 418 εἰ

1197 135 1280 199 5¹3

1998 139 2102 182 Nov.
2135 139 2269 182 CVIII
2298 153 2359 193 pr.

1282 260 1373 283 mum
1394 249 1430 284 in
1451 248 1650 284 huiusmodi
1669 258 1786 283 rerum
1803 249 1973 285 divisione
1994 250 2185 285 secundum
2203 256 2361 285 nostram

1285 295 1573 330 constitutionem
1610 303 1715 339 quam
1754 294 1799 329 ob
1835 295 1904 330 hoc
1940 295 2141 340 posuimus:
2182 306 2287 340 quam
2323 296 2361 330 in

1283 340 1446 375 omnibus
1479 349 1570 384 quae
1600 339 1636 373 in
1661 349 1703 374 ea
1727 339 1954 375 continentur
1978 341 2114 375 firmam
2138 351 2215 376 esse
2240 346 2275 376 et
2298 351 2362 386 per

1282 384 1374 419 hanc
1399 386 1509 429 legem
1533 384 1721 420 sancimus.
1770 384 1807 419 Si
1830 390 1949 419 autem
1973 390 2008 420 et
2032 387 2067 420 in
2092 386 2261 421 divisione
2284 386 2361 431 ipse

137 433 301 485 μέντοιγε
330 432 388 462 καὶ
420 431 480 464 ε’πὶ
512 428 760 483 ὃιανεμήσεων
792 431 1129 485 αυτὸςμπογράπῆει
1153 433 1212 464 καὶ
1249 434 1267 464 5
1282 430 1534 475 subscripserit
1554 433 1590 465 et
1606 429 1701 464 clara
1722 430 1839 464 omnia
1859 441 1922 474 per
1939 431 2235 475 subscriptionem
2260 442 2361 466 suam

138 477 235 520 σαφῆ
252 487 374 508 πάντα
398 472 458 508 διὰ
483 477 544 518 τῆς
561 478 768 521 υπογραφῆς
791 488 853 519 της
877 489 987 509 αυτου
1012 488 1211 519 ποιησεται,

138 522 231 553 ἔστω
251 522 310 553 καὶ
330 521 436 553 τοῦτο
453 517 586 566 κύριον,
611 519 733 563 ἐπειδὴ
758 525 817 554 καὶ
837 523 945 555 τοῦτο
969 520 1036 564 ἤδη
1060 523 1104 568 τῇ
1128 518 1210 564 ἡμε-

138 566 221 608 τέρᾳ
245 564 445 608 νομοθεσίᾳ
469 569 677 615 περιέχεται.
723 564 905 611 πρόδηλον
925 564 963 599 δὲ
987 563 1035 600 ὠς
1051 568 1110 600 ἐπὶ
1133 567 1210 600 τῶν

137 608 313 642 τοιούτων
332 608 509 653 θἐμάτων
534 606 594 644 ὃὸε
617 609 636 644 ὁ
659 609 768 655 νόμος
789 612 957 656 κρατήσει
981 609 1102 646 ὁπόσα
1125 608 1206 655 μετ’

137 650 247 688 αὐτὸν
270 655 468 698 κινηθῆναι
493 661 657 700 συμβαίη,

199 696 486 746 <Ἐπίλογος.>
540 702 587 735 Τά
612 705 736 736 τοίνυν
767 698 1007 746 παραστάντα
1036 697 1122 743 ἡμῖν
1151 703 1212 733 καὶ

137 741 196 776 διὰ
220 743 323 778 τοῦδε
354 748 418 779 τοῦ
444 747 547 780 θείου
580 745 782 791 δηλούμενα
811 745 922 790 νόμον
953 743 974 789 ἡ
999 745 1043 788 σὴ
1069 743 1210 785 ἐνδοξό-

136 800 196 830 της
218 790 445 835 γινώσκουσα
466 788 582 826 ἅπασι
603 791 791 834 ποιησάτω
816 790 965 837 φανερά,
989 786 1212 834 ὥςτεμηδὲν

137 832 329 869 διαλαθεῖν
364 838 441 871 τῶν
476 834 599 882 ὀρθῶς
637 841 696 871 καὶ
731 837 975 882 προνοητικῶς
1010 833 1100 880 ὑπὲρ
1134 837 1212 870 τῶν

136 877 320 925 ἡμετέρων
344 879 515 925 ὑπηκόων
542 883 897 927 νενομοθετημένων.

193 925 276 960 Dat.
302 926 338 961 k.
365 927 469 962 Febr.
499 928 565 963 ΟΡ.
592 928 709 973 (imp.)
734 928 791 962 dn.
816 926 1003 962 Iustiniani
1034 936 1092 971 pp.
1119 927 1210 969 Aug.

136 979 230 1006 anno
254 971 350 1007 XIV.
377 973 509 1008 Basilio
534 983 586 1008 vc.
612 983 708 1008 cons.
733 973 820 1018 (ind.
841 972 922 1016 IV.)

649 1157 704 1198 P-ll

140 1230 311 1282 HEPI
335 1230 482 1283 ΤΩΝ
503 1229 1214 1283 ΑΠΟΚΑΤΑΣΤΑΣΕῼΝ.

1280 475 1413 518 fecerit,
1436 476 1482 510 sit
1505 477 1541 510 et
1564 475 1632 510 hoc
1654 478 1781 518 ratum,
1807 475 1972 519 quoniam
1993 480 2028 510 et
2052 476 2120 510 hoc
2143 476 2213 511 iam
2238 480 2362 512 nostra

1279 520 1501 563 legislatione
1526 520 1740 556 continetur.
1787 520 1910 555 Palam
1931 530 2012 555 vero
2038 526 2092 555 est
2115 522 2197 565 quia
2220 522 2257 555 in
2281 522 2359 556 tali-

1279 566 1345 601 bus
1382 566 1524 601 casibus
1561 565 1650 600 haec
1685 565 1741 600 lex
1775 565 1922 607 valebit,
1959 576 2200 610 quoscumque
2235 571 2361 611 postea

1277 611 1409 646 moveri
1433 611 1629 654 contigerit.

1325 701 1380 745 <Ε
1387 701 1479 746 pilo
1487 700 1594 745 gus.>
1640 700 1738 744 Quae
1757 700 1865 744 igitur
1884 699 2096 744 placuerunt
2113 702 2215 737 nobis
2239 705 2275 736 et
2298 712 2361 746 per

1280 746 1374 780 hanc
1398 756 1537 781 sacram
1561 745 1742 781 declarata
1765 747 1849 780 sunt
1870 745 1992 789 legem,
2015 749 2079 781 tua
2097 747 2211 790 gloria
2232 757 2360 789 cogno-

1281 801 1383 826 scens
1401 791 1563 827 omnibus
1579 790 1690 825 faciat
1706 790 1904 833 manifesta,
1927 792 1967 825 ut
1985 792 2120 826 nullum
2140 793 2251 827 lateat
2271 802 2362 835 quae

1280 840 1378 872 recte
1394 841 1429 872 et
1447 836 1673 882 providenter
1688 847 1753 881 pro
1770 836 1901 872 nostris
1917 836 2087 872 subiectis
2108 838 2246 872 sancita
2264 839 2360 872 sunt.

1346 927 1429 962 Dat.
1448 927 1519 962 kal.
1545 927 1632 961 Feb.
1658 926 1743 971 (GP.
1762 925 1865 971 imp.)
1889 925 1947 960 dn.
1973 926 2162 962 Iustiniani
2186 938 2246 972 pp.
2267 928 2359 971 Aug.

1187 975 1232 1013 [a.
1247 975 1324 1014 541]
1383 983 1476 1008 anno
1501 972 1615 1006 XIIII.
1643 972 1774 1007 Basilio
1799 982 1852 1007 vc.
1880 982 1976 1006 cons.

1642 1162 1768 1198 cvm.
1821 1164 1930 1198 Auth.
1948 1163 2038 1198 0111.
2067 1162 2252 1199 Coll.V111
2272 1162 2361 1198 tit.4

1358 1229 1410 1279 R
1441 1232 1534 1279 DE
1571 1231 2196 1282 RESTITUTIONIBUS
2227 1233 2280 1281 R

135 1306 172 1340 Ὺ)
197 1305 302 1342 αὐτὸς
326 1309 492 1352 βασιλεὺς
515 1309 650 1352 Βάσσῳ
680 1311 734 1353 τῷ
758 1306 1130 1355 μεγαλοπρεπεστάτῳ
1155 1309 1212 1343 κό-
1228 1312 1270 1344 20
1284 1308 1382 1343 Idem
1399 1309 1489 1352 Aug.
1511 1309 1623 1344 Basso
1644 1321 1674 1344 v.
1694 1320 1740 1343 m.
1759 1310 1879 1345 comiti
1895 1310 2169 1346 domesticorum
2189 1314 2225 1346 et
2244 1310 2361 1346 locum

135 1366 222 1395 μητι
252 1355 329 1387 τῶν
360 1356 663 1399 καθωσιωμένων
694 1353 918 1399 ὃομεστίκων
948 1356 1112 1397 ἐπέχοντι
1147 1355 1214 1389 τὸν

137 1398 254 1433 τόπον
276 1396 444 1435 Ἰωάννου
477 1402 540 1434 τοῦ
566 1399 802 1440 ἐνδοξοτάτου
827 1400 981 1445 ἐπάρχου
1005 1401 1082 1434 τῶν
1106 1399 1214 1445 ἱερῶν

550 1450 795 1492 πραιτωρίων.

192 1515 486 1557 (Προοίμιον.)
533 1509 759 1547 ςΥποθεσεως
791 1510 994 1557 ἠκούσαμεν
1026 1517 1107 1548 πεὶ
1137 1511 1210 1547 δια-

136 1555 250 1599 θήκης
279 1554 624 1602 οἷμφιςβητουμένης,
661 1555 707 1602 ἣν
739 1561 798 1592 καὶ
830 1559 1044 1603 ἑρμηνεῦσαι
1073 1527 1094 1593 g

135 1598 352 1647 ἡγησάμεθα
381 1606 441 1635 καὶ
472 1602 575 1647 νόμῳ
600 1602 808 1649 περιλαβεῖν
833 1601 988 1649 ἀκριβεῖ,
1022 1606 1131 1638 τοῦτο
1168 1602 1211 1647 δὴ

136 1647 178 1679 τὸ
208 1645 294 1690 ἡμῖν
324 1647 458 1680 εἰωθὸς
490 1650 526 1681 ἐκ
558 1650 634 1683 τῶν
666 1650 705 1683 ἐν
728 1653 805 1682 ταῖς
829 1646 1027 1683 ὑποθέσεσι
1052 1653 1211 1692 κινουμέ-

1461 1354 1607 1389 habenti
1630 1354 1797 1390 Iohannis
1822 1366 1881 1400 pp.
1907 1365 1972 1400 per
1998 1356 2188 1391 Orientem.

1325 1512 1370 1557 <P
1380 1523 1397 1546 r
1405 1522 1427 1546 a
1436 1522 1454 1546 e
1463 1511 1507 1546 fa
1519 1511 1614 1554 tio.)
1655 1512 1845 1555 Negotium
1861 1512 2058 1547 audivimus
2072 1523 2135 1557 pro
2149 1515 2362 1548 testamento

1096 1563 1212 1592 ίκαιον
1226 1559 1267 1592 25
1282 1558 1460 1600 dubitato‚
1499 1557 1593 1600 quod
1622 1557 1729 1592 etiam
1760 1557 1990 1602 interpretari
2015 1558 2149 1593 iustum
2181 1558 2361 1593 existima-

1282 1603 1394 1638 vimus
1426 1607 1460 1637 et
1490 1603 1565 1647 lege
1593 1602 1891 1647 comprehendere
1922 1603 2135 1646 certissima,
2167 1604 2237 1639 hoc
2269 1603 2363 1647 quod

1282 1654 1425 1683 nostrae
1449 1648 1715 1683 consuetudinis
1741 1650 1795 1683 est
1815 1649 1851 1682 in
1868 1649 2017 1693 negotiis
2038 1649 2142 1684 motis
2161 1659 2205 1684 ex
2226 1649 2363 1693 legibus

135 1705 212 1725 νων
242 1691 426 1735 ζητήσεων
459 1693 585 1737 νόμων
615 1695 781 1739 χρηστῶν
811 1693 1012 1738 λαμβάνειν
1037 1691 1208 1740 ἀφορμάς.
1279 1694 1421 1738 optimis
1446 1694 1610 1737 accipere
1633 1693 1850 1728 OccaSioneS.

135 1739 155 1772 1
204 1736 341 1771 Παῖδας
379 1737 424 1782 ἀρ
445 1750 497 1772 τις
514 1740 659 1773 οἰκείους
683 1738 942 1783 ἐνστησάμενος
965 1739 1211 1786 κληρονόμους,
1280 1741 1300 1774 1
1348 1739 1460 1773 Filios
1480 1739 1571 1773 enim
1589 1739 1729 1782 quidam
1749 1749 1833 1774 suos
1850 1738 2039 1774 instituens
2056 1738 2215 1781 heredes,
2238 1739 2364 1774 deinde

134 1782 210 1815 εἶτα
240 1786 298 1816 καὶ
323 1751 484 1826 ἀλλήλοις
509 1780 636 1818 αὐτοὺς
659 1785 698 1825 ἐξ
722 1782 892 1818 ἀπαιδίας
917 1781 1212 1828 ὕποκαταστῆσαι
1225 1787 1267 1819 30
1281 1785 1387 1819 etiam
1411 1784 1590 1818 alterutris
1623 1794 1683 1819 eos
1708 1784 1790 1819 filiis
1821 1795 1893 1819 non
1917 1784 2121 1819 extantibus
2145 1785 2364 1820 substituere

110 1854 112 1856 ,
134 1826 349 1872 βουλόμενος
372 1828 561 1870 ἐκέλευσεν,
591 1831 621 1862 εἰ
646 1832 762 1877 συμβῇ
785 1844 869 1864 τινα
894 1832 970 1864 τῶν
995 1828 1105 1864 αὑτοῦ
1130 1835 1211 1864 παί-
1281 1830 1406 1865 volens
1438 1830 1556 1872 iussit,
1591 1829 1621 1863 si
1652 1830 1838 1873 contigerit
1867 1829 2018 1873 aliquem
2050 1829 2125 1864 eius
2152 1830 2305 1865 filiorum
2329 1833 2365 1865 et

136 1871 212 1907 ὃων
242 1876 302 1907 καὶ
324 1872 558 1919 κληρονόμων
586 1874 728 1919 με’λλειν
758 1873 898 1910 ἄπαιδα
927 1876 994 1910 τὸν
1018 1872 1210 1920 ἄνθ’ρώπι-
1281 1875 1449 1910 heredum
1472 1874 1633 1909 futurum
1658 1874 1734 1910 Sine
1758 1874 1840 1910 filiis
1870 1875 2061 1909 humanam
2086 1875 2222 1910 solvere
2245 1875 2364 1917 Vitam,

135 1932 200 1952 νον
222 1918 411 1953 καταλύειν
436 1924 529 1963 βίον,
561 1921 652 1964 μετὰ
684 1921 751 1964 τὴν
776 1921 952 1968 ἐξαίρεσιν
981 1923 1059 1955 τῶν
1084 1923 1122 1954 ἐκ
1151 1922 1215 1955 τοῦ
1283 1923 1366 1966 post
1390 1921 1634 1965 exceptionem
1663 1920 1790 1955 horum
1822 1930 1913 1965 quae
1945 1929 1989 1955 ex
2019 1920 2094 1965 lege
2126 1920 2300 1956 debentur
2331 1921 2364 1955 ei

203 1989 285 2022 Νου.
318 1989 441 2022 CVIII
469 1990 629 2030 (Authent.
660 1990 750 2022 CIII
767 2007 812 2019 =
839 1990 918 2023 Coll.
943 1990 1034 2023 VIII
1055 1991 1099 2023 tit.
1123 1992 1157 2023 4:
1183 1991 1295 2033 qloss.)
1331 1990 1455 2023 Graece
1480 1997 1566 2022 extat
1592 1991 1623 2022 in
1650 1990 1721 2022 ML
1753 1990 1836 2032 (fuit
1860 1991 1891 2022 in
1917 1989 1953 2022 B
1976 1990 2088 2031 35,11,
2108 1991 2163 2031 81).
2196 2009 2240 2013 —
2270 1991 2361 2033 Epit.

139 2035 337 2067 Theod.108
363 2036 449 2074 (inde
476 2035 642 2076 Tipucitus
668 2035 703 2066 B
726 2036 745 2067 l.
764 2037 813 2075 c.),
839 2036 958 2068 Athan.
974 2037 1005 2075 9,
1020 2043 1046 2068 9.
1094 2035 1215 2067 Iulian.
1243 2043 1339 2067 const.
1366 2035 1420 2068 CI.

140 2114 207 2151 tur,
233 2110 301 2145 lzoc
325 2121 468 2161 quoque
492 2110 648 2145 validum
671 2113 719 2145 sit
742 2111 780 2144 in
801 2111 973 2146 eiusmodi
998 2112 1173 2146 bonorum
1196 2111 1446 2146 distributione
1468 2111 1663 2147 secundum
1687 2112 1977 2146 constitutionem
2001 2115 2163 2146 nostram
2188 2123 2296 2157 quam
2319 2123 2363 2147 ea

138 2155 181 2190 de
204 2166 244 2190 re
265 2156 430 2200 fecimus,
464 2166 570 2200 quam
595 2155 736 2200 quidem
760 2154 804 2190 de
829 2156 991 2190 omnibus
1014 2167 1107 2201 quae
1130 2167 1173 2192 ea
1198 2156 1427 2191 continentur
1450 2161 1568 2190 ratam
1597 2167 1673 2191 esse
1696 2157 1803 2191 etiam
1826 2168 1894 2202 per
1917 2157 2011 2192 banc
2036 2157 2148 2202 leqem
2171 2157 2362 2191 sancimus.

138 2199 180 2234 Si
203 2211 286 2236 vero
311 2201 417 2235 etiam
441 2201 478 2235 in
501 2200 734 2235 divisionibus
758 2201 835 2245 ipse
857 2201 957 2235 solus
980 2200 1178 2236 subscribet
1201 2206 1310 2246 atque
1334 2201 1454 2235 omnia
1475 2212 1544 2246 per
1567 2200 1867 2247 subscriptionem
1891 2213 1993 2236 suam
2017 2202 2214 2247 manifesta
2235 2202 2362 2246 saciet,

139 2245 245 2280 etiam
270 2244 338 2279 hoc
361 2250 481 2280 ratum
504 2245 561 2287 sit,
586 2245 758 2290 quoniam
782 2245 821 2279 id
845 2255 987 2290 quoque
1010 2245 1087 2291 leqe
1111 2251 1235 2280 nostra
1260 2245 1474 2280 continetur.
1523 2244 1759 2289 Manifestum
1785 2250 1903 2282 autem
1927 2254 1980 2282 est
2012 2248 2049 2281 in
2073 2246 2249 2281 eiusmodi
2272 2247 2362 2282 casi-

139 2289 203 2324 bus
226 2290 319 2324 nanc
344 2289 454 2334 leqem
479 2301 554 2325 esse
577 2290 770 2324 valituram
795 2300 1038 2335 quoscumque
1060 2294 1145 2335 post
1169 2301 1246 2326 eam
1270 2291 1405 2325 moveri
1426 2290 1628 2335 contigerit.
2115 2336 2118 2337 ⁷

275 2334 515 2381 Epiioqus.
555 2333 662 2385 *Quae
685 2334 799 2380 iqitur
822 2334 925 2369 nobis
941 2335 1164 2380 placuerunt
1188 2339 1221 2370 et
1241 2346 1309 2380 per
1325 2334 1419 2369 lianc
1442 2345 1583 2369 sacram
1608 2335 1721 2380 ieqem
1745 2334 1978 2370 declarantur
2001 2340 2064 2371 tua
2083 2336 2203 2381 qioria
2228 2347 2361 2382 coquo-

139 2390 241 2430 sceus
273 2379 435 2414 omnibus
464 2381 659 2425 manifesta
690 2380 831 2424 faciat,
869 2385 908 2415 ut
937 2379 1027 2414 nibil
1059 2380 1169 2415 iaceat
1201 2391 1325 2415 eorum
1358 2391 1451 2425 quae
1482 2385 1577 2415 recte
1609 2385 1643 2414 et
1666 2379 1902 2425 providenter
1926 2392 2000 2427 pro
2032 2381 2198 2417 subiectis
2228 2382 2363 2417 nostris

139 2429 280 2460 sancita
302 2431 396 2460 sunt.
1657 2438 1662 2443 ·

862 2626 964 2676 DE
998 2556 1645 2678 ΒΕΕΤλῗίΙῆΙΟΝΙΒΠΕ.

274 2707 376 2742 Idem
399 2707 585 2751 Auqustus
609 2705 728 2740 Basso
753 2705 1105 2750 maqnificentissimo
1131 2704 1251 2739 comiti
1276 2703 1585 2739 devotissimorum
1610 2705 1886 2740 domesticorum
1916 2705 2088 2741 obtinenti
2111 2706 2227 2742 locum

742 2748 920 2785 Iohannis
949 2749 1203 2796 qloriosissimi
1224 2750 1405 2795 praefecti
1428 2759 1534 2784 sacro
1550 2750 1755 2795 praetorio.

277 2818 538 2864 Praefatio.
589 2818 739 2853 Causam
764 2817 966 2852 audivimus
988 2817 1032 2852 de
1057 2821 1266 2852 testamento
1299 2817 1335 2851 in
1360 2817 1640 2852 controversiam
1665 2823 1846 2859 vocatam,
1880 2829 1988 2863 quam
2013 2824 2047 2853 et
2070 2818 2304 2866 interpretari
2327 2826 2362 2856 et

141 2868 314 2899 accurata
337 2863 525 2910 complecti
555 2863 633 2908 leqe
651 2874 726 2909 par
749 2873 825 2898 esse
848 2863 1149 2898 existimavimus:
1188 2872 1281 2912 quae
1306 2861 1448 2907 quidem
1471 2861 1575 2896 nobis
1599 2863 1820 2898 consuetudo
1845 2868 1916 2910 est,
1948 2867 1989 2898 ut
2019 2874 2069 2899 ex
2093 2865 2362 2909 quaestionibus

142 2912 161 2944 1
207 2921 300 2955 quae
323 2909 361 2943 in
384 2910 504 2943 causis
527 2914 715 2943 moventur
738 2907 911 2942 bonarum
936 2908 1053 2953 lequm
1078 2917 1285 2942 occaswnes
1305 2911 1480 2952 petamus.
1557 2906 1709 2950 Quidam
1733 2908 1826 2942 enim
1851 2907 1973 2942 liberis
1995 2910 2072 2943 suis
2095 2910 2284 2945 heredibus
2307 2911 2360 2945 in-

142 2955 276 2990 stitutis
299 2965 378 2989 cum
402 2954 529 2989 deinde
553 2964 615 2988 eos
638 2953 675 2987 in
700 2964 786 2987 casu
809 2963 881 2987 non
901 2952 1133 2988 existentium
1158 2951 1349 2987 liberorum
1372 2951 1443 2986 sibi
1464 2952 1611 2987 invicem
1633 2953 1846 2988 substituere
1866 2953 1978 2994 vellet,
2003 2953 2116 2996 iussit,
2140 2955 2173 2989 si
2193 2966 2296 3000 quem
2313 2967 2362 2991 ex

143 2999 263 3034 liberis
287 3004 321 3034 et
345 2998 533 3034 heredibus
555 2999 630 3033 suis
654 2998 731 3033 sine
756 2998 877 3033 liberis
900 2998 945 3032 de
960 2998 1034 3032 vitu
1058 2996 1216 3031 humana
1239 2997 1466 3032 decessurum
1491 3007 1565 3032 esse
1590 2998 1789 3043 continuat,
1813 2998 1965 3033 sublatis
1989 2998 2033 3033 iis
2055 3010 2149 3044 quae
2169 3000 2361 3035 secundum

201 3090 220 3121 2
246 3084 422 3126 διάταξιν]
448 3088 668 3120 nov.XVIII
687 3100 712 3119 c.
731 3090 748 3120 7
774 3086 786 3129 ΙΙ
811 3089 831 3119 4
856 3084 980 3129 νόμου]
1005 3086 1108 3119 θἐίου
1134 3087 1183 3118 La
1206 3085 1218 3130 Η

145 3136 164 3167 5
189 3132 249 3166 ἐπὶ
272 3129 530 3174 ὃιανεμὴσεων]
555 3133 591 3164 in
616 3132 778 3165 divisione
804 3144 832 3173 ς,
865 3133 924 3165 ἐπὶ
949 3131 1026 3165 τῶν
1049 3127 1215 3173 διανεμή-

144 3190 238 3211 σεων
263 3179 353 3211 malit
376 3178 562 3210 Zachariae
586 3178 597 3220 ΙΙ
622 3174 828 3223 ὑπογράψαι
853 3178 895 3210 Μ
917 3177 928 3220 ΙΙ
953 3178 971 3210 6
996 3172 1106 3209 αὐτοῦ
1133 3177 1216 3216 ML,

145 3237 226 3256 corr.
252 3224 418 3266 Scrimyer
446 3224 458 3265 ΙΙ
488 3224 527 3255 13
551 3219 674 3265 μηδὲν]
708 3222 839 3254 nullum
864 3224 883 3254 i.
910 3235 934 3254 e.
959 3218 1095 3263 μηδένα
1121 3234 1138 3257 ς
1162 3223 1216 3264 (cf.

145 3271 259 3310 347‚2.
285 3269 361 3306 363,
376 3270 405 3309 3)
429 3268 440 3309 ΙΙ
470 3269 509 3301 16
526 3270 647 3300 subscr.
665 3281 722 3300 om.
739 3268 802 3300 Iul.
827 3269 839 3310 ΙΙ
865 3268 896 3299 k.
922 3266 1002 3299 febr.
1030 3277 1078 3307 cp.
1102 3268 1157 3307 M]
1183 3267 1215 3298 k.

144 3314 223 3346 Feb.
250 3325 269 3349 ς
292 3310 482 3346 καλάνδων
500 3314 756 3356 Φεβρουαρίων
774 3314 850 3345 ΑῑΙι.
881 3314 968 3355 μηνὶ
992 3314 1216 3356 φεβρουαρίῳ

147 3360 265 3392 Theod.
286 3359 297 3401 Η
314 3360 392 3400 imp.
419 3377 459 3381 ——
485 3368 573 3390 anno
592 3357 675 3390 XIV
690 3360 743 3399 (qs.
759 3361 789 3399 ς)
813 3355 995 3400 βασιλείας
1018 3353 1218 3390 Ἰουστινια-

144 3405 207 3437 vob
230 3403 273 3436 τὸ
299 3401 349 3436 ιδ’
375 3404 463 3443 Am]
500 3403 553 3435 dn.
578 3404 654 3435 iust.
679 3413 733 3444 pp.
759 3413 834 3443 aug.
861 3403 902 3434 M
933 3403 1006 3434 ἔτει
1037 3400 1091 3443 ιβ’
1116 3404 1218 3444 βασι-

146 3447 237 3482 λείας
251 3450 371 3482 Theod.
392 3453 403 3491 ΙΙ
423 3451 463 3482 17
477 3448 602 3480 Basilio
620 3459 667 3480 vc.
686 3458 775 3480 cons.
791 3459 820 3489 ς,
845 3443 1017 3480 ὑπατείας
1029 3444 1218 3479 Βασιλείου

147 3490 214 3526 ινδ.
232 3491 268 3526 δ’
285 3495 375 3535 Am]
406 3493 530 3526 bilisar.
557 3504 607 3525 uc.
633 3504 734 3525 conss.
757 3493 803 3525 M
831 3488 986 3533 ὑπατείᾳ
1012 3489 1218 3535 Βελισαριόυ

151 3539 267 3572 Theoti.
296 3539 308 3583 ΙΙ
341 3542 382 3573 19
405 3540 482 3571 τῶν
511 3552 567 3571 cm.
595 3537 714 3571 Themi.
740 3538 752 3581 ΙΙ
783 3539 819 3571 21
847 3537 1137 3580 καθοσιωμένων
1162 3534 1218 3569 δο-

147 3582 335 3626 μεστήκων
359 3585 406 3617 M
417 3584 429 3627 ΙΙ
444 3583 511 3617 τὸν
536 3597 592 3616 om.
608 3584 638 3616 L
655 3583 666 3626 ΙΙ
688 3584 728 3616 22
753 3579 941 3626 *ὑπάρχου
968 3583 1037 3614 ML
1057 3583 1068 3623 ΙΙ
1093 3583 1134 3614 23
1147 3591 1221 3624 post

148 3630 242 3661 inser.
261 3630 303 3662 M
323 3631 456 3663 adnotat
479 3632 527 3672 βι.
548 3627 572 3661 ε’
596 3631 639 3661 τί.
657 3627 686 3673 γ’
711 3626 872 3674 ὃιγέστου
892 3627 950 3659 κε’.
979 3629 1026 3668 βι.
1045 3626 1095 3668 κη’
1123 3630 1166 3660 τί.
1186 3626 1216 3669 η’

150 3670 216 3716 διγ.
231 3671 258 3714 ζ
281 3677 328 3716 βι.
343 3672 398 3717 λβ
424 3672 490 3719 Sty.
507 3673 570 3706 23¹
586 3676 643 3705 καὶ
663 3672 724 3707 πα’
742 3678 836 3714 (corr.
849 3669 924 3726 (σῖγ’)
941 3673 951 3712 ΙΙ
973 3674 1013 3706 25
1039 3667 1219 3716 ἀμφισβη-

1284 3099 1363 3119 νων
1382 3084 1564 3127 ζητήσεων
1584 3084 1723 3129 νόμων]
1748 3086 1784 3118 in
1808 3087 1950 3128 negotiis
1972 3089 2070 3121 motis
2096 3099 2134 3121 ex
2157 3089 2285 3130 legibus
2309 3102 2328 3126 ς
2351 3089 2362 3133 ΙΙ

1285 3133 1327 3165 33
1350 3130 1452 3174 μετὰ]
1477 3133 1537 3163 καὶ
1559 3130 1650 3173 μετὰ
1674 3132 1720 3164 M

1331 3223 1345 3254 1
1374 3219 1603 3251 huiuscemodi
1621 3220 1652 3252 R.
1669 3220 1682 3263 ΙΙ
1700 3220 1895 3253 diuisionem
1915 3222 1968 3254 Ta
1987 3222 1998 3264 ΙΙ
2024 3224 2043 3256 2
2069 3225 2178 3263 quam]
2204 3223 2282 3264 quia
2301 3224 2332 3256 T
2351 3223 2363 3268 Η

1286 3268 1305 3300 S
1330 3264 1437 3297 causis
1458 3264 1517 3308 Vl}
1544 3266 1564 3298 9
1588 3266 1715 3297 moueri
1744 3266 2006 3310 Vavu29.(1ul.)]
2041 3278 2174 3300 mouere
2198 3267 2332 3301 RVbT
2351 3271 2361 3311 Η

1289 3313 1328 3344 12
1353 3321 1478 3343 sacram
1503 3310 1588 3342 hanc
1611 3310 1643 3343 V
1661 3310 1672 3353 ΙΙ
1699 3310 1806 3351 gloria
1831 3324 1888 3344 om.
1914 3312 1946 3344 V
1967 3312 1979 3355 ΙΙ
2011 3313 2050 3346 13
2075 3312 2197 3345 fatiant
2219 3313 2253 3346 V
2281 3313 2363 3346 fiant

1288 3356 1338 3389 Τ1
1356 3356 1368 3398 ΙΙ
1386 3355 1510 3387 lateant
1535 3356 1618 3398 vuly.
1636 3355 1647 3396 ΙΙ
1675 3357 1715 3389 14
1739 3360 1770 3388 et
1796 3369 1852 3389 om.
1869 3357 1900 3388 R
1917 3357 1929 3399 ΙΙ
1954 3357 2167 3400 prouidentes
2186 3359 2252 3390 ΕΤ
2265 3359 2277 3402 ss
2301 3370 2362 3401 pro

1287 3415 1344 3434 om.
1360 3399 1415 3444 ΤΙΙ
1434 3400 1599 3441 subgectis
1620 3400 1651 3432 V
1665 3399 1677 3443 ΙΙ
1698 3402 1737 3433 16
1761 3403 2022 3444 subscriptionem
2040 3415 2120 3435 unus
2137 3410 2285 3444 praestat
2306 3404 2362 3446 VH

1288 3447 1353 3478 ΟΡ.
1370 3446 1448 3487 imp.
1467 3458 1524 3477 om.
1548 3445 1581 3477 V
1599 3445 1610 3486 ΙΙ
1631 3445 1718 3478 dono
1741 3446 1819 3478 iust.
1845 3447 1877 3479 V
1893 3447 1904 3490 ΙΙ
1931 3450 1969 3481 17
1989 3448 2089 3479 XIII.
2113 3448 2143 3480 V
2158 3447 2169 3491 ΙΙ
2193 3458 2242 3481 vc.
2259 3451 2360 3489 cons]

1286 3491 1348 3523 vic.
1363 3501 1434 3522 con.
1454 3490 1486 3522 V
1497 3490 1508 3532 ΙΙ
1528 3491 1568 3523 20
1587 3501 1615 3522 v.
1633 3501 1674 3522 m.
1692 3492 1726 3532 (i.
1742 3504 1766 3523 e.
1781 3493 1851 3524 viro
1868 3493 2067 3534 magnifieufl
2093 3492 2145 3525 sim
2167 3493 2229 3525 VT
2247 3492 2290 3525 νῐι
2305 3494 2338 3526 R
2351 3494 2362 3537 ΙΙ

1287 3537 1420 3569 domest.
1443 3535 1477 3568 V
1494 3535 1589 3567 domfe
1612 3536 1643 3567 T
1663 3535 1741 3568 dorii.
1769 3537 1799 3568 R
1815 3538 1826 3580 ΙΙ
1855 3538 1892 3570 21
1921 3538 2059 3570 iohanni
2086 3538 2117 3570 T
2130 3538 2142 3580 ΙΙ
2167 3539 2207 3571 25
2233 3538 2360 3571 estima-

1288 3583 1396 3613 nimus
1414 3581 1446 3613 V
1457 3580 1468 3621 ΙΙ
1489 3582 1530 3613 29
1547 3591 1622 3612 suos
1639 3581 1771 3622 quidam
1789 3582 1820 3614 T
1833 3581 1844 3624 ΙΙ
1862 3583 1905 3615 30
1923 3584 2021 3615 etiam
2037 3585 2080 3623 T]
2107 3596 2163 3615 om.
2176 3584 2207 3615 R
2220 3583 2338 3626 Vvu'iy.
2351 3583 2363 3628 Η

1287 3637 1354 3659 non
1369 3639 1425 3657 om.
1435 3625 1484 3658 R¹
1497 3625 1508 3669 ΙΙ
1522 3626 1710 3658 extanthus
1729 3626 1803 3667 VT]
1819 3627 2035 3661 existentibus
2048 3629 2175 3671 Rvulq.
2188 3627 2199 3670 Η
2214 3629 2254 3662 32
2268 3629 2361 3661 here-

1288 3672 1361 3703 dem
1382 3671 1501 3713 Vvulq.
1520 3671 1531 3713 ΙΙ
1550 3672 1592 3704 33
1609 3673 1695 3713 post]
1718 3674 1847 3714 praeter
1869 3674 1901 3705 T
1914 3674 1925 3716 ΙΙ
1944 3677 2037 3715 quae]
2064 3683 2147 3715 quae
2171 3674 2362 3717 exceptione

148 3720 329 3761 τουμένοις
352 3721 402 3753 La
421 3720 433 3765 ss
458 3722 496 3753 27
523 3722 561 3752 ἐκ
582 3720 657 3752 τῶν
682 3720 721 3753 ἐν
740 3721 817 3752 ταῖς
839 3717 1038 3752 υποθεσεσι
1062 3719 1219 3760 κινουμέ-
1252 3719 1256 3759 Ι
1289 3719 1407 3749 horum
1432 3726 1495 3757 que
1520 3716 1564 3749 V¹

215 3774 268 3802 111.

2049 3777 2090 3808 65
