2586 3990
187 166 229 209 N
230 179 295 210 ov.
327 163 545 208 CXXVIII
578 166 595 204 1

215 318 223 330 Ι

1241 156 1327 206 636

226 273 453 320 (Ἐπίλογο
463 271 513 318 c.)
563 271 636 305 Τὸν
658 269 826 317 παρόντα
847 273 971 304 τοίνυν
993 269 1139 316 γενικὸν
1162 266 1265 314 ἡμῶν

181 331 294 362 νομον
318 315 428 360 δῆλον
458 313 480 359 ἡ
505 315 550 359 σὴ
575 313 765 359 ένδοξότης
789 316 930 358 ποιήσει
962 311 1023 348 διὰ
1046 316 1124 349 τῶν
1147 325 1262 349 συνει-

181 365 372 407 θισμένων
405 359 555 395 ἰδίκτων
584 364 658 395 τοῖς
689 374 728 395 τε
759 360 826 402 τὴν
854 357 1014 404 μεγάλην
1043 358 1182 403 ταύτην
1213 359 1262 394 οἶ-

181 409 283 441 κοῦσι
300 405 410 440 πόλιν
426 408 499 439 τοῖς
513 418 553 439 τε
569 405 633 440 τὰς
648 407 819 450 ἐπαρχίας
835 403 1007 446 οἰκοῦσιν,
1023 399 1111 438 ὥςτε
1125 402 1264 450 μηδένα

1985 174 2046 206 DE
2075 173 2408 208 COLLATORIBUS

1423 271 1455 307 E
1496 271 1682 316 mogus>
1728 271 1957 309 Praesentem
1985 273 2093 318 igitur
2119 273 2321 318 generalem
2343 282 2409 309 no·
2470 309 2472 311 ,

1331 318 1442 351 stram
1463 281 1578 360 Iegem
1600 315 1824 368 manifestam
1852 318 1916 353 tua
1937 318 2052 363 gloria
2072 318 2184 354 faciat
2206 328 2270 363 per
2292 317 2410 354 edicta

1332 360 1518 396 sollemnia
1541 363 1579 396 et
1600 360 1658 396 his
1681 371 1741 406 qui
1763 361 1859 397 hanc
1877 363 2064 399 maximam
2089 364 2267 399 civitatem
2289 366 2326 398 et
2348 363 2410 407 qui

1358 405 1535 442 rovincias
1559 405 1739 447 habitant,
1770 409 1812 441 ut
1833 406 1953 443 nullus
1982 408 2137 445 omnium
2169 418 2261 453 quae
2284 407 2331 443 ad
2351 418 2409 444 sa·

181 453 258 486 τῶν
281 450 435 486 πάντων
466 450 513 484 τὰ
545 451 606 484 ἐπὶ
626 453 789 494 σωτηρίᾳ
819 449 922 495 κοινῇ
946 449 1264 494 νενομοθετημένα
1301 452 1320 484 5
1348 452 1443 487 utem
1467 460 1689 487 communem
1712 450 1858 501 sauciis}¹
1875 454 1960 488 sunt
1982 462 2005 489 a
2027 454 2130 490 nobis
2154 453 2300 498 ignoret.

181 492 271 549 rrae:
297 492 403 548 ᾗμῷν
427 491 613 541 ἀγνοῆσαι.

180 595 274 621 anno
290 584 372 621 VII.
396 585 469 620 md.
487 584 552 620 XI.

705 494 790 529 Dat.
816 494 853 529 k.
879 492 976 539 Sept.
1003 493 1072 529 ΟΡ.
1097 494 1181 538 imp.
1204 494 1263 530 dn.

181 541 369 576 Iustimam
393 550 454 593 pp.
472 539 563 585 Aug.
590 549 684 576 anno
699 538 814 574 XXII.
840 541 924 584 post
943 548 1039 574 cons.
1061 538 1264 626 133εᾶξίὃῖἓὶ

679 809 765 853 Ριᾟὶ

250 887 429 942 ΠΕΡΙ
458 887 605 940 ΤΗΣ
633 885 782 939 ΤΩΝ
814 885 1200 940 ΔΗΜΟΣΙΩΝ

182 958 228 1008 Α
237 956 380 1008 ΝῩΣ
391 955 436 1007 Ε
446 954 493 1007 ῼ
502 955 543 1006 Σ
594 953 733 1006 ΚΑΙ
785 952 1042 1006 ΚΑΤΑΒ
1055 954 1264 1007 ΟΛΗΣ

245 1022 385 1075 ΚΑΙ
415 1020 705 1074 ΕΤΕΡῼΝ
741 1019 1208 1073 ΚΕΦΑΑΑΙῼΝ.

202 1099 240 1135 Ὁ
264 1097 373 1135 αὐτὸς
401 1099 567 1146 βασιλεὺς
591 1101 720 1143 Πέτρῳ
751 1099 805 1141 τῷ
837 1095 1064 1143 ἐνδοξοτάτῳ
1095 1100 1241 1147 ἐπάρχῳ

599 1147 846 1190 πραιτωρίων.

1566 820 1761 857 CXXVIII.
1808 820 1920 857 Auth.
1932 820 2126 857 cxxxm.
2142 820 2227 858 0011.
2236 821 2288 858 IX
2302 822 2357 858 tit.
2369 825 2410 858 14

1279 889 1379 939 1oR
1412 890 1505 939 DE
1539 889 2059 941 COLLATORIBUS
2103 891 2194 940 ΕΤ
2228 890 2409 941 ALIIS

1658 957 2017 1009 OAPITULIS
2049 958 2100 1008 R

1666 1100 1764 1137 Idem
1780 1102 1871 1146 Aug.
1889 1100 1997 1137 Petro
2013 1112 2073 1147 pp.

1192 1234 1348 1271 CAPUT
1371 1235 1400 1271 Ι.

242 1298 334 1336 ‘'Ooa
357 1300 448 1346 πρὸς
471 1297 650 1347 ὠφέλειαν
673 1302 750 1336 τῶν
774 1298 959 1347 ἡμετέρων
982 1299 1172 1337 ὑποτελῶν
1196 1299 1263 1348 ὁρᾷ
1281 1306 1321 1338 15

182 1344 447 1388 σπουδάζοντες
471 1343 766 1390 διαπράττεσθαι
796 1350 857 1380 καὶ
879 1347 948 1382 τὸν
971 1346 1140 1402 παρόντα
1163 1348 1264 1382 τίθε-

1399 1302 1651 1348 Quaecumque
1682 1303 1728 1339 ad
1751 1303 1939 1339 utilitatem
1969 1306 2171 1339 nostrorum
2202 1304 2413 1341 collatorum

1334 1348 1532 1393 respi0iunt
1553 1348 1754 1394 <studentes
1773 1348 1942 1402 perficere
1961 1350 1998 1384 et
2012 1352 2233 1394 praesentem
2249 1350 2413 1395 ponimus

180 1406 249 1437 μεν
265 1389 392 1437 νόμον,
417 1388 469 1425 δι’
488 1390 530 1425 οὖ
551 1391 791 1445 θεσπίζσμεν,
815 1391 908 1426 κατὰ
934 1392 1000 1427 τὸν
1022 1390 1163 1427 Ιούλιον
1185 1392 1266 1435 ἤτοι
1334 1393 1461 1437 legem,
1486 1403 1550 1438 per
1566 1404 1672 1447 quam
1688 1393 1886 1439 sancimus>
1908 1404 1972 1439 per
1987 1394 2115 1429 Iulium
2138 1396 2193 1430 vel
2212 1396 2413 1439 Augustum

181 1436 397 1484 Αὔγουστον
419 1437 518 1481 μῆνα
541 1437 625 1481 μιᾶς
647 1437 798 1479 ἑκαστης
822 1435 1065 1482 ἐπινεμήσεως
1088 1437 1152 1472 τὰς
1169 1451 1264 1482 μερι-

181 1483 245 1517 aas
274 1479 515 1517 διατυπώσεις
545 1482 624 1516 τῶν
646 1480 862 1516 συντελειῶν
890 1483 951 1537 τῆξ
973 1481 1167 1527 μελλούσης
1190 1485 1265 1518 ἐπι-

1334 1448 1490 1474 mensem
1522 1439 1804 1485 umuscuiusque
1836 1438 2042 1475 indictionis
2073 1439 2306 1492 pai-ticulares
2342 1440 2412 1476 dis-

1334 1484 1531 1528 positiones
1567 1484 1797 1520 collationum
1838 1484 1980 1520 futurae
2013 1484 2217 1520 indictionis
2259 1485 2297 1520 in
2331 1485 2412 1521 foro

182 1526 364 1571 νεμήσεως
394 1528 434 1562 ev
456 1524 755 1582 qu-thacsrnqtqz
786 1529 864 1562 τῶν
887 1528 1037 1571 ἑκαστης
1060 1525 1267 1582 ᾷιοικήσεωε
1280 1530 1322 1563 20
1335 1529 1615 1574 uniuscuiusque
1653 1529 1804 1565 diocesis
1841 1529 2175 1574 gloriosissimorum
2209 1533 2413 1566 nostrorum

183 1568 435 1613 ἐνδοξοτάτων
453 1584 560 1616 ημων
579 1573 750 1617 ἐπαρχων
771 1575 1034 1627 πραττομένων
1054 1573 1264 1618 υπομνημά-

1334 1574 1598 1618 praefectorum
1625 1575 1692 1610 sub
1717 1574 1939 1611 confectione
1969 1576 2279 1610 monumentorum
2301 1576 2412 1610 mani-

182 1631 260 1652 των
284 1617 553 1663 φανεροῦσθαι,
577 1616 820 1671 σημαινούσας
842 1617 885 1651 τὸ
911 1629 1051 1652 οποσον
1076 1619 1117 1652 ἐν
1131 1618 1266 1665 ἑκάστῃ
1334 1619 1477 1663 festari,
1519 1619 1739 1656 declarantes
1775 1623 1946 1665 quantum
1981 1620 2173 1665 unicuique
2210 1620 2414 1665 provinciae

184 1664 338 1708 ἐπαρχίᾳ
360 1661 442 1706 ἦτοι
471 1660 576 1698 πόλει
605 1663 696 1707 νπὲρ
727 1662 879 1696 ἑκάστου
910 1661 1030 1709 ἰούγου
1065 1661 1089 1706 ἢ
1119 1662 1266 1697 ἰουλίων
1336 1664 1409 1700 sive
1433 1663 1567 1700 civitati
1596 1675 1661 1710 pro
1686 1675 1900 1710 unoquoque
1922 1664 2005 1709 iugo
2032 1667 2096 1700 aut
2118 1664 2212 1701 iuliis
2243 1667 2308 1700 aut
2330 1675 2412 1700 cen-

183 1705 207 1751 ἢ
229 1710 448 1752 κεντουρίων
478 1705 502 1750 ἢ
528 1705 650 1741 ἄλλων
674 1705 900 1750 οἱωνὸήποτε
931 1704 1126 1752 ὀνομάτων
1157 1710 1265 1743 τοῦτο
1334 1709 1437 1745 turiis
1466 1711 1529 1745 aut
1551 1710 1622 1745 alio
1646 1711 1804 1763 quolibet
1827 1714 1900 1745 tam
1922 1710 1960 1744 in
1985 1710 2102 1754 specie
2135 1719 2241 1755 quam
2263 1710 2300 1744 in
2324 1720 2413 1746 auro

182 1754 250 1797 μὲν
283 1753 324 1786 έν
352 1749 438 1786 εἴδει
472 1752 580 1786 τοῦτο
616 1749 656 1786 δὲ
685 1753 725 1787 ἐν
755 1755 888 1805 χρυσίῳ
926 1750 1110 1796 δημοσίων
1145 1755 1266 1787 ἕνεκεν
1279 1756 1321 1789 25
1334 1753 1509 1789 fiscalium
1527 1764 1636 1790 causa
1651 1755 1820 1796 1mminet‚
1845 1755 2042 1790 indicantes
2059 1765 2199 1807 quoque
2215 1755 2414 1800 specierum

184 1798 379 1839 ἐπίκειται,
411 1796 633 1842 φανερούσας
658 1794 699 1830 δὲ
721 1800 780 1830 καὶ
804 1810 881 1831 των
904 1795 1013 1832 εἰδῶν
1044 1798 1114 1841 τὴν
1138 1797 1265 1833 ἀποτί-

183 1854 295 1886 μησιν
318 1841 410 1875 κατὰ
433 1840 500 1884 τὴν
523 1840 709 1886 τράπεζαν
737 1844 797 1875 καὶ
828 1840 897 1885 τὴν
928 1844 968 1875 έν
991 1839 1133 1886 ἑκάστῳ
1158 1840 1265 1887 τόπῳ

1335 1799 1616 1835 aestimationem
1648 1800 1842 1835 secundum
1875 1809 2031 1835 mensam
2067 1804 2102 1835 et
2132 1810 2170 1835 m
2197 1809 2414 1845 unoquoque

241 1933 327 1968 Νου.
345 1933 447 1967 CXX
455 1933 547 1966 VIII
557 1933 722 1974 (Anthent.
741 1933 941 1967 CXXXIII
951 1950 996 1962 =
1017 1934 1098 1966 Cotl.
1111 1934 1171 1966 IX
1185 1935 1231 1968 tit.
1250 1936 1307 1969 14:
1330 1935 1441 1978 ytoss.)
1470 1935 1595 1969 Graece
1611 1942 1697 1969 extat
1713 1937 1745 1968 in
1763 1935 1846 1976 ML,
1871 1947 1896 1968 c.
1915 1936 2049 1968 22-24
2066 1937 2098 1968 in
2117 1936 2150 1968 Β
2167 1937 2199 1977 6,
2213 1942 2240 1977 3,
2255 1942 2411 1973 41.11.14;

180 1979 277 2022 prior
299 1990 381 2021 pars
399 1979 473 2022 fuit
495 1979 528 2012 in
552 1978 589 2011 B
613 1978 666 2019 56,
683 1985 716 2012 18
748 1979 810 2021 (βι.
834 1977 913 2012 τῶν
934 1975 1136 2022 βασιλικῶν
1159 1976 1212 2015 'te'
1236 1978 1348 2022 νεαρὰ
1372 1977 1448 2024 ρκη’
1472 1975 1546 2013 άπὸ
1577 1979 1639 2022 τῆς
1672 1976 1777 2024 ἀρχῆς
1806 1976 1828 2022 ἦ
1858 1979 1970 2024 νεαρὰ
2000 1982 2102 2025 μέχρι
2126 1976 2331 2024 διαιρέσεως
2354 1979 2410 2024 κβ’

183 2023 282 2057 schol.
298 2023 355 2066 L),
379 2024 464 2056 unde
482 2023 665 2066 particulas
688 2024 829 2056 servavit
853 2023 901 2057 B⁸
927 2024 1004 2065 (vid.
1030 2025 1144 2066 infra).
1169 2043 1213 2048 -—
1242 2025 1332 2068 Epit.
1349 2025 1470 2058 Theod.
1487 2025 1562 2066 128,
1586 2026 1705 2058 Ackan.
1721 2027 1800 2067 20‚1
1825 2026 1912 2066 (inde
1937 2032 2061 2067 partem
2085 2033 2231 2070 repetunt
2247 2027 2413 2069 paratitlo

183 2068 258 2101 Ath.
273 2070 295 2102 4
310 2072 381 2111 521,
406 2068 460 2101 lib.
483 2068 565 2111 περὶ
589 2063 779 2111 διαφόρων
803 2062 1105 2113 ἀναγνωσμάτων
1127 2068 1149 2113 §
1164 2069 1206 2102 20
1226 2081 1261 2112 p.
1282 2070 1344 2102 197
1362 2068 1566 2111 Heimbach).
1612 2070 1734 2103 Iulian.
1759 2077 1857 2103 const.
1888 2070 2051 2103 CXXIV.

315 2166 555 2214 Epilogus.
601 2166 834 2203 Praesentem
855 2167 970 2219 iqitur
992 2167 1197 2219 qeneralem
1219 2167 1332 2214 leqem
1356 2171 1519 2204 nostram
1544 2172 1606 2204 tua
1623 2169 1744 2215 qloria
1766 2169 1996 2215 manifestam
2018 2181 2087 2216 per
2102 2174 2273 2206 consueta
2296 2170 2413 2206 edicta

182 2213 299 2260 faciet
320 2217 355 2248 et
377 2213 423 2248 iis
446 2212 512 2258 qui
531 2212 570 2247 in
592 2211 662 2248 hae
685 2223 819 2259 maqna
841 2213 984 2248 civitate
1006 2212 1174 2249 habitant
1194 2216 1231 2249 et
1253 2213 1317 2259 qui
1337 2213 1549 2260 provincias
1571 2214 1752 2258 incolunt,
1784 2217 1823 2249 ut
1846 2225 1949 2250 nemo
1975 2215 2132 2250 omnium
2154 2226 2198 2251 ea
2225 2226 2320 2262 quae
2339 2226 2411 2263 pro

185 2258 364 2294 communi
382 2257 499 2294 salute
522 2268 546 2293 a
568 2258 671 2294 nobis
691 2258 832 2293 sancita
854 2261 939 2293 sunt
960 2257 1116 2304 iqnoret.

1203 2435 1395 2474 XXVIII.

263 2503 365 2556 DE
395 2503 862 2556 PUBLICORUM
889 2503 1352 2556 TRIBUTORUM
1385 2504 1784 2558 EXAOTIONE
1816 2505 1912 2557 ET
1941 2505 2339 2558 SOLUTIONE'

927 2571 1022 2623 ΕΤ
1043 2572 1247 2623 ALIIS
1284 2573 1668 2624 CAPITIBUS.

717 2648 820 2686 Idem
841 2650 1028 2697 Augustus
1042 2650 1154 2688 Petro
1177 2651 1440 2697 gloriosissimo
1457 2652 1655 2699 praefecto
1677 2651 1877 2698 praetorio.

317 2718 346 2754 Ι.
396 2717 481 2754 Cum
529 2728 750 2765 uaecumque
772 2717 823 2753 ad
844 2718 1035 2755 utilitatem
1057 2718 1297 2754 subiectorum
1321 2722 1528 2755 nostrorum
1550 2723 1717 2766 spectant
1736 2718 1912 2766 perficere
1934 2717 2154 2762 studeamus,
2178 2719 2286 2754 etiam
2299 2730 2412 2766 prae-

182 2767 316 2801 sentem
347 2763 460 2810 leqem
512 2763 656 2806 erimus,
688 2774 762 2809 qua
790 2764 982 2806 sancimus,
1014 2768 1056 2800 ut
1082 2774 1201 2800 mense
1233 2763 1329 2799 Iulio
1353 2764 1408 2800 vel
1429 2765 1593 2816 Auqusto
1624 2763 1904 2809 uniuscuiusque
1935 2763 2141 2799 indictionis
2169 2764 2413 2809 particulares

182 2809 427 2855 delegationes
451 2807 666 2845 tmbutorum
693 2808 848 2855 futurae
879 2808 1086 2844 indictionis
1115 2809 1153 2844 in
1175 2808 1310 2845 iudicio
1342 2809 1684 2854 qlorioszssimorum
1714 2809 1887 2854 cuiusque
1909 2808 2112 2845 dioeceseos
2139 2809 2412 2854 praefectorum

183 2858 391 2890 nostrorum
414 2854 506 2889 actis
528 2853 708 2899 confectis
729 2853 949 2900 manifestae
968 2854 1078 2899 fiant,
1110 2865 1204 2900 quae
1226 2855 1430 2900 siqnificent
1460 2858 1634 2900 quantum
1662 2854 1701 2888 in
1723 2864 1943 2900 unaquaque
1969 2853 2161 2901 provincia
2190 2853 2246 2888 vet
2268 2854 2413 2890 civitate

176 2910 251 2946 pro
274 2898 430 2945 sinqulis
458 2899 554 2944 iuqis
584 2898 641 2934 vel
669 2897 767 2934 iuliis
798 2898 855 2934 vel
882 2899 1055 2934 centuriis
1085 2899 1142 2935 vel
1171 2899 1450 2946 quibuscumque
1480 2899 1564 2935 aliis
1587 2898 1790 2935 nominibus
1821 2902 1894 2933 tam
1918 2899 1956 2934 in
1979 2899 2098 2945 specie
2126 2909 2232 2941 quam
2256 2898 2294 2933 in
2318 2909 2411 2934 auro

184 2943 398 2980 tributorum
419 2943 563 2979 nomine
585 2943 789 2989 impositum
812 2943 870 2987 sit,
894 2954 939 2979 ac
961 2944 1158 2991 specierum
1182 2955 1326 2991 quoque
1349 2945 1631 2981 aestimationem
1652 2944 1810 2980 indicent
1832 2943 2025 2980 secundum
2049 2953 2207 2978 mensam
2229 2947 2264 2979 et
2286 2953 2411 2979 secun-

229 3058 249 3090 6
261 3058 383 3089 subscr.
398 3069 455 3089 om.
470 3068 499 3096 ς,
517 3057 633 3090 habent
645 3054 745 3090 IuLl'P
763 3055 776 3100 ss
791 3056 825 3089 k.
838 3057 972 3091 sert.M
987 3056 1054 3090 kal.
1068 3057 1148 3090 setb.
1163 3055 1260 3096 Iul.⁶;

183 3098 376 3135 καλανδῶν
397 3096 552 3135 Ἰουλίων
567 3102 656 3144 ΑιῘι.,
678 3102 764 3145 μηνὶ
789 3101 983 3146 ἰανουαρίῳ
1008 3103 1063 3146 (cf.
1080 3104 1125 3135 ad
1141 3104 1219 3144 634,
1233 3103 1261 3168 72

189 3146 336 3190 Theoti.ss
359 3156 455 3189 conp.
479 3146 549 3189 inp.
573 3146 673 3180 donn.
697 3146 835 3179 iustian.
860 3157 935 3188 aug.
962 3157 1038 3179 ann.
1053 3147 1160 3180 XXII
1181 3147 1243 3181 Iul.

184 3188 367 3233 βασιλείας
386 3187 640 3225 ’Ῑουστινιανοῦ
664 3190 708 3225 τὸ
728 3189 784 3234 κβ’
799 3191 875 3224 ΑιΙι.
906 3192 979 3225 ἔτει
1002 3189 1059 3235 ,ιβ’
1076 3192 1139 3235 τῆς
1158 3194 1262 3236 βασι·

185 3234 277 3269 λείας
302 3237 422 3270 ΤΙιεοιΙ.
458 3246 508 3279 ep.
526 3236 582 3270 dn.
597 3236 678 3270 inst.
701 3247 755 3279 pp,
773 3246 848 3278 aug.
868 3237 912 3270 M
933 3236 946 3280 ss
971 3239 989 3270 7
1013 3240 1089 3280 post
1113 3248 1200 3270 cons.
1218 3255 1262 3263 —

185 3281 252 3314 ind.
265 3280 318 3313 XI
342 3282 399 3324 (cfi
417 3282 464 3315 ad
478 3283 556 3323 634,
569 3283 609 3324 7)]
633 3277 789 3323 ὑπατείᾳ
812 3279 1003 3315 Βασιλείου
1026 3280 1069 3315 τὸ
1087 3278 1122 3323 ζ’
1141 3279 1210 3316 ἰνὸ.
1229 3280 1262 3314 α’

184 3326 278 3364 (corr.
295 3321 358 3368 ια’)
384 3326 504 3360 Theoti.
544 3323 634 3369 μετὰ
655 3324 724 3369 τὴν
748 3322 927 3359 ὑπατείαν
950 3325 1138 3360 Βασιλείου
1160 3325 1203 3361 τὸ
1230 3322 1261 3368 ζ

186 3371 259 3402 Ath.
283 3373 358 3412 post
373 3381 458 3404 cons.
476 3371 588 3404 basilii
603 3370 714 3416 (uall‘L
729 3369 823 3413 lum)
844 3381 921 3404 ann.
938 3376 1030 3405 sexto
1046 3375 1108 3412 (vel
1122 3372 1184 3414 VI)
1197 3372 1261 3406 Iul.

185 3425 279 3446 conss
301 3416 345 3448 M
356 3415 369 3459 ΙΙ
387 3419 523 3450 10rubr.
537 3418 626 3461 Περὶ
637 3435 673 3440 --
686 3413 894 3461 κεφαλαίων
905 3417 989 3458 ML,
1008 3417 1039 3449 B
1049 3418 1157 3459 56‚18]
1173 3418 1262 3463 Περὶ

186 3458 431 3494 συντελεστῶν
446 3463 505 3494 καὶ
521 3458 645 3494 ἄλλων
660 3459 868 3506 κεφαλαίων
883 3463 956 3495 ΑιΙι.
973 3473 992 3498 ς
1015 3463 1104 3506 Περὶ
1122 3461 1187 3496 τοῦ
1207 3462 1261 3495 de·

185 3502 315 3544 legatov
339 3506 400 3537 καὶ
423 3508 504 3550 περὶ
527 3501 716 3558 ἀρχόντων
741 3506 859 3539 Theoti.
883 3505 896 3550 ΙΙ
922 3507 960 3540 13
986 3505 1132 3551 ἐπάρχῳ
1157 3517 1261 3552 πραι-

186 3547 486 3600 ‘t‘wqt‘wv-BIAM]
503 3549 655 3595 ὑπαρχω
669 3551 700 3584 L
717 3550 730 3593 ΙΙ
750 3552 790 3584 15
806 3550 897 3592 τῶν]
914 3553 987 3585 τινὶ
1004 3551 1081 3585 τῶν
1099 3554 1149 3586 cit.
1159 3553 1235 3585 Ath.
1250 3549 1264 3597 ΙΙ

188 3590 373 3625 υποτελων
386 3594 458 3627 ML
471 3596 559 3636 Am]
583 3594 831 3629 συντελεστῶν
854 3598 904 3629 cit.
921 3597 1041 3630 ΤΙιεοᾱ.
1063 3596 1077 3640 ΙΙ
1103 3598 1142 3631 17
1167 3592 1262 3630 ἰοὺλ·

188 3631 267 3689 am,
278 3637 307 3668 L
324 3637 336 3678 u
352 3634 483 3693 r'y'votlji
501 3640 530 3671 L
548 3640 560 3682 ΙΙ
579 3641 619 3674 21
646 3636 934 3696 *ὑπάρχωνὶΜΕ
951 3641 963 3684 Ι]
981 3642 1024 3676 22
1048 3641 1099 3697 ἐν,
1111 3654 1170 3696 opt.
1184 3641 1236 3675 L⁰
1244 3639 1263 3695 J!

186 3681 586 3767 οὐάῗηῖἔουηέιέἕέἐὲῗ
600 3683 1054 3773 ἴυῗαλᾜίίρίῗῖῗέἷῶν
1072 3687 1262 3765 (Σῖἵῖεἷῖαἶ

1333 3057 1483 3091 Οαίαείιιε
1508 3059 1555 3091 ad
1580 3057 1658 3091 Cod.
1686 3059 1737 3098 10,
1752 3064 1798 3098 27,
1810 3058 1856 3099 2);
1890 3059 1931 3100 cf.
1958 3058 2099 3098 637,35;
2135 3068 2206 3089 nov.
2233 3055 2365 3098 XVII,
2390 3057 2410 3089 8

1324 3114 1359 3145 p.
1375 3103 1491 3143 122,13
1509 3102 1521 3146 ΙΙ
1539 3103 1582 3137 24
1601 3098 1749 3135 *ἄλλων
1764 3099 1990 3145 οἱωνδήποτε
2013 3097 2229 3144 (οἱωὸήποτε
2242 3101 2302 3143 Μ)
2326 3096 2411 3134 ὄνθ’-

1327 3159 1416 3190 ματι
1441 3148 1513 3181 ML
1547 3147 1615 3181 alio
1638 3147 1789 3190 quolibet
1811 3158 1841 3189 ς’,
1873 3149 1957 3181 unde
1981 3142 2138 3190 ὀνόματι
2159 3145 2320 3190 9ἱοεεεηῖα
2343 3157 2412 3179 esse

1330 3194 1510 3226 arbitratur
1523 3193 1726 3232 Zachariam
1751 3194 1879 3226 correxi
1888 3187 2094 3235 ὀνομάτων,
2111 3191 2155 3269 «ᾗ
2170 3190 2376 3233 nov.XVII‚
2390 3192 2411 3225 8

1329 3234 1352 3279 ἢ
1368 3233 1606 3280 ὁπωςδήποτε
1630 3233 1676 3270 ἂν
1701 3233 1792 3271 αὐτοὶ
1816 3236 1909 3270 κατὰ
1927 3236 2051 3280 χώραν
2069 3247 2114 3268 κα
2155 3236 2211 3268 ἴεν

1400 3329 1415 3361 1
1448 3327 1637 3369 generalem
1665 3330 1812 3360 nostram
1844 3325 1894 3360 V²
1919 3327 1952 3360 in
1977 3332 2063 3369 spat.
2086 3337 2156 3359 vac.
2185 3325 2198 3369 ss
2227 3327 2248 3359 4
2277 3323 2410 3357 inhabi-

1329 3373 1403 3404 tant
1429 3373 1461 3404 Τ
1479 3373 1490 3415 ΙΙ
1516 3374 1536 3406 5
1560 3373 1794 3415 subscriptione
1814 3378 1925 3405 carent
1946 3370 2049 3414 libriu
2075 3371 2095 3404 9
2119 3382 2190 3404 nov.
2212 3368 2415 3404 CXXVIII

1329 3417 1385 3457 (=
1399 3418 1493 3450 Aetli.
1513 3417 1727 3459 CXXXIII)
1752 3429 1810 3450 om.
1823 3417 1871 3458 R,
1896 3417 1928 3449 in
1948 3416 2118 3459 particula
2134 3417 2175 3449 ab
2192 3415 2298 3448 altera
2313 3424 2409 3446 manu

1325 3464 1509 3505 perscripta
1533 3463 1659 3496 exhibet
1686 3462 1718 3496 T
1752 3487 1760 3495 .
1779 3462 1845 3496 174
1871 3460 1883 3504 ΙΙ
1915 3462 1955 3495 10
1969 3462 2056 3494 rubr.
2078 3472 2136 3493 om.
2152 3459 2185 3502 Τ
2203 3457 2407 3502 (αᾰᾰ.εε1ιοί.

1330 3508 1362 3540 in
1378 3508 1493 3550 mar-9.)
1512 3505 1525 3551 ΙΙ
1548 3506 1723 3540 collationi
1746 3516 1785 3540 us
1805 3506 1860 3549 Vll
1888 3506 1929 3540 13
1946 3505 2037 3538 Idem
2053 3514 2083 3538 a.
2104 3504 2201 3544 Vol]
2224 3503 2409 3545 Imperator

1327 3550 1533 3585 iustinianus
1559 3552 1592 3585 T
1608 3551 1620 3594 ΙΙ
1640 3553 1682 3586 16
1707 3550 1886 3594 respitiunt
1907 3551 2045 3593 Vvulq]
2068 3548 2239 3593 pertinent
2264 3547 2296 3579 T
2308 3546 2321 3590 11
2338 3548 2408 3578 stu-

1327 3595 1442 3628 dentes
1454 3614 1496 3619 —
1510 3596 1676 3630 sancimus
1692 3609 1751 3630 om.
1766 3597 1851 3638 libri,
1864 3596 2010 3630 similiter
2021 3593 2126 3637 suppl.
2139 3592 2282 3632 Contine,
2295 3592 2383 3635 vuly.
2396 3589 2409 3636 ΙΙ

1331 3643 1369 3675 17
1395 3639 1459 3681 vel]
1489 3641 1543 3673 uel
1568 3651 1627 3685 per
1653 3642 1685 3675 Τ
1707 3640 1719 3685 ΙΙ
1752 3641 1792 3676 18
1815 3639 1992 3673 inditionis
2013 3639 2057 3680 (et
2077 3638 2125 3671 sic
2147 3637 2238 3680 infra
2262 3637 2408 3678 saepius)

1336 3684 1393 3729 Vll
1413 3685 1625 3728 particularis
1645 3685 1702 3729 Vn
1724 3687 1767 3720 25
1790 3693 1963 3718 causarum
1987 3681 2050 3726 T!
2073 3681 2116 3716 26
2140 3690 2285 3714 mensam
2299 3680 2405 3723 Beck]

1327 3739 1513 3763 mensuram
1538 3732 1615 3765 libri
1633 3729 1646 3775 ΙΙ
1669 3733 1703 3763 et
1724 3731 1771 3771 Τ]
1795 3741 1854 3764 οηι.
1876 3727 2003 3772 Vvuzq.
