2618 4010
194 154 254 184 DE
282 153 498 187 DEPOSITO
527 155 585 186 ΕΤ
613 157 1053 191 DENUNTIATIONIBUS

1271 145 1354 192 425

193 251 320 299 μόρτις
349 255 465 288 καῦσα
498 253 640 310 δωρεᾶς,
663 251 758 301 ὅροις
788 258 909 311 (τοῦτο
939 258 1009 305 γὰρ
1034 260 1276 304 προςνομοθε-

1893 153 2001 197 Nov.
2023 153 2286 198 LXXXVIII
2307 167 2367 209 pr.
2403 160 2420 196 1
2488 143 2489 146 ¹

1344 260 1498 296 nationis
1530 262 1799 299 condicionibus
1833 263 1914 306 (hoc
1950 265 2041 300 enim
2076 266 2270 301 adicientes
2306 266 2422 301 sanci-

193 299 349 347 τοῦμεν),
373 302 433 332 καὶ
456 299 519 334 τὰς
539 313 707 335 τοιαυτας
724 301 860 347 ὃωρεας
876 304 1019 350 ἰσχυράς
1039 317 1078 338 τε
1100 304 1192 338 εἶναι
1216 308 1276 338 καὶ
1343 309 1446 349 mus),
1477 306 1547 352 (et)
1571 307 1774 343 hu1usmodi
1797 308 2006 345 donationes
2032 311 2167 346 validas
2200 321 2278 347 esse
2301 315 2337 346 et
2360 310 2423 346 fir-

192 347 352 398 ssqssaa'as.
399 341 490 391 ὅπερ
521 344 562 379 οὐ
592 347 660 380 νῦν
690 349 841 401 πρρτον
872 350 1160 404 νομοθετοῦμεν,
1188 349 1278 384 ἀλλὰ
1342 361 1431 387 mas.
1466 352 1516 387 Et
1531 363 1602 388 non
1618 353 1723 389 modo
1740 354 1840 398 prius
1857 356 2049 398 sancimus,
2067 357 2130 392 sed
2146 357 2241 401 quod
2257 360 2421 392 sanctum

192 402 235 422 το
258 389 515 434 νομοθετηθὲν
544 389 612 435 ἤδη
637 395 695 425 καὶ
720 408 789 427 νυν
817 391 869 428 δι’
895 398 1066 441 ημετέρας
1089 395 1275 440 ἑρμηνεύο-

1344 401 1421 431 erat
1445 397 1595 440 dudum,
1628 401 1664 433 et
1687 409 1781 434 nunc
1813 410 1877 444 per
1900 403 2060 436 nostram
2081 402 2357 447 interpretamur
2387 403 2423 437 et

191 437 257 476 μέν
280 447 319 468 τε
342 438 401 468 καὶ
424 436 644 481 βεβαιοῦμεν
660 439 783 492 φωνῆς
806 441 865 474 ἐπὶ
887 439 1039 475 πάντων
1059 453 1137 475 των
1154 439 1275 476 ἄλλων
1311 442 1595 478 5confirmamus
1630 453 1752 479 vocem
1789 455 1897 490 super
1931 447 2010 482 aliis
2047 447 2210 482 omnibus
2246 447 2420 492 personis,

192 477 406 524 προςώπων,
431 478 660 535 δίχαὶμέντοι
683 498 812 527 μονων
836 482 883 519 ὠς
898 486 1036 531 εἴρηται
1058 485 1274 529 βουλευτῶν,

191 527 251 557 καὶ
273 525 380 558 τοῦτο
406 523 466 559 διὰ
489 540 558 570 την
582 532 663 573 περὶ
688 530 730 563 τὸ
756 529 932 574 δημόσιον
956 529 1130 574 σπουδήν.

234 567 521 625 (Ἐπίηλογός.)
615 574 623 585 “
975 574 984 584 ’
1103 573 1110 585 ‘

581 576 628 606 Τα
661 578 786 609 τοίνυν
818 588 1057 621 παρασταντα
1092 580 1178 620 ημῖν
1214 580 1273 610 καὶ

1343 488 1503 532 exceptis
1528 489 1713 525 dumtaxat
1735 490 1821 526 solis
1853 491 1947 526 sicut
1970 491 2105 527 dictum
2129 496 2184 527 est
2212 492 2418 534 curialibus,

1343 538 1378 567 et
1402 534 1490 568 haec
1514 537 1661 579 propter
1684 535 1860 580 publicam
1884 536 2105 572 industriam.

1398 579 1685 624 <Epilogus.>
1731 580 1829 624 Quae
1858 581 1967 625 igitur
1999 582 2215 626 placuerunt
2249 582 2351 618 nobis
2385 586 2421 617 et

189 612 284 656 τῷδε
318 628 368 657 τῳ
402 630 505 661 νομῳ
539 616 742 662 δηλούμενα
774 617 795 664 ἦ
820 633 865 665 ση
898 619 1087 665 ένδοξότης
1118 621 1273 668 φυλάξαι
1342 623 1411 658 hac
1435 623 1512 667 lege
1535 624 1724 660 manifesta
1748 630 1847 667 sunt,
1885 629 1947 661 tua
1969 627 2082 671 gloria
2105 628 2295 663 observare
2319 628 2418 663 festi-

189 659 397 703 σπευσάτω,
428 661 588 706 μάλιστα
616 663 769 700 πάντων
797 667 860 709 τῆς
883 664 1053 711 ὠφελείας
1076 669 1142 701 τοῦ
1166 665 1272 711 ὃημο-
1289 671 1419 712 10·net‚
1455 669 1647 713 praecipue
1677 671 1840 705 omnibus
1879 672 1941 715 qui
1970 682 2035 716 pro
2067 672 2242 708 iuvamine
2273 673 2418 717 publico

190 708 268 737 σίου
302 707 426 740 πᾶσαν
462 707 642 753 πρόνοιαν
676 711 861 755 τιθεμένη.
920 712 1003 747 Dat.
1035 723 1097 748 xv.
1131 713 1166 747 k.
1192 713 1268 747 Iun.

190 749 345 795 Septimo
371 753 452 798 imp.
478 754 537 790 dn.
563 755 750 791 Iustiniani
773 758 862 801 Aug.
889 767 982 792 anno
1007 757 1105 793 XIII.
1131 757 1271 802 Apione

187 806 218 829 v.
246 807 277 831 c.
304 807 402 833 cons.

697 959 757 993 nu

400 1025 577 1078 ΠΕΡΙ
615 1026 1053 1079 ΠΑΡΑΚΑΤΑ·

189 1092 455 1145 ΘΗΚΗΣ
515 1094 650 1146 ΚΑΙ
705 1094 1265 1147 ’ΔΙΑΜΑΡΤῩΡΙΑΣ

187 1161 542 1221 ΕΝΟΙΚῼΝ,
569 1161 708 1214 ΚΑΙ
732 1161 914 1215 ΠΕΡΙ,
933 1161 1264 1214 ΑΝΑΡΤΗ·

281 1228 466 1282 ΣΕῼΣ
496 1229 874 1282 ΧΟΡΗΓΙΑΣ
904 1229 1165 1283 ΑΡΤῼΝ.

185 1306 436 1354 Αὐτοκράτωρ
456 1305 704 1343 Ἰουστινιανὸς
727 1307 937 1362 Αὔγοέιστος
958 1306 1109 1356 Ἰωάννῃ
1132 1310 1186 1353 τῷ
1209 1311 1263 1343 ἐν·

187 1352 372 1409 Segontia»
391 1353 533 1409 5chpr
551 1355 627 1388 τῶν
644 1351 872 1388 ἅνατολικων
897 1359 1134 1400 πραιτωρίων
1157 1354 1198 1389 τὸ
1215 1353 1263 1400 β’,
1278 1359 1321 1392 20

322 1400 396 1434 απὸ
422 1412 576 1434 ὐπατων
600 1396 821 1445 ὀρδιναρίων
845 1403 904 1433 καὶ
929 1404 1119 1448 πατρικίῳ.

230 1467 537 1513 (Προοίμιον.>
584 1469 690 1510 Δίκης
718 1470 864 1513 ἔναγχος
892 1465 1135 1513 ἀκροωμένων
1162 1466 1266 1512 ἡμῶν

185 1514 303 1554 (τοῦτο
335 1509 424 1561 ὅπερ
454 1515 514 1547 ἐπὶ
544 1514 622 1547 τῶν
656 1512 852 1556 βασιλείων
888 1514 1041 1557 δημοσίᾳ
1061 1514 1263 1558 καθήμενοι

184 1557 604 1612 πολλάκιςῖπράττομεν)
636 1555 772 1603 ἇνεφύη
804 1570 857 1593 τις
889 1559 1051 1603 ζήτησις,
1082 1556 1127 1603 ἣν
1152 1558 1262 1594 διελύ-

1241 806 1285 844 [a.
1304 805 1383 846 539]

1341 723 1480 748 omnem
1512 714 1769 758 providentiam
1802 720 1947 758 ponant.
2042 716 2124 751 Dat.
2150 729 2208 752 xv.
2242 718 2313 753 kal.
2339 718 2416 752 Iun.

1341 757 1498 803 SeptImo
1530 759 1614 803 imp.
1649 760 1706 794 dn.
1741 760 1928 795 Iustiniani
1964 773 2023 806 pp.
2059 763 2151 806 Aug.
2189 773 2282 798 anno
2318 763 2415 798 X111.

1454 804 1593 848 Apione
1617 804 1691 840 viro
1718 805 1914 841 clarissimo
1939 807 2095 842 consule.

1763 962 1997 999 LXXXVIII.
2126 963 2214 1000 coll.
2231 964 2281 998 VI
2304 964 2358 999 tit.
2377 968 2416 1000 14

1281 1041 1321 1074 15
1387 1029 1439 1078 R
1471 1030 1563 1079 DE
1600 1031 1947 1081 DEPOSITO
1983 1034 2075 1082 ET
2112 1034 2368 1084 DENUN-

1335 1097 1798 1150 TIATIONIBUS
1843 1100 2413 1164 INQUILINORUM,

1334 1166 1425 1214 ET
1469 1167 1560 1214 DE
1602 1167 2107 1218 SUSPENDENDA
2150 1171 2415 1221 ADMINI-

1504 1233 1893 1286 STRATIONE
1929 1238 2168 1288 PANUM
2195 1239 2250 1288 R

1638 1314 1735 1349 Idem
1757 1314 1850 1360 Aug.
1876 1314 2030 1350 Iohanni
2052 1326 2111 1361 pp.

1391 1469 1690 1516 (Praefatio.)
1748 1472 1861 1507 Litem
1897 1483 2013 1517 nuper
2046 1473 2274 1510 audientibus
2310 1474 2414 1510 nobis

1334 1515 1415 1558 (hoc
1450 1515 1544 1559 quod
1577 1516 1616 1551 in
1645 1517 1791 1561 imperio
1827 1518 1970 1562 publice
2006 1519 2170 1555 sedentes
2206 1519 2412 1555 multotiens

1333 1561 1483 1604 agimus)
1515 1565 1595 1596 orta
1625 1566 1679 1597 est
1707 1562 1826 1607 aliqua
1882 1564 2040 1606 uaestio‚
2074 1575 2179 1609 quam
2203 1565 2412 1600 resolvimus

184 1615 298 1646 σαμεν
329 1606 473 1637 αυτίκα·
522 1605 673 1638 τοιαῦτα
705 1604 743 1637 δὲ
771 1602 959 1648 μαθόντες
988 1607 1266 1650 ἑπισυμβαίνειν
1280 1609 1321 1641 25
1336 1606 1474 1641 statim:
1512 1606 1717 1643 huiusmodi
1740 1619 1821 1643 vero
1878 1608 2032 1645 iscentes
2065 1610 2271 1654 contingere
2301 1610 2414 1645 multa

183 1647 298 1682 πολλὰ
321 1650 430 1692 κοινῷ
455 1653 515 1683 καὶ
534 1650 663 1696 γενικῷ
680 1646 784 1693 νόμῳ
811 1648 966 1695 διορίσαι
988 1651 1104 1684 ταῦτα
1128 1649 1269 1686 δίκαιον
1339 1652 1515 1686 communi
1540 1654 1576 1687 et
1598 1653 1754 1698 generali
1777 1653 1854 1699 lege
1878 1654 2026 1690 definire
2050 1655 2139 1691 haec
2159 1656 2292 1691 iustum
2317 1656 2412 1692 arbi-

183 1690 421 1739 ὑπελάβομεν.

1335 1697 1421 1733 trati
1445 1708 1578 1733 sumus.

1191 1787 1348 1823 CAPUT
1372 1787 1400 1823 1.

228 1844 273 1875 Ei
295 1840 364 1888 γάρ
393 1853 447 1875 τις
477 1840 578 1888 παρά
607 1854 705 1876 τινος
728 1841 831 1884 λάβοι
853 1846 1001 1886 χρυσίον
1024 1841 1046 1886 ἢ
1071 1842 1267 1890 πράγματά

182 1901 266 1922 τινα
289 1890 393 1933 ἕτερα
410 1887 720 1932 παρακαταθήκης
738 1885 834 1933 λόγῳ
857 1890 919 1921 ἐπί
933 1901 1030 1922 τισιν
1054 1885 1160 1934 ὅροις,
1186 1889 1263 1923 εἶτα

1393 1844 1430 1879 Si
1454 1844 1547 1880 enim
1579 1845 1656 1890 quis
1689 1846 1735 1882 ab
1765 1847 1884 1892 aliquo
1917 1847 2073 1893 accipiat
2102 1858 2229 1884 aurum
2261 1852 2325 1885 aut
2354 1860 2411 1885 res

1333 1890 1471 1934 aliquas
1503 1890 1654 1936 depositi
1687 1902 1798 1928 causa
1827 1894 1864 1928 in
1889 1893 2103 1938 quibusdam
2128 1894 2409 1936 condicionibus,

249 1957 333 1990 Nov.
350 1956 596 1989 LXXXVIII
610 1956 772 1995 (Autlzent.
787 1957 1084 1991 LXXXVIII=
1102 1958 1180 1992 Coll.
1205 1958 1257 1991 VI
1269 1959 1314 1992 tit.
1334 1961 1390 1992 14:
1415 1960 1526 2003 qloss.)
1554 1961 1680 1994 Graece
1705 1969 1792 1995 extat
1815 1963 1846 1996 in
1874 1962 1956 2004 ML,
1981 1974 2053 2007 cap.
2071 1965 2098 1996 1.
2114 1964 2134 1997 2
2160 1964 2195 1996 Β
2212 1966 2263 2006 13,
2274 1971 2356 2007 2‚46.
2370 1983 2409 1987 -—

182 2003 272 2046 Epic.
300 2003 422 2036 Theoti.
446 2003 487 2036 88
513 2002 599 2043 (inde
627 1998 713 2043 ΒΣ),
745 2003 866 2035 Athan.
891 2005 922 2044 6,
942 2010 967 2036 3.
1015 2003 1137 2036 Iulian.
1163 2011 1260 2037 const.
1287 2005 1460 2037 LXXXI.

251 2061 276 2080 c.
301 2048 324 2081 l
343 2060 492 2080 summam
514 2048 610 2079 habet
632 2047 780 2089 Epitome
809 2049 859 2089 18,
872 2056 903 2081 14
931 2049 1133 2088 (Zachariae
1158 2049 1215 2082 Ius
1239 2049 1297 2082 Gr.
1320 2051 1412 2083 Rom.
1435 2051 1479 2083 II
1498 2052 1588 2091 406).

183 2125 307 2160 mortis
331 2135 441 2160 causa
472 2125 679 2160 donationis
707 2129 853 2160 maneat
879 2125 962 2167 (hoc
982 2126 1075 2161 enim
1103 2126 1252 2172 insuper
1274 2127 1480 2170 sancimus),
1512 2131 1547 2163 et
1576 2128 1753 2164 eiusmodi
1782 2129 1994 2165 donationes
2024 2130 2167 2166 validae
2198 2131 2273 2166 sint
2300 2135 2411 2177 atque

180 2171 318 2215 firmae.
366 2169 471 2212 Quod
499 2181 573 2204 non
606 2181 701 2205 nunc
725 2170 888 2216 primum
919 2171 1114 2213 sancimus,
1148 2171 1213 2205 sed
1243 2172 1313 2206 iam
1338 2171 1472 2206 dudum
1499 2174 1675 2208 sancitum
1707 2185 1804 2210 nunc
1834 2186 1977 2222 quoque
2001 2186 2075 2221 per
2097 2179 2259 2211 nostram
2288 2187 2409 2227 vocem

183 2216 463 2261 interpretamur
486 2220 519 2249 et
543 2215 799 2259 confirmamus
822 2216 859 2248 in
884 2215 1048 2250 omnibus
1071 2216 1220 2261 reliquis
1236 2217 1420 2262 personis,
1445 2219 1609 2264 exceptis
1630 2222 1747 2254 tamen
1763 2219 1862 2263 solis,
1887 2221 1942 2256 uti
1960 2220 2094 2256 dictum
2110 2226 2174 2264 est,
2200 2221 2407 2263 curialibus,

184 2260 292 2306 idque
312 2265 468 2306 propter
490 2264 653 2294 nostrum
677 2260 715 2293 in
737 2260 864 2303 fiscum
886 2259 1055 2294 studium.

323 2305 530 2351 Epiloqu
539 2315 566 2338 s.
615 2303 715 2346 Quae
738 2305 852 2349 iqitur
872 2305 1091 2350 placuerunt
1114 2305 1219 2340 nobis
1251 2310 1285 2340 et
1308 2305 1378 2341 hac
1402 2305 1480 2352 leqe
1504 2306 1740 2343 declarantur
1772 2311 1834 2343 tua
1853 2308 1976 2354 qloria
2006 2321 2153 2347 servare
2174 2311 2336 2354 studeat,
2367 2316 2409 2347 ut

184 2351 341 2386 maxime
365 2349 521 2385 omnium
545 2349 694 2384 utilitati
714 2349 796 2393 fisci
820 2360 958 2384 omnem
982 2361 1107 2384 curam
1127 2354 1299 2396 praestet.

1168 2483 1425 2520 LXXXVIII.

264 2553 365 2604 DE
397 2551 742 2604 DEPOSITO
777 2551 870 2601 ET
898 2550 1483 2603 DENUNTIATIONE
1513 2553 2055 2614 JNQUJLJNORUM
2092 2557 2332 2619 DEQIJE

655 2619 1156 2669 SUSPENDENDA
1192 2618 1650 2672 EROGATIONE
1678 2622 1937 2674 PANUM.

229 2689 321 2737 Imp.
343 2688 568 2724 lastinianus
585 2687 771 2733 Auqustus
790 2686 949 2722 Iohanni
970 2687 1236 2767 qlorioszbssimo
1250 2688 1443 2768 prctiefecttto
1465 2690 1655 2741 praetorio
1673 2701 1746 2736 per
1768 2689 1946 2727 Orientem
1970 2692 2116 2735 iterum,
2140 2704 2190 2729 ex
2211 2693 2360 2730 consule

1071 2743 1113 2767 or
1139 2743 1257 2767 inario
1281 2744 1300 2768 e
1331 2744 1387 2779 pa
1403 2745 1504 2769 rzczo.

319 2790 582 2835 Praefatio.
632 2788 717 2825 Cum
752 2800 869 2835 nuper
905 2788 1000 2824 litem
1035 2788 1242 2824 audiremus
1278 2789 1329 2831 (id
1363 2790 1462 2836 quod
1495 2791 1533 2825 in
1568 2791 1671 2837 νομέα
1701 2791 1849 2837 publice
1884 2791 2048 2828 sedentes
2081 2804 2190 2840 saepe
2218 2795 2402 2840 facimus),

183 2837 347 2884 quaestio
372 2835 548 2882 quaedam
572 2839 703 2870 exorta
723 2838 787 2876 est,
812 2845 920 2880 quam
943 2834 1064 2868 statim
1085 2833 1299 2869 decidimus:
1322 2835 1387 2869 sed
1406 2836 1482 2870 eius
1502 2838 1644 2881 qeneris
1667 2846 1747 2871 cum
1767 2837 1879 2873 multa
1900 2838 2108 2884 continqere
2129 2841 2402 2886 comperiamus,

184 2882 361 2918 communi
384 2886 419 2916 et
442 2880 604 2926 qenerali
628 2879 706 2925 leqe
729 2879 818 2915 llaec
841 2879 990 2924 definire
1007 2890 1083 2925 par
1107 2890 1183 2914 esse
1207 2879 1386 2914 duximus.

329 2928 356 2962 1.
413 2925 453 2961 Si
490 2926 570 2971 quis
605 2926 698 2960 enim
733 2924 777 2958 ab
814 2924 938 2970 aliquo
975 2935 1104 2959 aurum
1140 2925 1198 2959 vel
1229 2925 1323 2959 alias
1357 2924 1532 2970 quasdam
1567 2936 1627 2961 res
1660 2926 1816 2972 depositi
1851 2928 1995 2964 nomine
2029 2929 2095 2965 sub
2131 2930 2403 2969 condicionibus

231 3020 246 3051 1
273 3017 381 3049 τοῦτο
395 3015 476 3061 γὰρ]
501 3017 609 3049 τοῦτο
624 3014 694 3061 γὰρ
711 3016 791 3048 ἐστι’
805 3017 879 3055 (del.
897 3016 986 3057 ἐστί)
1003 3014 1075 3056 Mb,
1094 3029 1152 3048 om.
1166 3016 1231 3048 Ma
1246 3015 1258 3060 Η

184 3064 203 3095 3
223 3057 314 3106 ὅπερ
336 3058 376 3094 οὗ
401 3062 469 3095 νῦν
493 3062 652 3102 ποῶτον]
678 3063 710 3093 et
733 3071 801 3093 non
825 3061 921 3093 modo
942 3062 1035 3103 prius
1058 3072 1076 3096 ς
1105 3060 1117 3104 Η
1149 3062 1168 3094 6
1192 3059 1256 3104 μό-

184 3120 250 3141 νον
263 3108 294 3139 L
312 3107 324 3151 Η
341 3109 359 3139 7
385 3109 444 3139 καὶ
459 3094 578 3147 roffio]
603 3109 636 3139 et
658 3107 737 3138 haec
763 3118 781 3141 ς
798 3105 810 3148 11
827 3108 909 3150 περὶ
932 3105 995 3139 τοῦ
1021 3102 1189 3149 δημοσίου
1203 3106 1250 3145 L!

187 3155 227 3187 10
238 3165 284 3195 sq.
301 3149 708 3194 πάντων-τιθεμένη]
733 3151 885 3183 omnibus
906 3151 964 3191 qui
989 3170 1031 3175 —-
1054 3153 1181 3193 ponant
1205 3163 1224 3187 ς
1246 3150 1251 3196 Ι

184 3197 246 3240 τῆς
271 3193 441 3242 ὠφελείας
465 3198 512 3230 bis
524 3209 585 3230 scr.
601 3197 647 3230 M
658 3196 670 3240 Η
689 3198 726 3230 11
754 3196 878 3228 πᾶσαν
891 3197 954 3236 Le]
980 3209 1037 3229 om.
1052 3197 1098 3229 M
1109 3200 1121 3240 Η
1137 3199 1256 3230 subscr.

181 3250 331 3321 ’ἷαῗςῖἶῗι
346 3242 448 3331 {23³5
449 3243 635 3329 3155ssssss
648 3241 844 3329 οὲ”ξῗᾲῗεῗῖἐ
863 3239 1118 3319 ’ἶζῖῗῖἶιῗῖὲῡ
1127 3239 1185 3319 “32,
1197 3254 1257 3319 ³5¹:

184 3301 357 3366 ὑισχτῖκτειῖκς
377 3312 551 3365 Ἀπίωνος
574 3333 649 3367 Atti.
686 3327 902 3376 ἑξεφωνήθη
925 3333 1011 3374 μηνὶ
1035 3331 1158 3374 ἱουνίῳ
1185 3300 1258 3365 ἕτζι

185 3392 197 3411 ι
221 3374 229 3385 ’
244 3375 427 3421 βασιλείας
450 3373 606 3419 ὑπατείᾳ
627 3373 788 3410 Ἀπίονος
809 3378 851 3416 (υ.
867 3377 885 3409 l.
898 3372 1111 3418 Ἀππίωνος)
1136 3377 1169 3410 Τ
1166 3378 1256 3411 head.

186 3390 252 3456 (ζῆ.
277 3424 310 3455 k.
336 3424 410 3454 Iun.
435 3422 512 3465 imp.
537 3422 718 3454 Iustiniani
737 3422 842 3455 Iul.vw
863 3423 935 3463 (om.
952 3422 1015 3454 Iul.
1034 3423 1127 3455 codd.
1145 3425 1228 3464 cett.)
1239 3421 1252 3462 Η

167 3470 226 3506 ‚15
252 3466 469 3513 παραθήκης
493 3469 567 3501 Am.
592 3467 711 3501 Theod.
736 3463 792 3499 ΒΣ
829 3465 1038 3508 καταθήκης
1061 3468 1156 3501 index
1179 3468 1211 3501 L
1246 3468 1258 3511 Η

187 3516 225 3546 17
247 3516 329 3560 περὶ
349 3527 406 3546 om.
423 3514 498 3546 Ath.
518 3513 529 3553 ΙΙ
549 3514 589 3546 18
605 3513 780 3557 χὀρηγίας]
806 3509 1004 3545 πολιτικῶν
1015 3512 1090 3545 Ath.
1108 3512 1120 3551 ΙΙ
1140 3514 1181 3547 20
1196 3513 1257 3546 έπ-

185 3556 283 3602 άρχῳ
315 3559 478 3602 Scrimqer
497 3558 679 3601 ,(ἔπαρχον
702 3557 779 3590 τῶν
803 3559 1040 3610 πραιτωρίων
1071 3559 1149 3595 dicit
1172 3555 1256 3599 ΒΣΗ

157 3627 160 3630 -
186 3599 334 3648 ὑπάρχω
359 3604 431 3637 ML
449 3604 461 3647 Η
478 3606 714 3648 πραιτωρίων
737 3615 793 3634 om.
807 3602 838 3635 L
854 3603 865 3642 ΙΙ
885 3603 924 3636 21
951 3598 1170 3648 ορδιναρίων
1184 3604 1257 3636 Ha-

188 3649 331 3690 loander]
368 3644 564 3693 ὄρδιναρίω
590 3649 662 3682 ML
692 3647 703 3692 Η
733 3659 808 3681 πατ
832 3650 936 3679 ικίων
962 3648 992 3680 L
1019 3649 1030 3687 ΙΙ
1061 3649 1101 3682 27
1127 3645 1258 3682 ὑπελά-

186 3694 302 3736 βαμεν
320 3694 349 3727 L
374 3694 386 3737 11
416 3695 457 3728 28
484 3693 537 3727 Εἴ
554 3705 607 3727 τις
631 3696 691 3727 inc.
706 3693 742 3726 B
766 3692 779 3736 Η
806 3659 899 3738 λάβῃ
918 3693 952 3725 Β
976 3692 988 3736 Η
1018 3694 1059 3728 29
1081 3693 1184 3739 ἕτερα
1199 3695 1257 3735 Μ]

186 3750 244 3772 om.
262 3739 352 3775 LB:

254 3793 306 3821 ΠΙ.

1382 3018 1401 3049 2
1427 3018 1459 3048 et
1484 3017 1713 3059 add.Krie9el
1740 3017 1752 3059 Η
1781 3019 1800 3051 3
1825 3019 1871 3051 Et
1893 3038 1939 3044 —-
1961 3019 2069 3061 prius]
2102 3022 2199 3058 Quod
2223 3033 2290 3055 non
2314 3033 2402 3056 nunc

1325 3062 1468 3103 primum
1481 3062 1618 3104 Krieqel
1634 3062 1646 3103 Η
1663 3064 1680 3095 7
1696 3062 1758 3096 hoc
1774 3063 1910 3107 Krieyel
1920 3063 1931 3108 Η
1942 3065 2110 3107 publicam
2123 3068 2178 3110 (cf.
2192 3080 2221 3099 v.
2235 3069 2303 3108 10)]
2319 3078 2351 3110 Ρ.
2374 3069 2406 3102 V

1323 3107 1452 3148 publici
1465 3106 1559 3139 Beck
1577 3105 1589 3150 Η
1605 3108 1625 3140 9
1639 3106 1745 3149 legem
1762 3108 1816 3151 Vn
1833 3109 2044 3143 manifestata
2057 3111 2195 3155 Krieyel
2208 3112 2220 3154 Η
2241 3115 2282 3146 10
2294 3113 2400 3145 omni-

1325 3152 1386 3184 bus
1416 3152 1484 3193 qui]
1522 3151 1669 3184 omnium
1701 3153 1839 3196 Krieyet
1863 3155 1875 3195 Η
1904 3154 2073 3187 iubamine
2107 3156 2139 3189 V
2161 3155 2173 3199 Η
2205 3159 2242 3190 11
2273 3168 2400 3201 ponens

1327 3197 1464 3241 Krieyel
1478 3198 1490 3239 Η
1511 3198 1552 3230 12
1576 3197 1723 3239 Septimo
1747 3199 1782 3238 (i.
1802 3211 1827 3231 e.
1853 3198 2000 3240 Septimo
2024 3200 2172 3234 Miliario
2196 3202 2288 3235 urbis
2313 3202 2399 3236 con-

1325 3241 1641 3284 stantinopolitanae
1672 3242 1709 3274 in
1733 3253 1818 3275 novo
1842 3244 2039 3278 consistorio
2065 3245 2184 3288 palatii
2207 3247 2399 3289 Iustiniani,

1326 3301 1408 3330 quae
1425 3295 1471 3320 est
1486 3288 1718 3320 constitutionis
1735 3289 1765 3320 d.
1784 3296 1845 3322 ΙΙΙ.
1863 3289 1894 3321 k.
1912 3289 1995 3323 Nov.
2013 3290 2117 3324 Decio
2142 3304 2206 3326 cos,
2229 3306 2260 3325 a.
2276 3294 2341 3328 529
2366 3295 2399 3327 in

1331 3333 1446 3366 Codice
1465 3334 1668 3374 subscriptio,
1692 3333 1759 3365 vid.
1774 3333 1941 3378 Krueyeri
1958 3337 2098 3378 append.
2114 3349 2150 3379 p.
2163 3335 2243 3375 *46;
2269 3339 2311 3381 cf.
2325 3341 2399 3372 sub-

1325 3391 1386 3411 scr.
1412 3390 1483 3410 nov.
1513 3377 1704 3419 CXVIII)]
1741 3380 1846 3420 septio
1874 3379 1908 3412 V
1925 3379 2003 3421 (GP.
2026 3382 2127 3424 υιιῖρ.)
2155 3381 2168 3425 Η
2200 3381 2296 3424 impr.
2321 3383 2397 3417 dofi.

1324 3423 1402 3455 iust.
1425 3422 1481 3466 Vn
1501 3423 1540 3456 13
1555 3421 1719 3455 clarisimo
1741 3423 1770 3455 V
1783 3423 1796 3466 Η
1822 3425 1861 3457 15
1882 3424 1932 3457 De
1956 3438 2013 3459 om.
2037 3425 2094 3469 Vn
2111 3428 2144 3458 et
2163 3426 2203 3459 de
2222 3427 2399 3462 denuntia-

1325 3467 1473 3500 tionibus
1495 3467 1739 3509 inquilinorum
1764 3468 1862 3511 TW,
1881 3482 1938 3502 om.
1965 3470 2009 3502 V²
2033 3469 2046 3514 Η
2065 3472 2105 3505 18
2121 3472 2259 3514 panium
2279 3473 2367 3507 RT⁰
2386 3473 2399 3519 Η

1326 3514 1368 3547 23
1392 3514 1428 3545 in
1453 3525 1511 3545 om.
1529 3513 1595 3546 ΒΤ
1608 3511 1620 3557 Η
1638 3513 1680 3547 24
1704 3513 1801 3546 horta
1822 3514 1878 3557 Vll
1895 3515 1936 3549 25
1959 3515 2186 3550 discendentes
2202 3517 2254 3550 Rss
2278 3518 2397 3552 discer-

1325 3561 1440 3590 nentes
1460 3557 1510 3591 V³
1536 3558 1548 3600 Η
1579 3558 1780 3600 coming-n
1807 3560 2011 3602 (contingere
2032 3574 2114 3595 corr.
2136 3561 2198 3606 173)
2220 3565 2325 3608 suppl.
2349 3563 2398 3599 V²

1326 3605 1357 3636 in
1371 3611 1454 3646 spat.
1469 3615 1538 3636 vac.
1554 3602 1567 3647 Η
1587 3603 1628 3636 26
1646 3604 1726 3636 haec
1742 3605 1879 3646 iustum]
1904 3606 1966 3637 hoc
1986 3605 2111 3639 iustum
2130 3617 2198 3641 esse
2224 3608 2274 3642 Τ2
2285 3610 2374 3654 ναῖς.
2385 3608 2398 3655 Η

1324 3648 1485 3681 arbitrum
1509 3648 1562 3681 Rss
1577 3649 1590 3692 Η
1608 3649 1651 3682 28
1675 3648 1789 3691 aliqua
1810 3650 1855 3683 R*
1873 3650 1886 3694 Η
1905 3651 1947 3684 29
1971 3651 2020 3693 in]
2044 3651 2105 3685 sub
2128 3652 2162 3686 T

2090 3800 2134 3833 54
