2580 4022
158 136 214 166 UT
243 133 484 165 PRAESIDES
517 134 848 167 PRovmctARUM
1993 124 2098 166 Nov.
2126 124 2298 167 CXLIX
2329 138 2389 179 pr.

1223 120 1307 166 723

156 235 195 265 ἐν
219 237 351 279 χρυσίῳ
377 230 398 275 ἢ
424 234 462 267 ἐν
486 229 626 279 (ἷργύρῳ
652 231 673 277 ἢ
695 236 770 268 τῶν
796 234 917 269 ἄλλων
942 236 1018 268 τῶν
1042 237 1081 269 ἐν
1107 233 1190 269 εἴδει
1214 234 1440 278 τελουμένων
1463 232 1644 281 εὗρεθεῖεν
1669 235 1768 281 παραὶ
1795 237 1871 270 τῶν
1894 232 2082 270 ὑποτελῶν
2098 233 2392 279 καταβληθέντα,

156 275 482 322 είςπραχθησονται
507 282 564 311 καὶ
591 277 683 313 αὐτὰ
710 283 768 312 καὶ
794 278 1140 324 κιιτιιβλι]θῆσιινται
1169 280 1218 314 οἷς
1242 279 1406 326 προςήκει
1430 282 1506 314 τῶν
1531 282 1729 327 εἰρημένων
1750 278 1835 324 ἡμῖν
1859 278 2058 326 ἀρχόντων.
2107 280 2174 315 τὸν
2199 277 2328 323 ὅμοιόν
2352 293 2393 314 τε

154 324 294 367 τρόπον
325 327 384 356 καὶ
418 323 497 356 τοὺς
527 322 652 357 ἄλλους
683 321 849 359 ἅπαντας
879 326 959 359 τους
990 304 1170 368 λαβόντας
1200 326 1277 359 τῶν
1303 325 1487 369 ἡμετέρων
1512 325 1695 368 amre-Mna
1717 330 1863 369 χρυσίον
1887 325 1908 369 ἢ
1931 325 2056 370 ἔτερόν
2080 340 2115 360 τι
2141 328 2178 359 ἐκ
2202 325 2278 360 τῶν
2303 326 2393 370 εἰρη-

154 371 275 410 μένων
307 365 389 410 ἡμῖν
422 368 668 411 έπινεμὴσεων
700 374 758 402 καὶ
789 371 895 404 τοῦτο
926 371 973 412 μὴ
1007 371 1237 404 καταθέντας
1267 372 1314 403 εἰς
1338 371 1380 404 τὸ
1408 370 1584 414 δημόσιον
1607 369 1628 418 ᾖ
1654 372 1871 405 καταθεῖναι
1896 374 2072 416 προςηκον
2095 366 2150 415 ἦν,
2181 371 2392 416 ἐξαιροῦμεν

155 414 216 454 τῆς
248 411 428 457 παρούσης
460 412 564 455 ἡμῶν
594 412 737 459 δωρεᾶς,
770 412 857 448 ὥςιε
884 417 991 448 τοῦτο
1016 418 1075 449 ἐπὶ
1099 416 1139 449 τὸ
1165 413 1335 459 δημέσιον
1359 413 1380 457 ἢ
1403 419 1461 448 καὶ
1486 416 1535 450 οἷς
1556 412 1599 450 ἂν
1620 414 1758 463 ἁρμόζῃ
1784 417 1830 450 τὰ
1856 419 2006 451 τοιαῦτα
2032 415 2260 459 καταβαλεῖν.
2309 415 2391 450 τοὺς
2438 419 2456 451 5

154 460 222 501 γαρ
255 455 436 491 ὑποτελεῖς
468 457 646 493 ἐλεοῦντες
677 461 739 501 τῆς
771 460 951 505 παροῑ’σης
984 458 1189 504 ἠξιώσαμεν
1214 460 1506 505 φιλανθρωπίας,
1532 460 1572 494 οὐ
1597 461 1670 505 μὴν
1696 464 1775 495 τοὺς
1799 459 1882 507 παρ’
1911 459 2033 496 αὗτῶν
2054 461 2098 496 τὰ
2124 460 2280 505 δημόσια
2305 474 2391 507 προ-

154 501 334 546 λαβόντας
364 504 542 548 χρήματα>
561 503 775 547 ἀποστερεῖν
807 518 845 538 τε
876 504 917 539 τὸ
952 504 1126 548 δημόσιον
1157 504 1391 549 βιιυλυμείιόυς
1421 505 1530 551 ἤγουν
1563 508 1729 548 ἐκείνους,
1762 503 1854 541 ὅπου
1887 504 1934 541 ἂν
1967 509 2217 553 ἐκτεταγμένοι
2250 505 2391 549 τύχοιεν

153 546 262 581 ὄντες.
312 547 496 593 πρόδηλον
528 547 582 589 δέ,
616 548 663 583 (ὸς
695 550 729 582 εἴ
756 561 848 583 τινες
883 549 1014 591 ταύτης
1050 549 1154 594 ἡμῶν
1190 550 1480 595 προαισθόμενοι
1515 553 1575 593 τῆς
1612 550 1813 597 φιλοτιμίας
1849 549 1939 595 ὑπὲρ
1972 553 2049 586 τῶν
2086 553 2391 598 συγχωρουμένων

153 590 400 635 ἐλλειμμάτων
432 591 524 626 κατά
558 608 641 627 τινα
674 598 862 639 περίνοιαν
886 596 924 627 ἐκ
948 597 1024 628 τῶν
1049 594 1236 629 ὑποτελῶν
1261 592 1449 642 ὁμολογίας
1475 594 1495 637 ἢ
1515 593 1777 641 ἀντιφωνήσεις
1802 596 2002 642 εἰλήφασιν,
2028 594 2049 639 ἢ
2071 601 2131 630 καὶ
2156 598 2202 630 εἰς
2226 595 2391 630 ἰδιωτικὰ

151 638 431 679 μετατεθείκασι
455 641 550 682 χρέα,
576 635 596 680 ἢ
620 637 704 672 ἄλλο
729 653 764 672 τι
789 641 878 684 πρὸς
905 652 986 683 περι
1003 640 1132 685 ’ραφην
1153 641 1297 684 τοιοῦτό
1315 654 1349 674 τι
1372 640 1627 683 μελετήσαντες
1652 639 1890 686 ἢπράξαντες
1908 645 2064 686 φανεῖεν,
2090 640 2193 675 οὐδὲν
2210 642 2248 682 ἐξ
2265 639 2389 675 αὐτῶν
2418 647 2456 679 10

152 681 275 726 ὄφελος
304 683 454 723 ἕξουσιν,
489 681 717 718 ἅναδώσουσι
750 682 788 717 δὲ
819 685 880 718 τὰς
913 654 1101 730 ὁμολογίας
1125 682 1208 730 παρ’
1236 685 1288 718 ὠν
1314 687 1528 729 ἐκομίσαντο
1549 685 1692 721 ταύτας.
1733 684 1908 721 ’Ἅπαντες
1934 686 1971 719 δέ
1994 688 2141 731 χάριτας
2162 687 2241 728 θεῷ
2267 700 2306 720 τε
2330 690 2391 719 καὶ

152 725 237 769 ἡμῖν
262 727 554 772 ὁμολογήσουσιν,
576 728 611 762 οἱ
632 731 697 772 μὲν
719 727 922 774 ὀφείλοντες
945 730 990 762 τὰ
1017 729 1232 784 ἐλλείμματα
1257 732 1318 773 τῆς
1342 731 1484 764 τούτων
1509 730 1764 777 συγχωρήσειός
1780 745 1819 765 τε
1835 735 1894 765 καὶ
1911 731 2192 776 φιλανθρωπίας
2209 731 2389 771 ἀξιωθέν-

151 783 217 814 τες,
237 772 273 806 οἱ
296 771 334 806 δὲ
357 772 462 806 ουδὲ-ν
487 770 576 818 ὑπὲρ
602 771 849 818 ἐλλειμμάτων
872 772 1075 818 ὀφείλοντες
1093 774 1361 821 απηλλαγμένοι
1379 774 1567 820 φροντίδος
1585 778 1645 819 τῆς
1660 777 1738 810 τῶν
1755 773 1977 816 ἀποδείξεων
1994 778 2097 810 ἕνεκα
2122 776 2390 822 παραφυλακῆς,

151 815 199 850 eds
221 818 270 861 μὴ
295 817 433 852 τούτοις
458 823 726 863 παρεμπίπτειν
749 819 841 864 <τὸ>
865 818 1034 854 πολλάκις
1058 818 1148 864 ὑπὲρ
1173 822 1248 854 τῶν
1274 819 1398 854 αὐτῶν
1423 819 1651 863 ἐνοχλεῖσθαι
1674 820 1828 865 χρόνων,
1853 820 1966 856 πάλιν
1984 820 2022 855 δὲ
2040 820 2390 868 ζυγοκλεπτήσαντες

151 866 377 905 παρίτωσαν,
405 862 483 907 ἄχρι
515 866 576 906 τῆς
608 861 736 909 ὀγδόης
769 865 1009 908 ἐπινεμήσεως
1045 867 1182 907 ἔχοντες
1206 865 1248 899 τὸ
1275 863 1488 911 ἀμέριμνον·
1513 863 1559 900 ὡς
1583 867 1630 901 εἰς
1654 867 1794 901 πάντας
1815 867 1960 901 εἰκότως
1986 867 2052 910 τὴν
2077 867 2266 912 παροῦσαν
2286 863 2391 910 ἡμῶν
2418 872 2456 903 15

151 904 334 952 διανέμειν
359 907 509 952 δωρεάν.

285 950 458 997 (Ἐπίλο
497 953 566 997 ος.)
616 953 663 987 Τὰ
693 958 817 988 τοίνυν
838 955 1082 1000 παραστάντα
1106 953 1192 999 ἡμῖν
1217 959 1274 989 καὶ
1300 954 1360 989 διὰ
1385 955 1491 990 τοῦδε
1515 958 1579 991 τοῦ
1604 957 1709 991 θείου
1729 955 1834 1000 ἡμῶν
1859 958 2109 1003 πραγματικοῦ
2130 957 2241 1000 νόμου
2266 955 2391 999 δηλού-

149 1010 241 1039 μενα
276 996 296 1040 ἦ
334 998 377 1041 σὴ
415 966 604 1041 ἐνδοξότης
638 997 895 1045 προγράμμασι
930 1003 1096 1046 χρωμένη
1132 999 1224 1035 κατὰ
1257 999 1366 1044 τήνδε
1397 1002 1466 1044 τὴν
1498 1000 1669 1045 βασιλίδα
1701 1001 1811 1037 πόλιν
1843 998 1959 1037 ἅπασι
1991 1002 2129 1048 φανερὰ
2161 1001 2390 1044 καταστήσει.

149 1042 193 1077 D.
219 1052 313 1078 anno
337 1044 365 1078 Ι.
391 1044 547 1079 Iustinov
571 1055 630 1089 pp.
657 1047 747 1089 Aug.
2230 1051 2274 1089 [a.
2302 1050 2390 1088 566]

1217 1160 1320 1204 VM&

148 1236 263 1269 ΠΕΡΙ
297 1237 405 1270 ΤΟΥ
437 1238 633 1272 ΠΡΟΙΚΑ
667 1239 807 1272 ΤΟΥΣ
840 1239 945 1273 ΤΩΝ
977 1239 1233 1273 ΕΠΑΡΧΙΩΝ
1266 1240 1545 1273 ΑΡΧΟΝΤΑΣ
1577 1241 1808 1275 ΓΙΝΕΣΘΑῙ
1840 1242 1910 1275 ΕΚ
1939 1242 2165 1276 ΔΕΗΣΕΩΣ
2191 1242 2295 1275 ΤΩΝ
2322 1242 2389 1274 ΤΕ

149 1282 586 1317 θΕΟΦΙΛΕΣΤΑΤΩΝ
614 1284 910 1318 ΕΠΙΣΚΟΠΩΝ
942 1285 1035 1318 ΚΑΙ
1066 1285 1358 1319 ΚΤΗΤΟΡΩΝ
1389 1286 1482 1319 ΚΑΙ
1516 1286 1820 1321 ΟΙΚΗΤΟΡΩΝ
1846 1288 1950 1322 ΤΩΝ
1975 1288 2231 1321 ΕΙΙΑΡΧΙΩΝ
2256 1287 2390 1320 ΠΡΟΣ

150 1327 255 1360 ΤΟΝ
287 1328 696 1363 ΕΥΣΕΒΕΣΤΑΤΟΝ
728 1330 956 1369 ΒΑΣΙΛΕΑ,
990 1324 1071 1363 Ecn'
1101 1330 1152 1363 ΩΙ
1187 1331 1294 1364 ΤΟΝ
1330 1331 1764 1365 ONOMAZOMENON
1790 1333 1861 1366 ΤΟ
1888 1333 2152 1367 ΔΗΜΟΣΙΟΝ
2179 1332 2390 1366 ΑΣΦΑΛΙ-

149 1373 347 1406 ΖΕΣΘΑΙ.
380 1375 428 1406 ΕΙ
452 1374 509 1407 ΔΕ
534 1374 862 1409 ΥΠΕΡΘΩΝΤΑΙ
887 1375 1069 1409 ΤΟΥΤΟ
1101 1374 1300 1415 ΠΡΑΞΑΙ,
1333 1376 1543 1410 ΜΗΔΕΝΑ
1572 1377 1843 1411 ΠΡΟΣΙΕΝΑΙ
1875 1379 2025 1412 ΚΑΤΑ
2059 1378 2168 1412 ΤΟΥ
2201 1377 2389 1411 APXON-

560 1420 664 1453 ΤΟΣ
688 1421 882 1454 ΟΤΙΟΥΝ
907 1420 1261 1454 ΠΡΑΤΤΟΝΤΟΣ
1285 1421 1549 1455 ΠΡΟΦΑΣΕΙ
1574 1423 1678 1456 ΤΩΝ
1703 1422 1976 1457 ΔΗΜΟΣΙΩΝ.
2414 1423 2456 1455 25

2413 1176 2455 1207 20

283 1483 593 1563 (Προοίμιονηξ
646 1487 710 1527 Τῆς
741 1486 840 1531 παρὰ
866 1487 930 1519 τοῦ
957 1486 1046 1520 θεοῦ
1072 1484 1262 1530 δεδομένης
1286 1485 1372 1530 ἡμῖν
1396 1485 1577 1520 πολιτείας
1601 1485 1792 1531 κηδόμενοι
1816 1492 1876 1521 καὶ
1901 1490 1940 1522 ἐν
1964 1488 2063 1536 πάσῃ
2090 1486 2298 1534 δικαιοσύνῃ
2324 1488 2390 1534 ζῇν

147 1527 229 1562 τοὺς
255 1526 443 1573 ἡμετέρους
475 1541 566 1563 σπου
593 1529 736 1572 ἄξοντες
769 1528 944 1574 ὑπηκόους
976 1532 1039 1565 ἕνα
1072 1531 1209 1566 σκοπὸν
1241 1532 1279 1571 ἐξ
1312 1529 1417 1576 ἀρχῆς
1441 1533 1571 1566 τοῦτον
1596 1533 1775 1577 ἐθέμεθα,
1801 1529 1903 1567 ἅπαν
1928 1534 1963 1567 εἴ
1983 1547 2018 1568 τι
2043 1532 2172 1579 πρώην
2197 1530 2316 1566 ἀτελὲς
2341 1537 2388 1575 ην

282 1621 366 1653 Νου.
388 1621 545 1654 CXLIX
567 1622 649 1654 inter
672 1622 791 1655 Iustini
814 1622 958 1655 novellas
984 1629 1102 1664 quarta
1130 1623 1255 1656 Graece
1277 1630 1397 1656 tantum
1423 1630 1508 1656 extat
1532 1625 1564 1656 in
1590 1623 1678 1666 Mf.
1704 1625 1780 1657 412.
1797 1643 1839 1647 —
1855 1625 1947 1667 Epit.
1975 1626 2095 1657 Theod.
2125 1626 2200 1658 149.

146 1709 368 1754 reliquorum
401 1720 494 1754 quae
525 1709 563 1743 in
594 1711 713 1756 specie
745 1710 988 1755 conferuntur
1018 1722 1040 1745 a
1071 1710 1239 1746 subiectis
1270 1711 1391 1746 soluta
1423 1711 1665 1754 inveniantur,
1698 1712 1894 1758 exiqentur
1925 1716 1960 1748 et
1982 1713 2064 1764 ipsa
2089 1714 2204 1764 iisque
2228 1713 2278 1748 acl
2300 1724 2392 1758 quos

143 1754 328 1799 pertinent
351 1764 400 1789 ecc
424 1754 529 1789 dictis
553 1765 576 1788 a
600 1754 704 1790 nobis
727 1755 999 1800 maqistratibus
1021 1755 1216 1791 solventur.
1249 1756 1366 1807 Atque
1388 1756 1475 1802 pari
1497 1756 1603 1791 modo
1630 1760 1766 1792 ceteros
1789 1768 1910 1792 omnes
1934 1768 1994 1803 qui
2019 1769 2042 1792 a
2065 1757 2233 1793 subiectis
2256 1759 2393 1793 nostris

145 1809 274 1833 aurum
298 1798 356 1834 vet
377 1798 479 1833 aliud
500 1799 641 1844 aliquid
663 1800 699 1834 in
720 1799 922 1845 praedictis
945 1811 968 1834 a
991 1801 1093 1836 nobis
1117 1800 1375 1836 indictionibus
1390 1802 1596 1847 acceperint
1612 1812 1727 1846 neque
1743 1802 1781 1836 id
1793 1802 1884 1846 fisco
1900 1803 2073 1838 solverint
2090 1802 2391 1848 quemadmodum

144 1843 284 1878 solvere
304 1854 378 1889 par
403 1847 492 1885 erat,
524 1855 547 1878 a
564 1846 752 1890 praesenti
776 1844 972 1880 donatione
995 1848 1123 1881 nostra
1147 1845 1361 1892 excipimus,
1386 1849 1427 1881 ut
1450 1845 1518 1881 hoc
1538 1847 1629 1891 fisco
1655 1847 1710 1882 vel
1732 1847 1840 1883 etiam
1874 1847 2082 1893 quibuscum
2111 1859 2154 1883 ue
2185 1851 2394 1894 competunt

145 1889 296 1923 solvant.
344 1888 595 1923 Subiectorum
620 1890 713 1925 enim
737 1890 898 1926 miserati
913 1891 1101 1936 praesenti
1126 1890 1347 1926 humanitate
1370 1891 1515 1936 diqnati
1535 1902 1669 1936 sumus,
1690 1902 1755 1928 nec
1778 1903 1863 1928 vero
1888 1903 1951 1928 eos
1975 1893 2040 1938 qui
2062 1859 2107 1928 οἵ
2123 1893 2212 1938 ipsis
2222 1893 2393 1939 publicas

140 1934 319 1979 pecunias
340 1939 607 1979 praeceperunt
624 1944 668 1969 ac
677 1935 830 1979 privare
843 1935 971 1979 fiscum
987 1935 1112 1971 volunt
1126 1936 1200 1972 sive
1215 1936 1299 1971 illos
1316 1947 1338 1971 a
1355 1936 1483 1981 quibus
1500 1936 1658 1982 deleqati
1671 1941 1765 1972 sunt.
1799 1937 2037 1983 Manifestum
2055 1942 2173 1973 autem
2191 1942 2256 1980 est,
2279 1939 2315 1973 si
2328 1938 2392 1983 qui

147 1988 226 2013 cum
251 1977 345 2012 hanc
369 1981 531 2012 nostram
558 1979 807 2014 liberalitatem
826 1981 1097 2025 praesentirent
1117 1991 1186 2026 pro
1210 1981 1360 2026 reliquis
1383 1982 1541 2016 remissis
1562 1992 1630 2027 per
1652 1982 1823 2026 fraudem
1848 1983 2007 2027 aliquam
2031 1994 2054 2017 a
2070 1983 2238 2018 subiectis
2254 1983 2392 2017 nostris

147 2023 333 2057 cautiones
357 2022 412 2057 vel
436 2023 630 2057 constituta
655 2024 870 2069 acceperint,
896 2024 951 2059 vel
974 2025 1080 2059 etiam
1104 2025 1142 2058 in
1163 2026 1312 2069 privata
1336 2025 1454 2060 debita
1487 2026 1749 2067 transtulerint,
1775 2027 1830 2062 vel
1853 2027 1941 2071 quid
1961 2027 2063 2061 aliud
2085 2027 2162 2061 eius
2183 2028 2326 2072 qeneris
2343 2027 2393 2061 ad

148 2066 516 2111 circumscriptionem
541 2067 704 2102 meditati
729 2078 804 2102 esse
827 2067 883 2103 vel
903 2068 1036 2112 fecisse
1060 2068 1261 2111 videantur,
1293 2069 1429 2103 nullam
1454 2080 1517 2104 eos
1540 2070 1731 2105 utilitatem
1755 2081 1804 2106 ex
1828 2071 1873 2104 iis
1896 2070 2091 2113 habituros,
2119 2071 2184 2106 sed
2207 2072 2393 2106 cautiones

147 2112 192 2146 iis
212 2111 417 2146 reddituros
441 2121 517 2146 esse
541 2123 564 2146 a
589 2113 717 2156 quibus
740 2123 802 2147 eas
826 2112 1059 2147 abstulerunt.
1092 2112 1219 2148 Omnes
1243 2118 1360 2148 autem
1381 2117 1417 2148 et
1440 2113 1506 2148 deo
1532 2118 1567 2148 et
1582 2114 1685 2149 nobis
1700 2115 1843 2159 qratias
1859 2119 1990 2160 aqent:
2040 2116 2077 2150 ui
2092 2115 2234 2161 reliqua
2252 2115 2391 2158 debent,

148 2156 248 2202 quod
278 2155 404 2191 horum
436 2156 646 2191 remissione
677 2160 713 2192 et
742 2157 928 2192 clementia
957 2156 1060 2202 diqni
1088 2156 1202 2192 habiti
1233 2161 1328 2198 sunt,
1354 2158 1416 2203 qui
1440 2157 1532 2193 nihil
1553 2158 1776 2204 reliquorum
1799 2160 1941 2195 nomine
1964 2160 2008 2195 de
2031 2164 2100 2201 ent,
2126 2160 2224 2205 quod
2248 2160 2394 2196 liberati

146 2202 218 2236 sint
248 2201 491 2236 sollicitudine
515 2205 674 2247 propter
698 2201 860 2247 apochas
884 2201 1148 2242 custodiendas,
1174 2213 1219 2237 ne
1239 2203 1342 2247 forte
1366 2202 1508 2238 accidat
1531 2203 1574 2237 iis
1599 2208 1640 2239 ut
1660 2205 1807 2249 saepius
1825 2215 1897 2250 pro
1922 2204 2046 2241 iisdem
2073 2204 2294 2250 temporibus
2317 2217 2390 2240 mo-

148 2246 251 2281 lestia
275 2246 501 2291 afficiantur,
528 2266 569 2270 ——
590 2266 632 2271 —
652 2266 704 2289 -—,
737 2257 849 2291 usque
881 2246 930 2281 ad
953 2250 1116 2282 octavam
1140 2247 1371 2282 indictionem
1395 2247 1588 2283 securitate
1612 2251 1761 2291 utentes,
1787 2249 1897 2287 utad
1921 2260 2041 2285 omnes
2065 2250 2192 2286 merito
2210 2260 2390 2297 praesens

147 2291 296 2326 donatio
320 2294 446 2326 nostra
470 2291 654 2327 redundet.
1611 2305 1616 2310 Δ

283 2335 524 2381 Epiloqus.
572 2334 671 2378 Quae
701 2336 812 2381 iqitur
845 2335 948 2371 nobis
970 2336 1189 2382 placuerunt
1211 2340 1247 2372 et
1268 2347 1336 2382 per
1359 2335 1454 2371 hanc
1477 2346 1619 2372 sacram
1637 2338 1906 2382 praqmaticam
1932 2339 2044 2384 leqem
2068 2338 2304 2375 declarantur
2327 2342 2389 2375 tua

147 2381 265 2426 qloria
286 2381 411 2416 edictis
435 2391 502 2415 usa
526 2380 564 2414 in
588 2380 657 2415 hac
681 2381 783 2427 reqia
809 2380 951 2416 civitate
975 2381 1138 2416 omnibus
1169 2383 1364 2426 manifesta
1386 2381 1513 2427 faciet.

1185 2535 1346 2574 CXLIX.

152 2603 215 2638 UT
235 2602 522 2638 PRAESIDES
546 2602 645 2639 PRO
656 2602 944 2640 VINCIARUM
966 2603 1148 2640 GRATIS
1171 2604 1331 2641 FIANT
1350 2604 1425 2640 EX
1446 2603 1855 2641 SUPPLICATIONE
1875 2605 1979 2643 DEO
2006 2606 2392 2646 CARISSIMORUM

147 2647 509 2684 EPISCOPORUM
538 2648 607 2683 ET
633 2647 997 2685 POSSESSORUM
1021 2649 1089 2684 ET
1114 2649 1409 2686 INCOLARUM
1429 2650 1528 2686 PRO
1539 2649 1825 2686 VINCIARUM
1846 2652 1914 2687 AD
1938 2650 2219 2690 PIISSIMUM
2239 2654 2386 2690 IMPE-

147 2692 395 2729 RATOREM
422 2693 596 2734 FACTA,
634 2692 696 2728 UT
720 2692 812 2736 QUI
839 2693 1138 2730 NOMINATUS
1167 2694 1253 2730 SIT
1280 2693 1423 2731 FISCO
1461 2694 1754 2732 CAUTIONEM
1791 2695 2075 2738 PRAESTET,·
2109 2697 2299 2741 QUODSI
2329 2700 2386 2736 ID

146 2737 349 2774 FACERE
380 2737 737 2776 DISTULERINT.
774 2738 847 2773 NE
876 2738 992 2781 QUIS
1021 2738 1397 2776 IMPERATOREM
1423 2740 1593 2775 ADEAT
1611 2739 1883 2776 ADVERSUS
1905 2741 2214 2787 PRAESIDEM,
2246 2744 2384 2787 QUID-

545 2782 669 2826 QUID
701 2782 752 2819 IS
786 2782 1118 2820 TRIBUTORUM
1151 2783 1483 2821 PUBLICORUM
1513 2783 1721 2821 NOMINE
1748 2785 1980 2822 FECERIT.

280 2849 542 2895 Praefatio.
592 2851 676 2885 Cum
707 2851 763 2885 rei
788 2851 955 2896 publicae
987 2863 1009 2886 a
1041 2851 1106 2887 deo
1139 2851 1242 2887 nobis
1273 2852 1427 2887 traditae
1455 2852 1722 2898 prospiciamus
1755 2864 1975 2899 operamque
2007 2854 2130 2890 demus
2161 2859 2202 2891 ut
2233 2856 2385 2892 subiecti

145 2895 261 2931 nostri
284 2894 322 2928 in
347 2895 444 2929 omni
468 2895 607 2930 iustitia
632 2896 763 2937 vivant,
789 2907 898 2930 unum
924 2895 1019 2931 hunc
1039 2896 1148 2940 finem
1173 2897 1217 2932 ab
1243 2898 1344 2932 initio
1369 2897 1472 2932 nobis
1490 2898 1764 2943 proposuimus,
1789 2902 1829 2933 ut
1855 2909 1958 2934 omne
1972 2899 2005 2934 si
2025 2900 2114 2945 quid
2129 2904 2237 2936 antea
2253 2902 2384 2947 imper-

196 2998 209 3028 1
238 2992 260 3036 ἢ
285 2996 360 3027 τῶν
386 2996 444 3035 M]
470 2997 528 3026 καὶ
553 2996 630 3028 τῶν
654 2997 685 3028 L
704 2996 716 3039 ΙΙ
734 2994 818 3028 εἴδει
845 2998 901 3037 M]
926 2994 994 3038 ἤδη
1018 2998 1047 3030 L
1066 2997 1116 3040 114
1140 2989 1163 3039 ἧ
1186 2999 1230 3039 L]

1292 2994 1474 3041 suqerunt'.
1491 3017 1531 3022 ——
1546 2999 1602 3031 Ita
1624 3011 1697 3031 vere
1722 3000 1821 3032 locum
1837 3002 2064 3033 restituendum
2080 3009 2177 3043 putat
2194 3003 2312 3036 Kroll:
2335 3002 2384 3036 ιὸς

146 3039 250 3080 εἰΜΙί
264 3042 281 3072 5
296 3038 442 3072 τούτους
457 3041 576 3072 mavult
588 3041 776 3074 Zachariae
790 3040 801 3084 ΙΙ
814 3042 873 3073 ἐπὶ
888 3054 945 3074 om.
957 3043 1007 3074 La
1019 3041 1030 3086 Η
1044 3043 1063 3075 6
1079 3038 1177 3076 αὐτῶ
1194 3044 1237 3076 Μ
1264 3049 1265 3059 ’
1523 3038 1541 3051 ‘¹

1300 3042 1348 3085 μὴ
1375 3042 1493 3083 (rotro
1519 3056 1537 3075 o
1566 3046 1810 3086 παρεμπίπτει
1828 3042 2008 3086 πολλάκις)
2024 3042 2114 3089 ὑπὲρ
2131 3057 2161 3078 τ.
2180 3058 2212 3080 α.
2227 3047 2253 3078 ἐ.
2267 3059 2296 3087 χ.
2312 3046 2382 3081 ποί-

146 3087 156 3127 ΙΙ
170 3082 451 3128 παραλαβόντας
466 3085 495 3117 L
512 3083 524 3127 ΙΙ
545 3087 562 3117 7
588 3082 710 3129 ἤγουν]
736 3082 799 3130 ἥγε
823 3087 1018 3119 Haloander
1034 3086 1046 3130 ΙΙ
1067 3089 1125 3130 leq.
1143 3084 1229 3120 ὁπό-

146 3128 243 3162 trev?
263 3129 274 3171 [Ι
292 3130 542 3171 ἐκτετασμένοι
560 3129 601 3170 L,
620 3130 848 3171 ἐκτεταμένοι
866 3131 916 3171 M,
935 3144 1018 3164 corr.
1037 3133 1232 3165 Haloander

146 3171 241 3214 (τοὺς
266 3174 494 3218 ἐκταγαρίους
507 3174 596 3214 Ath.)
616 3174 627 3215 l}
646 3176 664 3207 9
690 3187 775 3207 τινα
789 3176 846 3215 Μ]
864 3174 930 3217 τὴν
947 3176 977 3208 L
997 3176 1008 3218 ΙΙ
1030 3178 1069 3209 10
1086 3177 1230 3210 τοιοῦτό

146 3232 182 3250 τι
207 3219 291 3258 ML]
317 3219 484 3250 τοιοῦτον
509 3231 576 3251 cum
601 3219 798 3252 Haloandro
820 3222 904 3262 vulq.
924 3220 935 3261 ΙΙ
957 3223 992 3253 11
1021 3216 1229 3255 ἅπανταςᾸ

145 3262 157 3307 ΙΙ
175 3264 212 3296 12
235 3263 302 3305 μὲν
321 3264 378 3302 Μ]
402 3263 470 3305 μὲν
494 3256 558 3296 οὖν
575 3264 605 3296 L
624 3263 636 3306 ΙΙ
655 3265 695 3297 13
722 3261 946 3302 ἀποδείξεων
966 3267 1151 3308 Homberqlc
1171 3268 1228 3310 (cf.

149 3309 222 3348 122,
238 3315 283 3340 25.
310 3309 384 3348 281,
399 3315 428 3340 31
451 3309 499 3340 ed.
518 3308 553 3339 H
571 3321 596 3341 c.
618 3310 631 3341 1
655 3308 675 3349 ,ὅ
694 3309 737 3348 2)]
764 3306 1046 3352 ἀποδεξαμένων
1067 3311 1139 3344 ML
1155 3311 1167 3355 ΙΙ
1190 3314 1230 3345 14

147 3350 325 3392 *τούτοις]
352 3347 471 3384 τούτω
487 3351 537 3384 οἷς
551 3353 596 3385 M
613 3353 721 3385 τοῦτο
738 3351 787 3386 οἶς
806 3355 832 3386 L
848 3352 1006 3394 (τούτους
1023 3356 1228 3397 Haloander,

146 3395 293 3429 τούτους
310 3394 359 3428 οἷς
374 3397 548 3440 Scrimqer)
565 3397 576 3440 ΙΙ
597 3401 868 3441 παρεμπίπτειν
884 3400 966 3440 ML]
981 3404 1227 3443 παρεμπίπτει

146 3454 213 3474 cum
240 3443 423 3484 Scrimqero
447 3443 533 3485 vulq.
565 3442 576 3485 ΙΙ
605 3441 676 3475 *τὸ
703 3444 820 3476 addidi
841 3444 852 3486 ΙΙ
883 3443 1228 3489 ζυγοκλεπτήσαντες

146 3489 381 3528 παρείτωσαν
407 3485 490 3527 ML,
518 3489 732 3530 παρίτωσαν
757 3501 840 3521 corr.
867 3490 1032 3533 Scrimyer
1063 3491 1228 3533 (praestat
1260 3493 1262 3500 '

147 3533 222 3568 fort.
247 3530 516 3574 παρείσθωσαν
540 3534 561 3565 i.
587 3545 612 3565 e.
637 3527 853 3576 ‘indulyentia
874 3530 1074 3577 potiantur').
1122 3537 1227 3569 Verba

148 3578 285 3609 obscura
310 3589 371 3609 non
394 3578 545 3619 expedio3
571 3575 919 3622 ζυγοκλεπτήσαντες
933 3581 1122 3622 εἰρηῂῖεανε
1138 3583 1226 3614 vide-

150 3628 200 3653 tur
223 3617 292 3663 ‘qui
323 3623 399 3664 iuya
426 3622 478 3654 vel
502 3624 613 3665 capita
635 3623 688 3665 (cs.
718 3624 792 3663 122,
808 3631 848 3657 13.
865 3631 905 3657 21.
932 3626 1008 3666 636,
1022 3632 1066 3659 23.
1089 3627 1165 3666 637,
1179 3634 1224 3660 35.

152 3665 300 3708 Gothofr.
327 3667 372 3698 ad
395 3667 463 3699 cod.
492 3667 613 3700 Theod.
642 3669 750 3709 13,10.
766 3670 795 3710 2)
829 3677 1011 3703 averterunt
1034 3672 1084 3704 vel
1106 3674 1225 3704 subter-

1300 3086 1375 3119 λιν·
1397 3086 1465 3131 <οἱ>
1487 3084 1526 3120 δὲ
1545 3089 1616 3132 ζυγ.
1636 3089 1647 3130 ΙΙ
1668 3090 1707 3122 16
1729 3085 1912 3131 διανέμειν
1927 3091 1984 3129 M]
2011 3087 2194 3132 διανομεῖν
2208 3092 2238 3124 L
2263 3089 2382 3135 διαμέ-

1299 3144 1376 3165 νειν
1393 3133 1604 3172 Z‹1char1'ae,·
1628 3134 1734 3166 malim
1756 3130 1916 3176 διαρκεῖν
1933 3136 1983 3167 vel
1999 3131 2191 3168 διατείνειν
2209 3135 2221 3179 ΙΙ
2242 3138 2280 3170 18
2298 3149 2383 3182 προ-

1298 3175 1480 3222 γράμμασι
1499 3178 1698 3218 Zachariae]
1722 3177 1907 3222 γράμμασι
1923 3180 1992 3212 ML
2011 3179 2022 3222 ΙΙ
2044 3182 2082 3213 19
2107 3183 2227 3213 subscr.
2254 3181 2284 3213 d.
2304 3192 2381 3215 ann.

1301 3230 1339 3254 Τ.
1358 3222 1488 3254 iustinu
1510 3233 1554 3265 pp
1586 3233 1660 3264 aug.
1682 3224 1731 3261 M,
1757 3222 1972 3276 ἐξεφωνήθη
1998 3225 2038 3256 έν
2057 3226 2129 3257 τοῖς
2152 3223 2293 3269 χρόνοις
2316 3230 2380 3270 βα-

1299 3264 1431 3299 σιλείας
1453 3263 1707 3300 Ἰουστινιανοῦ
1733 3268 1852 3301 ΤΙιεοιί.
1887 3269 2022 3313 έγραῳη
2057 3272 2167 3303 ceteris
2193 3283 2250 3304 om.
2276 3272 2352 3304 Ath.
2371 3273 2381 3314 ΕΙ

1300 3313 1337 3345 21
1368 3313 1454 3345 rubr.
1474 3314 1562 3355 Περὶ
1587 3312 1652 3344 τοῦ
1678 3315 1809 3357 προίκα
1825 3313 1996 3358 γίνεσθαι
2014 3313 2095 3347 τοὺς
2111 3312 2285 3359 ἄρχοντας
2301 3313 2380 3349 ὄνο-

1297 3359 1411 3398 μασίᾳ
1434 3356 1510 3389 τῶν
1535 3356 1724 3400 κτητόρων
1746 3353 1792 3389 oia
1823 3356 2050 3401 αλιζομένους
2066 3355 2381 3404 (ἄσφαλιζομένων

1297 3403 1378 3440 eod,
1395 3414 1477 3434 corr.
1497 3401 1695 3444 Zachariae)
1720 3401 1762 3435 τὸ
1789 3370 1973 3444 δηημόσιον,
1997 3403 2045 3446 μὴ
2071 3401 2105 3446 (ἢ
2120 3403 2169 3446 μὴ
2189 3407 2295 3447 index,
2320 3409 2381 3439 καὶ

1295 3445 1343 3488 μὴ
1363 3448 1558 3486 Zachariae,
1584 3447 1690 3480 malim
1714 3444 1815 3490 μηδὲ)
1843 3445 2059 3491 δυναμένους
2084 3449 2190 3482 τοῦτο
2216 3451 2378 3493 ποιῆσαι,

1297 3493 1477 3533 προςιέναι
1502 3493 1696 3535 (προςιέναι
1722 3505 1779 3525 om.
1800 3494 1895 3526 index
1912 3495 2056 3536 reqinae)
2078 3492 2221 3536 βασιλεῖ
2236 3492 2294 3528 διὰ
2311 3495 2380 3538 τὴν

1295 3536 1371 3568 τῶν
1389 3533 1574 3579 δημοσίων
1590 3536 1779 3580 εἴσπραξιν
1797 3538 1916 3571 Theod.
1936 3537 1948 3582 ΙΙ
1965 3540 2007 3572 22
2028 3537 2242 3583 οἰκητόρων]
2267 3540 2300 3573 οἰ
2319 3543 2379 3574 καὶ

1295 3581 1496 3626 οἰκητόρων
1515 3583 1610 3615 index:
1620 3582 1686 3625 ΖΠΗ
1706 3579 1796 3627 πρὸς
1812 3580 1877 3616 τὸν
1892 3602 1935 3607 -
1950 3585 1991 3618 25
2010 3580 2207 3625 δημοσίων]
2225 3588 2283 3618 καὶ
2302 3582 2378 3618 δια-

1295 3624 1422 3670 φόρων
1446 3623 1652 3669 κεφαλαίων
1678 3629 1774 3660 index
1791 3628 1832 3660 M
1845 3627 1857 3671 ΙΙ
1878 3630 1919 3661 24
1945 3626 2108 3672 *μηδένα
2134 3632 2258 3672 (possis
2284 3632 2378 3664 etiam

1293 3673 1429 3714 μηκέτι,
1454 3673 1496 3714 qf.
1515 3673 1591 3714 650,
1606 3673 1657 3715 11)]
1682 3669 1808 3715 μηδενὶ
1827 3674 1872 3705 M
1886 3674 1940 3716 (an
1965 3673 2013 3717 μὴ
2039 3671 2249 3708 δύνασθαιῗ)
2266 3676 2379 3715 Kroll)

2036 3730 2107 3764 91*
