2618 4010
274 123 381 168 Nov.
411 124 590 169 XLVIII
608 137 670 179 pr.
704 127 723 167 1

778 291 844 335 fiii

376 366 554 420 ΠΕΡΙ
586 366 835 421 OPKOY
871 364 1248 420 ΔΟΘΕΝΤΟΣ

302 434 512 487 ΠΑΡΑ
562 433 706 487 TOY
756 430 1325 487 ΤΕΛΕῩΤῼΝΤΟΣ

304 500 625 554 ΕΝΕΚΕΝ
660 499 805 553 TOY
837 497 1147 552 METPOY
1180 498 1327 552 ΤΗΣ

415 566 710 623 EAYTOY
742 564 1064 621 ΠΕΡΙΟΥΣ
1076 566 1210 620 ΙΑΣ.

274 642 311 679 Ὁ
332 641 437 681 αὐτὸς
454 643 620 700 βασιλεὺς
636 641 785 699 ’ζωᾴννῃ
808 644 953 690 ἐπάρχῳ
977 647 1216 692 πραιτωρίων
1238 643 1281 679 τὸ
1304 643 1353 689 β’,

541 702 614 725 απο
637 703 788 725 υπατων
811 693 871 724 καὶ
894 692 1087 735 πατρικίῳ.

326 758 621 806 (Προοίμιον.)
664 755 734 792 Ἀεὶ
758 759 888 792 τοῦτον
919 757 985 790 ἕνα
1013 754 1248 801 πεποιήμεθα
1272 769 1353 792 σκο·

275 803 348 840 πόν
378 803 422 838 τὸ
443 801 508 838 τὰς
532 801 770 838 διατυπώσεις
800 802 878 837 τῶν
900 799 1158 836 τελευτώντων
1180 801 1272 836 εἶναι
1295 806 1353 847 βε-

1340 119 1423 169 286

2093 135 2154 168 DE
2182 133 2492 168 IUREIUBANDO

1752 299 1916 337 xnvm.
1961 301 2072 338 Auth.
2082 299 2228 336 XLVII.
2252 299 2339 335 coll.
2349 298 2393 335 V.
2406 298 2493 335 tim

1611 368 1664 417 R
1691 368 1782 416 DE
1817 367 2293 421 IUREIURANDO

1443 433 1817 485 MORIENTIS
1866 435 2177 488 PROPTER
2221 433 2473 485 MENSU-

1519 501 1663 551 ΒΑΜ
1700 501 1878 552 SUAE
1915 501 2402 555 SUBSTANTIAE.

1512 643 1602 689 Imp.
1628 643 1847 681 lastinianus
1864 645 1956 690 Aug.
1976 644 2126 681 Iohanni
2147 656 2209 692 pp.
2234 644 2404 682 secundo.

1471 755 1758 801 (Praefatio.)
1803 755 1949 801 Semper
1979 755 2073 792 hanc
2103 766 2210 792 unam
2239 756 2411 792 habemus
2441 754 2496 790 in-

1421 801 1614 836 tentionem
1639 800 1889 846 dispositiones
1912 800 2137 836 morientium
2159 810 2238 838 esse
2260 801 2397 844 firmas,
2427 799 2498 835 nisi

274 852 391 894 βαίας,
415 848 448 882 εἰ
466 847 516 892 μὴ
532 845 719 892 μάχωνται
731 845 842 902 κνόμῳ
864 849 924 881 καὶ
944 846 1108 892 φανερῶς
1129 848 1352 882 έναντιοῒντο
1370 850 1407 882 10
1420 846 1596 882 resultent
1618 845 1687 890 legi
1718 848 1754 880 et
1777 849 1901 891 aperte
1925 846 2127 881 contrariae
2150 846 2222 881 sint
2242 845 2298 881 his
2330 855 2421 891 quae
2446 844 2498 879 illi

275 896 349 929 τοῖς
368 895 493 936 ἐκείνῳ
511 890 689 927 δοκοῦσιν.
741 894 849 936 Ισμεν
869 894 995 925 τοίνυν
1017 893 1077 925 καὶ
1096 892 1137 925 ἐν
1151 894 1224 926 τοῖς
1242 892 1351 939 πράγ-

274 949 365 992 μασι
387 937 541 991 mvn-2511
561 940 630 990 3οαὶ
654 935 956 993 προςηγγελμένον
984 933 1080 981 ἡμῖν,
1111 932 1159 971 αἶς
1182 934 1351 991 διαθέμε-

1420 891 1576 937 placent.
1619 890 1760 926 Scimus
1780 890 1890 934 igitur
1908 894 2043 926 motum
2061 894 2097 926 et
2115 890 2362 926 annuntiatum
2382 889 2496 930 nobis,

1421 936 1504 981 quia
1527 945 1608 971 cum
1630 937 1824 971 testaretur
1876 935 2007 979 uidam,
2039 945 2119 970 cum
2142 934 2370 971 iureiurando
2396 943 2498 970 suam

275 994 337 1018 νος
370 993 424 1017 τις
457 994 524 1034 συν
558 993 673 1037 οραςοις
706 994 773 1035 την
804 993 932 1015 εαυτου
964 984 1173 1028 περιουσίαν
1204 993 1353 1017 απασαν
1421 980 1657 1017 substantiam
1688 990 1827 1016 omnem
1880 980 1946 1015 ixit
1977 983 2013 1016 et
2044 980 2128 1025 quia
2156 980 2249 1015 hanc
2281 980 2393 1015 solam
2416 979 2497 1014 reli-

276 1028 354 1063 εἶπε
383 1029 443 1061 καὶ
473 1023 530 1061 ὅτι
553 1040 691 1070 ταυτην
719 1039 838 1070 μονην
861 1024 1124 1081 καταλιμπάνει
1147 1029 1220 1060 τοῖς
1243 1024 1352 1062 αὑτοῦ

1422 1026 1499 1071 quit
1527 1025 1601 1061 suis
1624 1025 1826 1069 heredibus,
1858 1025 1967 1070 aliqui
1997 1035 2081 1060 vero
2112 1034 2236 1060 eorum
2259 1024 2428 1059 heredum
2452 1022 2499 1058 ad

276 1070 521 1120 κληρονόμοις,
552 1073 647 1124 τινὲς
678 1069 719 1104 δὲ
747 1069 901 1117 ὕστερον
933 1083 1058 1105 αυτων
1086 1071 1164 1105 τῶν
1186 1070 1353 1116 κληρονό-
1371 1075 1408 1107 15
1423 1071 1515 1106 haec
1537 1070 1724 1114 resultant,
1749 1080 1822 1106 non
1845 1070 1938 1106 iuste
1962 1070 2146 1112 facientes,
2170 1069 2255 1115 quia
2277 1068 2499 1104 substantiae

274 1130 357 1170 μων
387 1114 475 1169 πρὸς
502 1129 618 1150 ταυτα
650 1113 897 1157 ἆνανεύουσιν,
929 1113 970 1150 οὐ
1003 1114 1126 1168 δίκαια
1155 1118 1353 1159 ποιοῦντες,

1424 1116 1564 1160 quidem
1595 1114 1691 1151 illius
1724 1115 1872 1151 heredes
1900 1115 1992 1150 fiunt
2026 1118 2062 1150 et
2091 1115 2129 1150 in
2163 1115 2233 1150 hoc
2266 1113 2311 1149 ad
2337 1112 2500 1148 uiescunt

275 1174 332 1196 οτι
366 1172 428 1204 της
461 1162 529 1206 μὲν
562 1158 684 1195 οὐσίας
721 1162 783 1204 τῆς
820 1162 957 1195 ἐκείνου
995 1160 1253 1206 κληρονομοῦσι
1286 1158 1355 1195 κᾶν
1424 1161 1480 1196 his
1506 1169 1598 1205 quae
1621 1160 1667 1196 ab
1692 1170 1734 1196 eo
1758 1159 1930 1206 disposita
1954 1163 2049 1202 sunt,
2082 1169 2174 1204 quae
2196 1169 2280 1194 vero
2330 1157 2396 1193 ixit
2419 1167 2500 1193 cum

275 1205 394 1249 τούτῳ
426 1206 624 1241 πείθονται
654 1208 728 1240 τοῖς
758 1201 823 1241 ὑπ’
851 1204 961 1240 αὐτοῦ
992 1203 1301 1252 διατεταγμένοις,
1332 1203 1355 1240 ἃ
1422 1205 1664 1249 iureiurando,
1684 1205 1775 1241 haec
1795 1215 2019 1251 nequaquam
2039 1208 2119 1240 rata
2137 1213 2279 1239 manere
2301 1211 2418 1248 neque
2437 1212 2498 1237 cu-

276 1248 316 1284 δὲ
338 1248 384 1284 ἂν
414 1251 508 1286 εἴποι
537 1247 630 1295 μεθ’
656 1247 762 1296 ὅρκου
785 1251 901 1285 ταῦτα
932 1247 995 1284 οὐκ
1018 1252 1073 1285 ἔτι
1095 1248 1199 1297 κύρια
1232 1254 1355 1296 με’νειν
1424 1250 1556 1286 stodire
1591 1259 1635 1286 ea
1664 1250 1859 1286 secundum
1894 1253 2151 1295 competentem
2182 1248 2327 1284 modum
2357 1247 2498 1291 volunt3

275 1293 358 1329 οὐδὲ
389 1293 582 1342 φυλάττειν
612 1293 706 1329 αὐτὰ
738 1296 830 1329 κατὰ
863 1293 929 1329 τὸν
963 1306 1051 1342 προς
1061 1294 1183 1330 ’κοντα
1215 1295 1354 1340 τρόπον
1367 1298 1410 1331 20
1425 1305 1505 1331 cum
1534 1294 1658 1340 utique
1689 1295 1820 1331 nostris
1851 1295 1990 1331 videtur
2019 1295 2156 1339 legibus
2190 1303 2298 1329 unam
2329 1292 2499 1338 quodam-

274 1339 488 1384 βούλονται·
523 1343 639 1374 καίτοι
669 1353 710 1388 γε
741 1342 814 1394 τοῖς
844 1337 1025 1394 ᾐμετέροιε
1073 1343 1148 1374 οκεῖ
1169 1339 1291 1385 νόμοις
1315 1342 1355 1375 ἔν
1423 1340 1528 1375 modo
1560 1349 1639 1375 esse
1668 1349 1858 1391 personam
1888 1340 2028 1375 heredis
2057 1343 2094 1375 et
2123 1338 2184 1384 qui
2211 1339 2249 1373 in
2281 1348 2361 1373 eum
2382 1341 2499 1372 trans-

274 1396 353 1420 πως
382 1385 475 1420 εἶναι
505 1386 699 1433 πρόςωπον
730 1398 773 1420 το
802 1397 866 1419 του
889 1383 1129 1438 κληρονόμουυ
1140 1388 1200 1419 καὶ
1224 1383 1267 1420 τὸ
1290 1386 1353 1420 τοῦ

1423 1384 1541 1420 mittet
1563 1384 1812 1427 heredltatem‚
1848 1384 2000 1430 ideoque
2029 1385 2147 1419 nullus
2179 1383 2330 1419 eundem
2360 1382 2502 1418 sibimet

274 1431 323 1465 εἰς
353 1427 466 1465 αὐτὸν
496 1432 806 1474 παραπέμποντος
833 1429 901 1464 τὸν
923 1429 1064 1475 κλῆρον,
1098 1441 1186 1464 ωςτε
1214 1427 1279 1464 οὔκ
1309 1428 1355 1464 ἄν
1423 1429 1510 1465 dicit
1544 1429 1717 1464 reluctari
1755 1433 1791 1464 et
1826 1430 1923 1474 quod
1956 1428 2047 1464 dixit
2075 1431 2188 1474 atque
2220 1428 2352 1464 iuravit
2384 1430 2501 1462 tutum

275 1486 328 1509 τις
359 1472 471 1509 αὐτὸν
501 1475 619 1518 ἑαυτῷ
651 1474 775 1520 φήσειε
806 1471 1050 1518 διαμάχεσθαι
1081 1478 1140 1508 καὶ
1164 1472 1253 1522 ὅπερ
1278 1475 1356 1509 εἷπε
1423 1484 1511 1518 esse,
1535 1474 1605 1510 hoc
1625 1474 1720 1510 nolle
1742 1475 1869 1518 valere,
1901 1474 1965 1510 sed
1989 1476 2115 1510 contra
2139 1473 2302 1519 proprios
2326 1471 2498 1508 reluctari

274 1522 335 1553 καὶ
358 1519 527 1562 ἐπώμοσε
550 1518 673 1565 κύριον
695 1519 805 1561 εἶναι,
836 1518 943 1553 τοῦτο
974 1518 1024 1564 μὴ
1047 1516 1249 1564 βούλεσθαι
1272 1533 1355 1567 κρα-
1367 1522 1409 1555 25
1423 1529 1614 1556 sermones.

274 1567 361 1607 τεῒν,
386 1561 475 1599 ἀλλὰ
498 1564 587 1611 πρὸς
609 1563 690 1599 τοὺς
713 1565 859 1599 οἰκείους
881 1561 1128 1609 διαμάχεσθαι
1154 1563 1288 1612 λόγους.

1283 1654 1438 1690 CAPUT
1458 1654 1487 1688 I.

331 1724 558 1766 Θεσπίζομεν
586 1725 720 1762 τοίνυν,
753 1722 787 1755 εἴ
814 1733 868 1756 τις
899 1718 1116 1768 ἀπογραφὴν
1147 1720 1355 1765 πεποιηκώς

274 1766 346 1801 εἴτε
369 1765 560 1813 ἰδιόχειρον
591 1767 662 1800 εἴτε
694 1765 748 1800 δι’
775 1767 910 1819 ἑτέρων
933 1769 1001 1811 μὲν
1023 1770 1234 1821 γραφέἶσαν,
1259 1763 1351 1812 παρ’

1469 1720 1655 1756 Sancimus
1676 1719 1796 1764 igitur,
1821 1719 1852 1755 si
1873 1719 1951 1764 quis
1972 1719 2246 1765 descriptionem
2267 1718 2404 1754 faciens
2427 1718 2501 1754 sive

1423 1766 1571 1811 propria
1598 1775 1707 1801 manu
1738 1765 1810 1801 sive
1833 1775 1899 1809 per
1929 1764 2077 1800 alterius
2102 1763 2242 1818 quidem
2265 1764 2448 1808 scriptam,
2478 1773 2501 1798 a

276 1810 386 1847 αὐτοῦ
417 1810 457 1846 δὲ
478 1811 833 1856 ὑποσημειωθεῖσαν,
863 1825 885 1855 η
909 1812 949 1846 ἐν
977 1822 1055 1846 ταις
1083 1811 1194 1846 αυτοῦ
1225 1809 1355 1854 ὃιαθή-
1425 1820 1464 1846 se
1488 1813 1608 1846 autem
1632 1810 1888 1855 subscriptam,
1925 1813 1988 1844 aut
2010 1809 2048 1844 in
2071 1819 2146 1846 suls
2170 1808 2391 1844 testamentis
2415 1808 2500 1843 sub-

275 1868 352 1892 καις
374 1855 418 1891 τὸ
433 1857 495 1899 τῆς
513 1855 636 1890 οὐσίας
659 1857 720 1899 τῆς
741 1853 850 1890 αὑτοῦ
870 1858 1003 1902 μέτρον
1024 1854 1165 1900 ποιήσει
1183 1854 1354 1902 φανερόν,
1368 1858 1411 1891 30
1424 1856 1578 1891 stantiae
1607 1865 1694 1891 suae
1723 1864 1925 1891 mensuram
1956 1854 2069 1889 faciat
2096 1853 2331 1896 manifestam,
2362 1852 2501 1889 heredi-

274 1902 354 1936 τῶν
388 1900 622 1948 κληρονόμων
657 1900 743 1935 ἴσως
776 1901 855 1935 τῶν
889 1902 957 1944 μὲν
993 1898 1169 1935 ἀπόντων
1202 1901 1282 1935 τῶν
1317 1898 1356 1935 δὲ
1423 1900 1493 1937 bus
1526 1900 1622 1936 forte
1652 1900 1732 1935 aliis
1762 1900 1903 1944 quidem
1933 1899 2142 1935 absentibus
2174 1899 2254 1934 aliis
2285 1908 2367 1935 vero
2420 1907 2500 1933 rae-

274 1946 474 1994 παρόντων
504 1944 526 1990 ἢ
547 1949 607 1980 καὶ
629 1943 782 1981 πάντων
814 1944 1023 1992 παρόντων,
1054 1945 1104 1990 μὴ
1128 1945 1259 1986 ἐξεῖναι
1282 1948 1356 1980 τοῖς
1424 1945 1586 1981 sentibus
1609 1949 1673 1981 aut
1696 1944 1802 1980 etiam
1825 1944 1989 1981 omnibus
2013 1944 2274 1989 praesentibus,
2298 1954 2370 1980 non
2409 1943 2502 1978 'cere

320 2038 406 2072 Νου.
419 2038 491 2071 XL
501 2037 594 2071 VIII
611 2037 775 2079 (Anthent.
790 2037 858 2069 XL
869 2036 942 2069 VII
949 2051 993 2064 =
1010 2037 1091 2070 G'oll.
1114 2037 1205 2071 Vtit.
1220 2038 1258 2070 2:
1283 2036 1396 2080 qloss.)
1425 2036 1550 2070 Graece
1574 2043 1663 2070 extat
1686 2037 1719 2070 in
1744 2035 1829 2076 ML,
1853 2035 1957 2077 1341,
1972 2040 1988 2066 6
2013 2035 2071 2076 (=
2095 2035 2144 2069 B‘
2163 2047 2199 2079 p.
2214 2036 2278 2069 530
2291 2035 2410 2076 Zach.)
2433 2046 2502 2067 cum

274 2083 374 2116 schol.
398 2101 442 2107 —
466 2083 558 2126 Epit.
572 2083 694 2116 Theod.
706 2083 751 2116 48
771 2082 860 2123 (inde
873 2077 960 2122 ΒΣ),
994 2081 1118 2115 Athon.
1137 2082 1170 2124 9,
1189 2086 1225 2124 4,
1261 2081 1449 2126 Anonymus
1473 2081 1680 2116 Bodleianus
1702 2092 1757 2125 ap.
1782 2081 1971 2115 Zachariae
2001 2076 2135 2114 Ἀνέκδ.
2157 2093 2192 2124 p.
2206 2080 2270 2114 213
2294 2080 2366 2122 (ubi
2385 2080 2503 2113 citatur

274 2124 385 2173 νεαρὰ
407 2125 507 2171 μθ’).
554 2127 676 2162 Iulian.
700 2134 800 2161 const.
824 2126 967 2160 XLIII.

1300 2245 1367 2281 XL
1377 2244 1486 2282 VIII.

396 2314 499 2366 DE
527 2312 1025 2366 IURE'IURANDO
1059 2312 1105 2363 A
1141 2312 1523 2364 MORJENTE
1546 2312 1649 2364 DE
1678 2312 1883 2364 MODO
1917 2312 2398 2365 SUBSTANTIAE

1085 2379 1266 2431 SUAE
1295 2379 1699 2432 PRAESTJTO.
2421 2420 2424 2423 -

612 2458 714 2496 Idem
736 2459 924 2507 Λαμπείας
944 2456 1104 2494 Iohanni
1121 2458 1319 2505 praefecto
1336 2459 1530 2505 praetorio
1555 2458 1698 2502 iterum,
1721 2458 1914 2495 exconsuli
1936 2462 1974 2495 et
1989 2459 2165 2506 patricio.

412 2527 671 2573 Praefatio.
721 2527 870 2573 Semper
892 2525 963 2562 hoc
986 2537 1095 2562 uuum
1118 2526 1310 2562 habuimus
1328 2537 1404 2573 pro
1432 2526 1573 2570 ositum,
1605 2530 1647 2563 ut
1667 2526 1923 2572 defunctorum
1945 2526 2202 2573 dispositiones
2220 2526 2351 2571 firmae
2372 2529 2502 2569 essent,

275 2573 347 2609 nisi
378 2573 451 2618 leqi
477 2576 727 2619 repuqnarent
756 2572 872 2617 iisque
902 2581 997 2617 quae
1026 2571 1082 2606 illi
1102 2571 1251 2618 placent
1280 2571 1379 2607 mani
1399 2575 1475 2608 esto
1497 2571 1787 2608 adversarentur.
1839 2571 1957 2618 Atque
1984 2572 2128 2613 scimus,
2158 2571 2259 2616 quod
2281 2574 2316 2605 et
2337 2570 2377 2605 in
2395 2570 2504 2606 rebus

275 2618 453 2665 aqitatum
485 2624 521 2653 et
551 2617 755 2653 nuntiatum
786 2616 891 2652 nobis
919 2620 983 2658 est,
1019 2615 1199 2668 quendam
1232 2619 1400 2652 testatum
1433 2627 1512 2652 eum
1535 2616 1772 2652 iureiurando
1805 2627 1909 2652 suam
1930 2616 2170 2652 substantiam
2204 2625 2342 2651 omnem
2365 2614 2503 2651 dixisse

274 2673 385 2715 seque
407 2673 486 2698 eam
509 2662 624 2698 solam
647 2661 836 2698 heredibus
858 2661 935 2696 suis
957 2661 1171 2707 relmquere,
1197 2664 1332 2708 postea
1361 2672 1446 2697 vero
1468 2660 1644 2708 quosdam
1675 2672 1725 2697 ex
1754 2661 1844 2707 ipsis
1867 2660 2057 2696 heredibus
2086 2659 2176 2696 haec
2197 2669 2403 2702 recusasse,
2439 2659 2503 2705 qui

275 2708 408 2744 iniuste
430 2711 556 2753 ayunt,
588 2707 760 2753 quoniam
781 2706 821 2741 in
845 2706 939 2742 bona
990 2705 1106 2742 uidem
1129 2706 1229 2742 illius
1250 2705 1450 2742 succedunt
1478 2710 1515 2743 et
1537 2706 1577 2741 in
1599 2705 1669 2741 hac
1690 2717 1732 2741 re
1755 2704 1951 2741 oboediunt
1970 2705 2019 2740 iis
2048 2715 2142 2751 quae
2164 2704 2209 2740 ab
2237 2714 2280 2740 eo
2304 2703 2502 2740 constituta

274 2756 371 2795 sunt,
403 2763 496 2799 quae
525 2762 612 2788 vero
643 2750 879 2787 iureiurando
911 2750 960 2786 ad
985 2751 1036 2786 ito
1060 2751 1170 2793 dixit,
1202 2750 1292 2787 haec
1319 2761 1394 2787 non
1424 2752 1496 2787 iam
1525 2754 1610 2786 rata
1632 2761 1778 2786 manere
1801 2750 1927 2786 volunt
1956 2761 2002 2786 ne
2027 2761 2072 2786 ue
2100 2760 2143 2785 eo
2166 2760 2239 2796 quo
2271 2748 2371 2784 decet
2393 2748 2501 2784 modo

275 2796 400 2833 eadem
421 2807 588 2833 servare:
610 2807 829 2842 quamquam
853 2796 989 2831 nostris
1012 2795 1151 2842 leqibus
1173 2807 1249 2831 una
1272 2795 1537 2847 quodammodo
1554 2806 1718 2842 persona
1739 2795 1880 2831 videtur
1902 2806 1979 2831 esse
2022 2794 2139 2831 eredis
2161 2799 2199 2831 et
2216 2794 2294 2830 eius
2316 2793 2381 2840 qui
2401 2793 2502 2829 here-

276 2841 424 2878 ditatem
453 2842 493 2876 in
521 2851 601 2877 eum
626 2841 855 2884 transmittit,
884 2840 938 2876 ita
964 2851 1010 2876 ue
1039 2851 1143 2876 nemo
1167 2840 1306 2877 dixerat
1336 2851 1417 2877 eum
1445 2851 1564 2876 seeum
1596 2841 1714 2887 ipsum
1736 2850 1905 2887 puqrtare
1935 2844 1972 2876 et
2001 2839 2102 2886 quod
2132 2838 2230 2875 dixit
2251 2842 2362 2884 atque
2382 2842 2502 2874 ratum

274 2887 364 2934 sore
386 2885 530 2928 iuravit,
554 2885 595 2920 id
615 2886 713 2922 nolle
735 2885 868 2928 valere,
892 2896 930 2921 se
977 2885 1135 2932 propria
1158 2885 1267 2922 verba
1291 2885 1517 2932 impuqnare.

412 2931 441 2966 1.
488 2930 679 2966 Sancimus
700 2931 715 2965 i
747 2931 826 2973 tur,
850 2930 883 2965 si
905 2930 988 2976 quis
1011 2930 1255 2977 descriptione
1274 2930 1382 2976 facta
1404 2930 1479 2966 sive
1500 2940 1568 2965 sua
1590 2941 1712 2972 manu,
1739 2930 1814 2966 sive
1836 2929 1882 2966 ab
1906 2929 1990 2965 aliis
2012 2928 2155 2975 quidem
2175 2928 2327 2974 scripta,
2351 2927 2396 2963 ab
2419 2927 2503 2973 ipso

277 2980 396 3013 autem
419 2975 641 3022 subscripta,
671 2986 712 3012 ve
749 2976 788 3010 in
811 2986 878 3011 suo
904 2979 1115 3012 testamento
1138 2975 1362 3012 substantiae
1391 2985 1479 3010 suae
1502 2975 1645 3011 modum
1669 2974 1919 3017 declaraverit,
1950 2973 2119 3011 heredum
2139 2973 2304 3019 fortasse
2335 2971 2418 3007 aliis
2441 2971 2502 3007 ab·

276 3021 436 3058 sentibus
465 3020 549 3056 aliis
577 3020 828 3067 praesentibus
858 3019 915 3056 vel
936 3020 1044 3056 etiam
1068 3019 1232 3056 omnibus
1247 3019 1516 3066 praesentibus,
1550 3030 1625 3055 non
1649 3019 1757 3056 licere
1788 3019 1978 3056 heredibus
1995 3018 2085 3055 haec
2107 3028 2278 3054 recusare
2310 3027 2427 3063 neque
2449 3016 2502 3052 di-

324 3112 344 3145 2
357 3113 446 3145 rubr.
459 3112 549 3155 Περὶ
567 3111 631 3144 τοῦ
643 3111 684 3144 ἐν
697 3108 843 3154 τελευτῆ
863 3107 1058 3154 ὀμνύοντος
1073 3108 1177 3157 χάριν
1190 3110 1251 3152 τῆς
1264 3108 1357 3143 ἰδίας

277 3152 508 3190 ὑποστάσεως
537 3155 658 3189 Theod.
687 3155 700 3199 ΙΙ
728 3146 832 3198 11292‘
849 3155 912 3189 τοῦ
945 3151 1050 3200 ὅρκου
1085 3156 1149 3189 τοῦ
1181 3152 1357 3189 δοθέντος

279 3202 356 3234 Ath.
374 3201 387 3245 ΙΙ
412 3203 432 3235 5
446 3199 586 3241 samoe]
607 3197 718 3234 αὐτοῦ
730 3201 778 3234 B·
797 3198 926 3234 τούτου
934 3201 1010 3235 Atta.
1030 3199 1043 3244 ΙΙ
1059 3202 1079 3235 8
1087 3212 1230 3244 prooem.
1238 3212 1296 3233 om.
1308 3199 1355 3240 B,

281 3247 357 3279 add.
375 3243 435 3280 38
457 3238 470 3286 fl
492 3241 799 3288 ποιουμεθαΕ(ς)
823 3247 836 3288 ΙΙ
869 3248 908 3279 10
930 3243 1118 3289 μάχωνται
1138 3246 1202 3286 Le]
1225 3240 1356 3288 μάχον-

279 3303 341 3324 ται
354 3288 456 3324 ΜΒΣ
471 3289 485 3335 ΙΙ
506 3293 543 3324 11
566 3292 639 3323 τοῖς
657 3290 782 3332 ἐκείνῳ
804 3287 971 3324 δοκοῦσιν
983 3286 1118 3330 ΜΒΣς]
1142 3288 1189 3323 τὰ
1211 3290 1357 3322 ἐκείνοις

281 3332 456 3369 δοκοῦντα
477 3336 510 3368 L
527 3333 540 3379 ΙΙ
555 3336 615 3367 καὶ
638 3335 679 3367 ἐν
701 3337 773 3368 τοῖς
797 3347 826 3369 π
848 3334 982 3381 ἀγμασι
1006 3347 1064 3368 om.
1079 3334 1126 3378 ςΙΙ
1148 3335 1188 3369 12
1208 3343 1355 3380 προςαγ-

280 3378 413 3425 γελθδν
435 3381 468 3414 L
494 3380 507 3424 fl
542 3381 584 3413 14
614 3375 723 3413 αὐτοῦ
748 3380 825 3412 ΜΒ
885 3379 1012 3413 ἑαυτοῦ
1038 3380 1070 3413 L
1096 3378 1110 3423 ΙΙ
1143 3381 1182 3414 15
1205 3374 1290 3412 ῧστε
1313 3390 1356 3411 ον

283 3436 342 3459 om.
355 3436 375 3460 e
392 3423 406 3468 ΙΙ
421 3426 463 3459 22
481 3420 683 3470 πρόσωπον
698 3421 754 3464 τὸ]
779 3422 822 3457 τὸ
846 3437 904 3458 om.
920 3420 979 3458 ΒΣ
999 3423 1004 3467 Ι
1027 3425 1086 3457 καὶ
1106 3421 1148 3458 τὸ
1163 3423 1288 3457 wazu
1321 3419 1355 3463 Σ]

282 3470 342 3500 καὶ
363 3469 427 3502 τοῦ
441 3470 470 3503 L
489 3469 502 3514 {l
518 3470 560 3503 26
577 3465 699 3515 λόγους
712 3469 795 3509 ML]
819 3467 947 3510 νόμους
967 3470 1000 3502 Β
1041 3471 1053 3512 ΙΙ
1071 3470 1113 3503 27
1132 3468 1356 3511 Θεσπίζομεν

284 3511 378 3544 εἴτις
391 3515 451 3566 [nc.
462 3515 497 3547 Β
512 3514 523 3555 n
542 3515 585 3548 28
595 3509 883 3569 ρι’κειόχειρονβ·
890 3513 911 3566 -n
929 3512 1113 3568 ἑτέρου-Β’
1121 3514 1167 3555 (ς)
1190 3513 1196 3558 Ι
1214 3514 1258 3565 22
1269 3509 1354 3546 ὑπο-

283 3557 776 3644 τεττττῖῖεᾎεεῖ,ττῖ
793 3559 1071 3636 atsaiw
1082 3557 1354 3636 εεεεεεεέ

286 3646 398 3676 mento
411 3645 445 3675 in
459 3647 572 3696 quavis
584 3648 735 3680 chartula
743 3648 863 3682 Iulian.
883 3646 897 3692 Ι]
913 3649 956 3682 30
969 3643 1078 3680 αὐτοῦ
1092 3648 1170 3682 libri
1185 3647 1198 3691 fl
1213 3646 1354 3681 ποιοῦσι

289 3687 336 3721 L*
361 3687 375 3732 Ι
397 3689 439 3722 32
462 3700 484 3730 η
507 3701 564 3723 om.
580 3691 611 3723 L
634 3690 648 3735 ΙΙ
666 3690 819 3726 πάντων
841 3688 1050 3738 παρόντων]
1075 3687 1188 3734 addi}
1202 3687 1354 3725 πάντων

1423 3107 1627 3198 ‹ignavi-agui)
1650 3113 1707 3155 (cs.
1720 3111 1844 3145 Iulian.
1859 3110 2013 3144 omnibus
2036 3108 2265 3153 praesentibus
2280 3107 2333 3142 vel
2349 3106 2502 3141 omnibus

1424 3166 1444 3188 8
1467 3166 1524 3189 sen
1541 3167 1553 3189 1
1577 3167 1615 3189 us

1471 3290 1486 3322 1
1499 3300 1546 3331 sq.
1561 3287 1600 3333 ῆι
1613 3287 1747 3321 XLVII
1764 3285 1822 3331 Vll
1838 3287 1858 3321 3
1870 3285 2044 3319 morientis
2052 3285 2099 3326 R]
2115 3295 2135 3318 a
2146 3285 2308 3319 moriente
2323 3282 2388 3317 VT
2397 3292 2418 3315 a
2428 3292 2498 3316 mo-

1422 3333 1530 3366 riente
1548 3334 1708 3375 praestito
1728 3332 1817 3376 vuly.
1835 3331 1848 3375 η
1873 3333 1893 3366 6
1909 3332 1977 3374 pp]
2001 3330 2167 3373 praefecto
2178 3330 2240 3373 Rn
2265 3330 2286 3364 9
2305 3327 2414 3361 firmas
2431 3337 2499 3360 esse

1431 3378 1466 3411 V
1476 3377 1489 3421 ΙΙ
1506 3379 1544 3411 11
1564 3380 1702 3419 motum]
1724 3379 1758 3411 et
1771 3377 1808 3409 in
1826 3378 1936 3409 causis
1946 3379 2074 3409 motum
2087 3375 2180 3409 Beck
2194 3373 2209 3425 Ι
2235 3375 2276 3408 12
2285 3385 2333 3416 eq.
2346 3370 2497 3423 substan-

1422 3422 1503 3454 tiam
1515 3422 1709 3467 sustTu
1729 3423 1769 3456 13
1781 3422 2021 3461 omnem10u·
2041 3419 2089 3454 V¹
2134 3418 2220 3452 dixit
2229 3417 2312 3457 ΒΤ]
2326 3416 2431 3449 edmt
2447 3416 2499 3461 Vfl

1422 3466 1585 3508 relinquit
1605 3469 1648 3501 al.
1668 3467 1682 3511 ΙΙ
1710 3469 1750 3502 14
1765 3466 1833 3500 suis
1851 3466 1888 3499 in
1906 3465 2083 3499 heredibus
2133 3461 2223 3504 ¹1⁷¹!
2244 3463 2283 3495 15
2302 3461 2389 3493 iuste
2405 3461 2437 3494 R
2448 3461 2495 3503 V]

1421 3511 1508 3545 iusta
1534 3512 1566 3545 T
1588 3512 1601 3556 ΙΙ
1625 3514 1666 3547 16
1685 3512 1749 3546 hoc
1770 3511 2001 3553 adquiescunt]
2026 3507 2262 3550 haoquioeount
2285 3505 2362 3548 12¹1
2392 3506 2432 3539 19
2458 3515 2497 3538 ea

1422 3568 1481 3589 om.
1494 3557 1528 3590 R
1543 3555 1556 3601 ΙΙ
1575 3556 1722 3591 uoluerit
1740 3555 1795 3601 Vll
1822 3557 1864 3590 22
1881 3555 2095 3589 hereditatem
2114 3551 2163 3585 bie
2174 3561 2236 3602 fer.
2255 3549 2303 3583 1⁷¹
2324 3549 2337 3593 ΙΙ
2362 3550 2496 3583 *eidem

1422 3601 1502 3635 libri
1513 3601 1526 3645 ΙΙ
1550 3602 1594 3636 23
1616 3601 1700 3635 dicit
1720 3599 1772 3636 T⁶
1784 3602 1841 3642 aL]
1865 3602 1898 3633 et
1920 3599 2002 3634 dicit
2015 3596 2104 3632 ΒΤ·
2135 3593 2237 3646 edicit
2256 3594 2289 3628 V
2347 3595 2389 3629 24
2413 3595 2496 3628 haec

1419 3645 1482 3689 Ru
1510 3645 1650 3680 relutari
1671 3647 1706 3681 V
1764 3647 1806 3680 28
1828 3645 1984 3687 scripum
2005 3642 2053 3682 R]
2083 3639 2279 3681 nupturam
2374 3639 2460 3683 vulq.
2479 3637 2494 3683 ΙΙ

1420 3691 1459 3724 31
1487 3690 1572 3724 torte
1594 3690 1684 3732 aliis]
1743 3690 1782 3723 ”s
1806 3688 1928 3723 om.R¹
