2580 4022
1264 131 1351 178 734
1385 128 1391 131 “

195 139 302 182 Nov.
324 138 494 182 CLVIII
523 150 585 191 pr.
1759 149 1820 179 UT
1849 148 2149 180 DELmERANDI
2176 149 2250 182 ms
2278 149 2417 181 ΕΤΙΑΜ

192 247 273 282 τοὺς
303 243 480 281 δεσπότας
510 244 593 280 τοὺς
621 243 751 290 γάμους
783 241 944 278 διαλύειν
971 242 1038 287 ἤδη
1068 243 1301 288 πραχθέντας
1331 240 1354 286 ἢ
1386 243 1467 278 τοὺς
1490 247 1698 290 γενομένους
1721 244 1853 281 παῖδας
1875 248 1952 281 τῶν
1972 250 2109 294 γονέων
2131 245 2308 293 ἀφέλκειν,
2333 245 2417 282 κᾶν-

191 292 325 326 τεῦθεν
355 288 442 323 ὅλον
472 288 514 323 τὸ
538 291 615 323 τῶν
638 287 768 323 τόπων
793 291 941 322 ἐκείνων
964 287 1281 331 ταλαιπωρεῖσθαι
1304 288 1511 334 γεωργικόν,
1536 287 1797 334 διαιρουμένων
1820 295 1859 324 ἑκ
1882 295 1963 335 βίας
1985 289 2129 336 ἀνδρῶν
2152 306 2191 326 τε
2214 295 2274 326 καὶ
2296 305 2417 338 γυναι-

191 338 278 378 κῶν,
311 333 550 379 ἀφελκομένης
582 331 621 367 δὲ
649 335 754 376 γονῆς
783 335 821 367 ἐκ
853 336 930 367 τῶν
961 333 1254 379 παραγαγόντων
1284 335 1331 367 εἰς
1354 335 1440 379 φῶς,
1472 337 1532 367 καὶ
1555 335 1668 378 μόνης
1691 334 1861 380 ἡμετέρας
1884 336 1975 370 εἶναι
1999 337 2040 371 τὸ
2066 338 2214 384 πρᾶγμα
2238 340 2418 382 προνοίας.

1200 422 1359 458 CAPUT
1383 423 1412 459 Ι.

326 492 548 532 Θεσπίζομεν
579 492 712 531 τοίνυν,
741 489 806 522 τοῦ
834 487 960 522 λοιποῦ
993 490 1060 532 μὲν
1093 489 1174 523 τοὺς
1203 488 1249 523 τὰ
1278 494 1391 546 χωρία
1419 492 1651 534 κεκτημένους
1680 488 1728 524 ὠς
1760 489 1807 524 ἄν
1833 490 1995 525 ἐθέλοιεν
2020 493 2316 538 παραφυλάττειν
2339 492 2420 528 τούς

188 533 376 582 γεωργούς,
401 531 550 579 ὅσοιπερ
575 530 693 567 αὐτοῖς
711 533 803 567 κατὰ
822 533 887 567 τὸν
910 532 1024 577 νόμον
1049 533 1292 578 προςήκουσιν,
1317 546 1366 569 ως
1387 534 1436 579 μὴ
1459 534 1593 581 γάμους
1617 534 1706 580 πρὸς
1728 535 1810 569 τοὺς
1825 536 1863 576 ἐξ
1879 536 2014 582 ἑτέρων
2031 536 2255 582 ὡρμημένους
2274 542 2419 583 χωρίων

190 578 422 623 συμβάλλειν·
458 577 541 613 τοὺς
571 576 611 612 δὲ
639 581 741 623 μέχρι
774 579 840 612 νῦν
871 581 1079 622 γενομένους
1104 579 1235 624 γάμους
1266 579 1359 613 εἶναι
1391 583 1544 624 κυρίους,
1576 583 1635 613 καὶ
1665 578 1800 624 μηδένα
1832 579 2017 615 δύνασθαι
2048 580 2206 618 διασπᾶν
2239 584 2320 618 τοὺς
2351 582 2419 625 ἤδη

190 625 444 670 συναφθέντας
469 622 561 657 κατὰ
594 623 637 656 τὸ
665 624 820 667 κρατοῦν
852 623 1029 668 πρότερον
1051 624 1150 666 ἔθος,
1183 620 1204 667 ἢ
1230 627 1400 670 γεωργεῖν
1423 624 1491 668 τὴν
1514 624 1760 670 προςὴκουσαν
1784 621 1901 659 αὐτοῖς
1924 622 2199 672 ἀναγκάζεσθαι
2221 630 2303 674 γῆν,
2327 626 2418 662 ἀλλὰ

187 667 278 712 μηδὲ
308 670 385 703 τῶν
415 672 554 713 γονέων
578 665 818 714 ἀφαιρεῖσθαι
849 668 930 703 τοὺς
961 666 1092 702 παῖδας
1122 669 1301 714 προφάσει
1332 668 1438 712 τύχης
1467 671 1671 715 γεωργικῆς.
1719 667 1810 703 ἀλλὰ
1835 668 1904 704 κᾶν
1927 671 1962 704 εἴ
1981 685 2016 705 τι
2039 675 2206 706 τοιοῦτον
2229 672 2296 716 ἤδη
2317 673 2418 719 γενό-

188 726 298 758 μενον
330 716 464 755 ἔτυχεν,
497 713 770 758 ἐπανορθώσεις
799 726 839 746 τε
870 716 930 746 καὶ
961 714 1068 746 volvo
1097 718 1156 747 καὶ
1189 712 1427 757 ἀποδοθῆναι
1451 712 1745 758 παρασκευάσειε,
1773 715 1845 749 εἴτε
1869 713 1999 749 παῖδας
2023 712 2272 762 ἀφαιρεθῆναι
2292 721 2419 762 συμβέ-

188 763 299 803 βηκεν
330 758 402 792 εἴτε
431 761 491 791 καὶ
508 761 704 836 ἔνναῖκας,
735 760 808 792 τοῖς
839 771 879 792 τε
909 759 1075 804 γονεῑσιν
1106 761 1165 791 καὶ
1197 761 1269 792 τοῖς
1299 760 1503 793 συνοικοῦσι
1536 762 1670 804 φαμέν·
1704 761 1768 792 τοῦ
1803 761 1955 802 ποιῆσαί
1983 774 2019 794 τι
2051 764 2216 796 τοιοῦτον
2241 763 2330 807 πρὸς
2353 762 2420 796 τὸν

190 805 315 837 ἔπειτα
346 802 478 846 χρόνον
541 804 733 847 αρροῦντος
760 805 819 835 καὶ
851 806 932 847 περὶ
963 799 1053 836 αὐτὸ
1088 800 1358 838 κινδυνεύοντος
1381 805 1422 838 τὸ
1445 809 1589 849 χωρίον.
1638 801 1712 838 ἀλλ’
1739 799 2040 839 ἀπαλλάττεσθαι
2064 806 2109 840 τὰ
2135 810 2337 841 συνοικέσια
2357 808 2420 840 τοῦ

188 850 257 882 νῦν
289 848 545 891 ἐπιτιθεμένου
579 846 691 889 δέους,
723 850 783 881 καὶ
809 847 844 881 οἱ
873 850 986 894 γονεῖς
1012 848 1094 882 τοὺς
1119 847 1250 883 παῖδας
1279 850 1460 890 ἐχέτωσαν
1485 851 1522 882 ἑκ
1545 847 1674 892 ταύτης
1693 846 1795 892 ἱμῶν
1818 851 1880 892 τῆς
1904 849 2111 892 κελεύσεως,
2142 848 2183 884 οὐ
2209 849 2421 895 δυναμένων

189 890 507 948 ἀκριβολογεῖσθαι
537 893 615 926 τῶν
645 891 703 945 τὰ]
724 895 838 938 χωρία
870 895 1110 947 κεκτημείκρνἱ
1127 896 1186 926 καὶ
1221 890 1388 948 ἀφέλκειν
1410 891 1442 947 ἱἢ
1474 892 1556 928 τοὺς
1587 893 1878 937 συναλλάξαντας
1909 893 2032 937 ἢτοὺς
2056 893 2204 930 παῖδας·
2237 894 2257 929 ὁ
2281 896 2350 943 γὰρ
2376 895 2420 939 δὴ

2447 766 2485 797 10

188 940 331 973 τοιοῦτο
356 951 392 972 τι
416 938 566 980 ποιῆσαι
590 948 810 983 πειρωμενος
833 940 892 970 καὶ
916 941 999 982 περὶ
1023 951 1113 971 αυτο
1139 936 1360 972 κινδυνεύσει
1381 952 1423 972 το
1438 942 1582 984 χωρίον,
1602 939 1632 980 ᾧ
1651 937 1768 981 δῆθεν
1783 940 1952 984 πειρᾶται
1969 940 2050 974 τοὺς
2065 939 2243 986 γεωργοὺς
2260 938 2418 975 ἐκδικεῖν.
2476 957 2478 959 >

322 981 442 1028 (Ἐπί
450 981 553 1025 λογο
564 981 614 1027 ς.)
666 982 714 1015 Τὰ
744 985 868 1016 τοίνυν
899 982 1140 1027 παραστάντα
1170 980 1256 1027 ἡμῖν
1286 986 1346 1017 καὶ
1374 980 1434 1018 διὰ
1459 981 1564 1017 τοῦδε
1586 984 1649 1017 τοῦ
1674 983 1778 1017 θείου
1803 985 2052 1031 πραγματικοῦ
2078 983 2280 1029 δηλούμενα
2302 986 2420 1020 τύπου

188 1026 210 1082 ⁷}
241 1026 285 1070 σὴ
315 1026 604 1074 μεγαλοπρέπεια
636 1030 695 1060 καὶ
727 1025 749 1069 ἡ
780 1027 984 1071 πειθομένη
1009 1038 1067 1061 σοι
1097 1025 1195 1068 τάξις
1225 1030 1285 1062 καὶ
1314 1026 1333 1061 ὁ
1367 1028 1458 1063 κατὰ
1485 1026 1612 1073 καιρὸν
1644 1029 1704 1071 τῆς
1735 1026 1844 1072 αὐτῆς
1874 1026 1981 1075 ἀρχῆς
2004 1027 2223 1076 ἡγησόμενος
2247 1031 2294 1064 εἰς
2317 1030 2422 1076 ἔργον

189 1073 350 1114 αχθῆναι
381 1075 441 1106 καὶ
473 1070 807 1118 παραφυλαχθῆναι
836 1071 1084 1117 προνοησάτω,
1117 1072 1224 1108 trium
1245 1073 1417 1108 librarum
1441 1073 1519 1108 auri
1551 1073 1676 1116 ποινῆς
1700 1075 1921 1117 ἐπικειμένης
1944 1075 2036 1110 κατὰ
2059 1074 2196 1110 παντὸς
2217 1077 2280 1109 τοῦ
2303 1077 2421 1110 ταῦτα

188 1121 431 1163 παραβαίνειν
450 1118 721 1163 ἐπιχειροῦντος.
762 1117 845 1153 Dat.
864 1117 899 1152 k.
918 1117 1001 1153 Mai.
1018 1117 1085 1153 ΟΡ.
1103 1117 1235 1163 (imp.)
1251 1117 1309 1153 dn.
1327 1118 1517 1153 Iustiniani
1532 1128 1591 1163 pp.
1611 1119 1701 1162 Aug.
1720 1128 1813 1154 anno
1829 1118 1925 1156 XVI.
1942 1130 1998 1164 pc.
2018 1120 2142 1156 Basilii
2164 1130 2218 1156 vc.
2268 1124 2315 1163 [a.
2335 1122 2421 1162 542]

188 1329 365 1383 ΠΕΡΙ
403 1330 546 1383 TOY
590 1264 1574 1451 ΠΑΡΑΠΕΜΙΙζῚΞΙΣΘΕἪΞΝΤέΝᾘῈὲΞ
1577 1329 2068 1449 1ἓΙΑΣΚΕΨΕῼΣ
2106 1331 2420 1386 ΔῙΚΑΙΟΝ

905 1473 959 1521 (Ὁ
994 1473 1101 1510 αὐτὸς
1134 1475 1303 1521 βασιλεύς
1325 1501 1603 1511 .........
1662 1502 1670 1510 .
1680 1475 1698 1520 >

320 1544 480 1589 (Προοί
485 1557 511 1587 μ
521 1542 619 1587 ιον.)
666 1544 792 1585 Δέησις
822 1539 907 1587 ἡμῖν
937 1540 1159 1589 ἀνεγνώσθη
1186 1542 1317 1578 Θέκλας
1345 1544 1406 1586 τῆς
1436 1546 1496 1577 καὶ
1521 1544 1680 1587 Μανοῦς,
1708 1541 1929 1578 διδάσκουσα
1954 1542 2093 1578 Θέκλαν
2116 1542 2201 1579 τινὰ
2223 1543 2422 1579 καταλῦσαι

186 1588 252 1623 τὸν
278 1593 361 1633 βίον
394 1590 456 1623 ἐπὶ
481 1591 615 1634 Σεργία
646 1588 803 1634 θυγατρὶ
830 1589 900 1632 τὴν
929 1586 1069 1632 ἅνηβον
1099 1585 1241 1632 ἡλικίαν
1265 1587 1423 1636 ἀγούσῃ,
1456 1586 1643 1622 ἑκκαίδεκα
1667 1601 1707 1623 τε
1729 1587 1832 1633 μόλις
1852 1587 1980 1634 ἡμέρας
2004 1587 2228 1632 ἐπιζήσασαν
2246 1590 2291 1636 τῇ
2314 1593 2421 1635 μητρὶ

321 1679 406 1714 Νου.
425 1679 586 1713 CLVIII
609 1679 734 1713 Graece
758 1686 877 1713 tantum
902 1686 989 1713 extat
1012 1681 1044 1713 in
1063 1680 1134 1713 ML
1154 1680 1236 1722 (suit
1259 1681 1292 1714 in
1311 1680 1347 1713 Β
1364 1682 1419 1722 35,
1438 1687 1483 1721 18,
1501 1687 1513 1713 1
1529 1681 1700 1714 secundum
1721 1680 1901 1723 Tipucitum
1918 1687 1947 1713 et
1963 1681 2085 1713 indices
2108 1680 2203 1714 Coisl.
2220 1688 2250 1714 et
2264 1680 2422 1725 reqinae).

188 1743 232 1750 -
249 1725 340 1767 Epit.
358 1725 479 1758 Theod.
498 1725 561 1757 158
583 1724 671 1765 (inde
695 1723 745 1756 Β*
769 1725 806 1756 Κ
822 1726 875 1766 14,
893 1732 927 1758 53
947 1737 983 1767 p.
1002 1725 1067 1758 209
1085 1725 1212 1767 ΖασΙι.),
1237 1725 1357 1758 Athan-
1377 1727 1409 1767 9,
1425 1732 1457 1759 13
1482 1725 1570 1766 (inde
1584 1726 1690 1758 Anon.
1708 1724 1840 1758 Bodlei.
1858 1725 1901 1759 28
1923 1737 1958 1768 p.
1977 1726 2042 1759 223
2060 1725 2198 1768 Zack.);
2218 1727 2422 1760 summarium

188 1770 313 1802 exhibet
336 1770 433 1802 schol.
458 1769 631 1811 Epitomae
656 1769 687 1808 3,
706 1774 736 1801 16
756 1780 792 1811 p.
810 1769 874 1803 301
901 1769 1004 1802 Zach-

187 1856 382 1892 dissolvere
401 1856 474 1892 iam
495 1860 702 1891 contractas
725 1856 782 1891 vel
803 1857 934 1892 liberos
956 1856 1039 1892 inde
1062 1860 1170 1891 natos
1193 1866 1217 1891 a
1232 1856 1449 1902 parentibus
1471 1854 1692 1897 abstrahere,
1717 1860 1826 1901 atque
1850 1856 1933 1892 inde
1957 1867 2079 1893 omnes
2094 1856 2240 1892 illorum
2258 1857 2421 1893 locorum

188 1902 337 1937 colonos
363 1901 492 1937 misere
521 1901 662 1947 affligi,
694 1900 777 1935 dum
806 1901 876 1936 viri
905 1903 940 1936 et
965 1900 1132 1936 mulieres
1150 1911 1224 1947 per
1253 1900 1323 1936 vim
1352 1903 1581 1946 separentur,
1607 1900 1737 1947 proles
1770 1903 1889 1935 autem
1921 1901 1967 1937 ab
1990 1902 2036 1937 iis
2055 1902 2119 1948 qui
2142 1912 2220 1937 eam
2244 1901 2283 1936 in
2307 1901 2422 1938 lucem

185 1946 446 1993 produxerunt
469 1945 736 1988 abstrahantur,
760 1948 795 1981 et
817 1956 892 1981 rem
915 1945 996 1981 sola
1018 1949 1146 1981 nostra
1170 1945 1332 1990 indiqere
1348 1944 1593 1991 providentia.

321 1991 350 2026 I.
398 1990 589 2026 Sancimus
620 1990 745 2036 iqitur,
773 1994 813 2026 ut
841 1991 877 2025 in
896 1994 1085 2036 posterum
1108 1990 1251 2036 quidem
1267 1989 1510 2035 praediorum
1534 1989 1669 2024 domini
1691 1988 1853 2031 colonos,
1878 1989 2092 2035 quicumque
2114 1989 2164 2025 ad
2185 2001 2248 2027 eos
2271 2002 2321 2027 ex
2344 1992 2422 2038 leqe

181 2036 383 2083 pertinent,
413 2035 592 2081 quomodo
623 2034 803 2071 voluerint
834 2034 1059 2077 custodiant,
1089 2045 1134 2069 ne
1164 2044 1243 2068 cum
1275 2035 1321 2068 iis
1352 2034 1415 2079 qui
1445 2044 1494 2068 ex
1522 2033 1605 2068 aliis
1619 2033 1786 2079 praediis
1810 2034 1880 2069 orti
1902 2038 1988 2069 sunt
2011 2034 2158 2080 nuptias
2181 2035 2420 2079 contrahant;

186 2081 336 2126 nuptiae
359 2090 443 2116 vero
468 2079 586 2115 adbuc
610 2082 818 2125 contractae
837 2083 942 2114 ratae
963 2079 1048 2121 sint,
1072 2089 1141 2113 neu
1165 2079 1356 2124 quisquam
1375 2078 1497 2123 possit
1516 2088 1579 2113 eos
1602 2078 1665 2123 qui
1687 2077 1759 2113 iam
1776 2078 1959 2113 coniuncti
1973 2082 2057 2113 sunt
2075 2080 2269 2116 secundum
2285 2091 2420 2118 morem

189 2126 252 2172 qui
283 2128 391 2160 antea
423 2125 578 2160 obtinuit
607 2123 791 2166 divellere,
822 2128 888 2159 aut
917 2134 1046 2169 coqere
1077 2127 1116 2158 ut
1144 2126 1277 2158 terram
1310 2122 1359 2158 ad
1387 2123 1488 2168 ipsos
1503 2123 1745 2168 pertinentem
1769 2122 1902 2164 colant,
1925 2122 1990 2158 sed
2011 2133 2056 2158 ne
2080 2123 2210 2160 liberos
2231 2126 2372 2171 quidem
2396 2137 2420 2161 a

184 2169 399 2218 parentibus
429 2170 509 2205 abri
536 2179 596 2204 ere
626 2169 768 2204 nomine
797 2168 1021 2204 condicionis
1052 2168 1270 2204 colonariae.
1319 2167 1392 2202 Sed
1421 2167 1527 2202 etiam
1551 2168 1584 2202 si
1608 2166 1696 2219 quid
1716 2167 1820 2212 forte
1843 2167 2019 2203 eiusmodi
2041 2168 2113 2203 iam
2134 2170 2275 2214 factum
2298 2174 2361 2214 est,
2382 2171 2422 2206 id

187 2226 330 2262 quoque
353 2180 559 2250 emendabis
582 2217 617 2249 et
646 2213 905 2249 restituendum
934 2213 1091 2255 curabis,
1123 2213 1197 2248 sive
1225 2213 1356 2248 liberos
1379 2212 1500 2258 abripi
1523 2218 1620 2247 conti
1649 2212 1719 2248 erit
1738 2212 1811 2247 sive
1834 2213 1941 2248 etiam
1965 2213 2141 2257 mulieres,
2165 2225 2188 2249 a
2209 2215 2422 2261 parentibus

187 2261 338 2296 dicimus
368 2264 404 2295 et
432 2259 664 2305 coniuqibus:
695 2262 736 2293 ut
765 2259 827 2304 qui
857 2258 1030 2294 eiusmodi
1053 2258 1263 2305 posteriore
1296 2262 1456 2304 tempore
1486 2257 1575 2303 quid
1626 2267 1730 2293 acere
1761 2257 1906 2300 audeat,
1939 2259 2045 2293 etiam
2077 2258 2123 2295 de
2151 2259 2231 2304 ipso
2262 2260 2420 2306 praedio

184 2305 422 2352 periclitetur.
471 2303 602 2340 Verum
633 2303 864 2339 matrimonia
893 2315 916 2338 a
946 2306 1040 2339 metu
1070 2313 1166 2339 nunc
1193 2303 1397 2337 imminente
1427 2302 1634 2344 liberentur,
1665 2302 1892 2348 habeantque
1916 2306 2093 2348 parentes
2126 2304 2258 2340 liberos
2280 2315 2330 2341 ex
2354 2304 2422 2340 hac

187 2355 315 2385 nostra
345 2349 516 2391 iussione,
545 2359 632 2385 neve
661 2349 805 2395 possint
826 2348 1067 2395 praediorum
1084 2358 1318 2393 possessores
1340 2358 1414 2383 rem
1437 2347 1615 2383 subtiliter
1636 2348 1866 2393 perscrutari
1886 2351 1922 2383 et
1944 2351 2008 2383 aut
2030 2349 2259 2384 matrimonio
2283 2349 2424 2386 iunctos

187 2398 251 2430 aut
281 2394 413 2430 liberos
444 2393 672 2430 abstrahere:
703 2393 767 2440 qui
797 2394 890 2430 enim
918 2392 1007 2439 quid
1034 2393 1210 2428 eiusmodi
1236 2392 1363 2438 facere
1389 2397 1552 2435 conetur,
1583 2392 1690 2428 etiam
1718 2392 1763 2428 de
1787 2393 1865 2439 ipso
1887 2391 2040 2438 praedio
2057 2393 2340 2439 periclitabitur,
2364 2395 2423 2430 cui

188 2440 323 2475 scilicet
346 2440 494 2475 colonos
517 2439 702 2474 vindicare
724 2443 888 2474 conatur.

323 2483 411 2531 Epi
424 2484 565 2530 loqus.
613 2483 715 2527 Quae
744 2484 859 2529 iqitur
883 2483 986 2519 nobis
1005 2482 1230 2529 placuerunt
1259 2485 1293 2517 et
1321 2493 1390 2528 per
1420 2481 1514 2517 hane
1544 2492 1686 2518 sacram
1716 2483 1982 2528 praqmaticam
2003 2482 2164 2527 sormam
2188 2483 2423 2520 declarantur

189 2534 252 2566 tua
282 2529 551 2576 maqnificentia
579 2532 616 2565 et
646 2529 897 2575 obtemperans
925 2528 989 2564 tibi
1016 2528 1180 2574 officium
1208 2529 1242 2563 et
1269 2529 1334 2573 ραι·
1358 2538 1432 2572 pro
1464 2530 1624 2574 tempore
1654 2526 1803 2562 eundem
1827 2527 2078 2574 maqistratum
2101 2531 2270 2573 qesturus
2298 2532 2351 2564 est
2374 2529 2425 2564 ad

188 2575 350 2621 effectum
381 2573 595 2610 adducenda
618 2577 654 2610 et
683 2573 907 2610 observanda
938 2577 1056 2616 curet,
1088 2583 1168 2608 cum
1199 2572 1305 2608 trium
1338 2572 1512 2608 librarum
1543 2571 1625 2608 auri
1654 2582 1775 2618 poena
1804 2572 1997 2618 unicuique
2028 2573 2210 2609 immineat
2239 2573 2303 2619 qui
2334 2572 2423 2609 llaec

188 2620 326 2657 violare
350 2623 509 2666 temptet.

1226 2716 1283 2754 CL
1294 2715 1401 2753 VIII.

469 2786 556 2838 UT
596 2784 1112 2838 DELIBERANDI
1151 2784 1271 2835 IUS
1313 2784 1547 2836 ETJAM
1590 2784 1688 2836 AD
1735 2783 2155 2837 IMPUBERE'S

1009 2851 1605 2904 TRANSMHTATUR.

1057 2930 1183 2978 <Idem
1204 2931 1390 2977 Auqustus
1405 2955 1542 2967 ......
1550 2931 1568 2976 >

322 2998 592 3045 Praefatio.
638 2999 771 3035 Preces
800 2999 904 3035 nobis
933 2999 1107 3036 recitatae
1136 3002 1222 3035 sunt
1253 2997 1422 3041 Theclae,
1454 3009 1548 3044 quae
1580 2999 1688 3034 etiam
1719 2997 1832 3034 Mano
1861 2996 2081 3043 appellatur,
2112 3007 2206 3042 quae
2233 2995 2424 3033 declarant

191 3043 357 3080 Theclam
378 3043 562 3091 quandam
586 3045 659 3080 vita
682 3044 891 3090 defunctam
915 3055 991 3080 esse
1014 3044 1142 3080 relicta
1161 3043 1243 3089 filia
1262 3042 1394 3089 Serqia
1417 3044 1633 3089 impuberem
1659 3046 1813 3078 aetatem
1836 3045 1977 3087 aqente,
2005 3052 2155 3087 cumque
2184 3042 2248 3077 vix
2270 3041 2422 3077 sedecim

235 3136 254 3167 2
278 3134 320 3168 τὸ
344 3135 433 3175 τῶν]
455 3134 523 3168 τὸν
549 3136 577 3168 L
595 3134 607 3179 ΙΙ
624 3134 831 3190 γεωργικῶν
856 3135 914 3167 Ma
930 3133 941 3178 ΙΙ
962 3131 1212 3178 διαιρούμενον
1232 3134 1272 3167 Μ
1341 3143 1391 3174 cp.
1418 3133 1472 3165 dn.
1493 3132 1575 3166 iust.
1599 3143 1655 3176 pp.
1681 3143 1756 3174 aug.
1782 3132 1909 3185 bilisar.
1933 3142 1984 3164 uo.
2010 3142 2117 3165 conss.
2143 3132 2194 3173 M,
2226 3107 2315 3184 unde
2335 3144 2420 3164 anno

188 3178 201 3223 ΙΙ
224 3181 242 3212 3
268 3178 531 3225 προσαγόντων
555 3181 587 3212 L
612 3180 624 3223 ΙΙ
650 3182 669 3214 5
695 3190 845 3213 οσοιπεο
860 3181 935 3213 -6
959 3182 1096 3223 κυρίους
1120 3193 1178 3213 om.
1204 3179 1235 3212 L
1258 3177 1270 3223 ss
1340 3179 1404 3211 535
1440 3179 1590 3212 tribuitur
1622 3178 1707 3220 vuly.
1734 3178 1892 3218 (Bzenero
1910 3189 1947 3220 p.
1967 3179 2031 3211 529
2064 3178 2228 3219 antiquior
2251 3177 2421 3209 vzdebatur

189 3227 208 3257 7
230 3223 296 3266 τὴν
317 3226 521 3265 Haloander]
545 3222 594 3267 μὴ
617 3225 661 3267 L,
687 3237 745 3258 om.
772 3211 840 3267 MR
856 3223 924 3270 γῆν
948 3220 1268 3269 ἇναγκάζεσθαιΕ

188 3267 236 3323 ss8
263 3269 453 3312 γινόμενον
481 3270 527 3302 Lss
552 3269 564 3313 ΙΙ
589 3271 609 3304 9
635 3267 902 3314 ἐπανορθῶσαί
922 3280 962 3301 τε
985 3270 1018 3302 L
1033 3269 1045 3312 ss
1074 3271 1115 3303 10
1139 3271 1199 3302 καὶ
1224 3269 1267 3310 L]

189 3326 211 3355 η
237 3316 296 3345 καὶ
325 3315 370 3355 M,
394 3316 481 3357 quod
502 3316 632 3348 servari
651 3322 755 3357 potest
776 3326 816 3347 τε
841 3315 873 3347 in
896 3325 937 3359 γε
956 3321 1075 3347 mutato
1104 3314 1116 3357 ss
1145 3316 1192 3354 τι]
1212 3326 1268 3347 τοι

190 3358 240 3389 La
255 3359 268 3401 ss
286 3358 523 3402 θαρρούντως
537 3360 566 3392 L
583 3360 595 3403 ΙΙ
616 3362 653 3394 11
673 3356 968 3392 ἀπαλλαττέσθω
986 3371 1053 3391 cum
1071 3359 1268 3392 Haloandro

190 3403 274 3445 vulq.
302 3404 314 3445 ss
344 3403 407 3435 τοῦ
432 3404 501 3437 νῦν
526 3405 568 3445 L]
595 3407 718 3438 τοίνυν
742 3405 789 3437 Μ
806 3404 818 3447 ΙΙ
845 3405 886 3437 14
910 3400 1106 3436 κινδυνεύει
1131 3404 1161 3436 L
1187 3402 1199 3446 ΙΙ
1227 3405 1266 3436 17

190 3445 295 3479 trium
327 3446 495 3482 librarum
528 3449 607 3482 auri
637 3446 716 3491 ἤτοι
746 3448 859 3493 τριῶν
891 3446 1026 3492 λιτρῶν
1056 3450 1200 3492 χρυσίου
1228 3448 1274 3481 Μ

190 3491 304 3533 τριῶν
327 3489 461 3535 λιτρῶν
484 3496 627 3535 χρυσίου
651 3495 682 3527 L
710 3493 722 3538 ss
748 3496 789 3528 18
812 3495 933 3527 subscr.
959 3490 1093 3537 ἐγράφη
1117 3489 1265 3527 καλανδ.

190 3534 327 3587 ,Mffwv
350 3535 392 3571 ις’
418 3536 601 3579 βασιλείας
621 3534 877 3571 Ἰουστινιανοῦ
897 3536 941 3571 τὸ
968 3542 1065 3579 (corr.
1082 3535 1267 3581 βασιλείας

201 3580 440 3613 [ουστινιανοῦ
466 3580 508 3613 τὸ
535 3581 592 3622 ις’)
623 3582 715 3625 μετὰ
746 3582 813 3625 τὴν
836 3579 1016 3617 ὑπατείαν
1039 3584 1131 3625 (add.
1155 3585 1265 3615 Βασι-

193 3619 298 3664 λείου)
313 3624 384 3656 ΑνΙι,
412 3624 627 3668 ἐξεφωνὴθη
650 3629 736 3669 μηνὶ
759 3626 856 3670 μαΐῳ
879 3628 952 3660 ἔτει
976 3626 997 3670 ή
1021 3625 1076 3669 (ις’
1098 3640 1180 3661 corr.
1198 3627 1267 3660 Ζα-

1339 3224 1472 3256 novellis
1500 3223 1641 3257 CLXII
1661 3230 1690 3256 et
1717 3222 1844 3264 CLVI,
1867 3223 1926 3255 sed
1949 3224 1991 3264 cf.
2018 3222 2145 3255 Cuiacii
2164 3233 2288 3264 expos.;
2314 3233 2420 3254 verum

1338 3269 1482 3301 ordinem
1508 3270 1601 3301 trium
1625 3268 1878 3301 constitutionum
1901 3269 2043 3300 servavit
2065 3266 2141 3299 Atb.
2167 3267 2218 3304 18,
2236 3266 2328 3307 4-6)
2347 3265 2358 3308 ΙΙ
2377 3267 2419 3299 20

1336 3315 1423 3345 rubr.
1453 3309 1548 3345 Πότε
1573 3308 1592 3344 ὁ
1618 3310 1667 3355 μὴ
1693 3308 1882 3345 ἀδιτεύσας
1897 3308 2115 3355 κληρονόμος
2137 3309 2180 3344 τὸ
2199 3307 2339 3343 δίκαιον
2359 3309 2419 3351 τῆς

1337 3352 1517 3390 οἷδιτίονος
1550 3353 1703 3390 δύναται
1734 3358 1807 3390 τοῖς
1827 3354 1929 3389 ἰδίοις
1951 3357 2208 3401 παραπέμπειν
2241 3351 2418 3396 διαδόχοις

1335 3403 1410 3435 Am.
1429 3403 1523 3446 (περὶ
1540 3399 1777 3448 κληρονόμων
1794 3398 2016 3445 διασκέψεως
2030 3402 2091 3441 Rs)
2110 3400 2122 3444 ΙΙ
2141 3397 2416 3442 διαπέμπεσθαι

1336 3447 1372 3480 Β
1396 3448 1462 3479 ind.
1494 3448 1589 3481 C'oisl.
1620 3447 1632 3490 ss
1662 3448 1701 3480 21
1728 3447 1788 3479 καὶ
1812 3446 1873 3480 ἐπὶ
1897 3447 1993 3491 (περὶ
2019 3446 2140 3479 ΤΙιεοοί.
2159 3457 2189 3476 υ.
2209 3446 2241 3485 l.)
2266 3441 2414 3484 ἀνήβων

1335 3488 1480 3525 παίδων
1498 3493 1632 3533 ΤΙιεοιί.,
1649 3493 1715 3525 ind.
1736 3491 1831 3524 C'oisl.
1850 3490 1862 3534 ΙΙ
1881 3492 1922 3524 22
1949 3493 2044 3525 inser.
2063 3489 2101 3523 Ὁ
2125 3487 2231 3522 αὐτὸς
2249 3483 2415 3539 βασιλεύς

1333 3537 1420 3576 Ath.‚
1450 3549 1508 3568 om.
1534 3537 1607 3570 ML
1637 3536 1649 3579 ΙΙ
1677 3537 1719 3570 23
1754 3531 1971 3580 ἀνεγνώσθη
1996 3537 2041 3568 Μ
2059 3535 2132 3568 Ath.
2161 3532 2294 3570 Theod]
2328 3543 2413 3573 ανη-

1332 3580 1447 3623 νέχθη
1467 3581 1498 3614 L
1514 3580 1525 3623 ΙΙ
1544 3578 1677 3614 θέκλας
1694 3581 1752 3620 Μ]
1774 3578 1905 3622 θέκλης
1922 3580 1953 3613 L
1971 3581 2044 3613 Ath.
2061 3579 2074 3622 ss
2090 3576 2225 3621 μανοῦς
2240 3575 2298 3615 M]
2322 3587 2414 3616 μαν-

1331 3625 1413 3659 νοῦς
1437 3626 1469 3658 L
1501 3625 1658 3668 μάννους
1686 3623 1816 3669 (μάνου
1839 3625 1945 3658 Anon.
1972 3624 2088 3665 Bodl.)
2115 3621 2189 3654 Ath.
2213 3619 2226 3663 ΙΙ
2254 3620 2297 3653 24
2318 3618 2399 3652 ἑκκέ

195 3667 338 3708 phariae)
367 3668 548 3709 βασιλείας
576 3667 829 3704 ’Ῑουστινιανοῦ
865 3673 985 3705 Theod.
1025 3673 1091 3704 dat.
1124 3674 1157 3706 k.
1188 3672 1263 3705 mai.
1298 3681 1302 3699 ³
1333 3667 1418 3704 δεκά
1441 3682 1481 3703 τε
1499 3671 1543 3703 Μ

2447 989 2487 1022 15

2445 1347 2488 1380 20
