2618 4010
179 146 382 181 PROPTER
409 144 602 180 NUPTIAS
630 145 901 179 DONATIONIS

180 245 267 282 δεκα
290 246 416 293 λαβεῖν
438 246 502 281 τὰς
525 245 751 291 λειπομένας,
787 245 836 281 ὠς
859 243 1084 282 σπεύσαντος
1105 246 1168 280 τοῦ
1191 258 1259 281 πα-

181 293 263 349 τρὸς
286 290 454 336 ἀδικῆσαι
475 291 545 336 τὴν
568 292 765 338 θυγατέρα.
812 295 852 327 τί
870 292 940 339 γὰρ
965 290 1012 326 ἂν
1037 291 1202 337 ἑπραξεν,
1227 292 1259 325 εἰ

180 352 230 382 μη
262 341 392 382 συνέβη
425 335 599 382 δευτέροις
637 334 752 380 αὐτὴν
788 335 959 382 ὁμιλῆσαι
989 334 1131 384 γάμοις,
1168 333 1259 371 ἀλλὰ

180 386 302 427 μεῖναι
323 382 391 417 τὸν
413 379 523 416 αὐτοῦ
547 382 716 429 γαμβρὸν
740 382 915 429 περιόντα
922 397 936 425 ,·
965 381 987 427 ἢ
1010 384 1087 419 πῶς
1111 381 1261 427 ἤμελλεν

182 428 355 463 ἐλαττοῦν
378 426 446 471 τὴν
469 431 601 472 προῖκα
623 429 693 471 τὴν
716 426 782 471 ἤδη
807 425 898 473 παρ’
917 426 1029 463 αὐτοῦ
1055 425 1260 472 δεδομένην,

181 471 205 517 ἢ
235 473 279 508 τὸ
308 470 404 507 ἴδιον
436 469 545 516 αὐτῆς
573 471 693 519 κέρδος
717 473 943 508 οἰκειοῦσθαι
974 477 1033 507 καὶ
1061 474 1108 508 εἰς
1131 476 1262 519 προῖκα

180 519 246 553 τοῦ
282 516 445 564 δευτέρου
481 515 612 564 ἀνδρὸς
647 516 749 565 ἄγειν
757 533 770 560 ,·
804 522 921 553 καίτοι
957 516 1040 553 δέον
1076 515 1187 562 αὐτὴν
1223 519 1262 552 ἐν

179 566 424 611 παραφέρνοις
454 565 571 598 ταῦτα
601 565 705 607 ἔχειν,
737 567 797 598 καὶ
826 565 913 599 ἴσως
940 561 1000 598 διὰ
1024 561 1163 607 ταύτην
1193 562 1262 607 τὴν

181 610 303 644 αἰτίαν
332 607 570 655 εὐπορωτέρᾳ)
603 612 780 644 συνοικεῖν
803 606 926 654 ἀνδρί,
958 606 998 643 οὗ
1021 606 1138 652 μόνον
1160 607 1261 653 τριά-

1240 130 1326 177 475

1983 131 2092 174 Nov.
2122 129 2280 174 XCVII
2309 131 2347 173 5.
2378 131 2403 172 6

1327 244 1451 280 decem
1480 244 1665 291 percipere
1688 243 1854 289 reliquas,
1887 244 2068 289 tamquam
2100 240 2279 278 studuerit
2302 242 2406 287 pater

1326 289 1468 325 laedere
1491 290 1611 325 filiam.
1660 289 1752 334 Quid
1777 288 1869 324 enim
1893 292 2023 334 egerat,
2047 289 2078 324 si
2101 298 2174 323 non
2198 286 2408 331 contigisset

1328 336 1494 372 secundis
1526 346 1605 371 eam
1636 335 1770 380 nuptiis
1795 334 1969 379 copulari,
2004 335 2067 370 sed
2091 343 2233 368 manere
2256 332 2407 368 eundem

1329 392 1498 425 generum
1522 381 1663 416 vivum?
1691 382 1756 416 aut
1780 380 1955 425 quomodo
1979 379 2122 415 futurus
2146 381 2224 420 erat
2247 378 2407 413 minuere

1298 430 1316 462 5
1331 427 1448 461 dotem
1472 427 1543 462 iam
1566 437 1588 462 a
1612 436 1650 462 se
1674 425 1812 468 datam,
1844 427 1908 460 aut
1930 425 2115 470 proprium
2145 424 2239 459 illius
2269 424 2407 458 lucrum

1331 482 1434 507 suum
1452 472 1572 507 facere
1593 473 1629 507 et
1652 471 1688 507 in
1703 472 1821 507 dotem
1841 470 1988 506 secundi
2010 470 2074 505 viri
2095 469 2294 505 deducere?
2326 479 2406 504 cum

1331 517 1452 562 utique
1475 521 1658 562 oporteret
1682 527 1760 552 eam
1783 516 1819 551 in
1837 515 2072 561 paraphernis
2097 515 2186 549 haec
2203 514 2346 557 habere,
2372 515 2408 548 et

1329 562 1453 598 forsan
1475 566 1624 616 propter
1647 562 1741 597 hanc
1761 571 1904 597 causam
1929 560 2050 596 ditiori
2071 560 2206 595 nubere
2227 559 2311 603 viro,
2335 568 2408 594 non

1330 608 1445 643 solum
1477 607 1625 651 triginta
1653 608 1824 642 librarum
1855 606 2034 642 dominam
2062 605 2214 646 factam,
2246 606 2282 639 et
2304 604 2406 649 quin-

180 667 292 688 κοντα
316 653 450 700 λιτρῶν
470 659 597 700 κυρίαν
616 657 820 707 γινομένην,
845 668 923 689 των
942 667 983 688 τε
1005 655 1262 689 πεντεκαίδεκα
1276 656 1317 688 10
1330 653 1444 687 decim
1467 652 1721 696 antenuptialis
1745 651 1946 687 donationis
1974 653 2010 685 et
2034 650 2234 695 quindecim
2259 659 2281 684 a
2304 652 2408 700 patlje

179 700 242 743 τῆς
264 704 505 747 προγαμιαίας
534 698 671 743 δωρεας
700 703 760 733 καὶ
791 701 869 734 τῶν
897 697 1153 734 πεντεκαίδεκα
1184 699 1262 733 τῶν

180 745 280 790 παρὰ
303 746 367 780 τοῦ
392 745 527 790 πατρὸς
551 743 829 789 ἐπιδεδομένων,
854 742 944 779 ἀλλὰ
969 747 1077 780 πέντε
1100 747 1160 778 καὶ
1182 755 1261 778 τεσ-

180 789 404 836 σαράκοντα,
434 792 499 825 τοῦ
523 793 590 836 μὲν
620 792 659 825 έν
683 794 925 838 παραφέρνοις
957 786 1046 836 αὐτῇ
1071 789 1261 823 καθεστῶ-

180 847 241 870 τος
263 837 328 870 τοῦ
353 836 454 883 παρὰ
478 838 542 879 τῆς
559 833 665 879 τύχης
689 833 779 879 αὐτῆ
804 833 996 871 δεδομένου
1019 832 1170 880 κέρδους,
1196 834 1261 868 τοῦ

651 880 659 891 t

1329 697 1477 741 oblatis,
1509 702 1545 733 et
1577 708 1650 732 non
1674 696 1910 742 quadraginta
1940 700 1976 730 et
1999 697 2170 740 quinque,
2203 696 2304 730 lucro
2330 704 2406 739 qm-

1330 743 1407 778 dem
1430 743 1467 777 in
1490 742 1724 788 paraphernis
1755 742 1788 776 ei
1813 741 2007 777 constituto
2040 750 2062 775 a
2085 740 2232 776 fortuna
2255 740 2288 775 ei
2312 739 2407 781 dato,

1330 787 1425 832 quod
1456 790 1577 823 autem
1610 797 1653 822 ex
1683 787 1848 831 largitate
1877 789 2028 830 paterna
2059 785 2218 821 oblatum
2247 788 2302 820 est
2331 794 2407 819 ma·

1329 836 1437 868 nente
1467 833 1616 877 integro.
1665 832 1764 867 Haec
1795 834 1913 867 autem
1945 830 2134 873 sancimus,
2167 830 2198 866 si
2229 831 2265 865 et
2296 829 2407 874 patris

182 878 222 936 δὲ
244 883 281 915 ἐκ
305 880 509 935 φιλοτιμίας
532 893 704 927 πατρῳας
728 872 979 925 ἐπιδεδομένου
1002 883 1062 914 καὶ
1092 882 1262 934 μένοντος
1277 882 1317 913 15
1330 878 1535 913 substantia
1558 877 1729 912 manserit
1752 877 1789 912 in
1813 877 1893 921 ipsa
1914 876 2030 920 figura
2053 877 2089 911 in
2114 886 2184 921 qua
2206 875 2304 920 prius
2327 874 2406 909 fuit.

182 931 356 972 ακεραίου.
403 940 522 961 ταυτα
553 924 593 961 δὲ
614 926 897 971 νομοθετοῦμεν,
927 926 1027 970 εἴπερ
1058 928 1118 959 καὶ
1149 938 1170 968 η
1197 925 1260 959 τοῦ

182 973 319 1018 πατρὸς
343 975 530 1020 περιουσία
552 976 684 1016 μείνειε
707 973 768 1006 ἐπὶ
787 973 852 1005 τοῦ
869 968 977 1005 αὐτοῦ
998 970 1176 1015 σχήματος
1197 967 1258 1015 ἐφ’

182 1018 292 1063 οὗπερ
311 1015 489 1064 πρότερον
504 1012 560 1061 ἦν.
597 1018 628 1051 εἰ
642 1017 712 1063 γὰρ
723 1015 858 1062 τυχηρά
874 1028 927 1050 τις
940 1020 1148 1063 περίστασις
1160 1013 1261 1048 ἐλατ-

181 1063 333 1098 τώσειεν
366 1060 464 1106 αὐτῷ
490 1062 556 1106 τὴν
580 1059 717 1103 οὐσίαν,
747 1059 836 1096 ὥςτε
857 1059 949 1106 μηδὲ
974 1060 1181 1106 βουλομένῳ
1205 1073 1261 1107 γε·

1330 923 1392 958 Sin
1414 925 1532 958 autem
1555 923 1705 958 fortuita
1729 923 1904 967 quaedam
1931 922 2050 957 clades
2074 920 2242 956 minuerit
2267 920 2299 955 ei
2322 920 2406 955 sub-

1329 969 1509 1013 stantiam,
1534 970 1575 1003 ut
1598 978 1713 1013 neque
1731 968 1863 1003 volenti
1887 967 1934 1003 sit
1957 967 2128 1012 possibile
2151 976 2287 1011 aequae
2309 975 2406 1000 men-

1330 1024 1435 1049 surae
1466 1024 1571 1059 quam
1600 1014 1700 1059 prius
1733 1013 1819 1048 dare
1850 1023 1974 1048 rursus
2006 1012 2143 1054 dotem,
2178 1016 2214 1047 et
2236 1012 2409 1065 probetur

1330 1063 1454 1104 aperte
1487 1059 1638 1094 fortuita
1674 1058 1859 1094 diminutio
1896 1058 2119 1094 substantiae
2154 1060 2285 1103 patus,
2321 1060 2408 1091 tunc

182 1109 316 1143 νέσθαι
340 1106 499 1143 δυνατὸν
530 1107 722 1153 ἰσόμετρον
746 1108 788 1153 τῇ
801 1110 972 1162 Νπροτέρᾳ
997 1105 1124 1141 δοῦναι
1147 1105 1261 1140 πάλιν
1275 1107 1317 1140 20
1329 1115 1401 1140 non
1430 1105 1584 1150 amplius
1618 1105 1696 1148 cogi
1726 1106 1865 1149 patrem
1896 1104 1980 1139 dare
2010 1103 2167 1139 secundo
2196 1102 2306 1137 filiam
2327 1101 2408 1137 iun-

182 1157 323 1199 προῖκα,
348 1157 407 1187 καὶ
424 1151 696 1187 ἇποδεικνύοιτο
713 1164 836 1197 σαφως
854 1166 900 1186 τα
916 1154 979 1196 τῆς
994 1153 1144 1196 τυχηρᾶς
1160 1149 1261 1185 ἐλατ-

182 1199 326 1234 τώσεως
348 1200 410 1243 τῆς
433 1195 554 1232 οὐσίας
575 1199 640 1232 τοῦ
665 1196 817 1241 πατρός,
842 1198 1040 1241 τηνικαῦτα
1063 1197 1112 1241 μὴ
1137 1195 1262 1232 πλεῖον

183 1242 458 1290 ἀναγκάζεσθαι
481 1243 548 1278 τὸν
569 1245 709 1288 πατέρα
732 1241 877 1277 διδόναι
909 1240 962 1277 δὶς
983 1243 1052 1286 τὴν
1075 1243 1260 1289 θυγατέρα

184 1289 394 1336 ζευγνύντα,
426 1289 458 1322 εἰ
480 1288 528 1333 μὴ
559 1285 652 1322 καθ’
678 1284 769 1322 ὅσον
791 1285 812 1331 ἡ
836 1289 898 1332 τῆς
921 1292 1126 1333 περιουσίας
1151 1284 1259 1321 αὐτοῦ

183 1332 336 1370 δύναται
360 1332 524 1379 δύναμις·
563 1331 654 1368 ἀλλὰ
685 1333 727 1367 τὸ
760 1335 827 1378 μὲν
853 1331 974 1379 κέρδος
1004 1335 1065 1377 τῆς
1088 1345 1116 1368 π

183 1384 422 1435 προγαμιαίας
447 1378 582 1424 δωρεᾶς
602 1381 695 1422 ἔχειν
713 1378 892 1433 ἀκέραιον,
913 1377 1096 1422 τοσαύτην
1116 1346 1156 1413 δὲ
1173 1377 1260 1422 λαμ-

1328 1154 1469 1195 gentem
1499 1150 1568 1185 nisi
1599 1150 1635 1184 iu
1659 1154 1830 1195 quantum
1861 1149 2083 1185 substantiae
2105 1148 2218 1183 virtus
2242 1152 2312 1192 est;
2346 1146 2409 1182 sed

1329 1197 1469 1231 lucrum
1499 1195 1642 1240 quidem
1674 1195 1803 1240 prioris
1836 1194 2091 1239 antenuptialis
2119 1193 2321 1229 donationis
2343 1192 2408 1227 ha-

1331 1242 1414 1277 bere
1443 1241 1636 1285 integrum,
1672 1244 1812 1275 tantum
1845 1250 1928 1276 vero
1963 1240 2147 1285 percipere
2181 1249 2204 1274 a
2232 1242 2335 1284 patre
2370 1238 2409 1273 in

1330 1287 1488 1322 secundo
1510 1286 1633 1322 ordine
1654 1286 1771 1321 dotem
1789 1289 1961 1329 quantum
1978 1285 2200 1321 substantiae
2217 1285 2292 1320 eius
2310 1293 2408 1318 men·

1139 1335 1261 1379 οτέρας
1274 1334 1317 1367 25
1329 1342 1415 1368 sura
1446 1332 1654 1377 susceperit.
1700 1331 1823 1366 Palam
1854 1331 1948 1366 enim
1975 1334 2030 1366 est
2061 1330 2144 1375 quia
2168 1331 2237 1365 hoc
2268 1330 2409 1364 lucrum

1330 1378 1439 1422 (quod
1469 1388 1514 1413 ex
1542 1377 1779 1422 antenuptiali
1802 1377 1953 1412 dicimus
1984 1376 2191 1418 donatione,
2224 1375 2326 1410 cuius
2350 1385 2410 1409 so-

181 1425 310 1470 βάνειν
325 1438 425 1470 παρα
441 1438 505 1459 του
529 1424 667 1468 πατρὸς
690 1438 782 1458 κατα
806 1422 976 1470 δευτέραν
1000 1424 1106 1465 τάξιν
1130 1426 1262 1469 προῖκα
1328 1424 1403 1459 lum
1434 1423 1466 1459 ei
1496 1434 1602 1459 usum
1634 1423 1773 1465 damus)
1807 1433 1851 1458 ex
1883 1422 1978 1458 omni
2009 1421 2223 1457 necessitate
2253 1420 2409 1455 moriens

182 1467 325 1513 ὁπόσην
354 1467 400 1504 ἂν
428 1470 470 1504 τὸ
502 1471 565 1514 τῆς
593 1467 715 1504 οὐσίας
739 1466 850 1503 αὐτοῦ
874 1473 1005 1515 μέτρον
1029 1468 1259 1517 ὑπογράψειε.
1329 1469 1494 1504 restituet
1524 1469 1620 1503 filiae
1650 1468 1879 1513 proprietatis
1915 1467 2170 1512 antenuptialis
2206 1465 2408 1502 donationis

181 1513 366 1563 πρόδηλον
388 1515 455 1562 γὰρ
480 1513 527 1549 αἱς
549 1517 658 1550 τοῦτο
671 1515 724 1558 *τὸ
749 1512 870 1560 κέρδος
892 1515 948 1557 (τὸ
974 1517 1012 1548 ἐκ
1043 1516 1105 1558 τῆς
1128 1527 1262 1561 προγα-
1330 1514 1495 1551 dominae
1518 1514 1682 1550 omnibus
1705 1514 1819 1550 modis
1843 1514 1972 1549 factae.

180 1565 303 1605 μιαίας
324 1558 461 1607 δωρεᾶς
487 1574 617 1607 φαμεν,
645 1560 757 1606 οὗπερ
779 1558 895 1605 μόνην
921 1558 1019 1604 αὐτῷ
1043 1560 1112 1604 τὴν
1135 1561 1263 1606 χρῆσιν
1276 1563 1317 1595 30

182 1604 342 1686 δίδομενέ
367 1608 406 1640 ἐκ
429 1603 546 1650 πάσης
575 1603 728 1653 ἀνάγκης
758 1605 937 1640 τελευτῶν
969 1602 1264 1649 ἀποκαταστήσει

181 1653 224 1699 τῇ
249 1665 316 1687 παι
342 1655 354 1685 i
376 1652 421 1698 τῇ
445 1654 506 1684 καὶ
527 1652 588 1694 τῆς
612 1649 821 1686 δεσποτείας
843 1652 906 1694 τῆς
929 1654 1171 1697 προγαμιαίας
1194 1648 1263 1685 δω-

181 1698 259 1742 ρεᾶς
282 1701 386 1743 κυρίᾳ
409 1697 499 1731 πᾶσι
522 1697 671 1741 τρόποις
693 1699 873 1743 γινομένῃ.

1174 1786 1330 1822 CAPUT
1353 1786 1415 1823 VI.

226 1852 382 1889 Κάκεῖνο
408 1852 448 1888 δὲ
470 1854 718 1899 νομοθετῆσαι
741 1856 819 1889 τῶν
839 1852 1136 1900 ἀναγκαιοτάτων
1160 1851 1262 1902 ἦγού-
1382 1853 1477 1889 Illud
1501 1864 1642 1899 quoque
1666 1853 1805 1889 sancire
1824 1853 2065 1889 necessarium
2089 1853 2351 1889 aestimavimus
2373 1853 2411 1888 in

181 1901 282 1945 μεθα
300 1901 339 1934 ἐν
356 1898 499 1935 πολλοῖς
522 1903 582 1933 καὶ
602 1899 805 1944 ἀμυθήτοις
825 1899 1010 1947 πράγμασι
1033 1899 1261 1945 ζητούμενον.
1277 1903 1318 1935 35
1333 1899 1493 1945 plurimis
1513 1899 1676 1935 videficet
1697 1903 1732 1935 et
1754 1899 1949 1935 innumeris
1968 1899 2077 1935 rebus
2093 1900 2303 1944 quaesitum.
2338 1899 2409 1935 Ob-

317 2006 345 2026 v.
360 1993 399 2026 31
417 2005 464 2035 sq.
487 1999 704 2035 aryumentum
729 2005 768 2025 ex
790 1992 865 2025 Ath-
892 1994 1005 2035 repetit
1030 1992 1156 2025 libellus
1179 1994 1262 2036 περὶ
1286 1988 1477 2044 διαφόραζν
1500 1987 1783 2037 ἇναγνωσμάων
1808 1991 1829 2034 ξ
1848 1993 1886 2025 15
1907 2005 1943 2035 p.
1959 1993 2024 2025 196
2050 1991 2177 2025 Heimb.

250 2050 277 2071 c.
298 2039 350 2072 VI
368 2038 389 2080 (.
404 2062 412 2070 .
427 2063 435 2069 .
451 2063 457 2069 .
471 2039 548 2078 477,
562 2046 576 2072 7
600 2038 660 2070 καὶ
683 2036 751 2079 τὴν
774 2034 1041 2080 ἐπιβάλλουσαν
1065 2034 1154 2082 αὐτῇ
1177 2039 1308 2081 μοῖραν
1337 2038 1376 2070 ἐκ
1401 2049 1480 2070 των
1506 2037 1693 2081 πατρῴων
1714 2034 1930 2081 λαμβάνειν)
1957 2050 1995 2070 ex
2014 2037 2051 2070 B
2072 2037 2168 2070 habet
2189 2037 2238 2070 B⁸
2253 2038 2291 2069 K
2304 2038 2358 2078 14,
2373 2044 2409 2071 69

179 2096 215 2127 p.
228 2084 296 2117 414
319 2083 422 2116 Zach.
447 2101 491 2107 —·
514 2083 591 2115 Ath.
615 2094 767 2115 summam
793 2084 893 2116 citant
913 2083 1077 2126 paratitla
1100 2083 1176 2115 Atk.
1195 2084 1287 2123 9,1o.

183 2182 344 2227 reliquas
367 2181 568 2227 quindecim
592 2181 768 2227 accipere,
801 2185 983 2232 tamquam
1006 2187 1118 2228 pater
1146 2181 1262 2227 filiam
1294 2180 1425 2215 damno
1457 2181 1610 2225 afficere
1632 2180 1820 2216 studuerit.
1868 2180 1965 2224 Quid
1986 2181 2079 2217 enim
2103 2182 2253 2227 egisset,
2284 2182 2319 2218 si
2339 2192 2421 2218 non

185 2227 393 2273 contiqisset
415 2237 493 2262 eam
517 2226 567 2261 ad
588 2226 765 2262 secundas
785 2232 935 2273 nuptias
958 2227 1095 2268 venire,
1127 2226 1192 2261 sed
1214 2236 1385 2272 qenerum
1416 2225 1493 2260 eius
1515 2226 1744 2271 superstitem
1767 2227 1935 2262 manere?
1970 2227 2027 2262 vel
2048 2226 2230 2272 quomodo
2259 2226 2412 2262 diminu-

186 2276 289 2307 turus
312 2275 391 2307 erat
414 2271 531 2307 dotem
555 2283 578 2306 a
601 2282 640 2306 se
662 2271 735 2306 iam
758 2271 898 2314 datam,
924 2271 980 2307 vel
994 2271 1192 2317 proprium
1212 2270 1311 2306 illius
1335 2270 1473 2305 luorum
1497 2270 1565 2305 sibi
1589 2271 1837 2306 vindicaturus
1860 2275 1896 2307 et
1919 2272 1956 2306 in
1978 2271 2096 2307 dotem
2119 2271 2269 2307 secundi
2290 2272 2413 2308 mariti

186 2317 363 2352 daturus?
399 2327 479 2352 eum
502 2316 626 2362 utique
649 2315 749 2351 illam
772 2317 811 2351 in
832 2315 1077 2363 paraphernis
1100 2315 1189 2351 lzaee
1212 2315 1343 2351 habere
1366 2318 1542 2361 oporteat,
1576 2325 1620 2350 ao
1640 2316 1803 2360 fortasse
1828 2316 1871 2351 ob
1897 2315 1991 2352 lianc
2013 2327 2160 2352 eausam
2185 2317 2312 2352 ditiori
2334 2317 2412 2353 viro

186 2362 330 2404 nubere,
354 2373 448 2408 quae
471 2372 546 2397 non
568 2361 685 2396 solum
712 2361 861 2407 triqinta
886 2361 1059 2396 librarum
1083 2361 1229 2396 domina
1251 2361 1357 2405 faeta
1380 2361 1437 2402 sit,
1468 2364 1540 2395 tam
1564 2360 1766 2405 quindecim
1790 2361 2000 2396 donationis
2024 2365 2107 2397 ante
2131 2362 2280 2408 nuptias
2302 2373 2412 2408 quam

186 2407 388 2454 quindecim
411 2418 435 2442 a
456 2410 563 2454 patre
586 2406 773 2450 datarum,
796 2406 860 2441 sed
908 2406 1130 2452 uadraqinta
1153 2406 1323 2452 quinque,
1355 2416 1435 2440 eum
1452 2416 1549 2452 pars
1570 2406 1609 2439 in
1628 2405 1877 2452 paraphernis
1899 2406 1933 2441 ei
1956 2410 2095 2442 constet
2117 2406 2258 2442 lucrum
2282 2419 2306 2442 a
2327 2407 2410 2452 for-

188 2459 275 2489 tuna
297 2453 373 2499 ipsi
393 2452 535 2494 datum,
564 2462 655 2498 pars
685 2462 735 2487 eae
765 2451 877 2487 libera
892 2451 981 2486 itate
1002 2457 1164 2497 paterna
1195 2450 1332 2486 donata
1354 2450 1403 2486 sit
1431 2455 1468 2485 et
1497 2450 1642 2495 inteqra
1671 2455 1824 2486 maneat.
1874 2450 1976 2487 Haeo
1999 2455 2118 2486 autem
2141 2452 2333 2495 sancimus,
2362 2453 2411 2488 si-

211 2497 330 2533 uidem
354 2498 461 2533 etiam
476 2497 598 2543 patris
621 2496 823 2532 substantia
855 2497 892 2531 in
917 2496 1041 2532 eodem
1070 2500 1167 2531 statu
1198 2496 1371 2531 manserit
1400 2495 1438 2530 in
1471 2506 1542 2541 quo
1567 2499 1674 2531 antea
1697 2500 1787 2531 erat.
1836 2496 1931 2531 Nam
1953 2497 1986 2531 si
2009 2498 2072 2542 qui
2095 2507 2201 2532 casus
2230 2497 2413 2542 fortuitus

187 2509 282 2579 Zona
304 2543 338 2578 ei
360 2543 577 2584 diminuerit,
601 2546 641 2577 ut
657 2552 703 2577 ne
725 2542 759 2577 si
780 2542 865 2578 velit
887 2541 1027 2587 quidem
1053 2541 1170 2576 dotem
1185 2541 1307 2587 priori
1331 2540 1516 2587 aequalem
1544 2541 1672 2576 iterum
1696 2540 1786 2577 dare
1800 2542 1932 2587 possit,
1957 2552 2001 2577 ae
2020 2542 2217 2588 manifesto
2232 2542 2413 2590 probetur

184 2588 346 2633 fortuita
377 2587 567 2639 diminutio
600 2587 775 2623 bonorum
799 2588 922 2638 patris
944 2588 1067 2638 faeta,
1101 2589 1173 2621 tum
1197 2586 1287 2632 plus
1317 2585 1406 2621 dare
1436 2597 1481 2621 ne
1505 2589 1661 2632 coyatur
1682 2590 1798 2632 pater
1825 2586 1940 2631 filiam
1969 2587 2128 2623 secunda
2159 2598 2235 2623 vice
2265 2588 2412 2635 copula-

189 2639 302 2674 turus,
337 2633 408 2668 nisi
435 2643 474 2667 tn
506 2637 680 2678 quantum
713 2631 936 2667 substantiae
971 2642 1048 2668 eius
1076 2632 1170 2667 vires
1200 2631 1340 2672 valent,·
1373 2630 1438 2666 sed
1468 2632 1608 2666 lucrum
1638 2630 1703 2666 illa
1737 2631 1879 2677 quidem
1915 2632 2054 2678 prioris
2086 2632 2294 2669 donationis
2329 2638 2413 2669 ante

186 2679 335 2725 nuptias
357 2678 537 2729 inteqrum
563 2677 709 2720 habeat,
743 2681 879 2713 tantam
911 2682 1029 2712 autem
1061 2688 1084 2711 a
1106 2681 1219 2756 {atre
1247 2676 1374 2715 dotem¹
1394 2676 1554 2711 secunda
1584 2676 1659 2712 vice
1682 2677 1841 2723 accipiat
1873 2682 2046 2722 quantam
2068 2679 2292 2714 substantiae
2314 2678 2413 2714 illius

187 2724 315 2759 modus
337 2723 590 2769 desiqnaverit.
638 2722 875 2767 Manifestum
906 2722 1000 2757 enim
1029 2725 1082 2758 est

1137 2732 1180 2757 oe
1210 2721 1347 2756 lucrum
1377 2721 1526 2764 (seilicet
1554 2732 1604 2756 ex
1632 2721 1830 2757 donatione
1861 2726 1945 2758 ante
1968 2723 2132 2769 nuptias,
2165 2724 2268 2759 euius
2295 2723 2412 2759 solum

187 2780 291 2804 usum
336 2773 490 2820 ructum·
504 2768 608 2815 patri
637 2767 775 2811 damus)
806 2768 1016 2819 morientem
1039 2778 1118 2803 eum
1142 2778 1192 2806 ex
1215 2766 1311 2818 omni
1334 2766 1546 2802 necessitate
1572 2766 1673 2811 filiae
1695 2767 1964 2811 restituturum,
2000 2779 2094 2815 quae
2116 2769 2223 2804 etiam
2240 2770 2412 2816 proprie-

189 2814 275 2850 tatis
324 2818 509 2850 onattonts
532 2817 616 2849 ante
638 2813 788 2860 nuptias
810 2812 958 2848 domma
983 2812 1147 2848 omnibus
1169 2811 1286 2847 modis
1306 2811 1413 2857 faeta
1436 2815 1500 2846 est.

300 2860 362 2896 VI.
398 2857 499 2894 Illud
512 2869 658 2904 quoque
671 2858 815 2894 sancire
835 2858 993 2893 maxime
1013 2858 1253 2893 necessarium
1276 2856 1534 2898 eaeistimamus‚
1559 2856 1659 2902 quod
1680 2857 1719 2891 in
1738 2856 1860 2892 multis
1875 2860 1983 2903 atque
1999 2856 2152 2902 infinitis
2174 2857 2281 2893 rebus
2304 2869 2412 2905 quae-

247 2964 264 2996 1
290 2959 345 2994 [156
368 2959 568 2996 πεύσαντος
592 2961 636 2994 Μ
648 2960 659 3003 11
677 2963 698 2994 4
721 2958 786 2993 τὸν
810 2955 931 2999 αὑτοῦ]
957 2959 1096 2992 eundem
1113 2959 1148 3001 (i.
1164 2971 1188 2992 e.
1201 2957 1268 2992 τὸν

191 3003 315 3049 αὐτὸν)
348 3018 367 3042 ς
393 3005 406 3050 11
437 3009 455 3039 7
489 3003 583 3047 δέον]
621 3003 660 3038 δὲ
682 3005 729 3038 L¹
771 3001 826 3037 δεῖ
848 3004 896 3038 L²
923 3004 936 3047 11
965 3006 984 3038 8
1015 3006 1267 3049 παραφέρνοις]

191 3051 421 3096 ἐξωπροίκοις
444 3052 481 3084 Β
505 3052 600 3092 (idem
626 3052 680 3093 13)
710 3049 722 3094 11
752 3052 793 3084 10
816 3051 1020 3095 γινομένων
1044 3050 1091 3082 L¹
1126 3050 1268 3093 γενομέ-

190 3109 258 3140 νην
283 3098 318 3129 Β
348 3095 360 3140 11
386 3108 426 3129 τε
449 3097 519 3130 LB
528 3098 559 3137 ς]
584 3109 642 3128 om.
663 3096 711 3128 M
730 3095 742 3138 11
774 3096 815 3128 12
840 3091 931 3127 ἀλλὰ
962 3096 1071 3128 πέντε
1101 3097 1160 3127 καὶ
1189 3104 1268 3127 τεσ-

192 3139 399 3187 σάρακοντα
422 3142 521 3185 vulg]
558 3138 648 3173 ἀλλὰ
671 3136 801 3173 ML¹B
836 3136 927 3172 ἀλλὰ
956 3137 1009 3183 με’
1031 3139 1095 3172 τοῦ
1128 3135 1270 3183 κέρδους

192 3190 244 3230 (ex
261 3189 292 3228 ς)
318 3186 367 3220 L²
377 3199 403 3220 s.
417 3199 447 3219 v.
471 3188 552 3227 (sim.
576 3186 772 3219 Haloander
796 3187 909 3219 omisso
933 3198 963 3218 v.
987 3182 1127 3229 κέρδους
1151 3186 1204 3227 14)
1236 3187 1269 3216 et

192 3243 258 3265 non
292 3231 512 3274 quadraginta
544 3233 577 3264 et
607 3231 756 3272 quinque
788 3231 823 3272 (i.
846 3242 871 3264 e.
896 3227 984 3262 ἀλλὰ
1006 3230 1056 3273 μὴ
1080 3229 1133 3272 με’
1144 3229 1174 3271 Ῠ)
1205 3241 1225 3265 ς
1258 3228 1270 3273 11

196 3279 236 3313 13
256 3285 332 3320 post
354 3278 596 3321 παραφέρνοις
620 3289 668 3309 vv.
692 3275 809 3308 ταῦτα
832 3275 925 3316 ἔχειν
950 3295 992 3298 -
1018 3275 1138 3308 αἰτίαν
1163 3276 1195 3317 (8
1209 3276 1270 3318 sq.)

194 3335 300 3357 errore
324 3324 437 3365 repetit
460 3323 510 3354 La
539 3321 552 3365 11
584 3323 623 3355 15
648 3323 708 3354 καὶ
730 3322 899 3363 μένοντος
922 3320 1046 3361 MLB]
1075 3322 1136 3353 καὶ
1161 3333 1217 3354 om.
1241 3331 1270 3361 ς,

193 3369 457 3411 καταμένοντος
471 3368 666 3400 Haloander
680 3366 692 3410 11
714 3368 752 3400 17
779 3366 923 3406 *μείνοι
948 3366 1024 3399 libri
1038 3366 1050 3407 11
1071 3366 1112 3399 18
1136 3365 1166 3398 εἰ
1188 3363 1269 3411 γὰρ]

193 3415 245 3446 sin
267 3417 377 3446 autem
401 3424 420 3449 ς
447 3414 458 3453 11
494 3414 533 3446 19
559 3407 669 3445 αύτοῦ
695 3411 730 3444 Β
759 3410 771 3454 11
800 3412 842 3444 20
866 3410 927 3452 τῆς
957 3412 1133 3455 προτέρας
1162 3409 1271 3445 πάλιν

164 3492 166 3494 .
195 3456 319 3492 δοῦναι
344 3458 380 3491 Β
408 3458 420 3501 11
451 3459 492 3492 23
516 3454 584 3490 τὸν
607 3458 748 3501 πατέρα
771 3456 872 3496 ΕΒς]
898 3468 955 3488 om.
981 3456 1027 3489 M
1049 3454 1061 3500 11
1093 3457 1135 3489 24
1159 3451 1269 3489 αὐτοῦ

196 3499 1270 3588 astatrisagii-22⁰seizaressais

154 3616 156 3618 -
198 3606 255 3626 om.
281 3593 328 3627 Bl
351 3593 364 3637 11
392 3595 435 3628 30
456 3592 572 3636 μόνον
595 3592 642 3626 Bl
670 3591 682 3636 11
712 3592 754 3625 32
779 3587 895 3632 παιδὶ]
920 3590 1078 3635 θυγατρὶ
1102 3591 1153 3625 B!
1173 3591 1186 3636 11
1216 3589 1271 3625 δε-

198 3641 348 3672 σποτίας
372 3639 414 3672 Μ
427 3639 439 3683 11
457 3639 519 3682 τῆς
544 3651 602 3672 om.
618 3639 652 3671 B
1212 3668 1215 3670 .

1395 2959 1410 2991 1
1437 2956 1595 2998 reliquas]
1621 2959 1653 2989 et
1677 2957 1822 3000 reliquas
1845 2958 1895 2991 R²
1926 2972 1943 2989 e
1966 2959 2048 3001 (et?)
2072 2959 2234 3002 reliquam
2255 2961 2302 2994 V¹
2334 2961 2413 2994 reli-

1337 3012 1401 3044 qua
1423 3002 1471 3035 17³
1488 3002 1500 3045 11
1528 3003 1547 3035 2
1571 3005 1695 3043 egerat]
1719 3004 1777 3047 leq.
1803 3004 1938 3045 ageret?
1963 3004 1974 3047 11
1998 3006 2018 3038 6
2043 3006 2076 3037 et
2099 3018 2157 3038 om.
2180 3005 2236 3049 Vss
2260 3006 2414 3039 secundis

1337 3048 1387 3080 R¹
1404 3046 1416 3092 11
1434 3050 1452 3081 7
1475 3047 1511 3079 in
1534 3047 1720 3090 parafernis
1743 3049 1775 3081 R
1806 3048 2037 3091 imparefernis
2061 3050 2120 3093 711
2144 3050 2207 3083 hoo
2230 3051 2263 3083 R
2282 3049 2294 3095 11
2319 3052 2338 3085 8
2362 3051 2413 3084 di-

1338 3093 1455 3125 tiorem
1482 3093 1514 3125 T
1522 3092 1533 3112 ¹
1552 3091 1564 3136 11
1587 3094 1608 3127 9
1633 3093 1767 3126 domina
1789 3093 1877 3126 facta
1903 3095 1994 3136 libri,
2020 3107 2103 3128 corr.
2125 3096 2211 3139 vuly.
2228 3094 2240 3139 11
2268 3097 2338 3136 *et]
2364 3098 2414 3129 est

1338 3139 1407 3180 (om.
1422 3137 1485 3179 3¹)
1510 3138 1588 3171 libri
1602 3137 1614 3181 11
1642 3140 1679 3172 11
1707 3140 1740 3170 et
1764 3141 1844 3179 non]
1870 3139 1927 3172 sed
1946 3140 2032 3183 vulq.
2048 3139 2060 3182 11
2089 3141 2128 3174 11
2142 3153 2189 3183 sq.
2215 3140 2344 3173 lucrum
2370 3160 2414 3166 —

1338 3183 1558 3216 constitutum
1580 3202 1625 3207 —
1649 3183 1763 3215 datum
1787 3185 1878 3225 libri,
1901 3196 1982 3218 corr.
2006 3185 2100 3218 Beck
2129 3184 2142 3228 11
2169 3185 2314 3227 quidem]
2340 3186 2414 3228 qui-

1338 3229 1411 3261 dem
1435 3228 1564 3260 lucrum
1585 3227 1634 3261 V²
1657 3228 1669 3271 11
1701 3229 1741 3262 12
1765 3229 1949 3270 parafernis
1969 3229 2004 3262 V
2022 3228 2035 3273 11
2057 3240 2078 3262 a
2100 3229 2206 3271 R²V1
2243 3243 2301 3264 om.
2327 3231 2419 3264 R¹T

1337 3275 1423 3318 vuly.
1440 3274 1452 3316 11
1481 3275 1520 3307 15
1546 3273 1763 3306 substantiam
1785 3274 1831 3307 V¹
1851 3274 1863 3318 11
1882 3276 1922 3308 16
1946 3275 2144 3307 inminuerit
2168 3276 2295 3319 Tvulq.
2311 3277 2324 3318 11
2343 3276 2414 3309 eius

1346 3319 1468 3362 Vvaly.
1486 3319 1497 3361 11
1520 3320 1560 3352 18
1585 3329 1683 3360 quam
1708 3320 1755 3352 ed.
1766 3321 1832 3362 pr.]
1858 3329 1923 3361 qua
1947 3321 2032 3361 libri,
2054 3322 2138 3364 vuly.
2155 3319 2168 3364 11
2186 3321 2279 3353 daret
2302 3321 2415 3362 RVT,

1339 3377 1420 3397 corr.
1446 3364 1530 3407 vuly.
1550 3362 1563 3407 11
1578 3364 1761 3406 probentur
1776 3364 1826 3396 R¹
1842 3363 1854 3408 11
1876 3366 1916 3398 19
1940 3367 2052 3407 aperte
2077 3365 2182 3406 Beck]
2206 3376 2226 3398 a
2248 3368 2344 3408 parte
2365 3366 2416 3399 T¹

1338 3420 1357 3442 a
1380 3411 1474 3451 patre
1498 3408 1629 3442 RVT2
1640 3410 1726 3452 vulq.
1745 3409 1757 3453 11
1775 3409 1959 3443 deminutio
1982 3409 2089 3454 V¹Tn
2109 3411 2151 3443 22
2176 3411 2416 3455 antenuptialis

1339 3454 1527 3486 donationis
1556 3454 1677 3487 habere
1707 3454 1829 3497 prioris
1864 3455 1894 3488 T
1902 3455 1912 3475 ¹
1941 3454 1953 3498 11
1982 3456 2023 3488 23
2053 3457 2196 3497 tantum]
2232 3458 2342 3489 tamen
2366 3457 2415 3490 12²

1338 3502 1465 3532 tantam
1488 3499 1575 3543 vuly.
1603 3498 1616 3542 11
1653 3500 1694 3532 25
1727 3501 1774 3532 est
1805 3500 1893 3532 enim
1919 3501 1951 3533 T
1976 3499 1988 3544 11
2019 3501 2061 3534 26
2093 3501 2234 3534 dicimus
2264 3501 2416 3535 donatio-

1339 3555 1415 3577 nem
1447 3545 1480 3577 V
1508 3545 1686 3577 donatione
1711 3544 1851 3578 dicimus
1875 3546 1907 3578 T
1929 3544 1941 3588 11
1968 3546 2008 3579 27
2031 3556 2129 3579 usum
2152 3546 2184 3579 ei
2204 3546 2238 3580 V
2257 3546 2270 3591 11
2297 3548 2340 3582 28
2364 3558 2415 3580 re-

1338 3589 1482 3622 stituetis
1506 3589 1556 3622 R¹
1574 3589 1586 3634 11
1602 3589 1791 3623 donationis
1812 3598 1842 3624 et
1865 3592 1907 3624 29
1923 3591 2029 3623 modis
2053 3604 2112 3624 om.
2128 3591 2175 3624 Β*
2191 3591 2202 3633 11
2222 3593 2265 3627 29
2282 3592 2416 3625 domina

1339 3655 1381 3658 —
1406 3634 1493 3667 facta
1519 3635 1612 3676 libri,
1637 3647 1719 3668 corr.
1744 3637 1830 3679 vulq.
1848 3635 1861 3679 11
1887 3637 1930 3670 34
1943 3638 2029 3669 rubr.
2055 3636 2105 3668 De
2129 3635 2307 3670 collatione
2330 3637 2417 3670 dotis

1338 3680 1382 3720 R,
1406 3681 1454 3712 De
1478 3680 1564 3712 dotis
1588 3679 1764 3714 collatione
1792 3682 1824 3714 Τ
1842 3683 1875 3714 in
1896 3693 1998 3725 marq.
2022 3682 2075 3723 (ex
2097 3681 2176 3723 Iul.)
2199 3682 2212 3726 11
2242 3683 2284 3716 35
2307 3682 2415 3726 pluri-

1338 3725 1399 3758 bus
1425 3726 1480 3768 Τ11
1499 3727 1532 3758 et
1556 3738 1616 3760 om.
1636 3726 1668 3759 T

2079 3781 2144 3817 60*
