2618 4010
230 130 341 173 Nov.
370 129 508 172 XLVI
540 130 657 171 1-3
687 141 754 183 ep.

234 237 355 282 νόμον,
385 236 426 271 οὗ
456 235 669 281 δυναμένων
698 237 815 271 τινῶν
844 234 1018 272 πλάττειν
1041 235 1216 282 δημόσιον
1237 234 1303 284 ὄφ-
1371 237 1503 281 legem:
1538 247 1611 274 non
1633 237 1837 283 potentibus
1866 238 2044 285 aliquibus

1046 278 1055 292 ‘
1127 279 1137 291 '
1162 286 1165 287 ’
1371 281 1486 317 bitum
1517 284 1555 317 et
1582 281 1635 318 ita
1664 282 1712 319 ad
1741 282 1971 320 alienationes
1998 284 2229 320 immobilium
2261 282 2445 321 accedere.

233 329 316 372 ριῖν.
364 323 425 360 διὰ
455 326 560 360 τοῦτο
588 324 657 373 γὰρ
686 328 748 360 καὶ
777 325 846 370 τὴν
872 327 936 361 τοῦ
965 324 1129 372 δεκρέτου
1159 329 1306 369 noenum
1372 325 1456 362 Ideo
1485 326 1581 363 enim
1610 329 1648 362 et
1677 326 1812 363 decreti
1841 327 2033 365 hedonem

234 282 326 326 λημα
346 284 406 315 καὶ
426 277 539 316 οὕτως
558 283 620 317 ἐπὶ
643 279 704 317 τὰς
721 280 920 325 ἐκποιήσεις
941 282 1020 316 τῶν
1035 290 1217 325 ακινητων
1235 294 1303 324 χω-

233 372 491 416 ἐπετρέψαμεν,
523 370 583 404 ἵνα
606 373 666 405 καὶ
693 373 736 406 τὸ
760 368 934 426 δημόσιον
965 369 1107 424 ὄφλημα
1128 372 1305 417 μαρτυρῆ-

1293 123 1377 172 282

1917 140 1979 172 DE
2006 137 2458 172 EGOLESIASTIGARM·

2147 247 2207 275 ere
2237 237 2360 274 fiscale
2381 237 2445 275 de·

1373 370 1495 406 fiscale
1523 370 1680 407 debitum
1712 370 1914 409 testimonio
1942 373 2120 419 pandatur
2153 377 2190 409 et
2223 329 2447 417 elis’qiffntig

233 428 304 456 ται,
336 417 396 448 καὶ
426 416 464 449 ἐκ
495 413 625 450 πόσων
646 414 784 470 κάτεισι
806 428 948 470 χρονων
976 417 1035 449 καὶ
1058 426 1159 450 οπως
1181 413 1245 449 οὐκ
1267 417 1306 451 ἐκ
1341 418 1361 451 5
1375 415 1559 452 descendit
1581 415 1800 462 temporibus
1822 418 1860 452 et
1881 417 2047 462 quoniam
2068 428 2140 454 non
2163 417 2323 463 pecuniis
2347 416 2445 453 solu·

234 458 428 505 χρημάτων
446 457 572 503 ἐλύθη,
596 456 675 495 ἀλλ’
693 461 742 495 εἰς
761 473 920 508 αναγκην
941 458 1156 503 ἐκποιῆσεως
1174 454 1305 503 ἦλθεν·

233 503 333 538 ὅπως
359 501 406 538 ἃν
436 503 484 539 τὰ
512 505 574 547 τῆς
604 502 778 548 ἀληθείας
811 504 1049 546 πανταχόθεν
1078 508 1306 552 μαρτυροῖτο,

233 546 386 583 πάντων
409 550 469 584 ἐπὶ
488 549 567 584 τῶν
583 550 703 584 θείων
725 548 942 603 εὔαγῖελίων
967 552 1238 602 πραττομένων,
1263 550 1306 584 εἰ·

1373 463 1449 495 tum
1480 463 1544 504 est,
1578 460 1643 496 sed
1671 460 1710 496 in
1738 459 1985 498 necessitatem
2015 462 2238 499 alienationis
2270 461 2374 506 venit,
2407 464 2449 495 ut

1374 504 1504 540 veritas
1527 505 1683 550 undique
1705 508 1902 557 protestata
1921 505 1979 549 sit,
2001 507 2165 543 omnibus
2189 517 2308 543 coram
2332 505 2446 542 sacris

1377 549 1566 592 evangeliis
1590 549 1753 593 agendis}
1778 549 1975 586 scientibus
1997 552 2034 586 et
2050 551 2226 597 episcopis
2250 555 2287 587 et
2307 550 2447 587 clericis

233 591 353 628 δότων
375 594 454 628 τῶν
475 607 516 628 τε
538 594 750 630 ἐπισκόπων
775 607 851 629 των
875 606 913 628 τε
936 592 1113 639 κληρικων
1137 597 1196 627 καὶ
1220 594 1309 641 πρός
1376 596 1413 628 et
1435 594 1513 628 aliis
1537 594 1710 636 omnibus,
1742 593 1826 638 quia
1857 594 1944 629 deus
1974 603 2032 631 res
2058 595 2139 632 iciet
2162 605 2255 640 quae
2276 599 2448 640 geruntur

231 651 272 685 ys
295 639 374 673 τῶν
396 637 518 673 ἄλλων
540 635 727 681 ἁπάντων,
760 637 808 673 ὠς
831 637 916 672 θεὸς
941 637 1117 683 ἐπόψεται
1144 638 1189 673 τὰ
1236 638 1306 673 ινό-
1325 641 1363 673 10
1377 639 1423 673 ab
1447 638 1510 681 eis,
1534 642 1571 674 et
1593 639 1624 674 si
1647 638 1731 684 quid
1753 638 1889 691 egerint
1910 648 1976 683 per
1994 638 2040 675 do
2054 650 2114 675 um
2136 645 2199 676 aut
2221 640 2361 676 lucrum
2385 643 2449 675 aut

230 696 323 727 μενα
351 681 442 730 παρ’
469 681 603 726 αὐτῶν,
634 687 693 718 καὶ
717 685 754 718 εἴ
777 696 812 717 τι
836 682 1012 727 πράξαιεν
1042 682 1132 717 κατὰ
1156 651 1263 718 &aaa
1287 684 1309 726 ἢ

231 725 353 774 κε’ρδος
372 724 394 772 ἣ
406 727 580 772 μηχανήν,
604 731 711 763 τοῦτο
734 730 774 762 ἐν
794 731 870 762 ταῖς
893 728 1035 762 ἑαυτῶν
1057 726 1309 773 ἀπολήψονται

234 775 362 820 ψυχαῖς
385 774 517 815 ζῶντές
539 785 580 808 τε
603 776 662 807 καὶ
686 772 931 808 τελευτῶντες.

1376 683 1692 726 machinationem,
1721 683 1791 719 hoc
1822 694 1858 719 1n
1889 683 1965 720 suis
1985 684 2157 729 recipient
2186 685 2373 722 animabus
2396 684 2447 720 vi·

1377 730 1500 764 ventes
1523 737 1567 764 ac
1589 729 1788 764 morientes.

1227 861 1383 899 CAPUT
1405 862 1451 898 11.

286 918 332 953 Β
353 920 421 963 μὶν
443 911 508 953 οὖν
531 916 676 961 ἰδιώτης
702 929 755 951 τις
778 916 1005 996 ὀφειλόμενος
1026 918 1090 961 εἴη,
1123 915 1307 952 δύνασθαι

231 963 324 998 κατὰ
353 962 395 998 τὸ
425 973 492 1008 pro
517 963 635 998 soluto
660 963 776 1006 σχῆμα

232 1019 314 1050 σοις,
331 1007 523 1042 κάνταῦθα
542 1006 707 1054 δεκρέτου
725 1010 914 1053 γινομένου
935 1011 994 1041 καὶ
1010 1019 1099 1054 προς
1119 1021 1161 1042 το
1176 1010 1308 1055 μέτρον

232 1054 310 1087 τῶν
335 1055 412 1086 ταῖς
433 1049 621 1108 ἀληθείαις
643 1049 888 1098 ὀφειλομένων
911 1055 1227 1100 προςκυρουμένων
1249 1050 1307 1087 αὖ·

231 1100 305 1133 τοῖς
327 1098 405 1132 τῶν
427 1108 603 1140 κτησεων·
627 1098 659 1131 εἰ
682 1095 722 1130 δὲ
745 1095 889 1142 ὄφλημα
913 1095 1085 1141 δημόσιον
1108 1098 1172 1141 εἴη,
1205 1096 1307 1132 δυνα-

230 1145 354 1187 μένων
370 1138 494 1176 αὐτῶν
510 1142 558 1176 εἰς
574 1143 760 1185 έκποίησιν
779 1140 964 1186 ἀκινήτων
985 1145 1115 1188 χωρεῖν
1132 1142 1223 1177 κατὰ
1242 1142 1310 1186 τὴν

1420 918 1457 954 Si
1481 928 1563 954 vero
1588 917 1748 963 privatus
1773 918 1819 954 ali
1845 918 1901 954 uis
1925 918 2079 954 creditor
2101 918 2226 962 fuerit,
2283 918 2371 955 ossit
2394 928 2449 954 se-

821 960 997 1007 αμβὰνειν
1020 960 1205 1016 ἀκινήτους
1227 961 1306 1006 κτή-
1324 966 1361 999 15
1378 963 1532 999 cundum
1556 974 1621 1008 pro
1646 964 1763 999 soluto
1789 974 1828 999 sc
1856 973 1935 999 ema
1957 964 2121 1016 accipere
2147 964 2252 999 immo
2272 963 2287 971 ’“
2303 971 2342 999 es
2364 973 2448 1008 pos-

1376 1008 1563 1052 sessiones,
1582 1008 1640 1043 hic
1657 1018 1798 1053 quoque
1814 1008 1955 1044 decreto
1973 1008 2136 1044 faciendo
2155 1012 2190 1043 et
2205 1018 2271 1053 pro
2285 1018 2452 1043 mensura

1376 1063 1539 1089 verorum
1571 1053 1770 1089 debitorum
1806 1054 2029 1098 assignandis
2063 1054 2113 1089 eis
2148 1052 2450 1097 possessionibus;

1378 1099 1409 1134 si
1431 1108 1515 1134 vero
1539 1098 1696 1134 debitum
1719 1098 1841 1134 fiscale
1862 1099 1980 1142 fuerit,
2004 1098 2208 1144 potentibus
2231 1097 2282 1133 eis
2301 1097 2348 1132 ad
2365 1097 2450 1132 alie-

1377 1143 1557 1178 nationem
1596 1143 1825 1179 immobilium
1860 1144 2031 1179 accedere
2070 1143 2263 1179 secundum
2298 1141 2451 1187 priorem

231 1186 445 1241 ἔμπροσθεν
474 1184 737 1240 παρατήρησιν,
770 1182 857 1221 ὥςτε
886 1184 1000 1231 μηδὲν
1029 1186 1190 1234 έλλεῖψαι
1221 1188 1311 1232 μήτε
1325 1191 1366 1223 20
1380 1188 1678 1231 observationem,
1709 1191 1750 1224 ut
1780 1188 1867 1223 nihil
1900 1189 1992 1224 desit
2023 1198 2137 1234 neque
2160 1186 2367 1225 subtilitatis
2390 1195 2450 1222 ne·

231 1243 292 1276 της
314 1229 494 1278 ἀκριβείας
516 1245 606 1276 μητε
630 1233 691 1275 τῆς
713 1232 831 1276 κοινῆς
855 1230 1076 1268 λυσιτελείας.

1378 1243 1446 1278 que
1468 1234 1662 1270 communis
1686 1233 1862 1269 utilitatis.

1219 1322 1375 1359 CAPUT
1397 1322 1462 1359 111.

282 1377 428 1414 Τούτων
444 1376 484 1413 δὲ
506 1378 683 1414 ἁπάντων
703 1377 772 1421 τὴν
788 1375 996 1424 ἁγιωτάτην
1011 1377 1169 1424 μεγάλην
1190 1377 1309 1421 ἐκκλη-

231 1428 317 1458 σίαν
350 1424 412 1467 τῆς
444 1421 653 1469 εὐδαίμονος
687 1422 817 1466 ταύτης
847 1420 985 1458 πόλεως
1018 1427 1079 1478 “⁰42
1113 1422 1181 1467 τὴν
1204 1421 1310 1467 αὐτῆς

1429 1378 1495 1414 His
1518 1379 1636 1414 autem
1659 1379 1834 1415 universis
1857 1378 2116 1415 sanctissimam
2146 1378 2315 1414 maiorem
2338 1378 2450 1414 eccle-

1379 1423 1469 1458 siam
1498 1423 1613 1459 felicis
1644 1423 1750 1459 huius
1782 1424 1880 1459 urbis
1910 1427 1946 1459 et
1976 1424 2052 1459 eius
2077 1423 2231 1459 confinia
2261 1427 2297 1459 et
2319 1423 2450 1459 oratio-

231 1466 432 1514 περιοικίδα
461 1472 522 1503 καὶ
552 1468 633 1503 τοὺς
664 1465 865 1515 εὐκτηρίους
895 1469 1008 1503 οἴκους
1038 1482 1093 1503 ων
1122 1466 1214 1512 αὐτὴ
1242 1467 1310 1512 τὴν
1377 1479 1463 1503 num
1494 1468 1616 1504 domos
1649 1479 1797 1513 quarum
1827 1469 1907 1513 ipsa
1946 1478 2069 1504 curam
2100 1468 2257 1513 suscepit
2287 1468 2450 1504 omnibus

231 1528 258 1569 φ
323 1511 408 1549 τίδα
431 1511 667 1548 ἀναδέδεκται
690 1513 804 1547 πᾶσιν
823 1513 1032 1569 ἐξαιροῦμεν
1051 1513 1207 1569 τρόποις,
1230 1515 1309 1548 τῶν
1323 1515 1362 1547 25
1378 1513 1580 1558 excepimus
1612 1513 1742 1556 modis,
1773 1524 1863 1559 quae
1891 1514 1961 1548 iam
1991 1513 2035 1548 de
2063 1513 2131 1548 hoc
2155 1513 2294 1548 sancita
2323 1516 2407 1548 sunt
2429 1522 2452 1547 a

231 1574 252 1603 η
277 1572 298 1602 η
327 1561 410 1605 περὶ
445 1557 573 1593 τούτου
605 1557 953 1602 νενομοθετημενων
987 1572 1062 1605 παρ
1109 1572 1214 1603 ημων
1248 1561 1308 1594 ἐπὶ

230 1605 292 1647 τῆς
322 1604 449 1638 οἰκείας
478 1602 666 1649 μενόντων
694 1601 821 1645 ἰσχύος.
868 1603 915 1637 Ei
937 1601 978 1638 δὲ
1006 1607 1070 1638 καί
1091 1617 1176 1639 τινα
1198 1615 1307 1648 μονα-

231 1646 360 1695 στήρια
383 1647 449 1684 ὑπ’
476 1646 589 1692 αὐτὴν
611 1647 678 1692 τὴν
703 1644 909 1695 ἇγιωτάτην
938 1646 1095 1696 μεγάλην
1118 1647 1309 1692 ἐκκλησίαν

231 1694 295 1738 εἴη,
324 1691 408 1729 οὐδὲ
430 1694 545 1728 ταῦτα
576 1691 647 1728 ὑπὸ
671 1691 738 1727 τὸν
760 1692 928 1739 παρόντα
953 1692 1161 1738 ποιούμεθα
1183 1693 1307 1738 νόμον,

1377 1558 1480 1594 nobis
1503 1559 1540 1593 in
1565 1568 1630 1594 sua
1652 1559 1782 1594 virtute
1805 1559 2028 1594 durantibus.
2069 1557 2107 1592 Si
2130 1560 2250 1592 autem
2273 1560 2310 1593 et
2332 1557 2451 1601 aliqua

1377 1604 1594 1639 monasteria
1627 1603 1694 1638 sub
1725 1603 1848 1639 eadem
1880 1602 2104 1640 sanctissima
2137 1603 2270 1638 maiore
2302 1602 2453 1638 ecclesia

1377 1651 1479 1690 sunt,
1509 1658 1576 1683 nec
1601 1658 1642 1683 ea
1665 1649 1731 1684 sub
1756 1652 1980 1694 praesentem
2007 1648 2156 1683 facimus
2179 1648 2309 1692 legem,
2341 1647 2451 1683 forin-

1377 1703 1481 1729 secus
1504 1693 1693 1738 provinciis
1724 1704 1802 1728 eam
1826 1694 2082 1729 constituentes
2105 1692 2236 1735 solum,
2265 1693 2302 1728 in
2323 1692 2452 1738 quibus

230 1742 308 1774 ταῖς
325 1738 398 1779 ἔξω
413 1738 544 1785 χώραις
561 1737 672 1772 αὐτὸν
688 1735 899 1794 ἐφιστάντες
917 1736 1042 1782 μόνον,
1065 1740 1104 1772 ἐν
1118 1738 1176 1791 ftis
1195 1737 1308 1781 πολλή
1321 1740 1362 1773 30
1376 1738 1490 1773 multa
1520 1738 1693 1782 quaedam
1724 1742 1779 1774 est
1810 1739 1932 1783 inopia
1963 1737 2211 1783 pecuniarum,
2250 1748 2315 1789 per
2346 1747 2451 1782 quam

230 1788 284 1819 τίς
314 1785 414 1818 ἐστιν
443 1782 576 1832 ἀπορία
606 1795 810 1830 χρηματων,
843 1780 935 1817 καθ’
961 1780 1006 1827 ἢν
1040 1783 1079 1817 αἱ
1107 1780 1309 1830 αγιώταται

231 1827 414 1908 Ξκκληξιέι
445 1827 551 1863 λῦσαι
583 1826 644 1862 διὰ
664 1825 859 1875 χρημάτων
889 1828 935 1862 τὰ
958 1826 1149 1873 ὀφλήματα
1176 1825 1239 1862 οὐκ
1263 1826 1309 1862 ἂν

254 1886 555 1974 υξηΕσῖίέογος.)
573 1962 582 1974 '
609 1916 656 1952 ‘H
685 1914 1076 1972 τοίνυνισὴ-ὖπεροχὴ
1114 1916 1160 1952 τὰ
1195 1930 1311 1953 παοα-

437 1967 453 1973 -
1052 1965 1086 1974 ..ι
1198 1961 1206 1971 κ

1378 1783 1624 1818 sanctissimae
1655 1784 1828 1820 ecclesiae
1864 1784 1998 1819 solvere
2033 1793 2097 1828 per
2130 1793 2301 1828 pecunias
2333 1783 2452 1819 debita

1377 1838 1450 1864 non
1473 1828 1659 1864 valuerint.

1423 1917 1685 1963 <Epilogus.>
1721 1918 1801 1953 Tua
1818 1918 1925 1962 igitur
1942 1917 2114 1954 celsitudo
2133 1927 2223 1963 quae
2238 1918 2450 1963 placuerunt

230 1975 370 1999 σταντα
389 1977 474 2008 ημιν
492 1975 718 2019 γινωσκουσα
741 1975 832 1996 κατα
852 1975 959 1997 τουτο
979 1975 1145 2010 προιεναι
1165 1974 1228 1997 τας
1248 1950 1308 1997 2712
1323 1965 1363 1997 35
1378 1963 1481 1998 nobis
1503 1972 1722 2007 cognoscens
1743 1963 1939 1998 secundum
1962 1963 2031 1999 hoc
2050 1963 2245 2008 procedere
2266 1973 2375 2007 super
2394 1972 2451 1998 sa-

231 2012 305 2043 τοῖς
328 2008 432 2056 ἱεροῖς
455 2020 664 2055 πραγμασιν
688 2005 883 2051 έκποιήσεις
906 2007 1229 2060 παραφυλαττέτω.

274 2054 359 2090 Dat.
369 2064 432 2089 xv.
445 2054 482 2088 k.
497 2053 594 2099 Sept.
608 2053 677 2088 GP.
691 2056 774 2098 post
786 2063 885 2088 cons.
895 2053 1059 2088 Behsarii
1072 2064 1104 2088 v.
1116 2063 1146 2088 c.
1173 2056 1218 2094 [a.
1230 2055 1306 2093 536]

1377 2008 1446 2043 cris
1470 2008 1577 2044 rebus
1602 2008 1836 2043 alienationes
1861 2008 2051 2044 custodiat.
2138 2007 2220 2042 Dat.
2246 2019 2354 2043 xvm.
2378 2007 2451 2042 kal.

1378 2053 1475 2098 Sept.
1497 2052 1566 2088 ΟΡ.
1587 2064 1623 2098 p.
1639 2063 1669 2089 c.
1690 2053 1853 2089 Belisarii
1874 2064 1904 2088 v.
1920 2063 1951 2088 c.
1967 2063 2062 2088 anno
2077 2052 2243 2088 secundo.
2311 2057 2355 2095 [a.
2373 2055 2450 2094 537]

230 2155 319 2186 esse,
343 2154 430 2179 neve
444 2142 634 2189 quisquam
651 2142 791 2188 finqere
841 2141 995 2177 ublicum
1022 2140 1178 2177 debitum
1210 2144 1319 2187 atque
1341 2141 1394 2176 ita
1413 2141 1463 2176 ad
1482 2141 1722 2177 alienationes
1744 2153 1864 2178 rerum
1882 2141 2113 2177 immobilium
2127 2140 2309 2188 proqredi
2318 2140 2449 2188 possit.

231 2186 321 2224 Ideo
344 2188 436 2223 enim
459 2188 567 2223 etiam
592 2186 773 2222 decretum
822 2187 877 2222 eri
900 2187 1078 2228 iussimus,
1099 2190 1141 2220 ut
1162 2186 1279 2231 ipsum
1301 2185 1486 2232 publicum
1509 2185 1664 2221 debitum
1691 2187 1892 2222 testimonio
1911 2186 2101 2238 probetur,
2125 2191 2225 2222 etex
2240 2191 2330 2231 quot
2345 2186 2451 2220 annis

231 2232 425 2269 descendat
454 2236 488 2268 et
511 2235 689 2278 quatenus
717 2242 790 2266 non
813 2241 863 2266 ex
884 2231 1040 2276 pecunia
1069 2230 1226 2266 solutum
1249 2230 1309 2272 sit,
1339 2230 1404 2265 sed
1433 2230 1471 2264 in
1503 2231 1748 2266 necessitatem
1780 2231 2011 2266 alienationis
2041 2231 2194 2266 venerit:
2224 2241 2296 2276 quo
2320 2230 2452 2266 veritas

231 2277 390 2324 undique
421 2280 552 2312 testata
583 2276 642 2318 sit,
674 2286 753 2311 cum
786 2276 907 2311 omnia
938 2286 1062 2311 coram
1091 2275 1229 2310 sanctis
1259 2286 1349 2310 evan
1376 2275 1457 2310 eliis
1481 2279 1714 2327 peraqantur
1743 2276 1862 2327 sciant
1886 2287 1931 2312 ue
1961 2280 1995 2311 et
2018 2275 2180 2322 episcopi
2209 2280 2243 2310 et
2267 2275 2388 2310 clerici
2417 2279 2452 2310 et

223 2327 420 2370 praeterea
443 2322 552 2358 ceteri
577 2331 710 2363 omnes,
742 2321 846 2357 deum
876 2321 996 2356 omnia
1020 2331 1114 2372 quae
1145 2320 1191 2371 ab
1219 2320 1310 2366 ipsis

1336 2286 1432 2365 fiant
1453 2330 1630 2362 msurum,
1662 2331 1707 2356 ac
1729 2331 1760 2356 se
1785 2321 1849 2374 qui
1896 2331 1970 2367 per
1993 2320 2115 2355 dolum
2144 2319 2199 2356 vel
2221 2319 2453 2366 cupiditatem

231 2367 287 2405 vel
308 2366 609 2402 machinationem
632 2366 782 2412 efferim,
815 2365 883 2401 boc
905 2376 944 2401 se
967 2365 1005 2400 in
1028 2375 1104 2400 suis
1128 2364 1316 2400 animabus
1338 2369 1549 2411 recepturos
1571 2375 1648 2401 esse
1672 2369 1744 2401 tam
1767 2369 1923 2402 viventes
1946 2376 2054 2413 quam
2076 2366 2275 2400 morientes.

363 2411 410 2447 H.
465 2410 508 2447 Si
530 2411 594 2458 qui
616 2411 731 2463 iqitur
754 2411 927 2458 privatus
954 2411 1003 2446 sit
1026 2410 1085 2445 cui
1108 2409 1266 2452 debetur,
1297 2410 1330 2444 is
1345 2411 1489 2456 poterit
1519 2410 1623 2446 titulo
1651 2421 1724 2457 pro
1752 2410 1873 2447 soluto
1903 2412 2066 2457 accipere
2085 2409 2283 2445 immobiles
2305 2420 2452 2456 posses-

229 2458 370 2494 siones:
393 2461 435 2494 ut
458 2461 575 2492 tamen
599 2456 658 2491 luc
681 2466 824 2508 quoque
848 2455 1028 2491 decretum
1049 2455 1120 2500 fiat
1141 2458 1176 2490 et
1198 2454 1392 2490 secundum
1415 2455 1559 2490 modum
1583 2466 1706 2491 eorum
1729 2467 1823 2502 quae
1846 2467 1887 2492 re
1905 2467 1990 2492 vera
2014 2454 2186 2491 debentur
2207 2455 2453 2500 possessiones

230 2503 290 2554 iis.
308 2501 536 2538 addicantur.
571 2500 663 2553 ..Sin
695 2500 851 2552 debitum
884 2500 1068 2552 publicum
1098 2499 1158 2542 sit,
1194 2500 1244 2535 ad
1261 2499 1526 2552 ‘alienationem
1560 2500 1790 2553 immobilium
1818 2501 2034 2553 procedere·

227 2558 389 2594 priorem
413 2547 710 2588 observataeonem‚
734 2549 786 2581 tta
809 2549 849 2580 ut
871 2544 964 2580 nibal
986 2555 1102 2596 neque
1124 2555 1148 2580 a
1170 2543 1368 2580 subtztaate
1390 2555 1506 2590 neque
1529 2556 1552 2580 a
1577 2555 1753 2580 commum
1778 2546 1935 2581 utilitate
1957 2546 2032 2581 dest

2082 2504 2226 2535 oterunt
2260 2499 2452 2535 sectmdum

2100 2549 2190 2580 etur.

366 2591 431 2628 111.
477 2591 531 2627 Ab
557 2591 614 2626 his
637 2601 721 2627 vero
746 2590 909 2626 omnibus
932 2595 1195 2625 sanctu-smmum
1218 2600 1387 2636 maqnam
1407 2589 1592 2625 ecclesiam
1612 2590 1735 2635 felicis
1755 2590 1863 2626 huius
1884 2590 1982 2626 urbis
2005 2594 2039 2626 et
2057 2600 2186 2636 aqrum
2210 2589 2243 2624 ei
2267 2589 2453 2624 circumia—

230 2641 366 2674 centem
389 2640 425 2673 et
453 2637 618 2672 oratoria
649 2646 802 2682 quorum
832 2635 916 2682 ipsa
945 2645 1070 2670 curam
1099 2635 1258 2680 suscepit
1289 2633 1453 2670 omnibus
1481 2633 1598 2670 modis
1627 2635 1841 2686 eoscipimus,
1865 2639 1906 2671 ut
1925 2646 2019 2686 quae
2041 2635 2114 2669 iam
2145 2633 2189 2669 de
2212 2632 2281 2669 boc
2304 2644 2327 2668 a
2350 2633 2453 2668 nobis

230 2683 373 2718 sancita
396 2685 481 2717 sunt
503 2682 541 2716 in
563 2691 631 2716 suo
657 2681 789 2717 robore
811 2683 990 2716 maneant.

1043 2678 1181 2722 Quodsi
1212 2690 1306 2732 quae
1331 2680 1438 2715 etiam
1469 2683 1690 2715 monasteria
1721 2680 1792 2726 ipsi
1822 2680 2069 2715 sanctissimae
2099 2689 2253 2724 maynae
2283 2677 2453 2713 ecclesiae

230 2727 421 2774 supposita
450 2726 540 2768 sint,
571 2736 616 2762 ne
647 2725 737 2761 baec
765 2725 909 2771 quidem
936 2725 1123 2771 praesenti
1153 2724 1223 2771 leq:
1247 2724 1450 2766 subicimus,
1482 2724 1548 2770 qui
1569 2735 1648 2759 eam
1674 2724 1772 2770 foris
1799 2725 1880 2760 sitis
1900 2724 2100 2772 provinciis
2129 2722 2219 2758 solis
2241 2726 2452 2765 statuamus,

231 2772 270 2807 in
293 2771 422 2824 quibus
444 2781 579 2822 maqna
602 2774 656 2806 est
668 2771 849 2817 pecuniae
867 2769 1006 2817 inopia,
1031 2768 1075 2805 ob
1097 2779 1205 2815 quam
1220 2769 1469 2805 sanctissimae
1489 2770 1660 2805 ecclesiae
1683 2769 1803 2806 debita
1824 2781 1893 2805 sua
1915 2769 2055 2805 solvere
2074 2779 2143 2816 per
2159 2768 2355 2814 pecuniam
2378 2778 2453 2803 non

230 2817 345 2862 facile
364 2821 517 2862 possunt.

368 2859 457 2907 Epi
463 2860 506 2896 lo
514 2871 606 2907 qus.
660 2859 737 2895 Tua
768 2860 881 2906 iqitur
909 2859 1110 2895 sublimitas
1139 2870 1233 2905 quae
1263 2859 1367 2895 nobis
1389 2858 1613 2906 placuerunt
1643 2870 1864 2906 coqnoscens
1893 2863 1934 2895 ut
1963 2858 2158 2895 secundum
2187 2868 2231 2893 ea
2246 2856 2455 2904 procedant

230 2916 420 2943 sacrarum
442 2915 563 2941 rerum
587 2904 825 2941 alienationes
847 2909 982 2941 caveat.

276 2998 298 3030 4
320 2997 553 3042 μαρτυρεῖται
577 2996 642 3029 M⁰
662 2995 740 3029 0011.
757 2997 797 3030 87
812 3007 883 3038 cap.
914 2994 927 3038 ΙΙ
955 2996 973 3027 7
999 2989 1098 3027 ὅπως
1121 3012 1165 3018 -
1191 2995 1231 3028 13
1254 3005 1308 3026 τε·

233 3039 426 3075 λευτῶντες
449 3053 508 3074 οηι.
529 3041 608 3074 Call.
623 3041 665 3075 87
679 3052 752 3084 cap.
777 3040 790 3083 ΙΙ
822 3041 842 3074 9
866 3037 955 3085 πρός
975 3050 1016 3085 γε
1039 3051 1098 3072 om.
1112 3037 1162 3082 ςΙΙ
1188 3040 1228 3073 14
1251 3034 1308 3071 δι’]-

232 3098 340 3119 ναται
367 3085 448 3120 Call.
463 3087 504 3120 87
519 3098 591 3129 cap.
610 3085 623 3129 ΙΙ
647 3087 686 3119 15
706 3082 749 3118 τὸ
768 3081 998 3130 προκόλουτο,
1023 3097 1048 3117 s.
1062 3097 1089 3117 v.
1114 3080 1193 3125 ἦτοι
1216 3095 1308 3116 κατα

232 3128 396 3165 διάλυσιν
409 3130 456 3164 Μ
473 3127 514 3164 τὸ
534 3142 595 3174 pro
608 3128 756 3163 σολουτὸ
780 3131 859 3164 coll.
873 3131 915 3164 87
929 3142 1001 3173 cap.
1022 3125 1235 3175 (ποροσόλου
1265 3125 1307 3161 τὸ

233 3189 310 3219 app.
330 3175 478 3217 Nomoe.)
507 3175 519 3219 ΙΙ
552 3178 589 3209 17
607 3188 655 3218 sq.
680 3176 1003 3221 προσκυρουμένων
1027 3192 1069 3197 --
1095 3170 1308 3216 δυναμένων

234 3234 291 3253 orn.
309 3220 388 3255 C'oll.
403 3221 445 3255 87
458 3232 530 3264 cap.
546 3219 560 3264 Ι
585 3221 627 3254 19
646 3217 743 3262 αὐτῷ
766 3232 843 3263 app.
856 3219 988 3254 Nomoc.
1008 3218 1020 3260 u
1035 3217 1125 3252 κατὰ
1140 3237 1180 3242 -
1194 3219 1233 3252 21
1252 3215 1306 3252 λυ-

233 3263 403 3298 σιτελείας
426 3277 484 3299 om.
502 3265 583 3299 Gau.
598 3266 638 3299 87
653 3277 691 3298 ca
718 3290 725 3297 .
751 3265 764 3308 11
789 3266 831 3298 20
844 3277 892 3308 sq.
917 3261 1035 3306 *μηδὲ
1056 3282 1100 3287 —
1122 3259 1213 3307 μηδὲ
1238 3262 1283 3296 Μ
1294 3259 1307 3305 ΙΙ

234 3311 276 3343 22
306 3308 452 3343 Τούτων
474 3328 518 3335 -
541 3307 619 3352 τὴν]
642 3306 684 3342 Ἐ
702 3309 871 3353 αιροῦμεν
893 3306 933 3342 δὲ
956 3305 1085 3342 τούτου
1108 3308 1173 3341 τοῦ
1196 3305 1307 3350 νόμον

234 3352 299 3395 τήν
312 3366 351 3387 τε
369 3355 448 3389 Call.
460 3356 502 3390 87
516 3367 590 3398 cap.
610 3354 623 3399 ΙΙ
646 3356 689 3388 23
702 3354 764 3395 τῆς
774 3373 820 3378 -
833 3351 971 3387 πόλεως
984 3366 1042 3387 om.
1059 3354 1141 3387 Coll.
1153 3353 1194 3387 87
1208 3364 1279 3395 cap.

235 3399 276 3431 24
302 3395 391 3441 αὐτῆ
407 3399 454 3433 Μ
475 3394 566 3441 αὕτη
589 3411 665 3443 app.
680 3399 825 3439 Nomoc„
854 3400 934 3432 Call.
952 3400 992 3432 87
1011 3411 1083 3442 cap.
1105 3398 1176 3431 cod.
1192 3409 1273 3431 unus

235 3442 278 3474 25
299 3451 372 3484 post
393 3440 627 3478 ἀναδέδεκται
656 3439 917 3486 (ἇναδέδεικται
945 3456 1022 3487 app.
1045 3443 1192 3482 Nemee.)
1223 3453 1307 3485 qaae

235 3494 407 3528 sequuntur
420 3501 477 3522 om.
493 3490 572 3524 0011.
583 3491 624 3524 87
633 3501 704 3532 cap.
722 3488 735 3531 ΙΙ
754 3489 796 3522 26
808 3483 896 3531 παρ’
912 3486 1029 3532 ἡμῶν]
1051 3500 1122 3521 nov.
1138 3486 1210 3520 VII
1217 3498 1245 3520 c.
1257 3488 1272 3519 1
1295 3485 1307 3529 ΙΙ

236 3530 277 3562 27
303 3530 412 3564 οἰκίας
437 3534 481 3566 Μ
503 3534 517 3576 ΙΙ
544 3536 584 3568 37
610 3544 670 3567 xv.
696 3533 728 3566 k.
753 3543 818 3576 sep.
838 3532 904 3566 ΟΡ.
922 3532 979 3574 Μ]
1005 3543 1107 3565 xvux.
1129 3530 1196 3564 kal.
1215 3531 1306 3574 Sept.

239 3572 303 3605 ΟΡ.
326 3586 345 3609 ς
375 3576 407 3606 k.
430 3580 509 3619 sept.
525 3578 645 3612 lutam
668 3579 740 3619 (om.
757 3576 851 3619 Iulst)
875 3590 903 3611 π
927 3575 946 3611 ὸ
971 3574 1007 3611 ιδ
1013 3572 1228 3611 ’καλανδῶν
1241 3576 1306 3609 Σε-

239 3620 437 3670 πτεμβρίου
451 3622 524 3655 Atii.
547 3626 635 3664 μηνὶ
654 3624 884 3668 σεπτεμβρίῳ
900 3590 1020 3657 issand.
1035 3622 1048 3665 ΙΙ
1089 3623 1140 3655 ost
1159 3620 1306 3655 hilinum

236 3671 259 3706 ι)
273 3672 324 3695 ¹²⁰·
335 3664 407 3702 (nc)
420 3674 523 3697 conss.
538 3667 587 3707 M,
608 3667 778 3701 Bilisiario
792 3677 844 3701 uo.
857 3677 947 3701 anno
957 3677 1056 3701 secun
1081 3677 1101 3700 ο
1113 3666 1197 3709 ς(Τ)
1218 3663 1308 3708 μετὰ

1376 2991 1443 3036 τὴν
1466 2989 1643 3028 ὑπατείαν
1656 2970 1867 3038 Βελισαρί-ου
1882 2994 1958 3027 Am.
1974 2994 2095 3027 Theod.
2118 3003 2170 3035 pc.
2190 2991 2333 3025 bilisarii
2345 2992 2452 3027 IulJ’fl'

1377 3039 1419 3073 al.
1442 3041 1543 3081 (cons.
1565 3039 1713 3073 belisarii
1733 3038 1815 3073 lum
1850 3038 1998 3071 bilisario
2012 3038 2124 3079 Iul.¹¹);
2149 3047 2238 3071 anno
2257 3037 2293 3069 11
2307 3049 2346 3071 ez·
2363 3038 2453 3079 ς(Τ)

1377 3085 1454 3117 add.
1470 3086 1555 3128 vulq.
1570 3093 1600 3118 et
1614 3085 1802 3118 Zachariae

1432 3174 1451 3206 2
1475 3172 1691 3206 alienationes
1714 3173 1756 3206 ad
1786 3173 1819 3206 V
1841 3171 1854 3216 ΙΙ
1890 3174 1910 3207 3
1934 3172 2033 3206 etiam
2057 3171 2180 3205 decreti
2202 3172 2263 3213 R’,
2287 3184 2345 3206 om.
2363 3171 2408 3204 13¹
2439 3171 2451 3210 Η

1375 3219 1396 3251 4
1414 3218 1602 3251 testimonia
1616 3218 1665 3252 R¹
1689 3218 1819 3251 testimo
1839 3217 1890 3251 V¹
1906 3217 1919 3261 ΙΙ
1942 3219 1963 3251 6
1983 3218 2033 3257 ut]
2058 3218 2091 3249 et
2105 3216 2162 3260 ΤΙΙ
2184 3218 2204 3251 8
2225 3219 2258 3250 et
2276 3215 2448 3259 episcopis]

1375 3264 1407 3294 et
1430 3275 1488 3295 om.
1503 3263 1564 3307 Ru
1589 3264 1610 3297 9
1634 3263 1787 3296 omnibus
1805 3261 1882 3295 aliis
1908 3262 1941 3295 R
1959 3262 2212 3306 flgeruntuntur
2233 3260 2288 3306 Vll
2315 3262 2356 3294 10
2375 3259 2450 3301 quis

1383 3307 1430 3339 V¹
1456 3306 1470 3350 fl
1499 3309 1539 3340 12
1563 3309 1614 3349 ac]
1639 3309 1717 3341 etR
1742 3306 1756 3352 ΙΙ
1785 3309 1825 3341 15
1849 3307 2035 3340 scemaRT
2055 3307 2170 3339 choma
2189 3305 2253 3350 Vn
2282 3306 2322 3340 16
2346 3306 2379 3336 ot
2400 3304 2448 3344 V]

1374 3363 1433 3384 om.
1448 3351 1480 3384 R
1493 3352 1577 3396 vulq.
1595 3352 1608 3396 ΙΙ
1629 3354 1667 3386 17
1689 3352 1880 3392 *vei-orum]
1905 3363 1985 3385 uero
2005 3362 2119 3384 eorum
2140 3352 2217 3384 libri
2264 3349 2303 3383 18
2322 3347 2351 3381 si
2367 3357 2448 3380 uero

1374 3395 1522 3428 debitum
1546 3407 1625 3430 uero
1646 3398 1677 3430 V
1718 3396 1907 3440 petentibus
1918 3396 1968 3430 12³
1985 3395 1999 3438 Ι
2018 3397 2057 3430 19
2081 3393 2311 3434 immobilium]
2336 3402 2447 3425 rerum

1375 3441 1452 3474 add.
1466 3441 1500 3473 R
1518 3441 1531 3483 Η
1546 3443 1588 3475 22
1607 3443 1667 3474 aut
1717 3442 1728 3462 ²
1745 3441 1758 3483 ΙΙ
1773 3443 1816 3476 24
1835 3442 1940 3484 ipsam
1954 3440 2001 3475 R¹
2018 3440 2031 3484 ΙΙ
2056 3441 2099 3474 25
2123 3438 2302 3481 excipimus
2323 3436 2411 3480 vulq.
2435 3436 2448 3481 ΙΙ

1375 3486 1417 3519 26
1441 3485 1478 3517 in
1503 3498 1560 3518 om.
1583 3486 1640 3530 Vss
1656 3488 1715 3519 aut
1727 3486 1777 3520 13¹
1801 3490 1807 3531 1
1824 3487 1865 3520 28
1884 3487 1963 3519 sunt
1986 3497 2045 3519 om.
2066 3483 2116 3518 1⁷¹
2137 3483 2206 3516 sint
2220 3481 2303 3525 valq.
2321 3480 2334 3525 Ι
2351 3491 2445 3523 prae-

1373 3532 1464 3563 sente
1489 3530 1626 3564 facimus
1648 3531 1721 3574 lege
1752 3532 1783 3564 V
1829 3531 1843 3574 u
1870 3533 1914 3566 29
1937 3540 2008 3564 eain
2031 3541 2090 3563 om.
2113 3526 2163 3561 Β*
2190 3525 2204 3570 Ι
2237 3526 2276 3559 31
2302 3535 2362 3568 per
2386 3539 2445 3559 om.

1374 3574 1483 3608 R¹V¹
1538 3575 1665 3609 debitas
1686 3575 1808 3619 RV¹n
1838 3577 1880 3611 35
1905 3576 1967 3609 boo
1990 3571 2110 3608 oua-R·
2177 3571 2219 3605 36
2230 3572 2352 3604 subscr.
2377 3570 2443 3603 dat.

1373 3628 1478 3654 xvm.
1524 3620 1567 3653 al.
1585 3624 1666 3666 sept.
1684 3620 1750 3654 ΟΡ.
1775 3619 1847 3654 bili.
1871 3620 1944 3654 uia.
1967 3627 2043 3652 anu.
2063 3615 2111 3650 sd.
2163 3639 2174 3657 ‚
2197 3614 2263 3648 dat.
2280 3613 2444 3649 bilisiario

1374 3664 1447 3697 uice
1471 3665 1597 3698 consul.
1626 3666 1664 3708 V,
1689 3665 1830 3699 orn-rell.
