2618 4010
131 157 188 187 ET
218 156 278 188 UT
306 152 600 188 NULLATENUS

133 255 281 290 οἶανοῦν
314 255 443 297 αἰτίαν,
476 251 539 288 οὐκ
569 251 685 287 ἄλλως
713 253 830 297 ἕτερος
862 248 972 286 αὐτοῦ
1007 250 1209 293 διαδέξεται

133 302 202 344 τὴν
233 298 419 347 ἀκρόασιν,
454 298 550 342 πλὴν
581 299 612 332 εἰ
641 298 689 343 μὴ
722 299 830 332 τοῦτο
864 295 962 342 ἡμεῖς
993 299 1213 344 ἐγκρίνοντες

135 347 245 392 ἑτέρῳ
274 343 523 392 παραδοίημεν
550 344 619 388 τὴν
651 340 734 378 ἀντ)
763 341 873 378 αὐτοῦ
905 343 982 378 τῶν
1013 341 1127 378 δικῶν
1160 342 1214 384 ἐξ·

135 394 268 426 έτασιν.

1207 135 1291 183 405

1851 135 1960 178 Nov.
1982 133 2185 176 LXXXII
2216 134 2295 174 8-——
2309 135 2359 174 10

1278 251 1366 286 libet
1392 259 1518 291 causa,
1552 259 1624 285 non
1647 247 1751 283 aliter
1775 248 1868 284 alter
1899 247 1938 283 in
1961 247 2037 282 eius
2066 245 2236 281 succedat
2259 243 2360 279 audi-

1282 295 1387 338 torio,
1413 295 1482 330 nisi
1506 295 1574 330 hoc
1597 304 1662 329 nos
1680 293 1910 329 decernentes
1935 293 1997 328 alii
2019 291 2270 328 tradiderimus
2295 299 2359 333 pro

1283 351 1325 377 eo
1351 351 1539 376 causarum
1563 339 1868 375 examinationem.

1131 490 1283 525 CAPUT
1308 489 1370 524 IX.

172 568 293 606 Ὅπως
314 567 350 604 δ’
377 568 426 604 ἂν
449 570 497 613 μὴ
523 566 543 603 o‘
568 571 652 615 περὶ
675 570 792 604 ταῦτα
820 567 932 604 πόνος
956 567 1116 613 ἄμισθος
1139 572 1213 603 τοῖς
1249 574 1267 605 5

134 614 316 662 ἡμετέροις
345 619 490 662 γένηται
516 613 731 658 διαιτηταῖς,
764 615 990 659 θεσπίζομεν
1024 612 1150 648 αὐτούς
1175 617 1214 648 ἐν

134 663 267 708 ἑκάστῃ
301 658 390 706 παρ’
419 658 538 695 αὐτοῖς
569 660 739 707 λεγομένῃ
772 659 869 706 δίκῃ,
901 658 970 693 κᾶν
1002 661 1031 692 εἰ
1056 659 1214 693 θἐιόθεν

134 707 434 752 παραπεμφθειή,
459 703 530 740 ἀνὰ
562 704 626 739 δύο
656 709 723 750 μὲν
753 706 902 750 χρυσοῦς
931 702 1019 750 παρ)
1046 706 1214 749 ἑκατέρου

133 756 256 797 μέρους
286 754 325 786 ἐν
354 753 397 798 τῇ
425 751 663 797 προκατάρξει
687 750 898 796 λαμβάνειν,
924 747 995 783 ἀνὰ
1020 748 1084 783 δύο
1109 748 1149 783 δὲ
1174 752 1214 783 ἐν

1334 569 1390 605 Ne
1413 570 1533 604 autem
1565 568 1662 603 circa
1692 568 1782 603 haec
1806 567 1909 602 labor
1939 566 2016 601 sine
2040 564 2204 599 mercede
2226 562 2359 599 nostris

1283 615 1346 649 fiat
1364 614 1545 659 pedaneis,
1571 614 1753 648 sancimus
1775 624 1835 648 eos
1855 613 1892 646 in
1914 619 2128 655 unaquaque
2150 609 2245 644 dicta
2265 609 2361 653 apud

1283 671 1343 696 eos
1377 669 1504 700 causa,
1541 659 1596 693 vel
1632 659 1662 693 si
1698 658 1863 693 divinitus
1898 656 2007 691 fuerit
2042 656 2232 699 deputata,
2270 654 2359 688 duos

1285 706 1423 749 quidem
1460 713 1588 738 aureos
1625 704 1669 737 ab
1706 707 1858 747 utraque
1893 704 1996 746 parte
2028 701 2064 734 in
2102 699 2361 734 contestatione

1282 750 1355 784 litis
1385 749 1549 793 accipere
1580 751 1616 782 et
1645 748 1735 783 duos
1767 748 1804 782 In
1828 747 1899 782 fine
1931 745 2080 790 negotii,
2115 748 2151 779 et
2175 745 2269 779 ultra
2292 745 2362 778 hoc

134 811 186 840 τῳ
210 811 338 850 περατι
357 808 419 850 της
439 795 660 838 ὑποθέσεως,
686 800 746 830 καὶ
766 798 965 841 περαιτέρω
986 794 1130 829 τούτων
1148 809 1212 838 μη-
1231 798 1268 829 10
1282 795 1371 829 nihil
1401 794 1507 838 (quod
1540 793 1646 828 etiam
1677 802 1926 837 praecessores
1957 790 2071 825 nostri
2104 790 2360 831 definiverunt),

135 841 197 876 δέν
220 846 342 885 (τουτο
364 856 455 888 οπερ
479 846 538 876 καὶ
562 842 598 876 οἱ
620 842 690 887 πρὸ
716 839 820 886 ἡμῶν
844 840 1087 886 διωρίσαντο),
1120 837 1212 873 ἀλλὰ

134 889 275 922 τούτοις
294 886 488 933 άρκεῖσθαι
512 891 573 921 καὶ
588 888 725 932 μόνοις·
752 885 887 929 δηλαδὴ
907 887 983 920 τῶν
1001 889 1214 930 προνομίων

135 935 211 967 τῶν
244 931 304 968 ἐπ’
333 933 528 967 ἐλαττώσει
562 935 639 966 τῶν
663 931 940 975 δαπανημάτων
968 934 1066 965 τισὶν
1097 929 1212 976 ὑπαρ-

135 978 279 1021 χόντων
313 975 454 1013 ἅπασιν
485 976 667 1023 ἀκεραίων
701 977 792 1011 κατὰ
829 977 898 1020 τὴν
933 977 1073 1010 ἑαυτῶν
1108 975 1214 1016 τάξιν

1283 840 1346 875 sed
1371 839 1426 874 his
1452 842 1638 874 contentos
1664 848 1743 873 esse
1767 838 1871 881 solis3
1899 836 2090 881 privilegiis
2115 836 2246 880 quippe
2271 844 2362 879 quae

1283 885 1320 920 in
1346 884 1586 919 deminutione
1611 887 1814 928 sumptuum
1848 882 2061 927 quibusdam
2087 890 2258 916 concessa
2279 883 2363 914 sunt

1283 930 1445 965 omnibus
1477 929 1623 973 integris
1656 930 1854 963 secundum
1888 939 1992 963 suum
2026 927 2185 962 ordinem
2218 935 2361 961 conser-

1283 975 1418 1010 vandis.
1472 975 1571 1010 Haec
1610 976 1729 1009 autem
1767 974 1915 1008 dicimus
1950 974 1987 1008 in
2018 973 2140 1007 litibus
2176 975 2362 1006 transcen-

136 1024 426 1070 φυλαττομένων.
474 1025 590 1057 ταῦτα
616 1021 657 1056 δέ
678 1035 795 1068 φαμεν
819 1024 879 1057 ἐπὶ
905 1023 981 1075 τῶν
1003 1020 1114 1055 δικῶν
1138 1023 1215 1055 τῶν
1231 1025 1270 1057 15
1284 1021 1449 1056 dentibus
1470 1020 1703 1065 quantitatem
1724 1029 1913 1055 aureorum
1934 1021 2087 1054 centum.
2133 1017 2170 1052 Si
2191 1017 2283 1051 enim
2303 1026 2362 1051 us-

136 1070 436 1115 υπερβαινουσῶν
454 1067 641 1111 ποσότητα
656 1070 798 1112 χρυσῶν
811 1069 952 1101 ἕκατον.
989 1067 1019 1100 εἰ
1031 1067 1101 1113 γὰρ
1112 1069 1213 1112 μέχρι

136 1116 264 1149 τούτου
287 1115 329 1148 τὸ
354 1117 487 1160 μέτρον
510 1114 562 1156 εἴη
585 1114 662 1146 τῶν
686 1112 808 1151 δικῶν,
833 1110 940 1146 οὐδὲν
963 1109 1091 1146 αύτούς
1115 1110 1213 1146 δικα-

136 1162 272 1194 στικῶν
302 1162 421 1193 ἕνεκεν
453 1157 694 1193 ἀπαιτεῖσθαι
724 1157 953 1202 βουλόμεθα·
991 1159 1029 1190 ἐκ
1085 1157 1130 1203 ἀρ
1154 1154 1212 1191 01‘1'-

136 1217 207 1239 τως
242 1205 425 1247 ἐλαχίστης
456 1205 655 1246 ποσότητος
691 1200 710 1237 ὁ
746 1203 814 1246 τὴν
850 1203 1051 1256 οἱανοῦνυέ
1073 1206 1214 1248 αίρεσιν

1285 1077 1352 1111 que
1372 1066 1418 1101 ad
1434 1066 1503 1101 hoc
1519 1075 1686 1101 mensura
1706 1065 1816 1100 fuerit
1834 1065 1959 1107 litium,
1979 1064 2066 1098 nihil
2084 1073 2144 1098 eos
2161 1062 2364 1097 audientiae

1284 1122 1394 1147 causa
1426 1111 1586 1146 volumus
1618 1110 1728 1154 exigi:
1768 1110 1827 1155 qui
1857 1111 1949 1145 enim
1979 1110 2030 1143 ita
2061 1118 2193 1154 parvae
2222 1107 2362 1153 quanti-

1282 1158 1367 1192 tatis
1397 1157 1619 1192 exactionem
1652 1156 1756 1199 facit,
1793 1166 1858 1200 pro
1891 1156 2045 1190 maxima
2080 1158 2183 1200 parte
2214 1153 2364 1189 victoria

1284 1203 1334 1238 sic
1358 1212 1552 1247 pauperem
1575 1202 1730 1237 fraudat.
1778 1202 1827 1236 Et
1851 1211 1965 1245 neque
1989 1201 2026 1236 in
2046 1200 2117 1235 hoc
2141 1199 2362 1235 solummodo

136 1251 346 1295 ποιούμενος
368 1253 526 1296 μεγίστῳ
549 1252 647 1294 με’ρει
669 1249 739 1304 ,τῆς
762 1252 858 1291 νίκης
888 1248 955 1282 τὸν
979 1261 1077 1282 ουτω
1101 1261 1213 1283 πεπο-
1228 1252 1269 1283 20
1283 1253 1435 1291 stamus,
1468 1248 1530 1282 sed
1551 1249 1658 1282 etiam
1683 1247 1726 1281 de
1750 1247 1897 1291 proprio
1928 1247 1996 1291 ipsi
2020 1245 2200 1289 largimur.
2251 1244 2363 1279 Volu-

135 1299 290 1339 νημένον
327 1295 477 1330 ἐλαττοῖ.
532 1298 605 1327 Καὶ
639 1307 681 1327 ου
710 1297 812 1339 μέχρι
848 1292 991 1328 τούτων
1027 1293 1213 1338 ἱστάμεθα

134 1341 273 1384 μόνων,
295 1339 385 1374 ἀλλὰ
407 1344 466 1374 καὶ
485 1340 633 1374 οἴκοθεν
653 1336 771 1373 αὐτοῖς
793 1338 1093 1384 φιλοτιμούμεθα.
1130 1343 1211 1384 βου-

136 1386 279 1430 λόμεθα
307 1387 376 1433 γὰρ
399 1388 552 1419 ἕκαστον
583 1386 660 1419 τῶν
683 1386 862 1419 τοιούτων
887 1382 1086 1427 διαιτητῶν
1115 1386 1214 1419 ἔτους

135 1431 287 1466 ἑκάστου
319 1431 418 1477 παρὰ
450 1432 511 1474 τῆς
534 1432 710 1475 τραπέζης
738 1431 801 1474 τῆς
831 1431 893 1473 σῆς
918 1428 1091 1475 ὑπεροχῆς
1114 1435 1211 1475 κομί-

1281 1305 1360 1329 mus
1391 1293 1484 1328 enim
1514 1303 1801 1337 unumquemque
1833 1303 1954 1327 eorum
1986 1291 2047 1335 qui
2077 1291 2143 1326 sub
2175 1290 2253 1325 istis
2279 1293 2365 1325 sunt

1281 1339 1522 1384 pedaneorum
1546 1338 1648 1373 annis
1674 1338 1820 1382 singulis
1846 1348 1868 1372 a
1888 1348 2011 1372 mensa
2035 1341 2120 1371 tuae
2142 1335 2364 1371 celsitudinis

1282 1385 1466 1430 percipere
1498 1385 1587 1420 duas
1620 1384 1729 1418 libras
1762 1383 1857 1427 auri,
1891 1387 1927 1418 et
1958 1383 2013 1417 his
2047 1392 2124 1417 esse
2157 1383 2364 1416 contentum

1282 1430 1385 1472 solis,
1411 1432 1447 1464 et
1470 1440 1585 1474 neque
1616 1429 1741 1464 redimi
1772 1433 1807 1463 et
1839 1439 1966 1463 aurum
1998 1428 2141 1463 omnino
2168 1427 2361 1471 despicere.

135 1477 267 1518 ζεσθαι
291 1477 381 1512 duas
405 1476 515 1511 libras
540 1476 635 1517 auri,
666 1479 726 1509 καὶ
751 1476 897 1510 ταύταις
925 1472 1120 1521 ἀρκεῖσθαι
1153 1479 1212 1509 καὶ
1228 1479 1269 1511 25
1282 1476 1477 1520 Propterea
1501 1475 1593 1510 enim
1626 1475 1793 1518 elegimus
1824 1474 1952 1509 fiscum
1977 1474 2152 1514 minuere,
2187 1476 2362 1517 quatenus

133 1523 276 1565 μόναις,
313 1519 565 1567 α’δωροτάτους
599 1535 639 1555 τε
672 1521 765 1555 εἶναι
800 1524 860 1554 καὶ
896 1525 1038 1567 χρυσίου
1075 1522 1213 1556 παντὸς

134 1565 382 1613 ὑπερφρονεῖν.
432 1565 491 1600 διὰ
521 1568 629 1601 τοῦτο
659 1567 729 1613 γὰρ
761 1566 938 1611 εἱλόμεθα
969 1567 1011 1600 τὸ
1038 1565 1213 1611 δημόσιον

134 1612 351 1655 ἐλαττῶσαι,
378 1613 438 1646 ἵνα
461 1616 521 1645 καὶ
543 1609 666 1646 αὐτῶν
690 1614 838 1646 ἕκαστος
861 1610 1077 1657 ἀρκούμενος
1105 1614 1149 1659 τῇ
1174 1626 1213 1646 τε

134 1655 222 1703 παρ’
249 1655 353 1702 ἡμῶν
378 1656 477 1691 δόσει
508 1661 579 1691 τοῖς
603 1671 642 1691 τε
666 1654 737 1690 άνὰ
763 1660 909 1703 τέτρασι
932 1661 1071 1703 χρυσοῖς
1095 1658 1212 1692 καθα-

167 1704 172 1712 ]
799 1703 814 1710 .-
880 1702 888 1712 Ι

1282 1522 1408 1556 horum
1443 1521 1686 1564 unusquisque
1729 1524 1920 1555 contentus
1960 1523 2084 1554 nostra
2124 1519 2289 1561 largitate
2330 1521 2366 1551 et

1282 1567 1463 1612 quaternis
1496 1567 1614 1601 aureis
1647 1575 1756 1610 puras
1789 1566 1853 1600 deo
1887 1569 1922 1600 et
1946 1565 2049 1600 nobis
2082 1565 2118 1599 et
2142 1564 2211 1607 legi
2242 1565 2364 1598 custo-

1282 1613 1358 1647 diat
1380 1622 1519 1655 manus,
1550 1612 1711 1656 cogitans
1736 1621 1827 1655 quae
1849 1621 1872 1646 a
1895 1611 2074 1655 prioribus
2098 1608 2364 1654 legislatoribus

1282 1658 1326 1693 de
1349 1658 1406 1693 his
1431 1657 1578 1693 definita
1601 1660 1696 1692 sunt.

134 1715 196 1748 ρας
226 1705 278 1746 τῷ
307 1704 384 1745 θεῷ
417 1716 456 1736 τε
479 1707 539 1736 καὶ
562 1700 648 1747 ἡμῖν
677 1706 737 1736 καὶ
763 1716 816 1746 τῳ
846 1717 949 1747 νιμῳ
983 1702 1121 1750 φυλάξῃ
1150 1704 1214 1738 τὰς
1228 1706 1270 1737 30

133 1753 258 1793 χεῖρας,
282 1749 549 1792 ἐνθυμούμενος
569 1748 628 1782 οἷα
648 1752 731 1794 περὶ
751 1749 895 1783 τούτων
910 1751 984 1782 τοῖς
1002 1750 1215 1795 ἔμπροσθεν

134 1794 352 1838 νομοθέταις
383 1792 617 1840 διηγόρευται.

1135 1896 1291 1932 CAPUT
1316 1897 1361 1933 X.

194 1975 239 2008 Τὸ
271 1973 311 2009 δὲ
340 1976 468 2019 χρῆναι
499 1979 557 2009 καὶ
591 1976 659 2010 τὸν
690 1978 767 2010 τῶν
798 1973 1074 2020 δαπανημάτων
1106 1974 1213 2023 λόγον
1328 1976 1478 2020 Oportet
1518 1978 1637 2012 autem
1672 1978 1709 2011 et
1744 1984 1981 2019 expensarum
2016 1973 2191 2009 rationem
2230 1973 2366 2009 iudices

135 2021 215 2062 τοὺς
237 2019 405 2054 δικαστὰς
429 2021 577 2055 πάντως
601 2021 848 2063 κατεξετάζειν
868 2020 1005 2065 (ἐπειδὴ
1025 2023 1131 2056 τοῦτο
1151 2036 1211 2056 κα-
1283 2023 1424 2056 omnino
1455 2022 1679 2064 examinare,
1712 2025 1748 2056 et
1778 2020 1861 2065 quia
1893 2020 1961 2055 hoc
1993 2020 2082 2054 bene
2106 2019 2259 2054 Zenonis
2285 2020 2366 2064 piae

137 2065 204 2119 λιξς
229 2069 288 2099 καὶ
312 2065 332 2109 ἡ
356 2065 522 2109 Ζήνωνος
546 2068 608 2100 τοῦ
634 2068 694 2109 τῆς
717 2064 884 2111 εὐσεβοῦς
907 2066 1037 2110 λήξεως
1061 2067 1212 2108 ἐπέταξε
1226 2070 1268 2102 35
1282 2068 1471 2102 memoriae
1507 2067 1666 2103 decrevit
1701 2066 1879 2102 sententia
1914 2067 1950 2100 et
1981 2075 2047 2100 nos
2081 2076 2155 2100 non
2188 2064 2368 2109 dedignati

138 2123 273 2157 ψηφος,
310 2111 408 2155 ἡμεῖς
442 2124 482 2145 τε
512 2110 575 2145 οὐκ
602 2109 864 2155 ἀπηξιώσαμεν
893 2115 996 2158 μέρος
1032 2115 1090 2145 καὶ
1123 2111 1209 2146 αὐτὸ
1283 2123 1404 2148 sumus
1434 2115 1572 2157 partem
1604 2113 1711 2148 etiam
1742 2113 1811 2147 hoc
1835 2112 2042 2146 nostrarum
2070 2110 2190 2145 facere
2214 2110 2366 2156 disposi-

139 2232 250 2256 causa
274 2221 435 2256 iudicare
454 2222 615 2272 desierit,
641 2233 713 2255 non
737 2222 844 2256 aliter
869 2222 946 2257 eius
970 2222 1212 2267 coqnitionem
1236 2223 1331 2257 alius
1347 2223 1519 2269 suscipiet
1540 2222 1611 2257 nisi
1635 2234 1702 2257 nos
1727 2222 1795 2258 lzoc
1811 2223 2044 2258 decernentes
2067 2221 2132 2256 alii
2157 2221 2238 2257 loco
2262 2222 2361 2258 itlius

140 2277 332 2301 causarum
356 2272 660 2302 exanimationem
685 2266 949 2312 tradiderimus.

262 2311 326 2346 IX.
364 2311 494 2347 Verum
511 2322 555 2346 ne
572 2322 684 2357 opera
701 2310 756 2345 liis
772 2311 877 2346 rebus
894 2311 981 2346 data
998 2311 1133 2357 absque
1148 2311 1309 2346 mercede
1325 2312 1373 2347 sit
1387 2311 1561 2358 pedaneis
1577 2311 1714 2346 nostris
1730 2311 1919 2353 iudicibus,
1941 2311 2122 2346 sancimus
2139 2323 2202 2347 eos
2223 2312 2260 2347 in
2277 2324 2366 2348 una-

141 2368 285 2402 quaque
304 2367 415 2391 causa
439 2367 532 2402 quae
548 2356 649 2402 apud
671 2367 732 2391 eos
753 2356 886 2402 aqitur,
912 2357 1052 2391 etiamsi
1077 2356 1248 2391 divinitus
1273 2357 1350 2391 (lete
1377 2361 1438 2392 ata
1455 2358 1513 2398 sit,
1539 2356 1582 2391 ab
1602 2360 1758 2401 utraque
1776 2361 1887 2403 parte
1911 2361 1947 2392 et
1962 2357 2066 2392 binos
2089 2368 2221 2392 aureos
2237 2357 2275 2392 in
2292 2357 2367 2393 litis

141 2402 402 2452 contestatione
426 2402 591 2448 accipere
614 2406 650 2436 et
673 2401 775 2436 binos
798 2401 835 2435 in
857 2402 931 2446 fine
954 2402 1108 2446 neqotii,
1136 2412 1201 2436 nec
1224 2401 1322 2436 ultra
1372 2413 1435 2437 aec
1459 2402 1652 2447 quicquam
1678 2402 1728 2443 (id
1751 2401 1850 2447 quod
1872 2402 1978 2437 etiam
2005 2402 2067 2447 qui
2084 2407 2368 2448 praecesserunt

141 2458 207 2482 nos
231 2447 469 2492 definierunt),
493 2447 558 2482 sed
581 2447 636 2481 liis
655 2446 797 2491 quidem
821 2447 907 2481 solis
931 2450 1119 2481 contentos
1135 2457 1231 2481 esse:
1253 2451 1294 2481 ut
1309 2447 1447 2482 scilicet
1463 2447 1663 2493 priuileqia
1688 2446 1737 2480 ad
1751 2451 1960 2492 sumptuum
1983 2447 2259 2482 deminutionem
2276 2459 2365 2483 non-

141 2492 250 2527 nullis
267 2493 450 2538 praestita
476 2492 639 2528 omnibus
663 2493 806 2538 inteqra
830 2492 1024 2527 secundum
1047 2491 1208 2526 ordinem
1232 2502 1335 2526 suum
1358 2496 1554 2527 serventur.
1609 2491 1707 2526 Haec
1737 2496 1856 2526 autem
1881 2491 2034 2527 dicimus
2058 2492 2102 2526 de
2126 2492 2248 2528 litibus
2297 2505 2366 2529 uae

142 2542 281 2572 centum
306 2548 500 2572 aureorum
525 2537 762 2583 quantitatem
787 2537 979 2572 coccedunt.
1029 2537 1122 2571 Nam
1146 2537 1178 2571 si
1202 2536 1300 2571 intra
1324 2536 1418 2572 lianc
1438 2548 1611 2572 summam
1636 2537 1764 2571 modus
1786 2537 1835 2571 sit
1858 2537 1987 2582 litium,
2018 2537 2110 2571 nilzil
2130 2548 2193 2572 eos
2215 2538 2253 2572 iu
2281 2539 2366 2574 icia-

142 2583 227 2618 lium
251 2583 494 2629 impensarum
519 2583 661 2617 nomine
685 2583 833 2628 exiqere
857 2582 1019 2617 volumus
1028 2595 1042 2624 ;
1070 2582 1134 2627 qui
1153 2582 1246 2617 enim
1269 2593 1319 2617 ex
1343 2586 1414 2617 tam
1431 2584 1569 2628 exiqua
1593 2583 1797 2627 quantitate
1820 2593 2082 2628 quamcumque
2107 2582 2365 2619 detractionem

139 2628 249 2673 facit,
273 2628 436 2663 maxima
455 2631 565 2673 parte
588 2628 761 2663 victoriae
782 2629 906 2674 privat
927 2639 1007 2662 eum
1032 2628 1097 2672 qui
1119 2631 1220 2662 tanto
1247 2627 1371 2663 labore
1396 2627 1591 2663 contendit.
1642 2627 1714 2662 Nec
1724 2638 1767 2662 ue
1792 2628 1890 2663 intra
1914 2627 2003 2662 llaec
2027 2629 2256 2664 consistimus
2271 2629 2365 2672 sola,

141 2673 205 2708 sed
227 2674 334 2708 etiam
358 2673 402 2708 de
434 2677 560 2708 nostro
591 2673 636 2707 iis
669 2673 853 2718 larqimur.
910 2672 1084 2707 Volumus
1112 2673 1204 2707 enim
1237 2683 1524 2718 unumquemque
1554 2673 1689 2708 eiusmo
1718 2673 1730 2706 i
1754 2673 2006 2719 pedaneorum
2031 2672 2188 2708 iudicum
2211 2674 2366 2720 sinqulis

142 2719 249 2754 annis
272 2729 295 2753 a
318 2729 440 2753 mensa
466 2723 547 2753 tuae
569 2718 802 2753 sublimitatis
825 2718 929 2753 binas
954 2719 1065 2754 libras
1090 2717 1172 2753 auri
1196 2719 1379 2763 accipere,
1405 2718 1520 2763 iisque
1545 2719 1773 2763 acquiescere
1795 2717 1895 2760 solis,
1921 2722 1955 2752 et
1971 2718 2089 2765 plane
2112 2719 2365 2766 incorruptum

142 2774 218 2799 esse
242 2767 350 2809 atque
374 2774 502 2798 aurum
528 2774 631 2798 omne
655 2763 847 2809 despicere.
904 2763 1107 2810 Propterea
1132 2763 1223 2798 enim
1245 2763 1371 2807 fiscum
1398 2763 1602 2798 deminuere
1625 2763 1828 2806 maluimus,
1852 2769 1892 2798 ut
1915 2763 2077 2809 ipsorum
2095 2775 2239 2810 quoque
2256 2776 2363 2800 unus-

143 2809 294 2861 quisque
317 2812 353 2844 et
375 2813 499 2843 nostra
524 2809 720 2844 donatione
749 2813 784 2844 et
807 2810 994 2854 quaternis
1017 2808 1139 2843 aureis
1162 2811 1350 2843 contentus
1368 2819 1488 2854 puras
1517 2813 1553 2844 et
1575 2808 1640 2843 deo
1666 2813 1701 2843 et
1724 2808 1827 2844 nobis
1854 2812 1889 2843 et
1917 2809 1989 2855 leqi
2019 2820 2148 2844 manus
2172 2810 2365 2853 custodiat,

143 2865 262 2889 animo
287 2857 461 2900 reputans
485 2865 577 2900 quae
600 2865 624 2889 a
645 2854 833 2901 prioribus
857 2853 1126 2899 leqislatoribus
1150 2853 1193 2888 de
1217 2852 1273 2887 liis
1293 2858 1492 2904 praecepta
1516 2853 1597 2888 sint.

278 2900 323 2934 X.
371 2898 476 2941 Quod
505 2903 623 2935 autem
656 2900 763 2935 etiam
792 2910 1035 2945 expensarum
1067 2899 1162 2933 ratio
1189 2898 1367 2933 iudicibus
1397 2899 1541 2933 omnino
1573 2899 1819 2934 examinanda
1845 2902 1899 2934 est
1927 2900 2111 2945 (quoniam
2140 2899 2209 2936 lzoc
2241 2905 2277 2937 et
2301 2901 2366 2938 Ze-

143 2945 251 2980 nonis
275 2945 364 2991 piae
394 2945 587 2980 memoriae
615 2945 792 2980 sententia
822 2948 917 2980 recte
947 2944 1133 2979 constituit
1164 2954 1279 2989 neque
1309 2955 1377 2978 nos
1401 2943 1589 2989 dediqnati
1613 2955 1736 2978 sumus
1767 2948 1804 2980 et
1833 2944 1952 2990 ipsum
1977 2944 2200 2991 particulam
2233 2948 2364 2982 consti-

193 3061 208 3092 1
236 3055 441 3100 διαδέξηται
458 3059 500 3091 M
515 3058 526 3098 ΙΙ
544 3059 562 3092 3
588 3055 846 3102 παραδοίημεν]
872 3055 1030 3090 &eidam
1051 3059 1126 3092 add.
1143 3059 1192 3090 B⁶
1208 3057 1219 3096 ΙΙ

148 3106 167 3138 8
191 3103 454 3150 πραπεμφθείη
469 3104 523 3136 M¹
541 3103 554 3146 ΙΙ
571 3106 590 3137 9
609 3101 823 3146 λαμβάνειν·
850 3098 1122 3146 ἀναλαμβάνειν
1146 3099 1218 3135 άνοὶ

148 3150 205 3182 Ma
222 3150 234 3192 ΙΙ
255 3150 295 3182 12
318 3148 448 3191 μόνους
472 3149 522 3181 B⁶
540 3149 552 3191 Ι]
579 3151 618 3182 13
644 3146 856 3181 ἐπελάττοσι
881 3148 928 3180 L¹
966 3144 1026 3181 ἐπ’
1054 3145 1220 3181 ἐλάττοσι

147 3195 198 3228 B⁶
214 3194 226 3237 ΙΙ
247 3196 289 3228 14
305 3191 571 3233 κατὰ-τάξιν
596 3206 653 3226 om.
671 3193 722 3226 ΒΓ
736 3193 747 3236 ΙΙ
769 3196 807 3227 15
833 3190 883 3233 δε]
907 3195 973 3236 μέν
987 3192 1037 3225 Bf
1053 3194 1064 3236 ΙΙ
1085 3195 1125 3226 16
1141 3205 1220 3237 χρυ-

147 3239 235 3280 σῶν]
261 3239 337 3272 τῶν
357 3238 498 3283 χρυσῶν
512 3238 562 3272 ΒΓ
575 3238 586 3280 ΙΙ
607 3241 646 3272 17
671 3236 713 3271 τὸ
739 3239 870 3281 μέτρον
894 3251 952 3271 om.
969 3239 1016 3270 B⁶
1035 3237 1046 3281 ΙΙ
1063 3235 1220 3271 δικαστι-

147 3285 233 3325 κιῦν]
264 3284 453 3317 audientiae
477 3295 496 3319 ς
524 3283 536 3327 ΙΙ
570 3285 607 3317 19
632 3282 698 3325 τὴν
722 3281 869 3316 οἱανοῦν
894 3296 950 3315 om.
968 3294 986 3319 ς
1014 3282 1026 3326 ΙΙ
1057 3285 1099 3316 20
1124 3285 1221 3324 νίκης

147 3330 345 3363 Haloander
370 3342 407 3362 ex
431 3331 462 3370 ς]
499 3327 594 3370 δίκης
620 3329 728 3361 MLB
756 3328 768 3371 11
799 3330 838 3362 21
871 3329 971 3372 μέχρι
994 3326 1149 3370 τούτων]
1185 3329 1219 3360 in

147 3376 210 3408 hoc
235 3387 254 3412 ς
278 3375 290 3418 ΙΙ
317 3376 359 3408 22
383 3373 509 3418 μόνων
523 3375 566 3406 M
571 3372 635 3414 (ΒΓ
640 3376 663 3415 )]
687 3371 802 3416 μόνον
817 3374 951 3415 LB⁰(s)
969 3373 981 3417 l}
1008 3371 1135 3414 αὐτοῖς]
1162 3369 1221 3405 αύ-

147 3420 229 3454 ‘tois
242 3421 293 3454 B⁶
316 3420 382 3463 ipsi
402 3421 436 3461 (ι’.
452 3433 477 3453 e.
496 3415 610 3457 αὐτοὶ)
636 3431 655 3454 ς
671 3418 683 3462 ΙΙ
701 3415 991 3464 φιλοτιμούμενοι
1004 3419 1035 3451 L
1052 3419 1063 3460 Ι]
1083 3420 1124 3452 23
1145 3418 1222 3451 τῶν

149 3463 336 3507 τοιούτων]
364 3476 476 3498 eorum
498 3465 556 3506 qui
575 3465 720 3496 subistis
732 3467 808 3496 sunt
828 3475 846 3499 ς
861 3463 873 3507 ΙΙ
893 3464 989 3496 ἔτους
1004 3483 1045 3487 -
1060 3464 1102 3497 24
1115 3460 1221 3508 ὑπερ-

151 3511 231 3553 οχῆς
247 3524 304 3544 om.
320 3511 370 3544 B!
383 3510 396 3554 ΙΙ
414 3512 457 3544 24
474 3508 760 3553 προκομίξεσθαι
776 3508 825 3541 Bf
846 3508 858 3552 ΙΙ
875 3510 916 3542 25
934 3509 1014 3541 duas
1028 3508 1132 3542 libras
1149 3509 1223 3541 auri

153 3557 254 3597 ς,,υιιῖ
277 3558 299 3597 .]
316 3556 380 3589 <hio
397 3555 557 3588 librarum
575 3555 649 3587 auri
662 3556 708 3588 M
725 3551 789 3587 δύο
806 3551 926 3601 λίτρας
940 3557 1084 3600 χρυσίου
1098 3555 1140 3587 Μ
1145 3566 1222 3596 s.v.‚

153 3601 221 3633 LB
245 3599 251 3644 Ι
281 3602 323 3635 26
346 3603 488 3647 χρυσίου
513 3599 648 3634 παντὸς
672 3599 760 3640 ΜΒ]
795 3598 932 3633 παντὸς
955 3600 1141 3644 χρυσίουΙι
1164 3609 1222 3632 au-

154 3655 227 3677 rum
243 3647 377 3679 omnino
394 3648 427 3687 (i.
443 3661 469 3679 e.
486 3646 647 3685 πάντως)
668 3658 686 3682 ς
703 3645 715 3689 ΙΙ
734 3647 775 3679 30
800 3642 946 3690 φυλάξει
959 3646 989 3678 L
1007 3644 1019 3688 ΙΙ
1037 3645 1081 3678 34
1105 3642 1223 3684 ἐξετά-

155 3690 229 3733 ζειν
245 3690 296 3724 B!
322 3691 333 3734 ΙΙ
364 3689 499 3734 ἐπειδὴ]
524 3694 556 3724 et
581 3692 659 3733 quia
682 3692 752 3733 (om.
780 3693 821 3725 35
839 3693 910 3732 καὶ)
935 3702 954 3726 ς
977 3690 990 3735 1]
1017 3691 1115 3733 36sq.
1145 3691 1223 3724 Cod.

155 3737 271 3777 7‚51,5
296 3736 308 3779 n
331 3740 382 3778 τε]
408 3734 447 3770 δὲ
470 3739 501 3770 L

1335 3059 1350 3090 1
1375 3056 1543 3088 adiutorio
1559 3056 1592 3088 R
1608 3055 1621 3099 ΙΙ
1639 3057 1658 3089 2
1684 3067 1743 3088 nos
1769 3070 1826 3090 om.
1851 3058 1905 3100 Vl}
1925 3057 1991 3090 alio
2010 3058 2124 3102 RT¹11
2143 3062 2215 3101 pro]
2239 3061 2274 3092 in
2291 3062 2338 3093 R¹
2356 3063 2367 3103 ss

1288 3104 1306 3135 5
1318 3104 1405 3135 rubr.
1420 3102 1469 3133 De
1481 3100 1608 3133 solatiis
1621 3100 1761 3142 (salariis
1778 3103 1820 3143 R)
1836 3103 1988 3135 iudicum
2002 3104 2111 3137 RTin
2124 3117 2185 3147 mq.
2200 3107 2251 3145 (ex
2263 3106 2341 3146 Iul.)
2362 3108 2366 3150 Ι

1288 3149 1307 3181 6
1333 3147 1513 3180 sanctimus
1536 3147 1701 3178 sancimus
1726 3147 1802 3190 V¹·n
1828 3150 1844 3180 7
1872 3159 1985 3180 causas
2008 3149 2056 3180 V¹
2076 3148 2088 3192 ΙΙ
2113 3150 2275 3182 diuinitas
2299 3151 2331 3183 R
2362 3151 2366 3195 Ι

1288 3195 1308 3227 9
1332 3193 1412 3224 haec
1437 3192 1470 3224 R
1500 3191 1512 3234 1]
1543 3193 1581 3224 10
1611 3192 1874 3233 praedecessores
1908 3192 1957 3226 V³
1969 3193 2017 3226 Τ2
2046 3193 2057 3236 ΙΙ
2090 3196 2126 3227 11
2161 3198 2366 3237 contemptos

1289 3238 1321 3270 R
1337 3238 1348 3279 11
1378 3239 1418 3270 12
1443 3236 1665 3268 diminutione
1691 3238 1759 3269 ΕΤ
1782 3236 1793 3279 ΙΙ
1817 3240 1984 3280 sumptum
2007 3239 2055 3270 V¹
2073 3239 2085 3282 ΙΙ
2113 3241 2155 3273 14
2179 3240 2213 3271 in
2238 3240 2363 3282 litibus]

1288 3282 1451 3315 militibus
1475 3282 1523 3313 R¹
1540 3281 1551 3324 Η
1585 3283 1624 3314 16
1649 3282 1714 3314 huc
1737 3282 1781 3314 V¹
1809 3281 1820 3325 ΙΙ
1847 3283 1998 3315 audienti
2024 3284 2075 3316 T¹
2094 3283 2105 3327 ΙΙ
2139 3285 2178 3318 18
2196 3286 2365 3318 exactione

1297 3328 1408 3361 V¹T¹
1433 3326 1444 3370 ΙΙ
1474 3338 1533 3369 pro
1558 3327 1700 3358 maxima
1721 3327 1859 3370 Vvulq]
1884 3329 2035 3370 proxima
2057 3330 2124 3362 ΒΤ
2148 3330 2160 3372 ΙΙ
2189 3330 2363 3363 uictoriam

1298 3374 1344 3406 V¹
1362 3373 1373 3415 ΙΙ
1396 3374 1435 3406 19
1449 3372 1506 3412 sic]
1525 3372 1610 3403 sicut
1628 3372 1660 3404 V
1672 3372 1683 3415 ΙΙ
1701 3374 1890 3415 pauperiem
1905 3373 1990 3406 RT¹
2008 3373 2020 3416 ΙΙ
2039 3375 2080 3407 20
2095 3375 2176 3417 ipsis
2195 3374 2243 3408 V³
2256 3377 2339 3420 vulq.
2354 3375 2365 3421 ΙΙ

1291 3420 1330 3452 21
1357 3418 1476 3450 horum
1501 3417 1533 3449 V
1553 3416 1565 3459 ΙΙ
1590 3417 1669 3449 istos
1694 3417 1742 3449 R¹
1778 3419 1842 3450 isto
1864 3418 1915 3451 V¹
1939 3418 2067 3459 (ordine
2089 3427 2163 3462 post
2185 3423 2263 3452 sunt
2286 3422 2363 3455 add.

1300 3463 1360 3503 V2)
1388 3462 1399 3506 ΙΙ
1428 3464 1468 3495 23
1496 3462 1557 3502 his]
1591 3463 1618 3493 is
1642 3462 1691 3494 R¹
1719 3461 1730 3506 ΙΙ
1761 3466 1987 3506 contemptum
2013 3463 2090 3496 TR2
2123 3475 2164 3496 ·c·
2192 3467 2267 3507 (i.e.
2290 3477 2365 3499 een-

1290 3510 1374 3548 tum)
1398 3507 1447 3540 R¹
1469 3506 1482 3551 ΙΙ
1514 3508 1556 3540 26
1580 3508 1742 3548 unusquis
1768 3508 1799 3540 T
1819 3508 1831 3551 Ι]
1857 3510 1897 3542 27
1924 3509 2106 3551 quaternis]
2132 3513 2295 3551 quatenus
2316 3511 2366 3556 Vss

1292 3552 1455 3586 custodiat
1479 3554 1578 3596 vulq]
1603 3552 1791 3585 custodiant
1819 3555 1894 3586 libri
1909 3553 1920 3596 Ι]
1950 3555 1991 3588 33
2007 3557 2092 3587 rubr.
2119 3557 2168 3588 De
2192 3557 2366 3590 sententiis

1292 3598 1481 3631 diffinitiuis
1497 3598 1610 3640 qu.‚
1633 3598 1682 3630 De
1701 3598 1878 3630 difinitiuis
1897 3599 2071 3632 sententiis
2085 3600 2118 3633 T
2127 3614 2185 3646 my.
2201 3602 2252 3644 (ex
2265 3602 2341 3644 Iul.)
2355 3602 2366 3647 {l

1293 3646 1324 3677 et
1346 3644 1391 3684 V]
1418 3656 1475 3676 om.
1496 3643 1655 3686 RTvulq.
1674 3641 1686 3687 ΙΙ
1710 3644 1753 3677 36
1778 3644 2027 3686 dispositionem
2051 3645 2083 3679 V
