2618 4010
153 162 213 198 DE
240 159 419 198 nnr'ms

152 268 261 310 μένου
283 260 306 309 ἢ
335 261 355 300 ὁ
378 262 547 311 πατρωὸς
575 261 597 307 ἢ
628 261 650 307 ἡ
671 263 824 311 μητρυιὰ
848 262 1138 310 παραλήψονται.
1186 264 1232 297 Εἰ

154 309 194 344 δὲ
213 310 322 345 ἄνισα
342 309 389 345 τὰ
407 308 711 354 καταλελειμμένα
729 308 906 356 τυγχάνοι,
931 311 1106 344 τοσοῦτον
1125 306 1228 356 ἀνάγ-

153 368 196 398 κη
219 356 334 401 μόνον
357 355 405 389 εἰς
427 354 495 398 τὴν
517 353 695 402 μητρυιὰν
726 353 748 398 ἢ
770 355 835 390 τὸν
860 354 1033 403 πατρωὸν
1057 354 1231 402 ἔρχεσθαι

154 402 193 442 ἐξ
217 398 429 444 οἱαςδήποτε
459 398 661 446 φιλοτιμίας
690 401 755 434 τοῦ
785 403 932 447 γονέως,
966 401 1012 435 εἰς
1035 397 1123 434 ὅσον
1143 396 1162 435 ό
1187 398 1229 434 τὸ

153 445 305 481 ἔλαττον
335 448 429 488 ἔχων
460 449 544 480 παῖς
577 447 615 478 ἐκ
643 446 704 489 τῆς
739 447 874 480 ἐκείνου
906 450 1110 492 περιουσίας
1145 444 1229 490 λαμ-

153 489 257 536 βάνει
291 488 313 534 ἢ
348 489 420 526 ἀπὸ
455 489 660 525 τελευταίας
694 490 894 535 βουλήσεως
929 490 1179 537 καταλειφθὲν
1209 488 1231 534 ἢ

153 540 213 570 καὶ
237 538 277 571 ἐν
301 538 376 584 ζωῇ
402 533 610 580 δεδομένον·
646 534 782 580 δηλαδὴ
809 538 871 579 τῆς
895 533 1024 583 πρώην
1049 535 1230 582 τετάρτης,

153 584 233 616 νυνὶ
257 579 298 616 δὲ
320 585 442 636 τρίτης
464 578 486 624 ἣ
509 579 668 625 ἡμισείας
698 580 790 616 κατὰ
822 581 888 616 τὸν
915 581 1086 627 ἡμέτερον
1118 579 1231 625 νόμον

152 630 278 674 μοίρας
301 637 448 679 παντως
479 627 532 670 τῷ
555 624 663 681 παιδὶ
692 625 1053 671 καταλιμπανομένης
1083 623 1104 669 ἢ
1135 625 1230 660 διδο-

1231 147 1310 196 169

2035 150 2142 194 Nov.
2172 150 2299 196 XXII
2327 152 2378 193 27

1299 264 1510 310 percipiant.
1569 261 1608 298 Si
1642 272 1724 298 vero
1767 263 1969 308 inaequalia
2004 273 2095 308 quae
2131 262 2380 308 relinquuntur

1299 310 1448 352 fuerint,
1483 312 1623 344 tantum
1651 318 1798 343 necesse
1823 313 1877 344 est
1896 310 2011 345 solum
2034 309 2080 344 ad
2104 313 2293 344 novercam
2316 312 2380 343 aut

1299 355 1463 390 vitricum
1486 353 1605 390 venire
1628 363 1672 389 ex
1698 364 1921 399 quacumque
1941 353 2107 398 largitate
2130 353 2310 399 parentis,
2341 354 2380 388 in

1299 405 1469 445 quantum
1496 400 1555 445 qui
1579 399 1695 435 minus
1726 399 1835 433 habet
1864 399 1958 434 filius
1989 409 2033 434 ex
2056 399 2150 434 illius
2175 399 2378 435 substantia

1266 450 1285 481 5
1299 446 1451 491 percipit
1474 449 1537 480 aut
1560 455 1604 480 ex
1627 444 1818 480 novissima
1842 445 2023 480 voluntate
2047 444 2230 480 dimissum
2254 448 2318 479 aut
2342 444 2380 479 in

1299 491 1371 527 vita
1391 491 1530 526 datum:
1556 491 1687 536 quippe
1705 489 1837 525 dudum
1859 492 1997 534 quarta,
2019 500 2113 524 nunc
2132 494 2250 524 autem
2271 489 2379 524 tertia

1299 539 1362 571 aut
1385 536 1502 572 media
1523 536 1718 572 secundum
1739 538 1900 570 nostram
1919 535 2031 579 legem
2050 536 2214 579 portione
2235 534 2378 570 omnino

1298 582 1371 617 filio
1396 581 1628 627 relinquenda
1652 584 1715 616 aut
1738 580 1875 624 danda3
1910 580 1979 615 nisi
2002 590 2127 614 rursus
2150 580 2375 624 ingratitudi-

1298 628 1354 662 nis
1377 628 1470 662 ratio
1496 627 1731 662 contradicat.
1791 625 1869 661 Hoc
1897 625 1989 660 idem
2023 625 2245 660 observando
2277 628 2314 660 et
2342 626 2379 660 in

152 675 268 717 μένης,
292 672 324 706 εἰ
341 685 390 716 μη
411 668 523 706 πάλιν
547 686 565 705 o
587 673 647 714 τῆς
666 669 873 719 ἀχαριστίας
897 672 1098 714 ἐναντιῷτο
1120 670 1230 719 λόγος.
1248 676 1287 708 10
1301 682 1366 707 avo
1392 675 1429 707 et
1451 672 1488 707 in
1512 672 1609 715 avia,
1642 675 1677 707 et
1700 681 1833 716 proavo
1867 674 1902 706 et
1926 670 2091 715 proavia,
2125 673 2161 704 et
2190 670 2379 715 nepotibus

159 715 294 751 Ταῦτοῦ
330 718 458 751 τούτου
494 715 761 762 φυλαττομένου
795 719 854 751 καὶ
888 718 948 751 ἐπὶ
985 714 1137 751 πάππου
1173 720 1232 750 καὶ

153 761 304 808 μάμμης,
328 765 388 796 καὶ
411 763 636 809 προπάππου
657 766 717 797 καὶ
742 760 966 808 προμάμμης,
991 765 1050 795 καὶ
1071 760 1232 808 ἐγγόνων

152 806 315 855 ἀρρένων
349 806 371 851 ἢ
404 806 569 851 θηλειῶν
606 812 666 842 καὶ
705 806 937 854 προεγγάνων
977 804 1125 848 ὁμοίως,
1162 807 1232 840 εἴτε

153 850 357 894 ὑπεξούσιοι
389 852 498 895 τυχὸν
529 853 601 907 εἴτε
631 852 867 900 ἐμαγκιπάτοι
888 849 1161 894 καθεστήκοιεν,
1194 853 1232 885 ἐκ

1300 718 1469 753 masculis
1493 721 1557 752 aut
1579 716 1737 759 feminis,
1763 720 1799 751 et
1821 716 2078 761 pronepotibus
2104 715 2275 760 similiter,
2306 715 2379 751 sive

1302 763 1368 797 sub
1389 767 1568 807 potestate
1598 761 1720 798 forsan
1752 762 1825 798 sive
1846 761 1984 797 emanci
2011 761 2062 796 ati
2087 760 2304 803 consistant,
2337 771 2381 796 ex

1301 810 1454 852 paterna
1477 808 1532 843 vel
1556 811 1715 843 materna
1739 807 1835 842 linea
1853 807 1982 843 descen
2010 809 2118 842 entes.
2157 806 2208 840 Et
2226 806 2295 841 hoc
2320 805 2380 841 de-

1302 863 1451 888 cernens
1476 856 1573 888 recte
1597 852 1718 888 intulit
1742 852 1837 898 quia,
1871 852 1967 898 quod
1988 853 2068 897 plus
2090 855 2145 887 est
2167 851 2204 886 in
2225 861 2267 887 eo
2286 851 2382 896 quod

152 899 213 941 τῆς
229 898 402 944 πατρῴας
425 898 447 941 ἢ
469 909 639 952 μητρῳας
661 895 994 951 κατιόντεςσειρᾶς.
1032 899 1104 930 Καὶ
1124 898 1232 931 τοῦτο
1249 902 1286 934 15
1301 898 1466 933 relictum
1501 902 1564 933 aut
1597 899 1718 933 datum
1756 901 1811 934 est
1842 898 1984 934 omnino
2019 901 2082 932 aut
2113 906 2287 932 novercae
2319 899 2383 932 aut

154 941 315 989 διορίσας
338 942 462 988 ὀρθῶς
486 946 675 990 ἐπηγαγεν,
701 956 758 977 οτι
782 941 824 976 τὸ
848 941 958 976 πλέον
981 943 1045 975 το-ἶι
1071 941 1231 976 καταλει-

154 988 313 1035 φθέντος
329 985 350 1032 ἢ
369 987 544 1023 δοθέντος
562 986 652 1023 ὅλως
668 985 690 1031 ἢ
709 989 754 1035 τῇ
773 989 929 1033 μητρυιᾷ
950 983 972 1029 ἢ
992 988 1045 1030 τῷ
1068 988 1230 1031 πατρωῷ

155 1032 281 1068 ὠςανεὶ
315 1033 406 1079 μήτε
429 1036 574 1090 γραφὲν
610 1046 699 1078 μητε
729 1031 978 1077 καταλειφθὲν
1012 1031 1034 1076 ἢ
1066 1031 1180 1066 δοθὲν
1211 1030 1232 1074 ἢ

154 1078 325 1127 δωρηθέν
348 1077 495 1124 ἆρμοσει
523 1081 596 1113 τοῖς
629 1081 733 1113 παισὶ
757 1081 816 1111 καὶ
846 1072 981 1122 μεταξὺ
1005 1077 1147 1111 τούτων
1169 1077 1231 1122 μό·

1301 943 1444 987 vitrico,
1483 954 1526 978 ac
1558 944 1589 978 si
1624 954 1739 988 neque
1773 943 1943 988 scriptum
1981 952 2095 987 neque
2125 942 2289 978 relictum
2320 944 2383 976 aut

1301 988 1422 1023 datum
1447 989 1501 1023 vel
1523 989 1692 1024 donatum
1724 993 1904 1034 competat
1928 988 2010 1023 filiis
2035 992 2071 1023 et
2090 988 2183 1024 inter
2202 998 2264 1023 eos
2285 988 2382 1023 solos

1301 1043 1345 1067 ex
1369 1044 1482 1078 aequo
1508 1034 1685 1069 dividitur.
1741 1034 1790 1069 Ut
1814 1037 1978 1079 oporteat
2008 1043 2160 1078 namque
2185 1043 2230 1069 ex
2254 1043 2381 1068 secun-

1304 1078 1358 1113 dis
1382 1079 1515 1123 nuptiis
1549 1079 1641 1114 filios
1671 1080 1880 1124 participari
1905 1080 2009 1114 etiam
2033 1080 2179 1121 horum,
2211 1079 2383 1123 scriptum

153 1139 230 1159 νων
254 1125 370 1168 ἐξίσης
393 1123 676 1169 διαιρεθήσεται.
730 1126 775 1156 To
806 1122 873 1169 γὰρ
906 1120 981 1157 δεῖν
1005 1122 1170 1176 ,callemus
1193 1124 1233 1156 ἐκ
1247 1127 1287 1158 20
1302 1123 1443 1168 quidem
1484 1124 1520 1158 in
1556 1124 1710 1169 quadam
1752 1125 2005 1160 constitutione
2041 1127 2113 1168 est,
2155 1135 2227 1159 non
2263 1126 2383 1159 tamen

154 1172 215 1204 τοῦ
249 1168 413 1216 δευτέρου
442 1169 556 1216 γάμου
586 1166 718 1204 παῖδας
744 1171 904 1211 μετέχειν
928 1171 988 1202 καὶ
1011 1181 1155 1203 τουτων
1178 1171 1231 1216 γέ-

152 1229 313 1263 γραπται
342 1217 410 1260 μὲν
441 1217 504 1250 ἐπί
532 1225 629 1248 τινος
662 1211 874 1254 διατάξεως,
907 1210 947 1247 οὗ
979 1212 1052 1257 μὴν
1082 1217 1142 1247 καὶ
1166 1215 1233 1248 νῦν

155 1259 237 1305 ἡμῖν
271 1257 420 1305 ἀρέσκει.
477 1256 581 1293 Ἀλλὰ
615 1262 689 1293 τοῖς
728 1260 766 1292 ἐκ
809 1260 872 1293 τοῦ
910 1261 1085 1306 προτέρου
1118 1257 1232 1305 γάμου

154 1309 276 1347 παισί,
307 1302 360 1338 δι’
386 1300 444 1338 οὓς
461 1307 526 1337 ’καὶ
551 1302 861 1357 παρατετήρηται,
895 1302 1064 1338 διδόσθω
1091 1304 1230 1348 μόνοις·

1302 1169 1409 1204 etiam
1434 1180 1530 1204 nunc
1554 1170 1658 1204 nobis
1684 1170 1820 1214 placet,
1854 1170 1916 1205 sed
1947 1181 1991 1205 ex
2023 1169 2132 1214 priori
2157 1169 2381 1205 matrimonio

1301 1214 1404 1256 filiis,
1438 1218 1585 1259 propter
1614 1225 1703 1258 quos
1734 1218 1770 1250 et
1802 1216 2030 1251 observatum
2055 1219 2126 1257 est,
2160 1215 2263 1250 detur
2286 1214 2381 1257 solis,

1301 1260 1401 1294 nulla
1432 1259 1695 1295 machinatione
1727 1270 1841 1305 neque
1874 1271 1939 1305 per
1974 1260 2179 1313 suppositas
2210 1269 2382 1305 personas

1301 1315 1417 1350 neque
1453 1315 1518 1350 per
1554 1305 1660 1340 aliam
1697 1316 1842 1340 causam
1881 1306 2059 1350 interponi
2094 1306 2244 1341 valente.
2303 1305 2383 1340 Hoc

153 1347 315 1393 οὐδεμιᾶς
330 1352 501 1405 ,μηχανῆς
531 1349 614 1384 οὔτε
643 1346 694 1383 δι’
727 1347 1004 1394 υποβολιμαίων
1028 1349 1233 1397 προςώπων
1247 1353 1288 1385 25
1301 1355 1420 1386 autem
1451 1350 1546 1395 quod
1575 1351 1658 1395 plus
1691 1354 1746 1386 est
1782 1350 1940 1386 divident
1971 1351 2166 1386 adinvicem
2192 1350 2286 1395 grati
2317 1350 2382 1385 filii

151 1394 234 1430 οὔτε
257 1408 326 1429 κατ
362 1393 476 1438 ἄλλην
495 1395 618 1429 αἰτίαν
641 1393 1001 1440 παραλαμβάνεσθαι
1022 1394 1231 1439 δυναμένης.

159 1441 270 1475 Τοῦτο
299 1438 339 1474 δὲ
360 1439 402 1475 ’τὸ
428 1440 599 1486 περιττὸν
628 1438 877 1486 διαιρήσονται
901 1439 989 1488 πρὸς
1009 1436 1176 1484 ἀλλήλους
1199 1440 1235 1475 οἱ

151 1488 397 1531 κεχαρισμένοι
429 1484 554 1521 παῖδες
585 1489 657 1520 τοῖς
686 1487 862 1533 γονεῦσιν,
895 1483 958 1528 οὐχ
991 1486 1028 1520 οἱ
1048 1483 1232 1532 ἀχάριστοι

152 1535 235 1585 περὶ
269 1529 415 1565 τούτους
452 1529 675 1584 δεικνύμενοι
718 1534 777 1564 καὶ
820 1528 1028 1585 ἀχαριστίας
1066 1531 1233 1574 τοιαύτης

1301 1396 1530 1441 parentibus,
1565 1406 1639 1431 non
1670 1396 1801 1440 ingrati
1833 1396 1929 1431 circa
1960 1396 2024 1431 hos
2049 1396 2239 1441 approbati
2271 1399 2306 1431 et
2328 1396 2382 1430 in-

1300 1441 1518 1486 gratitudine
1543 1441 1747 1477 huiusmodi
1770 1442 1914 1477 obnoxii
1940 1441 2143 1484 constituti,
2169 1442 2309 1486 qualem
2332 1441 2381 1475 le-

1301 1497 1363 1531 ges
1400 1491 1588 1531 quaerunt.
1651 1487 1758 1522 Tales
1794 1497 1947 1531 namque
1981 1487 2088 1522 etiam
2122 1487 2191 1521 hac
2228 1486 2384 1521 utilitate

1302 1533 1499 1577 privamus,
1532 1542 1576 1567 ne
1597 1531 1691 1568 forte
1714 1535 1861 1578 propter
1892 1543 1990 1577 spem
2014 1532 2121 1568 huius
2146 1531 2384 1577 possessionis

152 1575 354 1612 υπεύθυνοι
374 1577 618 1618 καθεστῶτες,
636 1579 768 1610 οποίαν
787 1575 822 1610 οἱ
838 1590 944 1634 νομοι
964 1578 1118 1632 ζητοῦρι.
1152 1577 1234 1611 τοὺς
1247 1581 1289 1612 30
1304 1582 1430 1613 contra
1452 1581 1620 1623 parentes
1645 1578 1819 1613 accedant
1843 1580 1879 1613 et
1903 1578 2059 1622 protervi
2084 1578 2156 1613 sint
2180 1579 2216 1613 et
2235 1581 2385 1612 naturae

152 1622 220 1670 γὰο
250 1620 434 1657 τοιούτους
466 1624 525 1656 καὶ
561 1623 622 1665 τῆς
652 1621 828 1655 ἐντεῦθεν
860 1620 1033 1667 ωφελείας
1063 1621 1232 1669 αφαιρού-

152 1681 196 1712 με
230 1681 271 1709 α,
309 1665 448 1712 μήποτε
482 1668 544 1710 τῆς
579 1665 722 1702 ἐλπίδος
757 1664 1046 1713 ὑποφαινομένης
1082 1669 1144 1711 τῆς
1179 1670 1232 1702 ἐν·

154 1713 287 1747 τεῦθεν
310 1710 466 1756 κτήσεως
495 1711 587 1746 κατὰ
617 1714 696 1747 τῶν
742 1716 857 1746 ονέων
882 1715 1033 1758 χωροῖεν
1057 1716 1116 1746 καὶ
1140 1713 1233 1758 θρα-

154 1758 321 1792 σύνοιντο
362 1761 422 1791 καὶ
457 1756 538 1792 τοὺς
579 1759 641 1802 τῆς
676 1769 817 1812 φυσεως
853 1755 1061 1813 άτιμάζοιεν
1095 1756 1233 1802 νόμους.

1301 1623 1514 1658 iniurientur
1548 1624 1652 1668 leges.
1712 1624 1838 1658 Palam
1875 1634 2015 1668 quoque
2055 1627 2109 1658 est
2145 1623 2312 1668 quoniam
2351 1626 2386 1658 et

1302 1669 1372 1711 hic,
1398 1669 1428 1704 si
1452 1669 1529 1713 quis
1554 1669 1681 1703 horum
1705 1669 1892 1711 moriatur,
1919 1670 1964 1703 ad
1990 1679 2078 1713 quos
2103 1668 2199 1713 quod
2224 1669 2305 1713 plus
2330 1672 2385 1703 est

1303 1714 1549 1750 deducebatur
1573 1713 1655 1749 filiis
1681 1714 1934 1756 existentibus,
1961 1714 2120 1749 defuncti
2144 1713 2208 1750 filii
2232 1715 2300 1749 hoc
2325 1724 2385 1748 ac-

1306 1760 1436 1805 cipient
1461 1759 1654 1794 secundum
1678 1760 1858 1805 propriam
1885 1760 2025 1805 quidem
2043 1759 2315 1801 multitudinem,
2340 1759 2385 1794 ad

153 1801 335 1849 πρόδηλον
367 1801 407 1837 δὲ
438 1801 484 1838 ὠς
514 1800 724 1844 κάνταῦθα,
758 1804 788 1837 εἰ
819 1816 872 1838 τις
900 1816 1045 1837 τουτων
1073 1802 1232 1847 τελευτή·
1247 1807 1287 1839 35
1303 1805 1463 1841 defuncti
1487 1815 1571 1840 vero
1595 1809 1745 1850 partem.

153 1861 258 1892 σειεν,
284 1849 331 1882 εἰς
359 1846 418 1882 οὓς
440 1848 483 1883 τὸ
507 1847 679 1896 περιττὸν
704 1851 860 1896 ἐφέρετο,
885 1846 1031 1884 παίδων
1049 1846 1233 1891 ὑπόντων,

153 1894 189 1929 οἱ
220 1894 284 1928 τοῖ’
319 1892 596 1939 τελευτήσαντος
630 1891 755 1929 παῖδες
789 1895 896 1928 τοῦτο
928 1892 1107 1940 λήψονται
1142 1894 1234 1929 κατὰ

152 1942 219 1984 μὲν
242 1937 283 1974 τὸ
307 1940 438 1973 οἰκεῖον
463 1938 622 1983 πλῆθος,
656 1938 744 1987 πρὸς
768 1937 808 1973 δὲ
839 1938 881 1974 τὸ
905 1940 970 1974 τοῦ
1000 1938 1232 1984 τελευτήσαν·

153 1996 212 2019 τος
233 1987 347 2031 μέρος.
990 1993 995 1998 ’

153 2154 216 2179 7·Οὸ
244 2154 331 2180 8888.

391 2141 458 2178 Sin
488 2153 573 2178 vero
606 2143 816 2190 inaequalia
850 2144 952 2188 forte
980 2144 1055 2179 sint
1086 2155 1130 2179 ca
1156 2155 1251 2189 quae
1282 2144 1412 2179 relicta
1441 2149 1544 2187 sunt,
1582 2136 1723 2179 tantum'
1751 2144 1800 2179 ad
1827 2154 2019 2179 novercam
2055 2144 2110 2179 vel
2140 2145 2305 2180 vitricum
2337 2156 2387 2181 ex

154 2199 378 2236 quacumque
412 2188 628 2223 liberalitate
658 2189 826 2234 parentis
860 2189 976 2224 solum
1005 2189 1200 2235 perveniat
1229 2199 1372 2225 necesse
1406 2200 1497 2231 esse,
1530 2194 1706 2235 quantum
1738 2189 1856 2234 filius,
1891 2188 1955 2235 qui
1977 2188 2151 2224 minorem
2176 2190 2386 2236 portionem

154 2235 278 2277 nabet,
316 2244 367 2270 ex
396 2233 500 2269 bonis
528 2233 627 2268 illius
654 2234 728 2268 sive
757 2243 807 2268 ea:
838 2233 964 2268 ultima
996 2234 1183 2269 voluntate
1215 2233 1423 2269 derelictum
1454 2234 1529 2269 sive
1558 2234 1666 2268 etiam
1700 2234 1796 2269 inter
1833 2234 1933 2269 vivos
1965 2233 2088 2269 datum
2122 2235 2297 2281 accipiat,
2333 2236 2386 2271 ita

153 2280 321 2314 nimirum
355 2282 397 2314 ut
424 2282 558 2324 quarta
589 2288 684 2323 quae
716 2278 799 2312 olim
829 2278 924 2324 fuit,
961 2288 1057 2312 nunc
1087 2289 1172 2313 vero
1207 2278 1315 2313 tertia
1346 2278 1403 2314 vel
1432 2278 1583 2313 dimidia
1607 2289 1704 2324 pars
1734 2278 1930 2313 secundum
1963 2282 2127 2313 nostram
2163 2279 2277 2326 leqem
2305 2280 2385 2327 filio

154 2325 298 2360 omnino
321 2324 550 2374 relinquatur
573 2325 639 2357 aut
661 2322 785 2363 detur;
818 2322 889 2356 nisi
912 2333 1042 2357 rursus
1065 2322 1339 2368 inqratitudinis
1367 2323 1465 2358 ratio
1494 2322 1617 2358 obstet.
1678 2322 1853 2369 Idemque
1882 2322 1951 2358 hoe
1982 2324 2254 2359 custodiendum
2278 2325 2386 2361 etiam

153 2370 192 2403 in
216 2379 284 2404 avo
309 2372 344 2402 et
368 2378 461 2408 avia,
486 2371 520 2401 et
537 2377 682 2412 proavo
707 2372 742 2402 et
760 2367 930 2412 proavia,
954 2371 990 2402 et
1013 2367 1202 2413 nepotibus
1225 2378 1270 2402 ne
1300 2367 1435 2403 tibusve
1456 2368 1670 2414 pariterque
1693 2368 1732 2402 in
1753 2379 1872 2414 prone
1900 2367 2029 2411 otibus,
2052 2369 2127 2404 sive
2149 2369 2189 2404 in
2200 2374 2387 2416 potestate

153 2414 255 2459 sorte
277 2413 351 2448 sive
374 2411 593 2458 emancipati
615 2411 708 2454 sint,
742 2422 791 2447 esc
806 2415 968 2458 paterna
992 2412 1048 2447 vel
1070 2416 1235 2448 materna
1281 2413 1363 2448 inea
1391 2412 1654 2448 descendentes
1714 2413 1833 2459 Atque
1888 2422 1931 2448 oc
1962 2412 2112 2458 definito
2135 2419 2231 2450 recte
2255 2415 2387 2451 adiecit

155 2463 198 2494 ut
219 2457 274 2501 id,
306 2456 406 2504 quod
423 2456 511 2502 plus
539 2457 588 2492 sit
607 2456 772 2492 relictum
795 2457 851 2504 vel
873 2456 997 2492 datum
1022 2458 1166 2492 omnino
1191 2457 1247 2493 vel
1269 2468 1446 2494 novercae
1473 2458 1530 2493 vel
1551 2458 1698 2500 vitrico,
1733 2462 1804 2494 tam
1833 2469 1915 2493 uam
1938 2469 2054 2504 neque
2072 2460 2248 2506 scriptum
2271 2471 2387 2512 neque

155 2503 320 2539 relictum
343 2502 398 2538 vel
421 2502 545 2538 datum
569 2501 626 2537 vel
647 2501 820 2537 donatum
841 2501 963 2537 liberis
986 2506 1166 2548 competat
1188 2506 1225 2538 et
1245 2502 1341 2538 inter
1364 2502 1433 2538 hos
1454 2503 1555 2539 solos
1577 2514 1627 2539 ex
1650 2514 1768 2550 aequo
1795 2469 2022 2539 cqividendum
2046 2505 2102 2539 sit.
2163 2504 2258 2540 Nam
2279 2509 2386 2542 ettam

156 2559 206 2585 ex
235 2547 393 2583 secundo
425 2547 656 2582 matrimonio
693 2552 801 2582 natos
834 2546 966 2582 liberos
995 2548 1032 2582 in
1063 2547 1192 2582 horum
1216 2551 1364 2595 partem
1394 2548 1580 2584 vocandos
1609 2560 1687 2584 esse
1710 2559 1929 2595 quamquam
1952 2549 2127 2596 scriptum
2151 2554 2206 2585 est
2235 2551 2273 2585 in
2297 2562 2386 2597 qua-

156 2594 240 2629 dam
264 2593 534 2635 constitutione,
569 2596 687 2628 tamen
713 2592 818 2627 nobis
845 2592 917 2627 iam
947 2603 1022 2627 non
1051 2592 1183 2639 placet.
1241 2592 1316 2628 Sed
1338 2593 1460 2629 liberis
1487 2605 1537 2630 eoe
1553 2594 1686 2640 priore
1708 2594 1940 2629 matrimonio
1969 2595 2085 2636 natis,
2112 2599 2272 2642 propter
2295 2607 2387 2643 quos

155 2638 196 2674 id
226 2639 335 2675 etiam
367 2637 594 2673 observatum
626 2641 695 2679 est,
727 2637 832 2672 detur
854 2637 963 2673 solis:
996 2638 1048 2673 ita
1074 2637 1215 2684 quidem
1247 2642 1289 2673 ut
1319 2638 1422 2674 nulla
1449 2638 1668 2674 machinatio
1700 2650 1816 2685 neque
1842 2650 1914 2685 per
1943 2639 2180 2686 interpositas
2202 2652 2387 2688 personas

156 2694 272 2730 neque
300 2694 349 2719 ex
378 2682 452 2718 alia
485 2694 596 2718 causa
625 2682 790 2718 adbiberi
807 2683 938 2728 possit.
998 2682 1081 2718 Hoc
1110 2694 1194 2719 vero
1225 2683 1326 2729 quod
1355 2683 1519 2720 abundat
1547 2685 1613 2730 qui
1642 2684 1742 2731 qrati
1770 2685 1927 2730 fuerunt
1956 2695 2046 2730 erqa
2074 2690 2248 2732 parentes
2284 2686 2387 2723 liberi

156 2730 252 2766 inter
282 2739 321 2764 se
350 2727 526 2771 divident,
563 2739 635 2763 non
668 2727 732 2774 qui
760 2728 900 2774 inqrati
930 2727 1104 2764 adversus
1133 2739 1195 2763 eos
1216 2728 1430 2776 probantur
1465 2733 1505 2764 at
1531 2740 1576 2764 ue
1605 2729 1780 2765 eiusmodi
1813 2729 2069 2776 inqratitudini
2105 2731 2259 2767 obnoxii
2290 2732 2387 2777 facti

157 2774 300 2821 qualem
323 2774 419 2820 leqes
439 2774 641 2826 requirunt.
699 2772 804 2809 Tales
827 2773 920 2809 enim
943 2774 1052 2809 etiam
1075 2774 1312 2809 emolumento
1338 2773 1438 2820 quod
1460 2774 1498 2808 in
1525 2786 1544 2810 e
1566 2774 1748 2810 redundat
1767 2775 1974 2821 privamus,
1998 2785 2043 2810 ne
2065 2775 2167 2821 forte
2189 2787 2255 2823 spe
2277 2777 2386 2858 agul-

156 2823 263 2867 yeme
285 2819 462 2855 bonorum
484 2819 568 2854 inde
592 2818 897 2865 acquirendorum
921 2824 1047 2854 contra
1072 2822 1247 2865 parentes
1276 2823 1434 2865 surqant
1463 2823 1500 2855 et
1556 2820 1725 2855 rocacius
1754 2831 1794 2856 se
1815 2824 1949 2866 qerant
1979 2824 2090 2866 atque
2113 2825 2268 2858 naturae
2324 2834 2388 2869 qes

157 2865 367 2912 despiciant.
424 2863 662 2910 Manifestum
684 2873 769 2899 vero
794 2868 849 2899 est
870 2863 929 2899 hic
953 2875 1113 2910 quoque,
1144 2864 1177 2899 si
1200 2865 1282 2911 quis
1305 2875 1447 2907 eorum,
1477 2875 1500 2899 a
1555 2875 1648 2911 quos
1676 2864 1716 2900 id
1738 2865 1839 2911 quod
1861 2865 2022 2900 abundat
2053 2865 2297 2911 deferebatur,
2328 2867 2387 2903 de-

155 2911 306 2957 functus
327 2910 375 2944 sit
398 2908 520 2944 liberis
542 2908 771 2952 extantibus,
805 2909 938 2945 liberos
960 2910 1127 2955 defuncti
1150 2913 1187 2945 et
1202 2920 1278 2956 pro
1303 2920 1453 2945 numero
1474 2920 1540 2945 suo
1571 2913 1608 2945 et
1628 2910 1824 2946 secundum
1849 2910 2015 2956 defuncti
2035 2911 2243 2957 portionem
2266 2912 2306 2948 id
2328 2924 2386 2948 ac-

157 2960 327 3002 cepturos
349 2965 434 2990 esse.

204 3116 222 3147 5
249 3111 435 3155 ἐλάχιστον
455 3113 492 3147 Β
520 3112 532 3157 11
559 3115 578 3147 7
604 3115 663 3146 καὶ
686 3114 861 3151 omLB‘g‘
889 3113 901 3158 11
930 3110 1120 3157 διδίμενον
1147 3114 1192 3147 Bt
1225 3113 1236 3158 11

160 3162 179 3194 8
211 3157 338 3203 νόμον]
363 3171 432 3191 ηου.
449 3158 590 3192 XVIII
609 3171 635 3192 c.
665 3162 679 3193 1
712 3158 724 3203 11
754 3162 773 3192 9
805 3162 931 3205 μοίρας
952 3167 1027 3202 post
1050 3155 1238 3202 διδομένης

160 3205 232 3238 coll.
247 3204 296 3237 B⁸
312 3203 325 3247 11
341 3205 415 3237 τοῖς
437 3204 542 3236 παισὶ
555 3203 605 3236 B·
620 3202 632 3247 11
651 3199 673 3246 ἢ
692 3201 878 3257 διδομένης
902 3218 960 3237 om.
977 3204 1027 3237 Bt
1042 3203 1054 3249 11
1075 3207 1113 3237 10
1139 3201 1239 3250 λόγος

160 3249 389 3283 ἐναντιοῦται
414 3249 463 3281 Β*
481 3246 493 3293 11
513 3251 550 3282 11
577 3245 706 3282 τούτου
742 3246 927 3292 τον1οὖτου
950 3249 1026 3305 L²lj
1056 3251 1094 3283 13
1121 3244 1152 3292 ἢ]
1178 3252 1238 3282 καὶ

161 3296 193 3329 L
213 3306 254 3328 τε
277 3295 336 3331 καὶ
361 3294 411 3327 Β8
430 3292 442 3336 11
473 3296 513 3327 14
537 3294 772 3338 ἐμαγκιπι·τοι
797 3295 856 3335 Μ]
881 3290 1102 3334 αὖτεξουσιοι
1126 3295 1195 3327 LB
1226 3293 1239 3333 11
1270 3293 1273 3326 ἶ
1306 3293 1489 3335 linquenda
1507 3292 1556 3325 R³
1566 3293 1704 3336 Vvulffi]
1726 3293 1939 3335 relinquendi
1958 3294 2008 3326 R¹
2026 3294 2280 3337 relinquendam
2304 3295 2355 3330 13²
2376 3294 2389 3341 11

167 3343 203 3374 16
228 3339 284 3380 τὸ]
307 3339 414 3372 τοῦτο
439 3338 489 3371 ΒΓ
515 3351 573 3371 om.
589 3339 636 3372 B¹
663 3339 674 3382 11
704 3338 829 3375 πλεῖον
851 3340 1015 3383 Scrimyer
1041 3339 1053 3384 11
1087 3342 1126 3374 18
1150 3335 1239 3384 μήτε

162 3382 409 3429 καταλειφθὲν
430 3381 520 3425 μήτε
542 3384 680 3430 γραφὲν
703 3385 739 3418 Β
754 3384 766 3428 11
789 3386 828 3419 19
851 3384 982 3418 τοῦτον
1005 3384 1119 3428 μόνον
1144 3385 1191 3418 L¹
1227 3383 1239 3428 11

163 3432 205 3464 20
231 3427 318 3471 δεῖν]
343 3426 386 3471 δῆ
410 3429 458 3462 L¹
488 3428 500 3473 11
529 3430 567 3463 21
597 3428 660 3462 τοῦ
684 3428 783 3471 MBl]
810 3443 867 3463 om.
890 3428 976 3463 LBf
998 3429 1010 3473 11
1040 3427 1172 3465 παῖδας
1196 3449 1237 3454 ——

163 3477 206 3509 23
228 3472 343 3522 γάμου
363 3487 422 3508 om.
437 3474 483 3507 L¹
514 3474 526 3518 11
548 3475 608 3507 καὶ
622 3485 689 3507 ὀπι.
706 3474 743 3508 Β
768 3474 780 3517 11
808 3476 849 3508 22
872 3469 1078 3516 διατάξεως]
1108 3476 1185 3509 Cod.
1208 3477 1239 3513 5,

163 3567 207 3608 24
231 3561 406 3598 δίδοσθαι
428 3565 478 3598 Β’
500 3564 513 3609 11
538 3566 581 3599 26
606 3562 787 3607 δυνάμενα*
815 3565 862 3597 L¹
889 3564 902 3609 11
928 3566 968 3598 27
993 3563 1036 3597 ’τὸ
1061 3578 1119 3598 om.
1145 3565 1192 3599 L¹
1228 3567 1240 3595 ΙΙ

165 3611 206 3644 28
229 3607 277 3652 οἱ1
304 3606 322 3643 ὁ
348 3611 393 3642 L¹
412 3609 425 3654 11
443 3612 484 3644 32
507 3606 798 3654 ὑποφαινομένης
822 3623 879 3642 om.
894 3621 914 3646 ς
929 3609 941 3653 11
961 3610 1002 3643 35
1030 3608 1070 3642 δὲ
1091 3623 1148 3643 om.
1174 3611 1206 3644 L
1228 3598 1242 3654 11

165 3656 206 3688 36
227 3651 399 3688 ὑπόντων
419 3674 459 3679 -—
482 3657 524 3690 38
548 3653 636 3702 πρὸς
660 3652 700 3688 δὲ
722 3652 766 3688 τὸ
791 3667 850 3688 om.
864 3655 906 3688 M
920 3654 933 3699 11
949 3649 1122 3688 ὑπόντων
1146 3656 1239 3696 LBl]

162 3695 401 3744 ὑπαρχόντων
430 3699 478 3733 ΒΓ

234 3800 283 3828 111.

1270 3232 1273 3239 ,
1306 3205 1439 3245 (quarta
1463 3211 1492 3236 et
1520 3204 1623 3236 tercia
1647 3204 1785 3236 restituit
1808 3203 1870 3245 R3)
1900 3202 1913 3248 11

1355 3117 1369 3147 1
1393 3113 1630 3155 relinquantur
1649 3111 1705 3157 Vll
1724 3114 1744 3147 3
1767 3113 1872 3155 patris
1894 3113 1955 3158 ΕΙ]
1974 3116 1995 3148 4
2019 3114 2125 3156 illius]
2148 3115 2202 3147 illi
2226 3118 2265 3147 ut
2284 3115 2334 3148 R¹
2373 3115 2388 3180 11

1309 3162 1327 3192 5
1351 3159 1494 3201 percipit
1506 3158 1552 3198 R]
1576 3158 1727 3202 percepit
1746 3158 1871 3201 Vvuly.
1891 3157 1903 3202 11
1919 3161 1939 3193 6
1961 3161 2113 3201 quartam
2135 3167 2163 3193 et
2186 3160 2322 3192 terciam
2337 3161 2371 3194 R

1940 3206 1958 3236 7
1993 3206 2152 3247 nostram]
2183 3205 2268 3239 mizis
2291 3205 2341 3238 12¹
2375 3205 2388 3251 11

1305 3249 1459 3292 portione
1483 3247 1534 3281 R³
1545 3249 1645 3292 cuiq]
1670 3248 1840 3290 portiones
1865 3249 1914 3281 Β*
1938 3250 2126 3292 portionem
2149 3250 2266 3293 R²Vn
2290 3252 2309 3284 8
2335 3261 2386 3284 re-

1307 3339 1447 3372 dandam
1472 3337 1521 3371 Β1
1538 3336 1551 3381 11
1574 3340 1611 3371 10
1636 3340 1670 3371 et
1691 3339 1826 3381 proavo]
1850 3341 1883 3371 et
1907 3352 1966 3372 om.
1985 3339 2082 3383 RVn
2101 3340 2288 3382 nepotibus]
2310 3351 2387 3384 pro-

1307 3384 1483 3427 nepotibus
1506 3383 1555 3415 R¹
1575 3382 1587 3426 11
1609 3385 1645 3417 15
1671 3383 1830 3416 donatum
1855 3386 1903 3416 est
1930 3384 1976 3417 Β*
1995 3384 2006 3427 11
2027 3387 2063 3417 17
2090 3385 2248 3428 competit
2266 3387 2352 3431 vuly.
2376 3385 2389 3431 11

1308 3430 1372 3470 eos]
1394 3439 1454 3461 nos
1475 3428 1518 3461 V¹
1534 3428 1545 3469 ΙΙ
1563 3427 1646 3461 soles
1668 3428 1719 3461 R¹
1741 3429 1753 3472 11
1783 3430 1822 3463 19
1846 3429 2046 3472 participare
2070 3428 2151 3474 R²ss
2175 3431 2217 3464 20
2241 3431 2388 3474 quidem]

1272 3505 1275 3520 ἱ
1309 3474 1392 3517 qui?
1418 3472 1462 3506 R¹
1478 3472 1490 3517 11
1511 3475 1545 3506 21
1575 3473 1733 3515 prioreR
1746 3475 1831 3517 vulq.
1849 3475 1861 3516 ΙΙ
1881 3475 1922 3507 22
1947 3473 2018 3507 filio
2034 3475 2087 3508 Ra
2101 3474 2114 3516 ΙΙ
2133 3476 2176 3510 23
2200 3486 2308 3519 neque
2329 3487 2389 3520 per

165 3528 192 3561 9,
207 3528 224 3554 9
232 3532 278 3559 pr.
298 3521 310 3562 11
333 3521 375 3553 23
400 3519 464 3552 τοῦ
489 3532 546 3553 om.
564 3519 611 3552 B'
627 3519 639 3563 11
656 3519 735 3552 τῶν
758 3521 947 3565 προτέρων
969 3517 1096 3564 γάμων
1121 3520 1205 3562 L(2)
1229 3519 1241 3566 11
1273 3521 1275 3539 ³

1305 3521 1400 3564 prius
1425 3531 1482 3551 om.
1507 3518 1556 3551 R¹
1585 3518 1597 3562 11
1627 3520 1670 3552 24
1692 3518 1808 3551 ualent
1831 3518 1879 3552 R¹
1910 3518 1922 3559 11
1950 3520 1993 3553 25
2013 3522 2072 3551 aut
2095 3519 2144 3552 Β*
2174 3520 2187 3564 11
2213 3522 2302 3564 quod
2327 3535 2386 3556 om.

1317 3565 1367 3598 V¹
1395 3564 1407 3607 11
1435 3563 1525 3606 grati
1548 3563 1735 3596 adinuicem
1765 3564 1799 3597 V
1821 3563 1834 3607 11
1859 3563 1924 3596 filii
1942 3564 2172 3606 praesentibus
2194 3567 2389 3609 parentibus

1311 3610 1342 3643 R
1352 3609 1386 3642 V
1397 3609 1408 3651 11
1425 3610 1467 3642 26
1480 3609 1560 3649 non]
1574 3610 1693 3642 namR
1712 3608 1724 3651 11
1740 3610 1781 3642 27
1797 3609 1998 3643 huiusmodo
2010 3610 2043 3643 R
2058 3608 2071 3655 11
2090 3610 2204 3653 quales
2220 3612 2269 3657 Vll
2281 3612 2389 3654 legem

1308 3654 1362 3689 Ra
1377 3652 1389 3697 ΙΙ
1409 3655 1451 3688 28
1476 3652 1576 3685 talem
1599 3653 1634 3686 R
1652 3653 1664 3695 11
1680 3664 1823 3695 namque
1848 3654 1960 3696 etiam]
1978 3664 2125 3697 namque.
2141 3660 2174 3690 et
2197 3655 2227 3690 T
2247 3667 2390 3699 namque

1310 3709 1350 3732 ex
1373 3699 1408 3732 R
1437 3697 1526 3740 leges
1549 3698 1627 3739 (del.
1649 3698 1714 3741 1⁷⁸)
1735 3698 1789 3741 Vn
1809 3700 1850 3733 29
1877 3699 1947 3732 eius
1968 3699 2020 3733 Β*
2037 3698 2050 3744 11
2067 3701 2109 3734 30
2132 3703 2307 3746 propterui
2322 3704 2390 3736 sint

1274 3751 1278 3779 l
1319 3745 1353 3777 V
1369 3743 1627 3788 proptcruissint
1650 3744 1698 3777 R¹
1715 3743 1728 3787 11
1747 3745 1791 3777 34
1811 3743 2029 3778 multitudine
2053 3745 2087 3779 V

2079 3804 2120 3836 22
