2618 4010
184 136 244 165 UT
273 135 498 167 DEFUNCTI
527 135 610 168 SEU
641 136 823 168 FUNERA
1271 123 1356 170 325
2125 126 2230 170 Nov.
2263 127 2337 170 LX
2359 142 2417 183 pr.

714 294 743 326 Ξ
1805 291 1882 328 Lx.
1920 293 2138 330 Authixl.
2161 294 2417 331 c011.vtit.13

291 358 469 411 ΠΕΡΙ
499 358 642 411 ΤΟΥ
672 359 716 410 T
720 360 858 412 ΟΥΣ
889 360 1154 413 ΤΕΛΕῩ-
1578 360 1630 409 R
1671 360 1765 410 UT
1807 362 2160 412 DEFUNCTI

183 425 473 477 ΤῼΝΤΑΣ
500 426 759 479 HPOYN
785 428 881 480 ΤΑ
904 428 1262 481 ΛΕΙΨΑΝΑ
1335 428 1466 478 SEU
1514 427 1791 478 FUNERA
1839 428 2078 478 EORUM
2134 431 2275 480 NON
2324 432 2417 481 IN-

182 492 446 544 ΑῩΤΩΝ
504 494 625 545 ΜΗ
685 495 1263 550 ΕΝΥΒΡΙΖΕΣΘΑΙ
1333 496 1717 545 IURIENTUR
1770 495 1817 544 A
1872 495 2412 549 OREDITORIBUS.

181 560 390 611 HAPA
434 559 583 612 ΤΩΝ
626 562 1073 616 ΔΑΝΕΙΣΤῼΝι
1121 565 1262 617 ΚΑΙ
1300 565 1423 612 5ET
1470 564 1565 613 UT
1611 561 2029 613 CONSILIARII
2082 564 2223 615 NON
2274 565 2415 616 SUS-

181 625 361 679 ΠΕΡΙ
410 628 554 680 TOY
590 628 774 682 TOYE
827 632 1028 683 HAPE
1040 633 1261 684 ΔΡΟΥΣ
1332 631 1610 682 OIPIANT
1647 630 2109 682 COGNITIONES
2143 633 2413 694 ABSQUE

182 695 305 746 ΜΗ
364 695 754 750 ΔΕΧΕΣΘΑΙ
812 698 1261 752 ΔΙΑΓΝῼΣΕΙΣ
1653 698 2006 750 IUDIGIBUS
2038 699 2091 748 R

180 761 399 814 ΧΩΡΙΣ
429 763 577 816 ΤΩΝ
604 764 1008 818 ΑΡΧΟΝΤῼΝ
1031 767 1261 822 [ΜΗΤΕ

179 830 712 886 ΠΡΟΚΑΤΑΡΞΙΝ
745 831 1015 884 ΠΟΙΕΙΝ
1044 834 1260 885 ΜΗΤΕ

285 899 705 952 ΑΠΟΦΑΣΕΙΣ
740 900 1144 956 ΕΚΦΕΡΕΙΝ].
1275 916 1316 947 10

178 973 215 1009 ‘O
248 974 353 1011 αὐτὸς
383 977 549 1021 βασιλεὺς
578 977 725 1025 Ἰωάννῃ
761 980 814 1022 τῷ
850 976 1076 1021 ἐνδοξοτάτῳ
1114 977 1258 1024 ἐπάρχῳ
1328 978 1416 1023 Imp.
1439 978 1658 1015 Iustinianus
1678 979 1769 1024 Aug.
1794 980 1945 1015 Iohanni
1975 991 2036 1025 pp.
2066 980 2219 1016 Orientis
2242 980 2411 1016 secundo.

178 1022 257 1055 τῶν
276 1020 502 1058 ἀνατολικῶν
521 1029 758 1070 πραιτωρίων
781 1021 823 1057 τὸ
847 1023 901 1067 β’,
925 1021 997 1059 ἀπὸ
1023 1020 1176 1059 ὑπάτων
1200 1028 1260 1058 καὶ

627 1072 817 1115 πατρικίῳ.

234 1135 533 1179 (Προοίμιον.)
580 1136 625 1170 Οἱ
645 1137 705 1178 τῆς
729 1131 903 1178 ἀληθείας
933 1137 1011 1171 τῶν
1035 1135 1260 1183 πραγμάτων
1374 1134 1664 1181 (Praefatio.)
1710 1137 1777 1180 Qui
1798 1137 1983 1173 veritatem
2006 1148 2194 1173 causarum
2218 1138 2411 1181 coniciunt,

180 1180 434 1224 ἐστοχασμένοι
458 1179 522 1215 οὐκ
545 1178 590 1214 (ἲν
615 1180 748 1226 ῥᾳδίως
777 1181 824 1214 εἰς
853 1184 1004 1237 με’μφεις
1035 1185 1196 1228 χωροῖεν,
1229 1183 1259 1215 εἰ
1275 1184 1400 1215 1511011
1433 1180 1538 1215 facile
1570 1181 1615 1215 ad
1649 1181 1791 1225 culpam
1815 1183 1977 1227 veniunt,
2010 1184 2041 1219 si
2064 1184 2247 1219 veritatem
2280 1184 2412 1218 exami-

179 1221 322 1267 τάληθῆ
351 1224 637 1268 κατεξετάζοιεν·
674 1225 773 1260 τινὰς
806 1224 874 1272 γὰρ
910 1225 1001 1260 εικὸς
1035 1228 1090 1270 τῷ
1123 1225 1259 1269 πλήθει
1329 1228 1431 1260 nent:
1464 1225 1637 1269 quosdam
1661 1236 1812 1270 namque
1837 1229 1909 1262 veri
1934 1228 2047 1263 simile
2071 1231 2124 1263 est
2148 1228 2414 1264 multitudinem

179 1270 255 1303 τῶν
288 1268 411 1314 νόμιον
434 1272 511 1305 τῶν
535 1268 625 1304 καθ’
654 1270 807 1314 ἑκάστην
837 1269 927 1317 παρ’
957 1268 1060 1316 ἡμῶν
1084 1272 1257 1318 προτιθε-
1328 1270 1445 1313 legum
1477 1280 1568 1315 quae
1591 1281 1656 1315 per
1681 1271 1822 1314 singula
1846 1282 1867 1307 a
1892 1273 1995 1308 nobis
2020 1273 2222 1308 adiciuntur
2253 1274 2411 1318 culpare,

177 1317 300 1358 μένων
332 1315 612 1360 ἐπιμέμφεσθαι,
647 1314 709 1349 οὐκ
733 1318 958 1358 ἐννοοῦντας,
991 1315 1047 1350 ὅτι
1066 1318 1126 1359 τῆς
1142 1320 1259 1362 χρείας
1328 1325 1401 1350 11011
1426 1316 1713 1358 considerantes,
1750 1317 1833 1361 quia
1858 1327 1964 1362 opere
1988 1327 2128 1363 semper
2152 1322 2303 1354 vocante
2328 1329 2412 1354 con-

178 1357 231 1393 ἆεὶ
255 1357 426 1402 καλούσης
457 1361 671 1406 συμφώνους
701 1364 773 1395 τοῖς
804 1362 989 1408 πράγμασι
1020 1362 1168 1396 τιθέναι
1200 1361 1257 1396 νό-
1329 1370 1437 1396 sonas
1462 1361 1578 1396 causis
1603 1371 1738 1405 ponere
1762 1362 1856 1406 leges
1881 1363 2135 1407 compellimur,
2169 1374 2250 1398 cum
2275 1373 2414 1408 semper

176 1416 261 1449 μους
284 1404 584 1450 ἀναγκαζόμεθα,
617 1407 695 1440 τῶν
724 1404 778 1440 ἀεὶ
810 1405 1026 1454 παραδόξως
1057 1404 1257 1452 ἀναφυομέ-
1273 1409 1314 1441 20
1327 1405 1546 1451 inopinabile
1569 1409 1727 1450 emergat
1759 1408 1795 1441 et
1819 1407 1864 1442 ab
1890 1408 1946 1442 his
1977 1417 2067 1452 quae
2092 1409 2162 1443 iam
2184 1409 2305 1453 posita
2330 1412 2415 1444 sunt

177 1463 254 1484 νων
274 1447 345 1484 ὑπὸ
369 1451 447 1484 τῶν
463 1449 529 1494 ἤδη
546 1454 765 1497 γραφέντων
781 1451 1059 1498 θεραπεύεσθαι
1083 1451 1132 1496 μὴ
1153 1450 1258 1487 δυνα-
1328 1451 1462 1486 mederi
1485 1461 1558 1486 non
1581 1452 1708 1486 valeat.
1758 1451 1870 1496 Quale
1896 1452 2064 1496 quiddam
2088 1463 2202 1498 nuper
2236 1457 2290 1489 est
2314 1455 2414 1498 agni-

176 1498 309 1539 μένων.
354 1492 497 1530 Ὁποῖον
522 1494 625 1539 δήτι
648 1500 708 1530 καὶ
731 1498 877 1544 ἔναγχος
901 1496 1083 1544 ἐγνώσθη,
1125 1494 1258 1542 ὀφείλε-
1328 1499 1414 1531 tum.
1462 1496 1596 1532 Deberi
1628 1496 1697 1532 sibi
1733 1497 1876 1541 quidam
1911 1498 2032 1534 dicens
2070 1499 2115 1533 ab
2152 1498 2292 1542 aliquo,
2330 1500 2414 1534 dum

177 1540 270 1573 σθαι
290 1539 356 1587 γάρ
372 1552 425 1575 τις
442 1539 557 1588 λέγων
573 1541 671 1586 παρά
688 1554 794 1585 τινος,
819 1540 942 1585 ἐπειδὴ
967 1541 1033 1576 τὸν
1052 1541 1258 1588 ἄνθρωπον
1327 1541 1506 1576 hominem
1531 1541 1569 1576 in
1593 1545 1706 1577 morte
1725 1543 1950 1587 cognovisset
1975 1553 2054 1579 esse
2077 1543 2324 1587 constitutum,
2348 1546 2412 1578 mi-

177 1584 408 1619 έπιθάνατον
431 1588 525 1632 ἔγνω
551 1586 795 1630 καθεστάναι,
832 1585 1059 1634 στρατιώτας
1082 1585 1259 1635 ἀθροίσας
1327 1587 1407 1622 lites
1434 1596 1652 1631 congregans
1683 1590 1719 1622 et
1749 1598 1870 1623 servos
1901 1588 1991 1624 alios
2025 1588 2198 1633 plurimos
2233 1589 2413 1633 ingressus

176 1634 236 1664 καὶ
266 1631 401 1664 οἰκέτας
431 1635 491 1664 καὶ
522 1632 660 1678 ἑτέρους
692 1630 740 1666 οἱς
767 1630 953 1666 πλείστους
984 1635 1124 1667 ἔπεισιν
1154 1630 1254 1676 αὐτῷ
1270 1635 1313 1667 25
1328 1635 1383 1667 est
1415 1642 1523 1677 super
1552 1632 1779 1677 morientem3
1812 1642 1934 1668 verum
1965 1634 2026 1668 ille
2058 1634 2226 1669 anxiatus
2260 1634 2416 1669 clamare

178 1674 409 1710 τελευτῶντι·
434 1673 452 1710 ὃ
469 1674 508 1710 δὲ
529 1674 768 1722 ὃυςχεραίνων
788 1690 827 1711 τε
848 1681 907 1711 καὶ
927 1680 1030 1722 βοῶν
1050 1676 1257 1719 διετέλεσεν,
1329 1677 1458 1721 coepit,
1494 1677 1608 1712 donec
1633 1687 1713 1712 eum
1733 1678 1903 1713 violentia
1935 1689 2178 1723 compressum
2210 1679 2416 1724 reliquisset

177 1723 243 1755 ἕως
279 1719 391 1755 αὐτὸν
425 1718 496 1756 ὑπὸ
531 1724 592 1764 τῆς
626 1726 708 1766 βίας
744 1720 1030 1768 συνωθούμενον
1064 1721 1201 1769 ἀφῆκεν
1237 1722 1258 1766 ἡ
1328 1722 1485 1767 spiritus.
1524 1723 1574 1757 At
1598 1722 1656 1758 ille
1681 1723 1787 1758 etiam
1811 1723 1996 1767 signacula
2020 1724 2191 1769 imposuit
2215 1724 2322 1759 rebus
2348 1734 2415 1759 sua

177 1764 280 1811 ψυχή.
328 1762 347 1800 ὁ
376 1763 416 1799 δὲ
448 1770 507 1800 καὶ
537 1765 726 1814 σήμαντρα
762 1769 928 1803 ἐπετίθει
966 1771 1039 1803 τοῖς
1070 1766 1258 1815 πράγμασι
1327 1770 1517 1812 potestate,
1549 1770 1738 1812 praesente
1764 1768 1862 1804 nullo
1892 1769 1930 1803 in
1956 1769 2095 1814 cingulo
2122 1769 2319 1804 constituto
2351 1774 2416 1804 aut

176 1810 260 1845 κατ’
280 1812 415 1846 οἰκείαν
440 1812 616 1853 ἐξουσίαν,
640 1810 819 1859 παρόντος
843 1812 986 1848 οὐδενὸς
1009 1814 1088 1847 τῶν
1109 1816 1148 1848 ἐν
1169 1810 1256 1859 ἀρχῇ
1329 1813 1486 1857 quolibet
1527 1813 1668 1848 omnino
1709 1813 1814 1857 legali
1853 1816 1888 1849 et
1925 1814 2019 1849 civili
2054 1814 2174 1850 officio
2211 1814 2413 1850 observato.

175 1859 406 1903 τεταγμένων
422 1854 443 1900 ἢ
459 1869 556 1892 τινος
573 1855 663 1892 ὅλως
679 1862 829 1903 νομίμης
848 1861 907 1892 καὶ
926 1857 1109 1901 πολιτικῆς
1125 1857 1258 1898 τάξεως
1271 1861 1314 1893 30
1328 1858 1377 1892 Et
1397 1867 1514 1902 neque
1533 1858 1585 1893 ita
1605 1858 1765 1902 recessit,
1791 1858 1854 1894 sed
1875 1859 1982 1894 etiam
2007 1859 2217 1895 defunctum
2241 1859 2415 1895 iniuriare

177 1901 451 1956 φυλαττομένης.
500 1905 559 1937 καὶ
591 1900 669 1936 οὐδ’
706 1900 820 1938 οὕτως
845 1902 985 1947 ἀνῆκεν,
1018 1901 1107 1937 ἀλλὰ
1131 1906 1190 1937 καὶ
1213 1904 1260 1937 εἰς
1328 1913 1401 1939 11011
1425 1913 1506 1939 eum
1529 1903 1663 1948 piguit,
1695 1904 1849 1949 primum
1874 1904 2016 1949 quidem
2040 1905 2208 1940 insistens
2241 1914 2314 1940 non
2336 1904 2414 1939 fieri

176 1946 304 1994 νεκρὸν
327 1949 487 1993 υβρίζειν
511 1946 574 1981 οὐκ
599 1947 726 1991 ὤκνει,
760 1950 910 1996 πρῶτον
938 1951 1006 1994 μὲν
1030 1946 1260 1993 ἐνιστάμενος
1329 1948 1511 1994 exequias,
1537 1948 1674 1993 deinde,
1708 1959 1789 1984 cum
1813 1949 1870 1985 vix
1896 1950 2062 1986 cessisset
2086 1950 2130 1986 de
2155 1949 2260 1985 domo
2286 1949 2415 1996 deponi

175 1991 224 2036 μὴ
247 1993 419 2040 γίνεσθαι
449 1991 515 2036 τὴν
539 1993 669 2039 ταφήν,
700 1994 777 2028 εἶτα
807 1992 933 2038 ἐπειδὴ
959 1993 1058 2039 μόλις
1079 1992 1256 2028 ἐνέδωκεν

222 2084 305 2118 Νου.
321 2085 396 2118 LX
406 2085 569 2126 (Anthent.
583 2086 679 2119 LXI
692 2102 736 2115 =
752 2086 832 2120 Oolt.
855 2087 890 2120 V
903 2087 947 2120 tit.
965 2087 1024 2120 13:
1049 2086 1162 2129 yloss.)
1190 2086 1316 2120 Graece
1336 2092 1425 2119 extat
1440 2086 1474 2119 in
1495 2085 1617 2119 MLB.
1638 2104 1682 2111 ·—
1706 2086 1797 2130 Epa,
1817 2086 1938 2120 Theod.
1954 2087 2008 2128 60,
2032 2086 2153 2119 Athon.
2169 2086 2200 2127 6,
2216 2093 2243 2120 2.
2289 2086 2414 2120 Iulian.

178 2130 423 2209 coriginooledrgzyinn
448 2176 602 2220 Πρᾶγμα
625 2174 839 2220 παράνομον
863 2172 1036 2222 ἐγνώσθη
1061 2172 1147 2219 ἡμῖν
1171 2176 1326 2221 ἔναγχος.
1369 2173 1604 2220 Ὀφείλεσθαι
1617 2177 1658 2217 (υ.
1675 2178 1731 2218 22)
1747 2200 1893 2211 .......
1921 2178 2027 2210 adscr.
2047 2173 2106 2209 BE
2128 2177 2181 2217 23,
2202 2183 2268 2218 2,1.

1256 2296 1334 2331 LX.

178 2364 278 2414 ΝΕ
305 2364 365 2413 M
372 2363 721 2415 ORJENTES
762 2363 887 2415 VEL
921 2361 1235 2414 CORPORA
1266 2362 1514 2414 EORUM
1548 2362 1840 2413 INJURJA
1871 2362 2339 2415 AFFICIANTUR
2365 2367 2411 2416 Α

182 2431 716 2482 CREDITORIBUS.
770 2430 1202 2481 ASSESSORES
1234 2430 1333 2480 ΝΕ
1365 2430 1539 2480 SINE
1570 2430 2148 2480 MAGISTRATIBUS
2185 2432 2412 2482 COGNI-

178 2499 258 2549 TI
260 2499 437 2551 ONES
467 2498 884 2549 SUSC'IPIANT
906 2497 1123 2617 &NEVE
1147 2497 1344 2547 LITIS
1379 2496 2014 2549 CONTESTATJONEM
2041 2497 2419 2551 PERAGANT

798 2566 899 2616 ΝΕ
941 2565 992 2615 Ε
1023 2564 1460 2615 SENTENTIAS
1490 2564 1803 2633 FERANT}

223 2645 322 2681 Idem
341 2646 528 2691 Auqustus
552 2643 712 2680 Iohanni
735 2644 999 2691 qloriosissimo
1022 2645 1214 2692 praefecto
1232 2655 1304 2690 per
1332 2642 1511 2679 Orientem
1527 2644 1721 2690 praetorio
1746 2645 1892 2685 iterum,
1925 2644 2115 2679 exconsuli
2139 2649 2174 2680 et
2194 2646 2363 2691 patricio.

312 2712 578 2758 Praefatio.
633 2710 703 2755 Qui
735 2712 920 2748 veritatem
953 2724 1074 2748 rerum
1103 2712 1231 2747 sectati
1263 2715 1388 2758 erunt,
1422 2710 1523 2747 haud
1550 2711 1664 2757 facile
1688 2711 2027 2757 reprehensionibus
2049 2711 2285 2758 indulaeant,
2316 2714 2349 2748 si
2371 2714 2410 2749 in

175 2759 359 2795 veritatem
378 2758 585 2804 inquirant:
609 2768 724 2803 neque
740 2758 832 2792 enim
849 2758 978 2792 mirum
995 2757 1096 2803 quod
1109 2762 1195 2792 sunt
1215 2757 1277 2802 qui
1293 2756 1556 2792 multitudinem
1579 2757 1697 2802 lequm
1720 2767 1814 2802 quae
1832 2756 1963 2791 cotidie
1984 2767 2006 2791 a
2027 2757 2131 2793 nobis
2144 2762 2411 2804 proponuntur

175 2803 454 2850 reprehendant,
480 2813 554 2837 non
578 2807 788 2849 reputantes
811 2803 1022 2838 necessitate
1044 2813 1184 2849 semper
1204 2805 1356 2848 urqente
1379 2812 1447 2837 nos
1471 2802 1554 2847 coqi
1577 2803 1683 2837 rebus
1708 2812 1887 2837 consonas
1909 2801 2061 2837 reddere
2083 2802 2190 2847 leqes,
2216 2813 2294 2838 oum
2315 2815 2410 2850 quae

171 2853 322 2895 praeter
347 2848 550 2894 opinionem
573 2859 646 2883 sem
674 2859 714 2882 er
738 2851 935 2894 emerqunt,
965 2859 1034 2893 per
1057 2859 1119 2883 eas
1152 2858 1244 2893 quae
1267 2847 1339 2881 iam
1363 2846 1523 2892 scriptae
1553 2852 1638 2882 sunt
1661 2847 1789 2882 sanari
1813 2850 2003 2892 nequeant.
2050 2845 2164 2889 Quale
2191 2848 2280 2894 quid
2302 2850 2409 2884 etiam

175 2905 292 2940 nuper
315 2893 499 2939 coqnitum
523 2897 586 2928 est.
667 2892 788 2928 uidam
812 2893 916 2935 enim,
948 2894 1010 2938 qui
1034 2892 1124 2938 quid
1152 2892 1220 2927 sibi
1244 2892 1287 2927 ab
1315 2891 1437 2936 aliquo
1470 2891 1590 2926 deberi
1619 2891 1764 2933 diceret,
1798 2902 1877 2926 cum
1906 2891 2084 2927 bominem
2114 2894 2224 2928 morti
2255 2893 2409 2930 vicinum

176 2950 251 2974 esse
268 2939 506 2989 admovisset,
531 2939 765 2983 conqreqatis
789 2938 960 2973 militibus
983 2942 1019 2973 et
1033 2938 1146 2974 servis
1161 2937 1314 2982 aliisque
1338 2947 1445 2982 quam
1468 2936 1636 2981 plurimis
1659 2936 1909 2972 moribundum
1933 2947 2130 2982 aqqressus
2146 2941 2220 2973 est:
2242 2938 2275 2973 is
2291 2943 2410 2974 autem

177 2995 285 3029 aeqre
304 2983 343 3017 id
361 2984 462 3028 ferre
486 2986 595 3028 atque
616 2983 773 3018 clamare
797 2994 871 3018 non
890 2983 1006 3025 desiit,
1031 2983 1145 3018 donec
1165 2982 1200 3018 vi
1221 2992 1416 3028 oppressus
1436 2981 1592 3016 animam
1609 2981 1760 3028 efflavit.
1809 2982 1856 3016 At
1876 2981 1938 3017 ille
1961 2982 2068 3017 etiam
2087 2982 2194 3027 siqna
2215 2983 2319 3019 bonis
2342 2984 2408 3018 im-

175 3028 297 3074 posuit
317 3038 366 3063 ex
378 3028 537 3074 propria
555 3028 785 3071 auctoritate,
810 3027 909 3062 nullo
931 3039 980 3063 ex
999 3027 1273 3074 maqistratibus
1289 3029 1485 3072 praesente
1507 3036 1621 3071 neque
1639 3026 1714 3061 ullo
1737 3026 1881 3061 omnino
1903 3026 2062 3071 leqitimo
2089 3030 2151 3062 aut
2168 3027 2267 3063 civili
2283 3029 2410 3063 ordine

176 3076 329 3108 servato.
377 3073 429 3107 Αο
452 3084 497 3107 ne
519 3073 572 3107 sio
595 3072 737 3118 quidem
761 3073 906 3114 destitit,
939 3073 1045 3107 immo
1070 3073 1178 3108 etiam
1201 3083 1336 3118 corpus
1359 3075 1539 3106 mortuum
1572 3071 1790 3107 contumelia
1821 3071 1974 3116 afficere
2003 3082 2077 3106 non
2107 3071 2312 3115 dubitabat,
2346 3074 2412 3118 qui

173 3118 332 3164 primum
355 3117 492 3152 obstitit
514 3128 558 3152 ne
581 3118 770 3163 sepultura
790 3118 913 3162 fieret,
946 3117 1090 3160 deinde,
1121 3117 1183 3152 ubi
1206 3120 1385 3153 mortuum
1415 3115 1520 3151 domo
1552 3115 1679 3161 efferri
1707 3127 1816 3162 aeqre
1838 3116 2079 3161 permisisset,
2109 3116 2250 3161 feretro
2277 3129 2408 3164 appre-

225 3209 243 3240 2
260 3208 347 3251 Περὶ
366 3206 427 3239 τοῦ
447 3206 521 3246 (τοῦ
541 3207 666 3248 om.M)
680 3226 723 3231 ——
737 3206 1029 3252 4ἐνυβρίζεσθαι
1044 3207 1154 3239 MLB
1167 3207 1255 3248 Allu]
1327 3208 1366 3240 27
1394 3202 1611 3248 ὠθούμενον
1622 3203 1681 3238 ΒΣ
1718 3204 1722 3248 Ι
1749 3206 1791 3238 28
1817 3205 1958 3238 ἐπιθεὶς
1984 3202 2042 3238 ΒΣ
2068 3205 2080 3248 ΙΙ
2109 3207 2151 3239 30
2176 3209 2337 3249 νομίμως
2359 3207 2409 3239 L⁶

179 3254 268 3285 Περὶ
289 3251 351 3284 τοῦ
371 3250 418 3294 μὴ
439 3251 695 3294 ἐνυβοίζεσθαι
719 3250 764 3285 τὰ
788 3252 865 3285 τῶν
885 3251 1080 3297 χρεωστῶν
1101 3249 1256 3296 λείψανα
1325 3254 1476 3293 νομίμου
1490 3248 1549 3283 ΒΣ
1567 3249 1579 3294 ΙΙ
1598 3251 1638 3283 31
1655 3245 1697 3281 ἀλ
1720 3247 1742 3281 ἀ
1763 3263 1818 3283 om.
1831 3251 1882 3282 La
1900 3250 1911 3293 ΙΙ
1930 3252 1972 3283 32
1993 3246 2154 3294 ὑβρίζων
2171 3250 2228 3283 ΒΣ
2249 3251 2261 3295 ΙΙ
2277 3251 2409 3296 πρῶτα

180 3283 301 3330 Theod.
328 3296 339 3339 ΙΙ
370 3299 388 3330 5
413 3298 472 3328 καὶ
497 3282 540 3320 -“
566 3299 607 3329 10
629 3297 791 3341 ἐκφέρειν
815 3309 873 3330 om.
888 3298 964 3329 Atlz.
990 3298 1061 3337 (καὶ
1086 3299 1168 3342 περὶ
1192 3296 1254 3329 τοῦ
1325 3294 1384 3329 ΒΣ
1403 3296 1414 3340 ΙΙ
1441 3297 1483 3329 33
1507 3294 1684 3340 γίνεσθαι
1698 3292 1805 3335 LB2]
1828 3294 2005 3339 γενέσθαι
2018 3296 2066 3328 M

177 3340 226 3385 μὴ
250 3339 331 3374 τοὺς
362 3338 559 3386 παρέδρους
587 3339 846 3386 προκατάρξεις
877 3338 990 3373 δικῶν
1021 3343 1139 3374 ποιεῖν
1167 3341 1257 3384 μήτε

178 3388 211 3427 (l.
232 3384 333 3430 μηδὲ)
357 3384 553 3430 ἀποφάσεις
578 3387 739 3431 ἐκφέρειν
763 3389 848 3420 rubr.
866 3387 944 3427 B7‚
960 3390 984 3427 1)
1007 3386 1018 3429 ΙΙ
1045 3388 1064 3419 6
1090 3389 1183 3432 περὶ]
1207 3384 1256 3429 μὴ

179 3432 226 3464 L¹
242 3431 254 3475 ΙΙ
275 3434 292 3465 7
319 3429 518 3477 διάγνωσιν
538 3432 656 3464 leeod.
677 3432 688 3474 ΙΙ
713 3433 731 3465 8
756 3433 862 3477 χωρὶς
881 3450 923 3454 -
948 3433 986 3464 10
1010 3431 1171 3475 ἐκφέρειν
1196 3445 1253 3464 om.
1371 3434 1389 3464 5
1409 3429 1608 3462 consciliati-ii
1623 3429 1671 3461 11²¹
1690 3429 1701 3472 ΙΙ
1720 3430 1739 3461 ὓ
1753 3429 1944 3470 cognitione
1968 3430 1998 3461 V
2011 3429 2022 3471 11
2045 3431 2080 3462 11
2099 3429 2245 3461 Orientis
2267 3443 2324 3463 om.
2340 3431 2372 3463 R
2397 3432 2408 3473 l

181 3477 299 3509 Theod.
317 3477 329 3519 11
355 3475 445 3519 μήτε
465 3472 764 3522 προκάταρξιν-
785 3479 824 3510 10
840 3477 1001 3521 ἐκφέρειν
1021 3477 1070 3517 Iis,
1093 3489 1150 3509 om.
1166 3477 1223 3511 Le
1245 3476 1257 3521 Η
1327 3478 1368 3510 14
1394 3476 1570 3507 ueritatem
1594 3475 1625 3507 T
1633 3475 1655 3515 ¹]
1681 3474 1877 3506 uarietatem
1903 3473 2032 3507 RVT2
2056 3472 2068 3517 ΙΙ
2090 3475 2303 3507 committunt
2323 3475 2372 3509 V³
2398 3476 2408 3519 'll

179 3524 199 3554 9
224 3522 343 3555 ποιῶν
367 3523 413 3554 M
430 3522 441 3564 ΙΙ
462 3518 592 3555 11—-13
618 3523 714 3554 inscr-
735 3535 792 3555 om.
808 3522 839 3554 L
857 3521 868 3564 ΙΙ
898 3523 935 3554 17
960 3521 1256 3565 προςτιθεμένων
1326 3523 1367 3554 15
1393 3519 1484 3551 fatile
1506 3520 1584 3562 V¹11
1602 3520 1784 3552 inueniunt
1807 3519 1856 3552 R¹
1882 3519 2018 3550 venient
2042 3520 2128 3562 vuly.
2145 3519 2158 3562 ΙΙ
2180 3521 2220 3553 16
2245 3521 2327 3560 veri]
2354 3521 2408 3553 uir

180 3566 232 3618 ²Le
251 3567 262 3609 ΙΙ
287 3567 328 3599 22
348 3564 543 3631 ἐγγναὶσθῠη
558 3567 588 3598 L
606 3566 618 3609 ΙΙ
641 3562 854 3619 ὀφείλεσθαι
872 3564 1024 3622 ῘᾺΙάῖΒΣ
1034 3567 1094 3636 {cf
1111 3567 1254 3622 326‚’19)l
1324 3567 1357 3598 R
1376 3565 1388 3608 ΙΙ
1415 3567 1452 3597 17
1479 3575 1498 3596 a
1523 3577 1583 3628 omi
1598 3565 1664 3628 Rs
1685 3563 1697 3607 ΙΙ
1719 3566 1770 3623 δ20
1796 3565 1960 3615 emergent
1989 3563 2037 3596 V¹
2062 3563 2074 3607 ΙΙ
2105 3566 2183 3596 sunt
2206 3565 2313 3606 posita
2338 3566 2372 3598 R
2396 3565 2408 3610 ΙΙ

180 3609 729 3697 attitiae?saloma
743 3611 970 3699 Ἓὸἕιξῗξὲ
978 3611 1037 3688 ἔέ
1051 3611 1087 3687 11¹1
1101 3612 1254 3691 3313?
1326 3609 1576 3698 ἷέαῑῖΐὲῗὲῗῑέζ]
1592 3607 2221 3698 &110222222511352331titzreni.
2238 3611 2280 3689 ἐξ
2297 3612 2409 3696 ἓὲῗέῃξῗ

180 3698 417 3742 καθεστάναι]
436 3699 659 3747 τυγχάνοντα
671 3698 729 3734 ΒΣ
747 3701 758 3745 Η
779 3704 820 3735 25
834 3702 893 3734 καὶ
908 3700 1054 3746 ἑτέρους]
1071 3702 1132 3734 καὶ
1144 3713 1232 3738 σοις
1245 3701 1256 3745 Η
1326 3701 1358 3732 et
1378 3698 1433 3743 Vll
1460 3701 1503 3732 29
1524 3699 1694 3732 observato
1713 3699 1812 3743 vulo]
1839 3698 2037 3731 obseruante
2058 3699 2134 3733 libri
2154 3700 2210 3743 (cf.
2226 3701 2303 3742 326,
2319 3702 2363 3743 15)
