2580 4022
179 141 237 171 DE
265 140 322 171 ns
352 140 428 177 Qm
458 138 696 171 EUNucnos
726 139 918 170 FAanN'r
1154 187 1158 188 ⁷
1197 124 1333 189 ᾤ’ζθῧἦ
1358 186 1364 188 „
1972 124 2079 166 Nov.
2105 121 2257 165 CXLII
2287 133 2348 175 pr.
2377 123 2410 163 1.

1242 353 1346 396 Tm}

774 453 952 505 ΠΕΡΙ
996 451 1139 505 ΤΩΝ
1188 450 1832 504 ΕῩΝΟΥΧΙΖΟΝΤῼΝ.

601 542 851 589 Αὐτοκράτωρ
873 540 1126 577 ’Ῑουστινιανὸς
1146 542 1355 588 Αὔγουστος
1381 543 1568 588 Μαρθάνῃ
1592 541 1745 587 (κόμητι
1769 541 1994 587 πριβοίτων).

310 623 596 668 (Προοίμιον.
668 622 716 658 Αἱ
743 623 842 668 παρὰ
876 624 954 657 τῶν
985 622 1056 666 πρὸ
1083 619 1187 665 ἡμῶν
1210 621 1525 665 βεβασιλευκότων
1550 619 1756 666 όρισθεῖσαι
1781 626 1951 667 τιμωρίαι
1976 620 2068 654 κατὰ
2093 621 2170 654 τῶν
2194 616 2411 661 εὖνουχίζειν

175 667 399 711 τολμώντων
431 670 522 702 πᾶσι
551 667 593 710 δι]
622 682 658 701 αι
681 666 927 714 τυγχάνουσιν.
976 665 1099 709 ἐπειδὴ
1125 665 1167 700 δέ
1186 678 1280 700 τινες
1303 668 1613 712 καταφρονοῦντες
1637 668 1698 709 τῆς
1723 667 1865 701 ἑαυτῶν
1889 670 2067 710 σωτηρίας
2092 664 2294 708 ἐτόλμησαν
2319 661 2411 696 ὅλως

175 714 246 758 πρὸ
273 714 429 758 φανεροῦ
454 714 583 756 χρόνου
607 713 649 746 τὸ
675 714 841 747 τοιοῦτον
866 710 991 756 ἀσεβὲς
1011 709 1205 757 ἁμάρτημα
1227 710 1516 756 διαπράξασθαι,
1541 710 1601 745 διὰ
1626 712 1735 745 τοῦτό
1760 723 1854 745 τινες
1892 713 1943 744 ιὲν
1968 711 2006 750 ἐξ
2031 707 2154 744 αὐτῶν
2179 707 2279 749 (ἰξίας
2302 706 2410 741 δεδώ-

175 770 259 791 κασι
291 758 436 800 ποινάς,
472 760 585 803 ἕτεροι
618 756 657 791 δὲ
686 758 776 801 μετὰ
810 758 851 791 τὸ
883 758 1140 803 τιμωρηθῆναι
1171 760 1231 790 καὶ
1263 759 1302 790 έν
1332 757 1450 802 ἑξορίᾳ
1483 757 1736 803 ἐπέμφθησαν.
1785 726 1908 799 ἐπειδὴ
1940 760 2064 789 τοίνυν
2095 752 2179 788 ου’-δὲ
2209 750 2323 787 οὕτως
2351 754 2411 793 τῆς

176 801 322 836 ἀνοσίας
354 800 554 845 ἀπέσχοντο
584 802 764 847 πράξεως,
795 799 876 836 ἀλλ’
904 804 951 836 εἰς
981 802 1123 844 πλῆθος
1155 801 1288 844 ἐξῆλθε
1319 803 1361 835 τὸ
1386 803 1553 836 τοιοῦτον
1576 803 1704 846 μῦσος,
1731 798 1778 835 ὡς
1803 799 1985 846 διαφόρως
2009 797 2079 835 ἀπὸ
2106 798 2250 834 πολλῶν
2274 796 2412 848 ὀλίγους

175 848 446 893 περισωθῆναι,
480 851 538 881 καὶ
562 849 738 881 τοσοῦτον
762 843 818 881 ὅτι
838 851 900 880 καί
921 859 1014 881 τινες
1038 847 1076 887 ἐξ
1101 844 1222 880 αὐτῶν
1245 848 1322 880 τῶν
1347 848 1635 891 περισωθέντων
1659 843 1713 880 ἐπ’
1741 845 1872 889 ὄψεσιν
1895 846 2081 891 ἡμετέραις
2105 844 2317 884 κατέθεντο,
2351 840 2410 874 ὁτι

175 890 247 927 αἰπὰ
280 891 497 936 ἐνενήκοντα
528 892 630 936 μόλις
660 895 752 938 τρεῖς
783 892 1074 938 περιεσώθησαν,
1105 895 1158 925 τίς
1189 888 1304 925 οὕτως
1336 895 1546 938 περιφρονεῖ
1573 894 1636 934 τῆς
1671 889 1762 925 ἰδίας
1797 895 1992 937 σωτηρίας,
2028 889 2115 923 disse
2150 886 2317 933 παριδεῖν
2353 890 2412 920 καὶ

175 935 389 981 ἀνεκδίκητα
421 939 538 971 ταῦτα
569 938 797 976 καταλιπεῖν;
829 939 860 970 εἰ
890 940 960 984 γὰρ
989 937 1024 971 οἱ
1053 934 1217 982 ἡμέτεροι
1245 937 1351 981 νόμοι
1375 939 1457 970 τοὺς
1481 938 1579 982 ξίφος
1602 934 1695 970 κατά
1722 948 1815 970 τινος
1841 938 2015 981 σύροντας
2041 938 2228 979 τιμωρίαις
2253 931 2413 975 ὑποβάλ-

175 983 284 1025 λουσι,
309 985 385 1017 πῶς
410 984 548 1027 ἔχωμεν
568 980 735 1028 παριδεῖν
759 979 873 1016 οὕτως
897 981 1011 1027 ἀδεῶς
1033 984 1238 1028 γινομένους
1262 981 1401 1027 φόνους,
1428 985 1487 1015 καὶ
1511 984 1660 1028 πρᾶγμα
1682 981 1874 1027 γινόμενον
1899 983 2066 1015 ἐναντίον
2089 992 2128 1013 τε
2152 981 2217 1013 τοῦ
2241 979 2331 1012 θεοῦ
2352 980 2413 1010 καὶ

174 1030 249 1062 τῶν
281 1025 465 1072 ἡμετέρων
494 1027 638 1071 νόμων;
676 1024 873 1074 ἀναγκαῖον
905 1023 970 1062 οῧν
994 1025 1212 1074 ἡγησάμεθα
1236 1030 1309 1061 τοῖς
1332 1027 1378 1060 τὰ
1402 1029 1554 1061 τοιαῦτα
1579 1026 1739 1071 τολμῶσι
1764 1025 1824 1060 διὰ
1849 1028 1912 1060 τοῦ
1932 1025 2112 1072 παρόντος
2135 1024 2248 1069 νόμου
2273 1020 2413 1068 ἀκριβέ-

175 1085 303 1119 στερον
326 1072 546 1113 ἐπεξελθεῖν.

1191 1149 1346 1185 CAPUT
1370 1150 1398 1186 Ι.

311 1233 535 1275 Θεσπίζομεν
565 1234 689 1264 τοίνυν
717 1230 799 1264 τοὺς
831 1232 871 1264 ἐν
902 1228 1105 1273 οἶῳδὴποτε
1133 1229 1239 1273 τόπῳ
1271 1231 1333 1272 τῆς
1362 1229 1532 1273 ἡμετέρας
1556 1228 1737 1264 πολιτείας
1760 1227 1977 1272 εὖνουχίζειν
2000 1229 2210 1270 τολμῶντας
2233 1226 2256 1271 ἢ
2280 1226 2408 1271 τολμή-

174 1289 307 1311 σαντας
330 1274 543 1319 οἷονδήποτε
568 1277 772 1321 πρόςωπον,
798 1277 828 1309 εἰ
850 1278 917 1319 μὲν
941 1275 1067 1320 ἄνδρες
1090 1275 1160 1308 εἷεν
1182 1275 1215 1309 οἱ
1239 1276 1346 1308 τοῦτο
1370 1274 1612 1317 τολμήσαντες
1635 1272 1657 1318 ἢ
1682 1278 1740 1308 καὶ
1764 1274 1977 1318 τολμῶντες,
2001 1273 2114 1308 ταύτὸ
2139 1276 2246 1308 τοῦτο
2271 1274 2411 1308 παθεῖν

174 1320 196 1356 ὂ
220 1321 448 1364 πεποιήκασι,
472 1325 531 1354 καὶ
555 1322 586 1354 εἰ
610 1321 862 1364 περισωθεῖεν,
886 1321 931 1354 τὰ
957 1321 1154 1365 πράγματα
1179 1317 1302 1353 αὐτῶν
1325 1321 1378 1362 τῷ
1401 1318 1562 1363 δημοσίῳ
1588 1320 1878 1365 προςκυροῦσθαι
1903 1319 1962 1353 διὰ
1985 1321 2049 1353 τοῦ
2075 1320 2166 1353 κατὰ
2190 1318 2318 1364 καιρὸν
2342 1318 2411 1359 τὴν

173 1369 234 1409 τῆς
258 1369 320 1410 σῆς
344 1363 577 1408 ἐνδοξότητος
601 1364 775 1400 ἀνύοντος
799 1365 922 1410 ἀρχήν,
947 1363 1130 1400 κάκείνους
1154 1367 1193 1398 ἐν
1219 1366 1332 1409 Γύψῳ
1358 1365 1573 1408 πέμπεσθαι
1597 1362 1807 1409 ὀφείλοντας
1830 1365 1897 1399 τὸν
1921 1362 2071 1400 ἅπαντα
2095 1366 2156 1407 τῆς
2174 1365 2267 1407 ζωῆς
2288 1360 2412 1396 αὐτῶν

173 1411 305 1457 χρόνον
337 1414 409 1444 ἐκεῖ
437 1411 539 1444 εἶναι.
588 1412 618 1444 εἰ
642 1409 681 1444 δὲ
702 1414 864 1457 γυναῖκες
888 1406 979 1444 αἷσιν
1000 1411 1039 1444 αἱ
1061 1411 1169 1444 τοῦτο
1193 1412 1374 1451 ποιοῦσαι,
1396 1413 1456 1443 καὶ
1479 1409 1613 1443 ταύτας
1635 1410 1890 1454 τιμωρεῖσθαι,
1915 1414 1974 1443 καὶ
1995 1410 2041 1443 τὰ
2065 1410 2261 1456 πράγματα
2287 1405 2412 1441 αὐτῶν

174 1456 234 1490 διὰ
250 1459 321 1501 goi
345 1456 436 1490 κατὰ
460 1456 584 1501 καιρὸν
608 1456 675 1498 τὴν
700 1453 813 1499 αὐτὴν
837 1454 1009 1490 ἀνύοντος
1033 1454 1147 1501 ἀρχὴν
1170 1456 1223 1498 τῷ
1249 1453 1410 1499 δημοσίῳ
1435 1455 1736 1500 προςκυροῦσθαι,
1761 1458 1820 1488 καὶ
1844 1457 1891 1489 εἰς
1915 1455 2058 1499 ἐξορίαν
2082 1454 2311 1497 πέμπεσθαι·
2352 1453 2412 1486 ἵνα

174 1503 212 1542 ἐξ
244 1503 282 1544 ης
307 1501 479 1544 ἐνόμισαν
502 1499 525 1543 ἢ
550 1504 758 1544 νομίζουσιν
787 1498 952 1545 ἀσεβείας
975 1498 1095 1546 κέρδος
1119 1501 1256 1534 ἑαυτοῖς
1280 1502 1490 1544 περιποιεῖν,
1518 1499 1555 1539 ἐξ
1579 1497 1688 1542 αὐτῆς
1710 1504 1890 1544 τιμωρίαν
1914 1504 1974 1533 καὶ
1998 1502 2182 1534 ἔκπτωσιν
2205 1499 2283 1532 τῶν
2306 1495 2412 1531 ἰδίων

173 1548 401 1592 πραγμάτων
432 1544 631 1580 ὑποσταῖσι.
678 1546 760 1580 τοὺς
787 1548 912 1590 μέντοι
945 1546 1185 1586 ἑπιτάξαντας
1216 1548 1275 1578 καὶ
1307 1547 1367 1580 ἐπὶ
1398 1545 1515 1587 τούτῳ
1548 1543 1725 1591 πρόςωπα
1754 1543 2075 1590 παραδεδωκότας,
2107 1542 2131 1586 ἢ
2161 1546 2221 1577 καὶ
2253 1543 2365 1577 οἴκους
2389 1540 2412 1585 ἢ

172 1594 291 1626 τόπον
315 1591 396 1625 τινὰ
421 1593 482 1624 ἐπὶ
505 1591 624 1633 τούτῳ
651 1594 941 1635 παρασχομένους
964 1589 987 1633 ἢ
1007 1594 1066 1624 καὶ
1090 1593 1325 1635 παρέχοντας,
1357 1590 1427 1623 εἴτε
1451 1587 1578 1634 ἄνδρες
1602 1589 1673 1622 εἶεν
1696 1590 1768 1623 εἴτε
1789 1593 1969 1636 γυναῖκες,
2001 1589 2065 1623 τὰς
2089 1586 2199 1623 αὐτὰς
2223 1587 2413 1632 κελεύομεν

173 1636 377 1680 ὑποστῆναι
401 1640 574 1682 τιμωρίας
598 1635 645 1669 ὡς
669 1640 880 1681 συνίστορας
901 1639 1111 1682 γενομένους
1134 1637 1196 1678 τῆς
1220 1633 1340 1669 ἀδίκου
1365 1633 1497 1676 ταύτης
1522 1634 1691 1679 πράξεως.

239 1751 322 1783 Νου.
353 1749 493 1782 CXLII
515 1749 639 1782 Graece
659 1755 780 1781 tantum
805 1756 892 1781 extat
916 1749 948 1781 in
973 1748 1057 1788 ML,
1084 1761 1110 1781 c.
1137 1750 1166 1782 1.
1185 1750 1215 1782 2.
1241 1750 1273 1781 in
1300 1748 1334 1780 B
1359 1749 1413 1788 60,
1431 1755 1473 1787 51,
1491 1755 1527 1781 64
1552 1748 1688 1789 indeque
1713 1748 1745 1780 in
1767 1746 1926 1780 Nomoc.m
1951 1748 2109 1781 XIVtit.
2137 1749 2229 1789 1,14.
2252 1765 2296 1770 ——
2321 1746 2412 1789 Epir.

173 1795 294 1828 Theod.
321 1795 386 1828 142
410 1796 497 1835 (inde
522 1793 608 1834 ΒΣ),
633 1794 753 1826 Athon.
776 1794 827 1834 18,
846 1801 882 1831 83
906 1794 1110 1826 summarium
1131 1795 1228 1826 habet
1248 1793 1382 1826 Nomoc.
1408 1793 1566 1826 XIVtz't.
1594 1795 1624 1834 1,
1642 1799 1685 1825 14.

307 1853 333 1871 c.
349 1840 374 1873 I
394 1846 612 1883 aryumentum
636 1851 674 1871 ex
696 1839 773 1871 Ath.
799 1840 943 1881 referunt
963 1839 1125 1882 paratitla
1149 1838 1224 1871 Ath.
1242 1840 1264 1871 4
1286 1839 1307 1881 ξ
1325 1845 1373 1871 20.

1216 2025 1364 2062 CXLII.

698 2114 800 2164 DE
843 2114 954 2164 IIS
1000 2115 1127 2175 QUI
1167 2115 1530 2165 EUNUCHOS
1571 2115 1880 2166 FACIIJNT.

555 2213 764 2262 Imperator
788 2215 1014 2250 Iustinianus
1036 2216 1223 2261 Auqustus
1246 2215 1434 2251 Martliani
1457 2216 1603 2261 (comiti
1626 2226 1746 2251 rerum
1765 2216 2032 2262 privatarum>-

310 2294 574 2339 Praefatio.
623 2292 725 2336 Quae
760 2293 804 2328 ab
840 2293 1117 2339 imperatoribus
1152 2294 1214 2338 qui
1249 2297 1334 2329 ante
1369 2304 1436 2329 nos
1468 2294 1793 2340 fuerunt-poenae
1822 2294 1859 2329 in
1888 2304 1950 2329 eos
1980 2293 2044 2339 qui
2074 2293 2259 2329 eunuchos
2287 2295 2414 2339 facere

175 2340 310 2376 audent
347 2339 566 2374 constitutae
603 2343 688 2373 sunt
725 2337 888 2373 omnibus
918 2339 1135 2383 manifestae
1165 2344 1259 2374 sunt.
1307 2337 1486 2381 Quoniam
1516 2343 1634 2374 autem
1665 2339 1833 2374 nonnulli
1860 2339 1977 2374 salute
2007 2349 2074 2373 sua
2105 2343 2310 2384 contempta
2340 2349 2413 2373 non

175 2387 228 2420 ita
256 2384 400 2430 pridem
434 2384 582 2429 impium
613 2383 789 2418 eiusmodi
816 2382 982 2418 delictum
1009 2387 1226 2429 perpetrare
1261 2384 1403 2418 omnino
1438 2385 1521 2418 ausi
1542 2387 1637 2425 sunt,
1664 2388 1865 2430 propterea
1888 2384 1952 2418 alii
1976 2394 2097 2418 eorum
2122 2383 2254 2429 diqnas
2275 2394 2414 2428 poenas

176 2429 365 2471 dederunt,
397 2428 462 2463 alii
487 2432 575 2474 post
605 2428 773 2474 irroqata
795 2427 976 2473 supplicia
1000 2429 1107 2463 etiam
1131 2429 1167 2462 in
1192 2428 1341 2463 exilium
1366 2428 1465 2462 missi
1487 2432 1581 2463 sunt.
1629 2426 1709 2462 Iam
1760 2429 1905 2463 uoniam
1929 2439 1973 2462 ne
1996 2429 2048 2462 sic
2064 2427 2206 2473 quidem
2223 2439 2245 2462 a
2263 2428 2412 2471 nefaria

174 2475 239 2509 illa
264 2475 405 2509 actione
429 2473 693 2513 abstinuerunt,
725 2471 788 2507 secl
812 2472 982 2507 latissime
1001 2472 1125 2518 patuit
1148 2472 1323 2507 eiusmodi
1342 2473 1534 2518 staffilum,
1559 2476 1599 2507 ut
1623 2483 1724 2518 comp
1742 2473 1838 2507 uries
1865 2483 1915 2508 ex
1939 2473 2062 2507 multis
2080 2473 2196 2518 pauci
2216 2472 2414 2508 incolumes

175 2519 367 2554 evaderent
383 2529 496 2563 usque
513 2517 603 2552 adeo
620 2522 658 2551 ut
675 2516 839 2551 nonnulli
856 2527 905 2551 ex
928 2517 1018 2562 ipsis
1041 2517 1104 2562 qui
1125 2518 1259 2552 servati
1281 2522 1364 2552 sunt
1388 2518 1426 2551 in
1451 2522 1643 2563 conspeetu
1668 2522 1791 2552 nostro
1817 2518 1939 2552 testati
1959 2517 2033 2552 sint
2055 2528 2104 2552 ea·
2128 2518 2329 2563 nonaqinta
2349 2518 2413 2553 vix

178 2571 250 2599 tres
282 2568 445 2599 servatos
477 2573 569 2603 esse,
602 2562 682 2607 quis
713 2572 815 2596 suam
845 2561 996 2596 salutem
1027 2561 1118 2596 adeo
1143 2563 1346 2603 contemnit,
1375 2566 1414 2595 ut
1438 2561 1526 2596 haec
1550 2562 1718 2607 neqleqat
1741 2567 1850 2607 atque
1873 2562 1988 2596 inulta
2011 2562 2217 2606 relinquat?
2264 2562 2358 2597 Nam
2381 2563 2414 2595 si

177 2610 272 2654 leqes
296 2613 442 2642 nostrae
466 2617 527 2642 eos
551 2608 613 2652 qui
636 2606 797 2651 qladium
823 2611 950 2641 contra
975 2606 1128 2651 aliquem
1151 2607 1334 2651 strinqunt
1357 2606 1547 2652 suppliciis
1569 2607 1759 2647 subiciunt,
1786 2606 1964 2651 quomodo
1985 2607 2072 2651 fieri
2087 2607 2209 2652 possit
2231 2610 2271 2642 ut
2286 2606 2414 2642 caedes

178 2659 250 2688 tam
274 2652 498 2698 impudenter
522 2653 728 2686 commissas
751 2653 785 2685 et
807 2661 884 2685 rem
909 2654 1039 2685 contra
1063 2650 1166 2685 deum
1183 2651 1325 2696 pariter
1348 2655 1383 2686 et
1406 2655 1552 2686 nostras
1576 2652 1672 2696 leqes
1693 2651 1834 2695 factam
1849 2651 2203 2696 praetermittamus?
2238 2650 2413 2686 Necessa-

177 2699 270 2733 rium
295 2698 409 2743 iqitur
432 2696 605 2732 duximus
628 2706 688 2731 eos
712 2695 774 2741 qui
797 2694 885 2730 naec
910 2695 997 2730 talia
1022 2695 1156 2730 audent
1177 2706 1244 2741 per
1264 2699 1491 2741 praesentem
1516 2696 1628 2741 leqem
1651 2696 1868 2740 exquisitius
1885 2696 2073 2741 persequi.

311 2764 341 2799 Ῑ.
390 2762 581 2799 Sancimus
619 2763 731 2809 iqitur
770 2766 808 2797 ut
847 2762 911 2808 qui
946 2763 983 2796 in
1020 2762 1270 2807 qualicumque
1304 2763 1359 2797 rei
1390 2762 1557 2808 publicae
1591 2766 1738 2797 nostrae
1773 2762 1854 2797 loco
1918 2762 2187 2808 ualemcumque
2213 2774 2413 2809 personam

179 2813 342 2846 castrare
366 2809 499 2844 audent
521 2808 577 2844 vel
599 2809 682 2843 ausi
701 2808 854 2852 fuerint,
878 2808 910 2841 si
934 2807 1074 2852 quidem
1098 2808 1169 2842 viri
1190 2808 1262 2842 sint
1286 2809 1349 2852 qui
1371 2807 1410 2841 id
1433 2808 1514 2841 ausi
1535 2811 1620 2842 sunt
1642 2807 1699 2842 vel
1721 2807 1865 2847 audent,
1891 2773 1962 2842 {oc
1985 2808 2077 2842 idem
2099 2807 2292 2853 patiantur
2315 2808 2415 2854 quod

176 2856 363 2902 fecerunt,
396 2858 430 2889 et
461 2854 493 2888 si
522 2853 717 2888 incolumes
748 2852 943 2895 evaserint,
975 2852 1069 2887 hona
1102 2862 1224 2886 eorum
1251 2852 1342 2896 fisco
1375 2851 1592 2886 addicantur
1608 2862 1681 2897 per
1704 2863 1782 2886 eum
1807 2852 1870 2896 qui
1889 2863 1960 2898 pro
1985 2855 2144 2898 tempore
2166 2853 2307 2898 qloriae
2332 2859 2415 2888 tuae

178 2900 393 2945 magistratu
423 2898 608 2943 sunqitur,
639 2901 674 2932 et
705 2897 776 2941 ipsi
807 2898 843 2931 in
878 2897 1038 2941 Gypsum
1070 2896 1258 2930 mittantur
1283 2907 1353 2942 per
1385 2906 1488 2930 omne
1518 2897 1611 2931 vitae
1642 2906 1730 2930 suae
1755 2901 1891 2942 tempus
1914 2896 1963 2931 ibi
1986 2897 2156 2931 mansuri.
2203 2896 2269 2932 Sin
2294 2904 2414 2933 aulem

178 2945 343 2979 mulieres
366 2944 439 2977 sint
462 2953 555 2987 quae
577 2941 617 2975 id
638 2942 794 2986 faciunt,
818 2951 882 2976 eae
905 2951 1050 2985 quoque
1065 2941 1283 2985 puniantur,
1307 2943 1341 2975 et
1364 2940 1457 2975 bona
1481 2951 1604 2975 earum
1626 2951 1694 2986 per
1716 2951 1795 2975 eum
1820 2942 1883 2985 qui
1900 2952 1974 2986 pro
1993 2946 2149 2987 tempore
2164 2942 2285 2977 eodem
2302 2943 2414 2986 maqi-

178 2993 295 3023 stratu
318 2988 491 3032 sunqitur
512 2987 601 3030 fisco
626 2985 855 3026 addicantur,
880 2986 1051 3030 ipsaeque
1075 2985 1113 3019 in
1136 2985 1285 3020 exilium
1311 2985 1518 3020 mittantur:
1552 2989 1591 3019 ut
1616 2996 1688 3030 qua
1711 2996 1761 3020 ex
1781 2986 1963 3030 impietate
1987 2987 2124 3020 lucrum
2139 2986 2207 3021 sibi
2222 2986 2415 3031 adquirere

174 3036 358 3079 putarunt
374 3035 564 3077 putantve,
588 3040 637 3064 eae
660 3029 782 3064 eadem
805 3030 1023 3075 supplicium
1046 3034 1080 3064 et
1105 3030 1331 3065 amissionem
1355 3030 1529 3064 bonorum
1552 3040 1699 3064 suorum
1723 3029 1882 3064 subeant.
1930 3029 2001 3072 Qui
2023 3041 2106 3065 vero
2138 3031 2177 3064 id
2205 3031 2415 3065 mandarint

179 3083 214 3113 et
235 3087 411 3123 personas
435 3075 484 3110 ad
506 3074 573 3109 lzoc
599 3074 824 3115 tradiderint,
849 3074 904 3108 vel
927 3074 1034 3109 etiam
1057 3073 1181 3108 domos
1201 3080 1263 3109 aut
1289 3075 1405 3109 locum
1430 3073 1585 3119 aliquem
1610 3074 1659 3108 acl
1677 3073 1745 3108 lzoc
1766 3074 2000 3119 praebuerint
2020 3075 2076 3110 vel
2091 3074 2307 3120 praebeant,
2339 3075 2414 3110 sive

179 3123 247 3158 viri
270 3122 341 3157 sint
363 3121 436 3156 sive
460 3119 637 3162 mulieres,
661 3119 783 3153 eadem
801 3119 982 3165 supplicia
1005 3118 1125 3154 subire
1148 3119 1319 3161 iubemus,
1343 3122 1467 3164 utpote
1491 3118 1552 3164 qui
1575 3119 1729 3153 iniustae
1752 3118 1850 3153 illius
1872 3119 2026 3154 actionis
2054 3119 2192 3154 conscii
2210 3120 2307 3165 facti
2328 3120 2412 3154 sint.

226 3314 244 3345 3
273 3307 471 3358 Μαρθᾶνῃ]
498 3308 702 3350 Μαλθάνης
729 3312 760 3342 in
791 3311 934 3343 Ciliciam
967 3311 1079 3342 missus
1110 3321 1262 3343 memora·
1331 3306 1577 3351 τολμήσαντας
1599 3309 1669 3341 LB
1692 3310 1749 3351 (ef.
1779 3311 1827 3342 16.
1854 3311 1906 3343 21.
1928 3311 1995 3350 23)]
2019 3309 2261 3353 τολμήσοντας
2286 3312 2328 3344 M
2340 3311 2352 3354 ΙΙ
2374 3313 2414 3346 16

183 3365 232 3391 tur
266 3370 317 3400 up.
340 3357 476 3398 Procop.
511 3357 583 3388 hist.
618 3368 683 3388 arc.
717 3357 770 3395 29,
807 3356 887 3387 idem
917 3355 1127 3387 Mar-thanim
1163 3367 1263 3387 comes
1332 3350 1353 3395 ἢ
1378 3367 1436 3385 om.
1462 3355 1622 3387 Νονηοι·.”ι
1654 3354 1665 3396 ΙΙ
1696 3356 1733 3388 17
1768 3350 1789 3386 ὃ
1821 3355 2038 3396 πεποιήκασι
2067 3365 2095 3389 et
2117 3356 2148 3388 εἰ
2172 3356 2414 3398 περισωθεῖεν

182 3404 419 3435 domesticorum
453 3403 484 3433 in
516 3401 606 3433 Actis
636 3401 751 3443 synodi
780 3400 1028 3443 Alopsuestepae
1059 3412 1088 3431 α.
1110 3401 1174 3433 550
1210 3412 1262 3442 ap.
1333 3411 1389 3430 om.
1416 3398 1573 3431 Νοηιοι·.”ι
1599 3398 1610 3440 ΙΙ
1635 3396 1703 3439 τὴν
1729 3397 1824 3439 LI'B]
1851 3412 1907 3431 om.
1935 3400 2025 3432 MLa
2049 3400 2061 3441 ss
2087 3403 2127 3434 18
2153 3397 2328 3433 ἄνι”οντας
2352 3403 2382 3434 L
2403 3400 2415 3446 ΙΙ

182 3448 297 3480 Mansi
324 3447 403 3479 Coll.
433 3446 552 3478 Concil.
577 3445 637 3477 IX
655 3457 687 3486 p.
714 3446 900 3477 274-276.
927 3445 991 3477 288
1017 3445 1071 3486 (cf.
1094 3445 1266 3477 Alemanni
1332 3439 1456 3474 αὐτῶν
1486 3455 1552 3475 cum
1585 3445 1768 3485 ›Scrimqero
1793 3445 1876 3486 vulq.
1905 3443 1916 3486 ΙΙ
1951 3446 1989 3478 19
2022 3445 2133 3477 ἐκεῖσε
2156 3446 2186 3478 L
2215 3447 2227 3488 fl
2255 3448 2416 3490 γυναῖκές

182 3499 245 3525 not.
272 3493 317 3524 ad
336 3491 473 3533 Procop.
502 3492 521 3522 l.
543 3491 581 3530 c.)
600 3490 611 3530 ΙΙ
629 3489 758 3530 κόμητι
782 3484 974 3533 πριβάτων
998 3490 1114 3522 addidi
1137 3489 1261 3521 exAtlz.
1331 3487 1422 3519 εἰσιν
1443 3487 1478 3520 Β
1495 3488 1507 3529 ΙΙ
1534 3489 1575 3520 20
1605 3483 1778 3520 ἀνύοντος
1800 3487 1868 3529 τὴν
1893 3484 2006 3530 αὐτὴν
2031 3486 2157 3531 (αἰτὴν
2182 3503 2239 3522 om.
2265 3492 2327 3531 La)
2352 3487 2414 3534 ἀρ-

181 3535 226 3581 ΙΙ4
245 3538 295 3579 βι.
321 3533 352 3567 α’
380 3536 473 3576 (corr.
499 3531 544 3574 δ’)
569 3534 632 3566 τοῦ
658 3531 806 3566 κωδικος
829 3536 875 3566 τί.
895 3530 957 3576 μβ’
985 3530 1076 3567 διάτ.
1094 3530 1127 3565 α’
1152 3535 1209 3564 καὶ
1227 3531 1260 3575 β’
1331 3529 1395 3572 χὴν
1421 3532 1451 3564 L
1467 3532 1479 3574 ΙΙ
1500 3534 1538 3566 21
1567 3531 1703 3565 ἑαυτοῖς
1729 3534 1799 3565 ML
1817 3533 1987 3573 Nomocffl]
2015 3531 2132 3567 αὐτοῖς
2156 3535 2191 3567 Β
2207 3535 2218 3578 ΙΙ
2239 3537 2278 3568 21
2303 3547 2414 3578 τιμω-

182 3583 260 3614 citat
290 3581 387 3614 schol.
414 3582 458 3613 M
487 3581 542 3619 (id.
570 3580 713 3619 Theod.).
738 3579 833 3611 Adde
858 3579 936 3621 Dz'q.
962 3580 1016 3619 48,
1035 3585 1063 3617 8,
1079 3586 1094 3611 4
1122 3582 1173 3616 §2
1201 3577 1212 3621 ΙΙ
1243 3580 1263 3609 6
1331 3579 1413 3618 ρίαν
1428 3577 1515 3616 MB]
1540 3576 1880 3621 rcfliwolavaulq.H
1897 3579 1938 3611 22
1959 3576 2160 3622 πρόσωπον
2173 3580 2357 3625 Νοηιοο.ηιΗ
2372 3581 2413 3614 23

182 3624 224 3657 τὸ
250 3638 306 3658 om.
332 3625 363 3658 L
382 3625 393 3668 ΙΙ
411 3628 430 3658 9
453 3620 771 3668 περιδιασωθῆναι
788 3623 818 3655 L
837 3621 848 3666 ss
869 3625 905 3656 11
931 3620 1126 3666 σι’·ρροντας
1146 3623 1172 3655 L
1191 3622 1202 3665 ΙΙ
1224 3624 1262 3655 12
1331 3623 1629 3665 παρασχομένους]
1654 3623 1913 3665 παρεχομένους
1938 3624 1966 3656 L

183 3671 306 3713 ἔχομεν
333 3671 375 3702 Μ
390 3672 402 3713 ΙΙ
428 3666 542 3702 οὕτως
567 3665 731 3711 παριδεῖν
755 3668 786 3700 L
809 3668 821 3711 ΙΙ
853 3670 890 3701 15
916 3665 938 3709 ἢ
963 3669 1050 3708 ΜΒ]
1076 3664 1097 3709 ἢ
1122 3669 1180 3700 καὶ
1206 3668 1236 3700 L
1252 3666 1264 3711 Η

255 3725 304 3751 111.
2096 3725 2137 3758 89

2438 889 2478 919 10

2438 1237 2477 1268 15

2436 1462 2477 1493 20
