2586 3990
157 143 216 175 ΕΤ
244 142 362 176 ALIIS
392 142 626 175 CAPITULIS

153 239 244 287 παρ’
270 239 374 287 ἡμῶν
398 240 682 276 διατυπωθέντα
705 241 908 286 τολμήσειε,
940 246 1000 276 καὶ
1031 243 1093 286 τῆς
1123 241 1238 286 ζώνης

151 286 436 333 γυμνωθήσεται
467 289 526 320 καὶ
551 285 743 331 δημευθεὶς
776 287 894 333 ἐξορίᾳ
918 286 1237 334 παραδοθήσεται·

152 329 172 365 ὁ
200 331 240 365 δὲ
262 330 463 379 ἐγχειρήσας
487 329 510 374 ἢ
535 333 731 377 ἐπιτρέψας
763 331 886 378 ἄρχων
911 331 995 367 δέκα
1019 337 1161 388 ζρυσίου
1186 331 1236 366 λι-

152 378 252 422 τρῶν
276 376 548 422 είςπραττέσθω
574 377 716 421 ποινήν,
742 381 801 411 καὶ
824 376 846 421 ἡ
870 377 970 419 τάξις
995 379 1104 413 αυτοῦ
1130 381 1238 414 πέντε

151 425 295 466 χρυσίου
319 421 453 465 λιτρῶν
477 420 691 456 ὑποκείσθω
721 423 840 469 ποινῇ.

1226 128 1305 176 641

1834 134 1942 178 Nov.
1974 134 2194 178 CXXVIII
2227 137 2390 178 12—16

1306 242 1446 286 exigere
1474 244 1566 280 citra
1590 253 1632 279 ea
1664 253 1753 288 quae
1784 254 1806 279 a
1837 245 1942 280 nobis
1973 245 2147 290 disposita
2171 246 2255 280 sunt
2285 255 2388 290 prae-

1307 289 1513 332 sumpserit,
1547 292 1583 324 et
1616 289 1756 333 cingulo
1787 290 1981 325 nudabitur
2013 295 2048 326 et
2076 289 2330 326 confiscabitur
2354 294 2390 326 et

1306 333 1409 367 exilio
1446 334 1625 379 tradetur3
1670 334 1730 379 qui
1765 337 1883 370 autem
1917 335 2072 373 iniunxit
2107 339 2171 371 aut
2205 346 2334 380 praece
2362 335 2391 371 it

1307 377 1412 412 iudex
1437 378 1558 414 decem
1582 380 1753 415 librarum
1777 381 1855 415 auri
1879 381 2042 425 exigatur
2065 391 2227 425 poenam,
2251 383 2287 416 et
2310 347 2389 416 otpfi-

1275 425 1293 456 5
1309 423 1402 457 cium
1425 423 1499 459 eius
1524 424 1679 470 quinque
1699 426 1778 460 auri
1797 425 1965 461 librarum
1989 426 2174 462 subiaceat
2194 435 2343 470 poenae.

1136 534 1292 570 CAPUT
1316 534 1417 571 XIII.

210 598 350 641 Μηδενὶ
373 598 412 634 δὲ
432 601 618 635 παντελῶς
643 602 776 642 ἐξέστω
797 603 873 636 τῶν
894 599 1051 645 δημόσια
1071 601 1153 644 τέλη
1174 603 1236 635 εἰς·
1259 608 1261 610 ’

151 642 395 690 πραττόντων
414 643 505 689 μηδὲ
525 645 770 690 κηνσουαλίοις
790 645 812 690 ἢ
830 645 1062 693 λογογράφοις
1078 644 1101 690 ἢ
1117 645 1236 680 ἄλλοις

150 693 224 723 τισὶ
243 691 295 732 τῷ
315 687 476 734 δημοσίῳ
502 690 799 736 ὑπηρετουμένοις
824 690 919 737 λόγῳ
946 688 1093 726 ἀσυλίας
1116 693 1236 735 κεχρῆ-

151 734 243 768 σθαι
267 734 358 780 πρὸς
382 736 464 770 τοὺς
487 735 655 783 λέγοντας
679 735 894 782 βεβλάφθαι
919 734 1010 782 παρ’
1030 733 1153 771 αὐτῶν
1179 739 1238 770 ἐπὶ

151 780 194 825 τῇ
219 780 297 814 τῶν
320 778 506 824 δημοσίων
531 782 715 828 εἰςπράξει.

1372 602 1471 637 Nulli
1494 612 1575 638 vero
1610 603 1751 646 penitus
1783 604 1890 638 liceat
1919 606 2066 650 publica
2088 605 2223 640 tributa
2246 604 2388 648 exigen-

1306 647 1393 681 tium
1429 657 1543 692 neque
1577 648 1803 683 censualibus
1842 651 1906 684 aut
1938 652 2118 685 rationum
2153 650 2388 695 scriptoribus

1306 696 1369 726 aut
1398 692 1477 727 aliis
1510 692 1721 737 quibusdam
1752 693 1895 737 publico
1926 694 2209 730 ministrantibus
2241 705 2389 730 excusa-

1307 737 1404 772 tione
1429 737 1523 781 quod
1542 738 1578 771 in
1594 737 1673 772 loco
1692 747 1795 773 sacro
1820 739 1998 774 resideant
2021 740 2073 774 uti
2098 743 2223 775 contra
2243 749 2304 775 eos
2329 739 2389 784 qui

1253 785 1292 816 10
1307 781 1430 817 dicunt
1452 791 1491 817 se
1514 782 1630 817 laesos
1655 782 1701 817 ab
1726 782 1776 817 eis
1800 782 1838 817 in
1861 783 2037 819 fiscalium
2062 784 2259 820 exactione.

1127 892 1285 928 CAPUT
1310 893 1406 928 XIV.

209 957 340 1001 Μηδεὶς
365 957 404 992 δὲ
427 959 468 993 τό
496 959 648 994 σύνολον
673 960 894 1002 ἐνοχλείσθω
918 958 1008 1005 ὑπὲρ
1033 959 1234 994 συντελείας

150 1002 288 1049 γηδίων
313 1001 406 1049 ἅπερ
430 1001 470 1037 οὗ
494 1008 671 1048 κέκτηται,
697 1003 788 1039 ἀλλὰ
813 1009 873 1039 καὶ
893 1007 924 1039 εἰ
945 1008 1100 1049 συμβαίη
1124 1017 1235 1051 γεωρ-

149 1049 231 1094 γούς
265 1062 338 1083 τινι
370 1050 610 1094 προςήκοντας
646 1049 668 1093 ἢ
685 1079 688 1081 .
706 1050 974 1097 ἐναπογράφους
1008 1048 1105 1083 ἰδίαν
1143 1051 1236 1091 eksta-

150 1094 285 1136 κτῆσιν,
322 1095 472 1128 ἐκείνους
507 1092 597 1140 ὑπὲρ
630 1092 737 1139 αὐτῆς
771 1096 835 1129 τὰς
868 1093 1038 1150 δημὶοσίας
1073 1095 1234 1140 εἰςπροίτ-

1367 960 1495 996 Nullus
1520 963 1638 995 autem
1660 960 1801 1005 penitus
1824 961 2031 996 molestetur
2057 972 2122 1006 pro
2148 962 2291 997 tributis
2316 965 2387 998 ter-

1305 1014 1425 1040 rarum
1460 1015 1548 1050 quas
1583 1016 1655 1040 non
1690 1005 1865 1050 possidet,
1902 1006 1965 1041 sed
1995 1006 2101 1041 etiam
2136 1007 2168 1043 si
2205 1008 2389 1052 contingat

1306 1050 1538 1094 agricultores
1571 1050 1678 1085 alicui
1711 1053 1953 1095 competentes
1985 1054 2050 1086 aut
2080 1051 2273 1097 inscriptos
2305 1064 2388 1097 pro-

1306 1095 1419 1139 priam
1455 1095 1586 1130 habere
1622 1096 1899 1140 possessionem,
1935 1096 2016 1131 illos
2053 1097 2133 1142 <pro
2168 1107 2210 1132 ea
2244 1099 2389 1143 publica

150 1138 285 1172 τεσθαι
319 1138 558 1194 συντελείαςκ
580 1141 643 1193 τοι]
680 1139 858 1175 δεσπότου
901 1142 1023 1174 αυτῶν
1056 1138 1236 1185 μηδεμίαν
1252 1143 1290 1175 15
1305 1140 1397 1185 exigi
1420 1141 1570 1184 tributa,
1605 1141 1745 1176 domino
1771 1151 1893 1176 eorum
1924 1142 2057 1176 nullam
2084 1152 2149 1187 pro
2174 1143 2248 1188 eis>
2278 1144 2387 1178 mole-

151 1181 298 1238 ὅρςλησιν
334 1182 424 1229 ὑπὲρ
459 1198 581 1219 αυτων
616 1188 874 1230 υπομένοντος,
911 1186 942 1219 εἰ
976 1185 1025 1230 μὴ
1063 1184 1111 1220 ὠς
1145 1184 1236 1218 εἰκὸς

151 1228 259 1262 αυτὸς
290 1226 365 1271 ἰδίᾳ
396 1232 600 1274 προαιρέσει
631 1231 676 1277 τῇ
711 1228 861 1278 τοιαύτῃ
886 1230 1072 1274 συντελείᾳ
1105 1230 1236 1265 ἑαυτὸν

151 1274 319 1316 ἐποίησεν
346 1275 479 1316 ἔνοχον.

1306 1185 1410 1220 stiam
1446 1186 1659 1227 sustinente,
1699 1186 1768 1221 nisi
1803 1187 1893 1222 forte
1927 1187 2073 1231 propria
2107 1187 2290 1224 voluntate
2325 1188 2389 1223 tali

1305 1229 1480 1266 functioni
1505 1240 1544 1266 se
1567 1230 1653 1266 fecit
1678 1231 1882 1267 obnoxium.

1136 1364 1294 1400 CAPUT
1318 1364 1396 1401 XV.

225 1431 308 1465 Τοὺς
333 1429 372 1465 δὲ
403 1432 449 1465 τὰ
476 1429 633 1475 δημόσια
665 1430 748 1474 τέλη
779 1433 1055 1477 εἰςπροὶττοντας
1089 1430 1237 1467 δικαίοις

1362 1431 1438 1467 Eos
1456 1433 1575 1466 autem
1601 1432 1660 1476 qui
1681 1432 1826 1477 publica
1849 1432 1985 1467 tributa
2009 1433 2153 1477 exigunt
2175 1433 2277 1469 iustis
2297 1445 2388 1479 pon-

152 1477 331 1520 σταθμοῖς
364 1489 404 1511 τε
440 1480 499 1510 καὶ
530 1479 671 1530 μέτροις
706 1478 907 1522 κεχρῆσθαι
944 1476 1143 1533 κελεύομεν,
1179 1479 1238 1511 ἵνα
1253 1479 1293 1512 20
1308 1476 1452 1512 deribus
1484 1480 1520 1512 et
1551 1477 1726 1512 mensuris
1757 1477 1810 1512 uti
1841 1478 2097 1522 praecipimus,
2133 1481 2174 1514 ut
2205 1489 2320 1524 neque
2349 1479 2387 1514 in

150 1519 241 1565 μηδὲ
273 1523 313 1556 ἐν
344 1520 465 1564 τούτῳ
500 1521 582 1555 τοὺς
613 1525 800 1567 ημετέρους
837 1520 1018 1556 ὑποτελεῖς
1050 1520 1235 1556 αδικῶσιν.

151 1567 181 1599 εἰ
219 1565 257 1599 δὲ
292 1565 327 1600 οἱ
360 1565 590 1601 συντελεσταὶ
627 1571 814 1610 νομίσουσι
854 1568 1052 1613 βαρεῖσθαι
1091 1568 1162 1601 εἴτε
1199 1569 1238 1600 ἐν

151 1612 331 1655 σταθμοῖς
362 1612 432 1645 εἴτε
465 1613 504 1646 ἐν
534 1614 694 1657 μέτροις,
728 1614 910 1654 ἐχέτωσαν
940 1610 1066 1647 ἄδειαν
1097 1613 1144 1647 τὰ
1171 1614 1238 1657 μὲν

150 1657 228 1708 τῶν
252 1654 361 1690 εἰδῶν
383 1659 498 1703 μέτρα
529 1669 568 1690 τε
599 1660 659 1690 καὶ
683 1657 835 1700 σταθμοὶ
869 1657 967 1703 παρὰ
995 1658 1072 1692 τῶν
1096 1655 1236 1697 ἐνδοξο-

1306 1523 1375 1557 hoc
1395 1525 1539 1557 nostros
1563 1523 1773 1558 tributarios
1798 1523 1952 1557 laedant.
1995 1523 2032 1558 Si
2053 1526 2171 1558 autem
2197 1524 2387 1559 collatores

1306 1570 1434 1612 putent
1462 1567 1604 1611 gravari
1635 1578 1674 1603 se
1705 1568 1779 1603 sive
1809 1567 1846 1602 in
1876 1567 2094 1612 ponderibus
2127 1568 2200 1604 sive
2230 1569 2268 1603 in
2290 1579 2386 1604 men-

1306 1613 1410 1655 suris,
1434 1612 1591 1647 habeant
1612 1612 1792 1648 licentiam
1818 1613 2015 1657 specierum
2040 1613 2180 1658 quidem
2203 1623 2387 1649 mensuras

1306 1661 1342 1692 et
1365 1658 1523 1702 pondera
1547 1657 1604 1703 <a>
1626 1658 1891 1701 gloriosissimis
1915 1657 2119 1702 praefectis,
2146 1659 2226 1693 auri
2246 1669 2327 1694 vero
2352 1662 2388 1694 et

152 1713 276 1735 τατων
300 1703 478 1746 ἐπαρχων,
508 1702 553 1735 τὰ
578 1699 617 1735 δὲ
640 1703 702 1735 τοῦ
726 1705 870 1747 χρυσίου
895 1705 954 1735 καὶ
979 1704 1042 1737 τοῦ
1069 1700 1236 1756 ἀργυρίου
1251 1705 1292 1737 25
1306 1703 1444 1755 argenti
1467 1706 1503 1738 et
1523 1703 1740 1747 reliquorum
1762 1703 1985 1738 metallorum
2009 1703 2171 1746 pondera
2186 1703 2241 1749 (a)
2256 1703 2387 1746 glorio-

151 1749 210 1778 καὶ
241 1747 319 1780 τῶν
350 1745 489 1781 λοιπῶν
517 1745 708 1789 μετάλλων
732 1747 885 1791 σταθμὰ
919 1747 1018 1793 παρὰ
1046 1760 1111 1781 του
1143 1747 1235 1781 κατὰ

150 1790 279 1835 καιρὸν
303 1788 539 1831 ἐνδοξοτάτου
563 1791 716 1835 κόμητος
747 1792 825 1826 τῶν
849 1792 968 1826 θείων
993 1791 1235 1838 λαργιτιόνων

151 1833 359 1878 λαμβάνειν.
408 1839 468 1869 καὶ
501 1836 546 1869 τὰ
579 1833 670 1870 αὐτὰ
700 1839 814 1882 μέτρα
845 1840 906 1870 καὶ
935 1837 1087 1881 σταθμοὶ
1120 1839 1159 1871 ἐν
1189 1839 1235 1884 τῇ

150 1877 334 1928 ἁγιωτάτῃ
356 1880 505 1922 ἑκάστης
526 1879 662 1915 πόλεως
682 1880 850 1925 ἐκκλησίᾳ
901 1881 1142 1925 υλάττεσθαι,
1175 1882 1234 1916 ἴνα

151 1926 244 1959 κατὰ
273 1927 390 1959 ταῦτα
414 1923 496 1968 δίχα
515 1923 647 1971 βάρους
670 1927 748 1960 τῶν
763 1896 899 1961 συντελ)

152 1967 337 2014 δημοσίων
361 1968 535 2014 εἰςκομιδὴ
559 1974 619 2004 καὶ
643 1969 684 2004 αἱ
698 1975 959 2017 στρατιωτικαὶ
982 1975 1042 2006 καὶ
1067 1971 1106 2006 αἱ
1129 1971 1236 2007 ἄλλαι

153 2011 317 2049 δαπάναι
339 2019 525 2060 γίνωνται.

1307 1757 1445 1783 slsslmo
1481 1758 1546 1792 pro
1582 1752 1740 1793 tempore
1780 1748 1906 1783 comite
1941 1758 2124 1783 sacrarum
2161 1748 2388 1792 largitionum

1305 1793 1486 1836 accipere3
1512 1795 1549 1827 et
1568 1792 1634 1828 has
1659 1802 1844 1828 mensuras
1868 1796 1903 1827 et
1925 1794 2084 1838 pondera
2102 1794 2137 1827 in
2163 1793 2388 1828 sanctissima

1304 1838 1584 1882 uniuscuiusque
1610 1838 1762 1873 civitatis
1787 1838 1939 1873 ecclesia
1962 1838 2111 1881 servari,
2136 1840 2176 1873 ut
2192 1839 2388 1873 secundum

1303 1892 1346 1918 ea
1370 1887 1472 1918 extra
1494 1893 1684 1927 gravamen
1709 1883 1919 1918 collatorum
1951 1887 1987 1918 et
2010 1882 2184 1919 fiscalium
2215 1883 2328 1919 illatio
2353 1887 2389 1919 et

894 1928 1012 1962 εστῶν
1035 1931 1095 1962 καὶ
1115 1926 1137 1971 ἦ
1157 1928 1236 1962 τῶν
1249 1930 1290 1963 30
1303 1928 1476 1964 militares
1499 1930 1535 1963 et
1558 1928 1650 1964 aliae
1674 1938 1851 1974 expensae
1874 1928 1974 1965 fiant.

1141 2083 1299 2120 CAPUT
1323 2083 1418 2119 XVI.

227 2150 307 2183 Τῶν
332 2147 371 2182 δὲ
394 2148 540 2183 πόλεων
570 2150 633 2192 τῆς
662 2147 834 2195 ἡμετέρας
856 2150 1036 2185 πολιτείας
1068 2154 1128 2184 καὶ
1158 2152 1235 2185 τῶν

154 2194 354 2229 οἰκούντων
371 2192 481 2229 αὐτὰς
498 2193 640 2229 τελείως
660 2197 899 2240 προνοοῦντες
919 2194 1107 2240 κελεύομεν
1130 2193 1235 2239 μηδε-

1360 2150 1550 2185 Civitatum
1570 2161 1653 2187 vero
1678 2154 1823 2187 nostrae
1847 2150 2066 2195 reipublicae
2089 2152 2125 2186 et
2148 2151 2387 2187 habitantium

1305 2205 1366 2230 eas
1397 2194 1555 2239 perfecte
1589 2196 1849 2241 prospicientes
1880 2196 2043 2232 iubemus
2078 2196 2212 2232 nullam
2244 2197 2386 2233 omnino

223 2276 248 2296 c.
268 2263 372 2297 XIV.
398 2263 481 2296 XV
498 2275 536 2296 ex
560 2262 596 2295 B
621 2263 673 2306 56,
692 2270 793 2304 18,12.
809 2270 841 2297 13
865 2271 973 2296 servat
996 2264 1046 2296 Β*
1079 2265 1110 2295 Τ
1128 2266 1159 2305 7,
1179 2271 1224 2297 23.
1238 2271 1273 2297 24
1293 2277 1327 2306 p.
1346 2265 1410 2297 618
1429 2263 1532 2296 Zaelz.

155 2362 198 2387 ea
222 2361 316 2396 quae
340 2361 364 2385 a
386 2350 489 2385 nobis
513 2350 710 2384 constituta
730 2354 815 2385 sunt
838 2350 970 2394 exequi
994 2350 1050 2385 vel
1071 2350 1219 2401 exiqere
1241 2361 1352 2385 ausus
1375 2351 1440 2391 sit,
1470 2354 1504 2385 et
1524 2349 1671 2399 einqulo
1696 2354 1851 2386 exuetur
1874 2355 1910 2386 et
1933 2350 2035 2386 bonis
2055 2351 2251 2397 publicatis
2273 2353 2387 2389 exilio

157 2396 341 2436 tradetur;
376 2406 399 2430 a
422 2395 641 2440 maqistratu
666 2397 783 2428 autem
808 2395 870 2439 qui
893 2394 932 2429 id
956 2394 1158 2430 iniunxerat
1180 2394 1235 2430 vel
1257 2394 1472 2430 commiserit
1492 2394 1611 2430 decem
1636 2394 1809 2430 librarum
1833 2396 1918 2431 auri
1936 2406 2063 2441 poena
2087 2396 2271 2441 exi'qatur,
2295 2398 2387 2433 eius-

250 2440 414 2520 rar

463 2440 597 2484 uinque
621 2439 793 2474 librarum
816 2439 898 2474 auri
916 2450 1059 2485 poenae
1082 2439 1290 2475 subiciatur.

475 2484 540 2519 ulli
564 2488 681 2519 autem
714 2484 857 2519 omnino
889 2494 1013 2519 eorum
1045 2485 1109 2529 qui
1136 2485 1283 2531 publica
1314 2484 1448 2520 tributa
1478 2484 1632 2529 exiqunt
1660 2494 1775 2528 neque
1799 2484 2025 2536 censualibus
2055 2489 2121 2521 aut
2150 2485 2389 2538 loqoqraplzi's

156 2533 221 2566 aut
243 2530 325 2565 aliis
348 2529 432 2564 ullis
456 2529 518 2575 qui
541 2529 595 2564 rei
609 2528 781 2574 publicae
804 2528 1002 2564 ministeria
1020 2533 1215 2575 praestant
1239 2530 1345 2565 liceat
1368 2528 1463 2574 asyli
1485 2528 1564 2563 iure
1588 2528 1643 2564 uti
1660 2528 1831 2564 adversus
1854 2540 1916 2565 eos
1940 2540 2002 2575 qui
2025 2541 2063 2566 se
2084 2530 2129 2566 ab
2150 2531 2195 2566 iis
2217 2542 2255 2566 in
2277 2532 2387 2568 tribu-

158 2580 276 2611 torum
301 2575 492 2610 exactione
516 2573 647 2609 damno
672 2573 826 2618 affectos
849 2584 926 2609 esse
949 2573 1082 2609 dicant.

291 2620 389 2655 XIV.
436 2619 550 2653 Nemo
575 2622 693 2653 autem
718 2619 862 2653 omnino
882 2622 1039 2664 propter
1063 2618 1197 2654 tributa
1217 2618 1451 2664 praediorum
1469 2628 1579 2669 ,quae
1607 2628 1683 2653 non
1698 2617 1873 2669 ‘possidet
1901 2619 2064 2655 molestia
2089 2620 2292 2700 afbficiatur,
2324 2621 2389 2656 sed

157 2666 262 2701 etiam
286 2665 318 2700 si
342 2664 535 2710 contiqerit
557 2663 705 2698 colonos
727 2663 776 2698 ad
799 2663 954 2709 aliquem
971 2663 1197 2709 pertinentes
1221 2663 1277 2699 vel
1299 2663 1550 2709 adscripticios
1568 2673 1763 2709 propriam
1780 2665 2048 2709 possessionem
2072 2664 2118 2700 lza

2144 2676 2215 2708 ere,
2246 2666 2290 2701 ab
2314 2666 2388 2701 illis

155 2722 225 2757 pro
250 2720 293 2745 ea
314 2709 462 2755 publica
487 2708 621 2743 tributa
644 2709 852 2754 exiqantur,
876 2719 963 2744 neve
986 2708 1151 2743 dominus
1174 2718 1298 2743 eorum
1322 2708 1434 2742 ullam
1458 2708 1657 2743 molestiam
1682 2719 1804 2743 eorum
1828 2709 1971 2745 nomine
1987 2711 2169 2756 patiatur,
2194 2711 2266 2746 nisi
2284 2711 2388 2757 forte

156 2757 236 2801 ipse
258 2766 325 2790 sua
348 2757 474 2800 sponte
499 2753 675 2789 eiusmodi
698 2753 839 2788 tributis
861 2764 899 2788 se
923 2753 1105 2798 obliqavit.

291 2799 370 2835 XV.
422 2798 494 2833 Eos
517 2803 635 2834 autem
660 2798 722 2844 qui
740 2798 890 2850 publica
916 2799 1050 2833 tributa
1074 2798 1229 2843 exiqunt
1251 2797 1355 2832 iustis
1377 2797 1600 2849 ponderibus
1623 2801 1659 2833 et
1681 2798 1858 2833 mensuris
1880 2799 1936 2834 uli
1955 2799 2127 2842 iubemus,
2151 2803 2193 2836 ut
2215 2811 2260 2836 ne
2282 2801 2320 2835 in
2344 2811 2387 2836 eo

158 2845 300 2891 quidem
325 2844 503 2879 subiectos
525 2847 671 2878 nostros
695 2843 830 2878 iniuria
854 2843 1032 2888 afficiant.
1080 2841 1216 2885 Quodsi
1236 2842 1382 2878 subiecti
1408 2842 1465 2878 vel
1486 2843 1524 2877 in
1545 2842 1768 2888 ponderibus
1792 2842 1846 2878 vel
1869 2843 1906 2878 in
1922 2844 2098 2879 mensuris
2120 2855 2159 2880 se
2179 2846 2390 2897 putaverint

158 2890 289 2925 damno
315 2889 438 2934 affici,
471 2889 578 2923 liceat
600 2888 645 2923 iis
667 2888 867 2934 specierum
892 2887 1034 2933 quidem
1058 2897 1244 2923 mensuras
1273 2891 1308 2923 et
1325 2887 1493 2933 pondera
1526 2897 1548 2922 a
1570 2887 1839 2932 qloriosissimis
1856 2889 2070 2934 praefectis,
2104 2900 2185 2924 auri
2210 2894 2330 2926 autem
2354 2894 2390 2926 et

158 2935 304 2980 arqenti
324 2940 359 2969 et
382 2934 604 2978 reliquorum
628 2932 856 2969 metallorum
878 2932 1045 2978 pondera
1069 2943 1092 2967 a
1114 2931 1376 2978 qloriosissimo
1402 2932 1465 2978 qui
1486 2942 1627 2977 quoque
1652 2935 1812 2977 tempore
1835 2937 1889 2968 est
1912 2934 2039 2969 comite
2062 2944 2251 2970 sacrarum
2275 2935 2389 2981 larqi-

160 2980 297 3015 tionum
321 2979 495 3024 accipere.
543 2978 660 3022 Atque
676 2977 819 3012 eaedem
835 2988 1024 3013 mensurae
1047 2981 1081 3012 et
1101 2976 1268 3022 pondera
1288 2977 1325 3012 in
1340 2977 1566 3011 sanctissima
1590 2977 1761 3022 cuiusque
1778 2977 1933 3013 civitatis
1950 2978 2100 3014 ecclesia
2124 2979 2388 3023 custodiantur,

158 3027 198 3059 ut
220 3023 414 3059 secundum
439 3022 527 3058 baec
550 3023 627 3057 sine
650 3022 812 3057 molestia
836 3021 1075 3057 subiectorum
1099 3026 1134 3057 et
1157 3021 1371 3057 tribulorum
1394 3021 1511 3056 illatio
1536 3025 1571 3057 et
1594 3022 1769 3057 militares
1791 3026 1826 3057 et
1849 3023 2011 3068 reliquae
2034 3034 2217 3070 expensae
2235 3024 2342 3068 fiant.

292 3068 388 3103 XVI.
442 3066 486 3101 Ut
510 3071 626 3102 autem
659 3066 863 3102 civitatibus
893 3067 947 3102 rei
961 3066 1131 3113 publicae
1155 3072 1303 3102 nostrae
1335 3076 1529 3111 earumque
1559 3066 1689 3101 incolis
1719 3067 1883 3112 perfecte
1908 3069 2195 3115 prospiciamus,
2231 3069 2390 3104 iubemus

216 3161 232 3193 1
255 3156 455 3200 *τολμήσαι
468 3158 541 3190 ML
560 3157 571 3200 ΙΙ
589 3160 665 3200 4sq.
684 3157 956 3203 εἰςπραττέσθω
973 3177 1015 3180 -
1029 3155 1162 3202 λιτρῶν
1181 3171 1239 3190 om.

160 3204 205 3237 M
225 3204 237 3247 ΙΙ
264 3205 283 3236 6
307 3200 346 3235 δὲ
369 3204 438 3242 Lc]
464 3215 523 3236 om.
546 3202 591 3235 M
610 3205 622 3245 ΙΙ
647 3198 804 3245 δημόσια
819 3203 904 3243 ML]
930 3200 976 3235 τὰ
994 3199 1149 3244 δημόσια
1167 3203 1240 3235 Ηα-

161 3250 294 3282 loander
312 3248 324 3291 ΙΙ
343 3250 360 3281 7
379 3244 504 3289 *μηδὲ]
520 3247 610 3290 μήτε
630 3244 670 3279 δὲ
687 3247 758 3279 ML
774 3246 786 3290 H
806 3248 825 3280 8
842 3244 1146 3290 ὖπηρετουμένους
1162 3246 1210 3280 Lb
1237 3247 1241 3290 Ι

162 3296 200 3328 11
227 3291 270 3326 τὸ
296 3290 450 3326 σύνολον
474 3305 532 3326 om.
550 3293 582 3324 L
598 3291 609 3329 ΙΙ
639 3293 679 3325 12
703 3293 762 3324 καὶ
788 3304 846 3324 om.
861 3292 910 3324 Be
928 3293 939 3334 ΙΙ
967 3294 1006 3326 15
1033 3288 1143 3324 αὐτοῦ
1167 3293 1208 3325 M
1237 3291 1241 3335 Ι

164 3340 203 3372 16
220 3337 362 3371 ἑαυτῶν
383 3338 428 3370 M
437 3338 448 3379 ΙΙ
470 3339 508 3370 17
527 3333 632 3369 αὐτὸς
651 3349 709 3369 om.
725 3347 744 3372 ς
763 3337 773 3378 ΙΙ
791 3337 832 3369 20
849 3335 1007 3380 χρῆσθαι
1026 3337 1073 3369 B⁸
1088 3350 1117 3369 υ.
1129 3338 1149 3369 l.
1167 3336 1179 3379 ss
1198 3337 1236 3370 21

159 3380 272 3426 μηδὲν
285 3384 334 3415 Bs
346 3395 374 3415 v.
386 3383 406 3415 l.
419 3381 430 3426 Η
445 3383 485 3415 22
503 3379 538 3414 οἱ
554 3378 592 3414 δὲ
608 3381 637 3413 εἰ
653 3382 693 3414 Μ
703 3380 714 3425 Η
728 3383 769 3415 24
783 3378 935 3423 στάθμα
948 3381 1020 3414 ML
1030 3382 1085 3423 (id.
1098 3382 1149 3414 26.
1163 3383 1217 3423 28)
1232 3383 1241 3423 ιι

162 3430 202 3462 25
228 3425 396 3471 ἐπάρχων
420 3427 480 3467 13⁸]
516 3423 689 3470 ὑπάρχων
713 3427 791 3458 ML
816 3427 878 3466 (Βὸ
893 3438 922 3458 υ.
937 3427 970 3467 l.)
999 3425 1011 3468 ΙΙ
1038 3426 1166 3469 χρυσοῦ
1190 3427 1241 3459 Bs

161 3474 263 3513 (Alb.)
282 3472 293 3516 ΙΙ
310 3469 461 3517 ἀργύρου
480 3472 562 3522 [ιβῧ
581 3472 592 3514 Η
616 3473 655 3504 27
681 3468 934 3524 λαργιτιόνων]
961 3469 1159 3524 θησαυρῶν
1176 3472 1241 3522 βδ,

161 3530 212 3594 ‘⁷:13‘
215 3514 913 3605 gfxgffl'is23911123{ZZZZS-gzassvssvissn'ffieffg
915 3518 949 3593 [Z]
964 3517 986 3603 Ιῖ1
990 3518 1242 3596 ἓεθίζῖοῗταῖαέἶζ

161 3607 237 3647 Iul]
261 3609 322 3639 καὶ
347 3607 419 3640 ML
578 3607 588 3613 '

215 3697 230 3729 1
251 3695 392 3737 exigere]
410 3706 506 3738 agere
526 3697 558 3730 T
572 3695 585 3740 ΙΙ
602 3697 620 3729 2
638 3695 828 3739 priuabitur
847 3695 880 3729 T
893 3693 905 3740 ss
922 3696 941 3729 3
958 3695 1108 3729 tradatur
1129 3694 1178 3730 V¹
1190 3696 1221 3728 T
1231 3693 1243 3740 ΙΙ

239 3750 289 3776 111.

1310 3158 1331 3189 4
1351 3155 1496 3197 exigitur
1518 3156 1574 3199 Vn
1597 3165 1682 3198 pena
1704 3157 1736 3188 T
1755 3156 1767 3199 [Ι
1795 3158 1814 3190 5
1835 3156 1910 3189 auri
1925 3156 2020 3189 libris
2041 3158 2075 3191 V
2091 3157 2252 3190 librarum
2269 3158 2343 3190 auri
2361 3159 2395 3193 T

1309 3201 1395 3243 vzcly.
1416 3201 1427 3243 ΙΙ
1450 3210 1534 3241 pene
1558 3201 1727 3233 subiaceat
1755 3202 1787 3233 T
1802 3200 1813 3244 ΙΙ
1840 3203 1858 3235 7
1884 3202 2084 3244 scriptorum
2106 3202 2191 3236 VT²
2207 3204 2218 3246 ΙΙ
2246 3204 2265 3237 8
2290 3204 2390 3236 mini-

1310 3244 1493 3277 strantibus
1515 3245 1649 3287 publico
1673 3245 1721 3278 Τ1
1737 3244 1748 3289 ΙΙ
1769 3247 2011 3279 excusationem
2029 3248 2060 3280 T
2073 3247 2085 3291 ΙΙ
2103 3249 2122 3281 9
2144 3247 2314 3280 resedeant
2332 3247 2391 3294 ΤΗ

1309 3290 1371 3330 uti]
1397 3292 1436 3321 ut
1459 3290 1496 3322 in
1517 3289 1566 3323 V¹
1591 3290 1603 3333 ΙΙ
1629 3292 1669 3323 10
1691 3290 1731 3323 ab
1749 3291 1795 3323 eis
1818 3304 1876 3324 om.
1893 3292 1925 3324 T
1944 3292 1956 3335 11
1981 3293 2028 3332 in]
2052 3292 2089 3324 in
2109 3301 2143 3325 se
2165 3291 2222 3336 VH
2246 3293 2389 3326 exactio-

1309 3346 1383 3367 nem
1406 3335 1455 3368 V²
1472 3335 1484 3377 ΙΙ
1504 3336 1544 3368 12
1568 3335 1737 3376 possident
1763 3336 1795 3368 T
1807 3336 1819 3379 ΙΙ
1838 3336 2035 3378 contingant
2060 3338 2111 3370 T¹
2128 3337 2140 3380 ΙΙ
2163 3339 2202 3371 13
2219 3337 2390 3380 inscriptis

1318 3380 1381 3413 VT
1388 3379 1398 3399 ¹
1423 3379 1645 3421 inseripticios
1662 3381 1710 3412 ed.
1720 3382 1826 3423 princ.
1846 3381 1857 3424 ΙΙ
1878 3383 1919 3415 14
1927 3395 1975 3425 sq.
1988 3392 2048 3424 pro
2065 3392 2103 3414 ea
2115 3401 2157 3406 —
2171 3393 2232 3424 pro
2249 3385 2296 3416 eis
2313 3397 2389 3427 sup·

1306 3426 1395 3468 plevi
1407 3425 1486 3465 (sim.
1500 3425 1592 3457 Beck
1605 3432 1636 3458 et
1650 3425 1892 3469 Osenbriiqqen)
1912 3426 1923 3469 ΙΙ
1944 3429 1983 3461 15
1997 3427 2148 3460 molestia
2162 3427 2196 3460 V
2206 3427 2218 3471 ΙΙ
2239 3430 2279 3462 16
2292 3429 2389 3461 susti-

1309 3471 1443 3502 nentem
1464 3470 1498 3502 V
1511 3468 1709 3502 sustinentes
1727 3471 1766 3511 T,
1781 3483 1861 3504 corr.
1876 3471 2107 3515 Osenbru'qyen
2124 3471 2136 3515 ΙΙ
2153 3473 2289 3515 propria
2305 3473 2391 3507 forte

1313 3515 1343 3547 T
1358 3514 1369 3557 ΙΙ
1386 3513 1459 3554 tali]
1485 3516 1518 3545 et
1533 3514 1595 3546 tali
1614 3515 1646 3547 T
1658 3514 1670 3558 ΙΙ
1692 3517 1730 3548 17
1752 3514 1924 3558 {unctione
1945 3517 2071 3560 Vvulq.
2101 3518 2307 3551 successione
2329 3519 2362 3552 T
2380 3518 2392 3564 ΙΙ

1309 3570 1376 3591 sese
1395 3560 1427 3591 T
1440 3559 1452 3601 ΙΙ
1471 3560 1511 3592 20
1528 3558 1578 3599 in]
1596 3570 1635 3592 ex
1657 3560 1689 3592 T
1700 3559 1712 3603 ΙΙ
1733 3561 1774 3593 22
1791 3570 1825 3592 se
1842 3573 1900 3594 om.
1923 3560 1977 3605 VH
1997 3562 2069 3594 siue
2086 3561 2123 3594 in
2140 3563 2303 3596 mensuris
2318 3564 2390 3597 siue

1310 3605 1346 3636 in
1370 3604 1571 3646 ponderibus
1598 3605 1723 3648 Tvulq.
1751 3604 1762 3647 ΙΙ
1789 3607 1830 3639 23
1855 3605 1976 3638 habeat
2000 3607 2034 3639 T
2057 3606 2069 3650 ΙΙ
2100 3608 2144 3641 24
2157 3615 2187 3641 et
2201 3609 2244 3643 25
2269 3619 2289 3642 a
2314 3610 2392 3643 add.

1309 3650 1396 3692 vuly.
1415 3647 1427 3692 ΙΙ
1447 3650 1488 3682 26
1501 3659 1561 3691 pro
1578 3650 1724 3692 tempore
1739 3651 1784 3690 T]
1801 3660 1859 3692 per
1875 3653 2023 3693 tempora
2044 3652 2170 3696 Vvuly.
2189 3652 2202 3697 ΙΙ
2219 3654 2261 3687 27
2278 3654 2315 3687 in
2333 3667 2392 3689 om.

1315 3695 1346 3727 T
1358 3693 1370 3737 ΙΙ
1388 3695 1430 3727 29
1452 3693 1582 3734 *extraJ
1608 3704 1646 3727 ex
1667 3695 1701 3729 V
1719 3696 1751 3728 et
1775 3696 1873 3739 vulq„
1898 3709 1956 3730 om.
1971 3697 2004 3730 T
2022 3696 2034 3741 ΙΙ
2051 3696 2174 3740 illatio]
2198 3698 2236 3732 in
2260 3699 2346 3733 laico
2366 3699 2401 3735 V

2082 3756 2121 3788 81
