2618 4010
170 161 229 192 nn
259 159 489 193 Momcms
1087 200 1164 208 —

168 260 328 308 στὴριον,
351 261 414 304 τῆς
432 260 510 295 τῶν
530 256 713 293 ἑλκόντων
729 252 1002 303 ἀπηλλαγμένος
1020 252 1260 304 θρασύτητος.

175 308 240 341 Τοῦ
264 306 426 353 τριετοῦς
449 303 490 339 δὲ
512 300 611 345 ἅπαξ
628 300 842 338 διελθόντος
863 300 994 350 χρόνου
1014 301 1194 349 ἐγκριθεὶς
1213 297 1261 335 οὖς

168 354 230 396 τῆς
252 351 445 396 μοναχικῆς
477 350 574 391 ἄξιος
596 347 819 392 καθεστήκοι
851 345 1086 393 σεμνότητος,
1117 349 1259 392 μενέτω

168 397 260 432 κατὰ
292 396 334 432 τὸ
367 394 624 443 μοναστήριον.
659 391 723 428 οὐκ
755 395 811 427 ἔτι
847 393 916 441 γὰρ
953 391 1102 438 δίδομεν
1133 390 1261 426 ἄδειαν

168 440 288 477 οὐδενὶ
312 439 501 478 παντελῶς
525 439 842 487 πολυπραγμονεῖν
865 452 902 473 τι
923 440 1002 473 τῶν
1025 438 1108 472 ’κατ’
1136 435 1259 477 αὐτόν,

167 486 247 523 ἀλλ’
274 488 347 522 εἴτε
369 487 505 529 οἰκέτης
528 486 601 520 εἴτε
621 485 810 529 ἐλεύθερος
830 485 894 528 εἴη,
916 487 1042 540 μένειν
1062 481 1174 518 αὐτὸν
1199 485 1259 518 ἐπὶ

167 536 230 577 τῆς
252 530 435 576 ἀσκήσεως
457 530 680 576 βουλόμεθα.
718 533 776 564 καὶ
792 529 861 578 γὰρ
886 544 954 563 καν
978 529 1014 563 εἴ
1032 543 1069 563 τι
1093 531 1259 574 πταῖσμα

168 577 259 613 κατὰ
282 579 349 613 τὸν
373 577 588 624 ἑζιιπροσθεν
612 574 712 620 αὐτῷ
739 574 847 618 τυχὸν
872 578 1080 621 πέπρακται
1108 578 1192 619 βίον
1225 569 1259 616 (ἡ

166 625 234 672 γὰρ
269 622 476 670 ἀνθρώπου
511 619 616 668 φύσις
651 619 835 667 ὀλισθηροὶ
869 631 948 674 πως
983 623 1061 653 ἐστὶ
1092 619 1181 666 πρὸς
1213 618 1259 653 τὰ

167 666 485 722 πλημμελήματα),
515 664 595 702 ἀλλ’
622 662 686 701 οὖν
710 664 810 712 ἀρκεῖ
822 676 920 721 ἱπριζς
942 668 1096 711 μετρίαν
1121 664 1258 708 κάθαρ-
1275 668 1315 699 10

168 727 228 750 σιν
260 728 339 749 των
374 717 640 760 ημαρτημένων
672 715 731 746 καὶ
764 723 853 758 προς
883 712 1009 755 αρετῆς
1041 708 1207 745 ἐπίδοσιν
1238 705 1260 752 ἡ

139 787 147 794 .
166 761 230 795 τοῦ
254 760 415 807 τριετοῦς
445 758 575 807 χρόνου
597 761 789 805 μαρτυρία.
839 757 920 790 Τῶν
949 758 1075 800 μέντοι
1107 754 1259 789 κλαπέν-

166 819 245 840 των
268 808 329 839 καὶ
353 801 469 848 οὕτω,
501 803 594 851 παρ’
621 803 673 838 οἷς
695 800 742 836 ἂν
765 799 961 849 εὑρεθεῖεν,
993 799 1141 835 πάντως
1171 797 1259 834 ἄπο-

167 851 192 888 3
239 848 441 894 διδομένων
471 851 525 894 τῷ
553 848 665 885 πάλαι
697 845 870 893 δεσπότῃ.

167 898 230 951 τῆς
248 894 408 930 δουλείας
425 894 584 942 ἀνάγκην
602 891 769 941 ἐκφυγών
789 892 985 938 πειραθείη
1001 904 1043 925 το
1062 893 1131 935 μὲν
1148 904 1259 943 μονα·
1277 895 1315 926 15

167 954 315 989 στηριον
334 939 539 982 ἀπολιπεῖν,
560 943 685 984 ἕτερον
704 936 745 973 δεῖ
766 941 848 982 βίου
866 934 1108 982 μεταδιώκειν
1130 948 1259 988 σχημα,

167 991 374 1035 παρρησίαν
406 984 554 1031 δίδομεν
585 987 641 1030 τῷ
664 986 870 1027 κεκτημένῳ
903 985 964 1016 καὶ
996 981 1113 1016 ἕλκειν
1146 980 1260 1035 adrev

168 1035 226 1066 καὶ
251 1030 508 1068 ἀποδεικνύντι
532 1029 599 1074 τὴν
622 1028 735 1073 τύχην
759 1029 807 1062 εἰς
826 1029 967 1062 οἰκέτας
986 1030 1091 1070 ἔχειν.
1130 1040 1171 1064 ου,
1191 1040 1260 1074 γαρ

168 1077 214 1112 ἂν
237 1075 434 1126 ὑβρισθείη
458 1078 634 1111 τοσοῦτον
653 1076 701 1109 εἰς
724 1071 848 1117 ἀληθῆ
871 1071 1039 1107 δουλείαν
1061 1070 1258 1117 ἑλκόμενος,

168 1121 255 1158 ὅσον
279 1120 387 1158 αὐτὸς
415 1120 580 1168 ἐξύβρισε
612 1119 680 1163 τὴν
703 1121 789 1172 τοῦ-
800 1119 891 1173 θεοῦ
925 1118 1097 1163 λατρείαν
1121 1116 1259 1163 ἀποφυ·
1274 1120 1316 1152 20
1329 1117 1387 1152 dei
1421 1118 1602 1152 culturam
1633 1117 1826 1161 refugiens.
1883 1117 1933 1151 Et
1969 1117 2060 1152 haec

166 1167 256 1216 γών.
305 1170 378 1202 Καὶ
402 1169 519 1202 ταῦτα
547 1168 616 1210 μὲν
640 1168 723 1212 περὶ
746 1175 808 1208 της
831 1176 937 1208 τυχης
968 1166 1047 1198 τῶν
1072 1164 1119 1198 εἰς
1148 1176 1259 1208 μονα-

166 1214 248 1257 χούς
271 1211 533 1260 παραγγέλλειν
557 1210 792 1256 βουλομένων
817 1210 1057 1254 θεσπίζομεν.

1264 124 1316 188 31

2111 133 2221 183 Nov.
2252 138 2290 181 V
2321 141 2359 183 2.
2394 143 2419 182 3

1329 253 1597 294 monasterium,
1617 251 1836 287 trahentium
1852 253 2046 296 asperitate
2058 251 2244 288 liberatus.
2272 251 2421 288 Trienni

1329 310 1413 335 vero
1430 298 1539 335 semel
1556 297 1700 342 expleto
1719 299 1891 342 tempore,
1909 297 2090 333 iudicatus
2109 297 2194 343 quia
2208 297 2422 333 monachica

1330 345 1459 390 dignus
1490 346 1546 380 est
1580 343 1787 386 honestate,
1823 347 1967 377 maneat
1998 342 2036 378 in
2071 342 2300 379 monasterio.
2348 342 2420 378 Ne-

1330 401 1509 435 quaquam
1534 389 1628 424 enim
1648 388 1775 423 damus
1799 387 1981 423 licentiam
1998 389 2061 423 ulli
2086 389 2229 434 penitus
2253 398 2420 442 perscru-

1297 436 1400 472 stari
1424 445 1517 480 quae
1540 434 1617 470 eius
1650 438 1753 477 sunt,
1786 432 1850 468 sed
1883 435 1956 468 sive
1986 444 2108 469 servus
2133 435 2206 469 sive
2239 433 2331 469 liber
2363 434 2420 474 sit,

1329 491 1474 516 manere
1509 490 1590 516 eum
1625 479 1662 514 in
1699 479 1972 514 conversatione
2001 479 2174 515 volumus.
2224 478 2318 514 Nam
2352 479 2420 514 etsi

1328 527 1452 562 vitium
1476 527 1513 561 in
1537 525 1650 571 priori
1674 525 1720 560 ab
1746 533 1788 559 eo
1806 524 1901 559 forte
1924 527 2063 568 gestum
2080 526 2136 560 est
2151 525 2226 560 vita
2248 525 2421 567 (humana

1330 573 1424 607 enim
1453 575 1585 607 natura
1618 569 1879 616 quodammodo
1917 569 2052 604 labitur
2084 570 2131 605 ad
2167 570 2328 614 delicta),
2366 575 2420 605 at·

1329 620 1451 652 tamen
1481 616 1619 653 sufficit
1649 616 1697 651 ad
1725 614 1943 651 mediocrem
1973 616 2223 659 purgationem
2253 619 2421 660 peccato*

1330 674 1407 698 rum
1432 665 1469 698 et
1492 663 1539 699 ad
1570 662 1712 697 virtutis
1742 661 2002 696 incrementum
2033 660 2220 696 triennalis
2250 661 2421 706 temporis

1330 708 1583 744 testimonium.
1615 707 1671 742 Ea
1689 717 1786 749 vero,
1811 716 1903 752 quae
1921 709 2029 750 rapta
2046 709 2141 746 sunt,
2167 706 2307 742 etiamsi
2326 707 2422 751 apud

1331 764 1576 799 quoscumque
1604 753 1842 795 inveniantur,
1880 751 1995 788 modis
2025 752 2192 787 omnibus
2225 752 2423 788 reddantur

1329 800 1450 844 prisco
1476 799 1631 834 domino.

963 847 1010 879 Εἰ
1031 849 1168 899 ιμέντοι
1192 844 1260 889 τὴν
1330 845 1355 880 3
1401 844 1439 880 Si
1479 855 1564 881 vero
1604 842 1741 880 servitii
1776 843 2029 879 necessitatem
2064 842 2238 887 effugiens
2268 845 2422 887 tempta-

1330 890 1420 925 verit
1450 890 1710 926 monasterium
1739 889 1882 935 quidem
1910 889 2130 934 relinquere,
2164 889 2272 924 aliam
2304 892 2423 923 autem

1329 936 1424 970 vitae
1460 935 1591 971 sectari
1623 935 1792 979 figuram,
1830 934 2012 970 licentiam
2049 934 2175 970 damus
2209 934 2351 970 domino
2388 938 2423 969 et

1329 981 1473 1016 trahere
1497 991 1579 1016 eum
1610 986 1646 1015 et
1675 980 1846 1026 probanti
1874 980 2060 1016 fortunam
2089 980 2184 1016 inter
2214 990 2336 1015 servos
2360 979 2423 1014 ha-

1330 1025 1425 1062 bere.
1482 1025 1565 1062 Non
1598 1026 1692 1061 enim
1728 1026 1895 1061 iniuriam
1927 1026 2085 1071 patietur
2115 1028 2259 1061 tantum
2289 1025 2337 1061 ad
2367 1036 2424 1060 ve-

1329 1082 1410 1107 rum
1443 1071 1626 1107 servitium
1659 1076 1814 1114 tractus,
1847 1075 2023 1116 quantum
2052 1072 2131 1117 ipse
2153 1071 2346 1107 iniuriatus
2370 1075 2425 1106 est

2098 1117 2240 1162 quidem
2275 1117 2319 1152 de
2350 1116 2424 1152 for-

1329 1166 1431 1216 tuna·
1448 1163 1595 1205 horum,
1634 1163 1696 1207 qui
1731 1163 1840 1198 inter.
1862 1162 2060 1198 monachos
2095 1162 2260 1208 profiteri
2290 1162 2424 1204 volunt,

1332 1218 1525 1244 sancimus.

1168 1288 1327 1325 CAPUT
1358 1288 1422 1324 ΠΙ.

211 1342 274 1397 <Ϊ“’>
307 1351 494 1384 Σκεπτέον
513 1345 562 1389 δέ,
589 1345 690 1382 ὅπως
715 1344 843 1382 αὐτοὺς
867 1348 1054 1381 οἰκοῦντας
1077 1349 1138 1381 καὶ
1169 1344 1261 1380 διαι-

166 1398 348 1441 τωμένους
364 1395 557 1448 μοναχικῆς
606 1392 791 1447 ιλοσοφίας
815 1390 1019 1441 ἀγωνιστὰς
1039 1388 1157 1433 ἀξίους
1173 1390 1260 1426 ἀπο-

167 1439 353 1494 δείξωμενἔ
400 1438 562 1483 Βουλομε
597 1453 620 1472 α
642 1452 710 1493 γαρ
733 1437 825 1494 μηδὲ
846 1441 887 1473 ἒν
909 1437 1156 1485 μοναστήριον
1182 1439 1261 1472 τῶν
1276 1440 1316 1473 25
1334 1437 1578 1474 ostendamus.

167 1488 227 1522 ἐπὶ
250 1487 312 1530 τῆς
335 1485 493 1529 υπηκόου
517 1484 721 1526 καθεστως,
746 1486 818 1519 εἶτε
834 1483 1018 1519 πλειόνων
1038 1480 1261 1531 ἀνθρώπων

168 1535 269 1566 ἐστὶν
286 1530 359 1566 εἴτε
377 1528 596 1572 ἐλαττόνων,
613 1529 696 1564 τούς
717 1532 757 1564 ἐν
774 1530 875 1573 αὐτῷ
896 1527 1074 1575 μοναχούς
1093 1541 1261 1576 κεχωρισ-

165 1580 293 1622 μένους
324 1573 394 1611 ἆπ’
421 1573 589 1620 ἀλλήλων
620 1574 714 1618 ἔχειν
745 1578 806 1609 καὶ
839 1573 942 1610 ἰδίοις
969 1573 1138 1619 οἰκήμασι
1170 1588 1261 1622 χρω-

166 1626 303 1668 μένους,
327 1618 417 1656 ἀλλὰ
439 1622 541 1669 κοινῇ
564 1623 632 1666 μὲν
651 1617 780 1656 αὐτοὺς
798 1621 995 1655 ἑστιᾶσθαι
1022 1620 1259 1665 θεσπίζομεν,

167 1665 366 1703 καθεύδειν
390 1665 431 1702 δὲ
454 1664 620 1702 ἅπαντας
643 1668 683 1700 ἐν
707 1668 828 1711 κοινῷ,
854 1665 1006 1701 ἑκάστου

166 1725 227 1748 νος
240 1711 445 1757 ἰδιαζοῦσης
463 1710 641 1768 χαμεῦνης
659 1715 834 1758 κειμένου,
854 1713 894 1745 ἐν
910 1712 997 1755 οἴκῳ
1019 1679 1059 1746 δὲ
1077 1711 1134 1746 ἑνὶ
1151 1724 1260 1745 κατα-

167 1760 411 1804 κλινομένους·
436 1757 459 1802 ἢ
476 1759 576 1803 εἰπερ
600 1754 665 1792 οὐκ
686 1755 812 1812 ἀρκοίη
837 1755 926 1814 πρὸς
948 1757 991 1792 τὸ
1017 1755 1160 1800 πλῆθος
1182 1757 1261 1791 τῶν

165 1805 342 1848 μοναχῶν
365 1802 458 1839 οἶκος
481 1803 545 1845 εἷς,
577 1804 618 1838 ἐν
641 1800 706 1838 δύο
729 1817 838 1846 τυχον
869 1817 891 1847 η
914 1805 974 1836 καὶ
1004 1801 1186 1844 πλείοσιν,
1219 1800 1258 1835 οὗ

166 1850 239 1894 μὴν
263 1847 340 1893 ἰδίᾳ
363 1851 423 1883 καὶ
448 1847 542 1883 καθ’
564 1846 719 1891 ἑαυτούς,
744 1845 824 1883 ἀλλ’
849 1851 889 1883 ἐν
905 1849 1037 1891 κοινῷ·
1065 1845 1154 1882 ὥςτε
1174 1845 1260 1894 μάρ-

1379 1344 1617 1390 cogitandum
1635 1355 1731 1388 vero,
1757 1345 1936 1390 quomodo
1957 1345 2057 1390 ipsos
2081 1344 2287 1381 habitantes
2308 1348 2344 1380 et
2364 1345 2425 1380 de-

1331 1395 1456 1437 gentes
1491 1391 1726 1427 monachicae
1767 1390 2021 1437 philosophiae
2064 1393 2263 1426 certatores
2300 1390 2425 1435 dignos

1638 1437 1814 1473 Volumus
1857 1436 1951 1472 enim
1993 1436 2132 1472 nullum
2168 1436 2426 1472 monasterium

1333 1483 1401 1519 sub
1426 1483 1568 1518 dicione
1591 1486 1717 1518 nostra
1742 1483 1978 1518 constitutum
2002 1482 2076 1518 sive
2100 1481 2338 1527 plurimorum
2361 1481 2426 1516 ho·'

1332 1528 1468 1564 minum
1491 1532 1547 1564 est
1571 1528 1646 1564 sive
1676 1538 1895 1573 paucorum,
1925 1527 2139 1569 monacho&
2172 1528 2233 1572 qui
2256 1527 2308 1563 ibi
2331 1532 2425 1569 sunt,

1333 1574 1464 1610 divisos
1489 1574 1535 1609 ab
1560 1574 1745 1610 alterutris
1777 1584 1858 1610 esse
1888 1577 1924 1609 et
1953 1573 2109 1619 propriis
2141 1572 2426 1608 habitationibus

1329 1619 1394 1663 uti,
1419 1619 1482 1655 sed
1508 1619 1744 1656 communiter
1767 1619 1910 1663 quidem
1935 1629 1998 1655 eos
2023 1618 2209 1654 comedere
2234 1618 2426 1660 sancimus,

1058 1667 1098 1699 ἑν
1122 1669 1187 1701 ἐπί
1208 1679 1259 1700 τι·
1274 1668 1316 1700 30
1331 1665 1487 1701 dormire
1510 1676 1593 1701 vero
1618 1675 1741 1701 omnes
1766 1665 1804 1700 in
1824 1664 2016 1709 communi,
2041 1675 2259 1718 unoquoque
2283 1663 2426 1709 quidem

1329 1711 1367 1746 in
1391 1710 1547 1756 quadam
1577 1711 1727 1757 propria
1759 1714 1918 1746 stratura
1947 1710 2106 1752 iacente,
2138 1721 2177 1745 ιιι
2207 1710 2311 1746 domo
2340 1719 2426 1744 vero

1331 1767 1405 1791 una
1430 1756 1649 1798 collocatos,
1676 1760 1739 1791 aut
1763 1756 1793 1792 si
1817 1756 1912 1792 forte
1936 1766 2009 1791 non
2034 1755 2171 1792 sufficit
2195 1755 2241 1791 ad
2264 1755 2424 1791 multitu-

1332 1802 1451 1838 dinem
1473 1802 1731 1838 monachorum
1750 1801 1875 1838 domus
1901 1812 1984 1844 nna,
2009 1801 2047 1836 in
2072 1801 2162 1837 duas
2185 1801 2340 1837 forsitan
2364 1805 2428 1836 aut

1331 1847 1474 1902 plures,
1499 1858 1571 1883 non
1595 1852 1716 1883 tamen
1741 1858 1905 1883 seorsum
1929 1852 1965 1882 et
1989 1847 2086 1893 apud
2111 1846 2338 1892 semetipsos,
2363 1847 2427 1882 sed

166 1907 275 1943 τυρας
297 1896 359 1939 τῆς
382 1891 548 1938 ἀλλήλων
571 1894 745 1941 γίνεσθαι
776 1892 1012 1939 κοσμιότητός
1043 1907 1083 1928 τε
1107 1896 1167 1927 καὶ
1192 1906 1261 1928 σω·
1277 1896 1318 1929 35
1333 1905 1371 1929 ln
1397 1893 1578 1929 communi
1598 1897 1708 1929 testes
1738 1893 1904 1929 alterutri
1932 1892 2005 1928 sint
2029 1890 2231 1928 honestatis
2255 1895 2293 1928 et
2317 1892 2425 1927 casti-

171 1940 369 1986 φοοσύνηε,
394 1944 454 1974 καὶ
478 1938 570 1985 μηδὲ
592 1938 659 1974 τὸν
682 1936 799 1974 ὕπνον
824 1936 937 1974 αὐτὸν
962 1938 1133 1987 ῥᾴθυμον
1157 1940 1263 1982 ἔχειν,
1334 1939 1437 1982 tatis,
1470 1942 1507 1974 et
1537 1949 1653 1984 neque
1677 1940 1794 1984 ipsum
1819 1949 1984 1975 somnum
2009 1938 2226 1974 desidiosum
2258 1938 2426 1980 habeant,

169 1973 257 2021 ἀλλὰ
273 1985 482 2031 μελετῶντα
495 1985 564 2029 τὴν
584 1983 780 2030 εὐκοσμίαν
802 1983 862 2019 διὰ
881 1983 949 2028 τὴν
967 1986 1047 2019 τῶν
1068 1982 1263 2030 ὀψομένων
1333 1985 1396 2020 sed
1421 1984 1653 2020 meditantem
1678 1985 1810 2020 bonum
1840 1988 2008 2019 ornatum
2063 1987 2187 2029 ropter
2209 1983 2426 2028 increpatio-

168 2035 384 2079 ἐπιτίμησιν.
431 2030 526 2075 πλὴν
549 2031 581 2065 εἰ
599 2030 649 2076 μή
680 2041 775 2065 τινες
807 2027 932 2064 αὐτῶν
958 2030 1024 2065 τὸν
1049 2031 1088 2064 ἐν
1116 2031 1258 2078 θεωρίᾳ
1328 2040 1410 2066 nem
1431 2030 1710 2076 respicientium.
1742 2030 1822 2066 Nisi
1841 2033 1962 2065 tamen
1976 2030 2037 2075 qui
2062 2040 2120 2065 am
2144 2040 2268 2065 eorum
2287 2029 2323 2064 in
2341 2039 2425 2064 con-

214 2125 287 2157 cap.
307 2113 370 2146 ΙΙΙ
391 2113 597 2146 summarium
623 2119 711 2145 extat
732 2111 866 2145 Nomoc.
892 2112 991 2145 XIV
1013 2113 1059 2145 tit.
1085 2115 1118 2153 9,
1142 2119 1188 2146 32.

169 2206 288 2239 tamen
302 2201 359 2239 vel
373 2202 427 2237 sic
440 2206 586 2238 maneat
599 2202 638 2236 in
659 2201 856 2237 venerabili
873 2201 1096 2236 monasterio
1118 2200 1163 2236 ab
1183 2211 1308 2236 eorum
1327 2200 1498 2244 audacia,
1520 2200 1585 2248 qui
1602 2212 1682 2237 eum
1703 2201 1890 2237 vindicare
1905 2200 2042 2244 volunt,
2063 2200 2251 2236 liberatus.
2278 2199 2426 2235 Trienni

167 2259 252 2284 vero
277 2252 439 2295 tempore
460 2247 571 2283 semel
588 2247 715 2294 elapso
739 2245 955 2283 monachica
978 2246 1176 2282 sanctitate
1194 2245 1329 2292 diqnus
1350 2246 1537 2282 iudicatus
1561 2246 1601 2281 in
1625 2246 1849 2282 monasterio
1873 2250 2031 2282 maneat.
2078 2245 2207 2292 Neque
2234 2245 2328 2281 enim
2352 2245 2425 2280 iam

167 2293 338 2340 cuiquam
363 2293 510 2329 omnino
528 2297 751 2339 potestatem
776 2292 906 2327 damus
929 2292 1073 2327 curiose
1093 2302 1137 2327 ea
1154 2291 1424 2338 persequendi,
1449 2302 1544 2337 quae
1568 2291 1618 2326 ad
1639 2292 1758 2338 ipsum
1777 2291 1984 2344 pertinent:
2015 2290 2082 2327 sed
2102 2290 2179 2327 sive
2201 2301 2328 2326 servus
2350 2291 2425 2326 sive

167 2338 259 2375 liber
289 2339 354 2381 sit,
386 2349 466 2374 eum
498 2338 537 2372 in
566 2337 782 2372 monachica
813 2337 1082 2373 exercitatione
1112 2347 1259 2371 manere
1288 2336 1462 2372 volumus.
1520 2335 1616 2371 Nam
1649 2337 1790 2372 etiamst
1823 2336 1926 2387 quod
1956 2335 2126 2372 delictum
2156 2336 2195 2371 in
2228 2336 2302 2371 vita
2340 2340 2425 2371 ante

168 2388 253 2419 acta
277 2383 322 2419 ab
347 2394 390 2419 eo
407 2383 512 2428 forte
535 2382 762 2418 commissum
780 2381 829 2417 sit
852 2380 1026 2421 (humana
1045 2380 1140 2416 enim
1160 2383 1297 2415 natura
1313 2381 1403 2432 fere
1423 2380 1602 2427 proclivis
1620 2385 1674 2416 est
1691 2381 1742 2415 ad
1763 2380 1928 2424 delicta),
1952 2385 1993 2416 at
2011 2380 2156 2427 sufficit
2174 2380 2225 2416 ad
2247 2380 2425 2416 modicam

162 2433 402 2474 peccatorum
417 2427 680 2474 purqationem
700 2430 736 2462 et
755 2426 804 2461 ad
827 2426 973 2462 virtutis
992 2426 1254 2461 incrementum
1272 2425 1425 2461 triennis
1445 2426 1621 2472 temporis
1642 2426 1904 2462 testimonium:
1926 2426 1981 2462 ita
2003 2430 2123 2462 tamen
2141 2429 2182 2461 ut
2206 2436 2300 2472 quae
2339 2431 2423 2461 urto

167 2473 193 2510 8
239 2472 365 2509 ablata
388 2477 475 2507 sunt
495 2472 548 2507 sic
573 2483 735 2518 quoque,
760 2482 782 2506 a
812 2470 863 2506 ud
885 2481 1132 2517 quoscumque
1154 2469 1401 2516 reperiantur,
1426 2470 1552 2516 utique
1575 2471 1687 2506 veteri
1729 2470 1877 2505 domino
1912 2467 2165 2507 restituantur.
2223 2469 2301 2514 Quo
2329 2471 2362 2505 si
2380 2471 2423 2514 is,

169 2519 233 2566 qui
255 2518 440 2554 servitutis
463 2518 712 2552 necessitatem
736 2482 878 2597 effic-qiu
902 2515 1162 2551 monasterium
1183 2515 1389 2561 relinquere
1411 2519 1522 2561 atque
1545 2515 1649 2551 aliud
1671 2516 1767 2551 vitae
1787 2525 1904 2561 qenus
1926 2517 2063 2551 sectari
2085 2519 2249 2558 conetur,
2275 2515 2423 2551 domino

172 2564 355 2600 licentiam
379 2563 509 2599 damus
531 2566 566 2599 et
589 2560 751 2598 abducen
779 2563 794 2598 i
814 2573 894 2598 eum
919 2566 955 2597 et
977 2560 1192 2597 condicione
1207 2561 1285 2596 eius
1303 2560 1552 2596 demonstrata
1573 2561 1670 2596 inter
1689 2572 1814 2597 servos
1837 2561 2004 2597 habendi.
2053 2562 2180 2608 Neque
2203 2563 2296 2598 enim
2316 2566 2418 2597 tanta

172 2610 308 2645 iniuria
340 2609 530 2689 afficietur
553 2609 591 2642 in
623 2619 744 2643 veram
770 2607 976 2642 servitutem
1008 2606 1179 2642 redactus
1208 2611 1383 2655 quan-tam
1416 2606 1430 2640 i
1456 2617 1495 2641 se
1521 2606 1616 2652 fecit
1644 2606 1705 2641 dei
1732 2606 1918 2643 servitium
1950 2606 2126 2643 deserens.
2175 2609 2295 2654 Atque
2328 2607 2418 2643 haec

175 2654 318 2701 quidem
368 2666 387 2690 e
411 2653 625 2689 condicione
647 2664 786 2694 eorum,
811 2653 876 2698 qui
898 2663 936 2687 se
959 2651 1158 2687 monachos
1174 2650 1347 2697 profiteri
1371 2662 1415 2686 vo
1432 2654 1507 2693 unt,
1531 2651 1724 2686 sancimus.

187 2743 190 2745 Δ
311 2699 375 2734 111.
433 2698 633 2735 Videndum
657 2709 742 2734 vero
767 2703 836 2740 est,
858 2697 1038 2743 quomodo
1064 2707 1126 2732 eos
1150 2697 1188 2731 in
1212 2695 1437 2731 habitatione
1460 2700 1494 2731 et
1519 2697 1613 2732 victu
1641 2695 1855 2736 monachica
1881 2696 2121 2745 philosophia
2145 2695 2278 2744 diqnos
2303 2697 2415 2733 lucta-

174 2748 272 2781 tores
295 2744 498 2780 reddamus.
557 2743 731 2779 Volumus
754 2742 866 2784 enim,
898 2742 1037 2777 nullum
1061 2741 1318 2776 monasterium
1341 2740 1407 2776 sub
1431 2740 1572 2777 dicione
1594 2746 1721 2777 nostra
1745 2742 2000 2785 constitutum,
2024 2742 2099 2779 sive
2115 2742 2278 2789 plurium
2303 2742 2414 2778 homi-

172 2801 257 2825 num
281 2794 337 2825 est
357 2789 430 2825 sive
453 2789 692 2835 pauciorum,
725 2787 924 2823 monachos
955 2788 1018 2833 qui
1047 2786 1097 2821 ibi
1124 2790 1211 2821 sunt
1234 2786 1329 2820 inter
1351 2795 1390 2820 se
1420 2791 1613 2832 separatos
1645 2786 1777 2822 habere
1806 2791 1843 2822 et
1865 2788 2035 2839 propriis
2065 2787 2230 2823 domibus
2258 2792 2415 2824 utentes:

173 2845 294 2871 verum
328 2834 527 2876 sancimus,
564 2837 605 2868 ut
639 2833 876 2869 communiter
907 2836 1036 2868 cenent
1064 2835 1098 2867 et
1128 2832 1166 2866 in
1199 2831 1383 2867 communi
1412 2830 1492 2865 loco
1528 2842 1649 2867 omnes
1677 2831 1880 2874 dormiant,
1915 2832 2070 2879 sznqulis
2102 2832 2246 2878 quidem
2280 2833 2317 2868 in
2346 2844 2413 2868 suo

173 2890 317 2926 quoque
333 2879 494 2926 proprio
519 2879 610 2914 lecto
635 2877 860 2920 cubantibus,
884 2878 923 2912 in
947 2877 1054 2912 domo
1080 2881 1198 2911 autem
1216 2887 1290 2910 una
1309 2875 1509 2918 collocatis,
1532 2881 1595 2911 aut
1613 2877 1647 2912 si
1666 2876 1807 2921 quidem
1828 2888 1902 2913 una
1926 2877 2055 2913 domus
2079 2878 2129 2913 ad
2151 2878 2414 2914 multitudinem

172 2924 432 2960 monachorum
457 2923 671 2971 capiendam
696 2934 768 2958 non
792 2923 969 2968 sufficiat,
994 2921 1032 2956 in
1057 2921 1198 2956 duabus
1219 2921 1323 2966 sorte
1346 2920 1403 2955 vel
1425 2921 1534 2955 etiam
1552 2921 1736 2968 pluribus,
1762 2933 1878 2968 neque
1901 2934 1987 2958 vero
2004 2934 2165 2958 seorsum
2189 2927 2225 2958 et
2247 2923 2327 2966 soli,
2351 2922 2416 2958 sed

171 2970 209 3004 in
233 2969 432 3004 communi:
456 2974 496 3004 ut
519 2969 615 3004 inter
637 2980 676 3003 se
702 2972 808 3003 testes
829 2969 904 3003 siut
920 2966 1120 3002 honestatis
1138 2971 1173 3002 et
1197 2965 1378 3001 castitatis
1395 2975 1439 3000 ac
1458 2977 1503 3001 ne
1522 2976 1686 3002 somnum
1705 2966 1849 3012 quidem
1869 2967 1988 3020 ipsum
2011 2967 2213 3010 socordem,
2237 2967 2302 3004 sed
2317 2966 2413 3004 vere-

171 3014 326 3050 cundiae
349 3013 508 3049 deditum
533 3013 687 3048 habeant
713 3012 756 3047 ob
781 3024 905 3048 eorum
930 3011 993 3057 qui
1015 3011 1217 3058 spectaturi
1239 3011 1313 3046 siut
1337 3010 1526 3055 offensam.
1573 3010 1839 3057 Praeterquam
1862 3023 1894 3048 st
1915 3013 1979 3058 qui
1994 3024 2044 3048 ex
2059 3013 2116 3055 iis,
2138 3013 2274 3060 quippe
2292 3014 2358 3059 qui
2374 3013 2411 3047 in

211 3105 231 3138 2
257 3100 305 3136 αἱς
325 3116 384 3136 om.
398 3104 428 3136 A
445 3102 458 3147 ΙΙ
477 3105 497 3136 3
518 3101 830 3143 καθεστηκέναιᾼ
846 3101 858 3145 {i
878 3104 897 3135 5
922 3097 1046 3134 αὐτῶν
1059 3102 1091 3134 A
1109 3100 1159 3146 116
1184 3100 1255 3135 εἴτε
1330 3111 1426 3134 τινος
1455 3098 1494 3133 δὲ
1522 3101 1713 3145 στρωμνῆς
1743 3101 1885 3135 ἑκαστω
1910 3100 2114 3157 ἰδιαζουσης
2137 3105 2298 3146 κειμένου
2323 3104 2410 3137 οἴκω

166 3167 210 3173 —
233 3147 317 3189 εἴτε]
343 3147 415 3180 εἴτε
439 3150 499 3180 καὶ
524 3167 567 3171 -
591 3146 662 3180 εἴτε
686 3149 747 3179 καὶ
769 3147 800 3180 Α
830 3146 842 3188 ΙΙ
871 3148 889 3179 ’7
915 3148 975 3197 καὶ
992 3145 1068 3202 γὰρ
1089 3155 1119 3180 et
1139 3146 1175 3179 εἴ
1195 3160 1253 3180 om.
1325 3147 1385 3180 ἐπὶ
1410 3148 1699 3192 περιερχομένων
1725 3147 1804 3179 τῶν
1828 3144 1995 3181 κινιδίων
2019 3146 2214 3182 ἁπαντων·
2239 3149 2271 3180 εἰ
2294 3145 2334 3181 δὲ
2349 3152 2373 3181 Λ
2400 3163 2409 3186 {3

166 3195 196 3227 A
227 3192 240 3238 ss
268 3195 287 3227 8
312 3190 421 3234 τυχὸν
441 3200 516 3234 post
537 3194 702 3235 πταῖσμα
726 3193 796 3225 coll.
822 3192 854 3224 A
877 3191 889 3232 ΙΙ
914 3193 946 3233 η]
971 3204 1001 3224 ει
1025 3192 1057 3225 A
1085 3190 1097 3236 ΙΙ
1125 3194 1144 3225 9
1167 3189 1255 3244 προς
1325 3193 1367 3225 32
1398 3189 1499 3235 ἀρκεῖ
1520 3192 1572 3226 As
1599 3191 1611 3233 ΙΙ
1643 3194 1683 3225 34
1720 3187 1807 3233 ἰδίᾳ]
1845 3189 2060 3234 ἰδιαζόντως
2083 3195 2114 3226 A
2145 3193 2156 3236 ΙΙ
2183 3190 2409 3226 καθευδέτω-

166 3252 225 3273 om.
250 3239 282 3271 A
308 3237 322 3281 ΙΙ
354 3239 395 3272 13
420 3234 620 3283 εὖρηθεῖεν,
648 3235 796 3270 πάντως
819 3233 910 3269 καθ’
938 3233 1152 3278 οἷονδήποτε
1175 3249 1254 3281 χρο·

165 3296 232 3318 νον
263 3284 324 3317 καὶ
354 3282 473 3326 σχῆμα
501 3278 646 3316 ἀποδιδ.
672 3283 702 3315 A
733 3281 748 3335 H
776 3285 814 3315 14
837 3295 884 3324 sq.
920 3281 951 3314 εἰ
981 3283 1107 3325 μέντοι
1135 3289 1164 3315 et
1194 3282 1255 3324 τῆς

166 3326 325 3363 δουλείας
350 3340 421 3370 οηι.,
454 3327 484 3360 εἰ
508 3334 586 3371 post
608 3327 776 3373 ἐκφυγων
798 3328 875 3360 add.
896 3328 926 3359 A
953 3326 965 3371 fl
1000 3330 1038 3360 15
1072 3325 1115 3360 τὸ
1144 3338 1254 3371 μονα·

166 3371 315 3421 στήριον
347 3373 415 3418 μὲν
437 3373 470 3406 A
497 3374 508 3416 ΙΙ
543 3374 581 3406 17
620 3373 680 3404 καὶ
716 3369 831 3405 ἕλκειν
857 3372 929 3413 Μς]
965 3369 1160 3406 καθέλκειν
1182 3373 1214 3405 A
1243 3371 1256 3414 ΙΙ

169 3421 209 3454 18
241 3420 302 3453 καὶ
328 3426 402 3453 ante
433 3417 481 3452 εἰς
514 3418 586 3451 coll.
611 3418 692 3451 Con.
717 3419 759 3452 87
785 3430 857 3460 cap.
888 3417 900 3459 11
929 3414 996 3459 τὴν
1023 3414 1136 3460 τύχην
1166 3414 1254 3451 ἀπο·

166 3462 348 3498 δεικνύντι
379 3463 427 3498 εἰς
451 3463 594 3505 οἰκέτην
616 3463 778 3504 κατέχειν
801 3464 832 3495 Δ
860 3461 872 3505 ΙΙ
902 3463 944 3496 22
976 3461 1254 3509 παραγενέσθαι

168 3511 198 3543 A
229 3509 245 3563 'l
269 3511 312 3544 23
345 3505 485 3550 αὐτοὺς]
516 3506 600 3542 τούς
626 3508 657 3541 A
686 3506 699 3551 11
727 3509 770 3541 24
800 3503 982 3546 ἀποδείξω
1009 3508 1048 3540 Μ
1076 3510 1088 3551 {l
1117 3509 1159 3542 25
1190 3521 1253 3551 μη·

167 3552 267 3589 δενος
346 3557 539 3601 ναστηρίου
569 3555 629 3588 ἐπὶ
653 3552 715 3595 τῆς
746 3548 905 3595 ὑπηκόου
928 3549 1033 3596 ἡμῶν
1064 3553 1253 3586 καθεστῶ-

163 3610 226 3635 τος
257 3611 286 3634 π
326 3597 439 3634 ιόνων
470 3595 690 3645 ἀνθρώπων
724 3595 745 3640 ἢ
776 3595 986 3632 ἐλαττόνων
1015 3597 1192 3642 μοναχοὺς
1223 3599 1253 3631 Α

167 3641 285 3689 (ἡμῶν
310 3657 330 3682 ς
356 3658 481 3690 quoque
505 3644 656 3678 habuisse
675 3644 815 3684 videtur)
842 3642 855 3687 ΙΙ
885 3645 928 3677 28
959 3643 1053 3685 ἔχειν
1073 3644 1132 3684 Μ]
1162 3643 1253 3676 εἶναι

167 3692 220 3728 Ae
242 3690 255 3735 ΙΙ
285 3692 345 3727 καὶ
364 3687 598 3734 διοικὴμασιν
623 3686 725 3723 ἰδίοις
755 3688 916 3734 χρᾶσθαι
941 3689 972 3722 A
1000 3687 1012 3734 ΙΙ
1043 3690 1086 3723 29
1121 3688 1252 3723 θεσπί-

169 3736 280 3780 ζομεν
300 3754 342 3762 -
367 3737 409 3773 32
442 3734 554 3783 εἴπερ]
587 3736 647 3772 καὶ
678 3729 774 3782 ὅμως
798 3729 936 3770 πάντας
964 3730 1161 3770 καθεύδειν
1193 3735 1255 3768 ἐπί

1324 3247 1394 3268 σαν
1417 3244 1491 3287 post
1508 3234 1620 3277 κοινῷ
1639 3237 1717 3269 add.
1731 3237 1761 3269 A
1782 3236 1793 3280 ΙΙ
1811 3239 1852 3270 35
1877 3237 2051 3282 γενέσθαι
2066 3239 2095 3270 A
2114 3239 2126 3280 ΙΙ
2144 3240 2185 3271 36
2212 3234 2381 3271 αὗτούςΑ
2398 3240 2409 3283 {l

1324 3282 1366 3314 38
1391 3278 1486 3322 πλην
1509 3279 1540 3313 εἰ
1563 3281 1628 3320 Ας]
1655 3278 1793 3323 πολλην
1816 3282 1848 3313 εἰ
1873 3282 1919 3315 Μ

1373 3341 1387 3371 1
1422 3337 1548 3370 trienni
1572 3337 1618 3378 R]
1644 3338 1785 3371 triennii
1803 3338 1837 3372 V
1858 3340 1944 3383 vuly.
1974 3338 1988 3382 ΙΙ
2015 3341 2035 3372 2
2064 3339 2292 3372 monachicam
2315 3339 2365 3373 R¹
2397 3339 2410 3385 ΙΙ

1324 3387 1341 3418 4
1370 3384 1445 3426 ulli]
1470 3384 1523 3417 illi
1547 3385 1580 3419 R
1604 3384 1694 3419 nulli
1714 3386 1748 3420 V
1774 3385 1787 3430 ΙΙ
1813 3387 2037 3429 praescrutari
2061 3385 2136 3420 RV
2155 3385 2168 3430 Ι]
2198 3388 2218 3420 8
2242 3385 2325 3421 attrh
2350 3387 2384 3421 R
2408 3392 2414 3430 Ι

1324 3432 1343 3464 9
1368 3430 1539 3463 meliorem
1561 3429 1612 3464 ΕΙ
1641 3430 1654 3476 ΙΙ
1679 3431 1917 3474 pugationem
1943 3432 1980 3466 V
1987 3431 1997 3450 ¹
2025 3431 2037 3474 ΙΙ
2066 3433 2106 3465 10
2131 3432 2322 3465 triennialis
2346 3431 2384 3466 V
2408 3431 2415 3474 Ι

1327 3478 1362 3509 11
1401 3475 1500 3508 etiam
1532 3475 1579 3508 sic
1604 3475 1643 3510 V
1661 3475 1674 3521 11
1710 3479 1747 3510 14
1781 3479 1870 3510 rubr.
1904 3477 1940 3509 Si
1967 3477 2206 3510 monasterium
2235 3477 2413 3520 reliquerit

1327 3522 1357 3553 R
1382 3534 1442 3563 my.
1464 3521 1476 3563 ΙΙ
1507 3522 1545 3554 14
1570 3522 1811 3564 temptauerint
1836 3521 1873 3554 V
1896 3521 1908 3564 11
1936 3524 1978 3555 20
2004 3521 2137 3563 fugiens
2162 3521 2200 3556 V
2217 3521 2231 3567 ΙΙ
2255 3524 2298 3558 23
2323 3526 2411 3558 rubr.

1325 3566 1364 3598 de
1388 3566 1460 3598 uita
1483 3566 1722 3599 monachorum
1741 3567 1772 3600 R
1790 3579 1852 3610 my.
1870 3566 1882 3610 ΙΙ
1901 3566 2023 3608 degens
2046 3567 2080 3601 R
2097 3566 2110 3612 ΙΙ
2127 3569 2168 3602 25
2194 3567 2327 3601 nullum
2351 3583 2410 3603 om.

1326 3610 1363 3644 V
1370 3611 1379 3631 ¹
1409 3610 1421 3653 ΙΙ
1449 3611 1491 3643 28
1516 3609 1665 3645 diuersos
1691 3613 1723 3646 T
1749 3612 1761 3655 ss
1787 3611 2006 3645 habitationis
2028 3612 2082 3647 Ra
2101 3611 2116 3658 fl
2140 3614 2183 3648 29
2208 3614 2412 3647 commedere

1324 3655 1451 3689 RV¹T
1476 3655 1488 3694 ΙΙ
1516 3658 1555 3690 31
1591 3658 1727 3700 propri*
1755 3657 1808 3690 V¹
1838 3656 1850 3699 ΙΙ
1877 3657 2040 3690 iacentem
2064 3657 2115 3691 Β*
2141 3657 2154 3702 ΙΙ
2184 3660 2227 3692 35
2253 3659 2314 3704 leq.
2338 3658 2412 3704 (ut)

1323 3701 1445 3734 testes?
1469 3700 1481 3740 ΙΙ
1508 3700 1663 3736 alterutri
1687 3702 1788 3742 RV²1
1814 3702 1976 3736 alterutr·
2004 3702 2043 3737 V
2047 3703 2069 3747 ¹,
2093 3703 2266 3737 alterutris
2289 3706 2377 3751 vulq.
2399 3706 2411 3751 fl

1323 3749 1401 3779 sunt
1425 3747 1472 3781 R¹
1492 3747 1503 3791 Η
1521 3748 1562 3782 38
1588 3747 1869 3791 contemplatione
1893 3750 1938 3792 et]
1963 3748 2256 3797 contemplationis
2277 3750 2312 3788 R
