2618 4010
136 136 204 167 ET
232 136 293 167 UT
322 133 617 167 NUL'LA'I'ENUS

146 233 180 278 ἢ,
204 235 304 280 εἴπερ
327 231 614 281 ἄναψηλαφῆσαι
636 232 861 278 βουληθεῖεν,
891 231 1070 280 πρότερον
1094 231 1222 269 δοῦναι

145 280 189 315 τὸ
208 279 401 326 πρόςτιμον
421 276 518 314 οὕτω
538 293 579 315 τε
593 277 723 314 ἄδειαν
741 281 836 323 ἐχειν
852 277 1053 326 ἀναχωρεῖν
1073 280 1151 314 τῶν
1168 293 1223 314 κε-

145 329 404 371 κριμένωνκαὶ
428 322 488 371 ἐφ’
516 326 639 371 ἕτερον
661 328 791 371 χωρεῖν
816 323 1005 370 δικαστήν·
1037 326 1114 359 τῶν
1137 323 1220 369 ἡμε-

145 374 262 417 τέρων
285 368 484 417 ἀρχόντων,
508 371 544 404 εἴ
561 385 601 417 γε
619 370 921 416 προςελευσθεῖεν,
946 371 1220 416 ἐκβιβαζόντων

138 417 192 450 ’τὰ
208 414 386 463 πρόςτιμα
410 419 469 450 καὶ
487 419 560 450 τοῖς
575 418 692 450 ταῦτα
708 417 965 462 προςταχθεῖσι
989 415 1114 460 λαβεῖν
1133 413 1219 451 ἀπο-

145 463 369 505 καταστῆναι
389 460 752 506 παρασκευαζόντων.
795 460 950 496 εἰδότων
969 463 1046 496 τῶν
1067 462 1148 496 τοὺς
1168 459 1220 495 δι-

145 507 277 541 καστὰς
301 506 536 553 αἱρουμένων,
569 504 616 541 (ἇς
647 508 676 540 εἰ
699 507 748 562 μὴ
781 509 889 542 τοῦτο
920 506 1096 553 πράξαιεν
1132 504 1221 550 μηδὲ

145 554 411 597 ἐπερωτήσουσι
444 552 587 596 ποινήν,
626 549 693 586 ἀλλ
743 553 926 595 οἰηθῶσιν
955 550 1077 598 ἀρκεῖν
1102 550 1221 586 αὑτοῖς

145 597 212 640 τὴν
245 599 282 631 ἐκ
313 599 391 631 τῶν
421 594 542 643 ὅρκων
575 595 787 644 ἀσφάλειαν,
820 598 898 632 εἶτα
929 597 965 631 οἱ
991 595 1159 631 δικασταὶ
1186 596 1223 631 οἱ

1215 118 1298 165 407

1841 119 2175 165 Nov.LXXX11
2201 91 2371 162 '11-13

1288 233 1432 276 iudicio,
1457 236 1521 270 aut
1543 234 1575 270 si
1598 236 1794 270 retractare
1817 233 1968 268 voluerit
1991 234 2101 275 alter,
2127 232 2187 267 det
2210 231 2371 273 multam,

1292 283 1327 314 et
1358 279 1409 315 sic
1433 279 1614 315 licentiam
1637 280 1768 315 habeat
1801 279 1982 314 discedere
2013 279 2059 313 ab
2082 278 2138 314 his
2165 286 2255 322 quae
2278 277 2371 312 iudi-

1289 328 1372 360 cata
1395 329 1478 360 sunt
1497 327 1534 361 et
1549 325 1595 360 ad
1610 325 1709 360 aliud
1728 324 1848 360 venire
1870 324 2103 368 auditorium;
2125 323 2256 359 nostris
2280 322 2371 358 iudi-

1290 371 1403 412 cibus,
1427 370 1458 406 si
1481 370 1570 406 aditi
1592 370 1734 413 fuerint,
1760 370 1982 413 exigentibus
2005 370 2154 404 multam
2178 372 2213 405 et
2236 368 2291 403 his
2312 368 2373 412 qui

1258 419 1276 451 5
1290 426 1367 451 eam
1378 416 1468 452 iussi
1481 418 1565 452 sunt
1580 416 1745 461 accipere
1760 414 1901 450 restitui
1912 415 2222 460 praeparantibus.
2247 413 2370 449 Scien-

1289 461 1384 496 tibus
1410 461 1465 496 his
1488 461 1550 506 qui
1572 461 1706 497 iudices
1732 461 1877 504 eligunt,
1903 460 1987 504 quia
2009 460 2041 495 si
2055 470 2127 495 non
2148 460 2217 495 hoc
2236 459 2372 503 egerint

1289 516 1404 551 neque
1422 506 1585 559 stipulati
1600 506 1734 542 fuerint
1749 516 1911 551 poenam,
1934 505 1997 540 sed
2015 505 2280 556 aestimaverint
2295 503 2370 539 suf-

1289 552 1397 587 ficere
1420 552 1489 587 sibl
1513 562 1557 587 ex
1580 552 1808 587 iureiurando
1837 551 2056 592 cautionem,
2089 549 2217 585 deinde
2236 549 2371 584 ludices

1290 597 1343 632 sic
1363 597 1468 632 electi
1487 601 1642 633 noceant
1666 597 1728 639 eis,
1755 598 1785 632 si
1801 596 1942 640 quidem
1962 606 2006 630 ex
2030 594 2159 636 studio,
2184 605 2207 630 a
2230 594 2370 630 domino

144 640 258 677 οὕτως
282 642 488 688 αἱρεθέντες
508 643 712 689 βλάψουσιν
732 640 875 685 αὐτούς,
908 644 939 676 εἰ
961 645 1029 687 μὲν
1061 642 1220 695 ἐξεπίτη-
1236 646 1276 678 10
1290 642 1355 677 deo
1376 652 1510 687 poenas
1527 642 1674 686 periurii
1693 642 1930 682 sustinebunt,
1952 640 1982 675 Si
2003 644 2121 674 autem
2142 650 2186 674 ex
2205 640 2370 684 ignoran-

144 685 217 729 δες,
248 689 302 732 τῷ
328 687 487 736 δεσπότῃ
513 690 592 732 θεῷ
617 689 685 732 τὴν
710 689 841 731 ποινὴν
864 689 926 731 τῆς
951 690 1132 732 ἐπιορκίας
1155 701 1219 732 mp-

143 733 294 774 έξουσιν,
333 735 364 768 εἰ
398 732 437 768 δὲ
470 734 507 775 ἐξ
540 731 704 779 ἀμαθίας
731 736 840 768 τοῦτο
873 730 1079 773 ὑποσταῖεν,
1115 729 1220 765 οὐδὲν

144 778 243 824 παρὰ
266 779 349 813 τοὺς
372 776 496 825 ὅρκους
521 776 638 814 αὐτοῖς
662 781 764 813 ἔσται
788 778 907 814 πλεόν.
944 776 1026 811 οὔτε
1049 776 1118 823 γὰρ
1142 779 1219 823 §m-

143 827 269 879 ορκίαν
300 827 400 869 παρά
423 837 521 860 τινος
542 821 965 878 γίνεσθαιςβουλόμεθα,
995 821 1078 856 οὔτε
1111 822 1220 856 αὐθις

142 881 224 904 τους
260 867 509 914 δικαζομένους
546 872 675 926 ζζγμίαν
707 869 936 923 υφίστασθαι
965 866 1126 920 μεγάλην
1157 865 1217 900 διὰ
1235 870 1275 902 15
1287 866 1521 903 reverentiam
1544 866 1791 911 permittimus.

142 915 211 969 τῂν
239 916 316 950 τῶν
346 914 530 950 δικαστῶν
561 916 729 961 αμαθίαν
760 927 859 960 παρα
891 914 959 957 τὴν
989 915 1066 947 τῶν
1098 925 1220 958 ορκων

143 960 334 1004 ευλαβειαν
359 962 618 1008 συγχωροῦμεν.
661 960 814 996 πάντων
836 961 914 993 τῶν
934 958 1145 1003 ὲζιιπροσθεν
1164 970 1219 991 νε·-

143 1006 450 1051 νομοθετημένων
481 1007 552 1041 εἴτε
576 1009 613 1040 ἐκ
636 1007 699 1049 τῆς
723 1002 872 1050 ἀρχαίας
902 1004 1120 1048 νομοθεσίας
1149 1003 1220 1036 εἴτε

143 1054 203 1105 καὶ
227 1048 317 1097 παρ’
335 1049 441 1107 ἡμῶν
465 1055 547 1097 περὶ
569 1053 647 1086 τῶν
665 1049 1010 1095 σοωρτοωίεεατίων
1035 1047 1219 1083 δικαστῶν

1288 688 1340 722 tia
1363 687 1431 722 hoc
1447 687 1549 731 passi
1559 687 1704 730 fuerint,
1719 686 1807 721 nihil
1822 690 1965 730 praeter
1977 685 2222 720 iusiurandum
2235 685 2304 719 erit
2320 685 2369 720 eis

1288 732 1456 776 amplius:
1470 732 1554 776 quia
1568 742 1681 775 neque
1698 731 1893 775 periurium
1905 730 2067 765 volumus
2084 730 2129 764 ab
2146 730 2264 774 aliquo
2282 730 2370 773 fieri,

1288 787 1402 821 neque
1432 787 1556 812 rursus
1588 776 1770 820 litigantes
1801 775 1968 810 damnum
1998 775 2175 810 sustinere
2204 785 2371 818 magnum

1288 825 1436 866 propter
1472 821 1707 856 iudicantium
1742 820 1980 865 ignorantiam
2020 820 2110 855 citra
2144 819 2371 855 iurisiurandi

1838 865 2010 901 Omnibus
2030 867 2114 900 ante
2134 865 2280 900 sancitis
2297 865 2371 900 sive

1288 922 1331 947 ex
1362 913 1509 957 antiqua
1538 911 1758 956 legislatione
1789 911 1862 947 sive
1886 921 1908 946 a
1937 910 2039 946 nobis
2072 910 2116 945 de
2141 910 2370 956 compromis-

1288 957 1392 993 sariis
1423 957 1601 993 iudicibus
1635 960 1699 992 aut
1727 957 1764 992 in
1796 956 1958 998 arbitris,
1987 958 2089 991 extra
2119 955 2370 991 necessitatem

1287 1006 1407 1038 tamen
1430 1003 1679 1045 iurisiurandi,
1703 1002 1740 1037 in
1765 1003 1910 1047 propria
1931 1002 2060 1036 virtute
2085 1001 2310 1037 manentibus
2335 1004 2371 1037 et

1288 1058 1513 1094 nequaquam
1537 1058 1582 1084 ex
1605 1049 1674 1084 hac
1697 1050 1824 1084 nostra
1846 1047 1924 1092 lege
1947 1046 2132 1083 novandis.

143 1111 165 1151 νζ
182 1099 242 1132 ἐπὶ
265 1100 338 1131 τοῖς
362 1100 522 1152 αιρετοῖς,
544 1100 651 1142 χωρὶς
672 1099 798 1140 μέντοι
820 1096 883 1139 τῆς
901 1098 983 1140 περὶ
1001 1096 1079 1128 τῶν
1098 1090 1219 1138 ὅρκιον
1232 1096 1275 1129 20

144 1143 214 1177 ami
240 1154 310 1186 κης,
341 1156 533 1186 μενόντων
558 1144 618 1177 ἐπὶ
641 1142 702 1185 τῆς
722 1139 813 1174 ἰδίας
837 1141 954 1183 ἰσχύος
977 1143 1036 1174 καὶ
1052 1136 1157 1174 οὐδὲν
1182 1140 1219 1173 ἐκ

143 1155 250 1223 τοῦδε
273 1186 377 1232 ἡμῶν
400 1189 464 1223 τοῦ
489 1186 601 1232 νόμου
625 1188 896 1231 καινιζομένων.

1122 1299 1282 1336 CAPUT
1302 1299 1382 1334 XII.

205 1382 290 1416 Τοὺς
319 1384 484 1428 μέντοιγε
517 1379 704 1426 ἡμετέρους
739 1378 915 1425 ἄρχοντας
949 1380 1041 1414 πᾶσι
1074 1379 1222 1425 τρόποις

143 1425 315 1470 δέχεσθαι
338 1427 402 1461 τὰς
425 1424 613 1470 ἐκκλήτους
636 1427 871 1469 θεσπίζομεν,
896 1428 955 1459 καὶ
978 1422 1104 1469 μηδενὶ
1129 1438 1220 1470 παρ-

1334 1378 1487 1414 Nostros
1521 1381 1642 1413 tamen
1671 1377 1807 1413 iudices
1843 1378 2007 1414 omnibus
2042 1377 2156 1413 modis
2189 1374 2372 1420 suscipere

1289 1424 1550 1470 appellationes
1575 1423 1772 1466 sancimus,
1800 1424 1835 1459 et
1859 1423 1947 1458 nulli
1967 1422 2145 1458 licentiam
2170 1432 2248 1458 esse
2271 1421 2371 1465 peni-

141 1476 271 1517 ρησίαν
291 1472 384 1506 εἶναι
405 1471 590 1507 παντελῶς
610 1473 716 1505 τοῦτο
733 1468 1091 1524 διωθεῖσθαιζπλὴνκ
1106 1467 1220 1514 μόνου
1233 1472 1274 1505 25
1288 1473 1348 1506 tus
1380 1470 1449 1505 hoc
1480 1470 1671 1514 repellere,
1703 1472 1844 1515 praeter
1876 1469 1988 1503 solam
2011 1472 2111 1504 tuam
2136 1466 2371 1509 eminentiam,

143 1519 204 1551 τοῦ
230 1515 370 1562 θρόνου
393 1519 456 1561 τῆς
480 1519 542 1560 σῆς
564 1515 754 1561 ὑπεροχῆς,
791 1517 897 1559 ῴτινι
927 1528 1035 1550 τουτο
1067 1516 1221 1550 ανωθεν

139 1560 162 1617 ⁷}
192 1562 359 1607 βασιλεία
389 1562 668 1608 πεφιλοτίμηται
702 1562 771 1606 τὴν
806 1563 869 1605 τῆς
907 1559 1221 1608 ἀναψηλαφήσεως

141 1605 398 1654 αντειςάγουσα
421 1608 612 1652 βοήθειαν.

1290 1516 1348 1551 cui
1372 1515 1441 1551 hoc
1466 1515 1511 1550 ab
1536 1515 1636 1550 initio
1653 1515 1803 1560 largitur
1821 1514 2009 1559 imperium
2028 1513 2292 1550 retractationis
2315 1512 2371 1547 in-

1288 1560 1482 1597 troducens
1507 1561 1691 1597 auxilium.

1120 1722 1279 1758 CAPUT
1303 1720 1401 1756 XIII.

193 1802 270 1834 Πᾶς
294 1798 333 1834 δὲ
357 1798 525 1844 δικαστὴς
554 1801 625 1834 εἴτε
649 1797 762 1846 ἀρχὴν
792 1802 884 1855 ἔχων
915 1800 986 1835 εἴτε
1019 1798 1135 1834 ἄλλως
1168 1797 1220 1834 δι-

1336 1800 1458 1835 Omnis
1484 1800 1602 1834 autem
1626 1799 1735 1834 iudex
1760 1799 1833 1834 sive
1851 1798 2031 1843 cingulum
2051 1797 2187 1833 habens
2212 1798 2283 1833 sive
2308 1797 2372 1832 ali-

140 1844 261 1887 κάζων
280 1849 434 1892 τηρείτω
459 1846 540 1880 τοὺς
562 1846 690 1889 νόμους
714 1848 773 1878 καὶ
797 1859 888 1888 κατα
912 1842 1056 1880 τούτους
1081 1848 1219 1892 φερέτω
1234 1848 1277 1881 30
1290 1848 1345 1880 ter
1376 1845 1539 1880 iudicans
1572 1844 1752 1880 custodiat
1783 1845 1879 1888 leges
1909 1849 1945 1879 et
1974 1844 2171 1880 seeundum
2202 1853 2263 1879 eas
2289 1853 2371 1888 pro-

141 1891 201 1925 τὰς
233 1891 388 1937 ψήφους,
422 1894 481 1924 καὶ
505 1889 574 1925 κᾶν
606 1892 636 1924 εί
668 1894 825 1935 συμβαίη
859 1890 1018 1925 κε’λευσιν
1043 1889 1220 1938 ἡμετέραν
1289 1891 1382 1926 ferat
1399 1890 1605 1932 sententias,
1627 1894 1662 1926 et
1677 1891 1731 1925 vel
1748 1890 1779 1925 si
1801 1890 1982 1934 contingat
2002 1889 2196 1925 iussionem
2212 1893 2373 1924 nostram

142 1938 181 1970 ἐν
204 1939 301 1980 μέσῳ
326 1934 394 1970 κᾶν
419 1937 450 1970 εἰ
474 1936 578 1970 θεῖον
601 1934 728 1977 τύπον,
754 1934 822 1970 κᾶν
843 1937 874 1970 εἰ
891 1949 965 1983 πρα
988 1937 1136 1982 ματικὸς
1157 1937 1221 1979 εἴη,
1289 1937 1325 1972 in
1350 1936 1502 1971 medium
1525 1935 1579 1971 vel
1603 1935 1635 1971 Si
1658 1945 1796 1971 sacram
1815 1935 1966 1971 formam
1986 1935 2041 1970 vel
2065 1935 2096 1970 Si
2116 1934 2374 1980 pragmaticam

142 1983 312 2028 φοιτῆσαι
344 1981 495 2028 λέγοντα
526 1980 673 2015 vomis-32
696 1982 824 2026 χρῆναι
856 1982 924 2025 τὴν
973 1986 1052 2025 ι’κην
1089 1985 1219 2027 τεμεῖν,
1288 1981 1482 2026 procedere
1507 1981 1727 2017 sanctionem
1758 1981 1935 2016 dicentem
1966 1980 2070 2015 aliter
2093 1981 2170 2025 agi,
2202 1984 2374 2025 sequatur

142 2024 388 2061 ἀκολουθείτω
419 2027 471 2070 τῷ
497 2026 607 2071 νόμῳ.
656 2023 751 2071 ἡμεῖς
774 2027 843 2073 γὰρ
874 2029 987 2061 έκεῖνο
1011 2027 1220 2071 βουλόμεθα
1288 2027 1411 2072 legem.
1468 2026 1545 2062 Nos
1582 2027 1675 2061 enim
1710 2027 1872 2062 volumus
1908 2026 2069 2062 obtinere
2103 2025 2198 2070 quod
2229 2030 2373 2060 nostrae

143 2149 299 2185 habeant
330 2153 395 2183 aut
425 2149 602 2184 sententia
631 2152 730 2184 stare
760 2153 834 2191 aut,
866 2149 899 2183 si
921 2154 1122 2185 retractare
1146 2150 1274 2190 velint,
1300 2150 1411 2195 prius
1433 2150 1582 2185 multam
1597 2152 1791 2195 praestare
1822 2153 1931 2194 atque
1954 2150 2006 2183 ita
2029 2149 2168 2184 veniam
2193 2148 2326 2184 habere
2349 2160 2373 2184 ιι

142 2194 302 2241 iudicato
325 2193 528 2229 discedendi
559 2197 596 2228 et
624 2193 673 2228 ad
696 2193 806 2228 alium
838 2193 989 2229 iudicem
1022 2194 1236 2235 accedendi,·
1267 2205 1346 2228 cum
1370 2195 1606 2240 maqistratus
1634 2195 1769 2235 nostri,
1802 2194 1835 2228 si
1866 2193 2009 2239 quidem
2042 2194 2264 2239 interpellati
2286 2194 2371 2236 sint,

142 2240 274 2274 multas
297 2239 451 2284 eoeiqant
473 2238 708 2283 efficiantque
731 2244 770 2273 ut
789 2238 835 2272 iis
858 2239 921 2282 qui
944 2250 1005 2274 eas
1029 2240 1193 2284 accipere
1216 2240 1307 2273 iussi
1328 2239 1401 2273 sint
1424 2240 1671 2274 restituantur.
1720 2240 1773 2273 Ac
1788 2239 1905 2273 sciant
1922 2239 1986 2283 qui
2006 2238 2143 2274 iudices
2167 2238 2318 2284 eliqunt,
2340 2239 2373 2273 si

144 2284 211 2319 hoc
236 2295 310 2318 non
334 2283 473 2329 eyerint
497 2294 562 2318 nec
578 2294 738 2328 poenam
762 2283 928 2328 stipulati
951 2284 1043 2325 sint,
1067 2283 1132 2318 sed
1154 2284 1324 2329 sufficere
1347 2283 1415 2318 sibi
1438 2283 1678 2318 iurisiurandi
1701 2283 1904 2319 cautionem
1922 2283 2151 2329 putaverint,
2177 2295 2220 2318 ac
2243 2283 2372 2319 deinde

144 2329 279 2365 iudices
302 2329 355 2364 ita
371 2328 473 2364 electi
491 2327 621 2362 damno
638 2339 701 2363 eos
721 2328 902 2373 afficiant,
925 2329 957 2362 si
978 2328 1118 2374 quidem
1140 2328 1184 2363 dc
1204 2328 1395 2369 industria,
1420 2328 1565 2363 domino
1586 2328 1652 2363 deo
1669 2339 1731 2363 eos
1753 2328 1907 2374 periurii
1922 2338 2083 2373 poenam
2105 2328 2258 2363 daturos
2282 2339 2370 2370 esse,

143 2374 200 2409 sin
224 2378 343 2409 autem
361 2384 433 2420 per
455 2373 673 2419 imperitiam
697 2373 735 2407 id
751 2374 861 2419 passi
882 2373 973 2415 sint,
997 2373 1090 2408 nihil
1113 2384 1175 2408 eos
1193 2377 1345 2419 praeter
1367 2373 1621 2408 iusiurandum
1645 2384 1721 2409 esse
1737 2374 1989 2420 profecturos.
2033 2372 2128 2408 Nam
2153 2384 2266 2418 neque
2284 2385 2371 2419 per-

143 2420 275 2455 iurium
307 2430 330 2454 a
362 2429 543 2464 quoquam
574 2418 744 2453 committi
775 2418 955 2460 volumus,
989 2430 1032 2453 ne
1059 2429 1103 2453 ue
1133 2429 1261 2453 rursus
1285 2418 1468 2464 Zitiqantes
1498 2418 1747 2453 detrimentum
1779 2429 1949 2463 maslaum
1973 2422 2131 2464 propter
2154 2418 2371 2465 imperitiam

143 2464 301 2500 iudicum
322 2468 471 2510 praeter
494 2462 730 2498 iurisiurandi
753 2462 964 2508 reliqionem
986 2474 1029 2498 su
1055 2464 1108 2499 ire
1158 2465 1299 2499 atimur.
1350 2463 1510 2498 Ceterum
1535 2464 1654 2498 omnia
1679 2474 1772 2509 quae
1782 2464 1892 2509 prius
1916 2463 1990 2498 sive
2014 2474 2063 2498 ex
2087 2464 2240 2509 antiqua
2265 2463 2370 2510 ἱερέε-

144 2510 279 2546 latione
309 2510 382 2544 sive
412 2521 435 2544 a
464 2509 567 2544 nobis
596 2508 639 2544 de
670 2508 994 2559 compi-emissariis
1017 2508 1127 2544 iudici
1151 2520 1193 2544 us
1217 2509 1271 2544 vec
1295 2509 1339 2544 dc
1362 2508 1510 2543 arbitris
1540 2510 1682 2544 sancita
1710 2514 1796 2544 sant
1824 2511 1991 2555 (excepta
2017 2512 2134 2544 tamen
2158 2509 2372 2545 necessitate

143 2554 394 2597 iurisiurandi)
417 2555 454 2589 in
475 2555 630 2600 propria
649 2553 822 2598 firmitate
842 2559 1080 2599 permaneant
1103 2564 1189 2590 neve
1212 2565 1261 2589 ex
1284 2553 1353 2589 hac
1377 2554 1454 2599 leqe
1477 2554 1553 2589 ullo
1577 2554 1683 2589 modo
1705 2554 1932 2590 innoventur.

278 2599 360 2634 XII.
410 2599 651 2645 Maqistratus
673 2610 756 2634 vero
781 2603 925 2634 nostros
950 2599 1112 2634 omnibus
1135 2599 1252 2634 modis
1275 2599 1540 2645 appellationes
1563 2600 1747 2645 suscipere
1770 2599 1972 2641 sancimus,
1997 2610 2112 2645 neque
2135 2599 2202 2634 ulli
2226 2600 2370 2635 onznino

144 2646 252 2681 licere
273 2645 313 2679 id
335 2645 469 2680 reicere
490 2648 638 2690 praeter
660 2644 776 2679 solam
796 2643 913 2679 sedem
935 2648 1018 2679 tuae
1038 2644 1280 2687 sublimitatis,
1312 2644 1371 2680 cai
1395 2643 1432 2679 id
1455 2644 1527 2679 iam
1546 2645 1691 2691 pridem
1715 2645 1954 2691 imperatores
1978 2644 2104 2690 larqiti
2126 2648 2211 2679 sunt
2234 2649 2371 2680 retrac-

145 2690 293 2727 tationis
317 2690 459 2726 auxilio
484 2690 633 2726 invicem
657 2689 876 2724 introducto.

279 2735 379 2770 XIII.
433 2734 683 2780 Unusquisque
707 2739 825 2781 autem
849 2734 979 2777 iudex,
1010 2734 1084 2770 sive
1106 2735 1357 2780 maqistratum
1381 2741 1487 2786 gerat
1516 2735 1590 2771 sive
1614 2735 1721 2770 aliter
1742 2735 1893 2777 iudicet,
1926 2735 2023 2781 leqes
2047 2739 2164 2771 servet
2187 2739 2224 2771 et
2244 2746 2369 2771 secun-

143 2781 227 2817 dum
247 2792 309 2817 eas
328 2781 539 2816 sententiam
554 2781 667 2826 serat,
692 2791 735 2814 ac
755 2780 809 2815 vet
830 2780 863 2814 si
882 2780 1077 2825 contiqerit
1100 2780 1137 2814 in
1158 2780 1276 2815 media
1301 2780 1361 2815 lite
1378 2780 1569 2814 iussionem
1593 2786 1756 2815 nostram
1780 2781 1835 2816 vel
1850 2792 1993 2816 sacram
2008 2781 2180 2826 formam,
2206 2781 2371 2827 quamvis

142 2826 372 2874 praqmatica
389 2826 447 2868 sit,
464 2825 523 2862 edi
536 2837 630 2872 quae
646 2825 743 2860 dicat
760 2824 828 2859 leoc
845 2824 902 2860 vel
917 2825 980 2859 illo
997 2824 1103 2860 modo
1123 2825 1218 2860 litem
1235 2825 1465 2860 decidendam
1482 2835 1569 2867 esse,
1591 2826 1702 2871 leqem
1718 2830 1902 2871 sequatur.
1939 2826 2016 2861 Nos
2032 2826 2124 2862 enim
2141 2825 2234 2875 illuct
2250 2826 2370 2863 valere

1335 2950 1354 2982 3
1379 2948 1582 2981 adiutorium
1605 2950 1639 2982 V
1658 2949 1670 2993 ΙΙ
1693 2952 1715 2984 4
1739 2950 1844 2982 additi
1869 2950 1977 2984 R1T¹
1995 2950 2007 2995 ΙΙ
2035 2952 2099 2992 his]
2126 2952 2173 2984 sic
2197 2952 2368 2984 licentiam

1290 2994 1341 3026 his
1366 2994 1417 3026 Ra
1446 2994 1457 3036 ΙΙ
1487 2996 1506 3027 5
1531 2994 1582 3025 usi
1608 2994 1657 3026 Τ1
1683 2995 1696 3037 ΙΙ
1727 2996 1981 3037 properantibus
2005 2996 2116 3030 R2T2
2146 2997 2158 3041 ss
2192 2999 2212 3031 6
2237 2997 2368 3038 eligunt

1290 3052 1347 3071 om.
1362 3039 1409 3071 R¹
1438 3038 1610 3080 eliguntur
1621 3039 1671 3071 R2
1689 3040 1700 3079 11
1718 3041 1797 3081 quia
1817 3041 1856 3081 si]
1883 3052 1970 3081 quae*
1993 3042 2101 3082 (quasi
2111 3042 2140 3082 ‘?)
2156 3043 2207 3074 T¹
2224 3042 2236 3086 ΙΙ
2257 3044 2274 3075 7
2300 3043 2366 3083 sed]

1288 3085 1315 3116 si
1336 3085 1367 3116 R
1392 3083 1404 3127 Η
1428 3084 1666 3116 cstimauerunt
1687 3085 1720 3117 V
1738 3086 2048 3118 examinauerintR
2072 3088 2216 3119 estimati
2241 3088 2367 3120 fuerint

191 2952 206 2984 1
229 2949 328 2993 εἴπερ
342 2948 469 2989 ΜΒΓς]
489 2949 588 2991 εἴπερ
604 2949 742 2991 ταύτην
758 2949 840 2981 LB⁶
856 2948 868 2992 ΙΙ
886 2945 1113 2991 βουληθεῖεν,
1133 2946 1220 2991 πρό-

143 2998 260 3038 τερον]
298 2994 442 3027 voluerit
472 2994 556 3027 alter
581 3006 599 3030 ς
626 2994 638 3038 ΙΙ
668 2996 687 3027 2
720 2995 964 3039 κεκριμμένων
990 2992 1037 3025 Lb
1064 2993 1076 3037 ΙΙ
1110 2994 1128 3026 3
1158 2990 1218 3038 ἐφ’

145 3039 254 3082 ἑτέρω
280 3040 310 3072 L
334 3039 346 3081 ΙΙ
372 3036 544 3081 δικαστήν
570 3040 627 3080 Μ]
658 3036 891 3083 δικαστήριον
916 3039 972 3074 Βς
1002 3035 1220 3082 δικαστηρίω

146 3085 176 3118 L
195 3086 207 3128 ss
224 3085 244 3117 6
268 3081 422 3117 εἰδότων
444 3082 525 3117 τοὺς
541 3083 764 3137 αἱρουμένων
784 3082 953 3116 δικαστὰς
966 3083 1018 3115 ΒῙ
1035 3084 1046 3123 ΙΙ
1064 3085 1082 3116 8
1105 3083 1222 3117 αὐτοῖς

146 3131 223 3162 libri
238 3129 250 3173 ΙΙ
267 3131 287 3163 9
301 3128 337 3162 οἱ
351 3124 475 3170 οὕτως]
499 3129 529 3161 εἰ
545 3140 659 3162 ουτως
672 3130 718 3162 L²
738 3130 749 3171 ΙΙ
769 3131 807 3162 10
832 3126 995 3169 ἐπίτηδες
1010 3129 1060 3161 Bc
1079 3129 1090 3170 ΙΙ
1109 3130 1148 3161 12
1162 3125 1220 3161 οὐ-

145 3172 185 3207 δὲ
206 3175 235 3207 L
253 3174 265 3217 ΙΙ
285 3176 325 3208 13
350 3171 433 3206 οὔτε
455 3174 536 3219 γὰρ]
563 3174 642 3215 quia
665 3184 772 3215 neque
798 3186 816 3209 ς
832 3174 844 3216 ΙΙ
865 3175 906 3206 14
928 3172 1100 3219 γίνεσθαι
1120 3171 1219 3218 παρά

144 3230 243 3253 τινος
267 3220 297 3252 L
314 3221 326 3262 ΙΙ
348 3220 387 3253 16
412 3216 604 3260 δικαστῶν]
629 3219 850 3251 iudicantium
876 3231 894 3254 ς
911 3218 923 3261 ss
943 3220 983 3251 19
1009 3220 1221 3260 compromis-

145 3265 265 3297 sariam
290 3266 344 3307 (ch
371 3277 389 3300 ς
414 3261 472 3296 ΒΣ
498 3265 560 3297 Iul.
582 3277 607 3296 c.
623 3266 713 3306 294ss
746 3265 970 3297 comissartwv
994 3263 1039 3296 M
1067 3260 1220 3309 διαγνω-

144 3307 272 3352 μόνων
285 3310 321 3342 Β
346 3306 547 3347 διατάξεων
569 3309 697 3352 μόνων
711 3310 742 3342 L
761 3310 772 3350 {l
790 3311 831 3343 20
844 3309 906 3350 τῆς
927 3310 1020 3352 περὶ]
1040 3309 1118 3341 τῶν
1139 3312 1221 3354 περὶ

146 3355 207 3397 τῆς
220 3356 407 3388 Zachariae
426 3355 437 3397 ΙΙ
454 3355 495 3388 25
521 3351 676 3396 πλὴνᾱ-
697 3355 738 3388 26
748 3352 940 3407 ῥπεροχῆς]
966 3356 1095 3397 praeter
1118 3355 1220 3387 solam

145 3403 235 3432 tuam
255 3400 465 3433 eminentiam
480 3412 498 3435 ς
516 3399 527 3442 ΙΙ
547 3401 588 3433 26
602 3398 719 3441 ᾧτινι]
734 3398 823 3432 ὠΒΓ
836 3403 846 3441 ΙΙ
863 3400 904 3433 28
918 3409 1106 3445 αντειςαγα
1131 3400 1221 3433 οὖσα

145 3446 176 3478 L
194 3445 206 3488 ΙΙ
224 3447 265 3480 29
281 3448 362 3491 περὶ
382 3445 445 3478 τοῦ
459 3445 587 3489 χρῆναι
604 3444 686 3478 τοὺς
706 3442 876 3477 δικαστὰς
889 3443 982 3477 κατὰ
998 3443 1079 3477 τοὺς
1113 3442 1219 3491 γγρά-

146 3501 230 3534 φους
246 3490 374 3534 νόμους
390 3491 575 3535 ἐκφαίνειν
591 3491 748 3535 (εοίφενιν
763 3491 846 3531 cod.)
866 3488 928 3522 τὰς
945 3486 1043 3522 δίκας
1060 3491 1166 3524 adnot.
1181 3505 1219 3524 m.

145 3548 206 3568 rec.
221 3538 253 3569 in
265 3550 366 3579 τηαν-9.
379 3537 421 3568 Μ
433 3538 445 3579 ΙΙ
464 3532 575 3580 ἀρχὴν
591 3536 684 3577 ἔχων
695 3536 818 3575 ΜΒῦς]
838 3530 951 3579 ἀρχὴν
966 3533 1088 3578 ἄρχων
1102 3536 1133 3569 L
1158 3533 1220 3582 ἅρ-

145 3592 221 3621 χων
235 3581 286 3614 B!
298 3582 309 3622 ΙΙ
330 3583 371 3615 32
392 3582 431 3614 ἐν
450 3583 548 3624 μέσῳ
563 3601 604 3605 -
618 3582 661 3614 33
676 3578 790 3626 λέγων
807 3583 924 3613 omissa
938 3582 1015 3613 add.
1031 3582 1063 3613 in
1078 3584 1221 3625 maryine

146 3625 196 3658 B⁶
213 3625 225 3669 ΙΙ
248 3625 345 3660 θεῖος
368 3627 479 3660 τύπος
503 3627 538 3660 Β
562 3626 574 3671 ΙΙ
599 3627 641 3660 33
668 3626 838 3671 φοιτῆσαι
861 3623 1011 3671 λέγοντα
1032 3626 1221 3661 Zachariae

146 3682 184 3703 ea·
204 3672 233 3711 ς]
258 3671 430 3716 φοιτήσας
453 3668 576 3714 (τύπος
600 3674 676 3706 add.
695 3671 760 3714 Bt)
784 3670 899 3717 λέγων
925 3672 1002 3704 libri
1027 3669 1040 3715 ΙΙ
1068 3669 1220 3705 τοιῶσδε

143 3715 271 3760 χρῆναι
294 3716 361 3760 τὴν
382 3714 484 3760 δίκην
507 3720 639 3762 τεμεῖν]
664 3717 762 3751 aliter
779 3717 834 3759 agi
856 3716 965 3760 ςΙ134
990 3717 1102 3750 ἐκεῖνο
1128 3731 1185 3751 om.
1201 3730 1220 3754 ς

1291 3130 1339 3162 Τ1
1368 3129 1379 3172 Η
1407 3131 1425 3162 8
1451 3132 1501 3169 ex]
1528 3130 1607 3161 haec
1629 3130 1659 3160 V
1678 3129 1689 3172 ΙΙ
1718 3132 1754 3162 11
1784 3130 1813 3162 ei
1840 3131 1887 3162 T¹
1916 3130 1927 3173 ΙΙ
1956 3132 1996 3165 12
2020 3131 2104 3172 fieri]
2139 3132 2217 3164 hinc
2242 3132 2315 3164 fieri
2340 3133 2373 3166 T

1288 3174 1365 3206 ius?
1390 3174 1460 3206 fieri
1485 3174 1534 3206 [ἐι
1569 3174 1670 3205 inferi
1693 3174 1743 3206 122
1778 3174 1790 3215 ΙΙ
1829 3176 1869 3208 14
1894 3175 2042 3208 iudicum
2062 3177 2094 3208 R
2127 3177 2138 3218 ΙΙ
2177 3177 2365 3210 iusiurandi

1292 3221 1323 3252 T
1332 3221 1340 3239 ¹
1365 3220 1376 3262 ΙΙ
1404 3222 1443 3253 15
1469 3222 1556 3259 ante]
1583 3222 1692 3251 autem
1718 3218 1820 3262 RV„
1846 3221 2065 3253 sanetiuimus
2086 3221 2146 3266 Vn
2176 3224 2213 3255 17
2240 3223 2275 3254 in
2301 3223 2363 3255 del.

1289 3265 1543 3308 R³11arbitrius
1564 3264 1612 3297 171
1641 3264 1790 3296 arbitriis
1814 3265 1862 3297 V²
1883 3266 1895 3308 ΙΙ
1929 3267 1968 3299 18
1992 3269 2122 3298 tantum
2150 3267 2182 3299 T
2190 3267 2200 3286 ¹
2227 3267 2238 3309 ΙΙ
2261 3278 2366 3299 rema-

1289 3310 1445 3343 nentibus
1460 3311 1490 3342 R
1506 3309 1517 3353 ΙΙ
1539 3311 1579 3343 19
1598 3319 1636 3341 ex
1654 3310 1715 3341 hoc
1738 3310 1791 3352 Vll
1812 3310 1853 3341 23
1864 3312 1951 3343 rubr.
1971 3311 2020 3343 De
2033 3311 2313 3354 appellationibus
2335 3314 2367 3345 et

1290 3354 1700 3396 retractationibusqu.
1732 3355 1780 3386 De
1801 3355 2097 3396 prouocationibus
2112 3359 2144 3388 et
2157 3358 2365 3391 retractatio·
2397 3368 2402 3373 ·

1289 3401 1386 3433 nibus
1412 3401 1444 3433 T
1453 3413 1514 3442 my.
1528 3401 1580 3440 (ex
1593 3399 1669 3440 Iul.)
1685 3399 1696 3442 ΙΙ
1725 3401 1766 3432 25
1792 3400 1894 3432 solam
1919 3403 2022 3441 tuam]
2056 3404 2146 3433 tuam
2167 3402 2277 3445 (etiam
2303 3403 2365 3445 13¹)

1289 3446 1392 3479 solam
1405 3446 1437 3478 R
1455 3445 1466 3488 ΙΙ
1485 3446 1527 3478 26
1544 3444 1703 3476 inducens
1725 3444 1779 3488 Vll
1799 3446 1840 3478 29
1856 3448 1941 3478 rubr.
1968 3447 2016 3478 De
2038 3446 2176 3479 diuersis
2196 3447 2365 3490 rescriptis

1290 3495 1322 3524 et
1345 3489 1639 3534 prouocationibus
1663 3490 1802 3534 Rqu.
1821 3491 1872 3532 (ex
1885 3491 1960 3532 Iul.)
1979 3491 1990 3534 ΙΙ
2014 3492 2055 3525 31
2082 3494 2115 3523 et
2137 3492 2165 3524 si
2189 3492 2245 3525 uel
2270 3493 2307 3535 V,
2333 3495 2365 3526 et

1290 3538 1350 3569 del.
1372 3535 1422 3568 132
1449 3535 1461 3578 ΙΙ
1492 3535 1534 3567 32
1558 3535 1586 3566 si
1610 3537 1747 3576 sacram]
1784 3536 1820 3566 in
1844 3546 1969 3568 sacram
1996 3537 2028 3569 T
2036 3537 2047 3556 ¹
2076 3536 2087 3579 ΙΙ
2115 3538 2363 3582 pragmaticam]

1289 3592 1413 3615 sacram
1437 3579 1674 3623 pragmaticam
1699 3580 1733 3612 R
1751 3581 1764 3623 ss
1779 3581 1822 3613 34
1845 3581 1918 3621 lege
1940 3581 1972 3615 V
1984 3580 1996 3625 Η
2013 3585 2164 3615 nostrum
2183 3583 2232 3617 V¹
