2586 3990
137 143 196 174 AB
225 142 473 176 INTES'I'ATO
502 142 802 176 VENIENTIBUS

133 243 267 287 μητρὸς
296 239 483 284 ἀνιόντας,
516 238 756 284 ὁσουςδήποτε
787 240 835 276 ἂν
867 239 997 276 αὐτοὺς
1027 239 1225 287 εὑρεθῆναι

135 292 304 332 συμβαίη.
351 289 382 321 εἰ
406 286 445 321 δὲ
468 287 560 331 μετὰ
584 289 661 321 τῶν
679 284 865 322 ἀνιόντων
889 285 1096 332 εὑρεθῶσιν
1122 284 1225 320 ἀδελ-

136 337 196 378 φοὶ
222 332 244 376 ἢ
270 331 422 379 ἀδελφαὶ
446 332 485 372 ἐξ
509 333 690 377 ἑκατέρων
714 336 854 379 γονέων
878 332 1147 377 συναπτόμενοι
1170 332 1224 374 τῷ

134 376 405 421 τελευτήσαντι,
429 377 521 422 μετὰ
545 379 623 411 τῶν
640 379 841 424 ἐγγυτέρων
866 378 918 421 τῷ
934 378 1075 422 βαθμῷ
1102 375 1226 412 ἀνιόν-

135 437 212 457 των
236 420 497 466 κληθήσονται,
523 423 553 455 εἰ
570 426 630 456 καὶ
646 423 769 467 πατὴρ
794 422 816 466 ἢ
833 420 950 469 μήτηρ
975 423 1109 467 εἴησαν,
1135 420 1225 456 διαι-

136 472 305 513 ρουμένης
326 468 374 502 εἰς
391 465 518 501 αὐτοὺς
543 466 680 512 δηλαδὴ
704 471 766 511 τῆς
791 468 1025 514 κληρονομίας
1050 469 1143 502 κατὰ
1159 467 1228 502 τὸν

135 515 214 547 τῶν
238 510 442 548 ποοςώπων
466 510 638 558 ἀριθμόν,
671 514 730 547 ἵνα
761 517 821 547 καὶ
848 515 926 548 τῶν
950 511 1137 547 ἀνιόντων
1167 515 1227 547 καὶ

135 560 213 592 τῶν
235 548 404 603 ἀδελφῶν
435 560 582 592 ἕκαστος
614 559 697 602 ἴσην
721 560 835 601 ἔχοιεν
863 562 1003 603 μοῖραν.
1051 557 1239 603 οὐδεμίανΓ

136 605 261 646 χρῆσιν
285 604 324 636 ἐκ
346 614 409 646 της
433 605 510 638 τῶν
534 603 624 638 υἱῶν
649 603 672 647 ἢ
696 604 914 659 θυγατέρων
937 607 1062 659 μοίρας
1086 606 1125 637 ἐν
1142 603 1222 638 τού-

1212 126 1297 174 569

1939 130 2047 173 Nov.
2081 128 2258 173 CXVIII
2287 131 2326 172 2.
2356 131 2380 171 3

1295 240 1546 283 ascendentes,
1579 242 1886 286 quantoscumque
1919 250 1981 276 eos
2013 240 2161 276 inveniri
2184 239 2381 285 contigerit.

1296 285 1333 321 Si
1365 296 1448 322 vero
1484 296 1565 321 cum
1598 285 1875 321 ascendentibus
1907 286 2133 321 inveniantur
2159 285 2290 321 fratres
2320 288 2383 320 aut

1296 341 1437 366 sorores
1469 341 1513 366 ex
1547 331 1708 375 utrisque
1742 331 1953 374 parentibus
1989 331 2171 366 coniuncti
2201 331 2383 374 defuncto,

1297 387 1377 411 cum
1402 376 1571 421 proximis
1595 376 1708 420 gradu
1732 375 2008 411 ascendentibus
2031 377 2268 418 vocabuntur,
2293 376 2325 411 si
2349 379 2384 411 et

1264 424 1282 456 5
1297 425 1399 467 pater
1423 425 1485 456 aut
1509 423 1624 456 mater
1646 420 1797 463 fuerint,
1830 420 2019 456 dividenda
2048 421 2143 456 inter
2167 431 2227 456 eos
2252 421 2383 466 quippe

1296 467 1494 502 hereditate
1524 466 1720 502 secundum
1750 475 1986 510 personarum
2023 477 2226 509 numerum,
2262 466 2316 501 uti
2347 468 2385 501 et

1297 512 1566 547 ascendentium
1600 515 1635 546 et
1666 512 1818 546 fratrum
1851 511 1978 555 singuli
2011 511 2195 555 aequalem
2226 511 2384 546 habeant

1293 558 1504 602 portionem.
1552 557 1700 592 Nullum
1732 566 1837 591 usum
1872 566 1916 591 ex
1948 557 2101 591 filiorum
2136 559 2199 591 aut
2229 556 2384 591 filiarum

1293 603 1460 647 portione
1482 602 1520 637 in
1544 602 1612 637 hoc
1638 612 1724 637 casu
1747 601 1888 636 valente
1920 607 2023 645 patre
2048 601 2116 636 sibi
2140 601 2282 646 penitus
2308 601 2383 636 vin·

135 661 189 691 τῳ
221 649 274 690 τῷ
300 649 438 691 θέματι
469 647 668 703 δυναμεζνου
698 652 762 683 τοῦ
787 660 923 695 πατρος
947 650 1065 691 εαυτῷ
1091 661 1223 683 παντε-
1241 651 1280 682 10
1295 648 1424 689 dicare,
1458 647 1627 692 quoniam
1662 657 1728 691 pro
1760 646 1831 681 hac
1863 657 1949 682 usus
1980 647 2145 691 portione
2176 646 2384 681 hereditatis

137 691 205 726 λιῦς
229 691 393 734 ἐκδικεῖν,
427 692 550 737 ἐπειδὴ
584 697 668 728 αντὶ
692 693 823 737 ταύτης
854 694 917 737 τῆς
939 691 1097 739 χρήσεως
1122 697 1225 739 μέρος

137 735 236 781 αὐτῷ
270 740 330 781 τῆς
361 737 596 784 κληρονομίας
627 743 687 773 καὶ
716 740 809 774 κατὰ
843 737 1053 774 δεσποτείας
1086 737 1227 772 δίκαιον

137 781 198 816 διὰ
234 784 299 818 τοῦ
332 785 512 828 παρόντος
548 782 757 827 δεδώκαμεν
790 785 911 829 νόμου.
961 781 1129 828 οὐδεμιᾶς
1162 798 1226 829 φυ-

136 827 355 873 λαττομένης
380 828 555 884 διαφορᾷς
577 830 712 874 μεταξὺ
742 831 819 864 τῶν
844 830 1049 875 προςεὸπων
1072 828 1226 870 τούτων,

1294 694 1350 728 ius
1376 696 1412 727 et
1436 692 1632 728 secundum
1663 692 1920 737 proprietatem
1954 702 2018 736 per
2040 694 2263 736 praesentem
2287 691 2383 726 dedi-

1295 749 1372 773 mus
1397 739 1519 783 legem.
1568 737 1782 773 Differentia
1810 736 1910 772 nulla
1942 737 2116 772 servanda
2145 736 2238 771 inter
2260 746 2384 781 perso-

1296 793 1360 819 nas
1385 783 1490 826 istas,
1525 782 1598 818 sive
1630 782 1783 818 feminae
1815 791 1879 817 seu
1902 782 2053 817 masculi
2084 782 2218 816 fuerint
2250 781 2309 825 qui
2340 781 2385 815 ad

1296 829 1533 864 hereditatem
1565 832 1750 870 vocantur,
1782 832 1818 863 et
1850 827 1923 863 sive
1954 837 2018 872 per
2050 827 2201 862 masculi
2233 836 2297 862 seu
2321 836 2387 871 per

136 874 206 907 εἴτε
230 873 378 918 θήλειαι
409 876 479 910 εἴτε
504 887 648 921 αρρενες
680 875 804 928 εἴησαν
835 875 871 910 οἱ
894 875 984 920 πρὸς
1012 874 1082 918 τὴν
1106 874 1227 919 κληρο-
1246 877 1284 909 15
1297 873 1450 910 feminae
1472 883 1662 920 personam
1686 874 1914 918 copulantur,
1939 877 1976 908 et
1994 872 2067 908 sive
2087 882 2174 909 suae
2196 872 2386 918 potestatis

136 923 268 963 νομίαν
302 918 533 964 καλούμενοι,
569 924 629 955 καὶ
661 922 731 954 εὶτε
767 918 818 954 δι’
852 919 1000 966 ἄρρενος
1038 918 1061 963 ἢ
1096 918 1227 963 θήλεος

137 963 341 1011 προςώπουυ
353 965 613 1008 συνάπτονται,
637 969 697 999 καὶ
721 965 791 1000 εἴτε
812 963 1039 1007 αὖτεξούσιος
1063 965 1134 999 εἴτε
1158 964 1225 1000 ὑπ-

137 1007 294 1050 εξούσιος
318 1014 363 1054 ήν
380 1008 424 1045 ὂν
442 1009 682 1054 διαδέχονται.

204 1052 428 1090 τΥπόλοιπόν
459 1058 560 1091 ἐστιν
591 1057 652 1091 ἵνα
687 1059 747 1089 καὶ
782 1055 851 1099 τὴν
886 1059 1012 1101 τρίτην
1043 1054 1226 1101 ὁρίσωμεν

1295 929 1358 956 seu
1382 920 1450 956 sub
1475 921 1655 965 potestate
1678 919 1787 955 fuerit
1811 918 1870 955 cui
1893 918 2102 955 succedunt.

1347 1054 1538 1099 Reliquum
1561 1057 1615 1090 est
1638 1054 1679 1089 ut
1701 1054 1845 1089 tertium
1870 1053 2032 1090 ordinem
2057 1054 2301 1096 decernamus,
2327 1053 2388 1099 qui

136 1099 253 1143 τάξιν,
279 1098 355 1144 ἥτις
377 1103 414 1135 ἐκ
435 1101 586 1147 πλαγίου
611 1100 771 1135 καλεῖται
796 1104 855 1134 καὶ
879 1102 927 1135 εἰς
950 1102 1142 1153 adgnatove
1165 1103 1225 1133 καὶ
1239 1102 1280 1135 20
1294 1104 1443 1135 vocatur
1476 1110 1519 1135 ex
1545 1101 1656 1135 latere
1689 1103 1724 1134 et
1755 1099 1791 1134 in
1816 1103 1965 1143 agnatos
1994 1103 2238 1145 cognatosque
2262 1099 2385 1135 dividi-

138 1150 327 1190 cognatovs
350 1145 556 1192 διαιρεῖται,
588 1147 648 1181 ἵνα
671 1150 731 1180 καὶ
754 1145 886 1180 τούτου
909 1159 974 1180 του
996 1150 1123 1192 μέρους
1147 1143 1224 1179 δια-

136 1192 375 1227 τυπωθέντος
399 1192 640 1235 πανταχόθεν
666 1189 687 1225 ὁ
712 1191 823 1235 νόμος
846 1190 977 1226 τέλειος
1001 1190 1177 1238 εὑρεθείη.

1293 1148 1363 1198 tur,
1395 1149 1449 1225 utt
1460 1147 1496 1181 et
1519 1146 1587 1181 hac
1611 1148 1715 1191 parte
1746 1145 1922 1190 disposita
1952 1145 2109 1190 undiquc
2137 1146 2298 1190 perfecta
2329 1145 2387 1180 lex

1293 1200 1432 1226 mvema
1451 1200 1504 1226 ur.

1140 1303 1299 1339 CAPUT
1323 1303 1388 1339 ΙΙΙ.

184 1372 229 1405 Εἰ
249 1375 374 1407 τοίνυν
393 1370 412 1406 ὁ
435 1371 646 1414 τελευτήσας
668 1371 758 1416 μήτε
779 1371 972 1405 κατιόντας
995 1369 1087 1415 μήτε
1106 1368 1227 1406 ἀνιόν-

138 1429 201 1451 τας
225 1416 450 1463 καταλείψει,
483 1416 647 1462 πρώτους
679 1418 769 1463 πρός
802 1417 870 1451 τ“ν
903 1416 1144 1462 κληρονομίαν
1168 1430 1228 1450 κα-

138 1462 270 1506 λοῦμεν
301 1464 384 1497 τοὺς
416 1460 591 1508 ἀδελφοὺς
621 1466 681 1496 καὶ
711 1463 775 1496 τὰς
800 1431 846 1496 οἶδ

140 1505 250 1541 αὐτοῦ
276 1509 412 1554 πατρὸς
444 1512 504 1542 καὶ
536 1509 599 1551 τῆς
624 1506 733 1551 αὐτῆς
762 1508 897 1553 μητρὸς
923 1508 1137 1550 τεχθέντας,
1170 1505 1230 1541 οὓς

138 1557 198 1586 καὶ
221 1552 314 1598 μετὰ
344 1555 421 1588 τῶν
445 1557 618 1600 πατέρων
642 1553 731 1598 πρὸς
754 1554 823 1597 τὴν
847 1552 1088 1599 κληρονομίαν
1113 1553 1229 1586 ἐκαλέ-

139 1611 262 1642 σαμεν.
311 1598 454 1633 τούτων
471 1598 510 1632 δὲ
525 1599 573 1643 μὴ
591 1597 768 1633 ὑπόντων
792 1601 832 1632 ἐν
849 1597 996 1643 δευτέρᾳ
1017 1596 1118 1639 τάξει
1143 1600 1229 1632 ἑκεί-

138 1655 220 1677 νους
251 1644 333 1678 τοὺς
357 1641 532 1690 ἀδελφοὺς
564 1645 654 1689 πρὸς
684 1645 753 1687 τὴν
776 1644 1018 1691 κληρονομίαν
1041 1643 1231 1688 καλοῦμεν,

1366 1371 1404 1407 Si
1442 1371 1550 1416 igitur
1589 1356 1783 1407 defunctus
1822 1380 1938 1415 neque
1978 1370 2235 1408 descendentes
2273 1382 2389 1417 neque

1299 1416 1533 1452 ascendentes
1558 1417 1756 1461 reliquerit,
1781 1417 1933 1462 primum
1957 1417 2002 1451 ad
2026 1417 2258 1453 hereditatem
2282 1428 2388 1453 voca-

848 1461 955 1508 ελφὰς
989 1463 1072 1497 τοὺς
1104 1464 1141 1496 ἐκ
1164 1463 1227 1496 τοῦ
1243 1465 1284 1497 25
1299 1473 1376 1497 mus
1402 1462 1531 1498 fratres
1556 1465 1592 1497 et
1616 1472 1759 1498 sorores
1791 1472 1835 1497 ex
1859 1463 1982 1498 eodem
2007 1466 2110 1507 patre
2138 1466 2173 1498 et
2197 1473 2241 1499 ex
2265 1464 2389 1499 eadem

1298 1510 1412 1543 matre
1436 1511 1557 1550 natos,
1591 1518 1681 1553 quos
1707 1508 1814 1542 etiam
1840 1518 1920 1543 cum
1945 1508 2107 1552 patribus
2139 1508 2185 1543 ad
2210 1509 2388 1544 heredita·

1299 1558 1370 1588 tem
1402 1553 1615 1589 vocavimus.
1663 1552 1728 1588 His
1753 1556 1872 1588 autem
1903 1564 1975 1588 non
2007 1553 2242 1589 existentibus
2272 1554 2309 1589 in
2333 1564 2388 1589 se-

1302 1599 1418 1634 cundo
1450 1599 1575 1634 ordine
1604 1598 1683 1633 illos
1716 1599 1847 1634 fratres
1881 1599 1928 1634 ad
1953 1598 2188 1634 hereditatem
2219 1609 2389 1634 vocamus

1301 1644 1361 1689 qui
1385 1654 1429 1679 ex
1452 1654 1523 1680 uno
1544 1648 1694 1689 parente
1717 1644 1899 1679 coniuncti
1924 1647 2007 1679 sunt
2026 1644 2208 1686 defuncto,
2233 1644 2306 1679 sive
2327 1654 2391 1689 per

138 1690 266 1723 οἵτινες
291 1689 329 1729 ἐξ
352 1690 431 1723 ἑνος
454 1692 587 1736 γονέως
611 1701 863 1723 συναπτονται
888 1691 940 1732 τῷ
963 1687 1230 1732 τελευτήσαντι,
1245 1691 1286 1724 30
1301 1694 1440 1735 patrem
1473 1689 1587 1725 Solum
1619 1699 1683 1725 seu
1717 1699 1780 1734 per
1803 1692 1963 1724 matrem.
2012 1689 2050 1724 Si
2073 1693 2194 1724 autem
2219 1689 2389 1725 defuncto

139 1734 208 1767 εἴτε
234 1732 292 1768 διὰ
315 1736 379 1768 τοῦ
406 1735 543 1780 πατρὸς
566 1735 681 1778 μόνου
706 1735 776 1768 εἴτε
801 1733 861 1768 διὰ
883 1736 946 1778 τῆς
962 1734 1104 1779 μητρός.
1142 1736 1172 1768 εἰ
1194 1733 1232 1768 δὲ

138 1781 191 1822 τῷ
218 1779 473 1822 τελευτήσαντι
506 1777 653 1825 ἀδελφοὶ
686 1778 864 1823 ὑπείησαν
894 1783 954 1813 καὶ
979 1780 1100 1826 ἑτέρου
1131 1777 1231 1814 άδελ-

140 1826 209 1869 φοῦ
236 1823 257 1866 ἢ
283 1823 438 1871 ἀδελφῆς
463 1824 831 1871 προτελευτηςάντων
856 1823 997 1865 παῖδες,
1026 1824 1231 1869 κληθήσον-

141 1884 199 1903 ται
217 1870 306 1914 πρὸς
322 1871 390 1913 τήν
408 1869 648 1915 κληρονομίαν
666 1869 766 1904 οὗτοι
782 1871 875 1914 μετα
892 1871 969 1904 τῶν
986 1871 1077 1916 πρὸς
1093 1871 1232 1916 πατρὸς

1301 1736 1432 1770 fratres
1462 1735 1597 1770 fuerint
1625 1738 1661 1770 et
1692 1735 1837 1770 alterius
1870 1735 1993 1770 fratris
2027 1738 2090 1770 aut
2119 1735 2253 1771 sororis
2285 1745 2389 1780 prae-

1300 1783 1524 1816 mortuorum
1548 1780 1628 1823 filii,
1654 1781 1879 1816 vocabuntur
1903 1781 1947 1815 ad
1969 1780 2203 1816 hereditatem
2225 1780 2286 1816 isti
2310 1791 2390 1815 cum

1301 1827 1345 1861 de
1361 1831 1465 1870 patre
1485 1830 1520 1861 et
1535 1828 1649 1861 matre
1670 1826 1754 1861 thiis
1778 1826 1949 1861 masculis
1966 1829 2003 1860 et
2019 1825 2172 1869 feminis,
2197 1829 2233 1861 et
2250 1827 2390 1870 quanti-

1302 1881 1455 1916 cumque
1478 1870 1622 1914 fuerint,
1647 1875 1785 1906 tantam
1809 1881 1852 1906 ex
1877 1871 2074 1906 hereditate
2092 1871 2292 1916 portionem
2311 1881 2390 1916 per-

139 1918 199 1948 καὶ
224 1916 313 1960 πρὸς
335 1917 618 1969 μηῖροςνθείων,
645 1914 809 1961 ἀρρένων
833 1930 872 1950 τε
893 1919 951 1949 καὶ
971 1915 1145 1958 θηλειῶν,
1170 1919 1231 1951 καὶ
1246 1918 1287 1951 35
1303 1917 1450 1962 cipient,
1486 1921 1656 1962 quantam
1685 1926 1807 1953 eorum
1838 1926 1970 1962 parens
2002 1917 2146 1952 futurus
2176 1920 2272 1953 esset
2295 1916 2391 1952 acci-

140 1957 357 2003 ὁσοιδήποτε
382 1975 428 1995 αν
453 1963 539 2003 (ὦσι,
565 1963 741 1995 τοσοῦτον
766 1963 804 1994 ἐκ
827 1962 888 2004 τῆς
912 1959 1146 2007 κληρονομίας
1171 1961 1228 2005 λή-

142 2018 274 2051 ψονται
297 2010 400 2052 μέρος
425 2002 513 2040 ὅσον
538 2003 556 2040 ὁ
584 2003 707 2040 αὐτῶν
731 2006 854 2052 γονεὺς
877 2005 1006 2050 ἤμελλε
1031 2006 1231 2051 λαμβάνειν

143 2095 235 2131 terni
268 2095 513 2137 ascendentes,
550 2101 789 2141 quotcumque
822 2097 925 2141 forte
961 2096 1096 2131 inventi
1127 2097 1209 2130 sint.
1260 2094 1301 2130 Si
1333 2098 1452 2131 autem
1484 2106 1563 2131 cum
1596 2097 1870 2132 ascendentibus
1901 2096 2132 2131 inveniantur
2163 2097 2306 2142 fratres
2337 2097 2393 2133 vel

141 2151 286 2176 sorores
317 2140 492 2185 defuncto
522 2151 595 2186 per
628 2145 820 2186 utrumque
849 2145 1042 2186 parentem
1074 2141 1275 2182 coniuncti,
1313 2150 1392 2174 cum
1422 2141 1661 2186 propioribus
1693 2141 1815 2187 qradu
1848 2141 2122 2176 ascendentibus
2154 2141 2391 2184 vocabuntur,

142 2186 283 2221 etiamsi
306 2190 418 2232 pater
449 2189 513 2220 aut
536 2190 652 2220 mater
675 2186 768 2226 sint,·
803 2184 1001 2220 hereditate
1024 2185 1162 2219 scilicet
1192 2186 1286 2219 inter
1316 2195 1378 2220 eos
1404 2195 1477 2230 pro
1503 2196 1653 2221 numero
1673 2196 1919 2232 personarum
1945 2186 2150 2228 dividenda,
2179 2190 2222 2221 ut
2246 2190 2318 2221 tam
2342 2197 2392 2222 ex

143 2231 417 2266 ascendentibus
441 2242 549 2276 quam
574 2242 623 2266 ecc
645 2230 830 2276 fratribus
854 2230 1041 2282 aequalem
1066 2230 1218 2275 quisque
1241 2234 1383 2275 partem
1408 2229 1550 2265 babeat.
1595 2230 1693 2266 Neve
1717 2231 1828 2266 ullum
1861 2231 2128 2276 usumfructum
2160 2241 2210 2267 εα-
2229 2231 2391 2276 filiorum

143 2280 207 2311 aut
227 2276 389 2321 siliarum
414 2276 588 2322 portione
612 2276 650 2310 in
675 2275 743 2310 hoc
769 2286 854 2310 casu
878 2276 947 2310 sabi
973 2275 1118 2310 onznino
1144 2275 1328 2310 vindicare
1346 2275 1453 2320 patri
1475 2275 1599 2317 liceat,
1633 2276 1805 2321 quoniam
1863 2286 1905 2311 νο
1930 2274 2000 2311 hoc
2023 2277 2221 2320 usufructu
2249 2281 2392 2322 partem

144 2322 176 2356 ei
201 2321 411 2356 hereditatis
434 2322 515 2367 ipso
540 2321 691 2355 dominii
721 2322 800 2356 iure
830 2331 898 2365 per
920 2324 1147 2366 praesentem
1179 2320 1292 2355 lesem
1317 2319 1490 2355 dedimus.
1539 2319 1636 2356 Neve
1668 2320 1743 2356 ulla
1768 2286 1975 2366 diffgrentia
2006 2320 2101 2356 inter
2124 2320 2192 2356 lias
2213 2331 2393 2367 personas

145 2366 364 2409 observetur,
395 2371 516 2401 utrum
539 2367 699 2411 feminae
723 2377 771 2400 an
796 2366 948 2401 masculi
978 2365 1051 2399 sint
1082 2365 1145 2410 qui
1169 2376 1191 2400 a
1241 2364 1473 2400 nereditatem
1503 2370 1692 2408 vocantur,
1725 2369 1761 2401 et
1783 2370 1905 2401 utrum
1933 2376 2007 2412 per
2029 2365 2228 2401 masculum
2253 2377 2302 2401 an
2322 2377 2393 2414 per

144 2412 320 2456 seminam
345 2412 627 2456 coniunqantur‚
660 2415 695 2446 et
719 2415 839 2446 utrum
863 2411 924 2445 sui
944 2411 1036 2445 iuris
1060 2421 1107 2444 an
1131 2411 1169 2444 in
1186 2413 1372 2456 potestate
1394 2410 1513 2454 fuerit
1535 2410 1567 2445 is
1591 2411 1650 2445 cui
1672 2410 1880 2446 succedunt.

280 2456 473 2501 Reliquum
493 2460 546 2491 est
570 2460 610 2490 ut
631 2457 772 2491 tertium
798 2466 942 2501 quoque
967 2455 1129 2490 ordinem
1153 2455 1377 2500 definiamus,
1403 2455 1466 2500 qui
1483 2454 1662 2491 exlatere
1686 2455 1896 2502 appellatur
1919 2459 1955 2491 et
1978 2455 2016 2490 in
2033 2459 2190 2501 aquatos
2205 2458 2241 2491 et
2257 2465 2391 2502 coqua-

147 2506 201 2538 tos
225 2501 410 2543 dividitur,
435 2505 476 2536 ut
499 2500 568 2536 bac
592 2512 737 2546 quoque
758 2506 867 2547 parte
890 2500 1040 2545 delinita
1066 2500 1128 2536 lex
1150 2500 1309 2546 undique
1330 2500 1500 2546 perfecta
1524 2505 1715 2546 appareat.

282 2546 347 2580 III.
397 2546 439 2580 Si
462 2547 577 2591 iqitur
609 2545 807 2592 defunctus
837 2557 952 2591 neque
982 2545 1233 2581 descendentes
1266 2556 1382 2590 neque
1413 2546 1647 2582 ascendentes
1677 2546 1882 2598 reliquerit,
1914 2545 2055 2591 primos
2086 2546 2135 2580 ad
2158 2544 2391 2581 hereditatem

147 2602 318 2627 vocamus
339 2591 482 2636 fratres
513 2594 547 2626 et
570 2602 716 2626 sorores
739 2602 788 2627 ex
811 2591 933 2626 eodem
951 2596 1063 2637 patre
1086 2595 1121 2626 et
1144 2590 1267 2626 eadem
1291 2594 1407 2625 matre

147 2637 293 2672 dilatem
318 2638 531 2672 vocavimus.

1457 2591 1590 2635 enites,
1623 2602 1716 2636 quos
1739 2595 1846 2626 etiam
1879 2601 1958 2626 cum
1979 2590 2196 2636 parentibus
2220 2590 2269 2626 ad
2292 2590 2391 2626 ltere-

580 2636 650 2670 His
666 2640 786 2672 autem
811 2647 884 2671 non
909 2635 1120 2671 extantibus
1141 2635 1179 2670 in
1195 2635 1354 2671 secundo
1379 2646 1421 2670 or
1448 2636 1506 2671 ine
1529 2636 1614 2671 illos
1635 2637 1778 2682 fratres
1801 2636 1851 2671 ad
1866 2635 2100 2671 nereditatem
2121 2645 2304 2678 vocamus,
2328 2637 2394 2682 qui

147 2693 195 2718 ea:
219 2693 292 2717 uno
320 2685 476 2728 parente
500 2682 724 2728 copulantur
747 2681 932 2727 defitncto,
962 2681 1037 2716 sive
1065 2691 1134 2727 per
1161 2686 1303 2726 patrem
1333 2680 1450 2716 solum
1482 2681 1558 2717 sive
1581 2693 1653 2727 per
1677 2685 1836 2717 matrem.
1885 2680 2021 2724 Quodsi
2044 2681 2220 2726 defimeto
2249 2681 2392 2726 fratres

146 2730 271 2762 extent
294 2732 329 2762 et
352 2727 504 2762 alterius
526 2728 599 2762 iam
624 2727 789 2772 defuncti
810 2727 946 2771 fratris
967 2727 1151 2761 sororisve
1172 2726 1258 2768 filii,
1283 2725 1415 2760 hicum
1433 2725 1517 2761 tliiis
1537 2727 1705 2773 paternis
1726 2730 1760 2762 et
1784 2726 1967 2767 maternis,
1994 2729 2066 2761 tam
2090 2725 2261 2761 masculis
2283 2737 2392 2772 quam

145 2773 305 2818 feminis,
339 2771 388 2807 ad
418 2771 650 2808 hereditatem
679 2772 915 2813 vocabuntur,
947 2775 982 2806 et
1012 2775 1255 2817 quotcumque
1284 2770 1369 2813 sint,
1404 2774 1542 2806 tantam
1571 2782 1621 2808 ex
1644 2771 1842 2808 hereditate
1870 2774 2017 2817 partem
2047 2772 2195 2818 capient
2218 2774 2392 2816 quantam

215 2865 235 2897 2
259 2859 408 2907 ἀδελφοὶ
439 2857 462 2903 ἢ
494 2858 648 2905 ἀδελφαὶ
673 2862 752 2902 Μ’ς]
789 2856 811 2903 ἢ
845 2857 930 2894 ἀδελ
962 2863 994 2893 οὶ
1027 2856 1049 2902 ἢ
1082 2856 1235 2905 ἀδελφό-

148 2905 283 2946 παιδες,
308 2921 334 2941 s.
347 2921 378 2940 υ.
403 2904 426 2949 ἢ
450 2903 601 2951 ἀδελφαὶ
621 2908 652 2940 L
683 2903 831 2950 ἀδελφοὶ
855 2904 876 2948 ἢ
900 2873 1162 2949 άὸζλφόπαιδες
1185 2906 1235 2938 B⁸

148 2967 177 2987 υ.
193 2956 212 2987 l.
238 2949 385 2998 ἀδελφοὶ
410 2949 433 2993 ἢ
458 2948 612 2997 ἀδελφαὶ
636 2949 658 2993 ἢ
677 2950 712 2993 (ἢ
730 2965 787 2985 om.
808 2953 866 2991 Bs)
891 2954 951 2984 καὶ
973 2947 1237 2994 ἄδελφόπαιδες

150 2999 198 3031 B⁸
216 3012 244 3031 υ.
260 2999 292 3037 L,
311 2997 362 3030 Bt
384 2994 531 3040 ἀδελφοὶ
552 2999 612 3029 καὶ
632 2994 785 3041 ἀδελφαὶ
804 2992 826 3038 ἢ
848 2992 1110 3041 άδελφόπαιδες
1126 2997 1235 3029 Tract-

149 3045 204 3086 (εἴ.
231 3044 276 3075 ad
300 3044 376 3083 568,
391 3050 438 3075 29.
465 3044 541 3083 569,
557 3050 584 3076 s.
600 3049 647 3075 26.
673 3044 750 3083 570,
772 3043 816 3083 19)
846 3042 858 3085 ΙῙ
889 3044 969 3085 3sq.
994 3040 1033 3080 ἐξ
1055 3060 1096 3065 -
1122 3039 1236 3074 τελευ-

149 3082 1237 3174 azffnsf¹¹71¹¹itg³i0u

150 3179 240 3218 MR]
267 3177 335 3218 ἔχει
363 3177 412 3209 La
445 3144 506 3218 ἑβςὲ
525 3176 583 3215 Lb,
616 3177 688 3217 ἔχοι
713 3189 781 3210 cum
804 3178 1001 3210 Haloandro
1022 3177 1107 3220 vulq.
1124 3177 1205 3218 (ΒΓ)
1227 3176 1238 3219 Η

149 3224 292 3267 μοῖραν]
318 3218 406 3254 ἀλλὰ
424 3224 483 3254 καὶ
501 3220 537 3254 οἱ
550 3218 816 3266 ἄδελφόπαιδες
832 3220 900 3263 τὴν
915 3223 1047 3265 μοῖραν
1063 3222 1127 3255 τοῦ
1147 3219 1237 3254 ἰδίου

150 3269 284 3313 γονέως
309 3264 558 3309 λαμβάνουσιν
583 3264 835 3309 (λαμβάνωσιν
859 3267 907 3308 B)
935 3268 1012 3299 add.
1035 3267 1104 3300 LB
1127 3267 1236 3300 Tract.

152 3314 207 3356 (cs.
223 3313 267 3345 ad
281 3313 356 3351 568,
368 3320 414 3345 29.
434 3313 510 3352 569,
525 3319 552 3344 2.
568 3317 617 3344 26.
638 3313 773 3353 570,19)
793 3310 841 3354 {19
866 3307 889 3353 ἢ
910 3325 967 3344 om.
982 3312 1032 3344 La
1054 3311 1066 3356 ΙΙ
1095 3313 1134 3345 10
1159 3311 1237 3344 ἑαυ-

151 3357 273 3390 τεῦνΕ
290 3356 301 3401 ΙΙ
324 3358 362 3390 11
390 3352 472 3389 ἀντὶ
497 3355 629 3398 ταύτης
651 3356 714 3398 τῆς
738 3356 895 3400 χρήσεως
918 3358 1021 3400 μέρος
1043 3352 1155 3398 αὐτῷ]
1177 3368 1237 3398 pro

152 3403 214 3435 hac
228 3413 305 3434 usus
317 3402 471 3443 portione
485 3413 503 3437 ς
522 3401 533 3445 ΙΙ
555 3404 594 3435 12
608 3404 668 3434 καὶ
683 3415 741 3434 om.
755 3403 864 3435 Traet.
882 3402 893 3444 ΙΙ
915 3404 955 3435 16
969 3399 1112 3444 θήλεως
1126 3402 1217 3435 MBs
1227 3402 1238 3445 11

154 3449 196 3480 20
220 3449 279 3479 καὶ
303 3447 350 3479 εἰς
375 3466 416 3470 -
442 3444 634 3491 διαιρεῖται
660 3459 718 3479 om.
734 3447 769 3479 Β
786 3446 798 3490 ΙΙ
823 3447 1005 3488 adgnatovs
1029 3449 1087 3479 καὶ
1111 3445 1238 3492 κογνά-

152 3502 234 3524 τους
252 3492 296 3524 Μ
318 3487 518 3537 ἄδγνάτους
541 3489 561 3533 ἢ
583 3491 775 3538 κογνάτους
796 3492 826 3524 L
843 3492 854 3534 ΙΙ
875 3493 917 3525 22
944 3489 1078 3537 εὑρεθῇ
1101 3492 1149 3524 13³
1168 3492 1179 3536 ΙΙ
1197 3494 1238 3526 23

153 3533 323 3579 *μηδὲ-
337 3534 427 3580 μηδὲ
453 3539 529 3571 libri
546 3537 557 3580 ΙΙ
575 3539 617 3570 24
641 3535 840 3582 καταλείψῃ
867 3536 1015 3581 Bsvutq.
1034 3536 1045 3575 ΙΙ
1071 3536 1168 3580 πρὸς]
1193 3537 1240 3570 εἰς

155 3582 266 3622 (om.v.
279 3582 313 3623 l.)
327 3582 376 3614 Bs
395 3582 406 3625 ΙΙ
425 3584 467 3616 26
481 3582 690 3624 τεχθέντας]
709 3578 842 3624 ὁμοίως
859 3578 898 3614 δὲ
914 3584 974 3614 καὶ
990 3581 1072 3615 τοὺς
1087 3578 1239 3627 ἀδελφό-

155 3623 288 3659 παιὸας
312 3628 389 3659 aad.
412 3628 481 3660 ΕΒ
505 3629 561 3670 (cf.
576 3629 621 3660 ad
642 3629 718 3668 568,
733 3635 781 3661 29.
807 3628 884 3668 569,
899 3635 925 3659 2.
942 3629 971 3669 s)
991 3626 1057 3670 1131
1086 3626 1156 3660 εἴτε
1179 3625 1239 3659 διὰ

155 3670 228 3711 τῆς]
254 3667 276 3712 ἢ
299 3670 361 3713 τῆς
382 3672 413 3704 L
431 3671 442 3715 ΙΙ
460 3672 490 3705 εἰ
512 3670 563 3713 δὲ]
589 3674 647 3704 καὶ
667 3671 737 3715 εἴγε
755 3672 803 3704 Bss
821 3672 833 3715 ΙΙ
852 3673 894 3706 36
920 3668 1149 3714 ὁσοιδήποτε]
1171 3666 1240 3706 ὦσι

157 3712 292 3757 δήποτε
319 3717 356 3748 Μ
379 3716 391 3759 ΙΙ
418 3718 458 3751 37
486 3715 607 3761 ἔμελλε
636 3718 714 3749 LBS

225 3770 278 3799 HI.

1374 2863 1394 2896 3
1418 2861 1596 2902 utriusque
1628 2859 1686 2905 VH
1709 2861 1859 2894 defuncti
1892 2862 1930 2902 V,
1955 2872 2031 2894 cum
2054 2861 2162 2895 multo
2185 2860 2290 2903 magis
2314 2871 2393 2903 ergo

1305 2917 1380 2939 cum
1406 2906 1625 2939 ulterioribus
1651 2907 1793 2940 add.R¹
1822 2907 1834 2950 l}
1863 2908 1884 2941 4
1908 2907 1947 2947 si]
1979 2909 2028 2940 set
2051 2907 2100 2939 R¹
2128 2906 2140 2950 ΙΙ
2172 2908 2216 2947 et]
2242 2907 2301 2939 etsi
2325 2907 2359 2939 R

1306 2954 1324 2985 5
1351 2954 1420 2992 aut]
1458 2953 1491 2983 et
1523 2951 1556 2984 V
1577 2950 1588 2995 ΙΙ
1618 2951 1745 2984 suerint
1769 2953 1869 2995 vulq]
1905 2952 2043 2984 fuerunt
2072 2951 2177 2992 (fuere
2204 2952 2252 2992 T)
2278 2953 2356 2985 libri

1305 2996 1519 3030 diuidendum
1540 2996 1596 3040 Vl}
1615 2999 1632 3030 7
1648 2997 1772 3029 habent
1789 2998 1820 3030 T
1833 2997 1845 3040 11
1864 2999 1884 3030 9
1905 3000 1999 3039 pater
2012 2996 2105 3030 R¹V
2117 2997 2129 3039 11
2148 2999 2185 3030 11
2210 2996 2392 3029 secundum

1306 3055 1364 3075 om.
1385 3043 1417 3075 T
1429 3042 1440 3085 ΙΙ
1458 3051 1517 3084 per
1542 3054 1600 3074 om.
1617 3042 1650 3074 Τ
1658 3042 1668 3062 ¹
1685 3041 1697 3084 ΙΙ
1715 3041 1820 3084 legem
1845 3042 1995 3074 dedimus
2018 3042 2049 3075 T
2062 3041 2074 3085 ΙΙ
2094 3044 2134 3076 13
2158 3041 2230 3074 siue
2253 3041 2392 3073 masculi

1304 3089 1375 3120 siue
1393 3087 1514 3119 femine
1538 3087 1569 3119 T
1583 3085 1595 3130 ΙΙ
1611 3097 1667 3120 seu
1690 3087 1734 3127 V]
1760 3087 1830 3120 siue
1854 3087 1986 3130 Rvulq.
2005 3086 2017 3130 11
2034 3086 2186 3127 masculi]
2214 3099 2298 3117 *ωε*
2321 3086 2392 3128 13¹1!

1306 3133 1408 3165 fuerit
1426 3133 1456 3165 T
1468 3132 1480 3175 ΙΙ
1502 3133 1543 3165 14
1561 3135 1594 3163 et
1614 3145 1670 3164 om.
1689 3132 1720 3164 T
1733 3132 1745 3175 ΙΙ
1764 3142 1821 3164 seu
1836 3134 1906 3175 per]
1928 3142 1987 3174 per
2004 3145 2062 3164 om.
2078 3132 2110 3164 T
2124 3131 2135 3173 ΙΙ
2155 3133 2194 3164 15
2212 3132 2392 3174 potestates

1315 3179 1368 3211 Va
1386 3177 1397 3220 Η
1418 3178 1458 3210 16
1482 3176 1554 3208 siue
1581 3177 1707 3219 Tvulq.
1725 3178 1736 3219 ss
1756 3177 1823 3209 fuit
1848 3177 1895 3209 R¹
1912 3176 1924 3220 ΙΙ
1943 3177 2010 3217 cui]
2036 3176 2095 3218 qui
2117 3175 2166 3208 13³
2181 3177 2192 3219 ΙΙ
2214 3178 2254 3210 19
2279 3178 2330 3216 ut]
2355 3175 2392 3208 in

1306 3222 1354 3255 R¹
1381 3222 1393 3266 ΙΙ
1418 3221 1567 3262 tertium]
1593 3221 1751 3253 interium
1777 3222 1807 3254 Τ
1815 3221 1825 3241 ²
1851 3222 1863 3264 ΙΙ
1889 3223 1930 3255 20
1955 3224 2121 3254 uocantur
2142 3220 2176 3254 V
2192 3221 2204 3263 ss
2230 3220 2279 3261 in]
2304 3221 2393 3253 inter

1310 3267 1356 3300 R²
1380 3270 1391 3310 ΙΙ
1417 3268 1455 3300 21
1482 3277 1520 3298 ae
1553 3266 1599 3299 V¹
1628 3266 1640 3309 ΙΙ
1671 3268 1714 3300 23
1739 3276 1845 3308 neque
1874 3267 2087 3300 ascendentes
2119 3275 2227 3307 neque
2258 3266 2391 3298 descen-

1307 3313 1420 3345 dentes
1447 3312 1483 3353 V,
1500 3312 1629 3344 ultimas
1648 3312 1772 3345 litteras
1789 3321 1822 3344 es
1839 3319 1869 3344 et
1883 3324 1966 3355 quae
1982 3318 2157 3355 sequuntur
2174 3323 2273 3354 usque
2291 3312 2337 3344 ad
2349 3312 2391 3344 27

1306 3358 1358 3390 his
1381 3368 1449 3390 non
1475 3354 1610 3400 existenl
1636 3358 1768 3400 scripsit
1789 3356 1837 3390 V2
1855 3358 1886 3389 in
1904 3370 1971 3390 ras.
1984 3358 2003 3390 3
2020 3357 2196 3400 versuumn
2223 3356 2266 3390 24
2290 3355 2392 3388 relin-

1307 3403 1416 3444 querit
1433 3401 1482 3435 R2
1506 3401 1696 3442 relinquere
1713 3402 1758 3434 R*
1780 3402 1792 3445 ΙΙ
1807 3401 1932 3444 primos
1957 3402 2090 3445 Rvulq.
2107 3400 2119 3445 ΙΙ
2139 3402 2181 3434 25
2207 3411 2246 3433 ex
2267 3401 2391 3442 eadem]

1308 3458 1347 3480 ex
1371 3460 1428 3480 om.
1452 3446 1528 3488 Vt2)
1545 3447 1556 3488 Η
1577 3447 1618 3480 26
1644 3447 1744 3479 etiam
1769 3460 1826 3479 om.
1849 3447 1922 3489 V(²)
1940 3447 1952 3490 ΙΙ
1976 3448 2017 3480 27
2041 3455 2198 3479 uocamus
2220 3446 2394 3486 (uocamur

1310 3493 1371 3533 T¹)
1405 3493 1467 3525 VT
1481 3491 1492 3535 ΙΙ
1509 3495 1620 3524 autem
1644 3504 1702 3525 om.
1726 3492 1800 3533 V(²)
1818 3491 1830 3534 11
1849 3493 1890 3525 30
1907 3495 2035 3534 partem
2060 3491 2108 3524 Β*
2125 3491 2137 3534 ΙΙ
2155 3492 2195 3524 31
2222 3491 2325 3523 fuerit
2343 3491 2393 3524 Β*

1308 3538 1400 3570 fuere
1423 3536 1478 3580 ΤΗ
1498 3538 1541 3576 ct]
1569 3550 1585 3566 ιι
1618 3537 1666 3570 V¹
1686 3537 1697 3579 ΙΙ
1715 3538 1757 3570 32
1781 3536 1855 3577 filii]
1881 3539 1913 3569 et
1937 3537 1999 3569 filii
2029 3536 2079 3569 V¹
2095 3537 2106 3576 ΙΙ
2126 3537 2168 3568 33
2194 3535 2234 3568 de
2259 3549 2316 3569 om.
2340 3535 2394 3580 Vl}

1308 3583 1389 3615 thiis
1422 3581 1473 3614 Τ2
1498 3584 1531 3615 in
1555 3594 1621 3616 ras.
1651 3581 1663 3625 ΙΙ
1696 3583 1739 3615 34
1770 3584 1865 3615 tanta
1897 3582 1930 3616 V
1950 3582 1962 3625 ΙΙ
1991 3581 2176 3624 percipient
2205 3581 2393 3623 portionem

1312 3628 1436 3670 Tvulq.

2077 3772 2119 3805 72
