2618 4010
307 117 410 161 Nov.
430 117 507 160 XC
527 120 637 160 2—4

305 229 406 272 χρέα·
430 230 490 261 καὶ
513 225 533 261 ὁ
554 229 622 271 μὲν
645 228 784 271 μισθοῦ
807 229 916 264 τοῦτο
940 227 1080 276 πράξας
1102 225 1282 272 ἀπῆλθεν,
1305 230 1380 264 ἕτε-

306 282 364 317 ρος
387 269 427 305 δὲ
449 271 666 318 εἰςεπράχθη

306 315 395 362 παρ’
428 313 537 351 αὐτοῦ
571 315 691 361 δῆθεν
722 317 965 366 ομολογηθέν·
1000 321 1061 352 καὶ
1092 319 1200 353 τοῦτο
1231 315 1383 365 ὕστερον

306 357 347 394 οὔ
375 358 542 403 διέλαθε,
577 362 641 396 τοῦ
674 362 766 397 θεοῦ
789 363 836 398 τὰ
859 364 1011 398 τοιαῦτα
1038 365 1141 409 μέχρι
1171 363 1311 399 παντὸς
1340 361 1382 399 οὗ

308 407 574 452 συγχωροῦντος
597 405 930 454 κατακρύπτεσθαι.

1376 117 1461 165 448

2225 135 2285 166 DE
2311 133 2522 168 'memus

1448 240 1545 275 esse;
1581 232 1618 266 et
1642 230 1676 267 is
1708 231 1849 277 quidem
1880 232 1941 279 qui
1970 233 2134 269 mercede
2165 233 2236 269 hoc
2265 242 2285 269 e
2310 232 2338 269 't
2360 228 2522 277 decessit,

697 273 742 327 τὸ,
762 276 861 318 χρέος
886 273 928 309 τὸ
953 270 1043 319 παρ’
1071 273 1190 318 ἑτέρου
1213 274 1312 309 τινος
1335 272 1384 309 οἷς
1452 275 1544 310 alius
1568 278 1686 310 autem
1711 280 1858 314 exactus
1887 281 1942 314 est
1965 278 2121 314 debitum
2150 278 2245 331 quod
2269 288 2291 314 a
2339 278 2409 315 alio
2433 289 2521 324 quo-

1453 320 1534 354 dam
1564 323 1745 365 tamquam
1780 321 1826 356 ab
1855 331 1897 357 eo
1929 322 2064 360 scilicet
2099 325 2303 360 comessum
2335 337 2420 356 ou·
2453 323 2521 360 deo

1452 364 1654 400 huiusmodi
1677 364 1821 402 omnino
1844 376 1917 402 non
1939 367 2142 414 indulgente
2165 369 2350 405 occultari.

1288 475 1444 512 CAPUT
1468 474 1532 511 111.

374 527 466 564 Οὔτε
495 524 560 565 οὖν
593 533 671 566 ταῖς
704 530 889 566 τοιαύταις
921 530 1138 575 πιστεύομεν
1171 536 1381 578 μαρτυρίαις

305 571 329 617 ἢ
348 577 426 609 ταῖς
439 576 518 610 τῶν
533 575 786 624 ταβουλαρίων
809 576 993 622 (καθάπερ
1017 576 1180 611 εἰπόντες
1203 577 1383 623 ἔφθημεν)

305 620 559 664 καταθέσεσ-ιν,
590 619 698 665 ἡνίκα
726 619 954 669 γραμμάτων
986 620 1220 665 ἐπιστήμονες
1250 621 1321 656 εἶεν
1346 621 1381 655 οἱ

305 665 541 700 καταθέσθαι
565 664 760 711 λεγόμενοι,
785 667 905 712 παρὸν
928 669 988 700 καὶ
998 666 1150 723 ὴγράτμαι
1173 664 1197 710 ἢ
1220 668 1260 700 ἐν
1283 664 1382 700 δικα·

1504 531 1629 577 Neque
1651 532 1760 577 igitur
1782 531 1984 570 huiusmodi
2014 536 2186 573 credimus
2214 537 2427 573 testimoniis
2457 539 2521 572 ant

1451 576 1728 622 tabulariorum,
1761 577 1855 613 sicut
1877 579 2127 624 praediximus,
2157 582 2448 628 depositionibus,
2477 592 2520 618 eo

1448 621 1543 667 quod
1570 622 1698 658 litteris
1731 622 1860 658 eruditi
1890 623 1961 659 sint
1994 625 2054 669 qui
2084 626 2246 662 confiteri
2272 629 2396 663 volunt
2425 628 2521 673 apud

1473 676 1553 702 uem
1578 670 1613 702 et
1635 667 1802 712 scribere,
1826 671 1890 703 aut
1912 668 1950 704 in
1973 669 2102 706 iudicio
2126 672 2286 708 confiteri
2309 676 2346 708 et
2364 673 2448 709 dare
2469 673 2521 707 rei

305 713 441 765 στηρίῳ
464 711 701 746 καταθέσθαι
725 714 785 746 καὶ
809 710 935 746 δοῦναι
958 725 1012 754 τῳ
1037 725 1224 758 πραγματι
1255 715 1381 746 πίστιν
1397 714 1436 747 10
1463 712 1555 747 ’dem
1577 712 1778 757 indubiam,
1811 722 1925 758 neque
1949 724 2092 751 manere
2115 725 2176 752 eas
2199 718 2385 753 veracibus
2408 717 2520 763 pesti-

306 753 632 802 αναμφιςβὴτητον,
664 754 748 791 οὔτε
769 760 892 802 μένειν
915 754 1026 791 αὗτάς
1048 760 1121 791 τοῖς
1144 753 1300 800 ἀληθέσι
1323 756 1381 790 λυ-

304 803 522 845 μαινομένας
559 803 822 848 συγχωροῦμεν,
853 800 936 836 οὔτε
965 802 1001 835 εἴ
1015 815 1052 836 τι
1081 804 1225 836 τοιοῦτο
1257 805 1381 849 γέγονε

305 846 540 892 προςιέμεθα·
562 843 644 880 ἀλλ’
660 843 885 889 ἀπαιτοῦμεν
900 845 944 881 τὸ
962 846 1263 893 παρακεκλῆσθαι
1279 847 1379 895 παρὰ

305 891 370 924 τοῦ
394 890 618 938 παράγοντος
639 890 721 925 τοὺς
742 891 925 938 μάρτυρας
949 889 1011 926 ἐπ’
1037 891 1135 935 αὐτῷ
1160 890 1292 936 τούτῳ,
1320 896 1380 926 καὶ

1448 757 1543 792 feras
1569 758 1812 800 concedimus,
1846 769 1961 803 neque
1984 760 2013 795 si
2038 761 2109 795 tale
2139 762 2271 806 aliquid
2301 763 2437 798 factum
2467 766 2521 798 est

1448 802 1650 847 recipimus,
1676 803 1739 838 sed
1764 802 1935 847 exigimus
1960 805 2055 850 quod
2078 805 2307 851 deprecatum
2330 812 2384 843 est
2407 808 2453 843 ab
2477 817 2520 843 eo

1449 848 1510 892 qui
1530 847 1678 882 deduxit
1701 851 1811 884 testes
1840 849 1876 883 in
1900 849 1970 884 hoc
1992 849 2088 895 ipso,
2120 854 2157 886 et
2179 851 2249 887 hoc
2272 863 2336 898 per
2357 853 2519 888 testatio-

1449 902 1513 927 nes
1537 893 1784 936 demonstrari,
1814 895 1850 929 et
1873 903 1953 930 esse
1977 901 2012 930 et
2035 905 2097 931 eos
2129 896 2211 938 (hoc
2233 898 2328 942 quod
2350 898 2388 932 in
2410 900 2519 933 testa-

304 937 412 970 τοῦτο
437 933 497 970 διὰ
521 940 716 990 μαρτυρίας
739 933 1038 979 ἀποδείκνυσθαι,
1059 941 1117 971 καὶ
1134 937 1227 972 εἶναι
1242 940 1301 972 καὶ
1319 934 1380 971 αύ-
1397 940 1436 973 15
1450 938 1588 978 mentis)
1612 940 1758 982 rogatos
1782 942 1818 974 et
1836 939 1952 974 bonae
1973 940 2149 984 opinionis
2171 942 2394 986 constitutos,
2419 943 2521 978 etita

305 980 387 1014 τοὺς
401 982 522 1024 (τοῦτο
538 980 582 1025 δὴ
599 995 642 1016 το
659 982 735 1016 τῶν
756 980 961 1026 διαθηκῶν)
984 987 1144 1027 rogatos,
1170 986 1230 1017 καὶ
1253 980 1380 1017 εύυπο-

305 1024 459 1068 λήπτους
481 1026 726 1069 καθεστάναι,
762 1030 822 1061 καὶ
846 1024 943 1062 οὕτω
966 1027 1008 1061 τὸ
1035 1029 1184 1075 πρᾶγμα
1208 1026 1380 1071 δέχεσθαι

304 1070 373 1114 τὴν
397 1071 436 1111 ἐξ
459 1069 583 1105 αὐτῶν
606 1069 804 1115 ἀπόδειξιν,
836 1076 896 1107 καὶ
927 1070 1018 1117 μηδὲ
1044 1075 1285 1119 ἐκμαρτυρίαν
1315 1073 1379 1107 τοῦ

306 1114 432 1150 λοιποῦ
455 1115 504 1160 μὴ
529 1120 589 1150 καὶ
611 1116 815 1172 μαρτύρωνι
841 1119 992 1161 ἔχουσαν
1014 1121 1074 1152 καὶ
1098 1122 1299 1165 παρουσίαν
1320 1121 1380 1153 καὶ

1451 992 1596 1017 causam
1620 985 1803 1028 suscipere
1826 985 1872 1019 ab
1897 985 1947 1021 eis
1971 985 2230 1031 probationem,
2262 990 2299 1022 et
2321 997 2434 1032 neque
2457 988 2519 1024 ad-

1449 1028 1677 1063 testationem
1701 1029 1868 1074 deinceps
1900 1039 2015 1075 neque
2038 1031 2181 1067 testium
2204 1031 2393 1067 habentem
2415 1042 2519 1077 prae÷

1449 1073 1598 1108 sentiam
1634 1076 1670 1108 et
1701 1074 1957 1119 depositionem
1993 1079 2028 1110 et
2060 1076 2358 1122 subscriptionem
2386 1081 2517 1113 tenere.

1449 1117 1488 1152 Si
1511 1128 1591 1153 vero
1615 1129 1687 1153 non
1710 1119 1912 1155 huiusmodi
1942 1121 2127 1158 constituti
2152 1126 2236 1157 sunt
2266 1127 2375 1158 testes
2399 1123 2520 1167 quales

304 1159 507 1195 κατάθεσιν
538 1165 598 1196 καὶ
627 1175 844 1219 υπργραφην
866 1166 1021 1219 κρατεῖν.
1069 1164 1100 1197 εἰ
1123 1161 1162 1197 δὲ
1191 1162 1240 1208 μὴ
1265 1163 1379 1197 τοιοῦ-
1394 1166 1436 1198 20
1449 1163 1587 1207 pridem
1605 1163 1789 1206 ediximus,
1815 1168 1850 1200 et
1866 1166 2051 1210 suppliciis
2072 1176 2132 1202 eos
2151 1167 2254 1203 subdi
2269 1167 2519 1213 praecipimus.

303 1218 361 1239 τοι
391 1206 621 1242 καθεστᾶσιν
651 1220 685 1241 οι
715 1220 891 1254 μαρτυρες
922 1212 1065 1244 οποίους
1096 1209 1308 1254 ὲμπροσθεν
1334 1208 1379 1241 εἰ·

305 1250 470 1295 ρήκαμεν,
504 1255 564 1286 καὶ
586 1250 757 1297 βασάνοις
780 1250 907 1288 αὐτοὺς
935 1251 1154 1289 ὑποκεῖσθαι
1181 1252 1379 1298 κελεύομεν.

303 1297 335 1329 εἰ
358 1293 401 1329 δέ
419 1308 514 1331 τινες
536 1298 710 1344 καθαρῶς
733 1299 882 1333 ἐναντία
906 1303 1030 1345 σφίσιν
1054 1296 1173 1333 αὐτοῖς
1195 1297 1218 1342 ἢ
1242 1302 1301 1332 καὶ
1320 1295 1380 1332 ἆλ-

303 1340 420 1384 λήλοις
436 1342 672 1389 φθέγξαιντο,
688 1343 771 1378 τοὺς
782 1341 952 1378 δικαστὰς
966 1343 1125 1389 μάλιστα
1141 1343 1260 1387 τούτῳ
1277 1355 1379 1389 προς-

1450 1208 1486 1244 Si
1519 1218 1602 1244 vero
1639 1209 1781 1253 quidam
1815 1215 1937 1256 aperte
1974 1212 2154 1247 contraria
2194 1212 2315 1248 dicant
2355 1213 2423 1248 sibi
2457 1214 2522 1248 aut

1449 1253 1631 1289 alterutris
1661 1254 1907 1297 testificentur,
1938 1257 2087 1298 maxime
2111 1257 2244 1293 iudices
2270 1258 2339 1294 hoc
2363 1258 2521 1293 animad-

1449 1302 1596 1342 vertere,
1630 1302 1665 1334 et
1696 1300 1727 1334 si
1758 1301 1940 1336 veraciora
1970 1302 2171 1338 testificatis
2204 1303 2435 1339 adversitates
2466 1303 2520 1338 in-

1448 1344 1625 1387 venerint,
1662 1345 1793 1380 eiciant
1824 1346 1963 1391 quidem
1993 1347 2195 1383 huiusmodi
2225 1348 2445 1391 testationes,
2477 1357 2521 1383 ea

304 1399 396 1428 εχειν
419 1387 487 1422 τὸν
510 1401 609 1431 νουν,
638 1391 699 1422 καὶ
717 1389 748 1422 εἰ
770 1392 852 1442 περὶ
876 1389 922 1423 τὰ
946 1389 1161 1442 καιριώτερα
1189 1391 1268 1423 τῶν
1291 1402 1379 1443 μαρ-
1394 1391 1434 1424 25
1449 1393 1567 1424 autem
1591 1399 1681 1433 quae
1703 1400 1726 1425 a
1750 1390 1968 1434 dignioribus
1992 1391 2061 1427 fide
2086 1396 2122 1428 et
2139 1393 2300 1438 plurimis
2324 1394 2420 1429 dicta
2443 1393 2521 1429 fue-

303 1435 532 1486 τυρουμένων
553 1433 619 1467 τὰς
641 1435 898 1478 ἐναντιοτητας
920 1431 1066 1480 εὕροιεν,
1098 1434 1285 1479 ἐκβάλλειν
1316 1445 1380 1467 τας

1448 1434 1520 1469 rint
1539 1435 1776 1471 considerent.
1825 1436 1862 1471 Si
1877 1446 1959 1472 vero
1977 1439 2059 1473 astu
2076 1438 2308 1483 apparuerint
2326 1439 2519 1483 malignan-

303 1488 472 1511 τοιαυτας
500 1482 696 1524 μαρτυρίας
729 1482 803 1513 τοῖς
833 1479 930 1526 παρὰ
963 1493 1041 1514 των
1072 1477 1380 1525 ἀξιοπιστοτέρων
1447 1483 1501 1514 tes
1532 1483 1569 1515 et
1599 1490 1643 1515 ex
1673 1481 1742 1516 hoc
1774 1481 1969 1517 incidentes
1999 1482 2036 1517 in
2070 1483 2375 1526 contrarietatem,
2407 1493 2521 1528 neque

303 1525 364 1555 καὶ
390 1521 572 1558 πλειόνων
603 1526 851 1570 προςέχοντας·
888 1526 919 1559 εἰ
948 1523 987 1559 δὲ
1011 1523 1211 1569 ἐξεπίτηδες
1234 1528 1380 1571 φανεῖεν
1447 1524 1610 1560 inmunes
1636 1535 1697 1561 eos
1721 1526 1915 1571 derelinqui
1938 1527 2007 1562 nisi
2032 1529 2225 1563 secundum
2249 1529 2400 1574 aliquem
2424 1539 2520 1564 erro-

303 1570 580 1615 κακουργοῦντες
602 1572 662 1603 καὶ
686 1570 861 1604 ἐντεῦθεν
885 1572 1119 1605 ἐκπίπτοντες
1142 1571 1189 1604 εἰς
1207 1571 1379 1605 ἐναντίω·
1446 1580 1521 1604 rem
1543 1570 1728 1605 fortuitum
1751 1574 1787 1606 et
1803 1582 1874 1606 non
1894 1575 1974 1608 astu
1992 1574 2171 1609 contraria
2195 1574 2352 1609 dicentes
2376 1574 2519 1609 demon-

304 1623 375 1653 σιν,
405 1612 496 1656 μηδὲ
526 1610 674 1648 ἀθώους
704 1611 834 1649 αὐτοὺς
867 1613 1166 1660 καταλιμπάνειν,
1202 1616 1301 1661 εἴπερ
1329 1615 1378 1659 μὴ
1393 1618 1435 1650 30
1447 1618 1615 1651 Strentur.

303 1657 396 1691 κατά
419 1670 504 1693 τινα
528 1657 671 1702 πλάνην
694 1657 741 1694 αἱς
763 1660 853 1694 εἰκὸς
877 1657 958 1694 ἄλλ’
985 1659 1187 1704 ἐξεπίτηδες
1206 1661 1253 1695 τὰ
1276 1663 1379 1695 ἐναν-

303 1705 365 1736 τία
389 1701 566 1747 δειχθεῖεν
589 1703 757 1751 λέγοντες.

1292 1762 1448 1798 CAPUT
1468 1762 1530 1799 lv.

361 1813 506 1860 Ἐπειδὴ
532 1815 572 1851 δὲ
595 1817 720 1852 πολλοὶ
743 1817 913 1853 πολλάκις
942 1817 1123 1864 μάρτυρας
1145 1816 1378 1864 παραστησά-
1504 1818 1594 1863 Quia
1617 1829 1699 1854 vero
1722 1820 1825 1855 multi
1850 1830 1955 1865 saepe
1980 1823 2088 1856 testes
2113 1820 2316 1866 producunt
2348 1824 2384 1856 et
2413 1821 2519 1857 tertio

303 1875 406 1906 μενοι
435 1866 495 1896 καὶ
523 1864 707 1908 τρισσάκις
736 1865 845 1897 τοῦτο
876 1863 1077 1909 πράξαντες
1105 1863 1200 1906 εἶτα,
1232 1861 1381 1899 ἐπειδὰν
1449 1864 1518 1899 hoc
1542 1866 1685 1907 agentes
1710 1869 1847 1910 postea,
1879 1876 1960 1901 mox
1985 1870 2025 1901 ut
2047 1866 2286 1902 concluserint
2309 1868 2345 1902 et
2370 1871 2520 1912 excepta

372 1944 399 1964 c.
423 1931 489 1964 III
507 1933 617 1966 6—20
641 1944 792 1965 summam
818 1945 856 1966 ex
879 1933 954 1965 Ath.
980 1934 1095 1976 repetit
1119 1934 1198 1966 liber
1221 1934 1304 1976 περὶ
1325 1929 1513 1976 διαφόρων
1536 1929 1838 1978 ἆναγνωσμάτων
1860 1934 1915 1979 §7
1934 1947 1969 1978 p.
1988 1936 2051 1969 194
2066 1935 2191 1969 Heimb.

373 1989 398 2010 c.
423 1976 487 2009 III
507 1977 549 2010 23
571 1973 658 2009 Ἐάν
682 1987 776 2010 τινες
798 1976 971 2022 καθαρῶς
996 2003 1003 2009 .
1018 2002 1025 2010 .
1040 2002 1068 2009 ..
1082 1979 1178 2011 -32
1203 1978 1298 2010 habet
1321 1978 1525 2021 Epanayoye
1551 1979 1662 2019 12,33.

373 2034 400 2054 c.
423 2021 448 2055 I
453 2022 540 2065 Vpr.
565 2017 728 2064 (Ἐπειδὴ
749 2020 919 2055 πολλάκις
939 2020 1065 2056 πολλοὶ
1083 2047 1180 2055 .....
1194 2024 1323 2064 -449,
1335 2025 1378 2064 11)
1397 2023 1492 2056 habet
1507 2023 1616 2066 Epan.
1637 2024 1688 2065 12,
1702 2030 1751 2063 είς
1776 2026 1852 2065 449,
1871 2032 1979 2059 20-—28
1987 2026 2064 2068 fere
2080 2026 2160 2058 citat
2174 2026 2271 2058 schol.
2289 2026 2397 2068 Epan.
2416 2027 2458 2058 ib.
2477 2044 2519 2050 -

305 2067 454 2100 Summas
472 2074 643 2111 praestant
666 2064 725 2100 ΒΣ
750 2069 764 2101 ι’
781 2069 803 2100 k
820 2080 856 2110 p.
871 2069 937 2101 422
953 2069 1078 2101 Heimb.
1103 2080 1142 2100 esc
1165 2068 1347 2101 Athanasio
1369 2069 1624 2111 (transponenda
1648 2070 1728 2102 enim
1752 2077 1825 2103 sunt
1850 2071 1997 2103 lemmata
2023 2066 2209 2115 Θεοδώρου
2234 2077 2264 2104 et
2283 2066 2517 2113 Ἀθανασίου)

306 2120 335 2145 et
358 2112 545 2146 Philoxeno.

304 2191 383 2237 ipse
404 2189 560 2226 debitum
584 2189 775 2235 confessus
797 2192 851 2225 est
857 2203 872 2231 ;
906 2193 1016 2235 atq'ue
1039 2190 1070 2224 is
1093 2189 1235 2235 quidem
1259 2190 1322 2234 qui
1344 2188 1504 2225 mercede
1527 2189 1726 2226 conductus
1750 2190 1790 2225 id
1831 2195 1951 2227 ecerat
1973 2191 2154 2235 discessit,
2186 2191 2279 2227 alter
2301 2203 2385 2228 vero
2408 2203 2517 2228 exac—

306 2241 364 2271 tus
386 2239 439 2271 est
461 2234 617 2270 debitum
639 2234 684 2270 ab
705 2235 821 2270 altero
846 2239 1028 2280 tamquam
1057 2235 1102 2271 ab
1133 2235 1214 2280 ipso
1237 2234 1374 2269 scilicet
1396 2235 1621 2280 confessum.-
1657 2246 1773 2281 neque
1827 2247 1871 2272 oc
1890 2241 2020 2283 postea
2048 2237 2173 2279 latuit,
2205 2247 2284 2272 cum
2306 2237 2395 2273 deus
2425 2239 2517 2273 eius·

305 2280 404 2316 modi
425 2291 484 2316 res
506 2281 545 2315 in
591 2283 775 2326 erpetuum
800 2280 979 2316 occultari
1000 2290 1073 2315 non
1093 2280 1270 2327 patiatur.

438 2324 502 2360 111.
586 2335 676 2377 eque
702 2326 815 2371 iqitur
845 2324 1021 2361 eiusmodi
1053 2324 1265 2360 testimoniis
1297 2324 1602 2360 tabulariorumve
1631 2325 1741 2361 sicuti
1769 2324 1875 2360 modo
1906 2325 2067 2362 diximus
2096 2326 2379 2379 depositionibus
2407 2327 2517 2373 fidem

305 2371 486 2414 habemus,
509 2370 572 2406 ubi
595 2371 796 2406 litterarum
812 2370 929 2417 periti
951 2373 1036 2406 sunt
1059 2371 1123 2415 qui
1145 2370 1353 2416 deposuisse
1375 2370 1559 2412 dicuntur,
1592 2381 1671 2406 cum
1694 2371 1732 2405 in
1748 2375 1926 2416 promptu
1948 2372 2065 2416 fuerit
2095 2377 2201 2407 ettam
2224 2372 2380 2408 scribere
2402 2374 2458 2408 vet
2478 2374 2517 2408 in

305 2416 438 2452 iudicio
461 2416 640 2462 deponere
663 2419 772 2461 atque
793 2415 847 2450 rei
866 2415 976 2460 fidem
999 2414 1238 2450 indubitatam
1262 2414 1407 2456 addere,
1435 2425 1550 2460 neque
1573 2426 1718 2451 manere
1747 2426 1809 2450 eas
1833 2417 1979 2452 veritati
2001 2418 2187 2453 nocituras
2206 2418 2380 2464 patimur,
2404 2428 2518 2463 neque

305 2462 340 2497 si
366 2460 456 2507 quid
486 2460 660 2496 eiusmodi
688 2463 831 2506 sactum
860 2461 910 2496 sit
939 2460 1179 2496 admittimus.-
1217 2459 1282 2495 sed
1308 2460 1536 2506 flaqitamus,
1570 2465 1611 2496 ut
1641 2461 1686 2497 ab
1717 2471 1760 2496 eo
1794 2461 1858 2506 qui
1882 2461 2058 2507 producit
2089 2466 2194 2498 testes
2223 2462 2273 2497 ad
2303 2462 2370 2497 hoc
2401 2463 2519 2509 ipsum

305 2506 428 2553 roqati
450 2506 534 2549 sint,
566 2506 676 2552 idque
692 2516 765 2552 per
797 2506 1037 2541 testimonium
1059 2505 1251 2552 probetur,
1283 2507 1427 2550 sintque
1448 2506 1520 2551 ipsi
1543 2516 1705 2551 quoque,
1737 2506 1776 2540 id
1805 2505 1905 2551 quod
1928 2507 1965 2541 in
1994 2507 2212 2542 testamentis
2237 2508 2303 2552 fit,
2337 2508 2462 2554 roqati
2483 2513 2520 2543 et

305 2551 401 2587 bona
424 2551 689 2587 existimatione
713 2554 874 2592 utantur,
909 2555 1019 2597 atque
1041 2551 1095 2586 ita
1119 2550 1300 2596 negotium
1317 2561 1389 2596 per
1411 2549 1511 2596 ipsos
1532 2550 1784 2597 probationem
1807 2551 1983 2597 accipiat,
2014 2563 2101 2588 neve
2124 2553 2309 2588 attestatio
2339 2552 2377 2586 in
2399 2557 2518 2599 poste-

305 2607 386 2632 rum
408 2596 526 2632 valeat
547 2596 619 2631 nisi
641 2607 735 2642 quae
760 2596 901 2631 testium
924 2602 960 2631 et
976 2597 1189 2642 praesentia
1221 2598 1256 2631 et
1279 2594 1508 2641 depositione
1538 2600 1573 2631 et
1603 2595 1867 2642 subscriptione
1895 2597 2106 2632 instruatur.
2154 2597 2291 2640 Quodsi
2322 2596 2413 2632 tales
2442 2608 2518 2633 non

304 2646 389 2677 sunt
413 2646 519 2677 testes
542 2642 666 2687 quales
687 2651 802 2688 supra
826 2641 996 2683 diximus,
1019 2641 1127 2676 etiam
1147 2640 1333 2676 tormentis
1350 2650 1413 2675 eos
1432 2639 1545 2675 subici
1567 2641 1733 2676 iubemus.
1782 2640 1824 2676 Si
1846 2641 1909 2686 qui
1931 2652 2013 2677 vero
2032 2647 2157 2688 aperte
2175 2643 2360 2678 contraria
2379 2642 2518 2678 sibimet

305 2687 395 2734 ipsis
425 2686 481 2723 vel
501 2688 608 2722 etiam
640 2687 733 2722 inter
759 2697 799 2722 se
822 2686 935 2722 locuti
954 2686 1036 2728 sint,
1067 2685 1204 2721 iudices
1236 2685 1320 2720 huic
1338 2686 1565 2731 potissimum
1596 2686 1651 2721 rei
1675 2696 1821 2733 operam
1845 2686 1947 2728 dent,
1977 2691 2014 2722 et
2039 2687 2072 2722 si
2101 2688 2139 2722 in
2170 2688 2259 2733 ipsis
2289 2698 2382 2733 quae
2405 2692 2517 2722 totam

305 2741 452 2767 causam
475 2733 658 2767 continent
680 2731 865 2767 contraria
891 2731 1093 2767 testimonia
1117 2729 1435 2777 deprehenderint,
1467 2730 1643 2766 eiusmodi
1671 2730 1873 2767 testimonia
1894 2732 2048 2767 reiciant
2077 2743 2120 2767 ea
2143 2732 2257 2767 secuti
2284 2742 2377 2777 quae
2400 2743 2423 2767 a
2443 2732 2518 2776 fide

306 2776 533 2823 dignioribus
555 2781 589 2812 et
605 2776 777 2823 pluribus
800 2776 968 2812 dicuntur
975 2789 990 2818 ;
1020 2777 1077 2812 sin
1100 2786 1183 2812 vero
1208 2776 1251 2811 de
1275 2775 1453 2811 industria
1476 2775 1665 2811 videantur
1687 2775 1773 2812 dolo
1798 2787 1907 2823 aqere
1929 2780 1967 2812 et
1987 2776 2069 2812 inde
2091 2777 2129 2811 in
2154 2777 2339 2812 contraria
2359 2777 2516 2828 prolabi,

305 2833 351 2857 ne
372 2822 569 2869 impunitos
592 2832 652 2857 eos
673 2821 891 2868 relinquant,
914 2822 948 2856 si
969 2832 1041 2857 non
1058 2832 1131 2868 per
1153 2831 1312 2857 errorem
1335 2825 1377 2856 ut
1396 2820 1450 2865 fit,
1473 2820 1539 2856 sed
1559 2821 1604 2856 de
1623 2821 1802 2857 industria
1825 2822 2010 2857 contraria
2033 2821 2151 2857 dicere
2199 2821 2319 2858 robali
2341 2826 2425 2857 sint.

450 2868 510 2902 lv.
557 2866 735 2910 Quoniam
755 2872 873 2902 autem
898 2867 1000 2902 multi
1022 2877 1131 2913 saepe
1161 2865 1306 2901 testibus
1324 2865 1516 2915 productis
1547 2870 1656 2912 atque
1680 2870 1734 2902 ter
1757 2867 1824 2902 noc
1843 2866 1946 2912 facto
1970 2865 2108 2909 deinde,
2138 2878 2161 2901 u
2186 2868 2199 2901 i
2220 2867 2518 2904 renuntiaverunt

1507 2947 1520 2979 1
1548 2946 1600 2978 his
1622 2946 1771 2979 R'VTa
1794 2946 1806 2989 Ι]
1836 2947 1905 2988 qui]
1930 2946 1989 2988 qui
2012 2948 2088 2979 ante
2113 2956 2172 2978 nos
2197 2946 2251 2979 Ta
2274 2945 2286 2990 ΙΙ
2315 2947 2388 2988 hoc]
2413 2946 2454 2979 ab
2479 2957 2516 2980 eo

1447 2991 1509 3023 hoc
1530 2990 1583 3036 ΤΙΙ
1610 2993 1630 3025 2
1651 2991 1751 3033 quod]
1776 3002 1840 3033 que
1861 2991 1916 3035 Vn
1932 2992 1952 3025 3
1978 2992 2095 3025 hiatum
2120 2992 2231 3024 notavi
2243 2991 2256 3035 ΙΙ
2275 2991 2347 3033 deo]
2372 2991 2411 3024 de
2432 2992 2482 3025 V¹
2504 2991 2516 3036 ΙΙ

1447 3037 1468 3069 4
1491 3037 1626 3069 omnino
1649 3038 1729 3077 non]
1754 3036 1903 3070 omnium
1927 3035 1972 3070 Τι
1994 3036 2007 3079 ΙΙ
2031 3036 2166 3069 omnino
2189 3035 2350 3069 occultari
2372 3047 2440 3070 non
2462 3037 2515 3069 in-

1447 3080 1603 3123 dulgente
1620 3081 1670 3124 Vss
1681 3081 1888 3124 indulgente]
1905 3081 1948 3114 al.
1961 3080 2131 3123 indigente
2144 3080 2195 3114 R2
2206 3083 2238 3115 in
2252 3094 2353 3126 mar-q.
2373 3080 2409 3126 16
2422 3081 2514 3114 tosti-

1445 3126 1594 3159 monium
1623 3127 1674 3160 T⁰
1692 3127 1704 3170 ss
1730 3128 1748 3161 8
1773 3131 1851 3161 sunt
1875 3128 1908 3162 T
1927 3126 1940 3170 ΙΙ
1965 3127 1984 3160 9
2006 3129 2038 3159 et
2061 3126 2241 3160 om.R¹V¹
2265 3126 2320 3160 uel
2377 3126 2392 3147 ³
2407 3126 2512 3171 fleon-

1446 3178 1589 3212 scribere
1610 3177 1671 3223 Vn
1701 3181 1771 3220 aut]
1795 3183 1827 3212 et
1855 3181 1888 3213 T
1910 3178 1923 3224 ΙΙ
1951 3180 1992 3212 10
2015 3177 2184 3211 ueratibus
2209 3178 2242 3212 T
2271 3171 2408 3211 udcibns
2428 3175 2478 3209 1⁷¹
2501 3176 2513 3220 ss

1448 3224 1489 3257 12
1506 3224 1759 3266 depraecautum
1775 3224 1824 3257 V¹
1844 3225 2060 3268 depraecauta
2077 3222 2125 3257 V2
2140 3223 2152 3267 ΙΙ
2170 3225 2218 3256 est
2231 3223 2291 3256 del.
2308 3221 2385 3265 V'fl
2404 3222 2445 3255 14
2457 3219 2512 3252 de-

1446 3271 1627 3302 monstrare
1640 3268 1673 3302 R
1691 3269 1703 3311 fl
1719 3271 1751 3302 et
1768 3279 1834 3303 esse
1854 3273 1887 3303 et
1904 3280 1957 3302 eos
1971 3268 2075 3310 Beck]
2101 3278 2230 3301 necesse
2245 3269 2295 3301 est
2314 3269 2376 3308 (est
2389 3277 2445 3298 om.
2467 3265 2511 3306 V)

1447 3323 1501 3346 eos
1527 3314 1603 3347 libri
1617 3314 1630 3358 Ι]
1647 3315 1720 3356 hoo]
1745 3324 1783 3346 ex
1807 3316 1869 3348 hoc
1890 3315 1938 3349 V²
1953 3315 1965 3356 11
1994 3314 2036 3347 16
2052 3323 2191 3346 ¹causam
2212 3312 2273 3354 1⁷¹]
2297 3313 2424 3344 cautam
2447 3309 2517 3342 ΒΤ

1447 3368 1562 3391 causae
1582 3359 1634 3393 V2
1648 3358 1660 3403 ΙΙ
1679 3360 1906 3393 atestationem
1925 3359 1957 3392 Τ
1967 3358 1980 3403 ΙΙ
2002 3360 2039 3393 17
2058 3358 2176 3391 habere
2191 3357 2225 3391 R
2241 3355 2312 3434 {19
2328 3353 2396 3386 sint
2411 3356 2510 3406 ῒρεὶθε

1448 3401 1499 3436 T⁶
1522 3406 1620 3437 testes
1643 3403 1713 3437 sint
1735 3404 1768 3437 R
1794 3404 1807 3450 ΙΙ
1838 3407 1880 3439 20
1903 3403 2075 3438 eduximus
2102 3403 2149 3436 T¹
2176 3401 2190 3446 fl
2218 3400 2239 3434 2
2281 3398 2453 3432 alterati-ne
2485 3400 2519 3433 V

1445 3447 1557 3481 alteris
1571 3450 1604 3483 R
1620 3449 1633 3493 ΙΙ
1649 3450 1712 3482 hoo
1727 3450 1817 3483 enim
1832 3450 2003 3483 aduertere
2018 3447 2069 3481 Τ1
2091 3447 2153 3480 hoo
2170 3457 2232 3497 'f‘
2251 3442 2422 3494 aduertere
2439 3444 2486 3495 R·
2499 3443 2512 3490 ΙΙ

1447 3494 1488 3527 23
1513 3494 1711 3527 aduersitate
1737 3495 1786 3527 T¹
1820 3493 2055 3528 aduersitatem
2078 3489 2165 3534 T¹fl
2192 3491 2384 3522 inuenerint
2407 3492 2511 3522 etiant

1448 3538 1490 3570 ΤΙ
1515 3539 1695 3572 inueniunt
1719 3540 1841 3573 eiciant
1863 3539 1911 3573 R·
1943 3535 2248 3572 inuenerint-un
2271 3532 2320 3567 V¹
2339 3533 2352 3577 ΙΙ
2375 3534 2417 3568 29
2433 3544 2509 3567 con·
2540 3534 2547 3541 “

1446 3584 1546 3617 traria
1567 3584 1618 3618 V⁰
1645 3583 1658 3628 [1
1688 3585 1731 3619 34
1754 3584 1934 3618 coluserint
1961 3581 2010 3622 V?

360 2950 375 2982 1
402 2947 530 2992 μισθιῦ
557 2948 587 2980 L
612 2946 624 2990 ΙΙ
648 2948 668 2980 2
690 2945 733 2980 τὸ
759 2942 863 2991 παρ’]
887 2944 931 2979 τὸ
957 2959 1015 2979 om.
1030 2946 1080 2979 Bss
1104 2946 1116 2989 ΙΙ
1142 2948 1159 2979 7
1184 2942 1379 2988 ταβουλλα-
1412 2942 1415 2988 Ι

305 2995 397 3039 ρι’ων
413 2993 482 3026 LB
497 2995 509 3034 ΙΙ
527 2990 695 3038 ἔφθημεν
714 2989 876 3025 εἰπόντες
892 2991 944 3024 ΒΤ
957 2991 970 3035 ΙΙ
996 2993 1016 3025 9
1041 2989 1236 3036 λεγόμενοι]
1262 2990 1321 3031 qui
1336 3009 1379 3014 —

307 3039 424 3071 volunt
447 3049 466 3074 ς
483 3037 496 3081 ΙΙ
512 3035 644 3082 παρὸν]
668 3037 756 3080 apud
797 3046 870 3069 uem
891 3038 925 3078 (i.
940 3050 965 3069 e.
984 3031 1072 3082 παρ’
1094 3032 1151 3078 ὃν)
1175 3047 1194 3072 ς
1216 3035 1228 3075 ΙΙ
1259 3036 1299 3070 13
1322 3033 1379 3076 τὸ]

305 3082 348 3116 τὸ
373 3084 433 3115 καὶ
458 3082 506 3116 B·
518 3095 547 3116 υ.
563 3083 582 3115 l.
600 3081 614 3125 ΙΙ
630 3047 921 3127 παρακαλεῖσθαι
944 3082 974 3115 L
990 3080 1002 3125 ΙΙ
1030 3083 1072 3115 14
1096 3077 1285 3126 ἐνάγοντος
1305 3079 1355 3113 ΒΓ

307 3123 366 3163 ἐπ’
387 3123 475 3161 αὐτὸ
500 3126 609 3160 τοῦτο
626 3127 674 3161 B³
691 3127 703 3170 ΙΙ
732 3129 770 3161 15
795 3126 903 3160 τοῦτο
927 3126 1047 3160 om.Br
1066 3125 1079 3169 ΙΙ
1103 3127 1145 3160 16
1166 3122 1222 3167 δὴ]
1247 3121 1287 3157 δὲ
1304 3123 1354 3157 ΒΓ

306 3177 441 3216 rogatus
457 3172 512 3214 Μ,
544 3169 873 3217 παρακεκλημένους
893 3172 963 3205 LB
994 3168 1316 3216 προσκεκλημένους
1341 3169 1383 3202 Μ

305 3232 331 3252 s.
344 3231 373 3253 v.
392 3218 405 3262 ΙΙ
426 3213 697 3259 ἆνυπολήπτους
714 3217 764 3250 Br
823 3218 863 3251 18
888 3217 1122 3261 ἐκμαρτυρίας
1140 3216 1191 3249 Β*
1201 3228 1232 3248 υ.
1248 3216 1280 3256 L,
1300 3212 1350 3248 B!
1367 3213 1380 3259 ss

309 3265 350 3298 19
372 3260 420 3307 μὴ
440 3264 500 3295 καὶ
523 3263 613 3303 ΜΒ]
635 3259 725 3306 μηδὲ
747 3262 808 3298 Le
831 3261 843 3306 ΙΙ
868 3263 1082 3306 παρουσίαν]
1112 3262 1313 3305 μαρτυρίαν
1332 3260 1379 3292 B⁸

306 3309 377 3349 v.1.‚
390 3309 422 3342 L
441 3308 453 3351 u
469 3308 511 3342 23
528 3310 654 3352 σφίσιν
677 3306 814 3340 εἀυτοῖς
837 3307 987 3340 ἐναντία
1000 3306 1051 3340 ΒΓ
1078 3306 1244 3339 contraria
1267 3304 1379 3337 dicant

306 3353 371 3387 sibi
393 3354 427 3395 (i.
450 3365 475 3387 ε.
500 3352 650 3386 ἐναντία
673 3354 786 3398 φασὶν
809 3348 929 3386 αὑτοῖς
937 3351 967 3395 ἵ)
991 3363 1010 3388 ς
1034 3351 1047 3395 ΙΙ
1072 3353 1115 3386 24
1133 3348 1378 3397 *φθέγξαιντο

308 3400 385 3433 libri
402 3397 416 3443 [Ι
441 3397 560 3440 τούτῳ
574 3395 673 3431 1:⁶13*
681 3399 712 3438 ς]
737 3396 879 3431 τούτων
892 3396 945 3430 B!
966 3396 1076 3430 τοῦτο
1089 3397 1140 3430 La
1162 3395 1248 3429 τότε
1266 3395 1306 3428 Μ
1326 3390 1381 3427 δεῖ

306 3440 445 3477 τούτοις
457 3443 566 3487 Epan.
583 3442 596 3486 ll
621 3444 663 3476 25
688 3441 719 3475 εἰ
741 3444 802 3475 καὶ
826 3441 873 3476 B!
885 3441 898 3486 ss
914 3443 997 3487 περὶ
1022 3455 1079 3475 om.
1093 3453 1112 3478 ς
1129 3441 1142 3484 ΙΙ
1164 3439 1379 3486 καιριώτερα

307 3484 543 3532 (καιριώτατα
567 3486 632 3530 ΒΓ)
656 3487 725 3520 LB
734 3487 858 3531 Epam]
892 3486 1089 3531 κυριώτερα
1113 3485 1161 3520 M
1165 3486 1250 3530 vuly.
1271 3494 1378 3539 'vera-

309 3532 399 3565 oiora
422 3545 441 3569 ς
464 3534 519 3576 (cfi
545 3545 615 3566 nov.
637 3532 756 3566 XXII
762 3545 814 3575 pr.
844 3532 942 3566 CXL
953 3532 1005 3566 VI
1014 3545 1040 3566 c.
1054 3534 1087 3574 3)
1104 3531 1117 3576 ΙΙ
1135 3533 1177 3566 26
1193 3527 1379 3575 &alsatiam

311 3577 397 3618 MR]
418 3575 625 3620 ἐκβάλλοιεν
637 3578 669 3611 L
693 3573 880 3621 ἐκβάλλειν
893 3577 960 3620 μὲν
971 3578 1081 3620 Epan.
1091 3589 1110 3613 ς
1125 3576 1138 3620 Ι
1157 3578 1198 3611 27
1212 3576 1289 3609 ταῖς
1301 3573 1352 3608 B!
1367 3572 1380 3619 ΙΙ

311 3622 349 3654 31
376 3634 459 3655 τινα
483 3636 540 3656 om.
554 3622 604 3656 B‘
629 3622 642 3666 Ι]
665 3623 708 3656 33
733 3619 773 3656 δὲ
795 3622 914 3656 om.B·
936 3621 949 3667 ΙΙ
972 3623 1015 3656 34
1037 3620 1198 3668 τρισάκις
1220 3621 1256 3655 Β
1270 3620 1377 3664 Epan.

311 3666 403 3705 (idem
417 3668 493 3709 449,
502 3669 531 3707 5)
549 3666 562 3710 η
578 3664 726 3700 ἐπειδὰν
736 3686 777 3692 -
790 3669 867 3709 449,
876 3674 889 3701 1
901 3668 1108 3721 μαρτυρίας]
1122 3664 1213 3711 μετὰ
1225 3664 1294 3710 τὴν
1306 3666 1378 3712 τρί-

310 3720 377 3754 την
399 3710 476 3743 τῶν
497 3710 693 3756 μαρτύρων
716 3723 938 3759 παραγωγην
958 3713 1068 3757 Epan.
