2586 3990
255 132 361 175 Nov.
392 129 505 174 CXV
535 128 564 171 3'
1316 123 1402 170 542
1760 141 1763 144 ⁴
1831 139 1892 170 m·
1921 139 2014 171 cim
2043 140 2103 170 nn
2133 138 2477 170 APPELLATIOND

253 238 398 283 σόμενοι
427 241 487 272 καὶ
513 236 573 272 διὰ
597 237 707 271 τοῦτο
730 238 769 270 ἐκ
791 237 854 280 τῆς
876 240 1068 271 κοινωνίας
1097 237 1160 279 τῆς
1183 235 1332 270 καθολι-
1401 237 1437 270 et
1455 235 1535 270 ideo
1559 235 1605 269 ab
1621 236 1794 271 ecclesiae
1816 236 2014 273 catholicae
2039 237 2285 274 communione
2304 236 2476 282 separati,
2522 244 2524 246 ’

253 286 313 326 xis
335 282 520 324 ἐκκλησίας
543 284 812 325 κεχωρισμένοι,
836 281 886 326 μὴ
909 282 1040 321 ἐξεῖναι
1065 277 1184 314 αὐτοῖς
1207 279 1334 315 ἄλλους
1401 290 1471 315 non
1496 279 1602 314 liceat
1625 280 1676 314 eis
1699 280 1789 328 alios
1811 280 1960 317 heredes
1989 282 2057 318 sibi
2080 283 2264 318 instituere
2295 282 2365 318 nisi
2387 282 2476 318 libe·

252 325 489 373 κληρονόμους
508 326 646 360 ἑαυτοῖς
670 327 820 360 ἐνιστᾶν
843 327 874 360 εἰ
892 327 942 370 μὴ
960 322 1092 360 παῖδας
1115 321 1333 370 ὄρθοδόξους
1402 335 1461 359 ros
1487 324 1704 359 orthodoxos
1729 328 1765 359 et
1788 325 1961 361 ecclesiae
1990 327 2187 362 catholicae
2211 326 2475 362 communican-

252 376 311 407 καὶ
326 374 371 418 τῇ
387 370 565 418 καθολικῇ
582 369 750 414 ἐκκλησία
770 372 1047 412 κοινωνοῦντας,
1071 366 1093 412 ἢ
1118 368 1264 404 παίδων
1283 370 1332 414 μὴ
1402 373 1467 411 tes,
1491 369 1543 403 vel
1564 368 1684 404 liberis
1708 379 1779 404 non
1802 369 2035 406 existentibus
2059 378 2207 425 agnatos
2231 372 2285 408 vel
2305 373 2476 416 cognatos

252 418 427 451 ὑπόντων
449 416 530 450 τοὺς
553 415 592 456 ἐξ
608 412 736 462 ἀρρενο
759 419 857 450 ονίας
881 417 940 448 καὶ
961 416 999 448 ἐκ
1015 413 1234 460 θηλυγονίας
1251 426 1332 461 συγ·
1370 418 1387 449 5
1402 414 1462 458 qui
1487 413 1625 448 scilicet
1648 413 1815 448 catholici
1839 414 1920 450 sint.
1969 414 2101 459 Quodsi
2122 417 2216 453 forte
2243 427 2286 452 ex
2308 417 2390 452 filiis
2415 417 2477 452 alii

250 465 379 509 γενεῖς,
403 459 618 495 καθολικοὺς
642 458 730 504 δηλα
757 460 777 503 ὴ
801 459 1053 506 τυγχάνοντας.
1100 460 1131 492 εἰ
1155 457 1195 493 δὲ
1217 455 1265 493 ὥς
1287 460 1333 493 εἰ·
1403 457 1542 502 quidem
1567 461 1651 493 sunt
1675 458 1864 494 orthodoxi
1893 461 1930 493 et
1960 461 2131 496 ecclesiae
2161 462 2357 498 catholicae
2380 472 2475 497 com-

251 507 312 541 κὸς
335 507 374 539 ἐκ
396 508 474 540 τῶν
497 503 645 541 παίδων
668 506 762 539 τινὲς
784 508 852 549 μέν
871 506 964 538 εἰσιν
987 501 1188 549 ὀρθόὸοξοι
1210 507 1270 538 καὶ
1290 505 1333 551 τῇ
1401 503 1620 538 municantes
1645 503 1706 538 alii
1730 514 1811 539 vero
1843 504 1888 538 ab
1913 513 1956 539 ea
1978 506 2150 550 separati,
2183 517 2322 543 omnem
2345 516 2475 552 paren-

251 549 428 597 καθολικῇ
453 549 620 594 ἐκκλησίᾳ
643 551 915 592 κοινωνοῦντες,
947 548 1050 583 ἄλλοι
1075 547 1116 583 δὲ
1143 550 1182 582 ἐκ
1203 549 1335 592 ταύτης
1402 551 1477 582 tum
1511 548 1749 583 substantiam
1783 547 1829 583 ad
1864 548 1956 584 filios
1991 552 2130 585 tantum
2164 552 2360 588 catholicos
2396 562 2476 596 per-

251 598 524 641 κεχωρισμένοι,
557 597 681 630 πᾶσαν
702 595 770 638 τὴν
793 597 870 629 τῶν
892 597 1031 641 γονέων
1054 597 1264 639 περιουσίαν
1287 595 1334 628 εἰς
1402 593 1521 628 venire
1544 593 1739 636 sancimus,
1771 593 1855 628 licet
1879 593 2022 630 ultimas
2052 595 2251 633 voluntates
2273 597 2477 632 huiusmodi

250 641 333 676 τοὺς
357 638 488 676 παῖδας
510 643 570 674 καὶ
593 640 710 684 μόνον
738 639 819 674 τοὺς
842 638 1058 673 καθολικοὺς
1078 639 1332 684 περιέρχεσθαι
1351 642 1388 672 10
1401 647 1576 682 personae
1599 638 1750 673 fecerint
1773 641 1898 673 contra
1920 640 2079 674 tenorem
2102 639 2206 676 huius
2228 646 2372 677 nostrae
2389 652 2474 677 con-

251 686 487 730 θεσπίζομεν,
519 686 550 719 εἰ
581 688 641 719 καὶ
670 683 874 719 τελευταίας
902 683 1088 730 βουλήσεις
1110 683 1157 718 τὰ
1181 685 1333 717 τοιαῦτα
1402 682 1595 718 stitutionis
1621 683 1755 727 aliquid
1778 682 2016 728 disponentes.
2064 683 2102 719 Si
2121 694 2203 720 vero
2226 686 2377 730 posthac
2400 686 2474 721 fra-

251 729 427 785 πρόςωπα
452 729 668 774 ποιήσαιντο
691 729 791 775 παρὰ
814 729 884 773 τὴν
908 727 1064 772 δύναμιν
1080 728 1214 771 ταύτης
1228 726 1333 772 ἡμῶν
1401 731 1475 763 tres
1507 728 1552 763 ab
1584 728 1738 763 ecclesia
1770 728 1927 772 separati
1957 727 2005 763 ad
2034 738 2112 764 eam
2142 731 2302 766 conversi
2331 731 2475 774 fuerint,

250 787 315 819 της
335 774 531 816 διατάξεως
547 773 799 809 ὃιατυπούσας.
837 775 868 808 εἰ
885 772 925 808 δὲ
944 773 1035 818 μετὰ
1052 775 1168 808 ταῦτα
1183 773 1219 807 οἱ
1233 770 1333 807 ἀδελ·
1401 783 1485 818 pars
1509 773 1559 809 eis
1583 777 1787 818 competens
1815 773 1852 808 in
1875 776 1972 808 statu
2000 784 2069 818 quo
2092 774 2236 810 inventa
2257 775 2366 811 fuerit
2387 780 2475 811 tem-

252 824 314 867 φοὶ
345 820 381 855 οἱ
408 823 471 864 τῆς
495 819 677 863 ἐκκλησίας
707 822 961 864 κεχωρισμένοι
993 820 1054 854 ἐπὶ
1083 819 1221 861 ταύτην
1246 815 1333 852 ἀνα·
1402 827 1488 862 pore
1523 828 1592 862 quo
1628 818 1788 852 redditur
1827 818 1877 853 eis
1917 819 2147 863 praebeatur,
2185 822 2228 855 ut
2260 820 2392 855 nullam
2431 821 2476 856 de

251 869 463 911 στρέφουσι,
494 865 536 899 τὸ
561 864 722 909 ἁρμόζον
754 861 872 898 αὐτοῖς
893 867 998 909 μέρος
1029 865 1069 896 ἐν
1092 864 1144 906 τῷ
1169 875 1191 897 σ
1214 860 1334 907 ἠματι,
1350 863 1577 898 15fructibus
1607 868 1670 897 aut
1691 863 1947 907 gubernatione
1977 864 2083 899 medii
2106 865 2275 909 temporis
2298 866 2475 918 inquietu-

252 912 293 945 ἐν
308 904 340 954 ὦ
355 909 521 956 εὑρεθείη
545 910 638 944 κατὰ
663 910 730 944 τὸν
753 908 885 954 χρόνον
915 905 1006 943 καθ’
1034 905 1079 943 ὃν
1104 905 1177 943 ἀπο
1203 906 1333 952 ίδοται,
1402 908 1517 943 dinem
1555 908 1609 943 vel
1644 908 1841 943 molestiam
1877 908 2044 944 catholici
2079 909 2261 953 patiantur
2322 921 2360 945 ιιι
2393 914 2477 946 ante

251 956 390 990 τούτοις
420 958 515 1000 παρέ
533 955 661 996 εσθαι,
697 950 786 989 ᾰίςτε
815 952 994 999 μηδεμίαν
1030 957 1111 999 περὶ
1141 955 1219 988 τῶν
1249 967 1332 998 καρ-
1401 953 1602 998 praedictas
1621 963 1678 988 res
1695 953 1911 995 detinebant,
1936 954 2102 998 quoniam
2126 953 2288 990 huiusmo
2313 966 2328 989 1
2346 965 2476 998 rerum,

252 1002 336 1035 πῶν
366 998 389 1043 ἢ
418 1002 481 1043 τῆς
535 999 719 1043 ιοικήσεως
748 1001 813 1034 τοῦ
842 1003 952 1044 μέσου
982 996 1112 1044 χρόνου
1139 997 1286 1042 ὄχλησιν
1309 995 1332 1042 ἢ
1401 1008 1489 1042 quas
1524 1008 1568 1033 ex
1603 998 1754 1033 fratrum
1792 1001 1894 1043 parte
1934 1009 2006 1034 non
2047 999 2382 1035 communicantium
2415 1010 2476 1036 ca·

253 1045 458 1088 ἑπάχθειαν
491 1045 574 1079 τοὺς
608 1043 824 1078 καθολικοὺς
858 1041 1053 1088 ὑπομένειν
1087 1043 1169 1078 τοὺς
1203 1042 1285 1088 πριύ
1310 1057 1333 1077 ν
1400 1043 1523 1078 tholici
1554 1043 1800 1087 possidebant,
1833 1043 1927 1079 siout
1957 1043 2208 1079 alienationem
2236 1046 2396 1081 vetamus
2426 1046 2477 1080 ita

252 1091 298 1125 τὰ
314 1090 615 1135 μνημονευθέντα
634 1089 830 1135 πράγματα
855 1087 1184 1135 ὃιακρατήσαντας,
1208 1056 1330 1131 inscii]
1347 1090 1387 1123 20
1401 1088 1671 1132 praeteritorum
1691 1091 1891 1133 temporum
1921 1088 2061 1124 fructus
2090 1091 2156 1124 aut
2184 1089 2477 1134 gubernationem

251 1137 329 1170 τῶν
352 1132 530 1170 τοιούτων
551 1135 788 1181 πραγμάτων,
819 1131 928 1169 ἅτινα
959 1136 998 1168 ἐκ
1023 1135 1086 1178 τῆς
1107 1137 1233 1179 μοίρας
1254 1135 1332 1168 τῶν
1400 1133 1602 1168 nullatenus
1633 1133 1679 1168 ab
1703 1133 1759 1168 his
1783 1143 1806 1168 a
1829 1133 1957 1177 quibus
1989 1134 2154 1170 detentae
2184 1138 2269 1170 sunt
2299 1135 2392 1179 exigi
2422 1135 2477 1170 vel

252 1177 422 1227 ἀδελφῶν
448 1181 527 1215 τῶν
561 1180 610 1224 μὴ
642 1176 920 1214 κοινωνούντων
950 1178 986 1213 οἱ
1010 1175 1207 1225 ὀρθόὸοξοι
1230 1176 1331 1222 ἐκτή-
1400 1178 1589 1213 retractari
1623 1178 1870 1231 permittimus.
1919 1178 1957 1214 Si
1991 1183 2109 1214 autem
2144 1189 2258 1224 usque
2290 1180 2337 1214 ad
2370 1180 2476 1215 finem

252 1238 375 1267 σαντο,
401 1221 521 1271 ὥςπερ
540 1225 608 1268 τὴν
624 1226 812 1268 ἐκποίησιν
834 1224 1029 1267 κωλύομεν,
1053 1221 1151 1259 οὕτω
1174 1227 1234 1258 καὶ
1255 1225 1332 1258 τῶν
1400 1223 1493 1257 vitae
1516 1233 1603 1258 suae
1626 1233 1662 1257 ιη
1687 1223 1808 1258 eodem
1833 1234 1953 1259 errore
1975 1234 2047 1259 non
2071 1225 2373 1261 communicantes
2393 1236 2475 1270 per-

252 1270 523 1317 παρελθόντων
553 1266 697 1314 χρόνων
726 1269 808 1304 τούς
835 1270 991 1314 καρποὺς
1022 1267 1044 1312 ἢ
1066 1269 1135 1312 τὴν
1156 1268 1332 1312 διοίκησιν
1402 1267 1607 1309 manserint,
1640 1273 1727 1303 tunc
1752 1268 1947 1304 catholicos
1978 1269 2107 1304 fratres
2131 1269 2185 1305 vel
2208 1269 2356 1305 heredes
2379 1270 2475 1314 ipso-

252 1313 415 1359 οὐδαμῶς
445 1314 545 1360 παρὰ
566 1313 709 1349 τούτων
739 1311 807 1361 ὑφ’
834 1307 888 1349 ὧν
912 1311 1136 1359 διεκρατήθη
1168 1313 1331 1359 εἰςπράτ-
1346 1315 1387 1348 25
1399 1323 1478 1348 rum
1510 1313 1713 1358 plenissimo
1744 1313 1822 1348 iure
1853 1314 1997 1349 dominii
2031 1314 2173 1349 easdem
2203 1324 2262 1350 res
2293 1315 2477 1359 possidere

251 1361 387 1395 τεσθαι
410 1358 433 1404 ἢ
456 1357 525 1394 ἀνα
580 1359 774 1406 λαφᾶσθαι
797 1357 994 1404 κελεύομεν.
1043 1360 1074 1393 εἰ
1094 1357 1134 1393 δὲ
1148 1362 1249 1404 μέχρι
1267 1360 1331 1393 τοῦ
1400 1358 1632 1394 decernimus.
1681 1359 1815 1402 Quodsi
1845 1358 1910 1394 filii
1940 1359 2078 1404 quidem
2110 1370 2231 1395 omnes
2254 1360 2411 1404 perversi
2441 1364 2477 1396 et

251 1409 403 1452 πέρατος
425 1407 488 1449 τῆς
511 1407 523 1438 ἰ
549 1409 603 1439 ίας
626 1406 719 1448 ζωῆς
742 1407 783 1439 ἐν
805 1406 850 1453 τῇ
876 1401 968 1452 αὐτῇ
996 1403 1115 1453 πλάνῃ
1139 1403 1175 1439 οἱ
1195 1405 1244 1448 μὴ
1261 1416 1331 1438 κοι-
1399 1404 1445 1438 ab
1480 1403 1652 1439 ecclesiae
1688 1403 1885 1439 catholicae
1921 1404 2167 1440 communione
2201 1404 2308 1439 alieni
2342 1405 2477 1440 inventi

251 1453 451 1486 νωνοῦντες
482 1448 714 1494 διαμείναιεν,
745 1450 829 1485 τότε
859 1450 941 1484 τοὺς
973 1447 1196 1495 όρθοὸόξους
1230 1446 1330 1483 ἀδελ-
1399 1448 1543 1491 fuerint,
1568 1448 1629 1483 alii
1651 1452 1771 1484 autem
1794 1449 1985 1494 propinqui
2008 1450 2130 1494 agnati
2151 1449 2207 1484 vel
2230 1450 2372 1494 cognati
2394 1450 2476 1486 reli-

279 1496 339 1531 οὺς
369 1494 392 1539 ἢ
423 1494 663 1550 κληρονόμους
697 1492 819 1530 αὐτῶν
854 1492 1090 1540 πληρεστάτῳ
1123 1493 1332 1530 δεσποτείας
1398 1494 1536 1538 gionem
1569 1494 1780 1529 catholicam
1813 1494 1972 1529 colentes
2004 1497 2040 1530 et
2072 1494 2372 1530 communicantes
2397 1505 2476 1531 esse

251 1510 380 1585 ἔικαίφ
416 1540 463 1576 τὰ
499 1537 592 1574 αὐτα
628 1539 825 1587 πράγματα
858 1541 1060 1583 κεκτῆσθαι
1095 1540 1329 1584 θεσπίζομεν.
1344 1541 1386 1574 30
1399 1539 1534 1574 fuerint
1556 1539 1764 1584 approbati,
1798 1549 1859 1574 eos
1883 1539 2003 1575 liberis
2031 1539 2219 1575 haereticis
2242 1540 2411 1585 anteponi
2441 1542 2477 1576 et

250 1587 282 1620 εἰ
302 1584 342 1620 δὲ
361 1585 398 1620 οἱ
412 1583 537 1622 παῖδες
558 1586 626 1630 μὲν
641 1583 774 1620 πάντες
797 1583 1071 1631 διεστραμμένοι
1095 1589 1155 1619 καὶ
1177 1586 1239 1628 τῆς
1259 1598 1329 1619 uon·
1400 1595 1522 1620 eorum
1554 1584 1743 1620 hereditati
1774 1584 1975 1621 succedere.
2021 1584 2060 1621 Si
2089 1594 2172 1621 vero
2201 1584 2304 1621 liberi
2332 1588 2370 1621 et
2393 1595 2475 1631 pro-

251 1634 385 1666 νωνίας
408 1632 471 1675 τῆς
493 1629 689 1674 καθολικῆς
719 1628 902 1674 ἐκκλησίας
925 1628 1106 1678 ἀλλότριοι
1136 1628 1330 1676 εὑρεθεῖεν,

250 1675 351 1710 ἄλλοι
382 1674 422 1711 δὲ
451 1672 640 1723 έγγΰτατοι
675 1688 741 1722 συγ
763 1678 852 1710 ενεῖς
888 1674 927 1716 ἐξ
958 1672 1208 1722 ἀρρενογονίας
1238 1673 1262 1719 ἢ
1291 1676 1331 1708 ἐκ

250 1720 470 1768 θἠλυγονίας
490 1719 560 1763 τὴν
584 1689 791 1764 ὅρθόδοέον
815 1723 941 1756 πίστιν
963 1722 1138 1765 τιμῶντες
1168 1723 1228 1754 καὶ
1259 1733 1330 1754 κοι-

250 1770 399 1801 νωνικοὶ
423 1767 517 1801 εἶναι
540 1762 806 1807 ἀποδειχθεῖεν,
829 1764 975 1800 τούτους
995 1767 1072 1800 τῶν
1091 1763 1236 1801 παίδων
1255 1766 1330 1800 τῶν
1343 1768 1387 1801 35

251 1811 443 1857 αἱρετικῶν
473 1811 729 1857 προτιμᾶσθαι
759 1813 818 1844 καὶ
849 1810 917 1853 τὴν
942 1808 1065 1845 αὐτῶν
1096 1809 1332 1853 διαδέχεσθαι

251 1856 499 1904 κληρονομίαν.
547 1855 578 1888 ei
609 1852 649 1889 δὲ
679 1858 740 1888 καὶ
771 1854 807 1889 οἱ
836 1853 961 1890 παῖδας
991 1859 1052 1890 καὶ
1079 1855 1115 1890 οἱ
1143 1854 1330 1902 ἐγγύτατοι

311 1950 353 1982 37
384 1948 546 1989 -543,8
569 1947 774 1980 summarium
797 1946 874 1980 Ath.
899 1948 1052 1990 repetitur
1075 1947 1108 1980 in
1128 1947 1297 1990 paratitlis
1320 1946 1396 1979 Ath.
1411 1947 1431 1980 2
1447 1950 1462 1986 ξ
1479 1954 1505 1980 ¹1.

249 2080 274 2104 a
295 2068 542 2104 communione
564 2066 766 2103 catholicae
787 2067 959 2103 ecclesiae
981 2066 1162 2112 separati,
1194 2077 1268 2101 non
1293 2066 1400 2102 liceat
1429 2067 1475 2102 iis
1497 2066 1591 2103 alios
1613 2066 1682 2102 sibi
1704 2066 1853 2103 heredes
1882 2068 2070 2104 instituere
2101 2069 2171 2105 nisi
2199 2069 2330 2106 liberos
2354 2070 2476 2107 ortho-

249 2113 371 2149 doxos
393 2117 428 2148 et
451 2112 653 2148 catholicae
675 2112 846 2148 ecclesiae
869 2111 1116 2148 communione
1139 2114 1290 2153 utentes,
1314 2116 1380 2146 aut
1402 2111 1523 2147 liberis
1546 2122 1620 2147 non
1644 2112 1855 2148 extantibus
1877 2124 1927 2149 ex
1947 2112 1997 2149 ad
2022 2115 2169 2149 natione
2193 2114 2248 2150 vel
2269 2125 2319 2150 ex
2342 2126 2385 2151 co
2414 2127 2477 2151 na—

251 2160 348 2195 tione
364 2158 611 2209 propinquos,
643 2158 709 2203 qui
736 2157 873 2192 scillcet
902 2156 1072 2192 catholici
1100 2156 1183 2191 sint.
1229 2154 1368 2199 Quodsi
1400 2161 1441 2192 ut
1468 2157 1514 2201 fit
1543 2167 1593 2192 ex
1626 2156 1747 2192 liberis
1777 2157 1842 2193 alii
1872 2157 1977 2194 ortho
2005 2159 2071 2194 oxi
2100 2164 2183 2194 sunt
2212 2163 2249 2195 et
2277 2160 2385 2196 catho
2401 2162 2478 2197 icae

249 2203 420 2240 ecclesiae
449 2203 699 2238 communione
729 2207 892 2244 utuntur,
925 2201 990 2236 atii
1020 2205 1139 2237 autem
1170 2200 1215 2236 ab
1248 2212 1292 2237 ea
1323 2202 1488 2248 separati
1510 2205 1614 2243 sunt,
1646 2212 1784 2237 omnem
1812 2208 2005 2249 parentum
2033 2203 2270 2240 substantiam
2300 2204 2351 2240 ad
2377 2206 2479 2242 solos

250 2249 382 2285 liberos
405 2247 604 2283 catholicos
624 2247 815 2294 pervenire
836 2246 1030 2288 sancimus,
1062 2247 1206 2282 etiamsi
1225 2246 1401 2281 eiusmodi
1426 2257 1607 2293 personae
1638 2247 1785 2283 ultimas
1813 2247 2015 2284 voluntates
2042 2248 2200 2293 fecerint
2231 2260 2326 2296 quae
2349 2255 2478 2286 contra

250 2294 319 2330 vim
342 2293 450 2329 huius
473 2292 740 2328 constitutionis
762 2297 912 2328 nostrae
929 2291 1174 2338 praecipiant.
1221 2290 1263 2326 Si
1287 2302 1370 2327 vero
1396 2296 1528 2338 postea
1557 2292 1699 2338 fratres
1731 2293 1775 2328 ab
1807 2293 1957 2329 ecclesia
1986 2294 2149 2340 separati
2179 2294 2228 2329 ad
2257 2306 2336 2330 eam
2358 2306 2477 2332 rever-

253 2338 373 2381 terint,
394 2339 519 2385 portio
543 2338 589 2373 iis
612 2337 731 2373 debita
755 2338 792 2372 in
816 2348 859 2372 eo
883 2340 1000 2379 statu,
1023 2337 1062 2371 in
1082 2347 1155 2382 quo
1179 2336 1324 2372 inventa
1345 2337 1463 2382 fuerit
1485 2347 1558 2383 quo
1583 2341 1742 2383 tempore
1764 2338 1939 2380 redditur,
1971 2338 2016 2374 iis
2033 2339 2269 2385 praebeatur,
2299 2343 2340 2376 ut
2361 2344 2477 2377 tamen

250 2384 386 2419 nullum
410 2382 454 2419 de
475 2382 658 2428 fructibus
688 2382 744 2418 vel
771 2381 816 2418 de
839 2381 1155 2418 administratione
1184 2381 1291 2417 medii
1322 2382 1493 2428 temporis
1524 2382 1788 2417 incommodum
1816 2382 2058 2420 molestiamve
2088 2383 2260 2420 catholici
2281 2385 2479 2431 patiantur

250 2430 315 2476 qui
331 2428 544 2475 praedictas
566 2439 626 2464 res
641 2428 752 2480 prius
775 2427 1015 2469 detinuerant,
1050 2426 1223 2473 quoniam
1246 2426 1420 2462 eiusmodi
1444 2437 1582 2469 rerum,
1614 2438 1707 2472 quas
1729 2438 1780 2463 ex
1793 2428 1971 2479 portione
1998 2429 2160 2473 fratrum
2183 2429 2285 2464 nulla
2308 2430 2478 2467 ecclesiae

250 2474 500 2510 communione
529 2478 705 2509 utentium
736 2471 935 2508 orthodoxi
965 2472 1252 2518 acquisz'verunt,
1282 2472 1378 2507 sicut
1408 2472 1660 2508 alienationem
1687 2471 1931 2518 prohibemuS,
1967 2473 2020 2509 ita
2050 2484 2095 2509 ne
2110 2475 2306 2520 praeteriti
2360 2475 2477 2511 uidem

251 2519 424 2565 temporis
444 2519 592 2565 fructus
615 2518 672 2554 vel
693 2517 1041 2553 administrationem
1064 2517 1141 2552 ullo
1164 2516 1271 2552 modo
1295 2516 1340 2552 ab
1364 2518 1410 2552 iis
1441 2518 1505 2563 qui
1527 2527 1591 2553 eas
1613 2516 1854 2559 detinuerunt,
1886 2518 1989 2565 exiqi
2011 2518 2069 2555 vel
2089 2519 2284 2555 retractari
2306 2520 2344 2555 iu
2367 2531 2476 2556 emus.

250 2563 388 2608 Quodsi
404 2575 517 2610 usque
532 2563 582 2599 ad
593 2563 701 2608 finem
726 2564 820 2598 vitae
842 2573 931 2598 suae
955 2563 992 2597 in
1012 2561 1134 2598 eodem
1157 2572 1283 2597 errore
1305 2562 1333 2597 ii
1352 2562 1415 2608 qui
1435 2561 1604 2598 ecclesiae
1627 2563 1875 2598 communione
1897 2573 1971 2598 non
1986 2566 2140 2599 utuntur
2156 2566 2477 2611 perseveraverint,

252 2615 326 2645 tum
347 2608 577 2645 orthodoxos
597 2609 740 2654 fratres
762 2608 817 2643 vel
835 2606 984 2643 heredes
1005 2617 1129 2643 eorum
1145 2607 1358 2653 plenissimo
1382 2607 1532 2642 dominii
1554 2607 1634 2642 iure
1653 2606 1794 2642 easdem
1818 2618 1877 2643 res
1893 2608 2085 2654 possidere
2103 2610 2294 2645 sancimus.
2329 2609 2372 2646 Si
2392 2620 2477 2646 vero

251 2654 354 2690 liberi
374 2653 517 2700 quidem
537 2664 659 2689 omnes
671 2653 838 2700 perversi
862 2656 973 2698 atque
987 2663 1011 2688 a
1027 2652 1274 2687 communione
1294 2651 1495 2688 catholicae
1514 2651 1684 2688 ecclesiae
1703 2652 1814 2688 alieni
1833 2655 1971 2699 reperti
1985 2653 2070 2696 sint,
2093 2654 2158 2689 alii
2177 2658 2296 2690 autem
2310 2655 2479 2702 proximi

250 2710 301 2736 ex
323 2699 546 2746 adqnatione
574 2703 639 2734 aut
662 2709 711 2734 ex
734 2698 954 2745 coquatione
985 2696 1229 2733 orthodoxam
1255 2697 1364 2742 fidem
1387 2697 1506 2734 colere
1534 2701 1572 2733 et
1591 2698 1630 2732 in
1652 2696 1823 2734 ecclesiae
1845 2698 2093 2734 communione
2122 2710 2200 2734 esse
2217 2699 2370 2745 probati
2392 2700 2477 2742 sint,

251 2744 290 2780 hi
313 2743 435 2780 liberis
457 2743 648 2780 haereticis
664 2748 948 2791 praeponantur
969 2747 1007 2778 et
1027 2742 1067 2777 in
1088 2752 1214 2778 eorum
1237 2741 1470 2779 hereditatem
1492 2741 1697 2778 succedant.
1743 2741 1787 2778 Si
1806 2753 1889 2779 vero
1913 2747 1947 2779 et
1967 2742 2070 2778 liberi
2088 2747 2125 2779 et
2139 2745 2307 2790 proximi
2325 2744 2479 2790 adqnati

318 2882 335 2915 1
360 2877 568 2921 καθολικῆς]
592 2876 615 2912 ἁ
639 2881 694 2913 ίας
715 2879 748 2913 A
770 2878 784 2922 ΙΙ
808 2879 829 2912 2
854 2876 914 2923 ἐξῇ
940 2877 997 2910 Pr.
1008 2878 1158 2921 plerique
1173 2877 1185 2920 ΙΙ
1204 2873 1331 2910 αὐτοὺς
1398 2877 1592 2910 τοιαῦταΑ
1608 2876 1621 2920 Ι]
1638 2878 1680 2911 31
1693 2878 1762 2920 μὲν
1778 2890 1836 2910 om.
1850 2877 1882 2911 L
1899 2876 1912 2921 Ι
1929 2873 2060 2911 πάντες
2075 2889 2134 2911 om.
2148 2878 2192 2911 M
2203 2878 2216 2921 l}
2235 2879 2277 2912 32
2293 2876 2477 2921 ἐκκλησίας

252 2926 294 2968 A,
317 2925 373 2959 Pr.
383 2926 531 2968 plerique
546 2925 558 2966 ΙΙ
575 2921 598 2957 ὅ
622 2922 699 2958 λους
723 2937 782 2958 om.
795 2923 853 2957 Pr.
862 2936 892 2957 υ.
903 2925 922 2955 l.
940 2922 953 2966 ΙΙ
971 2923 990 2957 3
1015 2921 1152 2956 ἑαυτοῖς
1175 2918 1331 2956 ἀνιστᾶν
1399 2935 1457 2955 om.
1474 2922 1540 2966 Ep.
1557 2921 1570 2967 [Ι
1589 2923 1631 2956 33
1654 2919 1755 2955 ἄλλοι
1780 2919 1820 2955 δὲ
1847 2941 1882 2946 -
1911 2923 1953 2956 35
1973 2918 2226 2964 ἀποδειχθεῖσιν
2251 2936 2308 2957 om.
2322 2924 2445 2958 Νοιη.”ι
2465 2927 2476 2969 l}

253 2971 285 3005 L
309 2969 458 3004 ἐνιστᾶν
473 2968 609 3003 ἑαυτοῖς
633 2968 748 3003 Nom.‘²
768 2967 781 3014 ΙΙ
811 2971 832 3003 4
855 2968 1131 3009 κοινωνοῦντας]
1156 2969 1331 3014 συγγενεῖς
1399 2967 1438 3000 ἐκ
1462 2979 1520 3000 om.
1534 2966 1690 3002 ANomJ
1707 2966 1788 3045 ss⁶34
1807 2963 2025 3011 ὄρθ’όὸοξον]
2049 2967 2244 3001 catholicam
2265 2967 2312 3012 ςΙ]
2338 2971 2397 3001 καὶ
2417 2982 2475 3003 om.

253 3017 376 3051 Nom.m
401 3015 414 3059 ss
435 3016 540 3056 5καὶ]
564 3012 631 3056 ἢΑ
646 3015 658 3058 ΙΙ
677 3015 716 3047 ἐκ
732 3027 791 3048 om.
806 3014 906 3048 APr.
915 3013 980 3057 Ep.
994 3012 1136 3048 Nom.‘¹m
1161 3012 1175 3057 ΙΙ
1202 3011 1330 3047 fixa-9·
1398 3012 1430 3046 A
1450 3011 1463 3056 ΙΙ
1489 3014 1532 3047 35
1556 3011 1660 3053 εἶναι]
1692 3024 1709 3045 e
1741 3025 1764 3046 ν
1787 3014 1847 3045 καὶ
1871 3013 1927 3047 Pr.
1941 3013 2006 3056 Ep.
2033 3011 2046 3056 ΙΙ
2068 3013 2145 3047 τῶν
2168 3010 2316 3047 παίδων
2339 3027 2398 3048 om.
2418 3015 2476 3048 Fr.

253 3059 401 3101 ολικοὺς]
426 3056 649 3106 ὀρθοδόξους
667 3060 726 3093 Pr.
739 3061 804 3103 Ep.
824 3058 873 3102 119
898 3058 945 3092 εἰς
967 3057 1062 3100 τοὺς]
1086 3056 1170 3092 τοὺς
1193 3071 1251 3092 om.
1266 3059 1296 3091 A
1319 3059 1330 3099 ΙΙ
1399 3070 1490 3098 αηας,
1513 3057 1591 3091 τῶν
1615 3070 1672 3091 om.
1686 3058 1747 3101 A!
1771 3058 1812 3091 37
1833 3054 2085 3100 κληρονομίαν]
2108 3055 2297 3101 κελεύομεν
2320 3060 2443 3094 adata
2464 3058 2477 3104 ΙΙ

255 3108 296 3140 10
319 3103 450 3149 μόνους
474 3106 530 3139 Pr.
551 3118 641 3145 unus,
666 3105 731 3158 Ep.
762 3105 775 3146 ΙΙ
803 3102 885 3137 τοὺς
908 3099 1128 3147 όρθοδόξους
1151 3103 1208 3137 Pr.
1229 3103 1293 3146 Ep.
1317 3101 1330 3147 ss
1398 3104 1458 3134 καὶ
1478 3115 1535 3136 om.
1551 3102 1608 3135 Pr.
1624 3114 1714 3143 unus,
1727 3102 1774 3142 ςΙΙ
1792 3100 1830 3135 οἱ
1850 3115 1909 3136 om.
1923 3103 1954 3136 A
1970 3104 1982 3145 ΙΙ
2005 3105 2066 3136 καὶ
2090 3117 2148 3137 om.
2166 3104 2218 3137 L⁶

254 3149 425 3193 ἔρχεσθαι
437 3150 503 3194 Ep.
521 3150 534 3194 fl
553 3152 592 3184 11
610 3148 797 3193 κελευομεν
808 3149 840 3183 A
856 3149 869 3192 ΙΙ
885 3146 1014 3192 βουλῆς
1036 3148 1084 3181 εἰς
1107 3146 1154 3181 τὰ
1174 3148 1295 3182 Νοηι.’”
1319 3154 1333 3192 ΙΙ

258 3198 297 3230 12
321 3193 536 3237 ποιήσαιντο
567 3193 772 3237 (ποιήσαιτο
796 3207 825 3228 υ.
851 3196 887 3236 l.)
910 3194 981 3235 Pr.]
1017 3193 1227 3235 ποιήσοιντο
1250 3193 1331 3227 ML
1458 3193 1479 3225 2
1494 3191 1630 3225 heredes
1645 3191 1729 3225 alios
1744 3192 1776 3225 T
1787 3192 1800 3235 Ι]
1818 3192 1838 3225 3
1855 3192 2007 3226 ecclesias
2029 3193 2060 3226 V
2073 3193 2087 3235 [l
2102 3194 2123 3227 4
2140 3192 2190 3226 vel
2205 3192 2332 3235 liberis]
2350 3192 2402 3226 vol
2415 3205 2472 3226 οιι.

254 3240 394 3275 Nomen·
418 3239 638 3282 ἐποιήσαντο
662 3242 692 3273 A
717 3241 729 3283 ΙΙ
749 3236 882 3280 ταύτης
904 3235 1010 3282 ἡμῶν
1031 3238 1103 3280 τῆς]
1128 3238 1189 3280 τῆς
1211 3235 1331 3272 τοιαύ-
1365 3240 1367 3265 ἶ
1399 3237 1478 3281 ΒῚ
1501 3239 1521 3272 5
1541 3237 1609 3270 sint
1628 3237 1767 3281 Vvu19.]
1790 3240 1870 3270 sunt
1894 3238 1963 3270 RT
1974 3237 1987 3281 ΙΙ
2009 3237 2056 3271 ali
2076 3238 2125 3271 R¹
2143 3237 2156 3282 ΙΙ
2179 3239 2200 3272 6
2223 3238 2292 3271 sint
2315 3237 2374 3282 T.
2396 3239 2415 3270 7
2435 3248 2474 3270 οο

254 3283 443 3363 ἷέἶιῆἴὶἶῖἕ
460 3287 498 3363 ,ῖῖ
515 3285 558 3363 ¹¹m¹
566 3282 959 3374 {ss‘f'LZ'issssttgiffff
965 3283 983 3372 ἰι
993 3283 1064 3363 ”1²1³
1075 3281 1332 3373 323222335
1398 3282 1807 3370 ἔῗιὲἐέἒῗῑὶῗῖρῖῗὲῖῖῗὲ
1822 3280 2475 3370 ῗῗεῖῗῗιῗιὲἰωαῖᾆῖιῗὲἕῖἳῗιῗοῖζοὲ

256 3343 377 3408 Nomi]m
386 3376 451 3418 Ep.
475 3343 732 3421 έιξισςτρέτιμεουσι
747 3375 804 3408 Pr.
813 3375 874 3408 v.L
891 3374 904 3418 Ι
924 3376 966 3408 15
978 3371 1163 3418 ἁρμόττον
1175 3339 1232 3407 lgr.
1242 3374 1307 3417 Ep.
1319 3374 1330 3416 Η
1398 3375 1527 3404 tantum
1550 3374 1674 3414 (tamen
1693 3372 1754 3414 T2)
1779 3372 1835 3415 ΤΙΙ
1857 3375 1896 3407 10
1917 3382 2075 3414 personae
2099 3385 2159 3408 om.
2182 3372 2238 3416 V.
2254 3372 2296 3406 12
2317 3380 2388 3403 eam
2413 3384 2471 3403 om.

259 3421 300 3452 16
323 3419 414 3452 κατὰ
438 3421 507 3453 τὸν
522 3419 655 3464 χρόνον
677 3416 722 3453 ὃν
745 3421 801 3453 Pr.
818 3420 970 3463 plerique
1005 3414 1100 3451 καθ’
1126 3415 1172 3451 ὃν
1200 3416 1332 3463 χρόνον
1401 3417 1433 3450 T
1440 3418 1450 3437 ¹
1466 3416 1479 3461 ΙΙ
1508 3419 1547 3451 13
1572 3417 1685 3459 fuerit]
1716 3418 1795 3450 suut
1822 3418 1854 3450 T
1872 3419 1885 3460 Ι
1914 3420 1956 3452 14
1980 3418 2109 3451 reditur
2132 3418 2165 3451 R
2197 3415 2322 3450 reditu·
2346 3415 2401 3458 ΤΙΙ
2421 3419 2471 3457 ut]

258 3464 289 3496 A
312 3464 325 3502 11
353 3467 388 3497 17
417 3461 514 3507 ὥςτε]
545 3463 593 3498 ὠς
615 3467 674 3499 Pr.
692 3465 705 3509 ΙΙ
723 3466 763 3500 19
786 3463 868 3498 τοὺς
890 3460 1110 3509 όρθοδόξους
1131 3464 1187 3497 Pr.
1213 3463 1227 3508 ΙΙ
1250 3462 1332 3497 τοὺς
1399 3463 1431 3494 et
1450 3462 1482 3495 T
1490 3463 1498 3482 ¹
1518 3463 1531 3505 ΙΙ
1552 3464 1591 3496 17
1616 3473 1667 3495 res
1688 3462 1733 3503 V]
1758 3475 1815 3496 om.
1830 3462 1899 3495 ΒΤ
1927 3462 1933 3507 Ι
1957 3461 2157 3503 huiusmodi]
2179 3459 2366 3494 huiusmodi
2391 3471 2470 3494 uero

258 3504 396 3551 πρώην]
421 3505 468 3542 αἱς
491 3509 619 3554 πρώην
641 3510 701 3553 ΑΙΙ
727 3511 768 3544 20
793 3506 928 3551 ἐπειδὴ]
961 3510 1022 3543 ἐπὶ
1046 3506 1086 3542 δὲ
1109 3508 1168 3552 An
1194 3509 1236 3543 22
1260 3519 1331 3542 κοι-
1400 3506 1521 3539 RVT¹
1545 3518 1625 3540 uero
1641 3506 1834 3540 huiusmodi
1851 3507 1901 3541 T²
1956 3508 1996 3543 18
2015 3505 2174 3541 catholice
2194 3503 2270 3547 1⁷¹!
2291 3506 2330 3538 19
2348 3505 2469 3547 praesi-

259 3550 490 3595 νωνούντων]
522 3556 566 3597 τῆ
598 3552 766 3598 ἐκκλησία
791 3556 866 3588 add.
890 3556 921 3588 A
950 3554 964 3597 Ι]
990 3554 1235 3596 έπεκτήσαπο
1254 3554 1286 3587 L
1320 3552 1333 3595 ΙΙ
1397 3550 1520 3584 debant
1537 3551 1582 3585 Τι
1604 3552 1791 3586 residebant
1810 3551 1860 3586 V²
1883 3552 1896 3595 ΙΙ
1923 3554 1963 3587 21
1990 3550 2150 3591 ddum]
2171 3548 2302 3600 d⁰²⁸¹¹t9
2318 3550 2395 3601 'BT
2414 3550 2469 3583 de·

262 3597 303 3629 23
327 3595 526 3639 ἐκωλύομεν
551 3600 606 3632 Pr.
621 3613 702 3633 unus
720 3600 732 3644 ΙΙ
752 3599 830 3633 τῶν
853 3612 912 3632 om.
929 3599 1051 3633 Nomfl·
1076 3599 1089 3642 ΙΙ
1112 3600 1154 3633 25
1177 3596 1331 3639 τούτων]
1397 3598 1490 3628 tenta
1507 3597 1562 3640 Vn
1580 3598 1621 3632 23
1635 3608 1703 3631 non
1721 3596 1842 3631 deLR³
1857 3597 1871 3640 11
1888 3597 1931 3631 24
1943 3605 2055 3630 eorum
2067 3593 2128 3636 Ru
2146 3594 2188 3628 25
2201 3592 2375 3627 domimo?
2396 3595 2448 3628 T¹
2459 3598 2471 3638 H

261 3640 338 3673 τῶν
357 3642 387 3673 Α
405 3642 417 3682 ΙΙ
433 3639 724 3686 διεκρατήθησαν
740 3645 771 3678 Α
793 3644 806 3688 ΙΙ
833 3647 874 3678 27
900 3645 939 3677 dv
962 3644 1007 3686 τῆ
1030 3641 1148 3685 πλάνη
1171 3643 1216 3685 τῆ
1241 3639 1332 3682 αὐτῆ
1399 3642 1440 3674 26
1462 3641 1595 3682 quidem
1618 3655 1677 3676 om.
1694 3642 1728 3676 T
1740 3642 1754 3685 Ι]
1777 3643 1818 3676 27
1835 3639 2058 3675 communioni
2077 3637 2157 3681 Va.
2182 3639 2224 3673 29
2245 3639 2468 3677 communica-

263 3685 292 3718 A
310 3684 323 3727 ΙΙ
341 3686 382 3719 28
406 3683 647 3728 1·“δια,ιιείνοιεν
662 3686 876 3732 (διαμένοιεν
885 3689 943 3723 Pr.
957 3690 1032 3730 ml.)
1048 3690 1124 3722 libri
1139 3690 1152 3732 u
1169 3689 1212 3722 30
1226 3684 1330 3729 αὐτὰ]
1398 3691 1484 3721 tores
1497 3686 1575 3719 RT¹
1590 3688 1676 3734 vulq.
1693 3686 1706 3733 Ι
1730 3687 1808 3728 esse]
1832 3685 1968 3722 ecclesie
1992 3683 2041 3721 R'
