2586 3990
222 141 328 185 Nov.
359 138 578 183 CXXVIII
607 140 674 180 24.
705 139 759 179 25
781 150 847 193 ep.

221 247 537 289 καταπιστευθείη,
572 245 760 291 κελεύομεν
792 243 906 282 αιίτὸν
942 249 1095 291 νομίμου
1128 245 1301 281 ἐντολέως

220 291 510 338 προβαλλομένου
528 293 601 325 τοῖς
621 291 685 326 τὰς
705 291 889 338 ἐναγωγὰς
909 289 1000 336 ὑπὲρ
1017 291 1156 336 ζημιῶν
1176 304 1298 336 προτι-

219 338 341 372 &stow
358 333 633 381 ἀποκρίνεσθαι.
667 333 758 380 ὅπερ
774 338 805 371 εἰ
824 336 873 379 μὴ
891 335 1048 380 πράξειε,
1073 336 1299 380 θεσπίζομεν

219 385 278 435 agal
294 378 536 434 ὑπομνήματα
554 379 657 435 παρὰ,
671 382 724 423 τῷ
743 378 937 423 ὁσιωτάτῳ
955 379 1159 433 ἐπισμόπῳ,
1174 382 1302 415 καθώς

1281 134 1366 182 646

2023 153 2084 183 DE
2094 158 2103 165 ¹*
2114 150 2445 184 COLLA'I'ORIBUS

1367 248 1585 293 proviiiciam
1615 247 1651 283 ei
1678 247 1854 292 credatur,
1884 248 2045 286 iubemus
2076 259 2156 286 eum
2183 249 2339 294 legitimo
2361 259 2445 296 prc-

1368 294 1533 328 curatore
1556 292 1750 328 constitutc
1781 293 2032 331 conventiones
2062 305 2127 341 pro
2151 294 2289 331 damnis
2313 304 2444 340 propc-

1369 337 1536 373 nentibus
1570 337 1797 382 respondere.
1849 337 1951 382 Quod
1985 339 2054 376 nisi
2086 339 2229 382 fecerit,
2265 339 2445 375 sancimus

1367 383 1594 417 monumenta
1617 382 1714 426 apud
1737 382 2000 419 sanctissimum
2022 385 2240 430 episcopum,
2268 384 2362 420 sicut
2385 394 2445 420 su-

219 428 386 470 ανωτέρω
407 427 553 470 εἰρηται,
583 426 826 477 πραττεσθαι,
851 428 910 458 καὶ
934 428 1007 459 τοῖς
1031 427 1122 479 υπᾷρ
1145 427 1222 480 τῶν
1243 428 1300 469 ζη-
1336 430 1354 461 5
1368 427 1487 470 petius
1511 426 1647 462 dictum
1667 430 1736 470 est,
1767 427 1843 471 agi,
1875 429 1911 462 et
1933 438 1999 473 pro
2022 428 2160 466 damnis
2184 429 2294 465 illatis
2317 429 2368 465 eis
2391 429 2444 464 iu-

217 471 314 514 μιιῦν
332 470 409 503 τῶν
426 469 660 512 έπαχθεισων
684 467 804 504 αὐτοῖς
828 466 984 514 ὄμόσασι
1008 482 1102 503 κατα
1131 483 1199 512 την
1223 472 1301 504 τῶν

218 517 485 561 πεπραγμένων
519 511 676 558 δύναμιν
712 515 838 549 πᾶσαν
875 516 1007 559 ζημίαν
1035 511 1300 558 ἀποδίδοσθαι,

217 563 371 604 προνοίᾳ
395 556 527 603 ὁμοίως
557 562 617 592 καὶ
640 555 800 603 κινδύνῳ
824 560 901 594 τῶν
921 559 1015 593 κατὰ
1038 558 1168 605 καιρὸν
1190 559 1301 606 ἐπάρ-

216 616 292 646 χων
315 606 375 637 καὶ
398 605 476 638 τῶν
499 604 650 647 ἑκάστης
674 605 845 649 ἐπαρχίας
868 605 1107 651 τρακτευτῶν.

1367 471 1533 507 rantibus
1557 471 1751 507 secundum
1775 474 1954 515 gestorum
1977 473 2140 509 virtutem
2157 484 2259 510 omne
2278 473 2446 510 damnum

1367 515 1486 558 reddi,
1518 516 1743 561 providentia
1775 516 1936 552 similiter
1966 520 2003 553 et
2023 518 2182 564 periculo
2213 529 2277 563 per
2305 522 2445 564 tempus

1367 561 1631 641 glaffictorum
1667 564 1704 597 et
1739 561 2016 608 uniuscuiusque
2050 563 2254 608 provinciae
2286 567 2445 600 tracteu-

1185 715 1341 752 CAPUT
1365 715 1477 752 XXV.

272 778 399 817 Πάσας
422 779 463 816 δὲ
484 782 549 816 τὰς
570 784 789 838 χρηματικὰς
812 782 942 818 ποινὰς
971 783 1035 818 τὰς
1063 784 1115 826 τῷ
1141 782 1298 831 παρόντι
1316 786 1356 819 10
1422 783 1553 820 Omnes
1584 786 1704 820 autem
1734 784 1962 830 pecuniarias
1993 794 2127 830 poenas
2158 795 2249 830 quae
2268 785 2446 839 praesenti

216 824 320 872 νόμῳ
340 830 591 871 περιεχομένας
614 841 685 863 υπο
701 829 765 862 τοῦ
785 827 878 861 κατὰ
897 827 1026 874 καιρὸν
1047 827 1200 871 κόμητος
1222 830 1300 863 τῶν

217 871 410 917 πριβάτων
433 871 714 918 acaedam-90⁶⁶
736 873 819 908 τούς
834 872 902 907 τὸν
919 873 1086 918 παρόντα
1111 874 1227 917 νόμον
1279 873 1298 917 ὴ

217 914 464 962 φυλάττοντας
493 920 553 950 καὶ
577 919 630 961 τῷ
654 915 815 964 ἡμετέρῳ
842 921 960 963 φίσκῳ
986 915 1212 952 ἐκδικεῖσθαι
1267 932 1299 952 ε-

217 963 403 1017 σπίζομεν,
435 958 527 1014 &esne
557 963 589 996 εἰ
617 962 666 1017 μὴ
698 965 815 997 ταῦτα
847 959 1043 1006 ἐκδικήσει,
1077 960 1185 998 αὐτὸς
1207 963 1298 1007 μετὰ

1367 828 1445 873 lege
1479 828 1708 865 continentur
1741 840 1763 865 a
1795 830 1921 866 comite
1956 839 2020 875 per
2055 833 2194 875 tempus
2228 834 2445 876 privatarum

1367 883 1486 910 rerum
1516 874 1574 910 exi
1598 874 1611 909 i
1633 884 1694 910 eos
1726 875 1787 919 qui
1810 877 2034 920 praesentem
2063 876 2175 918 legem
2208 885 2281 911 non
2304 879 2447 910 servant

1369 920 1405 954 et
1427 922 1550 955 nostro
1588 919 1660 954 'sco
1685 919 1858 955 vindicari
1881 920 2071 963 sancimus,
2104 920 2165 964 qui
2187 920 2255 956 nisi
2286 929 2346 955 eas
2370 920 2445 956 vin-

1368 963 1545 1006 dicaverit,
1567 964 1644 1008 ipse
1665 974 1745 999 cum
1763 965 1984 1001 ministrante
2004 965 2071 1000 sibi
2091 965 2214 1001 schola
2233 974 2278 1000 ex
2298 965 2447 1010 propria

215 1008 279 1050 τῆς
303 1018 547 1062 υπηρετουκσης
592 1009 694 1050 αυτῷ
729 1006 855 1061 σχολῆς
891 1009 929 1040 ἐκ
964 1008 1028 1050 τῆς
1063 1006 1154 1042 ἰδίας
1188 1006 1299 1043 αὐτοῦ
1315 1010 1354 1043 15
1368 1008 1540 1044 facultate
1564 1008 1671 1044 huius
1695 1010 1929 1054 quantitatem
1955 1010 2092 1045 solvere
2117 1009 2264 1054 cogitur.

216 1055 421 1097 περιουσίας
447 1064 517 1095 την
540 1050 685 1086 τούτων
719 1063 907 1095 ποσοτητα
938 1051 1158 1096 καταβαλεῖν
1189 1049 1298 1100 ἄναγ-

216 1094 452 1139 κασθὴσεται.

274 1138 562 1196 <Ἐπίλογοςῖ>
602 1137 729 1176 ’Ἀτινα
762 1145 887 1177 τοίνυν
923 1139 984 1175 διὰ
1019 1143 1083 1176 τοῦ
1119 1141 1300 1187 παρόντος

1422 1141 1707 1195 (Epilogus.)
1752 1141 1850 1186 Quae
1873 1142 1980 1187 igitur
2008 1153 2073 1188 per
2096 1146 2318 1188 praesentem
2350 1143 2445 1179 salu-

216 1183 466 1242 cmrvyowidovf
496 1199 611 1231 νομου
644 1187 708 1221 τοῦ
743 1187 791 1221 εἰς
825 1185 868 1222 τὸ
903 1184 1061 1230 διηνεκὲς
1092 1187 1300 1242 ἰσχύσαντος
1366 1190 1478 1223 tarem
1501 1187 1612 1231 legem
1634 1197 1671 1222 ln
1694 1196 1758 1232 per
1784 1190 1905 1223 etuum
1928 1187 2114 1223 valituram
2143 1198 2208 1233 pro
2233 1188 2387 1224 utilitate
2411 1191 2447 1223 et

215 1229 307 1285 ιξπὲρ
337 1232 401 1275 τῆς
430 1230 602 1278 wael-etas
633 1234 692 1265 καὶ
720 1231 976 1266 καταστάσεως
1006 1233 1090 1286 τῶν
1114 1235 1299 1278 ημετέρων
1313 1235 1354 1268 20
1368 1234 1466 1268 statu
1488 1235 1691 1268 nostrorum
1723 1242 1764 1267 co
1794 1234 1932 1268 aterum
1963 1232 2216 1277 disposuimus,
2247 1234 2312 1268 tua
2334 1233 2447 1277 gloria

216 1275 405 1312 υποτελών
429 1274 715 1321 διετυπώσαμεν,
742 1275 764 1320 ἡ
789 1277 829 1310 o*
852 1274 1042 1320 ἐνδοξότης
1065 1290 1215 1322 ατρωτα
1238 1281 1299 1312 καὶ

215 1319 399 1356 ἀσάλευτα
415 1319 476 1355 διὰ
493 1320 648 1356 πάντων
663 1334 812 1368 παραφυ
836 1322 998 1366 αχθῆναι
1014 1323 1220 1365 σπευσάτω,
1241 1325 1299 1356 καὶ

215 1367 263 1401 εἰς
293 1365 363 1411 τὴν
392 1364 573 1402 ἁπάντων
601 1368 742 1413 γνῶσιν
771 1366 896 1402 ἐλθεῖν
927 1367 1115 1410 ποιησάτω
1147 1365 1297 1402 ἰὸίκτων

215 1411 307 1446 κατὰ
328 1411 398 1455 τὴν
420 1410 594 1456 βασιλίδα
617 1409 726 1447 πόλιν
749 1412 1042 1458 προτιθεμένων,
1075 1413 1135 1446 ἵνα
1159 1409 1209 1446 δι’
1237 1409 1298 1445 αὖ·

214 1458 292 1491 τῶν
315 1458 407 1493 πᾶσι
431 1455 523 1491 δ”λα
544 1459 701 1504 γένηται.

273 1503 318 1537 D.
334 1513 416 1538 vm.
441 1502 454 1537 i
480 1530 488 1538 .
510 1502 589 1537 Iun.
616 1502 684 1538 GP.
708 1502 792 1546 imp.
817 1501 875 1537 dn.
902 1501 1089 1537 Iustiniani
1142 1512 1178 1546 p.
1203 1503 1295 1547 Aug.

1366 1277 1537 1313 inviolata
1568 1279 1604 1312 et
1633 1277 1778 1313 immota
1808 1287 1872 1323 per
1896 1277 2014 1313 omnia
2046 1287 2189 1314 servare
2211 1277 2356 1313 festinet
2378 1279 2446 1323 (et)

1368 1323 1405 1358 in
1429 1323 1586 1358 omnium
1609 1322 1771 1358 notitiam
1802 1322 1922 1358 venire
1943 1322 2071 1366 faciat,
2101 1322 2225 1359 edictis
2247 1323 2387 1368 quidem
2409 1322 2447 1358 in

1364 1368 1433 1403 hac
1464 1367 1561 1412 regia
1592 1367 1734 1403 civitate
1765 1367 1980 1404 sollemniter
2008 1367 2212 1413 propositis,
2244 1368 2444 1413 praeceptis

1367 1416 1487 1448 autem
1504 1412 1599 1457 apud
1615 1412 1829 1449 clarissimos
1852 1412 2112 1458 provinciarum
2134 1413 2269 1449 iudices
2289 1413 2445 1456 directis,

1311 1459 1352 1492 25
1367 1461 1407 1493 ut
1429 1467 1494 1503 per
1518 1468 1580 1494 eos
1601 1458 1765 1495 omnibus
1790 1458 2020 1494 collatoribus
2042 1457 2232 1494 manifesta
2254 1458 2354 1494 fiant.

214 1556 309 1583 anno
321 1547 420 1583 XIX.
433 1550 516 1592 post
532 1557 630 1583 cons.
644 1547 769 1583 Basilii
782 1556 836 1582 vc.
851 1557 944 1583 anno
956 1547 1016 1583 IV.
1034 1547 1106 1583 ind.
1151 1546 1215 1582 ΙΙΙ.
1259 1550 1304 1589 [α.
1319 1550 1395 1589 545]

214 1671 253 1706 in
276 1671 351 1706 alia
369 1670 573 1722 provincia·
587 1670 620 1706 ei
644 1669 824 1712 credatur,
847 1669 1007 1705 iubemus
1029 1680 1109 1706 eum
1132 1669 1291 1721 teqitimo
1312 1673 1559 1722 procuratore
1582 1670 1779 1706 constituto
1802 1670 1848 1706 iis
1871 1671 1935 1716 qui
1958 1670 2121 1722 actiones
2140 1673 2295 1718 propter
2313 1670 2447 1708 damna

214 1715 320 1751 illata
336 1715 571 1762 propositum
602 1716 678 1751 sint
699 1713 930 1761 respondere.
977 1713 1085 1759 Quod
1106 1725 1175 1750 ntst
1205 1716 1349 1761 fecerat,
1380 1716 1562 1751 sancimus
1584 1719 1626 1751 ut
1647 1719 1683 1751 et
1706 1719 1789 1751 acta
1816 1715 1918 1763 apud
1938 1716 2200 1752 sanetisstmum
2224 1716 2445 1763 episcopum,

213 1762 308 1797 sicut
329 1771 444 1840 εέρνα
474 1759 608 1796 dictum
631 1763 695 1802 est,
727 1759 977 1804 conficiantur,
1009 1764 1044 1795 et
1066 1759 1113 1795 iis
1136 1760 1202 1812 qui
1222 1760 1266 1795 de
1289 1760 1431 1795 damnis
1460 1760 1531 1795 sibi
1553 1760 1664 1795 illatis
1686 1760 1846 1796 iurarint
1874 1760 2068 1796 secundum
2099 1764 2264 1796 actorum
2288 1764 2446 1798 tenorem

367 1817 390 1840 a

240 1816 320 1841 mne

215 1817 354 1887 ginciae
376 1850 549 1896 cuiusque
572 1852 821 1885 tractatorum.

391 1815 511 1840 mnum
533 1805 759 1846 restituatur,
777 1804 1013 1850 providentia
1034 1804 1200 1840 similater
1223 1808 1259 1840 et
1274 1804 1444 1851 periculo
1466 1805 1739 1851 praefectorum
1763 1805 1827 1851 qui
1849 1816 1992 1851 quoque
2017 1810 2176 1851 tempore
2194 1809 2280 1842 sunt
2301 1809 2337 1842 et
2356 1817 2444 1852 pro-

348 1895 463 1931 XXV.
514 1893 643 1931 Omnes
672 1898 790 1930 autem
814 1894 1053 1940 pecuniarias
1081 1904 1221 1941 poenas
1251 1904 1346 1939 quae
1366 1894 1557 1940 praesenti
1586 1894 1665 1940 leqe
1688 1894 1917 1930 continentur
1939 1905 2012 1940 per
2034 1894 2197 1930 comitem
2225 1906 2345 1931 rerum
2363 1897 2445 1942 pri-

214 1944 380 1992 vatarum
411 1940 475 1987 qui
505 1950 648 1992 quoque
679 1942 838 1992 tempore
868 1942 922 1975 est
943 1939 1055 1990 ‘extqi
1084 1940 1136 1991 ab·
1160 1939 1212 1990 iis.
1237 1938 1300 1984 qui
1328 1942 1554 1984 praesentem
1587 1939 1713 1992 leqem·
1730 1939 2010 1991 non-servaturi
2040 1939 2113 1974 sint
2143 1943 2178 1974 et
2205 1940 2296 1992 fisco
2321 1947 2445 1977 nostro

214 1985 396 2021 vindaecari
415 1995 614 2020 sancimus:
648 1995 710 2030 qua
734 1994 803 2018 nzsz
829 1993 892 2018 eas
915 1983 1168 2026 vzndzcavertt,
1199 1994 1279 2029 zpse
1302 1993 1382 2018 cum
1405 1982 1530 2018 schola
1561 1994 1655 2029 quae
1677 1994 1709 2019 ea
1733 1988 1914 2019 menzstrat
1935 1994 1985 2019 ex
2007 1994 2075 2019 sua
2097 1984 2299 2020 substantta
2320 1996 2445 2021 earum

215 2030 452 2076 quantitatem
474 2029 612 2065 solvere
634 2032 794 2074 coqetur.

349 2073 387 2109 E
390 2085 417 2126 p
426 2074 440 2109 i
447 2073 462 2108 l
469 2084 490 2110 o
499 2085 525 2120 q
534 2085 557 2109 u
565 2084 594 2109 s.

640 2071 742 2116 Quae
763 2072 877 2118 iqitur
906 2083 975 2118 per
994 2075 1222 2119 praesentem
1244 2072 1441 2108 salutarem
1465 2071 1578 2118 leqem
1608 2072 1647 2107 in
1668 2075 1884 2118 perpetuum
1912 2071 2105 2108 valituram
2130 2083 2206 2119 pro
2229 2074 2387 2110 utilitate
2410 2079 2447 2112 et

215 2119 478 2165 tranquillatate
510 2117 752 2154 subiectorum
787 2120 994 2169 nostrorum
1030 2117 1298 2160 constituimus,
1335 2121 1398 2153 tua
1432 2116 1555 2169 qloria
1588 2116 1729 2169 iltibata
1763 2120 1799 2153 et
1831 2117 1993 2168 immota·
2010 2127 2079 2162 per
2110 2118 2229 2153 omnia
2264 2118 2445 2156 custodire

214 2164 369 2208 studeat,
392 2169 501 2210 atque
523 2165 561 2199 in
584 2163 741 2199 omnium
764 2166 932 2198 notttzam
949 2161 1177 2209 perferenda
1201 2161 1462 2207 curet„edictas
1484 2162 1523 2198 in
1545 2172 1649 2209 rema
1673 2163 1816 2199 civitate
1838 2163 2050 2208 propontis,
2073 2165 2114 2198 ut
2133 2173 2202 2208 per
2218 2173 2261 2199 ea
2285 2164 2446 2200 omnibus

214 2209 411 2256 manifesta
431 2209 536 2254 fiant.

261 2358 276 2390 1
291 2353 449 2398 νόμιμον
464 2351 613 2388 ἐντολέα
627 2349 927 2398 προβαλλόμενον
939 2353 1049 2396 Epan.
1068 2351 1081 2396 ΙΙ
1097 2353 1117 2386 3
1137 2350 1296 2397 *πράξοι

214 2401 325 2435 MLB
338 2400 447 2443 Epan.
466 2399 478 2443 ΙΙ
495 2398 721 2442 θεσπίζομεν
744 2411 802 2431 om.
826 2398 862 2431 Β
878 2397 890 2442 ΙΙ
910 2399 932 2431 4
954 2399 1014 2430 καὶ
1038 2410 1097 2431 οηι.
1119 2398 1260 2441 ςΕραη.
1285 2396 1297 2441 ΙΙ

214 2444 326 2490 παρὰ]
350 2446 531 2491 γένωνται
551 2441 664 2488 παρὰ,
690 2456 747 2476 om.
759 2455 791 2476 υ.
806 2445 826 2478 5
845 2438 1080 2489 πράττεσθαι
1097 2443 1132 2476 Β
1149 2442 1162 2486 ΙΙ
1179 2444 1199 2476 5
1223 2444 1296 2475 τοῖς

215 2504 273 2524 om.
299 2491 335 2524 B
359 2490 372 2533 ΙΙ
401 2491 443 2524 10
467 2487 597 2523 ποινὰς
619 2487 685 2522 τὰς
708 2501 766 2521 om.
792 2488 849 2530 M,
883 2486 949 2521 τὰς
969 2500 1027 2530 om.
1052 2488 1088 2520 B
1114 2487 1126 2530 ΙΙ
1154 2489 1192 2521 11
1219 2487 1297 2521 τῶν

214 2533 420 2615 ῗὲιβῗέων]
445 2530 936 2622 ἔῆςοῗῇἶῆἓᾜερῖῗῖῗῑῗτέ
963 2532 1022 2610 lai
1030 2534 1060 2614 ἶ
1073 2531 1297 2621 mgna-{2511

215 2593 315 2659 om}
331 2581 556 2664 Ηκιξὲτοῦηζαηι
569 2611 764 2657 Haloandro
776 2623 864 2667 vuly.
883 2623 895 2666 ΙΙ
916 2623 955 2657 16
967 2619 1122 2664 τούτων]
1139 2622 1241 2655 huius
1254 2589 1297 2667 §4¹³¹

218 2672 258 2705 18
267 2683 314 2714 sq.
327 2665 439 2703 ἅτινα
448 2688 488 2693 -
499 2666 707 2711 ἰσχύσοντος
720 2670 768 2702 bis
779 2669 909 2711 scripsit
921 2668 952 2700 L
964 2666 976 2712 ΙΙ
993 2669 1033 2701 19
1047 2664 1298 2712 σωτηριώδους

215 2715 328 2759 νόμου
350 2715 458 2748 τοῦτο
483 2713 530 2747 εἰς
554 2715 610 2757 M,
645 2711 760 2757 νόμου
791 2712 855 2746 τοῦ
880 2722 955 2745 σωτ
981 2709 1131 2756 ριώὸους
1161 2712 1226 2746 τοῦ
1250 2711 1296 2745 εἰς

215 2762 247 2795 L
261 2763 373 2804 priore
390 2761 457 2794 loco
475 2759 487 2803 ΙΙ
506 2760 547 2793 20
564 2755 743 2802 εὐσεβείας
762 2758 806 2792 M
810 2761 829 2779 ⁰
845 2757 857 2801 ΙΙ
876 2758 918 2792 23
939 2758 957 2789 ἐ
981 2760 1094 2791 ίκτων
1115 2757 1147 2790 L
1180 2757 1296 2790 edictis

216 2805 350 2848 quidem
366 2816 396 2847 ς,
416 2806 501 2838 unde
514 2804 581 2848 μὲν
594 2805 671 2837 add.
686 2816 753 2836 cum
765 2803 961 2836 Hatoandro
973 2803 1059 2846 vnly.
1076 2801 1088 2847 ΙΙ
1108 2803 1151 2836 24
1163 2801 1295 2845 τὴνΜ]

215 2863 262 2928 Ti
265 2847 511 2927 ‘⁵³3²Zr1'ss’3i’1'nfis‘
528 2849 540 2892 '¹
550 2848 772 2927 53ἆῖἓὲἓῖῗὲ
778 2847 1170 2928 Pffi‘i'ssssiss'air'eaeet‘ssptff
1187 2849 1297 2926 ³¹23?ss

215 2905 408 2982 ἴιῖυνηφθωςΒ
421 2904 713 2983 προτιθεμένων,
753 2936 983 2982 προςτάξεων
1018 2934 1058 2970 δὲ
1092 2918 1182 2981 πρὸς
1216 2936 1298 2970 τοὺς

216 2981 487 3029 λαμπροτάτους
517 2983 595 3017 τῶν
626 2982 810 3028 ἐπαρχιῶν
844 2979 1020 3026 ἄρχοντας
1050 2979 1297 3026 στελλομένων

217 3043 285 3063 cum
299 3031 496 3063 Ilaloandro
508 3029 593 3072 vulq.
610 3028 623 3073 ΙΙ
642 3030 684 3063 25
698 3028 800 3068 πᾶσι]
818 3027 972 3060 omnibus
989 3026 1205 3060 collatoribus
1221 3027 1255 3068 (ι’.
1270 3039 1296 3060 e.

217 3075 306 3109 πᾶσι
327 3076 400 3108 τοῖς
421 3070 633 3115 ὖποτελέσι)
650 3073 691 3117 ςΙΙ
711 3074 752 3107 26
774 3074 1036 3115 subscriptionem
1052 3085 1111 3106 om.
1125 3083 1156 3114 ς,
1181 3073 1298 3106 habent

216 3119 349 3161 Iutbvw,
367 3121 438 3153 item
449 3120 541 3152 codd.
555 3119 620 3153 Iul.
630 3118 891 3152 Mediolanensi}
903 3124 932 3150 et
949 3117 1112 3151 Utinensis
1130 3117 1142 3160 ΙΙ
1156 3127 1234 3149 vm.
1250 3116 1296 3149 id.

217 3165 306 3204 Iun.]
330 3161 362 3206 η’
376 3160 422 3197 ιδ.
440 3162 542 3197 ἰουνι.
558 3163 635 3197 Am.
659 3162 705 3196 id.
721 3163 792 3195 iun.
811 3161 857 3195 M
879 3172 946 3194 vm
965 3163 1042 3203 (cm
1059 3164 1076 3195 b
1100 3172 1154 3194 vn
1170 3163 1210 3203 w)
1229 3161 1296 3194 kal.

217 3209 287 3241 iun.
302 3208 375 3248 (iul.
389 3211 419 3247 b)
435 3209 510 3250 lul„
532 3210 620 3251 μηνὶ
635 3207 758 3249 ἰουνίῳ
774 3207 894 3240 Theod.
911 3205 924 3251 ΙΙ
943 3206 1010 3239 ΟΡ.
1024 3225 1067 3230 ——
1082 3217 1171 3240 anno
1183 3205 1296 3246 XIX.]

217 3251 398 3296 βασιλείας
419 3249 673 3291 ’[ουστινιανοῦ
697 3251 740 3286 τὸ
764 3250 819 3285 off
834 3252 911 3285 Ack.
946 3252 1019 3285 ἔτει
1043 3250 1088 3294 ιη’
1110 3252 1171 3293 τῆς
1193 3253 1296 3295 βασι-

1363 2349 1459 2384 λείας
1472 2351 1593 2384 Theod.
1619 2350 1675 2383 dn.
1691 2350 1771 2384 iust.
1788 2360 1844 2394 pp.
1860 2360 1936 2392 aug.
1954 2350 2002 2384 M
2019 2350 2031 2394 ΙΙ
2055 2351 2096 2385 27
2117 2351 2194 2393 post
2218 2361 2308 2384 cons.
2326 2353 2446 2386 Basilii

1363 2406 1452 2429 anno
1465 2395 1536 2437 IV.]
1553 2393 1644 2438 μετὰ
1657 2393 1726 2437 τὴν
1739 2391 1917 2429 ὑπατείαν
1928 2393 2119 2428 Baeti-stov
2134 2394 2178 2429 τὸ
2193 2392 2223 2429 δ’
2234 2397 2310 2430 Atta.
2322 2397 2444 2432 Theod.

1362 2443 1437 2483 post
1461 2451 1548 2474 cons.
1572 2440 1717 2473 bilisarii
1740 2439 1909 2481 (uelisaria
1925 2441 1957 2481 b)
1982 2451 2069 2473 anno
2087 2440 2145 2474 IV.
2166 2441 2231 2474 Iul.
2245 2443 2317 2483 (om.
2330 2442 2445 2488 Iam),

1363 2485 1482 2519 basilio
1493 2496 1550 2519 uc.
1568 2495 1632 2519 cos.
1650 2486 1698 2519 M
1707 2486 1719 2529 ΙΙ
1737 2485 1807 2518 ind.
1817 2485 1913 2518 VIII.
1929 2485 2006 2527 Iul„
2025 2498 2083 2519 om.
2096 2492 2166 2519 cett.

1434 2577 1450 2609 1
1474 2574 1629 2608 credatur
1652 2575 1750 2618 vuly.]
1782 2574 1919 2608 cedatur
1941 2574 1992 2608 V²
2007 2576 2040 2608 in
2056 2587 2124 2608 ras.
2158 2573 2356 2608 concedatur
2380 2576 2414 2609 T
2431 2576 2444 2620 ΙΙ

1364 2621 1383 2654 5
1397 2630 1493 2662 agere
1508 2620 1541 2653 T
1552 2620 1564 2663 ΙΙ
1583 2622 1602 2653 7
1616 2619 1752 2652 similite
1766 2620 1799 2653 T
1811 2619 1823 2663 ΙΙ
1842 2621 1861 2654 8
1874 2619 2046 2662 prouintia
2062 2618 2112 2654 1⁷2
2124 2621 2157 2653 in
2170 2631 2236 2653 ras.
2251 2618 2263 2664 ΙΙ
2278 2621 2443 2654 tractaeu-

1363 2667 1473 2698 tarum
1496 2665 1529 2698 V
1545 2666 1767 2698 tractatarum
1787 2665 1820 2698 T
1836 2664 1849 2708 ΙΙ
1877 2667 1918 2698 10
1941 2674 2064 2708 poenas
2087 2677 2145 2698 om.
2166 2665 2200 2697 T
2219 2664 2232 2707 ΙΙ
2257 2666 2295 2698 11
2325 2664 2444 2709 {tarum

1363 2721 1474 2743 rerum
1495 2709 1545 2743 V2
1557 2711 1591 2743 in
1606 2717 1690 2753 spat.
1705 2722 1786 2751 vac„
1801 2719 1913 2742 rerum
1929 2722 1988 2743 om.
2000 2710 2086 2752 vulq.
2102 2708 2108 2753 Ι
2135 2710 2177 2743 14
2190 2709 2442 2743 administrante

1366 2756 1399 2788 T
1412 2756 1424 2799 ΙΙ
1443 2757 1482 2789 15
1500 2755 1638 2797 cogetur
1653 2755 1738 2798 vuly.
1757 2754 1769 2797 ΙΙ
1789 2756 1830 2788 18
1847 2764 1906 2796 per
1927 2767 1984 2787 om.
2001 2753 2058 2797 ΤΙΙ
2075 2764 2090 2786 s
2127 2755 2252 2786 utarem
2269 2753 2375 2796 legem
2398 2756 2442 2796 V]

1363 2800 1469 2842 legem
1498 2799 1676 2833 salutarem
1707 2801 1853 2832 nostram
1880 2800 1912 2832 T
1950 2798 2058 2841 legem
2087 2802 2233 2830 nostram
2265 2798 2442 2832 salutarem

1363 2846 1448 2889 vulq.
1473 2845 1486 2889 ΙΙ
1513 2846 1554 2880 21
1579 2846 1612 2877 et
1633 2844 1780 2885 immota]
1810 2854 1877 2877 non
1900 2845 1989 2876 mota
2014 2842 2077 2884 ΤΙΙ
2102 2842 2239 2876 festinet
2262 2861 2304 2866 —
2328 2844 2442 2877 venire

1365 2903 1422 2923 om.
1438 2891 1471 2923 T
1491 2889 1503 2929 Ι]
1521 2891 1554 2923 et
1578 2890 1654 2923 add.
1669 2890 1757 2933 vulq.
1775 2888 1788 2932 ss
1811 2890 1853 2923 22
1876 2888 2049 2932 pervenire
2072 2889 2159 2931 vuly.
2177 2887 2190 2931 ΙΙ
2213 2887 2316 2920 faciat
2335 2907 2378 2912 —
2399 2890 2441 2922 25

1364 2935 1446 2967 fiant
1470 2947 1528 2968 om.
1551 2934 1609 2976 V1,
1624 2934 1728 2978 suppl.
1753 2933 1803 2967 V³
1820 2934 1832 2976 ΙΙ
1850 2935 1893 2967 24
1913 2933 2000 2976 apud
2021 2933 2099 2974 VT]
2123 2932 2165 2965 ad
2186 2933 2274 2975 vuly.
2297 2932 2310 2976 ΙΙ
2327 2932 2442 2966 elaris-

1363 2980 1461 3012 simos
1481 2979 1550 3023 V(³)
1563 2980 1662 3022 vulo]
1685 2978 1941 3020 gloriosissimos
1960 2978 1992 3011 T
2011 2977 2024 3021 ΙΙ
2047 2977 2173 3010 iudices
2191 2977 2442 3019 prouinciarum

1372 3024 1446 3067 V(³)
1464 3024 1476 3067 ΙΙ
1495 3026 1537 3059 25
1561 3023 1735 3057 manifeste
1750 3024 1783 3056 T
1800 3023 1814 3067 ΙΙ
1838 3023 1932 3064 fiant]
1955 3022 2138 3055 latinarum
2161 3023 2238 3055 add.
2261 3021 2311 3055 1⁷⁸
2339 3021 2443 3055 latine

1364 3071 1441 3102 add.
1469 3070 1502 3102 T
1525 3069 1537 3111 ΙΙ
1567 3070 1609 3103 26
1632 3069 1864 3111 subscriptione
1888 3075 1999 3101 carent
2022 3069 2100 3101 libri
2107 3080 2115 3106 ;
2151 3079 2225 3100 nam
2248 3079 2331 3110 quae
2355 3070 2388 3100 in
2414 3068 2447 3100 T

1364 3122 1450 3147 extat
1473 3116 1517 3147 at.
1541 3114 1608 3147 kal.
1633 3112 1827 3156 septembris
1849 3115 1998 3146 constan.
2022 3122 2043 3144 a
2063 3113 2142 3144 inst.
2166 3111 2363 3153 imperatore
2385 3122 2441 3155 pp.

1363 3169 1416 3192 an.
1442 3159 1524 3192 XII.
1548 3169 1599 3202 pc.
1624 3159 1792 3192 coniuncta
1830 3169 1898 3191 cum
1935 3156 2069 3190 rubrica
2107 3157 2337 3190 constitutionis
2361 3158 2443 3190 inse-

1363 3206 1487 3247 quentis
1497 3204 1594 3238 Aum.
1607 3203 1685 3237 LII
1692 3219 1736 3233 =
1748 3215 1819 3237 nov.
1833 3203 1903 3237 XL
1913 3202 1947 3236 V
1951 3203 2091 3246 pertinet
2108 3202 2154 3235 ad
2168 3208 2265 3235 const.
2279 3202 2376 3235 Aucta.
2390 3201 2445 3235 LI

1364 3265 1407 3278 =
1424 3261 1493 3283 nov.
1507 3249 1582 3283 LII
