2586 3990
235 158 342 204 Nov.
359 155 514 202 cxvn
535 158 700 200 11—13

233 268 354 311 ἕτερον
378 265 501 299 ἐλθεῖν
523 264 649 311 γάμον,
680 266 741 298 καὶ
765 260 855 307 αὐτὴ
877 265 937 298 καὶ
958 260 978 296 ὁ
1005 258 1227 308 ἀγαγόμενος
1250 256 1310 295 αὗ-

231 311 300 353 “fl''
323 310 409 354 πρὸς
431 308 549 355 γάμον
577 306 625 342 οἷς
654 310 772 352 μοιχοὶ
793 306 1111 353 τιμωρείσθωσαν.
1157 306 1188 340 εἰ
1211 303 1252 340 δὲ
1273 305 1310 340 οἱ

232 357 291 390 ἐπὶ
312 367 339 388 π
363 351 474 394 άξεως
497 351 771 397 ὑπομνημάτων
801 349 892 397 μεθ’>
925 348 1032 396 ὅρκου
1063 350 1307 394 καταθέμενοι

232 398 330 444 ἐλεγχ
364 399 432 431 ῶσι
455 396 547 440 μετὰ
572 398 690 432 ταῦτα
721 395 890 431 πλαστῶς
913 395 1174 438 καταθέμενοι,
1206 391 1308 429 αὐτοὶ

229 445 296 487 μὲν
325 443 387 485 τῆς
415 444 602 484 στρατείας
623 441 861 488 γυμνούμενοι
890 438 975 474 δέκα
1003 443 1149 484 χρυσίου
1174 437 1307 483 λιτρῶν

230 486 362 529 ποινὴν
392 484 707 529 συνελαθὴσονται
736 483 975 530 καταβάλλειν
1007 480 1068 518 ἐπ’
1096 485 1232 518 ἐκεῖνον
1262 480 1308 518 δν

230 532 432 576 ἐψεύσαντο
455 529 759 573 τετελευτηκέναι,
785 527 893 564 αὐτὸς
916 527 956 563 δὲ
979 526 1107 563 ἄδειαν
1130 529 1252 570 ἐχέτω,
1276 528 1308 562 εἰ

229 574 435 620 βουληθείη,
467 574 536 618 τὴν
566 573 665 609 ἰδίαν
695 574 854 621 γαμετὴν
882 571 1166 618 ἀναλαμβάνειν.
1213 572 1244 606 εἰ
1268 570 1308 606 δὲ

229 619 413 674 σχολάριος
447 619 499 662 εἴη
534 621 664 654 ἐκεῖνος
695 618 834 653 οὗτινος
867 622 948 664 περὶ
990 620 1054 662 τῆς
1086 616 1251 660 τελευτῆς
1284 614 1306 660 ἡ

1307 148 1393 196 562

1780 162 1842 194 m·
1867 161 2031 195 ntouar
2059 145 2199 193 marm
2226 160 2285 192 ur
2311 159 2451 193 avua

1380 258 1571 303 sumpserit
1600 258 1646 294 ad
1668 257 1765 294 aliud
1794 259 1914 296 venire
1942 260 2221 301 matrimonium,
2253 261 2289 294 et
2310 258 2392 304 ipsa
2414 260 2452 294 et

1376 304 1435 349 qui
1459 303 1557 338 ducit
1583 311 1661 338 eam
1686 312 1831 338 uxorem
1859 303 1957 340 velut
1984 305 2135 340 adulteri
2159 303 2365 349 puniantur.
2412 302 2451 338 Si

1374 350 1494 384 autem
1515 346 1575 392 qui
1590 347 1658 382 sub
1672 347 1781 391 gestis
1801 353 2106 385 monumentorum
2126 360 2205 384 cum
2222 347 2449 384 iureiurando

1374 392 1496 428 testati
1527 393 1612 427 sunt
1642 391 1900 428 convincantur
1929 393 2036 430 etiam
2067 396 2193 440 postea
2222 393 2313 428 false
2341 393 2451 437 depo-

1343 438 1491 473 5suisse
1525 436 1782 480 testimonium,
1824 436 1895 481 ipsi
1926 437 2065 482 quidem
2098 439 2225 474 militia
2258 437 2384 473 nudati
2416 436 2452 471 X

1374 482 1453 517 auri
1486 479 1659 516 librarum
1700 490 1853 525 poenam
1893 483 2148 527 compellentur
2185 483 2366 518 exsolvere
2399 481 2452 517 illi

1376 535 1482 571 quem
1505 525 1641 561 mentiti
1659 528 1744 561 sunt
1765 529 1943 562 mortuum
1962 536 2051 570 esse,
2074 527 2152 573 ipse
2169 538 2252 564 vero
2271 526 2451 563 licentiam

1375 570 1522 614 habeat,
1555 571 1587 606 si
1609 570 1770 612 voluerit,
1802 579 1903 606 suam
1922 581 2068 607 uxorem
2090 572 2257 617 recipere.
2306 571 2344 607 Si
2367 581 2451 607 vero

1376 615 1550 651 scholaris
1574 615 1683 650 fuerit
1705 614 1765 650 ille
1797 615 1840 650 de
1864 614 1966 651 cuius
1989 617 2102 652 morte
2125 617 2299 653 dubitatio
2323 620 2396 659 est,
2429 625 2452 651 a

229 662 488 719 αμφιςβήτησίς
506 666 600 706 ἐστι,
625 662 724 709 παρὰ
741 665 819 698 τῶν
835 662 995 709 πρώτων
1017 664 1078 716 τῇς
1101 661 1226 705 σχολῆς
1248 665 1309 696 καὶ
1323 663 1363 695 10
1375 660 1498 705 primis
1521 659 1668 696 scholae
1696 662 1734 695 et
1755 660 1928 702 actuario,
1961 659 1992 696 si
2014 662 2133 696 autem
2159 661 2374 704 foederatus,
2404 660 2451 696 ab

228 711 292 743 τοῦ
318 713 548 755 ακτουαρίου,
579 709 610 743 εἰ
640 707 680 743 δὲ
704 706 931 755 φοιδεράτος,
961 720 1061 753 παρα
1090 709 1154 741 τοῦ
1183 703 1308 742 ὀπτίο-

227 764 288 788 νος
311 750 422 788 αὐτοῦ
451 754 520 798 τὴν
543 753 732 799 εἰρημένην
762 751 966 788 κατάθεσιν
997 751 1213 797 κομίζεσθαι
1240 751 1310 795 τὴν

229 798 364 833 ἐκείνου
411 797 561 843 αμετήν·
586 796 729 834 τούτων
752 796 1135 845 παραφυλαττομένων
1151 799 1309 842 καὶπερὶ

228 842 311 878 τοὺς
348 841 372 877 ἅ
394 842 474 878 λους
512 840 679 879 ἅπαντας
720 843 803 878 τοῦς
839 844 887 878 εἰς
922 841 1078 878 ἔνοπλον
1115 845 1310 887 στρατείαν

229 885 524 934 ἀναφερομένους.

1376 705 1522 750 optione
1551 705 1628 740 eius
1651 708 1880 740 memoratam
1903 705 2159 750 depositionem
2187 707 2351 752 accipere
2375 706 2450 741 eius

1375 760 1533 786 uxorem.
1581 749 1645 785 His
1669 749 1898 785 observandis
1929 751 1966 785 et
1996 749 2094 786 circa
2123 750 2213 788 alios
2239 761 2360 788 omnes
2392 751 2451 795 qui

1375 794 1413 831 in
1435 798 1574 831 armata
1595 794 1722 830 militia
1744 794 1957 832 referuntur.

1324 887 1365 922 15

1204 974 1360 1011 CAPUT
1391 973 1471 1010 XII.

298 1036 379 1068 Ταῖς
402 1031 442 1068 δὲ
463 1034 664 1079 εἰρημέναις
692 1032 823 1067 αἰτίαις
851 1030 1062 1076 συνείδομεν
1092 1034 1153 1066 καὶ
1176 1031 1309 1066 ταύτας

229 1075 405 1123 ὀνομαστὶ
429 1079 657 1124 προςθεῖναι,
682 1078 721 1118 ἐξ
744 1070 799 1111 ὦν
821 1078 903 1111 τοὺς
925 1078 1054 1124 γάμους
1079 1074 1162 1119 δίχα
1185 1076 1310 1119 ποινῆς

229 1123 350 1165 ἔξεστι
381 1121 554 1165 διαλύειν,
583 1126 748 1157 τουτέστι
771 1120 840 1166 τήν
863 1136 903 1157 τε
926 1125 1008 1167 περὶ
1031 1123 1110 1157 τῶν
1128 1120 1179 1165 μὴ
1204 1118 1308 1155 δυνα-

1443 1028 1639 1065 Praedictis
1667 1029 1789 1075 itaque
1819 1030 1937 1066 causis
1969 1031 2212 1076 perspeximus
2247 1029 2353 1066 etiam
2386 1030 2452 1065 has

1378 1075 1585 1110 nominatim
1608 1074 1757 1119 adicere,
1782 1085 1827 1111 ex
1847 1075 1975 1120 quibus
1996 1076 2220 1112 matrimonia
2244 1075 2320 1111 sine
2338 1084 2453 1120 poena

1378 1120 1462 1155 licet
1492 1120 1707 1164 transigere,
1738 1120 1808 1156 hoc
1838 1125 1894 1156 est
1923 1121 1967 1156 de
1998 1121 2053 1156 his
2089 1121 2149 1165 qui
2179 1131 2251 1156 non
2273 1120 2454 1165 potuerint

227 1171 351 1212 μόνων
381 1168 420 1209 ἐξ
449 1166 555 1215 ἀρχῆς
586 1168 651 1202 τοῦ
680 1166 796 1214 γάμου
827 1167 1028 1214 μίγνυσθαι
1062 1169 1139 1201 ταῖς
1168 1166 1310 1200 ἑαυτῶν
1378 1164 1423 1199 ab
1447 1164 1549 1200 initio
1581 1165 1786 1210 nuptiarum
1817 1165 1959 1201 misceri
1989 1166 2062 1202 suis
2093 1166 2263 1201 uxoribus
2297 1168 2333 1199 et
2361 1173 2454 1209 quae

227 1216 398 1267 γαμεταῖς
421 1216 480 1246 καὶ
503 1213 551 1247 τὰ
575 1210 672 1258 παρὰ
698 1214 762 1266 τῆς
783 1209 922 1257 φύσεως
953 1209 1109 1257 ἀνδράσι
1135 1208 1309 1255 δεδομένα
1323 1212 1365 1244 20
1377 1219 1442 1261 per
1464 1211 1628 1244 naturam
1656 1209 1740 1245 viris
1772 1220 1943 1246 concessa
1974 1213 2059 1246 sunt
2089 1220 2208 1254 agere,
2240 1210 2386 1255 insuper
2409 1209 2454 1244 de

228 1271 414 1303 πραττειν,
445 1261 506 1292 καὶ
536 1257 626 1303 πρός
652 1270 694 1301 γε
723 1270 792 1300 την
823 1261 906 1302 περὶ
934 1258 1012 1291 τῶν
1043 1258 1083 1291 ἐν
1110 1257 1309 1290 συνεστῶτι

229 1305 283 1346 τῷ
301 1301 408 1350 γάμῳ
433 1298 566 1346 εὗλαβῆ
590 1306 674 1346 βίον
704 1305 764 1336 καὶ
788 1301 856 1344 τὴν
879 1303 919 1334 ἐν
941 1305 1193 1346 μοναστηρίοις
1215 1302 1308 1342 οἴκη-

229 1360 288 1382 σιν
311 1346 577 1394 ἐπιλεγομένων
601 1344 747 1392 ἀνδρῶν
771 1345 793 1390 ἢ
811 1348 1006 1394 γυναικῶν,
1029 1350 1089 1380 καὶ
1106 1345 1207 1392 <τὴν>
1227 1349 1309 1390 περὶ

229 1393 305 1427 τῶν
328 1394 369 1426 ἐν
393 1391 619 1436 αἰχμαλωσίᾳ
638 1394 711 1446 ’ἐπί
730 1404 815 1426 τινα
838 1391 970 1438 χρόνον
994 1389 1308 1439 διακρατουμένων

1378 1257 1432 1289 his
1449 1254 1531 1289 viris
1548 1263 1593 1290 ac
1607 1254 1747 1290 feminis
1771 1255 1831 1300 qui
1848 1255 2063 1291 consistente
2083 1255 2305 1291 matrimonio
2322 1254 2452 1290 sancti-

1376 1299 1564 1334 monialem
1588 1301 1892 1335 conversationem
1915 1303 1952 1336 et
1971 1301 2178 1336 monasterii
2200 1300 2454 1335 habitationem

1377 1344 1556 1388 elegerint,
1590 1349 1625 1379 et
1648 1344 1692 1380 de
1714 1344 1770 1380 his
1794 1345 1957 1398 personis
1987 1356 2078 1425 ‹iuae
2100 1346 2138 1381 in
2161 1345 2367 1390 captivitate
2389 1344 2453 1379 ali-

1378 1391 1510 1434 quanto
1543 1393 1702 1434 tempore
1733 1389 1945 1425 detinentur.
2010 1401 2033 1425 n
2056 1390 2112 1426 his
2135 1391 2227 1426 enim
2254 1390 2369 1425 tribus
2392 1398 2452 1424 ca-

229 1437 442 1484 προςιόπων.
489 1438 549 1472 ἐπὶ
583 1448 723 1471 τουτοις
755 1435 825 1490 γὰρ
851 1439 933 1490 :cois
956 1440 1061 1492 ’τρισὶ
1092 1437 1230 1480 θέμασι
1263 1434 1309 1469 τὰ
1323 1436 1364 1469 25
1378 1435 1476 1469 sibus
1501 1444 1592 1478 quae
1616 1434 1660 1470 de
1683 1434 1733 1470 eis
1753 1435 1930 1479 prioribus
1953 1435 2084 1471 nostris
2107 1435 2244 1480 legibus
2269 1434 2453 1470 continen-

230 1485 311 1526 περὶ
336 1479 460 1517 αὐτῶν
482 1485 556 1516 τοῖς
578 1484 764 1527 προτέροις
786 1494 891 1537 ημῶν
921 1492 1042 1526 νομοις
1073 1479 1309 1526 περιεχόμενα

229 1530 362 1572 βέβαια
377 1527 470 1562 εἶναι
486 1527 720 1571 θεσπίζομεν.
775 1529 841 1561 Tac
860 1526 1044 1572 εἰρημένας
1067 1530 1191 1561 τοίνυν
1214 1523 1308 1560 άπά-

230 1583 293 1606 σας
316 1573 433 1606 αἰτίας
454 1571 519 1606 τὰς
538 1573 592 1615 τῷ
617 1568 774 1617 παρόντι
797 1569 903 1616 ἡμῶν
925 1570 1028 1616 νόμῳ
1060 1573 1310 1616 περιεχομένας

229 1615 341 1661 μόνας
365 1613 488 1664 ἀρκεῖν
511 1613 698 1659 κελεύομεν
721 1616 811 1662 πρὸς
834 1616 908 1670 ’τὴνζ
926 1614 1091 1651 διάλυσιν
1114 1618 1191 1650 τῶν
1210 1620 1309 1659 νομί-

1377 1482 1437 1514 tur
1467 1479 1571 1514 firma
1602 1488 1682 1515 esse
1713 1479 1902 1515 sancimus.
1949 1480 2165 1516 Memoratas
2195 1480 2302 1526 igitur
2331 1488 2453 1515 omnes

1379 1534 1524 1567 causas,
1556 1534 1646 1569 quae
1677 1524 1714 1559 in
1744 1524 1925 1569 praesenti
1953 1526 2077 1561 nostra
2107 1526 2183 1570 lege
2215 1525 2453 1566 continentur,

1378 1569 1472 1605 solas
1504 1569 1669 1604 sufficere
1698 1569 1860 1605 iubemus
1895 1569 1941 1605 ad
1971 1571 2251 1606 transactionem
2281 1569 2453 1614 legitimo·

1377 1625 1456 1649 rum
1490 1614 1812 1658 matrimoniorum,
1844 1615 2000 1660 reliquas
2031 1618 2148 1650 autem
2177 1625 2299 1651 omnes
2327 1623 2454 1650 vacare

229 1674 310 1706 μων
335 1666 579 1704 συνοικεσίων,
603 1661 668 1696 τὰς
683 1659 723 1695 δὲ
739 1660 864 1697 λοιπὰς
887 1661 1032 1696 απάσαε
1055 1658 1175 1707 ἀργεῖν
1194 1673 1310 1713 παρα·
1323 1661 1365 1694 30
1377 1659 1625 1704 praecipimus,
1651 1659 1852 1704 nullamque
1872 1660 1978 1695 aliam
1999 1670 2144 1695 causam
2168 1661 2259 1695 citra
2279 1669 2340 1695 eas
2387 1668 2454 1694 uae

230 1705 470 1750 κελευόμεθα,
505 1710 564 1739 καὶ
595 1704 775 1750 μηδεμίαν
809 1704 923 1749 ἄλλην
954 1707 1076 1740 αἰτίαν
1109 1704 1203 1748 πλὴν
1234 1719 1310 1739 των

230 1748 406 1795 ὀνομαστὶ
429 1752 644 1797 ἐγκειμένων
676 1750 794 1794 τούτῳ
815 1752 868 1793 τῷ
894 1750 996 1794 νόμῳ
1024 1749 1210 1785 δύνασθαι
1235 1748 1307 1783 δια-

232 1794 330 1830 λύειν
353 1795 510 1840 νόμιμον
529 1794 657 1842 γάμον,
681 1796 752 1830 εἴτε
768 1794 950 1841 ἡμετέροις
973 1796 1043 1830 εἴτε
1062 1794 1310 1839 παλαιοτέροις

231 1844 430 1887 περιέχεται
454 1839 585 1884 νόμοις.

1377 1704 1583 1739 nominatim
1606 1705 1760 1739 insertae
1784 1706 1868 1756 sunt
1890 1705 1973 1740 huic
1994 1705 2061 1749 legi
2085 1715 2190 1758 posse
2214 1705 2348 1740 solvere
2385 1704 2453 1748 egi-

1377 1749 1501 1784 timum
1524 1749 1804 1793 matrimonium,
1828 1759 1901 1786 slve
1916 1751 2048 1786 nostris
2072 1760 2145 1786 sive
2167 1749 2344 1786 veteribus
2367 1749 2452 1792 legi-

1376 1794 1444 1830 bus
1470 1795 1683 1830 continetur.

1205 1906 1361 1942 CAPUT
1381 1906 1478 1941 XIII.

274 1961 418 2007 Ἐπειδὴ
439 1962 482 1998 δέ
501 1975 595 1998 τινες
617 1966 783 2018 γυναῖκες
801 1961 824 2007 ἢ
848 1962 975 2008 ἄνδρες
999 1960 1162 2007 άσέμνως
1184 1962 1309 2007 βουλό-
1323 1965 1365 1998 35

230 2022 332 2054 μενοι
363 2011 428 2052 ζῆν
451 2007 691 2050 σπουδάζουσι
723 2020 805 2042 τους
837 2006 945 2042 ἰδίους
977 2007 1138 2041 διαλύειν
1167 2007 1310 2054 γάμους,

1446 1962 1537 2007 Quia
1567 1971 1650 1997 vero
1682 1962 1856 2006 quaedam
1886 1961 2051 1998 mulieres
2082 1962 2267 1998 inhoneste
2296 1962 2452 1998 volentes

1379 2007 1494 2042 vivere
1524 2006 1696 2042 festinant
1724 2008 1870 2052 propria
1899 2007 2125 2043 matrimonia
2154 2009 2304 2049 solvere,
2336 2007 2452 2044 sanci-

287 2091 315 2112 ο.
329 2078 409 2112 XII
424 2080 466 2111 in.
483 2079 539 2119 (—
558 2079 595 2111 18
610 2074 782 2118 διαλύειν)
804 2084 890 2110 extat
915 2077 947 2109 B
964 2077 1016 2118 28,
1033 2084 1060 2117 7,
1073 2084 1090 2111 3
1110 2077 1174 2118 (3⁸
1197 2078 1276 2115 1⁷4,
1289 2083 1304 2108 4
1319 2087 1353 2118 p.
1368 2076 1429 2109 155
1444 2075 1572 2117 Zach.)‚
1597 2075 1746 2108 clausula
1765 2076 1819 2116 (27
1841 2074 1909 2108 Τὰς
1924 2074 2144 2119 εἰρημένας..
2157 2100 2163 2108 .
2175 2077 2197 2118 .)
2217 2076 2251 2109 Β
2269 2077 2323 2116 28,
2337 2084 2365 2119 7,
2379 2085 2406 2111 5.

287 2135 313 2156 c.
328 2123 428 2156 XIII
444 2125 501 2161 (—
517 2124 595 2164 564,
609 2130 636 2156 11
655 2119 882 2164 δεσποτείαν)
906 2134 964 2154 om.
979 2122 1015 2155 B
1033 2128 1062 2154 et
1078 2122 1119 2160 L,
1146 2123 1177 2154 in
1202 2123 1318 2164 quibus
1342 2121 1409 2153 Ioco
1431 2121 1498 2153 eius
1522 2121 1657 2152 babetur
1681 2132 1752 2153 nov.
1770 2120 1938 2154 CXXXI
1945 2121 1977 2153 V
1987 2133 2013 2154 c.
2030 2122 2083 2156 11.
2104 2139 2146 2146 -—
2172 2121 2321 2155 Summae
2345 2129 2454 2156 artant

430 2168 560 2201 Nomoc.
575 2168 675 2200 XIV
690 2168 734 2200 tit.
751 2168 829 2207 11,1
850 2179 885 2210 p.
901 2167 965 2200 590
988 2169 1044 2208 (—
1070 2167 1147 2207 563,
1162 2167 1210 2207 27)
1234 2174 1264 2199 et
1289 2166 1341 2207 13,
1356 2172 1372 2198 4
1392 2176 1428 2207 p.
1443 2166 1509 2198 614
1531 2164 1635 2198 Pitra.

287 2225 313 2246 c.
328 2212 426 2245 XIII
438 2213 524 2245 —X
532 2212 566 2244 V
581 2224 718 2244 summas
743 2212 839 2245 babet
860 2212 1046 2255 Anonymus
1073 2211 1276 2244 Bodleianus
1301 2222 1354 2252 ap.
1381 2210 1569 2243 Zachariae
1589 2204 1721 2242 Ἀνέκδ.
1747 2222 1778 2250 p.
1795 2211 1870 2243 216.

230 2289 387 2325 monium
422 2288 542 2324 venire
576 2299 668 2324 ausa
701 2287 769 2331 sit,
805 2291 841 2324 et
870 2288 952 2335 ipsa
986 2292 1021 2323 et
1051 2288 1115 2334 qui
1147 2298 1225 2323 eam
1257 2287 1365 2322 duxit
1397 2291 1579 2331 tamquam
1610 2285 1770 2321 adulteri
1789 2286 2007 2331 puniantur.
2055 2285 2096 2321 Si
2126 2297 2208 2322 vero
2241 2286 2268 2321 ii
2298 2287 2364 2332 qui
2386 2287 2452 2322 sub

230 2335 341 2381 qestis
371 2338 679 2369 monumentorum
710 2343 790 2369 cum
821 2332 1055 2369 iureiurando
1088 2333 1334 2378 deposuerunt
1357 2335 1490 2377 postea
1525 2330 1677 2366 convicti
1705 2330 1778 2365 sint
1809 2330 1909 2375 falso
1941 2331 2169 2376 deposuisse,
2203 2330 2276 2377 ipsi
2310 2331 2453 2377 quidem

230 2379 358 2415 militia
381 2378 485 2414 exuti
506 2378 626 2414 decem
649 2378 822 2414 librarum
846 2378 931 2414 auri
945 2388 1106 2424 poenam
1129 2377 1267 2413 solvere
1289 2376 1350 2428 illi.
1366 2386 1469 2421 quem
1493 2375 1704 2420 defunctum
1726 2385 1803 2410 esse
1826 2375 1964 2410 mentiti
1986 2380 2072 2411 sunt
2094 2376 2365 2422 compellentur,
2392 2376 2454 2412 ille

231 2430 363 2467 autem,
387 2424 419 2459 si
434 2423 528 2466 vetit,
545 2427 767 2470 potestatem
790 2422 921 2458 habeat
943 2423 1130 2473 coniuqem
1152 2432 1254 2457 suam
1273 2420 1479 2468 recipiendi.

1526 2419 1664 2463 Quodsi
1685 2418 1862 2454 scholaris
1879 2421 1928 2455 sit
1945 2419 2008 2455 ille
2030 2419 2075 2456 de
2093 2420 2195 2456 cuius
2217 2425 2333 2456 morte
2352 2420 2452 2456 dubi·

232 2470 318 2505 tatio
342 2472 406 2510 est,
431 2479 454 2502 a
474 2467 692 2514 primatibus
713 2467 862 2503 scholae
884 2471 920 2503 et
942 2472 1120 2509 actuario,
1149 2467 1208 2502 sin
1229 2465 1472 2512 foederatus‚'
1489 2464 1533 2500 ab
1558 2464 1705 2516 optione
1726 2464 1804 2500 eius
1822 2464 2056 2516 praedictam·
2071 2464 2331 2511 depositionem
2354 2476 2454 2502 uxor

231 2514 329 2550 illius
351 2513 430 2549 acci
441 2513 531 2555 ›iat;
554 2517 664 2558 atque
684 2512 773 2548 baec
813 2512 1045 2549 observentur
1068 2513 1173 2548 etiam
1196 2512 1235 2546 in
1259 2511 1387 2547 ceteris
1410 2510 1573 2545 omnibus
1595 2520 1657 2555 qui
1682 2508 1732 2544 ad
1750 2512 1928 2544 armatam
1951 2510 2115 2545 militiam
2137 2510 2362 2555 referuntur.

365 2558 418 2594 XI
441 2585 447 2592 .
495 2557 699 2593 Praedictis
730 2562 848 2593 autem
879 2558 998 2592 causis
1026 2557 1134 2592 etiam
1164 2555 1231 2591 bas
1261 2555 1469 2591 nominatim
1500 2554 1634 2590 addere
1662 2553 1765 2589 nobis
1785 2553 1943 2600 placuit,
1975 2565 2025 2590 ex
2048 2554 2178 2600 quibus
2207 2556 2355 2602 nuptias
2376 2556 2454 2592 sine

230 2614 349 2650 poena
371 2603 510 2639 solvere
533 2602 632 2644 licet,
663 2601 733 2638 Ιιοε
763 2606 817 2638 est
840 2606 874 2637 et
898 2611 991 2647 quae
1019 2601 1069 2636 ad
1091 2611 1154 2638 eos
1174 2601 1335 2647 pertinet
1364 2599 1428 2646 qui
1451 2599 1496 2635 ab
1519 2599 1625 2634 initio
1648 2598 1869 2634 matrimonii
1891 2609 1965 2634 non
1982 2603 2143 2645 possunt
2173 2610 2252 2635 cum
2276 2599 2454 2647 uxoribus

230 2649 307 2684 suis
334 2659 373 2684 se
396 2648 543 2683 miscere
573 2658 687 2693 neque
718 2658 762 2682 ea
793 2656 887 2692 quae
917 2658 940 2681 a
969 2650 1103 2681 natura
1134 2646 1221 2681 viris
1252 2655 1423 2681 concessa
1452 2647 1538 2679 sunt
1568 2654 1689 2694 aqere,
1721 2647 1757 2679 et
1779 2643 1927 2690 insuper
1957 2654 2051 2696 quae
2073 2648 2215 2690 spectat
2236 2644 2286 2680 ad
2308 2655 2368 2680 eos
2390 2645 2456 2690 qui

232 2697 421 2729 constante
443 2692 672 2727 matrimonio
697 2692 805 2728 vitam
828 2690 1036 2737 reliqiosam
1059 2695 1095 2727 et
1118 2690 1373 2726 habitationem
1405 2689 1443 2724 in
1466 2689 1692 2724 monasteriis
1720 2688 1906 2734 eleqerunt
1936 2699 2033 2724 viros
2058 2689 2114 2724 vel
2141 2688 2323 2731 medieres,
2354 2689 2453 2726 deni-

232 2749 301 2784 que
323 2749 416 2784 quae
439 2737 573 2788 adeas
591 2747 773 2783 personas
803 2747 897 2782 quae
920 2736 957 2770 in
981 2736 1190 2782 captivitate
1221 2735 1271 2771 ad
1293 2738 1431 2786 tempus
1454 2732 1607 2779 aliquod
1627 2732 1842 2768 detinentur.
1890 2731 1935 2767 In
1967 2732 2025 2768 bis
2047 2733 2140 2768 enim
2169 2733 2283 2769 tribus
2311 2734 2454 2770 casibus

231 2795 274 2819 ea
298 2793 392 2828 quae
415 2781 459 2818 de
481 2782 527 2817 its
547 2781 733 2828 prioribus
757 2781 893 2817 nostris
916 2780 1054 2827 leqibus
1078 2780 1307 2816 continentur
1334 2782 1362 2825 fi

1364 2790 1443 2814 rma
1466 2788 1543 2814 esse
1564 2777 1755 2813 sancimus.
1803 2776 2153 2829 Praedictasjqitur
2179 2788 2301 2813 omnes
2323 2788 2454 2814 causas

229 2827 417 2874 praesenti
440 2827 518 2874 leqe
541 2825 817 2872 comprehensas
847 2825 947 2861 solas
976 2825 1148 2870 sufficere
1179 2825 1337 2860 iubemus
1361 2823 1411 2859 ad
1430 2822 1643 2858 solutionem
1667 2821 2258 2873 &mimorum-matrimoniorum,
2293 2823 2454 2868 reliquas

232 2878 351 2907 autem
376 2882 498 2907 omnes
520 2881 663 2907 cessare
678 2871 939 2923 praecipimus,
970 2881 1085 2916 neque
1108 2870 1218 2905 ullam
1243 2869 1352 2904 aliam
1373 2872 1522 2915 praeter
1543 2877 1606 2903 eas
1628 2877 1721 2912 quae
1743 2867 1954 2902 nominatim
1984 2866 2067 2902 bunc
2090 2867 2163 2912 leqi
2188 2873 2346 2903 insertae
2367 2873 2454 2903 sunt

230 2927 340 2964 posse
364 2917 558 2961 leqitimum
581 2916 848 2951 matrimonium
870 2914 1019 2956 solvere,
1043 2914 1118 2950 sive
1141 2914 1275 2950 nostris
1297 2914 1371 2949 sive
1394 2912 1472 2948 anti
1499 2911 1887 2962 fioribus-continetur
1909 2911 2072 2963 leqibus3

366 2961 465 2996 XlII.
512 2959 689 3003 Quoniam
715 2964 832 2995 autem
856 2959 1022 2995 mulieres
1044 2959 1222 3005 quaedam
1251 2958 1309 2995 vel
1337 2957 1406 2994 viri
1428 2957 1466 2991 in
1493 2960 1614 2992 oneste
1643 2966 1761 2992 vivere
1784 2956 1941 2991 volentes
1964 2956 2192 2991 matrimonia
2221 2966 2290 2991 sua
2313 2956 2453 2992 solvere

280 3053 294 3085 1
323 3046 496 3096 ἀγόμενος
510 3050 559 3084 13³
573 3063 602 3084 v.
618 3051 650 3091 l.,
665 3050 721 3083 Pr.
739 3049 752 3093 ΙΙ
771 3050 790 3083 2
814 3048 916 3093 πρὸς]
940 3049 987 3081 εἰς
1012 3049 1068 3082 Pr.
1079 3050 1143 3092 Ep.
1158 3049 1282 3082 Νοηι.”ι
1298 3046 1311 3092 ΙΙ

233 3096 274 3137 εἰ]
299 3093 334 3128 οἱ
358 3094 416 3128 Bs¹
441 3094 453 3138 ΙΙ
483 3096 502 3129 3
527 3089 650 3138 ὅρκων
674 3094 724 3128 Β*
753 3093 766 3137 ΙΙ
794 3095 815 3127 4
844 3092 1045 3139 ἐλεγχθῶσι
1067 3092 1159 3136 μετὰ
1181 3092 1309 3133 ταῦτα]

232 3139 322 3183 μετὰ
348 3140 464 3173 ταῦτα
489 3137 671 3183 εὑρεθεῖεν
693 3140 729 3172 Β
759 3139 1001 3171 convincantur
1022 3139 1120 3170 etiam
1166 3140 1256 3171 ostea
1279 3149 1309 3178 ς,

234 3183 435 3230 ἐλεγχθῶσι
463 3202 508 3210 -
539 3183 783 3226 καταθέμενοι
813 3196 870 3216 om.
897 3184 1020 3218 Nom.m
1051 3182 1064 3226 ΙΙ
1093 3185 1112 3217 5
1168 3185 1230 3216 ἐκα
1261 3179 1309 3215 λί-

234 3240 317 3307 29:¹⁶
336 3225 1034 3317 ⁹²²1.&patermutius
1044 3229 1309 3316 attexta:

233 3287 308 3351 λὲἰῖ
322 3287 378 3360 XI]
392 3299 616 3361 ’καταβαλεῖν
632 3318 698 3351 LB
707 3286 778 3350 Ρηη
775 3319 838 3360 Ep.
855 3317 868 3354 ΙΙ
887 3313 946 3352 ἐπ’
960 3297 1096 3351 ἐκείνου
1110 3317 1159 3350 B⁶
1184 3317 1309 3358 ἐκείνῳ

234 3364 297 3406 Ep.
314 3363 326 3405 ΙΙ
346 3364 366 3397 8
389 3358 588 3416 ἀναλαβεῖν
607 3363 729 3416 Nym-”²
752 3361 765 3406 ΙΙ
788 3362 819 3394 εἰ
840 3359 879 3394 δὲ
913 3382 930 3386 -
947 3363 1003 3416 ’15
1025 3357 1095 3395 ἀνα
1126 3362 1311 3415 ε,ρομόνους

234 3421 291 3440 om.
307 3408 356 3440 B⁸
371 3408 383 3450 ΙΙ
402 3410 422 3441 9
439 3409 590 3448 ουτινος]
610 3418 652 3440 ου
669 3407 700 3440 L
717 3406 730 3450 ΙΙ
751 3408 786 3440 11
808 3404 1020 3451 φοιδερατου
1036 3406 1083 3439 B1
1105 3407 1111 3447 Ι
1129 3408 1310 3440 οπτίωνος

234 3452 355 3485 Nonam
378 3451 390 3495 ΙΙ
419 3454 459 3486 16
482 3452 629 3485 ταύταις
652 3451 727 3493 L¹ll
757 3453 795 3486 17
821 3450 1064 3495 προστιθέναι
1083 3451 1116 3484 L
1134 3452 1204 3494 1121
1226 3449 1310 3493 τὴν]

1428 3050 1442 3081 1
1461 3047 1566 3080 alium
1586 3045 1642 3090 Vn
1658 3046 1730 3089 ipse
1749 3045 1803 3089 ΤΙΙ
1821 3048 1854 3078 et
1876 3047 1937 3080 del.
1957 3045 2006 3079 T2
2022 3045 2035 3089 ΙΙ
2052 3046 2072 3079 2
2089 3045 2147 3088 qui
2164 3044 2268 3087 ducit]
2290 3058 2352 3076 u·
2374 3045 2426 3079 V¹

1377 3091 1534 3125 adulterii
1562 3091 1642 3125 VT¹
1672 3090 1803 3123 adulter
1829 3090 1880 3124 T²
1904 3090 1917 3134 ΙΙ
1939 3091 2100 3134 puniatur
2128 3090 2240 3124 V¹T²
2262 3090 2276 3135 fl
2304 3091 2363 3123 Sin
2388 3090 2423 3124 T

1378 3138 1397 3170 3
1418 3137 1477 3170 sub
1500 3136 1614 3179 gestis]
1637 3135 1795 3169 subiectis
1819 3136 1850 3168 R
1875 3134 1888 3179 n
1913 3137 1934 3169 4
1956 3134 2148 3180 conuinltur
2173 3136 2205 3169 Τ
2213 3135 2224 3155 ¹
2249 3134 2262 3180 Ι]
2285 3134 2396 3176 etiam]
2419 3137 2452 3167 et

1377 3181 1469 3223 R1T,
1483 3182 1544 3215 del.
1558 3181 1608 3214 13²
1625 3181 1638 3224 ΙΙ
1653 3179 1851 3223 disposuisse
1866 3181 1898 3213 Τ
1904 3179 1915 3200 ¹
1930 3180 1943 3223 ΙΙ
1961 3181 1981 3214 5
2003 3179 2162 3213 denudati
2178 3180 2266 3223 vulq.
2285 3179 2298 3224 fl
2314 3180 2335 3213 6
2349 3178 2451 3212 libra-

1377 3237 1452 3259 rum
1467 3226 1542 3259 auri
1557 3226 1589 3259 T
1602 3225 1615 3267 ΙΙ
1630 3224 1871 3267 compellantur
1888 3225 2007 3269 Tvuly.
2019 3223 2031 3269 ΙΙ
2043 3224 2109 3266 illi]
2125 3224 2176 3257 illi
2192 3233 2270 3257 uere
2281 3229 2375 3265 (uero
2388 3222 2450 3265 1⁷²)

1381 3272 1435 3311 ΤΠ
1455 3273 1472 3305 7
1491 3271 1548 3313 qui
1571 3270 1619 3304 1⁷¹
1633 3270 1665 3304 T
1673 3270 1684 3290 ²
1699 3269 1712 3313 ll
1731 3270 1751 3303 8
1770 3269 1882 3302 uoluit
1900 3269 1933 3303 T
1946 3270 1959 3311 11
1973 3279 2109 3303 uxorem
2124 3279 2217 3302 suam
2238 3269 2268 3303 R
2285 3268 2298 3320 fl
2313 3270 2334 3303 9
2348 3267 2451 3301 fuerit

1377 3315 1513 3348 scolaris
1527 3316 1559 3349 R
1606 3314 1770 3348 dubitatio
1787 3314 1846 3356 est]
1869 3313 2076 3347 dubitatione
2090 3314 2140 3348 Β*
2155 3314 2169 3358 Ι
2189 3315 2228 3348 10
2243 3312 2343 3357 primi
2363 3311 2454 3345 V¹T

1377 3361 1493 3402 primis
1514 3370 1534 3393 a
1595 3359 1605 3380 ¹
1622 3359 1636 3403 Ι]
1651 3360 1774 3400 autem]
1799 3368 1877 3401 ergo
1901 3357 1955 3402 ΤΙ
1972 3358 2026 3400 ab]
2049 3358 2092 3392 ad
2113 3358 2186 3403 T¹fl
2206 3360 2244 3393 11
2261 3354 2449 3399 ‹li-positio-

1377 3415 1451 3437 nem
1463 3405 1497 3438 R
1507 3405 1580 3438 VY¹
1598 3403 1611 3448 ΙΙ
1628 3406 1670 3439 12
1685 3403 1762 3445 His]
1787 3405 1820 3436 et
1835 3403 1888 3437 his
1914 3403 1945 3436 Τ
1958 3402 1971 3446 11
1996 3404 2036 3438 16
2046 3405 2134 3437 rubr.
2157 3403 2210 3436 Ex
2225 3399 2346 3446 quibus
2360 3401 2447 3452 (qui-

1377 3448 1437 3482 bus
1451 3462 1508 3483 om.
1524 3451 1570 3492 T)
1586 3447 1696 3482 causis
1709 3447 1919 3481 matrimonia
1934 3447 2114 3482 soluuntur
2125 3446 2311 3489 (uniuntur
2321 3445 2365 3486 R)
2377 3454 2448 3478 sine

233 3495 300 3528 τὸν
314 3496 357 3528 Μ
369 3496 382 3539 ΙΙ
399 3497 441 3529 22
461 3495 515 3537 τῷ
539 3509 595 3529 om.
610 3497 660 3529 L⁰
676 3497 688 3537 ΙΙ
707 3496 748 3530 23
772 3491 808 3538 ἢ]
832 3506 870 3528 ac
895 3507 914 3532 ς
932 3499 944 3539 ΙΙ
959 3494 1028 3538 τὴν
1051 3508 1109 3529 om.
1123 3495 1206 3538 ML,
1231 3495 1308 3528 add.
1368 3502 1461 3536 vena
1472 3494 1582 3528 RTin
1596 3506 1656 3537 my.
1669 3495 1721 3535 (ex
1730 3493 1807 3535 lut.)
1818 3492 1830 3537 ΙΙ
1845 3494 1888 3527 20
1902 3491 1970 3525 uiri
1987 3492 2074 3536 VT·
2091 3492 2131 3526 21
2145 3499 2230 3533 quw
2242 3489 2292 3531 Tss
2309 3490 2351 3523 23
2364 3499 2449 3531 quae

237 3541 429 3573 Haloander
443 3540 455 3584 ΙΙ
488 3542 530 3574 26
554 3538 688 3584 νόμοις]
721 3541 799 3574 Coa.
818 3543 846 3578 1.
859 3548 886 3578 3,
901 3548 935 3574 52
954 3545 1023 3580 §¹5.
1050 3542 1137 3581 5,1·t,
1152 3547 1196 3574 1⁰.
1222 3539 1308 3574 Nov-

237 3585 350 3616 xxll
370 3596 396 3616 c.
410 3586 495 3618 5—7
521 3585 534 3627 fl
560 3587 602 3618 29
626 3583 750 3629 ἀρκεῖν
765 3585 836 3626 Me]
859 3581 1036 3630 ἁρμόζειν
1055 3585 1088 3618 L
1106 3585 1178 3629 1132
1201 3580 1310 3619 δύνα-

236 3628 329 3658 σθαι
351 3640 409 3660 om.
426 3629 500 3671 Bsss
517 3631 560 3662 35
582 3626 603 3671 ἢ
628 3627 752 3673 ἄνδρες
775 3642 833 3663 om.
848 3641 867 3666 6·

1376 3537 1550 3580 aliquanto
1566 3542 1712 3581 tempore
1731 3537 1767 3570 in
1783 3537 1979 3581 captiuitate
1996 3536 2030 3570 T
2048 3536 2063 3580 Ι
2085 3536 2130 3571 24
2144 3533 2232 3568 enim
2252 3545 2310 3566 om.
2325 3534 2358 3566 R
2374 3535 2387 3577 ΙΙ
2404 3535 2446 3568 25

1376 3582 1428 3615 his
1447 3583 1479 3616 T
1490 3583 1503 3625 ΙΙ
1521 3585 1564 3617 26
1585 3593 1698 3616 causas
1721 3591 1832 3615 omnes
1857 3582 1890 3616 T
1901 3581 1919 3634 ι
1931 3583 1974 3616 29
1994 3589 2113 3614 uocare
2126 3578 2174 3612 R·
2191 3578 2205 3622 Ι
2221 3579 2264 3613 30
2279 3587 2396 3620 praece
2420 3579 2448 3612 i·

1376 3637 1448 3659 mus
1467 3628 1498 3660 V
1509 3628 1521 3671 ΙΙ
1539 3630 1579 3662 31
1593 3627 1842 3660 matrimonium
1852 3625 2040 3669 legitimum
2053 3622 2112 3674 T·
2125 3621 2312 3665 321egibus
2325 3636 2382 3657 om.
2435 3622 2448 3668 ΙΙ

1375 3672 1419 3704 33
1441 3672 1677 3706 *continentur
1691 3672 1768 3706 libri
1782 3669 1796 3716 Ι
1811 3672 1854 3706 35
1863 3672 1951 3705 rubr.
1970 3668 2008 3703 si
2026 3665 2147 3701 mulier
2168 3668 2239 3700 sine
2260 3677 2358 3700 causa
2377 3677 2447 3701 ma·

1375 3715 1442 3748 rito
1457 3726 1516 3749 suo
1530 3717 1706 3759 repudium
1719 3714 1848 3749 miserit
1862 3715 1960 3758 Tay.
1971 3714 2026 3755 (ετ
2035 3712 2113 3753 lut.)
2130 3711 2143 3754 ΙΙ
2160 3712 2203 3745 36
2216 3712 2405 3755 persoluere
2422 3713 2455 3746 T
