2586 3990
274 142 381 186 Nov.
412 140 549 186 CXIII
581 145 599 183 1

273 248 472 297 ἆρχθεῖσαν
488 247 666 290 ἐξετάζειν
679 247 702 289 ἢ
718 252 853 292 κρίνειν
868 244 1063 288 ὑπόθεσιν,
1085 249 1276 295 καταφανῆ
1291 252 1345 295 γί-

271 296 404 328 νεσθαι
428 297 501 328 τοῖς
516 292 723 335 δικάζουσιν
738 292 762 336 ἢ
777 294 967 338 καταφανῆ
983 296 1176 337 γινομένην
1190 297 1345 338 κρατεῖν,

272 337 359 373 ἄλλα
391 337 483 372 κατὰ
509 338 591 372 τοὺς
613 338 773 384 γενικοὺς
794 335 901 381 ἡμῶν
930 337 1057 381 νόμους
1086 337 1148 372 τὰς
1170 336 1270 372 δίκας
1293 338 1344 378 ἐξ·

271 383 470 425 ετάζεσθαί
483 395 523 416 τε
538 385 598 416 καὶ
613 383 829 427 τέμνεσθαι·
849 382 892 416 τὸ
931 380 975 426 ὰρ
991 383 1050 416 ἐπὶ
1067 383 1111 429 τῇ
1127 383 1205 417 τῶν
1219 382 1346 425 νόμων

1343 133 1428 182 530

2102 139 2106 142 ’
2125 150 2174 182 m
2201 149 2340 182 memo
2367 149 2483 182 Lms

1414 246 1519 282 modo
1544 247 1646 282 decet
1673 247 1880 284 incohatum
1902 249 2103 284 examinare
2133 252 2194 283 aut
2216 248 2374 284 iudicare
2397 258 2480 292 neg-

1414 292 1545 334 otium,
1575 292 1749 327 insinuari
1775 291 2014 329 iudicantibus
2037 298 2100 329 aut
2119 294 2335 329 insinuatam
2354 294 2481 337 valere,

1414 335 1477 371 sed
1501 335 1694 372 secundum
1715 337 1898 379 generales
1920 342 2061 374 nostras
2084 339 2176 382 leges
2201 348 2328 374 causas
2352 339 2482 373 exami-

1414 381 1492 415 nari
1526 383 1563 416 et
1592 380 1724 416 decidi:
1764 381 1858 425 quod
1891 382 1983 418 enim
2015 383 2054 418 in
2087 385 2203 427 legum
2239 383 2394 429 positum
2428 386 2483 418 est

270 427 483 472 κρινόμενον
506 427 648 470 ἐξουσίᾳ
670 424 734 461 οὐκ
757 425 805 460 ἂν
825 394 972 468 ὃεηθὶείη
988 425 1087 460 τινὸς
1101 427 1246 467 ἔξωθεν
1269 426 1345 461 ὃια-
1382 429 1602 470 5potestate,
1625 436 1697 461 non
1721 425 1838 469 egebit
1859 426 1978 470 aliqua
1996 428 2215 464 extrinsecus
2239 428 2479 473 dispositione.

271 474 477 507 τυπώσεως.
521 473 553 506 εἰ
586 469 653 518 γάρ
687 483 741 506 τις
775 472 823 505 εἰς
857 469 946 514 ἡμᾶς
980 467 1159 506 ὑπόθεσις
1188 471 1295 507 ἔλθοι
1325 468 1347 514 ἢ

271 517 368 562 παρὰ
393 514 543 564 δικαστῇ
564 514 630 559 ἤδη
654 515 823 562 λεγομένη
846 514 868 559 ἢ
884 514 955 559 πρὸ
977 517 1042 549 τοῦ
1065 516 1204 559 ταύτην
1226 520 1347 562 προοί-

269 574 355 605 μιον
377 561 517 606 λαβεῖν,
548 564 610 595 καὶ
635 559 840 605 συνίδωμεν
862 562 1000 603 ταύτην
1022 558 1118 604 ἡμεῖς
1141 558 1194 595 δι’
1219 563 1348 595 οἰκείας

270 605 376 650 ἡμῶν
399 610 546 652 κρίσεως
569 604 798 640 διατυπῶσαι
828 609 887 640 καὶ
917 608 1056 649 τεμεῖν,
1090 607 1199 640 τοῦτο
1229 603 1347 640 οὐκέτι

1414 471 1452 505 Si
1475 470 1571 515 quod
1601 471 1695 506 enim
1724 471 1770 505 ad
1801 480 1866 505 nos
1896 472 2074 515 negotium
2103 475 2255 517 <venerit
2277 473 2356 525 aut>
2374 473 2483 526 'apud

1413 515 1567 551 iudicem
1594 515 1665 551 iam
1696 515 1830 550 dictum
1860 518 1924 550 aut
1952 520 2141 562 antequam
2172 520 2239 554 hoc
2270 527 2482 570 principium

1415 565 1542 603 sumat,
1573 563 1610 596 et
1633 557 1915 605 perspexerimus
1944 560 2013 596 hoc
2035 572 2100 597 nos
2153 573 2190 598 er
2212 573 2395 608 proprium
2418 572 2482 597 no-

1415 607 1527 641 strum
1558 605 1729 640 iudicium
1758 605 1945 649 disponere
1974 610 2010 640 et
2039 606 2115 642 deci
2141 617 2216 651 ere,
2252 609 2320 643 hoc
2351 616 2483 652 nequa-

270 662 333 703 της
362 650 483 696 ἑτέρου
513 648 685 685 δικαστοῦ
722 649 840 685 δέεται
870 654 1034 695 κρίσεως·
1069 651 1117 684 τὰ
1149 649 1219 706 γὰρ
1253 649 1347 703 παρ]ι
1363 654 1403 686 10
1416 660 1521 695 quam
1559 650 1704 685 alterius
1742 649 1870 685 iudicis
1910 650 2026 694 egebit
2061 651 2209 688 iudicio:
2254 652 2426 697 siquidem
2461 661 2484 686 a

270 697 374 739 ημῶν
398 693 459 729 διὰ
484 696 588 731 θείας
611 693 673 738 (ὥς
695 696 843 741 εἴρηται)
867 699 1013 740 κρίσεως
1036 693 1303 740 διατυπουμενα
1327 709 1348 738 η

270 741 472 784 τεμνόμενα
494 738 537 774 οὗ
561 738 767 785 προςδέεται
788 741 849 783 τῆς
871 741 1007 786 ἑτέρων
1029 740 1221 780 ἐξετάσεως
1239 738 1262 783 ἣ
1276 744 1348 784 κρί-

270 797 359 819 σεως
381 782 403 827 ἢ
426 783 734 830 ἆναψηλαφήσεώς
756 796 861 821 τινος.
908 781 1005 829 ἡμεῖς
1026 785 1114 831 γὰρ,
1141 785 1192 819 οἶς
1214 783 1235 819 ὁ
1260 784 1348 819 θεὸς

270 834 330 864 καὶ
351 830 419 873 τὴν
440 831 504 864 τοῦ
527 830 744 883 νομοθετεῖν
768 831 932 871 ἐξουσίαν
956 827 1182 877 ἐδωρήσατο.
1209 830 1245 864 εἴ
1262 843 1348 864 τινα

1414 695 1519 731 nobis
1547 705 1612 740 per
1643 705 1784 730 sacrum
1814 695 1933 737 (sicuti
1962 694 2095 730 dictum
2116 701 2182 738 est)
2211 697 2381 732 iudicium
2411 697 2482 731 dis-

1415 740 1535 785 posita
1556 743 1619 775 aut
1642 739 1761 774 decisa
1783 750 1856 774 non
1878 740 2032 783 egebunt
2053 740 2201 776 aliorum
2223 742 2484 777 examinatione

1416 788 1480 821 aut
1501 784 1630 820 iudicio
1654 789 1719 819 aut
1740 785 1992 820 retractatione
2014 785 2144 830 aliqua.
2187 786 2263 823 Nos
2278 787 2382 828 enim,
2407 787 2483 831 qui-

1415 830 1483 865 bus
1507 830 1594 864 deus
1617 833 1654 864 et
1678 830 1859 864 sanciendi
1882 832 2095 874 potestatem
2118 830 2271 873 donavit,
2295 831 2327 866 si
2342 831 2484 876 aliquod

270 879 388 921 κρίσιν
412 876 475 909 ἐπί
494 888 567 909 τινι
596 875 772 910 υποθέσει
803 877 1109 921 προςενέγκωμεν,
1141 872 1204 917 οὐχ
1236 875 1296 909 ἑτέ
1316 888 1346 930 ιρ
1362 875 1584 910 l5iudicium
1615 875 1651 908 in
1676 874 1833 919 quolibet
1857 875 1997 919 negotio
2022 875 2291 919 protulerimus,
2322 886 2393 910 non
2414 876 2484 910 alio

271 920 420 966 δικαστῇ
445 919 582 961 ταύτην
605 922 845 965 ἐπιτρέπομεν
869 920 939 953 εἴτε
963 917 1024 953 διὰ
1046 919 1176 955 τύπων
1194 920 1264 954 εἴτε
1311 934 1346 953 ιιι

270 965 507 999 καταθέσεων
538 966 615 999 τῶν
647 964 901 1010 περιβλέπτων
930 962 1034 1009 ἡμῶν
1061 963 1348 1012 ῥεφερενδαρίων

269 1006 291 1052 ἢ
315 1010 435 1055 ἑτέρου
458 1007 572 1051 τινός,
605 1005 706 1044 ὅπως
730 1008 802 1043 δέοι
826 1009 893 1052 τὴν
912 1008 1084 1051 τοιαύτην
1099 1008 1281 1044 ὑπόθεσιν
1297 1009 1349 1050 ἐξ·

270 1054 468 1096 ετάζεσθαι
491 1051 521 1109 ἢ,
539 1055 745 1100 κρίνεσθαι,
776 1054 834 1088 οἶα
857 1054 947 1107 παρξ
973 1051 1078 1098 ἡμῶν
1109 1051 1210 1095 ἅπαξ
1240 1067 1350 1100 κεκρι-

1415 920 1523 954 iudici
1557 920 1627 954 hoc
1662 919 1910 954 committimus
1945 920 2018 954 sive
2053 930 2117 964 per
2147 920 2279 955 formas
2314 921 2387 955 sive
2421 930 2485 965 per

1417 965 1655 1010 depositiones
1671 964 1919 1008 spectabilium
1942 968 2144 999 nostrorum
2167 965 2486 1000 referendariorum

1418 1013 1482 1045 aut
1505 1009 1651 1044 alterius
1677 1009 1880 1051 cuiuslibet,
1913 1009 2090 1054 quomodo
2121 1011 2286 1045 convenit
2313 1010 2382 1045 hoc
2401 1019 2484 1053 neg-

1418 1055 1528 1090 otium
1552 1053 1747 1089 examinari
1776 1058 1840 1089 aut
1861 1055 2029 1095 iudicari,
2061 1058 2186 1099 utpote
2209 1065 2231 1090 a
2254 1055 2355 1090 nobis
2378 1054 2485 1089 semel

269 1102 381 1152 μένην
409 1102 469 1133 καὶ
501 1099 818 1154 αναψηλαφᾶσθαι
853 1112 927 1152 πριιρ
967 1097 1114 1134 οὐδενὸς
1136 1099 1350 1144 δυναμένην.
1363 1102 1405 1134 20
1417 1099 1612 1134 iudicatum
1649 1103 1685 1134 et
1719 1099 1812 1143 quod
1845 1100 2031 1134 retractari
2065 1110 2087 1134 a
2122 1100 2217 1135 nullo
2246 1100 2373 1135 valeat.
2421 1099 2486 1133 His

269 1157 413 1178 τουτων
433 1143 598 1187 δηλονοτι
621 1144 855 1190 κρατούντων
878 1157 969 1178 οταν
993 1146 1178 1191 ἐγγράφως
1200 1146 1349 1186 τοιαύτη

269 1200 324 1223 τις
354 1187 459 1233 ἡμῶν
487 1188 651 1236 προέλθῃ
680 1193 801 1235 κρίσις.
849 1190 881 1223 εἰ
909 1192 1076 1236 μέντοιγέ
1100 1201 1155 1224 τις
1178 1187 1349 1235 ἇμφιςβὴ-

269 1245 369 1277 τησις
391 1235 444 1277 τῷ
470 1232 619 1282 δικαστῇ
644 1238 729 1279 περί
749 1246 846 1269 τινος
864 1237 1012 1281 γένηται
1034 1233 1162 1278 νόμου,
1185 1237 1350 1277 μηνυέτω

270 1279 360 1324 πρὸς
382 1279 432 1333 τὸ,
450 1276 622 1325 ἡμέτερον
645 1278 773 1325 κράτος
797 1282 856 1313 καὶ
879 1278 948 1333 τὴν
971 1279 1010 1320 ἐξ
1024 1278 1130 1335 ημῶν
1145 1280 1350 1322 έκδεχέσθω

1417 1144 1580 1179 videlicet
1597 1143 1802 1179 tenentibus
1822 1145 1963 1189 quando
1981 1145 2113 1189 scripta
2133 1145 2213 1180 talis
2229 1146 2349 1190 aliqua
2365 1148 2487 1179 nostra

1417 1189 1578 1234 procedit
1601 1189 1787 1224 sententia.
1825 1189 1862 1224 Si
1878 1200 1960 1224 vero
1980 1190 2099 1234 aliqua
2118 1190 2292 1224 dubitatio
2314 1189 2425 1224 iudici
2442 1189 2486 1223 de

1417 1234 1537 1278 aliqua
1554 1234 1619 1268 fiat
1638 1234 1725 1278 lege,
1750 1233 1890 1269 nuntiet
1912 1235 1958 1269 ad
1976 1238 2133 1270 nostram
2157 1237 2379 1279 potestatem,
2404 1237 2441 1269 et
2463 1244 2486 1268 a

1417 1280 1520 1314 nobis
1552 1283 1717 1324 expectet
1752 1289 1882 1314 causae
1910 1279 2079 1324 scriptam
2113 1279 2388 1314 declarationem
2423 1282 2487 1314 aut

269 1325 334 1357 τοῦ
358 1336 567 1379 πραγμριτρς
590 1327 771 1381 ἔγγραφον
794 1337 994 1378 σαφηνειαν
1022 1338 1044 1367 η
1077 1325 1267 1371 ἑρμηνείαν
1290 1327 1349 1358 καὶ
1363 1327 1404 1359 25
1417 1324 1763 1368 interpretationem,
1795 1328 1831 1359 et
1853 1325 2046 1360 secundum
2069 1334 2147 1359 eam
2170 1324 2310 1359 decidat
2332 1325 2439 1358 litem.

269 1370 291 1404 1
336 1382 405 1403 κατ
447 1382 561 1412 αυτην
591 1382 751 1414 τεμνετω
781 1383 850 1413 την
881 1370 994 1412 δίκην.
1105 1371 1151 1403 Εἰ
1181 1367 1222 1403 δὲ
1253 1367 1350 1411 δίκης

264 1413 458 1467 ’λεγομένης
487 1411 511 1457 ἢ
532 1413 780 1461 πραγματικὸς
813 1412 918 1458 ἡμῶν
947 1413 1059 1449 τύπος
1092 1412 1115 1458 ἢ
1150 1412 1349 1449 κατάθεσις

269 1472 347 1493 των
370 1458 622 1506 περιβλέπτων
638 1458 743 1505 ἡμῶν
762 1457 1050 1505 ῥεφερενδαρίων
1070 1456 1092 1503 ἢ
1109 1459 1229 1504 ἑτέρου
1250 1458 1348 1493 τινὸς

270 1502 293 1546 ἢ
317 1503 403 1538 ἄλλο
434 1518 471 1538 τι
501 1505 578 1538 τῶν
606 1505 804 1549 εἰρημένων
827 1505 980 1539 πάντων
1001 1505 1055 1547 τῷ
1081 1503 1265 1559 δικάζοντι
1289 1506 1347 1548 έμ-

1418 1371 1439 1405 1
1494 1369 1531 1404 Si
1565 1379 1647 1404 vero
1682 1369 1765 1403 dum
1801 1379 1911 1404 causa
1946 1370 2075 1404 dicitur
2110 1369 2327 1414 pragmatica
2364 1372 2487 1403 nostra

1416 1415 1529 1449 forma
1553 1417 1616 1449 aut
1639 1413 1812 1458 depositio
1837 1414 2082 1459 spectabilium
2104 1419 2307 1450 nostrorum
2329 1413 2485 1448 referen-

1417 1460 1595 1494 dariorum
1631 1463 1694 1494 aut
1728 1459 1875 1494 alterius
1910 1459 2099 1494 cuiuslibet
2133 1463 2196 1494 aut
2226 1458 2323 1494 aliud
2353 1458 2486 1503 aliquid

1415 1505 1542 1539 horum
1571 1515 1660 1548 quae
1684 1504 1780 1539 dicta
1804 1507 1888 1539 sunt
1920 1504 2075 1539 omnium
2097 1503 2268 1539 iudicanti
2291 1504 2487 1538 insinuetur

272 1549 469 1595 φανισθείη
500 1547 694 1584 διατάττον
724 1549 794 1604 τὴν
829 1546 939 1583 αὐτοῦ
969 1549 1133 1590 ἐξέτασιν
1163 1563 1185 1592 η
1218 1551 1402 1594 κρίσιν,30
1416 1549 1584 1584 ordinans
1615 1549 1692 1584 eius
1721 1549 2015 1584 examinationem
2043 1552 2105 1583 aut
2129 1548 2356 1591 sententiam,
2386 1548 2486 1583 iube-

270 1592 458 1638 κελεύομεν
487 1593 555 1628 τὸν
586 1592 762 1638 δικαστην
789 1593 930 1628 τούτοις
958 1594 1145 1629 παντελῶς
1170 1595 1217 1639 μὴ
1244 1606 1346 1639 προς-

271 1642 374 1683 έχειν,
393 1638 484 1673 ἀλλὰ
503 1637 646 1673 τούτων
662 1636 874 1686 ἀργούντων
890 1642 950 1672 καὶ
965 1637 1143 1683 μηδεμίαν
1162 1638 1348 1674 παντελῶς

271 1684 433 1726 ἑχόντων
458 1684 561 1726 ἰσχὺν
591 1683 685 1718 κατὰ
713 1684 794 1718 τοὺς
822 1683 981 1730 γενικούς
1009 1682 1113 1729 ἡμῶν
1144 1682 1272 1728 νόμους
1303 1683 1345 1719 τὸ

271 1730 420 1783 πραγμα
439 1729 620 1783 ,ἐξετάζειν
643 1741 683 1762 τε
705 1732 766 1763 καὶ
785 1733 927 1773 νομίμῳ
945 1731 1075 1774 πέρατι
1091 1727 1346 1774 παραδιδόναι.

1414 1605 1492 1630 mus
1515 1594 1666 1629 iudicem
1690 1594 1830 1639 quidem
1850 1594 1938 1629 haec
1962 1594 2104 1630 omnino
2125 1605 2195 1629 non
2214 1594 2401 1638 respicere,
2425 1593 2487 1628 sed

1415 1640 1472 1674 his
1495 1640 1705 1675 vacantibus
1738 1644 1774 1674 et
1806 1639 1938 1674 nullam
1968 1639 2109 1684 penitus
2140 1639 2353 1674 habentibus
2377 1639 2486 1673 virtu-

1415 1688 1486 1720 tem
1506 1685 1700 1719 secundum
1718 1685 1900 1728 generales
1917 1687 2060 1719 nostras
2081 1684 2176 1727 leges
2193 1694 2337 1719 causam
2354 1684 2487 1719 exami-

1414 1739 1503 1764 nare
1525 1734 1562 1764 et
1584 1730 1738 1773 legitimo
1760 1729 1826 1764 fini
1849 1729 2076 1764 contradere:
2106 1729 2137 1763 si
2158 1733 2277 1763 autem
2300 1729 2390 1763 haec
2414 1738 2487 1762 non

270 1775 300 1808 εἰ
323 1772 364 1808 δὲ
387 1787 512 1827 ταυτα)
526 1787 576 1817 μη
599 1773 849 1827 παραφυλάξει
866 1772 886 1808 ὁ
902 1773 1080 1817 δικαστής,
1105 1774 1226 1809 decem
1240 1774 1347 1809 libra·
1360 1776 1402 1808 35
1416 1774 1625 1809 custodierit
1660 1774 1783 1815 iudex,
1818 1773 1939 1809 decem
1974 1774 2143 1808 librarum
2178 1773 2257 1808 auri
2290 1783 2368 1808 eum
2403 1773 2486 1808 sub-

270 1829 348 1854 rum
371 1828 450 1854 aurl
471 1818 584 1852 αυτὸν
605 1819 825 1853 υποκεῖσθαι
841 1819 950 1865 ποινῇ
965 1818 1057 1863 μετὰ
1072 1820 1136 1853 τοῦ
1152 1822 1212 1852 καὶ
1227 1820 1348 1864 ἑτέρας

269 1861 372 1909 ἡμῶν
405 1865 566 1908 μείζονος
600 1862 876 1910 ἀγανακτήσεως
912 1863 1133 1908 πειρᾶσθαι·
1174 1865 1219 1910 τῇ
1255 1863 1346 1910 αὐτῇ

270 1910 379 1956 ποινῇ
411 1906 643 1951 ὑποκειμένου
673 1912 734 1942 καὶ
756 1909 820 1942 τοῦ
845 1907 1051 1952 τολμῶντος
1073 1908 1241 1943 τοιοῦτόν
1263 1922 1346 1943 τινα

269 1951 509 2000 ὑπαγορεῦσαι
532 1951 650 1988 τύπον
672 1956 733 1987 καὶ
755 1954 833 1987 τῶν
857 1951 1138 2000 ὑπουργούντων
1162 1951 1261 1996 αὐτῷ
1286 1956 1344 1987 καὶ

1414 1819 1531 1854 iacere
1554 1828 1708 1863 poenae,
1741 1824 1781 1853 ut
1805 1819 1911 1853 etiam
1934 1818 2038 1853 aliam
2061 1822 2219 1854 nostram
2241 1818 2410 1853 maiorem
2432 1818 2475 1852 in·

1416 1864 1654 1907 dignationem
1688 1864 1911 1908 experiatur3
1947 1863 2059 1898 eidem
2090 1873 2226 1908 poenae
2255 1864 2416 1899 subiecto
2452 1868 2483 1897 et

1415 1919 1457 1944 eo
1489 1909 1549 1953 qui
1570 1913 1774 1953 praesumet
1802 1909 1908 1943 talem
1941 1909 2096 1953 aliquam
2117 1908 2253 1943 dictare
2275 1908 2427 1943 formam
2452 1913 2486 1942 et

1412 1954 1696 1989 ministrantibus
1718 1953 1753 1989 ei
1781 1956 1817 1988 et
1841 1953 1948 1989 talem
1971 1954 2124 1998 aliquam
2154 1953 2410 1998 depositionem
2432 1952 2486 1987 fa-

269 2013 346 2033 των
376 1998 549 2041 τοιαύτην
577 1996 660 2032 τινα
693 1998 897 2032 κατάθεσιν
929 2000 1157 2041 ποιουμένων
1187 1998 1347 2044 περιβλέ-
1362 2001 1403 2033 40

268 2088 463 2124 iudicanda
486 2088 552 2128 sit,
579 2087 822 2122 iudicantibus
843 2087 1046 2122 insinuetur
1068 2090 1132 2121 aut
1156 2087 1340 2121 insinuata
1362 2086 1498 2127 valeat,
1528 2085 1593 2120 sed
1621 2085 1815 2121 secundum
1844 2086 2030 2131 qenerales
2061 2086 2157 2130 leqes
2180 2091 2328 2121 nostras
2351 2086 2432 2121 lites
2453 2091 2488 2121 et

268 2134 522 2170 examinentur
544 2136 581 2167 et
601 2132 833 2168 decidantur:
871 2131 970 2177 quod
992 2131 1085 2167 enim
1115 2142 1166 2167 ex
1190 2131 1307 2176 lequm
1330 2131 1547 2166 auctoritate
1569 2130 1752 2165 iudicatur
1774 2140 1847 2165 non
1871 2130 2041 2176 indiqebit
2063 2131 2140 2165 ulla
2163 2131 2400 2178 dispositione
2423 2141 2487 2166 ex-

270 2179 445 2214 trinsecus
463 2176 631 2224 petenda.
680 2175 822 2211 Etenim
843 2177 878 2211 si
896 2187 969 2222 qua
992 2186 1104 2211 causa
1128 2176 1177 2210 ad
1198 2186 1266 2210 nos
1285 2175 1487 2221 pervenerit
1509 2175 1584 2210 sive
1606 2186 1700 2220 quac
1723 2185 1745 2209 a
1775 2173 1824 2209 ud
1844 2175 1995 2210 iudicem
2017 2175 2089 2210 iam
2114 2175 2211 2211 dicta
2234 2181 2288 2211 est
2301 2176 2375 2211 sive
2391 2180 2487 2211 ante-

269 2234 377 2270 quam
399 2222 449 2257 ibi
471 2221 661 2257 eoeordium
684 2224 840 2272 caperet,
865 2232 1014 2266 eamque
1036 2221 1140 2257 nobis
1156 2220 1342 2267 placuerit
1360 2231 1433 2267 pro
1460 2220 1516 2255 rio
1540 2225 1666 2255 nostro
1690 2219 1728 2254 iu
1754 2220 1823 2254 icio
1847 2219 2039 2265 disponere
2060 2226 2094 2256 et
2117 2220 2291 2262 decidere,
2323 2220 2392 2256 hoc
2414 2231 2488 2256 non

269 2268 423 2314 amplius
446 2267 597 2303 alterius
618 2265 750 2301 iudicis
772 2270 854 2312 eqet
875 2266 1070 2301 sententia:
1103 2276 1198 2311 quae
1220 2266 1314 2300 enim
1338 2276 1361 2299 a
1384 2275 1432 2300 no
1456 2265 1488 2300 is
1511 2264 1633 2300 divina
1665 2267 1719 2306 (ut
1740 2264 1873 2299 dictum
1895 2267 1961 2305 est)
1992 2266 2167 2301 sententia
2190 2266 2433 2312 disponuntur
2454 2269 2490 2301 et

269 2312 484 2348 deciduntur
503 2322 577 2347 non
600 2311 763 2357 indiqent
783 2311 938 2346 aliorum
960 2311 1233 2346 examinatione
1255 2310 1310 2346 vel
1328 2310 1506 2346 sententia
1533 2309 1590 2344 vel
1611 2310 1869 2344 retractatione
1891 2309 1976 2344 ulla.
2018 2309 2097 2345 Nos
2119 2311 2223 2352 enim,
2247 2310 2376 2356 quibus
2399 2310 2488 2346 deus

268 2359 375 2394 etiam
396 2358 514 2403 lequm
530 2356 765 2403 ferendarum
779 2359 996 2407 potestatem
1016 2356 1172 2397 donavit,
1195 2358 1229 2390 si
1268 2366 1351 2390 uam
1367 2354 1577 2390 sententiam
1597 2353 1641 2390 de
1660 2365 1772 2390 causa
1792 2354 1917 2399 aliqua
1941 2353 2135 2398 tulerimus,
2158 2366 2231 2390 non
2247 2355 2356 2391 alteri
2375 2355 2490 2390 iudici

268 2414 347 2438 eam
366 2402 439 2437 sive
451 2412 523 2448 per
536 2401 742 2436 sanctiones
760 2411 835 2436 ειυς
845 2412 918 2448 per
931 2400 1177 2447 spectabilium
1197 2366 1528 2446 reJerendariorum
1551 2404 1756 2434 nostrorum
1772 2398 1827 2434 vel
1842 2398 1993 2434 alterius
2007 2399 2117 2435 ullius
2135 2399 2376 2446 depositiones
2395 2411 2488 2435 com-

269 2448 451 2489 mittimus,
484 2445 779 2493 quemadmodum
802 2446 976 2481 eiusmodi
1004 2446 1049 2481 lis
1072 2445 1316 2481 examinanda
1347 2445 1403 2480 vel
1424 2444 1621 2480 decidenda
1643 2444 1709 2486 sit,
1740 2444 1875 2490 quippe
1904 2455 1997 2489 quae
2026 2444 2135 2480 semel
2155 2456 2179 2480 a
2202 2444 2305 2480 nobis
2327 2445 2489 2480 iudicata

268 2493 316 2528 sit
339 2502 454 2538 neque
477 2503 501 2526 a
524 2501 706 2537 quoquam
735 2491 932 2526 retractari
951 2491 1078 2537 possit.
1126 2494 1243 2536 Atque
1266 2489 1554 2537 baec-nimirum
1577 2488 1721 2524 valeant
1750 2499 1829 2523 cum
1886 2499 1954 2524 uae
1985 2489 2022 2523 in
2045 2489 2192 2536 scriptis
2215 2489 2387 2525 eiusmodi
2409 2500 2487 2525 sen-

271 2538 382 2573 tentia
398 2543 525 2572 nostra
539 2536 730 2583 prodierit.
774 2534 816 2570 Si
857 2546 905 2570 ua
924 2546 1008 2572 vero
1029 2535 1140 2571 iudici
1155 2535 1330 2571 dubitatio
1353 2534 1398 2570 de
1414 2534 1492 2580 leqe
1509 2534 1632 2579 aliqua
1652 2538 1733 2568 orta
1748 2533 1805 2575 sit,
1830 2544 1853 2568 a
1892 2534 2092 2580 potentiam
2114 2539 2274 2570 nostram
2291 2535 2433 2580 referat
2453 2538 2490 2569 et

269 2585 291 2619 1
336 2594 359 2618 a
374 2581 479 2617 nobis
491 2582 665 2627 scriptam
686 2581 741 2616 rei
754 2591 828 2626 eoep
843 2581 1048 2616 anationem
1068 2580 1124 2616 vel
1138 2580 1465 2627 interpretationem
1484 2579 1642 2625 accipiat
1661 2583 1697 2614 et
1710 2578 1902 2617 secundum
1923 2589 2002 2613 eam
2019 2579 2113 2614 litem
2130 2579 2283 2614 dirimat.
2352 2578 2490 2622 Quodsi

269 2627 353 2663 dum
382 2637 493 2662 causa
523 2627 647 2679 aqitur
702 2627 906 2671 raqmatica
934 2627 1075 2661 sanctio
1105 2630 1234 2660 nostra
1265 2625 1322 2661 vel
1351 2624 1528 2671 depositio
1559 2622 1806 2670 spectabilium
1840 2623 2174 2667 referendariorum
2205 2628 2412 2659 nostrorum
2435 2624 2492 2659 vel

270 2672 421 2708 alterius
444 2671 598 2706 alicuius
621 2681 662 2707 ve
699 2670 788 2716 quid
808 2670 910 2705 aliud
932 2681 1057 2706 eorum
1080 2681 1174 2717 quae
1197 2670 1294 2705 dicta
1316 2676 1400 2705 sunt
1424 2669 1580 2705 omnium
1607 2668 1719 2704 iudici
1745 2668 1963 2702 insinuatum
1993 2669 2041 2703 sit
2063 2668 2163 2714 quod
2184 2669 2488 2704 examinationem

270 2718 348 2753 eius
371 2717 426 2753 vel
447 2716 658 2752 sententiam
675 2715 901 2762 praecipiat,
933 2715 1092 2751 iubemus
1115 2714 1266 2751 iudicem
1297 2714 1425 2750 borum
1449 2714 1593 2749 omnino
1625 2724 1698 2748 non
1721 2712 1852 2748 babere
1874 2713 2071 2754 rationem,
2103 2713 2168 2748 sed
2189 2713 2247 2748 bis
2269 2714 2489 2749 cessantibus

271 2773 386 2808 neque
408 2761 518 2796 ullam
544 2761 689 2796 omnino
713 2761 783 2795 vim
807 2760 1016 2796 habentibus
1039 2760 1231 2796 secundum
1254 2759 1441 2806 qenerales
1464 2763 1611 2794 nostras
1641 2758 1737 2803 leqes
1759 2768 1834 2793 rem
1857 2763 1894 2792 et
1915 2758 2128 2793 examinare
2161 2763 2196 2792 et
2219 2758 2269 2792 ad
2291 2758 2485 2804 leqitimum

268 2808 376 2853 finem
401 2806 588 2842 adducere.
636 2804 679 2840 Si
701 2816 784 2841 vero
813 2805 928 2841 iudeae
958 2805 1047 2841 llaec
1076 2816 1151 2841 non
1175 2805 1393 2846 observabit,
1425 2804 1544 2839 decem
1576 2804 1748 2839 librarum
1778 2803 1861 2837 auri
1886 2813 2029 2848 poenae
2058 2802 2268 2843 subiciatur,
2294 2807 2487 2848 praeterea

271 2852 380 2888 aliam
410 2862 554 2897 quoque
582 2851 786 2896 qraviorem
815 2850 1100 2896 indiqnationem
1132 2853 1294 2885 nostram
1325 2853 1567 2896 experturus;
1602 2852 1711 2894 atque
1733 2846 1844 2883 eidem
1869 2857 2015 2893 poenae
2037 2847 2144 2882 etiam
2175 2848 2207 2882 is
2230 2847 2292 2892 qui
2314 2847 2490 2882 eiusmodi

272 2897 433 2943 aliquam
455 2895 677 2931 sanctionem
701 2896 839 2930 dictare
862 2896 996 2931 audeat
1017 2895 1217 2930 subiciatur
1239 2900 1274 2930 et
1301 2895 1364 2940 qui
1386 2893 1619 2929 ministerium
1642 2895 1676 2928 ei
1692 2897 1882 2938 praestent
1909 2896 1945 2927 et
1965 2892 2029 2937 qui
2050 2891 2224 2926 eiusmodi
2247 2891 2405 2937 aliquam
2429 2891 2486 2926 de-

332 2989 349 3022 1
374 2983 587 3030 ἀρχθεῖσαν]
619 2983 818 3030 ἀρχθεῖσαν
841 2983 960 3019 αὐτοῖς
984 2987 1034 3019 Β*
1060 2986 1071 3028 ΙΙ
1100 2984 1275 3031 γενέσθαι
1299 2985 1350 3018 Βε

274 3035 305 3076 7,
328 3040 358 3071 ¹,
377 3039 409 3066 17
438 3031 451 3075 ΙΙ
480 3033 500 3065 2
523 3033 720 3076 γενομένην
746 3031 819 3071 Be,
842 3034 927 3075 vulq.
957 3031 970 3075 ΙΙ
999 3032 1018 3064 3
1042 3031 1110 3072 τὴν
1134 3028 1238 3073 δίκην
1262 3031 1310 3063 Β*
1340 3031 1350 3070 ΙΙ

273 3080 295 3111 4
316 3076 373 3118 τὸ]
408 3075 476 3110 τὸν
503 3075 548 3109 ι’
574 3078 586 3119 ΙΙ
616 3078 636 3110 6
660 3073 751 3119 ὑμᾶς
776 3076 827 3109 B⁶
855 3077 867 3118 ΙΙ
895 3079 913 3110 ’7
938 3076 1086 3118 ταύτην]
1122 3075 1260 3118 ταύτην
1282 3073 1350 3116 τὴν

273 3120 378 3164 δίκην
399 3122 447 3159 L:
485 3123 594 3154 abesse
622 3122 729 3154 malim
759 3118 897 3164 ταύτην
925 3121 937 3165 ΙΙ
968 3123 988 3155 8
1020 3118 1223 3162 συνίδωμεν
1254 3120 1350 3159 LB‘]

274 3163 483 3210 συνείδομεν
505 3166 551 3199 Μ
576 3163 782 3208 συνίδοιμεν
805 3167 969 3210 Scrimqer
986 3166 1066 3207 (Βῖ)
1097 3169 1108 3207 ΙΙ
1139 3168 1179 3200 15
1203 3166 1351 3210 ἐνέγκω-

273 3225 341 3256 μεν
357 3213 387 3245 L
405 3212 418 3255 ΙΙ
443 3213 482 3246 18
508 3210 604 3253 *τὴν
626 3210 765 3252 ταύτην
790 3211 865 3244 ΜΒ
895 3210 964 3253 τὴν
987 3209 1119 3252 ταύτης
1139 3212 1185 3252 L,
1214 3207 1352 3251 ταύτην

274 3256 343 3299 τὴν
367 3270 433 3290 cum
458 3257 641 3299 Serimqero
665 3257 751 3300 vulq.
780 3255 793 3298 ΙΙ
824 3257 863 3290 19
887 3253 909 3298 ἢ
933 3255 1125 3300 κρίνεσθαι
1140 3275 1181 3279 -
1197 3255 1350 3299 κεκριμέ-

273 3314 342 3344 νην
365 3314 423 3334 οηι.
438 3301 470 3334 L
494 3301 507 3344 11
532 3302 570 3334 21
595 3301 702 3346 ε’γγρα
732 3310 769 3334 ος
793 3301 822 3334 L
849 3302 861 3339 ΙΙ
885 3302 927 3335 22
953 3299 1116 3347 προέλθῃ
1139 3301 1197 3341 Μ]
1227 3296 1349 3343 προέλ-

278 3346 340 3379 θοι
354 3346 422 3379 LB
438 3346 451 3388 ΙΙ
477 3347 518 3379 23
541 3348 680 3391 γίνεται
696 3313 730 3379 g
748 3346 761 3389 ss
786 3347 827 3379 27
852 3343 875 3388 ἢ
899 3359 956 3379 om.
970 3359 990 3382 ς
1005 3346 1017 3390 ΙΙ
1041 3345 1151 3379 τύπος
1166 3343 1272 3389 ἡμῶν
1288 3344 1317 3376 L
1340 3343 1352 3386 ΙΙ

276 3394 318 3425 30
336 3387 459 3432 αὐτοῦ]
485 3386 599 3432 αὐτὴν
612 3390 692 3434 B‘ss
714 3392 756 3425 35
777 3387 862 3423 δέκα
887 3389 1007 3435 λίτρας
1030 3389 1176 3435 (λιτρῶν
1188 3390 1251 3432 B‘)
1272 3401 1351 3433 zev-

276 3436 339 3467 σοῦ
359 3436 426 3468 LB
445 3435 457 3480 ΙΙ
481 3437 523 3470 36
548 3435 656 3478 ποινὴ
675 3436 716 3468 M
734 3436 747 3479 ΙΙ
773 3437 815 3469 36
829 3448 876 3479 sq.
900 3434 989 3479 μετὰ
1016 3437 1082 3469 τοῦ
1100 3454 1139 3460 -
1160 3434 1269 3480 ποινῇ
1292 3446 1350 3466 om.

280 3481 326 3512 ΒΕ
344 3481 356 3523 ΙΙ
378 3482 441 3513 τοῦ
467 3493 526 3513 om.
541 3480 591 3513 B!

325 3613 344 3644 2
361 3612 554 3645 ‘insinuare
570 3614 647 3647 libri
661 3614 673 3657 11
690 3613 860 3646 insinuata
875 3613 960 3654 libri,
974 3625 1056 3646 corr.
1069 3614 1157 3657 vulq.
1174 3613 1188 3657 ΙΙ
1205 3614 1225 3647 3
1239 3614 1352 3645 nostra

289 3656 335 3687 V*
354 3656 366 3698 u
383 3658 402 3689 4
418 3658 525 3689 decidi
542 3659 639 3698 vulo]
664 3658 766 3690 incidi
790 3659 867 3691 libri
882 3657 894 3700 ΙΙ
919 3658 1020 3700 quod]
1044 3657 1099 3699 qm
1116 3660 1136 3691 ι’.
1150 3670 1176 3691 e.
1193 3657 1350 3699 quoniam

283 3701 314 3733 Τ
325 3700 338 3743 u
357 3702 376 3732 6
389 3701 489 3741 quod]
506 3712 569 3742 que
584 3702 625 3735 Τι
638 3702 651 3747 ss
662 3703 789 3735 venerit
799 3705 858 3735 aut
870 3703 990 3736 inserui
999 3703 1123 3745 (veniat
1135 3703 1212 3736 add.
1223 3702 1328 3744 Beck)
1337 3700 1351 3746 ΙΙ

1418 2986 1436 3017 7
1461 2983 1599 3024 dictum]
1630 2983 1757 3016 dictum
1780 2985 1829 3016 est
1853 2983 1884 3016 T
1905 2981 1918 3026 ss
1941 2983 1960 3016 8
1985 2984 2018 3014 et
2041 2982 2102 3015 del.
2118 2982 2167 3015 Τ2
2191 2982 2203 3024 ΙΙ
2227 2983 2489 3025 perspexerimus

1425 3028 1516 3069 VT2]
1540 3029 1764 3072 perspeximus
1778 3028 1863 3061 RT¹
1882 3026 1895 3071 ΙΙ
1910 3037 1969 3059 nos
1984 3027 2046 3059 hoc
2065 3027 2187 3070 Tvulq.
2208 3026 2220 3070 ΙΙ
2235 3030 2386 3060 nostrum
2400 3027 2486 3059 iudi—

1417 3084 1490 3106 cum
1503 3074 1530 3106 V
1547 3073 1705 3106 iuditium
1717 3077 1864 3106 nostrum
1878 3072 1911 3104 R.
1922 3071 1935 3116 ΙΙ
1949 3073 1970 3106 9
1984 3071 2133 3104 decidere
2145 3071 2195 3104 Τ8
2208 3074 2240 3105 in
2252 3074 2366 3115 marq.]
2380 3072 2488 3105 dicere

1417 3118 1611 3162 RVTvulq.
1628 3118 1641 3162 ΙΙ
1660 3120 1701 3152 10
1714 3117 1878 3160 indigebit
1892 3117 1946 3157 Tu
1964 3116 2164 3158 *siquidemJ
2181 3116 2269 3149 sieut
2285 3118 2373 3150 enim
2391 3118 2467 3150 libri
2484 3116 2489 3161 Ι

1420 3164 1460 3197 12
1478 3163 1588 3205 egebit
1604 3164 1650 3196 Τι
1667 3163 1680 3206 ΙΙ
1701 3164 1740 3197 13
1755 3173 1816 3196 nos
1832 3161 1919 3195 enim
1940 3161 1986 3202 V]
2009 3164 2057 3194 set
2076 3172 2136 3194 nos
2159 3165 2191 3194 et
2214 3163 2261 3202 (et
2279 3162 2341 3195 del.
2360 3162 2424 3203 T2)
2479 3186 2488 3202 ,

1418 3221 1476 3247 om.
1490 3209 1522 3241 R
1540 3209 1552 3250 ΙΙ
1571 3210 1612 3243 14
1627 3211 1661 3240 et
1685 3220 1743 3242 om.
1758 3208 1814 3250 ΤΙΙ
1835 3208 1874 3241 15
1889 3206 1968 3247 alio]
1992 3206 2052 3239 alii
2066 3206 2180 3246 R2T²‚
2203 3217 2224 3238 o
2244 3219 2367 3240 erasum
2386 3207 2419 3240 in
2439 3207 2470 3239 V

1422 3255 1459 3286 17
1477 3253 1709 3296 dispositiones
1728 3252 1816 3294 RTu
1837 3253 1877 3286 19
1901 3254 2020 3294 utpute
2047 3252 2097 3284 T¹
2116 3251 2187 3291 1120
2209 3251 2232 3291 ,*
2240 3254 2284 3292 et]
2309 3253 2357 3284 est
2379 3251 2472 3284 libri-

1419 3299 1457 3331 21
1475 3297 1640 3342 scriptura
1653 3298 1702 3331 12²
1717 3297 1730 3341 11
1747 3297 1790 3331 22
1803 3297 1998 3340 processerit
2012 3297 2045 3330 T
2053 3298 2139 3339 quod
2150 3298 2270 3340 recepit
2283 3297 2460 3330 Heimbaeh

1418 3344 1459 3376 23
1484 3343 1540 3375 fiet
1566 3343 1620 3386 ΤΙΙ
1638 3342 1784 3383 nuntiet]
1807 3342 1966 3374 nuntie·-
1990 3342 2037 3374 V¹
2061 3342 2237 3374 nuntietur
2257 3339 2307 3374 V²
2329 3339 2485 3372 nuntien-

1417 3391 1473 3419 tur
1487 3388 1542 3420 T⁰
1556 3386 1568 3432 ΙΙ
1588 3389 1631 3421 24
1654 3389 1827 3431 expectent
1849 3386 1916 3420 ΒΤ
1928 3386 1941 3430 ΙΙ
1965 3388 2007 3420 25
2032 3397 2070 3419 ea
2092 3386 2187 3419 R¹T¹
2205 3385 2218 3428 fl
2234 3384 2386 3418 decidant
2402 3384 2453 3417 Τ2

1418 3433 1459 3465 27
1476 3435 1675 3474 nostrorum]
1696 3435 1755 3465 aut
1773 3434 1958 3464 nostrorum
1978 3431 2064 3464 R¹T
2075 3431 2088 3475 ΙΙ
2105 3432 2149 3465 28
2167 3429 2294 3471 aliquid
2314 3428 2405 3461 aliud
2419 3429 2452 3461 R

1418 3478 1459 3510 29
1483 3477 1647 3510 iudicanti
1667 3477 1716 3511 V²
1734 3479 1767 3510 in
1787 3489 1866 3517 ras„
1879 3476 1941 3518 R¹]
1964 3475 2190 3508 iudicantibus
2212 3472 2394 3517 R²Tvu19.
2412 3474 2425 3518 ΙΙ
2443 3475 2486 3508 30

1416 3523 1659 3556 examinatione
1677 3524 1737 3555 aut
1755 3521 1920 3555 sententia
1936 3521 1969 3554 R
1984 3521 1998 3565 Ι
2015 3522 2055 3555 31
2075 3519 2207 3562 quidem
2226 3530 2284 3551 om.
2307 3517 2362 3561 Vll
2380 3518 2487 3551 *haee

1415 3567 1551 3599 omnino
1567 3569 1646 3608 non]
1667 3567 1802 3600 omnino
1818 3577 1885 3599 non
1900 3567 1981 3607 (non
1997 3577 2081 3600 erae.
2098 3564 2146 3603 V)
2165 3562 2238 3595 RV
2253 3562 2389 3595 omnino
2406 3564 2486 3597 haee

1420 3612 1451 3643 T
1471 3611 1483 3655 ΙΙ
1507 3614 1550 3646 34
1573 3613 1643 3653 fini]
1668 3612 1738 3645 fui·
1754 3612 1801 3645 R¹
1817 3611 1829 3655 ΙΙ
1853 3613 1896 3646 36
1921 3613 1970 3652 ut]
1994 3611 2054 3643 aut
2077 3607 2126 3642 Τι
2141 3606 2155 3650 Ι
2171 3607 2326 3639 maiorem
2350 3621 2408 3641 om.
2424 3608 2488 3653 ΤΕ

1416 3657 1458 3689 38
1483 3656 1617 3698 dictare]
1641 3657 1730 3690 dieta
1753 3657 1771 3690 ὁ
1799 3657 1867 3696 Τις
1899 3655 2025 3689 dictare
2046 3671 2090 3679 —
2114 3653 2157 3686 39
2182 3651 2325 3695 aliquam
2347 3666 2404 3687 orn.
2420 3654 2452 3687 R
2474 3655 2487 3703 u

1415 3703 1458 3734 39
1482 3705 1515 3734 et
1539 3715 1597 3735 om.
1617 3702 1668 3736 Τι
