2612 4016
248 187 322 230 Ed.
337 188 440 230 XIII
469 157 635 226 22-24
1297 155 1385 221 792*
1798 187 1857 218 DE
1886 187 2003 219 URBE
2032 175 2447 218 ALEXANanonuM

245 298 308 330 ἐπί
331 308 371 328 τε
400 297 472 328 τοῖς
501 291 618 327 ἄλλοις
641 288 792 334 ἅπασιν,
817 287 908 335 ἅπερ
939 287 1076 334 ἀνάγκη
1097 287 1272 332 πράττειν
1303 285 1371 321 τὸν
1390 284 1597 330 πληροῦνται
1619 284 1687 328 τὴν
1710 285 1772 328 τῆς
1796 281 1903 331 ἀρχῆς
1926 288 2066 331 χρείαν
2100 282 2388 327 έπιδοθήσονται
2410 281 2451 318 δὲ

245 337 340 381 αύτῷ
373 337 470 383 λόγῳ
500 336 736 382 παραμυθίας
764 337 887 382 χρυσοῖ
916 333 1059 368 ἑκατόν.
1106 332 1222 378 ταύτῃ
1251 333 1319 375 μὲν
1341 328 1428 375 ἡμῖν
1450 333 1559 377 πέρας
1582 331 1692 372 ἐχέτω
1716 332 1775 363 καὶ
1798 333 1844 364 τά
1868 333 1951 375 περὶ
1972 331 2035 373 τῆς
2058 330 2221 374 Λιβυκῆς
2244 328 2450 372 διοικήσεως

243 383 500 424 διαταχθέντα.

1181 442 1337 478 CAPUT
1358 441 1493 478 XXIII.

373 512 593 550 Ἀκόλουθον
622 516 746 547 τοίνυν
778 513 877 545 ἐστὶν
909 510 1085 544 ἐντεῦθεν
1116 507 1289 553 διαβῆναι
1320 506 1413 552 ἡμᾶς
1445 510 1505 543 ἐπὶ
1525 506 1566 543 τὸ
1592 507 1778 552 Θηβαϊκόν
1802 505 1957 553 λιμιτόν,
1981 510 2144 543 τουτέστι
2168 507 2233 543 δύο
2258 505 2452 551 Θηβαΐδας,

243 561 372 605 αἷσπερ
403 562 533 601 ἐπέστη
560 559 627 601 μὲν
659 555 679 590 ὁ
708 555 945 601 περίβλεπτος
975 553 1063 594 δούξ
1093 551 1112 588 ὃ
1137 553 1273 597 ταύτην
1297 552 1598 599 παραλαμβάνων
1621 550 1704 599 παρ’
1730 552 1835 597 ἡμῶν
1858 553 1927 596 τὴν
1951 551 2144 596 διοίκησιν·
2184 550 2453 588 ὑπακούσονται
2476 556 2495 587 5

243 605 283 640 δὲ
313 602 441 639 τούτου
470 607 530 637 καὶ
557 602 593 636 οἱ
622 600 765 636 τούτων
792 601 869 635 τῶν
900 600 1083 647 ἐπαρχιῶν
1115 598 1300 643 ἐπιχώριοι
1322 597 1499 644 ἄρχοντες,
1520 600 1580 632 καὶ
1602 599 1705 632 ἔσται
1729 601 1789 632 καὶ
1813 596 1920 632 αὐτὸς
1942 600 2003 633 ἐπὶ
2025 599 2088 641 τῆς
2107 598 2170 632 τοῦ
2195 594 2452 641 αὖγουσταλίου

242 652 356 694 τιμῆς,
390 649 445 690 [εἰ]
479 645 603 689 ὥσπερ
634 643 682 680 ἄν
712 647 743 679 εἰ
768 648 829 680 καὶ
862 643 1116 691 αὐγουστοίλιος
1145 636 1203 687 ῆν,
1235 639 1512 687 ὑποκεισόμενος
1542 645 1620 677 ταῖς
1647 641 1892 678 διατυπώσεσι
1920 644 1982 686 τῆς
2014 644 2076 685 σῆς
2104 640 2277 697 ὑπεροχῆς
2307 645 2367 677 καὶ
2397 642 2451 685 τῷ

243 695 461 738 δικαστηρίῳ
490 694 552 735 τῆς
567 687 642 725 ‘'Eco
670 690 764 725 κατὰ
790 689 925 732 πάντα,
957 686 1058 724 ὅπως
1084 690 1145 721 καὶ
1175 689 1242 723 νῦν
1264 686 1284 722 ὁ
1310 687 1546 735 περίβλεπτος
1569 684 1823 732 αὖγουστάλιός
1844 690 1930 722 ἐστι.
1978 685 2124 730 δίδομεν
2153 700 2223 732 γαρ
2245 689 2305 726 καὶ
2328 687 2453 722 πᾶσαν

244 737 491 773 δικαιοδοσίαν
513 749 552 771 τε
573 739 631 769 καὶ
653 735 829 779 ἐξουσίαν,
852 732 901 778 ἢν
923 731 943 769 ὁ
969 732 1206 780 περίβλεπτος
1229 729 1483 780 αὗγουστάλιος
1505 730 1577 775 ἔχει
1602 746 1676 765 0·-
1701 745 1758 767 τοι
1781 735 1859 767 ταῖς
1881 731 2035 767 ἄνωθεν
2058 731 2325 779 ἀφωρισμέναις
2340 731 2452 774 αὐτῷ,

242 786 406 819 τουτέστι
431 781 587 826 Θηβαΐσι
612 778 687 814 δύο.
2478 777 2520 810 10

1187 836 1342 881 CAPUT
1365 844 1497 880 XXIV.

368 916 500 950 Ἔσται
528 913 567 948 δὲ
597 912 697 957 αὐτῷ
734 916 879 959 φροντίς
909 924 949 946 τε
979 915 1039 945 καὶ
1067 909 1242 954 κίνδυνος,
1273 908 1369 946 ὥστε
1400 909 1580 958 πρότερον
1603 912 1672 955 μὲν
1703 914 1885 946 παντοίως
1912 910 1997 945 εἰσπ
2020 911 2146 944 ἀττειν
2175 909 2244 945 τὸν
2266 913 2369 945 σῖτον
2391 911 2454 954 τῆς

245 962 361 995 αἰσίοις
391 958 541 1005 ἐμβολῆς
568 962 628 993 καὶ
660 960 857 1002 ἐκπέμπειν
883 960 942 991 καὶ
971 954 1217 1001 παραδιδόναι
1246 957 1299 999 τῷ
1331 955 1561 1004 περιβλέπτῳ
1594 953 1841 1002 αὐγουσταλίῳ
1874 956 1936 998 τῆς
1957 953 1994 989 'A
2018 953 2230 1000 εξανδρέων,
2253 958 2314 990 καὶ
2336 967 2454 999 παρα-

245 1004 426 1047 σκευάζειν
457 1001 658 1038 άνελλιπῶς
686 1003 779 1037 κατὰ
808 1002 873 1036 τὰς
904 1002 1089 1047 εἰρημένας
1118 1001 1345 1046 προθεσμίας
1372 1004 1433 1035 καὶ
1464 998 1565 1044 αὐτῷ
1591 1002 1644 1043 τῷ
1676 1004 1770 1046 ε’ργῳ
1805 1000 2106 1046 (ἐκπέμπεσθαι)
2141 1001 2261 1044 οἰκείῳ
2297 998 2453 1044 κινδύνῳ

246 1047 395 1086 ἅπαντα
423 1048 491 1083 τὸν
524 1051 626 1083 σῖτον
655 1046 755 1094 (τὸν)
785 1045 1028 1091 ἐπιβάλλοντα
1058 1048 1135 1080 ταῖς
1165 1043 1275 1080 αὐτοῦ
1307 1047 1492 1092 ἐπαρχίαις
1522 1059 1562 1080 τε
1592 1048 1652 1079 καὶ
1684 1045 1811 1082 πόλεσι
1842 1048 1901 1078 καὶ
1919 1042 2043 1081 τόποις
2066 1047 2125 1078 καὶ
2145 1043 2324 1088 ἀνήκοντα
2347 1046 2391 1092 τῇ
2415 1058 2456 1079 τε

245 1093 379 1149 ἐμβολῇ
410 1095 471 1135 τῆς
502 1091 710 1137 εὐδαίμονος
738 1091 870 1134 ταύτης
900 1090 1039 1126 πόλεως
1069 1094 1128 1124 καὶ
1158 1091 1211 1134 τῷ
1242 1089 1326 1136 παρ’
1351 1088 1456 1134 ἡμῶν
1509 1090 1767 1145 ιλοτιμουμένῳ
1791 1093 1955 1136 τροφίμῳ
1976 1091 2039 1133 τῆς
2059 1086 2331 1135 Ἀλεξανδρέων,
2355 1087 2453 1124 οὐδε·
2480 1093 2520 1126 15

243 1141 325 1184 μιᾶς
356 1137 535 1183 αναβολῆς
567 1141 648 1182 περὶ
679 1137 822 1172 τούτων
850 1138 1047 1183 γινομένης,
1078 1135 1136 1169 οἶα
1155 1139 1215 1169 καὶ
1238 1134 1373 1171 παντὸς
1395 1105 1578 1182 (κινδύνου
1599 1133 1710 1170 αὐτὸν
1734 1135 1911 1179 ορῶντος)
1933 1137 1993 1168 καὶ
2016 1134 2085 1178 τὴν
2104 1135 2330 1179 πειθομένην
2354 1132 2453 1178 αύτῷ

244 1182 367 1224 τάξιν·
391 1181 677 1217 κινδυνευόντων
700 1185 761 1216 καὶ
783 1182 861 1216 τῶν
885 1181 1123 1226 στρατιωτῶν
1152 1181 1230 1215 τῶν
1253 1182 1314 1216 ἐπὶ
1337 1183 1409 1215 τοῖς
1432 1181 1558 1216 τόποις
1579 1178 1703 1214 ὄντων
1724 1183 1783 1213 καὶ
1806 1181 1884 1214 τῶν
1907 1179 2111 1224 τριβούνων
2133 1183 2194 1213 καὶ
2217 1179 2332 1223 πάσης
2355 1178 2455 1215 πολι-

246 1230 342 1271 τικῆς
372 1231 432 1262 καὶ
464 1226 634 1271 δημοσίας
665 1227 849 1270 βοηθείας,
881 1226 912 1259 εἰ
941 1224 991 1270 μὴ
1025 1224 1115 1270 πρὸς
1145 1227 1262 1260 ταῦτα
1293 1222 1472 1270 ἆμὺνοιεν.
1521 1223 1603 1259 δέον
1626 1225 1668 1259 τὸ
1692 1226 1760 1269 μέν
1781 1225 1843 1268 τῆς
1863 1224 2028 1259 ἐνταῦθα
2051 1226 2318 1268 ἐκπεμπομένης
2342 1225 2458 1258 αἰσίας

246 1271 395 1318 ἐμβολῆς
422 1275 553 1318 μέτρον
584 1272 814 1316 ἐμβληθῆναι
842 1272 911 1315 μὲν
941 1268 1024 1317 παρ’
1059 1269 1168 1304 αὐτοῦ
1198 1273 1277 1304 ταῖς
1306 1274 1500 1315 ποταμίαις
1529 1272 1659 1303 ναυσὶν
1687 1266 1785 1312 αύτῷ
1819 1270 1872 1312 τῷ
1904 1270 1995 1315 ἔργῳ
2026 1271 2128 1315 μέχρι
2157 1270 2218 1311 τῆς
2241 1269 2367 1312 ἐνάτης
2390 1270 2455 1303 τοῦ

247 1317 442 1364 αὐγούστου
472 1317 584 1360 μηνὸς
614 1320 673 1350 καὶ
703 1319 773 1359 τὴν
804 1312 858 1351 ἐπ’
885 1311 985 1358 αύτῷ
1017 1314 1222 1360 πληναρίαν
1253 1313 1337 1361 παρ’
1365 1314 1471 1350 αὐτοῦ
1494 1315 1719 1360 πραχθῆναι,
1743 1317 1827 1356 [καὶ]
1851 1313 2169 1358 κατακομισθῆναι
2193 1312 2233 1347 δὲ
2255 1311 2365 1348 αὐτὸν
2388 1313 2455 1348 τὸν
2480 1317 2522 1351 20

246 1366 348 1397 σῖτον
378 1363 425 1396 εἰς
455 1361 523 1405 τὴν
544 1359 807 1407 Ἀλεξανδρέων
835 1363 937 1406 μέχρι
967 1361 1028 1402 τῆς
1059 1358 1207 1402 δεκάτης
1237 1362 1302 1394 τοῦ
1333 1364 1572 1407 σεπτεμβρίου
1604 1357 1727 1403 μηνός,
1757 1363 1816 1392 καὶ
1850 1357 2125 1404 παραδίδοσθαι
2149 1360 2203 1401 τῷ
2225 1357 2455 1412 περιβλέπτῳ

248 1405 495 1453 αὖγουσταλίῳ
527 1404 586 1453 <ἢ>
617 1409 690 1440 τοῖς
721 1402 804 1451 παρ’
840 1402 949 1439 αὐτοῦ
976 1405 1024 1439 εἰς
1052 1406 1159 1439 τοῦτο
1190 1403 1506 1451 προβαλλομένοις·
1544 1405 1608 1439 τοῦ
1633 1405 1673 1438 δὲ
1696 1401 1779 1449 παρ’
1806 1402 1910 1448 ἡμῶν
1931 1403 2228 1450 φιλοτιμουμένου
2251 1417 2296 1451 τῃ
2320 1402 2456 1450 μεγάλῃ

246 1454 324 1486 τῶν
344 1449 608 1496 Ἀλεξανδρέων
640 1450 745 1485 πόλει
772 1454 947 1506 τροφίμου
966 1452 1067 1496 μέχρι
1089 1451 1153 1492 τῆς
1172 1448 1492 1493 πεντεκαιδεκάτης
1511 1450 1576 1484 τοῦ
1601 1447 1802 1495 ὀκτωβρίου
1824 1449 1945 1493 μηνός,
1994 1450 2105 1482 ἐκεῖνο
2124 1448 2191 1494 γὰρ
2214 1448 2292 1482 τῶν
2316 1445 2459 1492 ἀνωμο-

247 1496 456 1542 λογημένων
486 1498 597 1538 ἐστίν,
629 1495 677 1530 ὠς
709 1496 741 1529 εἰ
769 1509 817 1539 μη
849 1494 941 1529 κατὰ
973 1495 1038 1529 τὰς
1068 1495 1252 1540 εἰρημένας
1282 1496 1510 1539 προθεσμίας
1541 1495 1611 1529 πᾶς
1642 1491 1661 1528 ὁ
1696 1497 1807 1536 σῖτος,
1839 1495 1900 1537 τῆς
1930 1506 1970 1527 τε
1994 1494 2110 1528 αἰσίας
2133 1492 2285 1538 ἐμβολῆς
2307 1494 2369 1536 τῆς
2393 1496 2456 1535 [τε]

247 1542 416 1576 ἐνταῦθα
447 1540 679 1585 στελλομένης
710 1541 775 1574 τοῦ
809 1553 848 1575 τε
879 1543 1055 1586 τροφίμου
1084 1541 1147 1583 τῆς
1174 1536 1447 1586 Ἀλεξανδρέων,
1483 1539 1710 1584 ἐκπεμφθείη
1744 1538 1838 1573 κατὰ
1875 1537 1942 1582 τὴν
1970 1535 2234 1583 Ἀλεξανδρέων
2268 1540 2328 1572 καὶ
2362 1533 2458 1572 ἅπας
2482 1541 2524 1575 25

247 1585 444 1632 παραδοθῇ
468 1587 521 1628 τῷ
547 1584 778 1631 περιβλέπτῳ
800 1582 1060 1631 αὐγουσταλίῳ,
1085 1586 1144 1617 καὶ
1168 1581 1210 1618 οὗ
1226 1585 1301 1619 πᾶν
1325 1582 1432 1619 αὐτὸς
1456 1597 1484 1620 π
1507 1582 1723 1627 οσστήσοιτο
1746 1583 1884 1618 παντὸς
1907 1582 1999 1617 κατὰ
2017 1583 2132 1628 τριῶν
2146 1579 2320 1640 ἇρτάβων
2334 1580 2459 1635 (ὑπὲρ)

248 1629 397 1665 ἑκάστου
428 1634 646 1674 νομίσματος
678 1631 741 1664 τοῦ
769 1633 869 1664 σίτου
897 1628 940 1663 τὸ
973 1628 1135 1664 ἐλλεῖπον
1166 1632 1226 1663 καὶ
1255 1631 1305 1674 μὴ
1337 1627 1480 1675 παραδο
1514 1631 1554 1663 ἐν
1583 1632 1725 1676 μέτρον.
1773 1627 1793 1662 ὁ
1826 1625 1866 1662 δέ
1896 1626 2058 1662 κίνδυνος
2087 1626 2187 1662 οὗτος
2209 1640 2250 1662 ου
2273 1630 2375 1673 μέχρι
2399 1638 2458 1671 της

250 1673 358 1710 αὗτοῦ
382 1675 552 1718 στήσεται
576 1676 668 1729 ζωῆς
689 1671 773 1709 οὐδὲ
794 1677 896 1721 μέχρι
919 1675 980 1717 τῆς
1003 1672 1120 1719 ἀρχῆς,
1144 1672 1234 1707 ἀλλά
1258 1677 1318 1708 καὶ
1338 1672 1482 1717 ἰδιώτης
1504 1674 1691 1721 γενόμενος
1714 1676 1773 1707 καὶ
1796 1671 2006 1716 τελευτήσας
2026 1675 2250 1718 μακροτέραν
2267 1673 2331 1715 τῆς
2348 1669 2458 1706 αὐτοῦ

248 1720 410 1762 τελευτῆς
441 1720 510 1760 ἕξει
539 1719 607 1762 τὴν
634 1723 847 1762 απαίτησιν·
882 1717 1097 1762 κληοονόμοι
1128 1731 1168 1752 τε
1198 1718 1266 1765 γὰρ
1299 1717 1409 1753 αὐτοῦ
1439 1722 1499 1753 καὶ
1528 1719 1575 1753 τὰ
1607 1716 1719 1753 αὐτοῦ
1743 1715 1939 1764 πράγματα
1971 1719 2048 1752 ταῖς
2069 1718 2253 1751 τοιαύταις
2277 1717 2459 1757 ἐνέξονται

250 1763 461 1806 δυσκολίαις,
495 1765 555 1806 τῆς
578 1765 713 1797 ἐκείνου
737 1763 920 1808 ῥᾳθυμίας
943 1751 1087 1806 διηνεκῆ
1114 1761 1279 1806 διδούσης
1301 1760 1378 1797 κατ’
1405 1761 1529 1797 αὐτῶν
1552 1761 1724 1797 κίνδυνόν
1746 1775 1787 1796 τε
1809 1766 1869 1796 καὶ
1893 1760 2070 1808 φροντίδα
2092 1765 2151 1796 καὶ
2171 1762 2369 1807 εἴσπραξιν,
2393 1763 2459 1796 ἕως
2483 1766 2525 1799 30

249 1807 272 1852 ἡ
301 1809 366 1843 τοῦ
398 1806 537 1842 παντὸς
568 1811 687 1853 χρέους
717 1806 810 1842 κατὰ
842 1806 909 1842 τὸν
938 1808 1124 1852 εἰρημένον
1153 1806 1291 1851 τρόπον
1321 1810 1468 1853 γένηται
1492 1805 1662 1842 διάλυσις.
1710 1810 1770 1841 καὶ
1792 1803 1876 1840 οὐδὲ
1898 1808 2105 1850 καινίζομέν
2128 1819 2164 1840 τι
2187 1807 2264 1843 τῶν
2286 1806 2336 1850 μὴ
2357 1807 2458 1851 μέχρι

250 1854 319 1890 νῦν
348 1855 554 1900 γενομένων
587 1853 847 1896 ἐπιζητοῦντες.
892 1851 996 1897 ἴσμεν
1022 1850 1101 1898 γάρ,
1125 1849 1173 1886 οὖς
1195 1855 1255 1886 καὶ
1276 1848 1445 1895 Ἰωάννης
1468 1849 1487 1886 ὁ
1514 1849 1748 1891 ἐνδοξότατος
1772 1851 1939 1895 Κομήτου
1962 1851 2072 1896 (τοῦ)
2089 1851 2150 1893 τῆς
2171 1849 2460 1898 μεγαλοπρεποῦς

251 1999 382 2045 facere
404 2006 546 2032 necesse
569 1995 675 2031 habet
723 1995 761 2030 ui
783 1994 913 2031 iudicis
935 1995 1010 2031 vice
1031 1995 1222 2040 funqitur:
1246 1994 1428 2030 dabuntur
1450 1997 1569 2030 autem
1591 1994 1625 2031 ei
1643 1994 1767 2030 solatii
1790 1994 1868 2030 loco
1891 1995 1998 2030 aurei
2017 1997 2167 2030 centum.
2207 1993 2258 2030 Et
2280 1995 2339 2031 hic
2360 1996 2462 2032 nobis

247 2042 334 2088 finis
356 2042 403 2077 sit
422 2051 546 2076 eorum
594 2051 663 2075 uae
710 2050 730 2075 e
752 2038 888 2084 Libyca
911 2038 1069 2074 dioecesi
1088 2040 1284 2074 constituta
1306 2041 1398 2074 sunt.

382 2085 516 2120 XXIII.
592 2094 791 2130 onsequens
820 2084 933 2129 iqitur
962 2088 1017 2119 est
1045 2085 1085 2118 ut
1114 2082 1199 2119 hinc
1228 2086 1455 2119 transeamus
1481 2082 1531 2118 ad
1554 2081 1767 2119 Thebaicum
1800 2082 1955 2125 limitem,
1985 2083 2026 2118 id
2057 2086 2110 2118 est
2133 2083 2225 2119 duas
2251 2082 2461 2126 Thebaidas,

251 2132 380 2177 quibus
400 2135 547 2177 praeest
569 2129 775 2176 spectabilis
797 2128 877 2164 dua:
900 2129 965 2174 qui
986 2139 1009 2163 a
1032 2127 1136 2164 nobis
1159 2127 1253 2163 hanc
1276 2128 1625 2163 administrationem
1648 2128 1792 2174 accipit.
1834 2126 2029 2164 Oboedient
2052 2131 2169 2164 autem
2193 2129 2229 2164 ei
2250 2129 2357 2164 etiam
2371 2139 2462 2175 pro—

250 2175 420 2212 vinciales
444 2173 572 2210 harum
596 2173 851 2220 eparchiarum
873 2172 1018 2215 iudices,
1043 2175 1079 2208 et
1101 2172 1171 2208 erit
1190 2173 1267 2219 ipse
1291 2183 1431 2218 quoque
1454 2173 1492 2207 in
1511 2172 1648 2208 honore
1665 2173 1890 2218 Auqustatis,
1916 2177 2097 2218 tamquam
2112 2173 2145 2207 si
2158 2173 2237 2219 ipse
2251 2173 2463 2219 Auqustalis

250 2225 352 2265 esset,
381 2219 561 2255 subiectus
588 2219 795 2265 praeceptis
824 2217 1053 2253 sublimitatis
1084 2223 1167 2253 tuae
1197 2221 1234 2253 et
1257 2216 1431 2253 tribunali
1457 2217 1613 2254 Orientis
1635 2217 1673 2252 in
1696 2217 1869 2260 omnibus,
1892 2217 1987 2253 sicut
2008 2218 2116 2253 etiam
2139 2228 2236 2254 nunc
2257 2217 2463 2264 spectabilis

251 2264 461 2311 Auyustalis
490 2267 554 2299 est.
605 2263 739 2299 Damus
761 2262 855 2298 enim
879 2272 1016 2298 omnem
1038 2262 1320 2298 iurisdictionem
1341 2265 1378 2297 et
1392 2265 1623 2308 potestatem,
1657 2272 1765 2308 quam
1788 2261 1994 2309 spectabilis
2018 2262 2227 2308 Augustalis
2249 2262 2380 2298 habet.
2400 2288 2408 2296 .
2426 2287 2437 2298 .
2453 2287 2462 2298 .

252 2310 385 2345 dudum
406 2309 441 2344 ei
462 2308 656 2351 attributis,
678 2307 718 2343 id
739 2311 792 2343 est
810 2306 950 2342 duabus
975 2306 1222 2342 Thebaidibus.

385 2353 517 2389 XXIV.
566 2352 649 2388 Erit
679 2356 798 2388 autem
829 2352 864 2388 ei
892 2362 982 2387 cura
1012 2356 1047 2387 et
1077 2351 1294 2398 periculum,
1325 2354 1365 2387 ut
1394 2352 1551 2398 primum
1582 2351 1724 2404 quidem
1755 2351 1899 2387 omnino
1929 2351 2059 2398 exiqat
2086 2350 2310 2397 frumentum
2339 2351 2462 2397 felicis

252 2399 420 2440 embolae,
444 2399 631 2444 mittatque
653 2401 689 2433 et
711 2396 834 2432 tradat
856 2396 1047 2443 spectabili
1065 2396 1259 2442 Auqustali
1281 2395 1380 2431 urbis
1394 2396 1735 2440 Alexandrinorum,
1759 2400 1794 2431 et
1815 2396 1956 2442 efficiat
1978 2400 2019 2432 ut
2040 2396 2220 2442 inteqrum
2245 2396 2463 2442 temporibus

250 2455 344 2491 quae
382 2444 542 2479 diximus
578 2446 614 2478 et
650 2443 733 2488 ipsa
769 2453 810 2476 re
854 2441 1124 2477 transmittatur
1159 2441 1316 2488 proprio
1381 2441 1517 2477 ericulo
1550 2451 1654 2476 omne
1683 2442 1924 2487 frumentum,
1965 2441 2066 2487 quod
2094 2442 2170 2476 eius
2193 2441 2396 2493 provinciis
2427 2445 2463 2477 et

252 2488 399 2524 urbibus
429 2492 465 2524 et
494 2487 583 2522 locis
612 2486 816 2533 impositum
847 2490 902 2522 est
930 2490 967 2522 et
993 2487 1151 2533 pertinet
1173 2485 1223 2521 ad
1244 2485 1342 2522 embo
1359 2496 1417 2521 am
1439 2485 1560 2530 felicis
1583 2484 1690 2521 huius
1709 2486 1809 2522 urbis
1832 2489 1867 2521 et
1890 2485 2094 2521 alimoniam
2118 2485 2219 2520 urbis
2242 2485 2461 2521 Alexandri-

252 2544 379 2568 norum
410 2544 434 2568 a
464 2531 565 2568 nobis
595 2531 786 2573 donatam,
816 2530 917 2566 nulla
946 2531 984 2566 in
1014 2530 1071 2566 his
1094 2541 1197 2566 mora
1220 2530 1448 2576 interposita,
1481 2531 1653 2576 quoniam
1676 2541 1778 2566 omne
1794 2529 1999 2582 periculum
2023 2530 2073 2566 ad
2094 2540 2174 2565 eum
2196 2534 2339 2576 spectat
2360 2533 2395 2566 et
2414 2530 2463 2566 ad

253 2579 501 2624 obtemperans
529 2577 563 2612 ei
594 2576 779 2621 officium;
810 2575 1011 2622 periculum
1040 2575 1299 2611 sustinentibus
1327 2576 1435 2611 etiam
1465 2574 1637 2610 militibus
1666 2575 1705 2610 in
1735 2575 1825 2611 locis
1848 2575 2052 2610 constitutis
2074 2578 2109 2611 et
2132 2575 2284 2611 tribunis
2305 2578 2342 2610 et
2365 2575 2462 2610 omni

253 2622 349 2657 civili
380 2626 415 2657 et
438 2621 588 2668 publico
620 2621 814 2662 adiutorio,
847 2621 919 2655 nisi
946 2620 986 2655 in
1015 2619 1072 2655 his
1103 2631 1123 2655 ο
1153 2630 1207 2655 em
1231 2620 1366 2666 ferant.
1416 2619 1568 2655 Necesse
1591 2624 1709 2654 autem
1732 2620 1802 2656 erit
1822 2619 1943 2665 felicis
1964 2619 2122 2655 embolae
2143 2629 2346 2654 mensuram
2369 2629 2463 2665 quae

253 2667 322 2702 huc
345 2667 519 2702 emittitur
539 2666 679 2711 imponi
699 2665 744 2701 ab
768 2676 810 2700 eo
834 2664 984 2701 navibus
1004 2665 1116 2710 fluvia
1131 2664 1211 2700 ibus
1232 2675 1273 2700 re
1294 2664 1377 2710 ipsa
1399 2674 1512 2710 usque
1534 2664 1584 2700 ad
1606 2664 1697 2700 diem
1721 2675 1856 2700 nonum
1879 2665 2009 2699 mensis
2027 2664 2182 2710 Auyusti
2204 2668 2240 2700 et
2255 2663 2462 2709 plenariam

254 2712 298 2747 de
329 2711 396 2746 hoc
424 2711 469 2746 ab
500 2721 543 2747 eo
564 2711 658 2756 fieri,
691 2712 938 2756 transportari
959 2713 1077 2745 autem
1100 2709 1218 2755 ipsum
1239 2709 1463 2755 frumentum
1483 2708 1533 2744 ad
1550 2709 1672 2745 urbem
1695 2708 2026 2745 Alexandrinorum
2047 2719 2161 2754 usque
2183 2710 2233 2744 ad
2253 2709 2346 2744 diem
2369 2708 2461 2743 deci-

253 2766 347 2791 mum
378 2756 507 2791 mensis
530 2754 749 2802 Septembris
775 2760 812 2790 et
842 2754 941 2789 tradi
966 2754 1154 2800 spectabili
1172 2753 1366 2799 Auqustali
1392 2758 1456 2788 aut
1483 2755 1534 2789 eis
1557 2754 1622 2799 qui
1643 2753 1686 2789 ab
1707 2764 1749 2789 eo
1774 2753 1824 2788 ad
1845 2753 1914 2788 hoc
1937 2752 2159 2799 deputantur
2166 2764 2182 2795 ;
2211 2763 2319 2798 quam
2343 2757 2462 2788 autem

255 2800 431 2845 tarqimur
450 2811 603 2846 maqnae
616 2799 950 2835 Alexandrinorum
973 2799 1057 2834 urbi
1077 2797 1284 2834 alimoniam
1307 2808 1421 2844 usque
1444 2798 1494 2833 ad
1515 2797 1607 2834 diem
1631 2798 1795 2844 quintum
1817 2797 1988 2833 decimum
2011 2798 2141 2832 mensis
2155 2796 2328 2832 Octobris.
2365 2796 2464 2832 Illud

254 2845 347 2880 enim
371 2845 408 2879 in
432 2846 597 2896 confesso
620 2849 685 2886 est,
709 2844 782 2879 nisi
801 2843 908 2879 dictis
931 2843 1055 2879 diebus
1077 2854 1181 2878 omne
1203 2844 1437 2888 frumentum,
1463 2847 1534 2878 tam
1555 2842 1677 2888 felicis
1699 2841 1858 2878 embolae
1881 2852 1974 2887 quae
1997 2841 2067 2876 huc
2089 2841 2242 2876 mittitur
2264 2851 2372 2887 quam
2396 2841 2463 2875 ali-

254 2889 395 2924 moniae
417 2890 517 2924 urbis
539 2888 883 2929 Alexandrinorum,
907 2888 1053 2923 missum
1075 2888 1124 2924 sit
1145 2887 1195 2923 ad
1217 2888 1338 2924 urbem
1360 2887 1693 2922 Alexandrinorum
1719 2890 1903 2932 totumque
1924 2885 2114 2932 spectabili
2134 2885 2327 2938 Auqustali
2351 2885 2462 2920 tradi-

256 2939 346 2975 tum,
376 2934 523 2979 ipseque
554 2938 665 2969 totam
695 2944 770 2967 rem
801 2933 999 2975 curaverit,
1030 2933 1175 2973 omnino
1207 2935 1376 2968 exactum
1407 2932 1454 2966 iri
1485 2931 1530 2967 ab
1560 2932 1641 2978 ipso
1663 2932 1840 2977 frumenti
1862 2941 2065 2966 mensuram
2088 2930 2308 2976 deficientem
2331 2932 2368 2965 et
2388 2940 2463 2965 non

256 2978 425 3013 traditam
450 2978 562 3013 ternis
583 2978 723 3014 artabis
739 2988 813 3023 pro
836 2988 1056 3023 unoquoque
1079 2988 1190 3012 aureo
1215 2976 1477 3023 computandis.
1523 2975 1629 3020 Quod
1655 2975 1853 3022 periculum
1878 2986 1952 3010 non
1975 2975 2026 3010 acl
2047 2975 2164 3010 vitam'
2178 2975 2255 3010 eius
2279 2985 2393 3020 neque
2415 2973 2465 3009 ad

254 3023 503 3067 maqistratum
533 3023 647 3058 solum
676 3021 886 3074 pertinebit,
914 3022 980 3058 sed
1008 3022 1115 3058 etiam
1141 3022 1310 3067 privatus
1337 3021 1464 3066 factus
1491 3026 1526 3056 et
1556 3021 1750 3066 defunctus
1781 3021 1986 3056 ulteriorem
2009 3024 2124 3063 morte
2146 3029 2214 3054 sua
2238 3019 2463 3055 exactionem

255 3066 417 3108 lzabebit;
448 3067 594 3102 heredes
625 3078 716 3102 emm
747 3068 824 3101 eius
846 3071 882 3103 et
905 3066 1001 3102 bona
1019 3069 1097 3101 eius
1119 3065 1217 3101 hisce
1239 3064 1408 3101 molestiis
1432 3066 1656 3107 tenebuntur,
1687 3065 1786 3100 illius
1807 3064 2035 3110 neqteqentia
2050 3067 2269 3110 perpetuum
2295 3063 2347 3098 eis
2363 3063 2464 3109 peri·

255 3112 372 3145 culum
395 3115 430 3146 et
453 3121 576 3146 curam
601 3116 636 3146 et
658 3111 882 3147 exactionem
905 3111 1120 3156 facessente,
1144 3110 1259 3146 donec
1283 3110 1393 3146 totius
1415 3109 1524 3146 debiti
1548 3110 1653 3146 talem
1672 3110 1710 3144 in
1733 3109 1876 3144 modum
1895 3108 2034 3148 solutio>
2051 3109 2157 3154 facta
2179 3108 2238 3143 sit.
2270 3107 2346 3142 Nec
2365 3108 2463 3153 quic-

255 3166 362 3200 quam
385 3166 557 3191 novamus
579 3157 803 3202 requirentes
826 3156 926 3202 quod
948 3155 1121 3191 hactenus
1149 3165 1223 3191 non
1252 3154 1425 3192 extiterit.
1475 3153 1616 3191 Scimus
1638 3155 1731 3190 enim
1754 3152 1954 3190 Iohannem
1977 3152 2277 3199 qloriosissimum
2301 3151 2464 3188 Cometae

302 3301 321 3332 2
341 3297 453 3344 ταύτῃ
478 3300 654 3343 Aqylaeus]
685 3300 802 3333 ταῦτα
825 3301 869 3333 M
896 3299 909 3343 ΙΙ
940 3299 1101 3343 Λιβυκῆς
1124 3300 1242 3340 Kroll]
1275 3296 1326 3332 λι·
1394 3300 1482 3343 vulq.
1501 3299 1514 3342 ΙΙ
1529 3301 1589 3331 καὶ
1613 3299 1675 3332 del.
1696 3300 1793 3333 Kroll
1809 3298 1821 3342 u
1837 3300 1877 3333 21
1901 3294 2144 3342 παραδιδόναι
2160 3297 2210 3339 M,
2232 3308 2315 3331 corr.
2334 3295 2464 3331 Zacha-

257 3343 350 3386 βύησ
365 3345 416 3385 M,
440 3344 595 3386 Λιβύων
616 3343 800 3378 Zachariae
816 3344 828 3389 ss
847 3347 867 3379 5
893 3342 1157 3379 ἐπακούσονται
1174 3344 1224 3382 M,
1242 3356 1324 3377 corr.
1394 3345 1465 3377 riae
1482 3342 1495 3386 ΙΙ
1512 3345 1554 3377 22
1577 3339 1601 3386 ἢ
1623 3345 1701 3377 add.
1727 3344 1891 3387 Scrimyer
1905 3343 1918 3387 ΙΙ
1937 3343 1979 3376 23
2003 3340 2229 3386 ὀκτωμβρίου
2249 3342 2294 3375 Μ
2306 3342 2319 3385 ΙΙ
2337 3343 2380 3376 24
2403 3338 2464 3383 οὖς]

259 3386 442 3421 Zachariae
459 3389 471 3431 ss
490 3390 509 3422 6
532 3386 652 3430 τούτῳ
670 3387 866 3429 Zachariae,
891 3398 926 3423 at
950 3391 992 3432 qfi
1009 3391 1085 3430 495,
1099 3397 1115 3422 5
1132 3388 1145 3432 ΙΙ
1163 3391 1181 3422 7
1207 3387 1238 3421 εἰ
1262 3389 1326 3422 det.
1393 3387 1450 3420 εἰσ
1471 3389 1511 3420 M
1517 3391 1535 3410 α
1557 3389 1569 3431 fl
1594 3399 1635 3421 τε
1659 3389 1720 3422 del.
1747 3387 1933 3422 Zachariae
1957 3387 1970 3431 ΙΙ
1996 3388 2037 3421 25
2062 3384 2314 3429 στελλομένοισ
2332 3386 2380 3420 Μ
2389 3386 2401 3429 ΙΙ
2419 3387 2462 3419 26

258 3433 421 3475 Scrimyer
446 3432 458 3475 ΙΙ
481 3432 511 3464 εἰ
536 3432 734 3473 Zachariae]
759 3433 810 3474 εἴη
831 3434 878 3466 Μ
893 3434 906 3478 ΙΙ
933 3436 952 3468 9
971 3441 1046 3477 post
1068 3433 1139 3474 ἔχει
1163 3434 1280 3466 lacuna
1305 3434 1324 3467 8
1393 3434 1491 3465 verba
1526 3440 1678 3475 corrupta
1711 3435 1758 3467 sic
1777 3435 1858 3487 ³fere
1889 3433 2089 3466 emendanda
2115 3438 2218 3474 puto:
2255 3432 2315 3463 καὶ
2347 3425 2390 3463 ὃν
2416 3425 2462 3462 ἂν

250 3478 326 3519 fere
350 3477 408 3510 litt.
426 3478 458 3509 in
476 3477 533 3514 1143
559 3479 677 3510 excidit
690 3479 768 3518 fere
788 3479 866 3521 (καὶ
889 3477 1009 3520 τούτῳ
1034 3478 1094 3511 ἐπὶ
1117 3479 1195 3511 ταῖς
1219 3477 1325 3521 ἐπαρ-
1393 3467 1494 3510 οὗτος
1517 3474 1747 3521 προβάλοντο,
1770 3479 1934 3511 αποτίσει
1954 3472 2104 3510 πάντως
2126 3473 2227 3509 κατὰ.
2276 3473 2462 3508 Zachariae

258 3519 364 3561 χίαις)
384 3522 459 3553 ταῖς
474 3523 486 3563 ΙΙ
508 3523 544 3554 11
564 3522 665 3554 ἔσται
683 3520 880 3562 Zachariae]
900 3523 978 3555 ἔστι
990 3523 1038 3555 M
1046 3522 1059 3566 ss
1076 3524 1135 3556 καὶ
1150 3518 1324 3563 κίνδυνος]
1394 3523 1460 3555 ita.-
1484 3523 1544 3554 καὶ
1566 3520 1631 3554 οὐκ
1653 3518 1699 3554 ἂν
1718 3518 1827 3555 αὐτὸς
1850 3518 2093 3565 προστήσοιτο
2115 3514 2262 3559 παντός,
2307 3513 2460 3558 ἀπαιτη-

261 3561 451 3596 ἀκίνδυνοσ
474 3565 519 3597 Μ
522 3569 539 3585 ‘²
574 3565 586 3607 ΙΙ
621 3567 660 3598 13
692 3565 944 3608 ἐκπέμπεσθαι
972 3568 1080 3609 suppl.
1106 3565 1291 3600 Zachariae
1315 3569 1326 3610 ΙΙ
1393 3563 1574 3610 θήσεται)
1595 3565 1699 3599 κατὰ.
1725 3567 1737 3610 ΙΙ
1763 3567 1806 3600 26
1828 3563 1930 3610 ὑπὲρ,
1945 3566 2031 3605 ada,
2048 3563 2232 3600 Zachariae
2255 3561 2269 3604 ΙΙ
2316 3561 2336 3594 8
2361 3558 2461 3594 ἰδιώ-

263 3609 304 3639 14
326 3606 394 3640 τὸν
418 3609 494 3641 add.
515 3607 697 3642 Zachariae
714 3610 726 3652 ΙΙ
747 3612 786 3643 15
803 3605 967 3652 οὖδεμιᾶς
984 3611 1161 3654 Scrimyer]
1179 3608 1219 3644 δέ
1233 3610 1325 3653 μιᾶσ
1392 3621 1474 3652 τησι
1499 3611 1544 3644 Μ
1561 3611 1574 3654 ΙΙ
1599 3612 1638 3644 31
1664 3610 1707 3645 τὸ
1720 3630 1762 3636 -—
1773 3606 2177 3662 ygvdpteuqvssZachariae
2193 3605 2207 3649 ΙΙ
2223 3606 2266 3639 32
2290 3605 2461 3648 Κομήτου

262 3650 313 3700 fl(
317 3650 328 3692 ΙΙ
350 3653 389 3683 1ss
413 3653 519 3684 malim
544 3654 624 3706 περὶ
643 3653 748 3686 τοῦτο
765 3654 777 3696 ΙΙ
801 3655 907 3706 suppl.
932 3652 1118 3705 Zachariae
1146 3657 1218 3696 (qui
1238 3652 1324 3698 ἆφο-
1395 3654 1593 3695 Zachariae]
1617 3651 1732 3698 κᾶμησ
1753 3666 1817 3688 του
1842 3654 1890 3687 Μ
1899 3653 1911 3696 ΙΙ
1927 3664 2000 3696 τρι-ὲ,
2017 3652 2135 3686 addidi

262 3697 408 3740 ρωντοῐ)
428 3693 441 3739 ΙΙ
459 3697 498 3729 10
523 3696 678 3739 ἐννατησ
696 3697 741 3729 M
748 3698 760 3741 ss
779 3698 821 3730 20
846 3693 907 3730 υπ’
934 3694 1031 3739 aiam
1054 3710 1122 3731 cum
1140 3698 1322 3741 Scrimyero
