2618 4010
242 117 349 161 Nov.
381 116 478 159 LXI
511 119 530 157 1

245 227 307 282 την
330 228 458 273 χρῆναι
479 222 616 268 μᾶλλον
640 223 834 259 καλεῖσθαι
857 221 1222 269 νενομοθετήκαμεν),
1250 225 1322 259 εἴτε

241 271 347 306 αυτὸς
367 269 457 314 ὑπὲρ
481 270 610 303 ἑαυτοῦ
634 270 740 306 τοῦτο
766 270 886 305 ποιῶν
916 270 988 305 εἴτε
1012 271 1072 304 καὶ
1095 269 1216 317 ἑτέρου
1239 267 1323 316 γρά-

241 327 382 364 φοντος,
405 314 427 358 ἢ
447 313 583 359 πατρὸς
614 311 637 357 ἢ
666 315 800 362 μητρὸς
822 314 845 359 ἢ
868 316 1053 363 συγγενῶν
1076 313 1098 358 ἢ
1121 317 1181 348 καὶ
1207 315 1323 355 ξένων

241 361 360 405 τυχόν,
394 361 430 395 εἴ
450 371 504 414 ‘ng
525 362 649 394 τοίνυν
672 359 815 396 τοιοῦτό
843 375 880 396 τι
903 358 1063 403 ποιήσειε
1094 362 1154 394 καὶ
1173 360 1323 407 γράψειε

242 406 393 453 δωρεάν,
418 407 459 440 ἐν
481 419 503 453 ῃ
525 408 588 439 καί
609 418 646 439 τι
669 406 748 440 τῶν
767 402 950 450 α’κινήτων
967 408 1078 448 ἐστίν,
1103 402 1322 452 ἀπαγορεύο-

240 466 308 498 μεν
330 448 430 495 αὐτῷ
456 448 478 494 ἢ
505 447 761 486 ὑποτίθεσθαι
795 451 838 486 τὸ
869 450 997 486 λοιπὸν
1022 449 1065 485 τὸ
1097 451 1249 497 πρᾶγμα
1279 450 1322 486 τὸ

241 498 581 544 καταγεγραμμένον
605 497 654 531 εἰς
676 500 924 544 προγαμιαίαν
945 495 1086 541 δωρεὰν
1110 493 1132 539 ἢ
1164 499 1323 531 έκποιεῖν

242 540 342 578 ὅλως.
389 540 432 577 τὸ
464 541 533 589 γὰρ
567 537 667 583 ἅπαξ
701 546 775 577 τοῖς
811 541 950 586 δεσμοῖς
986 542 1046 584 τῆς
1082 545 1323 596 προγαμιαίας

242 587 377 634 δωρεᾶς
410 587 538 642 ἕνοζᾳν
571 587 767 641 γενόμενον
802 585 866 642 οὐκ
898 586 944 621 ἂν
977 587 1030 630 εἴη
1062 598 1239 633 προςηκον
1270 589 1323 621 ἐκ·

1307 109 1394 158 330

1758 128 1820 159 11⁷1·
1848 126 2086 159 IMMOBILIA
2114 124 2472 161 ANTENUPTIALIS

1389 227 1465 278 tere
1487 223 1601 277 magis
1625 225 1748 279 vocari
1770 225 2015 271 decrevimus),
2046 227 2121 264 sive
2142 227 2221 273 ipse
2244 237 2310 273 pro
2333 236 2375 264 ae
2397 227 2468 264 hoc

1388 269 1527 306 faciens
1558 279 1632 306 slve
1663 273 1771 306 etiam
1803 271 1916 308 altero
1947 273 2145 316 scribente,
2178 275 2243 309 aut
2273 275 2377 318 patre
2407 277 2472 310 aut

1390 317 1506 351 matre
1528 317 1593 350 aut
1614 315 1776 360 cognatis
1800 318 1865 352 aut
1883 318 2062 355 extraneis
2080 317 2186 360 forte.
2211 319 2242 354 si
2260 318 2340 363 quis
2361 318 2472 363 igitur

1359 361 1463 441 5tzle
1485 359 1621 440 εϋῶαἰᾶ
1643 359 1773 396 fecerit
1795 365 1832 396 et
1854 362 2039 408 scripserit
2063 363 2306 407 donationem,
2341 363 2350 371 ‘

1391 415 1411 440 e
1442 415 1499 440 am

1393 460 1597 502 supponere
1620 450 1665 486 de
1684 455 1803 487 cetero
1823 461 1900 487 rem
1920 454 2159 500 conscriptam
2178 454 2215 490 in
2234 454 2473 500 antenuptiali

1393 496 1584 532 donatione
1617 499 1682 532 aut
1713 495 1871 532 alienare
1901 498 2054 535 omnino.
2139 500 2209 536 uod
2241 500 2334 536 enim
2365 500 2475 536 semel

1393 541 1545 577 vinculis
1580 541 1819 586 sponsaliciae
1853 541 2029 587 largitatis
2065 544 2261 590 obligatum
2293 549 2366 590 est,
2401 555 2475 582 non

1394 586 1463 622 erit
1487 587 1700 622 conveniens
1724 586 1892 630 alienari,
1923 591 1964 622 ut
1986 589 2111 624 mulier
2133 591 2295 627 veniente
2318 591 2472 627 forsitan

1567 405 1666 450 iquid
1695 405 1930 443 immobilium
1960 412 2033 451 est,
2068 409 2314 445 interdicimus
2338 374 2382 445 leli
2401 373 2474 444 {luz

242 632 444 686 ποιεῖσθαι,
475 644 564 688 ωςτε
586 646 654 686 τήν
669 636 821 681 γυναῖκα
839 636 1105 686 αποβαίνοντος
1128 631 1238 675 τυχὸν
1260 633 1324 667 τοῦ
1340 632 1495 668 101ucro
1521 631 1617 677 quod
1640 632 1672 668 ei
1697 632 1838 668 confert
1862 634 2113 679 antenuptialis
2133 635 2288 678 donatio,
2321 636 2474 671 difficul-

241 677 394 725 κέρδους,
409 691 499 724 οπερ
520 691 613 726 αυτῃ
637 679 801 726 προςάγει
826 692 893 721 την
909 681 1156 725 προγαμιαίαν
1172 675 1324 725 δωρεὰν,

243 723 481 770 δυςχεραίνειν
512 722 575 766 οὐχ
607 722 841 770 εὑρίσκουσαν
873 722 915 757 τὸ
947 725 1096 778 πρᾶγμα
1127 725 1167 758 ἐν
1190 725 1235 771 τῇ
1259 725 1323 758 τοῦ

242 768 372 816 ἀνδρὸς
395 773 601 815 περιουσίᾳ,
632 767 713 804 ἀλλ’
748 767 770 812 ἢ
803 769 1001 812 ἐκποιηθὲν
1032 767 1150 803 αλλοις
1182 766 1205 812 ἢ
1239 766 1324 805 ὑπο-

241 815 365 856 τεθέν,
396 818 456 848 καὶ
481 812 646 850 δυνατοῖς
677 815 764 849 ἴσως
794 812 1013 861 προςώποις,
1048 813 1097 848 eis
1125 816 1242 859 ἐκείνη
1267 813 1327 849 διὰ

1394 679 1505 713 tatem
1528 678 1689 731 patiatur
1712 688 1783 713 non
1808 678 1990 714 inveniens
2014 689 2089 714 rem
2111 680 2149 715 in
2172 681 2237 717 viri
2260 681 2474 724 substantia,

1396 734 1477 759 cum
1509 727 1556 759 sit
1585 724 1740 759 alienata
1772 723 1851 759 aliis
1882 727 1946 758 aut
1977 725 2177 769 supposita,
2210 730 2247 762 et
2269 727 2475 772 potentibus

1396 768 1490 805 forte
1513 770 1687 814 personis,
1718 773 1893 813 quatenus
1917 768 1969 804 illi
1992 780 2058 814 pro
2086 774 2140 805 ter
2162 770 2365 808 huiusmodi
2390 783 2475 808 cau-

1396 825 1455 850 sas
1488 818 1552 849 aut
1584 814 1632 850 sit
1662 814 1778 850 modis
1805 814 1969 850 omnibus
1994 816 2054 851 ina
2081 815 2172 851 ‘bilis
2197 817 2385 854 vindicatio
2412 819 2477 853 aut

242 860 306 896 τὰς
324 858 494 895 τοιαύτας
514 860 631 894 αἰτίας
651 858 672 903 ἢ
692 864 876 896 παντοίως
900 859 1039 904 ἄβατον
1065 859 1159 894 εἶναι
1182 851 1249 903 τήν
1273 863 1325 894 ἐκ·
1341 862 1380 895 15
1397 859 1552 895 difficilis
1583 862 1619 895 et
1642 859 1766 896 litibus
1790 864 1909 904 egeat,
1942 859 2027 895 dum
2058 870 2102 896 ex
2134 860 2202 896 hoc
2231 862 2309 907 ipso
2341 862 2389 898 sit
2411 863 2474 898 ad-

243 905 385 949 δίκησιν
413 901 436 949 ἢ
465 903 635 940 δύςκολον
667 909 728 940 καὶ
759 903 1006 958 δικαστηρίων
1029 903 1214 950 δεομένην,
1245 905 1326 947 ἐξὸν

243 955 263 988 1
310 948 473 986 αὐτόθεν
502 951 612 999 ἑαυτῇ
635 951 834 995 βοηθῆσαι.
887 947 992 985 Ὣςτε
1016 952 1123 985 τοῦτο
1153 950 1325 997 φυλαττέ-

243 998 343 1040 σθω,
376 999 437 1031 καὶ
460 992 479 1031 ὁ
503 995 594 1040 μετὰ
626 998 743 1031 ταῦτα
775 994 994 1040 συμβάλλων
1026 995 1137 1039 ἴστω,
1173 993 1221 1032 ὦς
1255 996 1326 1031 εἴτε

245 1039 344 1086 ὠνὴν
374 1042 446 1076 εἴτε
469 1038 663 1085 ὑποθήκην
687 1044 771 1084 ἔχοι,
804 1039 912 1096 οὐδὲν
935 1041 1078 1077 τούτων
1102 1041 1227 1088 ὄφελος
1255 1042 1326 1082 ἕξει

1394 905 1689 996 iuvfftilgpropter
1710 950 1780 986 hoc
1801 951 2021 992 observetur,
2047 955 2083 986 et
2103 952 2164 997 qui
2183 953 2266 997 post
2281 952 2372 989 haec
2391 964 2476 990 con-

1395 997 1544 1031 traxerit
1567 997 1658 1032 sciat
1686 995 1781 1041 quia,
1808 996 1882 1032 sive
1907 997 2120 1041 emptionem
2145 997 2217 1033 sive
2240 997 2477 1043 hypothecam

1395 1042 1544 1085 habeat,
1577 1042 1666 1077 nihil
1689 1042 1817 1077 horum
1841 1042 2007 1078 utilitatis
2040 1042 2187 1078 habebit
2217 1043 2381 1086 omnino,
2415 1044 2478 1080 sed

243 1086 442 1130 παντελῶς,
465 1084 548 1121 ἀλλ’
572 1088 612 1140 ἐν
631 1087 700 1131 ἴσῳ
726 1090 799 1121 τοῖς
822 1083 996 1144 ἀγραφολις
1020 1101 1059 1122 τε
1080 1091 1139 1121 καὶ
1162 1086 1326 1134 ἀρρήτοις
1340 1089 1381 1122 20
1396 1087 1560 1132 aequalia
1593 1091 1699 1122 erunt
1731 1097 1804 1122 non
1836 1088 1981 1133 scriptis
2014 1098 2081 1124 nec
2112 1088 2217 1124 dictis
2248 1099 2340 1134 quae
2370 1099 2479 1134 super

242 1136 347 1169 ἔσται
375 1132 422 1167 τὰ
451 1134 512 1168 ἐπὶ
543 1145 661 1176 τουτῳ
694 1146 923 1180 γεγραμμενα
952 1146 974 1174 η
1000 1145 1116 1177 συμπε
1147 1136 1325 1178 ωνημένα,

242 1182 303 1214 καὶ
327 1177 572 1234 φυλαττέσθω
596 1180 642 1226 τῇ
662 1181 806 1225 γυναικὶ
830 1177 872 1212 τὸ
892 1176 1024 1225 κέρδος.
1069 1176 1109 1212 οὐ
1135 1181 1151 1212 ὲ
1164 1177 1232 1225 γὰρ
1250 1176 1325 1212 ἔδο-

243 1226 311 1266 ξαν
326 1226 411 1269 ημῖν
427 1222 499 1259 ἄπο
514 1222 652 1271 τρόπου
671 1226 908 1267 πεποιηκέναι
927 1225 1021 1257 τινὲς
1042 1225 1119 1258 τῶν
1141 1222 1327 1271 ἡμετέρων

244 1270 440 1312 δικαστῶν,
469 1269 574 1316 οἵπερ
591 1272 658 1324 ’καὶ
683 1266 796 1312 αὐτὴν
825 1268 892 1312 τὴν
915 1269 955 1304 in
977 1280 1053 1305 rem
1082 1272 1160 1303 ταῖς
1183 1270 1326 1317 γυναιξὶ

1396 1133 1464 1168 hoc
1490 1134 1627 1178 scripta
1651 1136 1737 1168 sunt
1760 1135 1825 1168 aut
1849 1137 2101 1177 convenerunt,
2132 1136 2170 1169 et
2191 1136 2352 1169 servetur
2375 1134 2479 1170 uxori

1395 1179 1544 1213 lucrum.
1593 1178 1675 1213 Non
1707 1178 1800 1214 enim
1831 1179 1997 1215 videntur
2028 1179 2133 1215 nobis
2164 1179 2395 1216 immoderate
2425 1179 2477 1215 fe-

1396 1224 1489 1260 cisse
1513 1223 1656 1268 quidam
1678 1229 1886 1260 nostrorum
1904 1224 2074 1264 iudicum,
2099 1225 2159 1270 qui
2177 1224 2284 1260 etiam
2303 1225 2418 1270 ipsam
2441 1225 2478 1260 in

1395 1279 1469 1304 rem
1504 1269 1711 1304 mulieribus
1750 1272 1833 1314 post
1873 1270 2087 1306 matrimonii
2126 1270 2405 1306 transactionem
2440 1270 2478 1306 in

242 1315 334 1362 μετὰ
364 1314 432 1359 τὴν
462 1315 527 1350 τοῦ
556 1328 672 1370 γαμσυ
702 1313 868 1348 διάλυσιν
900 1315 961 1348 ἐπὶ
993 1316 1054 1357 τῆς
1085 1319 1327 1369 προγαμιαίας
1340 1316 1381 1349 25
1395 1314 1614 1360 sponsalicia
1637 1315 1803 1360 largitate
1828 1314 2015 1359 dederunt,
2040 1315 2136 1367 quod
2158 1319 2255 1351 recte
2272 1316 2477 1352 incohatum

244 1358 424 1397 δεδώκασι
449 1359 601 1406 δωρεᾶς·
637 1372 727 1406 οπερ
752 1358 878 1406 ὀρθῶς
902 1360 1129 1406 ἐγχειρισθὲν
1154 1360 1231 1394 εἶτα
1254 1359 1325 1394 υπὸ

243 1408 322 1443 τῶν
341 1405 432 1451 μετὰ
450 1407 568 1441 ταῦτα
588 1404 816 1448 δικαζόντων
839 1403 911 1439 ὑπὸ
933 1409 1186 1452 περιττοτέρας
1210 1404 1326 1448 δῆθέν

244 1463 342 1488 τινος
378 1450 560 1498 ἀκριβείας
596 1451 843 1497 παρεώραται.
898 1453 957 1484 καὶ
995 1450 1044 1495 μή
1083 1463 1185 1486 τινας
1222 1449 1326 1486 ὁδοὺς

245 1499 549 1540 ἑξευοισκέτωσαν
588 1496 624 1531 οἱ
660 1495 722 1531 τὰς
758 1499 1042 1549 τετεχνασμέναι»)
1082 1495 1326 1542 λαμβάνοντες

1396 1359 1524 1395 deinde
1547 1369 1570 1395 a
1594 1360 1748 1405 posteris
1772 1359 1953 1396 iudicibus
1985 1371 2088 1405 quasi
2119 1371 2185 1406 pro
2210 1371 2477 1407 supervacanea

1396 1405 1551 1450 quadam
1583 1405 1784 1440 subtilitate
1813 1409 2058 1450 contemptum
2087 1411 2152 1442 est.
2201 1406 2251 1441 Et
2275 1417 2347 1442 non
2371 1418 2477 1451 quas-

1395 1451 1482 1488 libet
1506 1450 1581 1486 vias
1604 1450 1790 1486 inveniant
1813 1450 2029 1486 artificiosas
2054 1455 2236 1487 sumentes
2256 1451 2478 1497 hypothecas

1395 1495 1645 1542 praeparando
1669 1496 1837 1531 mulieres
1864 1497 2068 1532 consentire
2099 1501 2135 1531 et
2164 1497 2216 1532 ita
2247 1497 2393 1542 proprio
2419 1508 2479 1532 ca-

244 1530 434 1598 ὑποθῄικας
456 1544 512 1586 τῷ
535 1540 823 1599 παρασκευάζειν
854 1553 917 1575 τας
938 1543 1109 1588 γυναῖκας
1132 1545 1325 1583 συναινεῖν,
1340 1545 1382 1577 30
1396 1543 1481 1583 dere
1502 1542 1592 1578 Iure.
1643 1541 1847 1577 consensus
1871 1541 1965 1577 enim
1997 1541 2034 1577 in
2058 1542 2190 1577 talibus
2219 1546 2283 1577 aut
2305 1543 2343 1577 in
2358 1543 2477 1589 ,hypo-

245 1592 306 1624 καὶ
329 1600 444 1623 ουτως
473 1589 551 1623 τῶν
575 1591 717 1622 οικείων
741 1589 933 1622 ἐκπίπτειν
957 1584 1120 1622 δικαίων.
1163 1592 1325 1622 συναίνε-

245 1647 301 1670 σις
345 1636 390 1680 ἀρ
406 1635 469 1668 ἐπὶ
486 1634 566 1668 τῶν
582 1634 762 1668 τοιούτων
785 1630 806 1675 ἢ
831 1633 878 1667 εἰς
901 1629 1095 1676 ὑποθήκην
1119 1631 1141 1675 ἢ
1159 1634 1206 1667 εἰς
1228 1629 1326 1676 ὠνὴν

246 1677 268 1724 ἢ
299 1692 347 1715 εις
377 1677 489 1724 ἄλλην
519 1680 707 1722 ἐκποίησιν
737 1680 965 1726 γεγραμμένη
997 1676 1064 1712 τὸν
1093 1677 1326 1722 λαμβάνοντα

246 1723 434 1762 παντελῶς
453 1721 516 1759 οὐκ
535 1721 582 1759 ἂν
602 1721 775 1776 ὀνήσειεν,
799 1724 830 1757 εἰ
850 1723 1037 1769 προςάπαξ
1060 1722 1108 1757 τὰ
1126 1725 1187 1767 τῆς
1204 1735 1325 1759 συναι·

1396 1588 1536 1622 thecam
1562 1590 1625 1622 aut
1644 1587 1682 1622 in
1698 1587 1939 1623 venditionem
1962 1591 2026 1623 aut
2044 1587 2083 1622 in
2102 1587 2208 1622 aliam
2228 1587 2480 1623 alienationem

1397 1633 1622 1677 conscriptus
1643 1632 1855 1677 percipienti
1875 1632 2021 1669 omnino
2041 1644 2114 1669 non
2132 1632 2303 1678 proderit,
2325 1633 2356 1668 si
2371 1633 2479 1669 semel

1397 1689 1593 1715 consensus
1617 1678 1692 1720 fiat,
1725 1678 1789 1714 sed
1813 1678 1908 1714 sicut
1931 1678 1968 1713 iu
1991 1678 2308 1714 intercessionibus
2332 1678 2479 1724 scripsi-

1395 1735 1492 1767 mus,
1529 1729 1570 1759 ut
1593 1726 1760 1769 oporteat
1791 1723 1927 1759 bIennii
1958 1726 2029 1760 tem
2057 1735 2118 1760 ore
2151 1724 2324 1760 existente
2355 1735 2479 1760 rursus

246 1774 377 1806 νέσεως
397 1773 557 1819 γένοιτο·
594 1768 676 1804 ἀλλ’
704 1766 821 1822 ὥςπερ
841 1770 906 1824 ἐπὶ
930 1770 1007 1803 τῶν
1030 1769 1325 1806 intercessionmv
1339 1771 1382 1804 35
1395 1769 1501 1805 aliam
1524 1769 1782 1814 professionem
1814 1769 1925 1805 scribi
1955 1780 2023 1806 con
2051 1774 2224 1805 rmantem
2253 1780 2478 1812 consensum,

246 1817 388 1864 έγράψα
416 1829 456 1850 εν
486 1814 529 1850 τὸ
561 1813 638 1850 δεῖν
669 1812 804 1849 διετους
837 1826 989 1861 υστερον
1020 1814 1150 1859 χρόνον
1174 1813 1324 1861 παριόν-

245 1873 306 1897 τος
329 1830 438 1896 ‹2135ae
460 1861 587 1908 ἑτέραν
610 1858 804 1908 ὁμολογίαν
826 1857 978 1907 γράφειν
1009 1861 1235 1904 βεβαιοῦσαν
1257 1858 1327 1903 τὴν

247 1911 454 1943 συναίνεσιν
477 1910 537 1940 καὶ
561 1906 645 1941 τότε
673 1905 797 1952 κύριον
821 1905 913 1939 εἶναι
936 1903 979 1939 τὸ
1003 1904 1206 1951 γινόμενον,
1231 1902 1327 1940 οὕτω

1395 1819 1431 1851 et
1447 1819 1533 1851 tunc
1550 1818 1668 1850 ratum
1684 1824 1763 1850 esse
1788 1814 1884 1860 quod
1899 1814 2035 1851 factum
2052 1820 2117 1860 est,
2142 1815 2194 1851 sic
2211 1814 2299 1851 etin
2317 1815 2388 1851 hoc
2403 1814 2478 1857 fiat,

244 2001 371 2071 potius
393 2031 473 2058 eam
497 2018 754 2071 appellandam
777 2030 855 2055 esse
879 2018 957 2071 leqe
983 2018 1248 2069 constituimus)
1272 2019 1542 2070 conscripserit,
1573 2019 1647 2054 sive
1669 2019 1749 2071 ipse
1765 2030 1841 2071 pro
1865 2030 1904 2070 se
1928 2018 1996 2071 Ιιορ
2018 2018 2139 2063 faciat
2161 2019 2237 2070 sive
2258 2019 2365 2054 etiam
2388 2020 2480 2070 alter

247 2067 400 2110 scribat,
430 2066 505 2102 sive
524 2068 634 2112 pater
664 2075 739 2101 szve
761 2068 877 2101 mater
905 2075 980 2100 szve
1008 2068 1164 2114 coqnati
1185 2073 1260 2098 szve
1281 2063 1385 2108 forte
1415 2068 1522 2099 ettam
1546 2067 1735 2107 extranei,
1765 2075 1796 2099 st
1821 2075 1903 2110 ques
1933 2067 2047 2110 iqztur
2078 2063 2150 2099 tale
2174 2063 2263 2114 quiet
2284 2065 2417 2109 fecerit
2446 2071 2481 2101 et

247 2111 437 2161 scripserit
463 2110 710 2153 donationem,
747 2110 785 2145 in
817 2121 891 2156 qua
923 2109 1031 2145 etiam
1061 2119 1122 2144 res
1151 2107 1341 2143 immobilis
1371 2113 1444 2151 est,
1481 2114 1642 2144 vetamus
1673 2121 1753 2144 eum
1775 2109 1930 2156 posthac
1961 2120 2037 2145 rem
2066 2109 2104 2143 in
2137 2108 2367 2144 donationem
2397 2119 2481 2145 ante

249 2159 397 2207 nuptias
420 2156 666 2202 conscriptam
690 2160 756 2191 aut
776 2154 928 2201 piqnori
959 2154 1033 2195 obli
1057 2165 1121 2189 are
1151 2158 1215 2188 aut
1235 2153 1381 2189 omnino
1403 2154 1573 2190 alienare.
1621 2153 1727 2197 Quod
1749 2155 1842 2190 enim
1866 2156 1976 2189 semet
1998 2154 2150 2189 vinculis
2171 2154 2379 2190 donationis
2396 2160 2480 2191 ante

249 2204 397 2252 nuptias
421 2201 619 2239 obnoxium
643 2205 698 2237 est
717 2201 880 2247 factum,
911 2210 986 2236 non
1036 2203 1112 2235 ecct
1135 2198 1309 2241 alienari,
1342 2199 1437 2235 unde
1459 2199 1588 2235 mulier
1611 2200 1818 2235 obveniente
1839 2199 2002 2244 forsitan
2028 2199 2129 2234 lucro
2160 2198 2259 2244 quod
2281 2199 2314 2234 ei
2337 2200 2481 2245 confert

249 2249 481 2287 donationem
504 2251 589 2283 ante
612 2247 772 2293 nuptias,
795 2245 959 2292 qraviter
971 2244 1075 2290 ferat
1098 2243 1197 2289 quod
1219 2255 1294 2279 rem
1318 2255 1392 2279 non
1415 2245 1576 2291 reperiat
1594 2245 1631 2280 in
1655 2244 1760 2280 bonis
1782 2245 1916 2287 mariti,
1939 2244 2005 2280 sed
2026 2244 2082 2279 vel
2104 2243 2300 2279 alienatam
2323 2243 2406 2279 aliis
2429 2247 2483 2280 vel

250 2296 459 2343 obliqatam,
483 2292 591 2339 idque
603 2291 812 2338 potentibus
825 2291 989 2338 fortasse
1008 2290 1191 2337 personis,
1215 2293 1256 2323 ut
1270 2289 1325 2324 illi
1340 2296 1502 2336 propter
1524 2289 1701 2326 eiusmodi
1716 2301 1847 2325 causas
1871 2294 1936 2325 aut
1953 2290 2099 2324 omnino
2123 2290 2245 2325 aditus
2262 2299 2337 2324 non
2352 2294 2481 2336 pateat

249 2344 271 2379 1
316 2340 367 2377 ad
380 2338 658 2376 vindicationem
675 2341 798 2373 autea
822 2336 989 2382 difficilis
1012 2335 1060 2371 sit
1075 2340 1111 2371 et
1127 2334 1271 2371 iudiciis
1289 2339 1405 2380 eqeat,
1427 2346 1507 2370 cum
1523 2335 1632 2371 liceat
1654 2335 1737 2371 ilico
1761 2336 1795 2371 ei
1815 2335 1996 2371 auxilium
2013 2335 2125 2382 ferre.
2182 2332 2314 2380 Itaque
2337 2334 2406 2370 hoc
2421 2336 2480 2372 ob-

249 2391 422 2428 servetur,
446 2388 481 2421 et
528 2383 566 2419 ui
586 2382 744 2430 posthac
768 2382 996 2418 contraxerit
1018 2381 1122 2424 sciat,
1144 2380 1218 2417 sive
1240 2380 1457 2426 emptionem
1479 2381 1554 2417 sive
1577 2380 1816 2428 hypothecam
1840 2380 1982 2422 habeat,
2007 2380 2143 2416 nullam
2167 2390 2205 2415 se
2229 2379 2312 2415 hinc
2336 2381 2481 2416 omnino

250 2433 442 2478 utilitatem
465 2429 514 2466 ka
537 2429 694 2472 iturum,
724 2427 789 2464 sed
803 2428 894 2475 pari
918 2427 997 2463 loco
1022 2431 1132 2472 atque
1162 2437 1256 2472 quae
1279 2436 1354 2461 non
1377 2426 1517 2478 scripta

251 2478 390 2525 scripta
419 2475 475 2513 vel
497 2480 673 2512 conventa
697 2478 815 2515 erunt,
844 2476 952 2519 atque
975 2472 1119 2508 mulieri
1148 2472 1287 2507 lucrum
1311 2470 1540 2507 custodiatur

1541 2437 1635 2472 quae
1660 2437 1705 2462 ue
1728 2437 1802 2461 non
1833 2425 1930 2462 dicta
1952 2426 2026 2461 sint
2049 2437 2092 2462 ea
2113 2426 2201 2471 fore
2231 2436 2325 2471 quae
2347 2425 2392 2461 de
2414 2425 2483 2461 lzoc

1541 2498 1550 2506 .
1604 2437 1730 2518 Nune
1753 2472 1854 2524 enim·
1875 2482 2069 2518 perperam
2121 2470 2233 2506 ecisse
2263 2470 2411 2522 quidam
2434 2482 2484 2507 ex

251 2523 388 2560 nostris
410 2520 589 2557 iudicibus
612 2519 716 2556 nobis
740 2519 806 2555 visi
829 2522 926 2561 sunt,
952 2518 1016 2564 qui
1039 2517 1182 2564 quidem
1206 2517 1322 2563 ipsam
1346 2516 1383 2551 in
1407 2527 1483 2553 rem
1507 2518 1685 2553 actionem
1709 2517 1919 2552 mulieribus
1941 2520 2027 2563 post
2046 2516 2201 2552 scutum
2218 2517 2483 2552 matrimonium

253 2571 291 2605 in
314 2567 512 2604 donatione
535 2570 619 2602 ante
642 2565 790 2612 nuptias
813 2563 991 2600 dederunt
999 2576 1013 2605 ,·
1048 2562 1147 2609 quod
1169 2567 1264 2598 recte
1298 2561 1471 2598 traditum
1502 2562 1546 2598 ab
1579 2562 1624 2597 iis
1655 2563 1718 2608 qui
1733 2567 1875 2653 [postea
1900 2561 2111 2597 iudicabant
2141 2572 2191 2597 σω
2214 2572 2484 2608 supervacanea

253 2614 373 2651 nescio
422 2624 472 2648 ua
493 2611 690 2647 subtilitate
711 2614 872 2658 spretum
895 2614 957 2645 est.
1005 2608 1104 2644 Neve
1128 2619 1221 2654 quas
1244 2608 1321 2643 vias
1343 2618 1463 2688 excog
2208 2652 2214 2658 .
2349 2652 2355 2658 ¹

429 2658 529 2693 ciunt
551 2661 592 2693 ut
615 2656 784 2692 mulieres
808 2654 1034 2691 consentiant
1057 2659 1166 2700 atque
1190 2654 1242 2689 ita
1265 2653 1343 2688 suis
1366 2654 1438 2688 iuri
1462 2664 1504 2689 us
1521 2657 1725 2699 priventur.
1777 2652 1977 2689 Consensus
2001 2662 2093 2688 emm
2118 2651 2161 2687 de
2181 2651 2354 2686 eiusmodi
2377 2652 2485 2687 rebus

253 2661 338 2697 dum
361 2671 381 2696 e

1463 2609 1553 2643 itent
1577 2608 1640 2660 qui
1663 2608 1736 2643 arti
1764 2608 1830 2644 ciis
1850 2612 2007 2653 paratas
2034 2606 2260 2658 ltypotkecas
2289 2607 2484 2654 accipiunt,

254 2706 311 2743 vel
327 2705 367 2740 in
408 2715 435 2751 y
463 2702 626 2739 otkecam
646 2701 701 2738 vel
718 2702 758 2737 in
772 2700 987 2747 emptionem
1006 2699 1062 2735 vel
1080 2699 1118 2734 in
1139 2699 1249 2734 aliam
1271 2698 1527 2734 alienationem
1544 2698 1683 2744 scripto
1701 2698 1938 2744 consiqnatus
1956 2708 2035 2732 eum
2055 2697 2119 2748 qui
2139 2696 2320 2742 acceperit
2328 2697 2483 2748 ,omnino

255 2763 330 2787 non
351 2750 435 2787 iuva
459 2749 507 2791 it,
542 2748 575 2783 si
603 2747 713 2783 semel
742 2749 880 2782 tantum
912 2755 1108 2781 consensus
1142 2744 1251 2779 datus
1282 2744 1338 2780 sit.

1399 2742 1474 2779 Sed
1529 2743 1801 2779 uemadmodum
1838 2743 1882 2778 de
1912 2741 2227 2778 intercesszonibus
2261 2743 2484 2789 scripsimus,

255 2796 398 2833 biennio
429 2793 512 2830 inde
543 2796 728 2828 transacto
757 2801 886 2827 rursus
915 2790 1025 2826 aliam
1050 2790 1323 2836 professionem
1356 2788 1498 2825 scriben
1523 2799 1582 2824 am
1613 2799 1691 2825 esse
1723 2800 1817 2835 quae
1848 2798 2059 2824 consensum
2090 2787 2296 2832 confirmet,
2336 2798 2381 2823 ac
2412 2791 2486 2824 tum

305 2914 320 2945 1
339 2909 468 2955 χρῆναι
489 2921 547 2942 om.
563 2908 674 2952 Epan.
690 2906 696 2950 Ι
721 2902 1074 2950 νενομοθετήκαμεν]
1097 2904 1174 2939 cod.
1189 2906 1220 2945 5,
1234 2911 1261 2945 3,
1276 2913 1312 2939 20
1325 2904 1336 2949 11

258 2959 278 2992 2
294 2954 361 2990 tm}
397 2950 506 2987 αὐτοῦ
518 2951 677 2997 ΒῙΕρανι.
689 2951 694 2997 Ι
719 2954 741 2986 4
752 2954 877 2985 τοίνυν
889 2959 920 2985 et
933 2964 969 2984 τι
983 2963 1040 2985 om.
1052 2950 1161 2993 Epan.
1173 2950 1184 2994 Η
1197 2947 1337 2992 ἐκποιή-

258 3014 355 3036 σειεν
401 2999 430 3045 ῙΙΙ
439 3002 457 3033 7
468 2996 502 3042 ἢ]
516 2995 537 3040 ἢ
548 3001 609 3033 καὶ
618 2999 648 3033 L
656 2997 668 3043 ΙΙ
680 3000 720 3033 10
730 2993 827 3030 ὥστε
836 2999 928 3031 -17
939 2995 1127 3047 βοηθῆσαι
1139 3008 1196 3029 om.
1206 2995 1316 3047 ·Epan.
1326 2995 1338 3039 Η

262 3051 299 3082 11
324 3044 391 3088 τὴν
408 3046 654 3091 προγαμιαίαν
671 3040 825 3089 δωρεὰν]
849 3041 1092 3084 antenuptiahs
1108 3040 1244 3074 donatio
1263 3042 1296 3080 (i.
1311 3053 1335 3074 e.

258 3091 280 3135 ἡ
294 3093 517 3137 προγαμιαία
537 3086 667 3135 δωρεὰ)
683 3101 703 3125 ς
725 3089 738 3131 ΙΙ
766 3090 863 3131 lsssq.
879 3085 961 3127 ἐξὸν
977 3106 1018 3112 -
1033 3085 1218 3128 βοηθῆσαι
1231 3086 1278 3119 M
1280 3087 1337 3127 (ς)]

260 3138 298 3177 εξ
325 3127 380 3170 ὧν
403 3155 446 3160 -
470 3133 688 3180 βοηθήσειεν
710 3134 780 3168 BL
796 3135 808 3177 ΙΙ
829 3136 868 3167 17
885 3129 995 3166 “Ώστε
1011 3151 1055 3157 -
1078 3133 1118 3165 19
1131 3130 1215 3172 ἔχοι]
1233 3129 1338 3164 Ἰστω

259 3177 325 3217 οὖν
346 3179 365 3216 ὁ
380 3181 459 3216 τῶν
479 3180 678 3234 εἰρημένων
701 3181 737 3213 τὶ
761 3175 1060 3223 παραδεχόμενος,
1088 3174 1136 3228 ὠς
1159 3175 1230 3228 elice
1253 3173 1338 3210 ὑπο-

261 3225 381 3271 θήκην
401 3227 474 3269 ἔχοι
495 3222 517 3268 ἢ
536 3223 632 3268 αλλῳ
653 3223 779 3269 τρόπῳ
804 3224 942 3267 νομίζει
966 3219 1074 3256 αὐτοῦ
1097 3234 1140 3255 το
1159 3232 1260 3266 κυρος
1279 3219 1337 3254 λα-

260 3276 340 3317 βεῖν
356 3273 466 3325 Epan.
490 3272 504 3316 ΙΙ
531 3273 573 3306 18
597 3268 812 3314 συμβάλλων
831 3269 931 3310 MB1]
956 3265 1155 3311 συμβαλών
1173 3267 1310 3308 LBs(÷·)
1327 3265 1339 3310 H

265 3322 304 3354 19
318 3315 429 3361 ὦνην]
451 3314 505 3351 ὦν
517 3316 565 3350 L¹
581 3315 593 3360 ΙΙ
620 3318 660 3350 21
683 3316 779 3348 ἔστω
792 3315 823 3348 L
841 3314 854 3358 ΙΙ
869 3312 965 3347 τουτ’
980 3314 1029 3347 L¹
1049 3311 1176 3346 τούτου
1190 3313 1238 3346 L²
1260 3309 1337 3345 τοὺ-

262 3376 340 3397 των
353 3365 462 3407 Εραη.
480 3362 493 3406 ΙΙ
512 3363 555 3396 22
570 3358 818 3406 φυλάττεσθαι
831 3361 940 3402 Epan.
961 3358 973 3400 ΙΙ
989 3354 1071 3392 οὐδὲ
1083 3377 1125 3382 -
1139 3360 1182 3392 36
1191 3355 1337 3403 παριόν-

263 3419 322 3443 τος
335 3401 455 3450 αὖθις]
480 3407 511 3440 εἰ
528 3404 569 3440 δὲ
588 3408 647 3438 καὶ
670 3406 804 3447 ζῶντος
823 3406 887 3438 τοῦ
906 3401 1036 3449 ἀνδρὸς
1059 3403 1104 3449 τῇ
1128 3401 1257 3449 πράσει
1280 3402 1340 3443 τῆς

265 3455 504 3498 προγαμιαίας
528 3450 661 3498 δωρεᾶς
691 3447 712 3493 ἡ
742 3449 831 3496 γυνὴ
855 3450 1063 3483 συναινέσαι
1087 3447 1244 3494 πεισθῇ,
1277 3444 1339 3480 οὐκ

265 3497 420 3542 ἔρρωται
444 3495 452 3507 ‘
468 3494 615 3539 τοιαύτη
628 3495 771 3542 πρᾶξις·
789 3491 846 3528 δεῖ
854 3492 934 3540 γὰρ,
952 3491 1123 3538 καθάπερ
1135 3495 1193 3526 καὶ
1208 3494 1267 3527 ἐπὶ
1281 3492 1341 3535 τῆς

267 3541 420 3585 προικὸς,
461 3542 573 3576 ιετοῦς
589 3534 696 3575 αὖθις
714 3537 904 3585 παριόντος
919 3537 1047 3583 χρόνον
1061 3539 1171 3582 Epan.
1188 3538 1200 3583 ΙΙ
1219 3535 1340 3577 ἔδοξεν

267 3588 299 3620 L
316 3586 330 3629 11
347 3589 388 3620 ’23
402 3590 493 3621 τίνες
507 3588 554 3621 Βι
567 3597 666 3621 τινας
679 3587 710 3620 L
728 3586 740 3630 ΙΙ
758 3587 801 3620 24
814 3581 917 3618 αὐτοὶ
932 3585 962 3618 L
978 3584 990 3628 ΙΙ
1008 3585 1045 3617 in
1059 3595 1128 3617 rem
1140 3584 1192 3625 M,
1204 3598 1229 3617 s.
1240 3596 1268 3617 υ.
1279 3582 1339 3623 L']

268 3626 411 3676 ἀγωγὴν
432 3632 515 3665 L¹B
537 3632 550 3675 ΙΙ
576 3633 618 3666 26
642 3629 873 3676 ἐπιχωρηθὲν
890 3631 920 3664 L
943 3630 956 3673 ΙΙ
981 3632 1022 3664 27
1047 3624 1117 3663 ὑπὸ
1137 3630 1339 3673 περιττοτέ-

269 3672 906 3764 {afflettamunster„
926 3672 1316 3763 {20235511’5‘51’035‘2535
1328 3671 1340 3761 ἐξ

1405 2906 1448 2939 33
1459 2905 1726 2951 γεγραμμένηςῖ
1739 2904 1787 2937 L1
1804 2903 2053 2950 γεγραμμένην
2063 2901 2114 2934 Bt
2127 2900 2140 2945 ΙΙ
2159 2902 2203 2935 34
2215 2898 2388 2944 (ὀνήσειεν
2403 2902 2464 2935 13¹!
2473 2901 2486 2947 ss

1405 2952 1447 2984 35
1471 2947 1805 2983 intercessiokuM
1822 2943 2121 2993 ι’ντερκεσσιόνων
2134 2946 2186 2979 Bt
2212 2944 2485 2992 ι’ντερκεσιόνων

1406 2996 1452 3029 Bt
1465 2993 1750 3040 ἀντιφωνήσεων
1761 2995 1803 3037 L,
1817 2996 1850 3029 in
1863 3006 1964 3035 marg).
1978 2992 2023 3025 Bt
2039 2992 2051 3035 ΙΙ
2070 2994 2112 3026 36
2127 2990 2345 3036 ἐγράψαμεν]
2364 2993 2440 3026 Οοά.
2453 2995 2484 3033 4,

1406 3048 1455 3083 29,
1468 3048 1504 3075 22
1521 3041 1534 3084 ΙΙ
1556 3037 1706 3086 ὕστερον
1731 3054 1790 3074 om.
1806 3053 1825 3076 ς
1849 3040 1861 3083 ΙΙ
1890 3041 1930 3073 37
1953 3036 2031 3078 τὴν]
2056 3035 2100 3078 τὴ
2124 3038 2171 3070 L¹
2189 3043 2201 3080 ΙΙ
2227 3039 2269 3071 38
2292 3035 2486 3083 γενόμενον

1405 3087 1497 3120 malit
1511 3087 1693 3120 Heimbach
1717 3086 1730 3129 ΙΙ
1754 3082 1851 3119 οὕτω
1871 3105 1910 3109 -
1930 3085 2006 3124 331,
2026 3091 2042 3117 4
2063 3085 2272 3116 συναίνεσιν
2295 3096 2353 3116 om.
2375 3083 2484 3127 Epan.

1452 3222 1472 3254 2
1497 3221 1622 3254 faciens
1646 3219 1694 3262 1132}
1720 3220 1791 3253 siue
1812 3220 1884 3260 (sic)
1910 3220 1942 3252 R
1972 3219 1984 3263 ΙΙ
2012 3221 2032 3253 3
2057 3219 2138 3260 quid
2161 3218 2211 3251 13¹
2239 3217 2252 3261 ΙΙ
2286 3218 2306 3250 9
2330 3215 2484 3249 ueniente

1415 3265 1517 3306 V0T]
1543 3266 1739 3299 inueniente
1762 3265 1874 3299 R¹V⁰
1904 3265 2080 3298 inueniens
2097 3264 2147 3297 13²
2178 3262 2349 3296 eveniente
2370 3261 2453 3303 euly-
2470 3258 2484 3301 ΙΙ

1407 3311 1556 3344 forsitam
1577 3311 1611 3345 V
1625 3311 1638 3356 ΙΙ
1663 3313 1704 3345 10
1728 3310 1858 3344 lucrum
1883 3310 1917 3342 R
1934 3310 1947 3354 ΙΙ
1977 3313 2015 3344 11
2042 3310 2201 3352 patiatur]
2226 3308 2312 3341 dona
2333 3305 2480 3348 patiatur

1415 3357 1463 3389 V¹
1491 3358 1502 3399 ΙΙ
1535 3358 1577 3391 12
1602 3361 1635 3390 et
1663 3357 1906 3400 Osenbrfiqqen]
1935 3358 1994 3389 aut
2018 3357 2096 3389 libri
2123 3355 2136 3398 ss
2166 3355 2205 3388 13
2229 3360 2365 3395 persone
2390 3348 2437 3398 R{
2470 3346 2483 3391 ΙΙ

1408 3401 1477 3434 illis
1504 3402 1547 3434 R‘
1569 3400 1581 3446 ΙΙ
1607 3404 1649 3436 14
1672 3401 1828 3434 omnibus
1851 3400 1957 3434 modis
1983 3401 2015 3434 R
2030 3401 2042 3443 ΙΙ
2069 3398 2239 3432 inadibilis
2262 3394 2404 3436 Reum
2428 3402 2480 3424 m-

1408 3446 1506 3479 abilis
1530 3447 1595 3480 VT
1615 3448 1628 3491 Ι]
1660 3448 1699 3481 18
1725 3447 1884 3490 ypotheca
1906 3445 1970 3491 Vn
2000 3447 2040 3480 19
2064 3455 2160 3478 orum
2181 3441 2243 3484 Vfl
2273 3440 2313 3474 21
2340 3440 2381 3488 et·
2396 3438 2479 3478 ΕΤ]

1408 3494 1446 3523 ut
1468 3491 1521 3535 Vn
1541 3492 1582 3526 23
1605 3493 1664 3534 qui
1685 3493 1784 3525 etiam
1805 3504 1863 3525 om.
1877 3491 1926 3524 R¹
1945 3491 1958 3535 ΙΙ
1979 3491 2015 3524 in
2028 3501 2096 3523 rem
2108 3490 2153 3529 R]
2176 3487 2213 3519 in
2231 3494 2301 3518 rem
2318 3486 2479 3533 actionem

1416 3537 1575 3580 VTvutq.
1595 3537 1607 3580 ΙΙ
1629 3539 1672 3572 26
1684 3547 1912 3580 superuacua
1933 3537 1982 3570 V¹
2005 3541 2209 3583 superuaqn
2229 3528 2304 3571 V’l
2332 3528 2375 3561 28
2396 3529 2479 3567 mas]

1408 3591 1521 3614 causas
1533 3583 1583 3615 R¹
1629 3583 1806 3616 inueniant
1829 3582 2023 3615 artificiosas
2042 3576 2218 3612 innuunt
2234 3572 2314 3616 R‘ll
2333 3574 2376 3606 30
2401 3583 2479 3605 con-

1408 3637 1523 3660 census
1543 3628 1578 3661 V
1642 3630 1701 3661 aut
1724 3628 1772 3669 in]
1797 3627 1834 3660 in
1858 3640 1916 3660 om.
1932 3626 1981 3660 Β*
2004 3625 2017 3668 ΙΙ
2043 3624 2086 3657 33
2106 3622 2144 3654 in
2166 3632 2225 3653 om.
2240 3618 2286 3651 13¹
2316 3617 2328 3661 ΙΙ
2358 3619 2401 3651 34
2425 3627 2480 3650 ex-

1407 3675 1518 3751 gxnt}
1527 3673 1760 3718 osenbriiqqm
1775 3673 1788 3715 Η
1806 3673 1931 3711 rursus]
1957 3672 1990 3703 et
2002 3676 2116 3702 rursus
2128 3664 2162 3698 R.
2179 3663 2192 3708 Ι
2210 3664 2251 3697 36
2268 3663 2337 3703 fiat]
2356 3663 2480 3695 sactum

1452 3719 1466 3750 t
1523 3718 1534 3739 ι
