2618 4010
144 155 205 186 DE
233 151 443 185 TESTIBUS

148 250 394 294 ἄποτάξαιντο
423 255 482 286 καὶ
514 250 700 295 ἐκλάβοιεν
731 251 795 286 τὰς
825 254 1039 298 μαρτυρίας,
1074 254 1227 298 πειρῶν-

148 312 209 333 ται
239 295 506 344 προςελεύσεσιν
536 294 629 341 ἡμᾶς
659 297 816 340 ἐνοχλεῖν
848 301 908 331 καὶ
931 294 1135 342 βούλεσθαι
1168 301 1228 332 καὶ

149 345 310 390 τετράκις
333 345 554 389 παραγαγεῖν
576 342 768 389 μάρτυρας,
793 344 1019 387 θεσπίζομεν
1041 343 1124 377 τοὺς
1143 341 1227 388 ἡμε-

149 392 269 435 τέρους
303 386 471 423 δικαστὰς
506 386 647 422 τούτοις
680 387 840 433 μάλιστα
875 391 1067 434 προςέχειν,
1103 392 1162 422 καὶ
1198 389 1228 422 εἰ

149 432 331 480 τρισσάκις
361 430 428 476 ἤδη
460 432 657 478 παρῆλθον
687 433 724 468 οἱ
745 435 920 480 μάρτυρες
950 437 1009 467 καὶ
1033 433 1133 479 παρὰ
1162 435 1226 468 τοῦ

150 479 231 513 τοὺς
260 479 440 525 μάρτυρας
471 476 747 525 παραγαγόντος
777 483 836 513 καὶ
868 476 1144 523 ἄποταξαμένου
1168 482 1228 512 καὶ

150 522 364 568 ἐκλαβόντος
394 522 504 558 πάλιν
530 525 717 559 αἰτοῦνται
746 524 935 571 μάρτυρες,
965 522 1112 558 τούτους
1136 538 1227 559 παν·

149 568 258 603 τελῶς
295 568 344 613 μὴ
384 569 615 616 προςίεσθαι,
655 567 703 604 οἷς
740 567 898 616 ὑποψίας
929 568 1052 613 οὔσης,
1088 570 1228 614 μήποτε

149 612 437 661 παραλιπόντων
468 628 504 649 τι
535 616 612 649 τῶν
644 619 832 663 προτέρων
866 618 926 649 καὶ
956 612 1024 657 ἤδη
1057 616 1227 669 φανερῶν

1213 135 1298 185 449

2101 139 2207 187 Now
2240 139 2316 187 XC
2346 143 2371 187 4
2432 119 2436 125 ¹

1296 251 1432 288 fuerint
1454 250 1673 296 testimonia,
1699 253 1913 297 temptantes
1936 254 2283 300 interpellationibus
2307 266 2371 292 no-

1297 298 1351 333 bis
1374 298 1569 343 importuni
1588 307 1666 333 esse
1691 301 1727 333 et
1750 298 1837 333 velle
1858 303 1893 334 et
1913 304 2038 344 quater
2057 301 2231 336 deducere
2249 305 2370 345 testes,

1297 343 1476 379 sancimus
1508 347 1650 379 nostros
1672 343 1809 378 iudices
1838 344 1926 380 haec
1951 346 2101 382 maxime
2133 346 2370 389 considerare,

1297 392 1332 423 et
1363 389 1393 423 si
1425 389 1531 425 tertio
1562 389 1632 424 iam
1664 388 1832 434 producti
1857 394 1940 424 sunt
1962 394 2082 433 testes,
2117 395 2152 426 et
2176 392 2220 426 ab
2246 401 2287 427 eo
2312 393 2372 437 qui

1264 437 1282 469 5
1296 437 1407 469 testes
1433 434 1581 470 deduxit
1605 434 1837 470 concludente
1870 439 1905 469 et
1929 436 2061 471 editum
2085 436 2283 481 accipiente
2306 438 2370 472 ite-

1295 490 1373 514 rum
1398 484 1568 524 petantur
1591 481 1714 523 testes,
1738 479 1803 514 hos
1829 480 1970 516 omnino
1994 492 2066 516 non
2087 482 2224 524 adesse,
2248 486 2372 527 utpote

1296 525 1498 569 suspicione
1522 525 1663 567 habita,
1688 535 1734 560 ne
1756 524 1849 560 forte
1873 526 2006 561 relictis
2031 527 2171 570 quidem
2194 528 2371 572 prioribus

1295 574 1331 605 et
1354 571 1485 606 dudum
1509 570 1706 605 manifestis
1728 574 1877 615 propter
1895 571 2021 606 horum
2042 572 2247 607 testimonia
2266 572 2372 608 factis

1295 616 1353 651 ille
1384 626 1457 651 non
1487 616 1758 661 productionem
1782 616 1944 659 testium,
1977 616 2039 651 sed
2064 617 2107 652 de
2127 617 2370 662 praecedenti-

148 659 291 693 τούτων
316 657 377 693 διὰ
393 661 456 702 τῆς
471 664 668 705 μαρτυρίας
682 664 889 707 γενομένων
913 661 1044 694 ἐκεῖνος
1066 673 1107 694 ου
1135 673 1225 705 παρ-
1242 664 1282 697 10
1296 661 1363 696 bus
1399 664 1462 696 aut
1496 672 1568 696 non
1602 660 1803 696 testificatis
1839 661 2118 696 additamentum
2153 666 2216 697 aut
2251 672 2372 698 eorum

149 706 289 751 αγωγῆς
306 706 513 751 μαρτύρων,
534 702 625 739 ἀλλὰ
642 707 704 749 τῆς
720 708 797 740 τῶν
814 705 1023 751 ἔμπροσθεν
1042 703 1065 748 ἢ
1080 701 1122 738 οὗ
1138 719 1226 749 μαρ-

148 749 385 795 τυρηθέντων
410 750 612 797 προςθὴκης
636 749 658 794 ἢ
680 751 993 797 μαρτυρηθέντων
1009 749 1226 796 ἐπανορθώ-

149 807 238 829 σεως
262 796 442 838 ἐπιθυμεῖ.
491 797 521 829 εἰ
546 794 585 830 δὲ
608 794 627 830 ὁ
655 796 878 843 παραγαγών
902 798 970 841 μὲν
993 792 1057 830 οὐκ
1081 796 1227 839 ἐκλάβοι

149 838 232 874 οὐδὲ
255 840 397 883 ἐντύχοι
419 844 497 896 ταῖς
513 846 722 897 μαρτυρίαις
745 840 828 876 οὕτε
848 838 955 875 αὐτὸς
974 840 1058 875 οὔτε
1077 852 1130 875 τις
1150 842 1227 874 τῶν

1296 706 1577 750 depositionibus
1602 706 1884 742 emendationem
1909 706 2094 742 desideret.
2143 707 2181 742 Si
2204 717 2286 743 vero
2311 708 2370 743 de-

1295 751 1429 786 ducens
1461 752 1602 796 quidem
1632 756 1742 787 testes
1775 752 1964 787 editionem
2001 753 2160 787 nondum
2193 754 2373 797 acceperit

1296 806 1411 841 neque
1435 798 1623 842 perlegerit
1646 797 1854 833 testationes
1878 807 1991 843 neque
2008 798 2085 843 ipse
2107 807 2222 843 neque
2245 799 2371 843 aliquis

1296 841 1551 877 advocatorum
1575 843 1662 883 eius,
1695 842 1920 878 adversarius
1945 845 2064 878 autem
2092 844 2166 879 eius
2191 844 2373 888 acceperit

149 885 360 932 συνηγόρων
382 900 507 940 μυτου,
540 885 558 920 ὁ
594 885 633 921 δὲ
665 890 962 942 αντιτεταγμένος
994 885 1138 930 ἐκλάβοι
1161 886 1226 929 μό·
1243 890 1283 922 15
1297 887 1395 921 solus
1426 891 1462 923 et
1491 888 1617 923 fecerit
1645 888 1939 933 disputationem,
1971 899 2043 924 non
2066 890 2185 923 tamen
2210 898 2287 923 eam
2312 890 2371 924 de-

150 943 208 965 νος
229 935 287 964 καὶ
306 944 498 974 ποιησαιτο
520 931 765 979 παραγραφάς,
790 945 830 966 ου
853 932 926 976 μὴν
949 929 1083 966 ταύτας
1108 929 1226 974 ἐκδοιή

150 978 202 1018 τῷ
233 980 308 1022 τρὶς
339 975 404 1020 ἤδη
437 981 669 1022 ποιησαμένῳ
701 978 768 1020 τὴν
802 978 880 1011 τιῦν
909 975 1104 1023 μαρτύρων
1137 975 1226 1021 πάρ-

150 1020 246 1064 οδον,
279 1019 366 1056 ὦςτε
389 1022 438 1067 μὴ
471 1021 530 1056 διὰ
560 1024 638 1057 τῶν
668 1024 920 1068 παραγραφῶν
949 1021 1126 1067 μαθόντα
1160 1021 1228 1055 τὸν

150 1067 295 1101 τούτους
319 1067 580 1114 παραγαγόντα
603 1068 647 1102 τὰ
671 1067 883 1102 ἐλλείποντα
914 1071 990 1102 ταῖς
1019 1070 1229 1122 μαρτυρίαις

1298 932 1389 966 derit
1412 933 1445 967 ei
1464 933 1524 978 qui
1543 933 1647 968 tertio
1673 934 1806 968 dudum
1825 933 1912 968 fecit
1926 934 2070 969 testium
2091 934 2372 979 productionem,

1297 987 1411 1021 neque
1435 989 1499 1022 per
1525 978 1801 1023 disputationem
1826 979 1973 1014 edoctus
1998 980 2044 1015 sit
2067 979 2097 1014 is
2126 980 2186 1024 qui
2206 990 2268 1015 eos
2289 990 2371 1024 pro-

1297 1022 1464 1065 duxerat,
1499 1034 1590 1068 quae
1620 1024 1831 1060 testimoniis
1863 1024 1990 1060 desunt
2021 1025 2111 1060 haec
2143 1024 2253 1068 adici,
2286 1030 2372 1060 tunc

1296 1067 1450 1102 dandum
1476 1073 1530 1103 est
1553 1071 1588 1104 et
1612 1073 1774 1114 quartam
1797 1070 2068 1115 productionem
2091 1071 2235 1105 testium
2256 1070 2287 1105 ei
2312 1071 2372 1115 qui

151 1126 268 1146 ταυτα
303 1113 531 1158 προςθεῖναι·
568 1114 767 1166 τηνικαῦτα
803 1111 928 1146 δοτέον
962 1116 1022 1146 καὶ
1054 1126 1228 1158 τεταρτην
1242 1117 1283 1149 20
1296 1113 1365 1147 hoc
1387 1113 1538 1157 petierit,
1564 1115 1727 1158 primitus
1748 1118 1973 1150 sacramento
1994 1115 2111 1151 dando
2131 1116 2177 1151 ab
2198 1126 2252 1157 eo,
2277 1116 2373 1161 quod

151 1159 373 1204 παραγωγὴν
393 1158 588 1203 μαρτύρων
609 1160 662 1201 τῷ
687 1171 823 1202 ταυτην
849 1159 1022 1199 αἰτοῦντι,
1049 1157 1228 1203 πρότερον

151 1200 257 1248 ὅρκου
281 1201 468 1247 διδομένου
493 1200 583 1249 παρ’
603 1202 725 1246 αὐτοῦ,
756 1201 803 1238 ως
833 1202 915 1237 οὔτε
940 1203 1123 1249 ἐξείληφεν
1145 1203 1229 1237 οὔτε

152 1250 290 1291 ἐνέτυχε
313 1252 390 1283 ταῖς
412 1253 619 1294 μαρτυρίαις
650 1248 733 1283 οὔτε
766 1245 874 1283 αὐτὸς
902 1247 985 1282 οὔτε
1009 1260 1062 1282 τις
1092 1246 1115 1291 ἢ
1147 1261 1228 1283 συν-

152 1293 275 1347 ηγορος
305 1292 327 1350 ᾗ
350 1291 442 1328 ὅλως
466 1293 557 1340 ὑπὲρ
581 1290 690 1328 αὐτοῦ
716 1293 902 1339 πράττων,
925 1293 1009 1328 οὔτε
1032 1294 1123 1328 κατά
1144 1306 1229 1328 τινα

1296 1168 1411 1202 neque
1434 1159 1615 1194 subtraxit
1645 1170 1758 1203 neque
1788 1165 2044 1205 percunctatus
2077 1165 2132 1196 est
2162 1162 2371 1197 testationes

1296 1213 1410 1248 neque
1433 1204 1510 1249 ipse
1533 1215 1649 1249 neque
1673 1206 1801 1250 aliquis
1825 1206 2077 1241 advocatorum
2102 1207 2178 1242 eius
2210 1210 2274 1242 aut
2297 1217 2371 1242 om-

1297 1249 1380 1284 nino
1414 1260 1478 1293 pro
1511 1260 1552 1285 eo
1585 1261 1712 1294 agens,
1745 1261 1859 1295 neque
1891 1262 1955 1295 per
1979 1252 2130 1296 aliquem
2162 1252 2281 1286 dolum
2309 1256 2372 1287 aut

1297 1294 1594 1330 machinationem
1612 1296 1666 1330 vel
1683 1299 1795 1331 artem
1812 1301 1974 1340 quartam
1993 1297 2263 1341 productionem
2280 1298 2372 1342 petit

151 1336 259 1372 ὸόλον
283 1337 367 1373 ουδὲ
388 1340 550 1383 μηχανὴν
582 1336 666 1373 οὐδὲ
687 1343 815 1392 τεχνην
847 1339 920 1394 τῆν’
934 1338 1112 1386 τετάρτην
1136 1351 1225 1383 παρ-
1242 1343 1282 1376 25
1296 1339 1373 1374 fieri
1396 1340 1559 1384 testium,
1594 1341 1655 1375 sed
1680 1344 1828 1386 propter
1851 1342 1920 1376 hoc
1953 1343 2047 1387 quod
2071 1353 2142 1377 non
2165 1343 2276 1377 valuit
2298 1343 2371 1387 pri-

151 1384 295 1431 αγωγὴν
324 1385 416 1418 αἰτεῖ
444 1384 673 1428 ποιήσασθαι
704 1399 781 1419 των
803 1398 1010 1430 μαρτυρων,
1044 1383 1136 1418 ἀλλὰ
1169 1382 1228 1418 διὰ

149 1429 191 1463 τὸ
211 1429 261 1473 μὴ
281 1427 485 1473 δυνηθῆναι
509 1429 686 1475 πρότερον
709 1434 786 1464 ταῖς
807 1429 1125 1477 ἐπαγγελλομέναις
1147 1426 1226 1476 χρή-

150 1474 291 1507 σασθαι
320 1479 537 1521 μαρτυρίαις.
586 1479 644 1509 καὶ
676 1476 707 1509 εἰ
737 1477 845 1509 τοῦτο
876 1478 1028 1522 γένοιτο,
1059 1473 1152 1520 μηδὲ
1174 1488 1228 1508 κε-

150 1518 300 1553 λεύσεως
321 1518 410 1566 ὑπὲρ
430 1521 573 1554 τούτων
591 1519 738 1554 δεῖσθαι
758 1519 955 1566 βασιλικῆς,
975 1518 1149 1576 καθάπερ
1169 1521 1227 1565 ἔμ-

1296 1385 1402 1420 mitus
1428 1386 1480 1420 uti
1506 1386 1723 1421 denuntiatis
1749 1387 1972 1423 testimoniis.
2020 1388 2069 1422 Et
2092 1388 2124 1423 si
2145 1388 2214 1423 hoc
2237 1387 2372 1423 factum

1295 1430 1420 1472 fuerit,
1453 1441 1569 1476 neque
1599 1431 1756 1467 iussione
1788 1443 1852 1477 pro
1886 1432 2020 1468 talibus
2053 1433 2227 1477 imperiali
2259 1443 2372 1477 egere,

1296 1476 1390 1511 sicut
1412 1476 1548 1521 pridem
1568 1481 1655 1521 erat,
1680 1477 1743 1512 sed
1764 1487 1807 1512 ex
1827 1478 1895 1512 hac
1919 1478 1994 1522 lege
2010 1478 2193 1513 sufficiant
2216 1478 2266 1513 eis
2285 1480 2372 1513 haec

1297 1532 1388 1566 quae
1420 1523 1594 1566 permissa
1618 1527 1722 1567 sunt3
1759 1525 1795 1558 et
1826 1533 1937 1568 usque
1969 1523 2015 1557 ad
2042 1528 2206 1568 quartam
2229 1525 2373 1559 testium

150 1565 315 1608 προσθεν
348 1567 403 1608 ἦν,
436 1562 517 1599 ἀλλ’
546 1563 708 1600 αὐτόθεν
738 1566 806 1620 frey
830 1567 943 1610 νόμον
966 1569 1084 1621 αρκεῖν
1110 1563 1229 1599 αὐτοῖς
1242 1570 1284 1602 30
1298 1567 1569 1612 productionem
1593 1568 1772 1603 licentiam
1796 1578 1874 1603 esse
1898 1569 2109 1604 testimoniis
2134 1568 2196 1612 uti,
2221 1579 2294 1604 non
2317 1573 2371 1604 ta-

148 1610 216 1643 τὸν
238 1610 284 1644 τὰ
304 1612 456 1644 τοιαῦτα
480 1613 642 1657 ἐφιέντα·
679 1614 738 1645 καὶ
762 1625 844 1658 αχρι
864 1614 931 1655 μὲν
954 1622 1125 1659 τεταρτης
1140 1625 1229 1658 μαρ-

149 1654 271 1700 τύρων
295 1657 511 1702 παραγωγῆς
534 1655 660 1691 ἄδειαν
689 1657 781 1690 εἶναι
813 1660 890 1690 ταῖς
911 1661 1123 1703 μαρτυρίαις
1145 1661 1227 1701 χρῆ-

149 1700 260 1742 σθαι,
295 1701 342 1744 μὴ
373 1704 498 1745 μέντοι
534 1699 592 1735 διὰ
622 1701 770 1757 χρόνον,
807 1698 894 1736 ὥςτε
927 1700 1018 1745 μηδὲ
1054 1702 1228 1736 ἐντεῦθεν

148 1743 376 1790 μηκύνεσθαι
393 1747 457 1780 τὰς
478 1745 586 1789 δίκας,
611 1746 702 1781 αλλὰ
721 1745 796 1780 δεῖν
812 1744 960 1782 πάντως
978 1746 1084 1789 τάχος
1105 1745 1228 1782 αὐταῖς

1297 1623 1377 1648 men
1400 1623 1464 1658 per
1483 1614 1627 1657 longum
1651 1613 1885 1656 intervallum,
1911 1619 1951 1648 ut
1974 1625 2046 1650 non
2071 1624 2114 1649 ex
2137 1615 2207 1649 hoc
2231 1618 2372 1659 protra-

1297 1659 1430 1693 hantur
1461 1659 1557 1702 lites,
1594 1659 1655 1694 sed
1688 1665 1852 1704 oportere
1888 1659 2029 1695 omnino
2063 1659 2286 1695 velocitatem
2321 1660 2372 1696 eis

1296 1704 1496 1783 {imp-onere,
1534 1704 1730 1740 secundum
1766 1705 1859 1750 quod
1894 1704 2000 1739 iudex
2032 1705 2270 1740 aestimaverit
2303 1705 2372 1741 hoc

1322 1759 1383 1784 erl.

150 1791 406 1834 ἐπιτίθεσθαι,
439 1790 610 1847 καθάπερ
634 1791 681 1827 ἂν
712 1790 731 1826 ὁ
759 1790 919 1848 δικάζων
950 1793 1092 1836 οἰηθείη
1117 1795 1226 1828 τοῦτο
1240 1797 1282 1830 35

148 1838 170 1872 l
215 1834 399 1883 πράττειν.
472 1841 601 1872 Εκεῖνο
631 1841 755 1882 μέντοι
784 1839 860 1872 τῶν
892 1837 1227 1885 ανωμολογημένων

1296 1842 1317 1876 1
1364 1840 1458 1875 Illud
1488 1843 1608 1875 tamen
1638 1840 1824 1876 indubium
1854 1843 1927 1884 est,
1960 1841 2044 1886 quIa
2068 1840 2134 1876 etsi
2158 1840 2266 1876 semel
2288 1851 2371 1886 pro-

216 1941 243 1962 c.
267 1929 330 1963 IV
346 1929 398 1972 §1
427 1925 529 1971 (Ἐὰν
553 1926 652 1969 ἅπαξ
675 1940 727 1963 τις
752 1955 851 1963 .....
853 1931 865 1972 )
891 1932 986 1964 habet
1010 1930 1191 1964 Prockiron
1218 1939 1343 1965 auctum
1370 1932 1423 1973 27,
1438 1939 1490 1965 165
1515 1944 1553 1964 ez·
1578 1932 1624 1964 B.

145 2039 381 2087 productioni
402 2044 438 2075 et
460 2041 661 2076 testimonia
684 2044 917 2087 exceperunt,
943 2040 1293 2086 interpellationibus
1311 2045 1493 2075 conantur
1516 2041 1620 2076 nobis
1638 2041 1837 2087 importuni
1859 2051 1937 2076 esse
1960 2052 2004 2076 ac
2025 2041 2114 2078 velle
2137 2045 2243 2078 testes
2265 2044 2372 2079 etiam

150 2090 282 2131 quarto
303 2084 516 2131 producere,
540 2086 720 2121 sancimus
744 2086 880 2121 iudices
903 2090 1047 2121 nostros
1071 2086 1126 2120 lu's
1142 2086 1301 2120 maxime
1326 2097 1473 2131 operam
1500 2086 1601 2128 dare,
1626 2087 1709 2122 etsi
1730 2087 1802 2121 iam
1820 2090 1874 2122 ter
1890 2087 2113 2133 prodierunt
2137 2092 2241 2123 testes
2264 2093 2373 2135 atque

151 2130 194 2165 ab
219 2141 260 2165 eo
286 2131 352 2175 qui
376 2135 478 2165 testes
495 2131 681 2176 produxit
704 2135 739 2166 et
761 2131 983 2166 renuntiavit
1004 2130 1238 2177 productioni
1261 2134 1297 2165 et
1318 2131 1523 2165 testimonia
1547 2132 1702 2177 excepit,
1728 2131 1844 2167 denuo
1855 2136 2034 2178 petuntur
2052 2135 2168 2175 testes,
2192 2144 2255 2168 eos
2271 2134 2371 2169 nullo

151 2175 257 2210 modo
283 2175 486 2217 admittere,
517 2175 693 2220 siquidem
722 2176 881 2221 suspicio
907 2179 976 2217 est,
1011 2186 1054 2210 ne
1078 2175 1179 2220 forte
1210 2185 1289 2210 cum
1311 2175 1400 2220 quid
1423 2176 1573 2221 priores
1598 2176 1781 2211 omiserint
1804 2177 1914 2222 idque
1938 2188 2011 2223 per
2039 2178 2277 2213 testimonium
2300 2179 2372 2214 iam

151 2220 383 2265 manifestum
405 2220 545 2265 factum
568 2221 627 2262 sit,
651 2220 711 2255 ille
735 2231 809 2255 non
827 2220 1101 2266 productionem
1128 2220 1280 2260 testium,
1304 2219 1369 2254 sed
1391 2225 1455 2254 aut
1477 2231 1601 2255 eorum
1626 2221 1669 2256 de
1693 2221 1823 2266 quibus
1852 2226 1960 2257 antea
1985 2223 2224 2258 testimonium
2249 2223 2371 2259 datum

152 2276 225 2300 non
249 2269 329 2301 erat
352 2265 632 2300 additamentum
662 2269 727 2300 aut
749 2276 874 2300 eorum
898 2265 942 2300 de
966 2265 1094 2311 quibus
1118 2263 1241 2299 datum
1265 2268 1345 2299 erat
1370 2264 1608 2299 testimonium
1633 2265 1916 2302 emendationem
1939 2266 2124 2303 desideret.
2169 2267 2211 2303 Si
2234 2279 2316 2304 vero
2340 2269 2372 2303 is

153 2311 215 2356 qui
233 2315 337 2345 testes
356 2310 537 2356 produxit
562 2310 762 2345 testimonia
779 2321 852 2345 non
869 2310 1057 2355 exceperit
1080 2320 1195 2354 neque
1212 2310 1358 2355 coquita
1379 2309 1511 2344 habeat
1533 2320 1648 2355 neque
1664 2311 1741 2356 ipse
1764 2322 1880 2357 neque
1895 2311 1992 2346 ullus
2007 2322 2057 2347 ex
2067 2313 2372 2358 procuratoribus

153 2356 240 2396 eius,
266 2355 497 2391 adversarius
520 2360 638 2390 autem
661 2355 762 2390 solus
785 2355 970 2400 exceperit
993 2358 1027 2390 et
1049 2354 1283 2400 exceptiones
1308 2354 1531 2400 opposuerit,
1555 2365 1671 2400 neque
1695 2360 1811 2390 tamen
1835 2366 1898 2390 eas
1913 2356 2067 2391 ediderit
2086 2357 2119 2391 ei
2139 2358 2202 2402 qui
2225 2359 2297 2393 iam
2318 2362 2372 2394 ter

155 2405 258 2436 testes
274 2400 468 2447 produxit,
493 2411 538 2435 ne
562 2401 592 2434 is
616 2401 679 2446 qui
702 2399 768 2435 lios
786 2400 971 2446 produxit
987 2410 1060 2446 per
1079 2398 1310 2445 exceptiones
1330 2399 1476 2434 edoctus
1500 2399 1543 2434 de
1563 2400 1607 2433 iis
1625 2411 1718 2445 quae
1736 2400 1948 2436 testimoniis
1964 2400 2083 2436 desint
2106 2401 2196 2437 liaec
2218 2402 2371 2439 adiciat:

156 2452 228 2481 tum
244 2447 351 2481 etiam
369 2449 536 2491 quartam
554 2445 833 2492 productionem
859 2445 999 2480 testium
1020 2443 1282 2479 concedendam
1306 2454 1382 2479 esse
1402 2444 1435 2479 ei
1451 2444 1514 2489 qui
1530 2455 1607 2479 eam
1624 2448 1737 2491 petat,
1762 2445 1999 2480 iureiurando
2016 2445 2127 2492 prius
2143 2446 2188 2481 ab
2204 2457 2246 2482 eo
2259 2458 2370 2494 prae—

153 2491 284 2526 stando
309 2502 381 2537 quo
407 2490 566 2526 declaret
585 2501 623 2525 se
646 2501 761 2535 neque
783 2490 969 2536 excepisse
993 2500 1109 2535 neque
1132 2489 1344 2536 coqnovisse
1369 2489 1572 2524 testimonia
1597 2501 1710 2535 neque
1741 2490 1859 2536 ipsum
1883 2501 1998 2536 neque
2021 2490 2235 2526 advocatum
2258 2490 2370 2528 ullum

154 2541 219 2571 aut
241 2537 385 2571 omnino
403 2547 478 2582 pro
503 2547 542 2571 se
565 2536 713 2581 neqotia
737 2540 929 2581 qerentem,
954 2545 1068 2586 neque
1084 2533 1169 2568 dolo
1191 2533 1265 2568 ullo
1281 2537 1347 2569 aut
1368 2533 1635 2570 machinatione
1651 2540 1714 2570 aut
1734 2539 1812 2570 arte
1832 2541 2000 2580 quartam
2020 2546 2058 2570 se
2075 2540 2204 2582 petere
2229 2537 2370 2573 testium

150 2581 423 2628 productionem
446 2581 592 2626 facere,
627 2580 691 2615 sed
711 2581 798 2626 quia
824 2580 1034 2615 testimoniis
1062 2579 1237 2613 nuntiatis
1261 2580 1371 2625 prius
1401 2579 1455 2614 uti
1475 2590 1549 2614 non
1579 2579 1749 2626 potuerit.
1797 2581 1914 2625 Atque
1937 2579 2006 2615 lzoc
2029 2581 2061 2615 si
2069 2621 2071 2623 ¹
2089 2581 2232 2626 factum
2254 2582 2303 2617 sit
2325 2593 2370 2617 ne

153 2627 312 2662 iussione
339 2626 481 2672 quidem
512 2625 694 2672 imperiali
724 2625 768 2661 de
799 2625 854 2660 liis
885 2625 1066 2670 indulcat,
1095 2623 1392 2669 quemadmodum
1425 2628 1533 2659 antea
1564 2628 1659 2669 erat,
1694 2624 1759 2660 sed
1787 2625 1882 2660 ultro
1915 2624 1977 2661 lex
2006 2625 2053 2659 iis
2081 2626 2248 2671 sufficiat
2276 2637 2370 2672 quae

153 2673 224 2707 ista
245 2672 443 2718 permittit,·
481 2676 517 2707 et
539 2682 652 2717 usque
676 2670 725 2705 ad
746 2675 913 2716 quartam
939 2670 1078 2705 testium
1096 2668 1376 2715 productionem
1402 2670 1611 2705 testimoniis
1635 2671 1688 2705 uti
1713 2670 1829 2713 liceat,
1853 2680 1967 2715 neque
1993 2673 2109 2705 tamen
2125 2681 2199 2716 per
2222 2671 2369 2717 lonqum

154 2721 303 2763 tempus,
329 2722 367 2751 ut
383 2727 427 2751 ne
442 2716 526 2752 inde
542 2717 683 2763 quidem
706 2716 786 2750 lites
800 2714 1084 2762 protrahantur,
1109 2713 1174 2748 sed
1196 2714 1320 2759 utique
1339 2714 1385 2748 iis
1399 2714 1589 2759 festinatio
1607 2714 1810 2750 adhibenda
1826 2718 1890 2756 est,
1911 2718 2025 2761 prout
2040 2715 2153 2750 iudex
2172 2714 2212 2750 id
2223 2717 2366 2760 facien-

153 2765 174 2798 1
220 2762 303 2797 dum
322 2761 589 2798 existimaverit.
684 2759 783 2795 Illud
807 2766 924 2796 tamen
947 2761 985 2794 in
1009 2759 1178 2805 confesso
1203 2764 1268 2801 est,
1291 2759 1324 2793 si
1347 2759 1429 2804 quis
1450 2759 1558 2795 semel
1583 2760 1639 2796 vel
1658 2760 1712 2796 bis
1732 2759 1922 2806 productis
1947 2760 2093 2796 testibus
2110 2761 2370 2798 renuntiaverit

211 2877 226 2908 1
253 2871 524 2914 *ἆποτάξοιντο
550 2875 660 2907 MLB
683 2874 695 2917 ΙΙ
720 2871 974 2917 διαμαρτυρίας
998 2871 1049 2905 Bf
1063 2872 1075 2916 ΙΙ
1100 2869 1228 2916 πειρώ-
1298 2872 1328 2903 L
1346 2870 1357 2914 ΙΙ
1376 2873 1417 2904 29
1442 2868 1615 2905 τούτουΕ
1631 2872 1642 2914 ΙΙ
1662 2874 1704 2906 30
1728 2869 1808 2906 ἀλλ’
1826 2870 1986 2907 αὐτόθεν
2000 2893 2040 2899 -
2055 2876 2096 2909 36
2110 2873 2284 2920 πράττειν
2308 2887 2365 2909 om.

153 2932 254 2963 μενοι
268 2919 319 2952 ΒΓ
324 2931 343 2955 ς
367 2921 560 2964 πειρῶντες
573 2921 631 2952 Ma
657 2919 669 2963 ΙΙ
696 2921 715 2953 2
741 2916 963 2963 προςελεύσει
988 2914 1228 2960 Εραη.11βού-
1298 2917 1346 2948 B³
1363 2916 1375 2959 ΙΙ
1393 2911 1557 2949 αὐτόθεν
1577 2936 1620 2940 -
1642 2919 1681 2951 31
1705 2918 1862 2961 ἐφιέντα]
1887 2930 1925 2951 ex
1950 2920 2010 2952 hac
2034 2920 2106 2962 lege
2131 2921 2298 2953 sufficiant
2322 2921 2368 2952 eis

156 2964 287 2998 λεσθαι
309 2962 472 3008 τετράκις
494 2964 668 3010 παράγειν
692 2965 801 3007 Epan.
828 2964 840 3008 ΙΙ
870 2966 888 2997 5
914 2959 1003 3007 παρ’
1031 2958 1140 2995 αὐτοῦ
1166 2962 1229 2994 τοῦ
1298 2962 1376 2993 haec
1393 2971 1477 3002 quae
1493 2962 1649 3004 permissa
1665 2967 1744 2994 sunt
1759 2974 1779 2998 ς
1796 2962 1808 3006 ΙΙ
1825 2964 1864 2996 31
1880 2963 1948 2997 τὸν
1961 2978 2018 2997 om.
2032 2965 2116 3006 L(;)
2134 2965 2146 3008 ΙΙ
2164 2966 2207 2998 32
2219 2966 2297 2998 ταῖς
2309 2978 2367 2998 om.

156 3012 264 3052 Epan.
283 3009 296 3052 ΙΙ
320 3011 340 3042 6
364 3008 587 3054 παράγοντος
610 3011 718 3052 Epan.
736 3008 747 3050 ΙΙ
767 3011 826 3041 καὶ
850 3022 906 3041 om.
922 3020 951 3049 ς,
981 3010 1040 3040 καὶ
1065 3027 1106 3031 -
1132 3010 1149 3040 7
1176 3008 1228 3039 ἐκ·
1297 3007 1365 3039 LB
1382 3007 1393 3048 Η
1413 3007 1454 3040 33
1472 3003 1531 3038 διὰ
1545 3004 1676 3050 χρόνου
1691 3007 1748 3047 M]
1774 3004 1833 3040 διὰ
1846 3009 1982 3051 μακροῦ
2002 3010 2031 3041 L
2056 3006 2115 3042 διὰ
2131 3010 2267 3053 μακροῦ
2287 3007 2367 3053 χρό-

156 3052 332 3097 λαβόντος
356 3067 412 3087 om.
427 3056 535 3097 Epan.
560 3055 572 3097 11
598 3057 615 3087 7
642 3051 876 3097 ἐκβάλλοντος
900 3054 948 3085 B⁸
971 3066 999 3085 v.
1014 3054 1033 3085 l.
1056 3052 1068 3095 ss
1091 3052 1230 3085 τούτοις
1296 3063 1358 3084 νου
1383 3052 1418 3084 Β
1434 3051 1446 3095 ΙΙ
1465 3052 1508 3084 34
1532 3048 1648 3084 αὐτοῖς
1672 3052 1715 3093 L,
1740 3065 1798 3085 om.
1813 3053 1848 3085 Β
1866 3053 1877 3095 ΙΙ
1896 3055 1937 3086 36
1959 3049 2244 3099 ὡμολογημένων
2268 3054 2320 3087 ΒΤ

156 3101 264 3142 Epan.
282 3098 294 3142 ΙΙ
313 3100 332 3133 8
351 3099 575 3143 προςίεσθαι]
601 3100 713 3132 adesse
730 3112 748 3135 ς
765 3100 778 3142 ΙΙ
796 3101 815 3133 9
831 3099 908 3131 τῶν
928 3099 1128 3143 προτέρων]
1152 3097 1230 3130 τῶν

155 3141 350 3188 μαρτύρων
372 3144 448 3176 τῶν
472 3146 659 3189 προτέρων
685 3144 735 3177 ΒΤ
754 3144 766 3187 ΙΙ
795 3146 854 3176 καὶ
877 3140 943 3185 ἤδη
1035 3144 1075 3176 13
1100 3141 1229 3175 ἐπιθυ-

155 3191 225 3232 μεῖ]
251 3184 274 3221 ὃ
291 3190 483 3233 συμφέρειν
500 3186 661 3232 ἐνόμιζεν
679 3185 786 3230 αὐτῷ,
811 3186 833 3231 ἢ
852 3191 910 3220 καὶ
931 3187 1168 3230 προςθέντων
1187 3185 1228 3220 τὸ

157 3231 375 3279 ἀσύμφορον,
408 3235 537 3267 ἐκεῖνος
566 3234 626 3276 τῆς
655 3234 733 3267 τῶν
755 3232 1066 3278 μαρτυρηθέντων
1099 3233 1229 3278 ἐμπρο-

157 3278 251 3312 σθεν
267 3277 568 3323 ἐπανορθώσεως,
593 3275 672 3311 ἀλλ’
693 3274 734 3312 οὗ
750 3281 867 3323 χρείας
883 3276 989 3319 ἄλλης
1004 3279 1108 3310 ἕνεκα
1127 3287 1229 3321 προς-

156 3323 371 3368 εξευρίσκειν
394 3323 575 3369 μάρτυρας
598 3322 805 3367 ἐμελέτησεν
829 3325 937 3367 Epan.
954 3324 966 3367 ΙΙ
986 3322 1148 3377 φανερῶς
1168 3323 1199 3355 L

160 3373 200 3403 10
215 3371 416 3413 γινομένων
432 3371 478 3402 13⁸
495 3369 506 3413 ΙΙ
531 3368 752 3414 παραγωγὴν
766 3368 817 3402 ΒΤ
831 3369 842 3412 ΙΙ
870 3371 905 3403 11
927 3364 948 3410 ἢ
965 3370 1016 3408 ου]
1041 3365 1063 3410 ἢ
1084 3381 1142 3400 om.
1158 3369 1204 3400 B⁸

577 3416 583 3422 '
823 3414 835 3457 ΙΙ
860 3409 879 3446 ὁ
906 3411 1130 3458 παραγαγών
1151 3413 1229 3456 μὲν]

1345 3144 1359 3174 1
1386 3140 1754 3182 interappellationibus
1780 3142 1829 3174 R¹
1852 3142 1864 3185 H
1888 3144 1985 3176 nouis
2008 3145 2114 3178 RVT
2134 3145 2146 3188 ΙΙ
2171 3146 2191 3179 2
2215 3145 2367 3186 inportu-

1296 3186 1389 3218 nium
1407 3186 1452 3218 R¹
1473 3185 1484 3229 ΙΙ
1501 3186 1618 3218 ducere
1639 3186 1672 3218 R
1687 3185 1699 3229 ΙΙ
1726 3187 1745 3220 3
1767 3187 1829 3218 hoc
1850 3188 1882 3219 R
1899 3187 1911 3230 ss
1938 3191 1957 3222 5
1978 3189 2106 3222 aditum
2131 3190 2160 3221 R
2179 3188 2191 3232 ΙΙ
2213 3191 2233 3222 6
2251 3191 2367 3222 utan-

1296 3234 1352 3264 tur
1378 3231 1427 3264 T¹
1454 3230 1466 3275 ΙΙ
1490 3231 1548 3262 hos
1571 3231 1670 3274 vulq]
1695 3232 1756 3262 hoo
1773 3231 1805 3263 R
1829 3231 1909 3264 haec
1932 3233 1994 3266 VT
2015 3232 2028 3277 ΙΙ
2052 3236 2070 3267 ’7
2095 3234 2280 3276 suscipione
2301 3234 2327 3267 V
2356 3232 2369 3277 ΙΙ

1297 3275 1421 3309 relictis
1442 3288 1499 3308 om.
1515 3276 1547 3308 R
1563 3275 1575 3318 11
1602 3277 1621 3309 8
1646 3286 1758 3307 eorum
1780 3276 1908 3320 Tvulq.
1927 3276 1939 3320 Ι]
1966 3279 2007 3311 10
2031 3287 2099 3310 non
2123 3278 2162 3311 de
2186 3278 2369 3310 testificatis

1296 3321 1446 3363 (teficatis
1467 3321 1528 3361 V¹)
1560 3321 1593 3353 V
1615 3319 1627 3363 ΙΙ
1654 3320 1877 3353 additamento
1904 3322 1936 3354 T
1967 3322 2169 3355 aditamento
2190 3323 2240 3355 V²
2274 3323 2368 3355 addi-

1296 3368 1407 3399 mento
1432 3366 1464 3398 T
1472 3365 1483 3385 ¹
1511 3365 1735 3397 additamenta
1765 3365 1813 3398 V²
1824 3366 1884 3407 ΤΞ,
1909 3379 1990 3400 corr.
2004 3369 2090 3411 vulq.
2116 3368 2128 3411 ΙΙ
2152 3369 2271 3400 horum
2295 3368 2329 3401 R
2359 3366 2364 3411 1

1299 3414 1336 3445 11
1362 3410 1605 3443 emendationes
1626 3409 1658 3441 R
1677 3409 1688 3452 ΙΙ
1708 3411 1747 3443 15
1772 3411 1818 3442 tffi
1839 3410 1929 3443 RV²
1946 3411 1958 3454 ΙΙ
1978 3414 2017 3446 16
2036 3413 2161 3445 dudum
2184 3413 2288 3445 tercio
2304 3412 2338 3445 R
2360 3412 2364 3456 Ι

1301 3459 1338 3491 17
1353 3467 1411 3498 per
1430 3468 1487 3488 om.
1503 3454 1549 3487 13²
1565 3454 1577 3498 ΙΙ
1596 3454 1890 3496 *disputationem
1907 3456 2158 3499 dispositionem
2175 3458 2251 3491 libri
2267 3457 2280 3499 ΙΙ
2295 3467 2371 3500 pro-

1298 3501 1428 3534 duxerit
1451 3500 1484 3533 V
1501 3499 1513 3543 ΙΙ
1538 3501 1576 3534 18
1602 3499 1710 3531 desint
1730 3499 1786 3540 VH
1810 3501 1848 3533 21
1876 3504 2055 3543 pei-cutus
2076 3501 2155 3546 V¹ss
2182 3502 2224 3535 23
2250 3501 2372 3535 donum

1301 3548 1351 3580 Ta
1368 3546 1373 3590 1
1399 3547 1441 3579 24
1454 3545 1533 3577 fecit
1554 3543 1607 3587 Vu
1627 3545 1668 3578 25
1683 3544 1744 3576 hoo
1765 3545 1811 3585 V]
1837 3546 1974 3579 omRT
1986 3546 1998 3589 ΙΙ
2016 3556 2082 3579 non
2101 3559 2159 3580 om.
2173 3546 2217 3579 T¹
2234 3546 2246 3590 ΙΙ
2263 3547 2374 3580 uoluit

1302 3592 1348 3625 T¹
1383 3593 1388 3635 Ι
1413 3592 1452 3624 27
1478 3588 1648 3632 imperiale
1674 3588 1726 3621 Ta
1749 3587 1761 3631 ΙΙ
1789 3599 1884 3630 agere
1905 3590 1954 3623 V¹
1982 3590 1993 3634 ΙΙ
2018 3592 2060 3624 30
2086 3593 2166 3632 esse]
2191 3592 2291 3623 etiam
2312 3592 2347 3625 V
2363 3590 2376 3637 ΙΙ

1300 3639 1338 3671 31
1365 3635 1413 3677 ut]
1439 3637 1496 3667 aut
1520 3635 1572 3667 Ta
1591 3633 1603 3677 ΙΙ
1625 3633 1686 3665 hae
1709 3632 1743 3665 R
1761 3632 1773 3676 ΙΙ
1795 3636 2010 3676 protrahatur
2043 3636 2092 3669 V¹
2112 3636 2124 3678 ΙΙ
2149 3637 2192 3670 32
2215 3635 2377 3669 uelociter

1307 3681 1360 3725 Vll
1380 3679 1615 3758 &kaestimauit
1635 3678 1669 3711 V
1686 3676 1699 3721 11
1724 3679 1765 3712 36
1791 3678 1836 3712 tffi
1861 3680 1891 3713 R
1909 3679 1985 3723 {lest
2006 3692 2064 3714 om.
2082 3680 2130 3713 R¹
2150 3679 2250 3724 ssetsi]
2275 3680 2305 3713 si
2327 3681 2375 3713 R¹

1299 3727 1328 3760 si
1355 3728 1387 3758 et

161 3416 199 3448 13
224 3413 387 3460 ἐπιθυμῇ
414 3427 480 3448 cum
507 3416 687 3458 Scrzmyero
713 3414 795 3454 vulq.

158 3459 320 3492 deducens
345 3459 477 3501 quidem
501 3462 597 3493 testes
621 3471 640 3495 ς
657 3459 668 3502 ss
687 3457 853 3502 ἐκβάλλω
870 3458 918 3491 L¹
936 3458 948 3501 ΙΙ
974 3460 1015 3492 14
1037 3454 1148 3490 *οὐδὲ
1170 3454 1229 3490 αὐ-

158 3503 217 3537 τὸς
239 3501 327 3538 οὐδέ
347 3515 399 3537 τις
425 3506 500 3539 libri
516 3505 528 3549 ΙΙ
548 3506 587 3538 16
612 3502 823 3546 *ποιήσοιτο
847 3505 922 3537 libri
935 3502 948 3548 ΙΙ
969 3505 1008 3538 18
1026 3500 1092 3536 τὸν
1107 3503 1207 3536 om.L

163 3551 202 3582 19
215 3547 429 3595 παράγοντα
442 3551 490 3583 Βε
502 3564 530 3583 υ.
547 3551 566 3583 l.
584 3550 596 3593 11
622 3552 664 3583 20
684 3549 799 3582 ταῦτα
812 3550 926 3590 LB‘c]
951 3545 1098 3582 ταύταις
1111 3548 1203 3581 ΜΒΓ

161 3594 200 3627 21
216 3591 373 3637 ταύτην]
405 3595 467 3628 hoe
492 3607 511 3632 ς
533 3595 545 3639 11
572 3596 614 3629 22
640 3592 822 3638 ἐξήλειφεν
846 3594 894 3627 Β8
918 3593 930 3629 ΙΙ
954 3591 1035 3627 οὔτε
1060 3593 1118 3635 ΒΓ,
1130 3594 1228 3627 schol.

159 3639 281 3680 Epan]
305 3635 386 3672 οὐδὲ
408 3641 532 3674 MLB³
565 3639 569 3684 Ι
597 3641 638 3674 23
662 3638 744 3673 οὔτε
768 3636 874 3672 αὐτὸς
896 3636 978 3672 οὔτε
1000 3639 1097 3672 schol.
1107 3639 1230 3681 Epan]

160 3679 243 3715 οὐδὲ
258 3680 362 3717 αὐτὸς
378 3680 459 3718 οὐδὲ
472 3686 543 3718 ML
600 3684 612 3730 ΙΙ
627 3695 680 3718 τις
694 3681 716 3726 ἢ
732 3680 935 3729 συνήγορος]
955 3682 1078 3725 aliquis
1093 3683 1230 3716 advoca—

159 3729 270 3761 torum
285 3727 355 3762 eius
378 3741 396 3765 ς
412 3729 425 3774 ΙΙ
443 3732 484 3765 25
503 3732 607 3774 τέχνη
625 3731 655 3763 L
672 3729 685 3774 11
709 3731 749 3764 27
764 3726 1061 3775 ἐπαγγελομέναις
1073 3729 1124 3772 (ez-
1136 3730 1230 3771 corr.)

238 3783 288 3811 111.
2064 3783 2105 3816 57
