2618 4010
119 424 142 459 9
165 422 322 467 quinque
345 423 609 457 memorialibus
633 422 670 457 in
696 423 864 458 scrinium
890 434 993 458 suum
1019 424 1176 458 officium
1201 423 1374 458 adiutoris
1400 424 1622 468 impleturus.

95 833 136 866 11

117 1860 135 1892 1

116 2309 140 2345 3
165 2313 200 2343 et
225 2309 417 2343 avunculos
442 2314 477 2343 et
501 2312 722 2349 materteras,
757 2321 827 2343 non
852 2314 972 2344 autem
1004 2311 1050 2345 ad
1074 2310 1162 2344 alios
1195 2311 1395 2353 superiores
1421 2310 1621 2353 agnationis
1654 2319 1717 2344 seu
1743 2310 1963 2353 cognationis
1988 2311 2132 2353 gradus.

165 143 225 174 UT
253 144 303 173 111
334 141 411 180 QUI
440 143 487 172 IN
515 140 681 173 AFRICA
711 136 825 173 SUNT

1243 126 1326 173 243

119 243 141 277 8
164 242 320 276 iutorum
354 241 431 277 sine
463 241 536 276 ulla
569 240 782 277 confusione
814 242 1048 286 permanebit.
1110 241 1179 277 Sed
1211 242 1295 286 quia
1326 241 1488 276 volumus
1522 243 1605 276 ante
1637 239 1727 275 alios
1759 239 1796 275 in
1821 239 2025 276 deficientia
2051 251 2275 287 quocumque
2298 240 2404 277 modo

164 288 246 322 loca
271 297 331 322 eos
356 286 491 327 taxari,
523 287 584 331 qui
606 287 643 321 in
672 287 790 330 legum
815 287 1040 323 confectione
1071 290 1156 322 tuae
1181 286 1393 322 sublimitati
1418 297 1521 322 suum
1546 285 1779 321 ministerium
1803 288 2063 330 praebuerunt,
2095 287 2133 322 id
2161 291 2216 322 est
2240 286 2403 322 Theodo-

164 333 255 368 sium
282 334 316 367 et
336 332 541 377 Epictetum
567 334 602 367 et
623 332 811 376 Quirillum
837 335 872 367 et
897 333 1103 368 Sabbatium
1130 334 1165 367 et
1184 332 1390 376 Perigenen,
1417 332 1485 367 hoc
1509 331 1560 368 eis
1585 331 1769 373 donamus,
1795 334 1835 365 ut
1860 331 2050 367 offerentes
2076 336 2246 368 centenos
2267 331 2403 367 solidos

163 379 247 412 ante
270 378 359 412 alios
384 387 505 413 omnes
529 377 566 412 in
590 378 671 412 loca
696 378 896 413 adiutorum
922 378 982 423 qui
1007 389 1073 413 sua
1099 380 1226 423 sponte
1250 377 1416 412 recedere
1441 377 1631 412 maluerint
1655 376 1818 416 subeant,
1852 376 1988 411 scilicet
2009 378 2254 422 unusquisque
2279 387 2323 412 ex
2346 377 2402 412 his

1678 421 1743 456 Illo
1770 421 1876 455 etiam
1901 422 2121 457 observando
2147 426 2197 465 ut,
2230 423 2297 458 etsi
2322 423 2401 468 quis

165 479 207 502 ex
231 467 354 511 viginti
379 478 442 503 sex
467 468 691 502 adiutoribus
717 469 762 503 ab
788 469 856 503 hac
881 469 959 503 luce
983 469 1092 503 fuerit
1116 469 1335 510 subtractus,
1361 468 1397 502 in
1423 479 1508 503 suos
1532 467 1679 503 heredes
1703 465 1759 501 vel
1779 466 1922 510 liberos,
1948 467 2033 502 licet
2052 468 2200 503 heredes
2226 479 2296 503 non
2319 468 2401 511 sint,

164 512 366 548 huiusmodi
390 513 602 548 beneficium
627 514 857 556 transmittat,
890 518 930 548 ut
953 514 988 548 in
1013 515 1132 548 locum
1157 514 1231 548 eius
1257 513 1349 548 alius
1374 513 1515 548 adiutor
1540 513 1763 557 subrogetur,
1795 512 1953 547 centenis
1980 513 2119 556 quidem
2144 513 2265 548 solidis
2290 514 2335 549 ab
2361 524 2403 549 eo

165 557 370 599 offerendis,
404 569 469 602 pro
494 561 653 602 tempore
686 563 804 594 autem
830 560 1081 594 sublimissimo
1113 562 1303 603 quaestore
1328 559 1535 593 electionem
1568 558 1643 593 eius
1669 557 1730 601 qui
1754 557 1970 601 subrogetur
1994 558 2190 593 secundum
2223 559 2318 602 quod
2342 569 2401 594 su-

97 605 140 639 10
164 603 283 647 perius
310 603 444 638 dictum
469 607 523 638 est
547 603 713 639 faciente.
762 605 1049 648 Praerogativam
1075 608 1212 645 autem,
1245 615 1351 647 quam
1384 604 1539 648 quinque
1563 602 1828 638 memorialibus
1861 603 2009 647 speciali
2032 603 2191 638 dedimus
2215 603 2402 646 beneficio,

162 649 213 682 ita
238 649 287 682 eis
313 648 504 691 donamus,
531 649 561 683 si
585 650 643 684 ille
668 650 728 693 qui
753 650 894 684 deficiat
919 661 990 684 non
1014 650 1182 684 habuerit
1206 649 1317 684 filium
1342 650 1412 684 iam
1437 650 1575 691 utilem,
1608 649 1679 683 iam
1702 648 1870 683 idoneum
1895 648 1941 682 ad
1965 648 2205 692 peragendum
2229 649 2402 685 adiutoris
2432 652 2470 684 10

163 693 319 727 officium
344 696 380 728 et
404 704 425 728 a
449 705 513 738 pro
539 697 698 739 tempore
721 695 974 739 gloriosissimo
1001 698 1188 739 quaestore
1214 695 1437 739 aptissimum
1470 694 1664 730 secundum
1696 693 1916 738 praedictam
1949 693 2234 729 observationem
2265 694 2401 730 iudica-

162 742 253 781 tum;
290 739 397 773 talem
422 740 514 773 enim
546 739 655 774 filium
681 740 801 784 sperni
835 742 870 774 et
904 741 950 774 ad
974 741 1082 774 alium
1107 740 1278 774 advenam
1310 740 1495 784 pervenire
1527 740 1614 775 satis
1646 739 1775 773 durum
1799 742 1906 784 atque
1929 739 2162 774 inhumanum
2187 743 2252 775 est.

2312 739 2402 775 Aliis

161 783 325 818 videlicet
349 784 512 820 omnibus
538 785 568 819 si
593 795 684 829 quae
706 785 743 819 in
766 785 958 829 praedictis
986 785 1302 820 constitutionibus
1328 786 1555 820 continentur
1578 785 1614 819 in
1639 795 1703 819 suo
1730 784 1860 819 robore
1884 784 2107 820 durantibus.

297 828 396 872 Quae
426 830 533 874 igitur
564 833 688 865 nostra
720 830 838 865 sanxit
870 831 1075 872 aeternitas,
1110 830 1298 865 sinceritas
1329 834 1392 865 tua
1424 831 1564 866 scriniis
1597 841 1748 875 quorum
1779 829 1961 874 <interest>
1986 829 2218 865 manifestare
2246 829 2401 871 festinet,

161 875 336 918 quatenus
359 875 474 909 sciant
498 879 533 910 et
561 886 651 920 quae
669 886 691 911 a
711 879 833 910 nostra
858 876 1043 910 maiestate
1066 875 1238 920 disposita
1260 879 1342 910 sunt
1367 877 1401 911 et
1421 879 1593 921 quantum
1618 876 1670 911 eis
1690 875 1843 910 accessit
1868 885 1912 910 ex
1929 879 1992 910 tua
2012 874 2238 920 suggestione
2258 878 2400 911 nostra·
2431 878 2471 910 15

162 929 229 963 que
253 919 477 956 liberalitate.

298 965 381 1000 Dat.
406 976 442 1000 x.
469 966 540 1002 kal.
566 965 644 1001 Iun.
671 965 739 1001 GP.
765 965 940 1001 Belisario
965 977 994 1001 v.
1023 977 1052 1001 c.
1081 976 1177 1000 cons.

1195 1143 1361 1179 XXXVI.

2253 969 2299 1008 [α.
2325 968 2401 1007 535]

2083 1147 2192 1183 Auth.
2213 1145 2404 1181 XXXVIII

233 1216 285 1263 R
326 1215 421 1264 UT
458 1215 532 1263 HI
569 1214 690 1273 QUI
725 1214 799 1263 IN
834 1214 1085 1263 AFRIGA
1125 1213 1304 1263 SUNT
1340 1214 1553 1263 INTRA
1591 1174 2129 1275 QUINQUENNIUM
2165 1215 2323 1269 COM-

239 1281 599 1331 PETENTES
637 1281 772 1331 SIBI
807 1282 933 1331 RES
970 1281 1198 1341 USQUE
1235 1282 1330 1330 AD
1353 1280 1638 1332 OERTUM
1673 1282 1966 1333 GRADUM
1992 1284 2319 1334 DEBEANT

1051 1349 1431 1399 VINDICARE
1462 1351 1515 1399 R

957 1428 1054 1463 Idem
1083 1428 1125 1463 A.
1152 1427 1337 1463 Salomoni
1360 1439 1419 1474 pp.
1444 1428 1601 1463 Africae.

296 1494 406 1530 Omne
430 1494 607 1529 infinitum
632 1497 667 1529 et
690 1505 878 1540 perperam
903 1495 1055 1530 effusum
1079 1497 1205 1532 merito
1233 1500 1269 1532 et
1293 1496 1433 1531 incivile
1457 1499 1493 1530 et
1515 1496 1792 1540 incompositum
1824 1505 1903 1531 esse
1928 1495 2112 1532 credentes
2139 1497 2244 1532 certis
2270 1497 2403 1532 finibus

160 1542 302 1574 nostras
335 1540 494 1575 actiones
525 1540 677 1575 limitare
711 1551 907 1575 censemus.

967 1542 1092 1586 Nuper
1121 1543 1242 1587 itaque
1273 1543 1310 1577 in
1335 1542 1461 1576 Africa
1485 1545 1628 1583 nostra,
1661 1551 1764 1585 quam
1791 1542 1877 1577 deus
1904 1541 2087 1577 Romanae
2112 1541 2245 1577 dicioni
2269 1543 2403 1578 nostris

160 1585 284 1628 vigiliis
310 1585 521 1628 subiugavit,
555 1596 694 1620 sacram
726 1586 985 1630 pragmaticam
1019 1588 1238 1623 sanctionem
1271 1587 1590 1632 promulgavimus,
1625 1589 1665 1621 ut
1690 1597 1811 1622 omnes
1845 1597 1935 1631 quae
1959 1587 2031 1622 iam
2058 1587 2290 1623 Uuandalicis
2314 1590 2402 1623 tem-

160 1631 306 1674 poribus
332 1631 525 1665 amiserunt
561 1641 603 1665 ea
628 1631 767 1675 possint
793 1642 814 1666 a
839 1632 1122 1668 detentatoribus
1145 1633 1286 1668 iniustis
1311 1638 1385 1667 tam
1409 1633 1619 1667 abstrahere
1641 1643 1747 1676 quam
1767 1632 1908 1667 sibimet
1929 1632 2120 1676 vindicare,
2146 1636 2183 1668 et
2203 1633 2401 1678 quinquen-
2428 1638 2469 1670 25

162 1676 240 1710 nale
264 1676 417 1720 spatium
443 1676 630 1710 statuimus
655 1677 751 1711 intra
777 1677 871 1720 quod
895 1677 1021 1712 liceret
1044 1678 1113 1713 hoc
1136 1678 1266 1713 facere.

1317 1679 1430 1722 Quam
1455 1678 1676 1713 sanctionem
1700 1677 1738 1712 in
1762 1688 1826 1712 suo
1853 1677 1995 1722 quidem
2019 1679 2148 1713 robore
2172 1688 2317 1713 manere
2340 1690 2401 1714 vo-

160 1721 288 1761 lumus,
314 1721 376 1756 sed
403 1732 481 1756 cum
508 1725 604 1756 certo
627 1722 865 1757 moderamine
892 1725 1059 1766 certaque
1084 1723 1301 1765 definitione,
1329 1727 1369 1758 ut
1392 1735 1464 1758 non
1489 1723 1597 1758 liceat
1610 1723 1706 1757 Afris
1733 1725 1805 1757 tam
1829 1723 1970 1767 prolixa
1990 1724 2193 1758 annositate
2218 1724 2341 1769 elapsa
2366 1725 2403 1758 et

160 1766 315 1810 antiquis
341 1766 531 1810 generibus
557 1777 671 1811 paene
697 1768 821 1802 deletis
848 1769 1044 1803 calumnias
1072 1773 1208 1804 veteres
1234 1770 1449 1804 resuscitare
1474 1771 1510 1804 et
1530 1769 1678 1804 invicem
1704 1768 1772 1803 sibi
1795 1768 1979 1804 molestias
2003 1769 2165 1813 ingerere
2190 1771 2226 1805 et
2242 1769 2280 1804 in
2300 1772 2403 1805 tanta

161 1822 250 1855 pace
276 1812 369 1846 bella
391 1822 512 1854 gerere
537 1811 716 1847 intestina.

2083 130 2190 173 Nov.
2222 129 2406 172 XXXVI

2427 425 2447 456 5

2427 1358 2470 1391 20

295 1857 365 1891 Per
388 1857 482 1892 hanc
507 1857 628 1902 itaque
651 1858 762 1902 legem
789 1858 977 1901 sancimus,
1010 1859 1039 1894 si
1066 1859 1144 1903 quis
1169 1859 1382 1904 praetendat
1405 1870 1461 1894 res
1487 1859 1543 1894 vel
1566 1859 1612 1893 ad
1637 1869 1675 1893 se
1709 1858 1764 1893 vel
1788 1858 1835 1893 ad
1858 1862 1997 1903 patrem
2022 1869 2125 1894 suum
2149 1859 2204 1894 vel
2228 1859 2275 1895 ad
2299 1869 2402 1896 avum
2427 1865 2470 1897 30

160 1902 338 1945 pertinere
363 1907 398 1937 et
421 1903 541 1947 inique
566 1907 690 1938 contra
721 1904 815 1947 leges
842 1908 981 1939 nostras
1014 1905 1058 1938 ab
1085 1905 1162 1939 aliis
1189 1905 1351 1947 detineri,
1385 1915 1493 1949 posse
1518 1915 1578 1939 eas
1604 1914 1832 1949 recuperare,
1866 1904 2003 1940 scilicet
2026 1908 2133 1939 antea
2156 1905 2225 1948 legi
2251 1906 2403 1949 cognitis

162 1947 431 1991 probationibus
456 1949 647 1992 praestitis,
682 1950 736 1984 vel
763 1949 807 1983 ab
832 1949 1077 1985 instrumentis
1102 1950 1265 1994 legitimis
1291 1950 1482 1985 recitandis
1511 1950 1565 1984 vel
1590 1960 1611 1984 a
1635 1950 1786 1984 testibus
1811 1949 1948 1984 idoneis
1973 1949 2166 1985 educendis
2191 1953 2227 1986 et
2251 1961 2403 1996 quorum

160 1992 315 2035 gravitas
346 1993 522 2028 iudicibus
554 1995 787 2038 acceptabilis
814 1995 871 2035 sit,
905 1994 1068 2030 videlicet
1094 1996 1325 2039 cognitionali
1359 1995 1553 2030 certamine
1577 1995 1730 2039 agitato:
1769 1998 1805 2030 et
1829 1995 1973 2030 extendi
2005 1995 2098 2030 hanc
2130 1998 2290 2031 nostram
2315 2007 2400 2032 con-

114 2039 137 2073 2
164 2038 383 2073 stitutionem
408 2039 653 2074 tantummodo
677 2040 723 2074 ad
747 2043 868 2084 patres
895 2044 929 2074 et
954 2051 1050 2082 avos,
1084 2052 1155 2076 non
1180 2046 1297 2075 autem
1322 2041 1368 2075 ad
1392 2042 1501 2075 alium
1524 2040 1673 2084 gradum
1699 2040 1927 2085 superiorem.
1985 2040 2034 2074 Et
2057 2041 2126 2076 hoc
2150 2041 2187 2076 in
2212 2044 2403 2086 utrumque

161 2083 324 2118 videlicet
347 2094 469 2118 sexum
495 2085 684 2126 sancimus,
716 2089 756 2118 ut
781 2085 876 2130 quod
901 2096 1005 2119 suum
1030 2086 1084 2120 vel
1109 2086 1153 2120 ad
1177 2091 1315 2130 patrem
1347 2087 1401 2120 vel
1425 2090 1574 2120 matrem
1599 2086 1652 2120 vel
1676 2096 1780 2120 avum
1812 2085 1868 2120 vel
1892 2086 2006 2120 aviam
2031 2086 2181 2131 quisque
2206 2087 2282 2122 eius
2306 2098 2401 2122 mas-
2427 2091 2468 2124 35

161 2128 263 2163 culus
289 2129 362 2163 sive
387 2130 517 2163 femina
541 2130 758 2174 pertinuisse
784 2130 992 2171 ostenderit,
1018 2131 1086 2166 hoc
1113 2132 1157 2165 ab
1184 2132 1325 2166 iniustis
1351 2131 1633 2166 detentatoribus
1658 2131 1857 2173 abstrahat,
1889 2130 2058 2166 ulteriore
2082 2131 2314 2176 requisitione
2338 2143 2400 2177 pe-

161 2173 256 2208 nitus
282 2174 503 2217 quiescente,
537 2175 616 2219 (ne)
641 2176 718 2218 quis
744 2186 915 2219 proavum
941 2187 1043 2210 suum
1069 2177 1123 2211 vel
1148 2178 1299 2211 abavum
1332 2177 1386 2210 vel
1409 2180 1570 2218 atavum,
1603 2176 1658 2210 vel
1682 2176 1864 2220 proaviam
1895 2175 1949 2210 vel
1973 2176 2136 2211 abaviam
2168 2178 2223 2212 vel
2247 2178 2401 2212 ataviam

159 2218 332 2254 inducens
357 2220 506 2254 miserae
531 2220 732 2263 posteritati
757 2221 957 2255 calumniae
982 2222 1161 2256 cumulum
1185 2221 1333 2262 ingerat.

1394 2221 1543 2265 Hocque
1569 2224 1602 2254 et
1626 2220 1663 2254 in
1688 2225 1894 2255 transversa
1924 2221 2019 2255 linea
2050 2221 2233 2256 observari
2261 2223 2400 2267 praeci-

161 2263 290 2308 pimus,
315 2268 356 2298 ut
380 2274 493 2308 usque
517 2265 563 2298 ad
587 2265 730 2299 tertium
754 2266 903 2308 gradum
928 2266 1174 2300 tantummodo
1198 2270 1322 2307 stetur,
1347 2265 1383 2299 id
1400 2269 1454 2300 est
1475 2266 1520 2299 ad
1536 2265 1668 2300 fratres
1691 2267 1726 2299 et
1745 2275 1947 2308 germanas,
1971 2266 2016 2300 ad
2036 2268 2186 2310 patruos
2208 2270 2243 2301 et
2260 2268 2399 2309 amitas,

162 2353 364 2388 huiusmodi
390 2354 632 2398 quaestionem
658 2354 796 2388 deferre
822 2355 868 2388 sit
889 2359 1048 2398 paratus,
1075 2366 1146 2389 non
1171 2355 1266 2396 alibi,
1302 2355 1364 2389 sed
1389 2355 1433 2389 ad
1458 2354 1628 2389 iudicium
1651 2354 1877 2390 sublimitatis
1904 2357 1990 2390 tuae
2014 2356 2069 2391 vel
2092 2356 2295 2400 praesidum
2316 2368 2400 2401 pro-

163 2399 358 2433 vinciarum
382 2402 423 2450 et·
441 2399 636 2433 insularum
661 2399 784 2434 stricto
810 2399 940 2434 iudicio
966 2400 1143 2451 celebrato
1170 2399 1372 2435 huiusmodi
1395 2400 1569 2444 praebeat
1592 2399 1839 2452 probati-ones,
1860 2402 1896 2434 et
1916 2411 1987 2452 non
2007 2410 2052 2435 ex
2071 2411 2143 2436 una
2161 2404 2264 2446 parte
2284 2413 2399 2447 neque

162 2444 199 2478 in
223 2444 301 2479 aliis
326 2444 517 2489 provinciis
548 2444 604 2479 vel
631 2445 668 2478 in
693 2445 761 2479 hac
785 2444 1037 2479 florentissima
1063 2446 1214 2488 civitate,
1241 2445 1303 2480 sed
1326 2444 1572 2480 tantummodo
1597 2456 1634 2479 m
1659 2445 1783 2480 Afrlca
1807 2445 1971 2488 dioecesi,
1999 2447 2249 2490 praesentibus
2274 2447 2398 2483 adver-

207 2536 291 2569 Nov.
307 2535 454 2568 XXXVI
477 2536 533 2576 (=
554 2535 704 2569 Authent.
718 2535 914 2576 XXXVIII)
940 2536 1061 2569 Latine
1086 2543 1206 2568 tantum
1231 2542 1327 2568 extat.
1353 2554 1396 2559 —-
1421 2535 1512 2577 Epic.
1529 2536 1651 2568 Theod.
1666 2537 1708 2569 36
1729 2537 1817 2577 (inde
1838 2537 1870 2570 L
1890 2544 1920 2570 et
1940 2537 1975 2569 B
1988 2539 2043 2577 45,
2057 2545 2085 2577 6,
2102 2539 2143 2579 2),
2168 2539 2288 2571 Athan.
2308 2540 2360 2579 19,
2373 2547 2399 2572 2.

208 2637 227 2669 2
248 2636 372 2677 legum]
395 2636 502 2668 locum
520 2636 575 2667 uel
592 2636 702 2677 legum
726 2644 736 2669 t
754 2635 765 2679 ΙΙ
790 2636 1004 2668 sublimitatis
1022 2647 1117 2668 suum
1137 2636 1247 2668 miste-

162 2682 248 2713 rium
265 2689 276 2714 t
293 2681 305 2725 l]
323 2683 340 2715 3
364 2682 559 2724 epictectum
582 2682 615 2714 V
634 2683 797 2723 epicteum
819 2683 928 2725 tvulq.
949 2681 960 2724 ΙΙ
978 2681 1163 2722 quurillum
1186 2682 1220 2714 V
1236 2679 1247 2725 Η

162 2727 348 2758 sabbatium
368 2727 414 2766 V]
429 2727 589 2759 sabatium
604 2727 707 2760 Neob.
727 2727 892 2759 sabacium
911 2729 1017 2769 tvaly.
1039 2728 1049 2768 ΙΙ
1066 2726 1246 2768 perigenen

171 2772 322 2812 VNena]
345 2772 532 2814 perigencri
551 2779 562 2805 t
586 2771 598 2815 ΙΙ
622 2774 641 2805 4
660 2772 695 2803 in
717 2785 775 2804 om.
792 2773 902 2815 tvuly.
925 2772 935 2814 ΙΙ
958 2772 1114 2803 maluerit
1131 2779 1142 2804 t
1159 2771 1170 2814 ΙΙ
1196 2771 1248 2802 his

164 2829 222 2849 om.
238 2818 348 2860 tvuly.
369 2817 380 2860 Η
398 2820 416 2850 5
438 2818 473 2848 in
495 2817 618 2849 scrinio
637 2828 696 2849 suo
715 2818 805 2850 malit
818 2818 1005 2850 Zachariae
1024 2816 1035 2860 ΙΙ
1054 2817 1247 2858 impleturos

165 2863 244 2895 libri
262 2864 476 2903 (unoquoque
503 2882 544 2886 -—
569 2862 748 2904 impletum
773 2863 865 2895 malit
891 2863 1093 2903 Zachariae)
1122 2862 1133 2904 ΙΙ
1165 2864 1182 2894 7
1209 2863 1247 2893 ut

164 2920 222 2940 om.
245 2907 278 2940 V
299 2906 310 2950 ΙΙ
338 2907 423 2939 alius
445 2908 490 2947 V]
518 2921 575 2940 om.
591 2908 701 2950 tvuly.
730 2907 742 2950 ss
773 2909 792 2940 8
818 2910 877 2939 aut
901 2914 912 2940 t
937 2907 948 2950 ΙΙ
978 2909 1162 2948 questorem
1185 2908 1218 2939 V
1236 2906 1246 2949 ΙΙ

165 2951 326 2984 electione
342 2960 351 2984 t
367 2951 379 2996 ΙΙ
398 2952 578 2984 secundum
600 2953 670 2984 eius
691 2953 756 2990 (ius
778 2965 858 2984 corr.
882 2951 946 2992 Vb)
970 2953 1057 2993 quod
1080 2953 1108 2984 V
1122 2951 1133 2995 ΙΙ
1154 2955 1172 2984 ὲ)
1199 2952 1246 2983 fa-

163 2997 301 3028 tientem
323 2997 374 3030 Va
393 2996 404 3040 ΙΙ
425 2999 463 3029 10
479 2997 635 3029 habuerit
658 2997 703 3037 V]
724 2997 842 3028 habuit
862 2999 968 3040 tvuly.
999 2997 1010 3039 ΙΙ
1031 2999 1068 3030 11
1089 3009 1150 3040 pro
1165 3000 1246 3029 tcm—

163 3043 254 3083 pore]
272 3044 422 3082 praetore
446 3042 482 3085 ιΙΙ
510 3042 726 3083 aptissimum]
747 3044 794 3074 est
815 3043 891 3074 add.
908 3050 918 3074 ι
939 3044 1019 3082 (csse
1033 3044 1109 3075 add.
1123 3043 1222 3085 vuly.)
1236 3040 1248 3086 Η

163 3085 348 3117 iudicatum
368 3087 469 3129 vul9.]
492 3087 664 3118 iudicandi
686 3088 737 3119 Vt
765 3086 930 3118 iudicanti
951 3087 1054 3119 Neob.
1083 3088 1094 3128 ΙΙ
1126 3089 1166 3120 12
1191 3087 1247 3119 ad-

164 3133 293 3170 venam]
319 3130 524 3164 adueniamt
559 3142 678 3163 uenam
708 3132 741 3163 V
762 3131 773 3174 ΙΙ
810 3133 847 3164 14
873 3132 1011 3163 interest
1036 3133 1113 3164 add.
1126 3133 1210 3175 vuly.

168 3178 206 3209 15
228 3176 438 3216 suggessione
460 3176 489 3208 V
513 3177 524 3217 ΙΙ
558 3178 597 3210 16
623 3176 776 3208 libertate
799 3177 831 3207 V
853 3176 864 3218 ΙΙ
899 3178 935 3209 17
956 3179 1079 3210 subscr.
1105 3189 1163 3209 om.
1186 3178 1220 3210 V

165 3229 188 3253 X
214 3220 278 3252 kal.
304 3221 374 3252 iun.
399 3220 525 3260 (iunius
543 3221 661 3261 Neob.)
688 3221 831 3260 tNeob]
857 3230 923 3254 XVI
944 3221 1009 3253 kal.
1031 3222 1142 3253 iunias
1165 3222 1229 3255 Iul.

167 3270 236 3305 (om.
269 3266 331 3297 Iul.
365 3266 458 3298 codd.
486 3267 569 3306 cete.)
603 3264 673 3310 πρὸ
705 3263 731 3298 ι’
758 3263 952 3298 καλανδῶν
983 3264 1130 3299 ἰουλίων
1159 3268 1246 3309 ΑἱῘι.,

163 3313 249 3354 μηνὶ
275 3308 396 3351 ἰουλίῳ
419 3311 551 3351 Theod.‚
579 3319 604 3344 V
624 3310 688 3342 kal.
710 3311 786 3343 Iun.
807 3312 903 3354 vuly„
933 3319 985 3345 XV
1002 3311 1068 3343 kal.
1089 3313 1164 3344 Iun.
1179 3313 1246 3345 Za-

165 3357 299 3388 chariae
316 3358 325 3394 il
347 3355 425 3395 CR]
445 3366 513 3397 cap.
537 3363 547 3388 t
565 3354 575 3398 ΙΙ
594 3355 700 3387 bilisa.
723 3366 775 3387 uc.
798 3367 870 3387 con.
891 3355 1017 3389 tNeob.
1043 3358 1144 3395 (cons.
1167 3357 1246 3389 uili-

165 3401 246 3433 sarii
270 3400 374 3434 Ialstw
404 3397 558 3434 ὑπατίας
587 3398 795 3444 Βελισαρίου
817 3401 918 3440 Ath.)]
950 3399 1040 3444 μετὰ
1064 3400 1131 3444 τὴν
1154 3400 1244 3436 ὑπακ

163 3448 265 3478 τείαν
278 3443 489 3491 Βελισαριόυ
505 3447 623 3478 Theod.
638 3446 648 3487 j
667 3448 705 3477 18
716 3448 804 3478 rubr.
819 3458 877 3478 om.
891 3446 961 3478 Vin
975 3454 1056 3488 spat⁴
1069 3450 1087 3480 4
1101 3460 1247 3480 versuum

165 3491 260 3534 (περὶ
281 3491 359 3524 τῶν
380 3491 418 3524 ἐν
439 3488 586 3536 Ἀφρικῇ
613 3487 795 3531 διαδόχων
816 3491 948 3531 ΤΙιεοᾱ.,
973 3493 1054 3536 περὶ
1079 3492 1142 3524 τοῦ
1167 3490 1246 3525 τοὺς

165 3536 205 3567 ἐν
223 3533 370 3581 Ἀφρικῇ
389 3539 491 3580 μέχρι
510 3537 722 3570 πενταετίας
744 3534 787 3568 τὰ
806 3532 1056 3579 ἀφαιρεθέντα
1080 3533 1151 3569 ὑπὸ
1169 3538 1246 3570 τῶν
1280 3542 1281 3556 ¹

165 3577 367 3621 Βανδὴλων
382 3579 576 3626 πράγματα
594 3575 716 3612 αὐτῶν
732 3579 818 3613 εἴσω
837 3580 959 3623 ῥητῶν
972 3580 1138 3624 βαθμῶν
1154 3580 1245 3615 ἐκὸι-
1279 3587 1281 3596 ’

166 3626 240 3657 κεῖν
255 3627 343 3666 Ath.)
363 3626 375 3670 ΙΙ
400 3627 449 3658 hii
471 3626 593 3660 tNeob.
615 3625 626 3668 ΙΙ
644 3625 758 3657 affrica
773 3633 783 3658 t
801 3624 812 3668 ΙΙ
830 3629 1068 3667 competentem
1083 3634 1094 3659 t
1109 3626 1121 3669 ΙΙ
1142 3629 1181 3660 19
1197 3638 1247 3659 res
1280 3642 1281 3645 ¹

166 3679 269 3710 usque
292 3672 394 3713 vul9.]
426 3671 588 3713 rebusque
617 3672 693 3703 libri
716 3671 728 3713 ΙΙ
759 3674 885 3702 certum
906 3672 960 3714 (cf.
975 3671 1077 3712 Ath.)]
1110 3673 1246 3704 tertium

166 3716 251 3758 vuly.
269 3715 282 3758 l]
306 3717 346 3748 20
369 3716 517 3748 iudicare
541 3718 617 3749 libri
632 3715 645 3760 ss
671 3717 708 3748 21
732 3715 878 3748 salomon
896 3718 961 3758 ppo
983 3716 1037 3759 Vl}
1064 3717 1175 3749 affrice
1199 3719 1248 3750 Vt

1279 2978 1281 2984 .
1316 2952 1433 2984 robore
1446 2954 1590 2993 manere]
1606 2953 1724 2985 robore
1746 2954 1796 2986 Va
1817 2954 1972 2987 roborare
1994 2953 2042 2988 Vb

1318 2639 1363 2677 (et
1374 2637 1421 2669 sic
1429 2638 1567 2679 passim)
1583 2636 1594 2679 11
1615 2638 1656 2671 23
1682 2639 1809 2670 nostras
1830 2638 1976 2671 actiones
1995 2640 2095 2682 vuly]
2120 2649 2180 2671 nos
2201 2640 2399 2672 transactio-

1317 2692 1374 2713 nes
1389 2682 1466 2714 libri
1482 2682 1493 2723 ΙΙ
1510 2681 1656 2715 limitare
1674 2684 1916 2726 Osenbriiyqen]
1941 2683 2111 2717 militaret
2134 2684 2275 2717 militari
2296 2685 2373 2719 Val.
2388 2684 2401 2731 ΙΙ

1316 2726 1430 2758 affrica
1451 2727 1502 2759 Vt
1518 2726 1531 2770 ΙΙ
1556 2727 1635 2760 deus
1659 2738 1813 2760 romanae
1830 2729 2030 2769 Zachariae]
2057 2729 2115 2761 diu
2139 2730 2228 2762 roffie
2250 2730 2284 2763 V
2301 2730 2400 2763 diuae

1316 2772 1492 2804 memoriae
1507 2779 1517 2805 ι
1530 2773 1615 2816 vuly.
1636 2771 1648 2816 ΙΙ
1673 2774 1716 2807 24
1728 2784 1852 2805 sacram
1870 2774 1914 2814 V]
1929 2776 2074 2807 nostram
2095 2776 2202 2819 tvuly.
2220 2774 2232 2819 ΙΙ
2256 2776 2400 2809 sanctio-

1317 2819 1403 2857 nem]
1430 2830 1492 2849 non
1509 2825 1656 2850 servatur
1673 2818 1685 2861 ss
1710 2819 1768 2860 qui
1788 2826 1799 2851 t
1817 2818 1828 2862 ΙΙ
1851 2819 2060 2852 uuandalicis
2082 2820 2126 2861 V]
2151 2819 2337 2853 uandalicis
2358 2828 2370 2854 t
2389 2822 2401 2865 Η

1317 2864 1357 2895 25
1385 2861 1600 2894 ammiserunt
1625 2870 1636 2895 t
1659 2862 1671 2907 ΙΙ
1697 2864 1879 2896 amiserunt
1902 2867 2014 2906 captos
2038 2866 2106 2897 sint
2129 2865 2170 2897 ad
2191 2867 2400 2908 temptatori-

1315 2907 1377 2938 bus
1399 2906 1454 2949 Vll
1483 2907 1661 2940 uendicare
1683 2908 1722 2951 tl}
1746 2911 1788 2942 26
1813 2909 1929 2942 liceret
1951 2910 2107 2951 VNeob.]
2130 2910 2230 2943 liceat
2255 2912 2364 2955 tvulq.

2060 2955 2072 2998 ΙΙ
2091 2957 2129 2988 27
2156 2957 2244 2996 cum]
2264 2966 2338 2988 eum
2361 2964 2373 2990 t

1316 2997 1517 3029 diffinitione
1538 2998 1665 3031 tNeob.
1685 2997 1696 3041 ΙΙ
1721 2998 1802 3030 afris
1825 2998 1864 3042 ιΙΙ
1889 3000 2051 3032 anositate
2075 3001 2108 3033 V
2124 3001 2334 3034 animositate
2354 3009 2366 3034 t
2387 3002 2391 3044 Ι

1317 3044 1357 3075 28
1368 3055 1415 3084 sq.
1442 3044 1474 3073 et
1498 3042 1533 3073 in
1558 3061 1602 3065 —
1625 3053 1739 3084 gerere
1764 3056 1821 3076 om.
1846 3044 1878 3077 V
1902 3043 1914 3088 ll
1943 3046 1984 3078 30
2011 3045 2053 3076 ad
2076 3056 2110 3078 se
2135 3047 2158 3086 t]
2192 3056 2211 3077 a
2235 3056 2268 3078 se
2292 3046 2397 3079 Neob.

1315 3098 1348 3119 se
1372 3088 1402 3119 V
1419 3085 1430 3130 ΙΙ
1456 3087 1497 3118 ad
1521 3088 1631 3127 avum]
1656 3087 1697 3120 ad
1721 3087 1825 3121 alium
1858 3089 1892 3122 V
1915 3089 2121 3122 auunculum
2143 3098 2155 3123 t
2176 3090 2188 3133 ΙΙ
2215 3092 2253 3124 31
2281 3091 2398 3132 inique

1323 3133 1370 3172 V]
1396 3131 1433 3163 in
1451 3142 1534 3173 quac
1557 3132 1683 3165 tNeob.
1715 3132 1726 3173 ΙΙ
1756 3135 1884 3166 nostras
1905 3134 1950 3174 V]
1976 3147 2033 3167 om.
2049 3142 2060 3167 t
2079 3136 2167 3179 vulq.
2197 3134 2210 3178 ΙΙ
2239 3135 2398 3168 detineris

1324 3176 1380 3220 Vl]
1409 3178 1450 3210 32
1474 3177 1681 3218 probationis
1702 3178 1736 3210 V
1755 3177 1768 3221 ΙΙ
1794 3179 1836 3212 33
1861 3178 2081 3220 cogzitionali
2106 3181 2132 3213 t¹
2157 3180 2398 3221 (cognationali

1316 3224 1414 3266 vulq.)
1433 3222 1444 3263 ΙΙ
1463 3223 1503 3255 34
1518 3225 1551 3253 et
1572 3224 1660 3262 avos]
1687 3222 1727 3254 ad
1748 3233 1828 3255 auos
1853 3226 1890 3265 ιΙΙ
1909 3223 1951 3256 ad
1974 3225 2178 3266 superiorem
2199 3225 2302 3257 alium
2321 3235 2397 3267 gra-

1316 3268 1394 3299 dum
1416 3267 1469 3309 Vl]
1488 3267 1563 3308 hoc]
1585 3268 1620 3298 in
1633 3268 1696 3299 hoc
1719 3269 1749 3299 V
1764 3268 1775 3311 l]
1800 3270 1841 3302 35
1855 3278 1984 3301 sexeum
2006 3269 2061 3313 Vl]
2088 3270 2188 3311 quod]
2211 3270 2270 3312 qui
2286 3269 2398 3316 vul9.]]

1316 3314 1454 3354 quisque
1481 3312 1620 3352 tNeob.]
1646 3312 1820 3353 quisquam
1846 3314 1912 3355 Vn
1941 3316 1984 3348 36
2008 3314 2088 3355 sive]
2111 3326 2208 3347 suum
2230 3316 2264 3348 V
2283 3314 2295 3360 ss
2322 3326 2397 3358 per-

1315 3358 1460 3390 tenuisse
1482 3356 1539 3398 Vl]
1564 3358 1604 3390 37
1632 3368 1673 3389 ne
1699 3359 1775 3390 add.
1786 3359 1874 3402 vuly.
1897 3357 1909 3402 ΙΙ
1937 3361 2088 3392 attauum
2115 3368 2144 3393 et
2166 3361 2326 3393 attauiam
2353 3368 2365 3394 t
2385 3360 2397 3406 ΙΙ

1317 3404 1358 3436 38
1380 3402 1517 3434 induces
1538 3401 1594 3445 Vss
1610 3402 1727 3435 misere
1749 3403 1905 3445 VNeob]
1930 3405 2064 3437 miscere
2090 3406 2200 3449 tvuly.
2218 3407 2230 3447 ΙΙ
2255 3406 2396 3449 posteri-

1279 3473 1281 3496 ³¹
1315 3448 1377 3479 tati
1399 3448 1443 3486 V]
1466 3446 1584 3488 pietati
1607 3449 1715 3490 tvulq.
1733 3447 1744 3491 ΙΙ
1772 3449 1864 3488 etin]
1888 3451 1945 3482 ett
1968 3450 2004 3481 in
2027 3450 2163 3483 VNeob.
2183 3450 2195 3494 ΙΙ
2213 3450 2317 3484 lineia
2338 3451 2398 3497 Vss

1317 3494 1359 3526 39
1384 3494 1489 3524 stetur
1513 3492 1668 3532 VNeob.]
1693 3494 1757 3525 stet
1783 3501 1792 3526 t
1816 3495 1900 3536 valy.
1920 3494 1931 3536 ΙΙ
1957 3505 2130 3535 germanas
2151 3496 2198 3537 V]
2222 3506 2397 3537 germanos

1318 3538 1424 3579 tvul'q.
1444 3536 1455 3579 ΙΙ
1474 3537 1514 3568 ad
1526 3539 1672 3578 patruos]
1694 3538 1778 3570 etad
1790 3542 1926 3580 patruos
1940 3540 2062 3580 Neob.‚·
2091 3541 2150 3585 leq.
2165 3543 2197 3573 et
2208 3542 2370 3583 patruos?
2386 3541 2400 3587 ΙΙ

1316 3585 1357 3616 40
1384 3581 1567 3614 abunculos
1598 3582 1654 3625 Vl]
1680 3584 1881 3626 agnationis]
1909 3585 1950 3617 ad
1971 3585 2154 3626 agnitionis
2176 3586 2209 3620 V
2232 3585 2244 3630 ΙΙ
2272 3589 2311 3620 41
2340 3587 2396 3621 de-

1316 3629 1401 3659 ferre
1422 3626 1466 3668 V]
1494 3627 1624 3660 differre
1650 3628 1776 3661 tNeob.
1801 3629 1812 3672 ΙΙ
1839 3631 1882 3662 42
1907 3630 2093 3663 insularum
2112 3631 2239 3672 stricto]
2266 3631 2396 3665 insulae

1317 3671 1489 3704 Sardiniae
1514 3673 1569 3714 (cf.
1595 3673 1672 3706 0001.
1691 3676 1719 3714 1,
1739 3680 1809 3713 ‘27‚1
1835 3679 1850 3712 ἓ
1868 3682 1909 3708 12.
1926 3680 1942 3705 2
1968 3680 1982 3714 ξ
1999 3679 2045 3718 32)
2067 3678 2147 3710 coni.
2164 3677 2352 3711 Zachariae
2383 3675 2396 3722 ΙΙ

1315 3717 1522 3759 probationis
1543 3718 1576 3750 V
1596 3716 1608 3760 ΙΙ
1633 3719 1676 3751 43
1699 3718 1820 3751 diocesi
1842 3720 1920 3753 libri

2058 3777 2123 3811 31*

2192 2312 2242 2346 Et
2265 2312 2296 2347 si
2321 2313 2401 2357 quis
2425 2317 2468 2349 40
