2618 4010
1186 194 1189 197 ,
1211 140 1295 190 423

1289 257 1377 292 simo
1401 255 1679 301 uniuscuiusque
1703 254 1857 290 civitatis
1881 254 2049 299 episcopo
2074 251 2238 288 nuntiare
2261 250 2365 287 nobis

141 306 222 340 οἵαν
252 306 322 347 ἔχει
345 307 540 350 στρατείαν
562 317 584 347 η
610 303 719 344 αξίαν
748 317 767 337 ο
793 304 911 338 ταῦτα
933 301 1128 347 τολμήσας,
1158 303 1220 336 ἵνα
1288 312 1379 347 quae
1404 303 1446 338 de
1468 301 1524 338 his
1547 303 1719 346 aguntur,
1745 302 1782 335 et
1805 300 1945 344 qualem
1973 298 2103 334 habeat
2122 297 2282 349 militia-m
2304 299 2366 349 aut

141 354 202 385 καὶ
224 352 277 394 τῷ
295 348 442 397 ἄρχοντι
465 347 534 383 τὸν
557 346 728 383 κίνδυνον
751 347 945 391 ἐπάξωμεν
969 349 1022 391 τῷ
1039 346 1219 395 συγχωρή-
1288 347 1494 392 dignitatem
1518 347 1578 392 qui
1601 347 1690 382 haec
1710 345 1998 391 praesumpserit,
2023 348 2064 379 ut
2086 347 2123 378 et
2145 342 2253 378 iudici
2272 351 2365 387 peri-

141 408 248 430 σαντι
263 398 324 429 καὶ
338 391 534 439 παριδόντι
554 394 623 437 τὴν
638 391 816 439 ἡμετέραν
832 392 1004 436 κέλευσιν,
1028 397 1087 427 καὶ
1105 390 1219 427 αὐτὸν
1287 394 1406 428 culum
1437 392 1630 428 inferamus
1661 391 1878 436 permittenti
1910 393 1946 425 et
1976 388 2186 441 despicienti
2209 392 2367 441 nostram

142 439 181 475 δὲ
204 438 426 482 κελεύσωμεν
456 439 718 484 τιμωρηθῆναι
749 439 817 474 τὸν
842 439 889 474 τὰ
912 439 1066 474 τοιαῦτα
1089 437 1219 483 τολμή-
1254 438 1497 483 5iussionem3
1515 441 1551 473 et
1562 437 1680 482 ipsum
1695 446 1835 482 quoque
1851 436 2014 471 iubemus
2029 434 2148 480 puniri
2163 433 2251 468 talia
2261 441 2366 478 prae-

141 498 267 520 σαντα.
353 485 458 530 (Dat.
484 495 546 520 xv.
580 486 618 519 k.
643 485 730 520 Mai.
762 484 846 530 imp.
879 484 937 520 dn.
963 484 1148 519 Iustiniani
1173 484 1217 519 A.
1288 487 1495 519 sumentem.

141 541 234 567 anno
251 530 349 565 XIII.
375 529 516 575 Apione
534 541 566 566 v.
585 540 616 566 c.
636 529 753 575 cons.)
1177 533 1223 572 [a.
1237 531 1315 571 539]

140 160 201 191 nn
229 155 395 192 nonus
421 157 568 191 cAusA
597 156 854 190 nonffloun
1903 142 2009 185 Nov.
2041 139 2281 184 LXXXVII
2302 151 2370 193 prs

142 262 274 304 ἐκείνης
298 257 486 301 ἐπισκόπῳ
509 259 668 313 μηνῦσαι
693 255 780 312 ἡμῖν
809 258 856 292 τὰ
881 259 962 303 περὶ
986 255 1130 291 τούτων
1160 259 1220 290 καὶ

1384 529 1466 564 Dat.
1492 528 1657 574 Appione
1679 539 1712 564 v.
1739 538 1769 563 c.
1796 536 1894 563 cons.

655 680 710 724 fi‘z
1722 683 1937 720 LXXXVII.

141 755 320 810 ΠΕΡΙ
349 755 627 810 ΜΟΡΤΙΣ
663 756 918 809 ΚΑῩΣΑ
949 753 1224 808 ΔῼΡΕΑΣ
1292 754 1407 810 <DE
1427 753 1682 804 MORTIS
1715 752 1939 803 CAUSA
1967 748 2369 801 DONATIONE

141 823 242 877 EI<
274 823 727 878 BOYAEYTSzN
765 821 1224 876 FINOMENHE.
1239 836 1280 869 10
1438 821 1485 871 A
1521 820 1927 871 CURIALIBUS
1963 815 2228 873 FACTA.)

141 900 392 948 Αὐτοκράτωρ
414 899 669 937 Ἰουστινιανὸς
692 901 900 948 Αὔγουστος
915 898 1066 947 Ἰωάννῃ
1090 900 1143 942 τῷ
1169 901 1225 933 ἐν·
1384 899 1473 944 Imp.
1495 899 1716 934 Iustinianus
1740 899 1831 943 Aug.
1851 896 2002 933 Iohanni
2026 908 2085 942 pp.
2112 894 2279 931 secundo.

142 947 227 989 δοξο
235 947 330 991 τάτῳ
353 947 499 993 ἐπάρχῳ
520 949 598 982 τῶν
618 945 844 982 ἀνατολικῶν
862 950 1098 991 πραιτωρίων
1117 944 1159 978 τὸ
1177 943 1224 989 β’,

287 990 361 1028 ἀπὸ
388 990 545 1027 ὑπάτων
570 990 788 1038 ὅρδιναρίων
811 995 871 1025 καὶ
891 995 1081 1037 πατρικίῳ.

188 1060 499 1106 <Προοίμιον.>
540 1061 606 1094 Τὰς
620 1062 696 1094 τῶν
712 1059 917 1104 βουλευτῶν
936 1072 1066 1103 κακουρ
1091 1062 1145 1092 ίας
1159 1071 1225 1102 μη-

144 1106 206 1141 δὲν
227 1105 414 1140 δύνασθαι
439 1108 559 1151 φέρειν
582 1104 717 1149 βλάβος
738 1106 792 1148 τῷ
818 1103 991 1149 δημοσίῳ,
1015 1101 1060 1137 ἀλ
1089 1101 1098 1113 '

144 1151 320 1197 πράττειν
335 1151 403 1185 τὸν
421 1150 535 1194 νόμον
547 1154 624 1184 ταῖς
639 1150 822 1185 τοιαύταις
834 1149 978 1194 βουλαῖς
993 1149 1084 1183 κατὰ
1102 1148 1225 1183 πάντα

144 1196 356 1242 βουλόμεθα
379 1195 528 1241 τρόπον.
565 1197 728 1242 ἔγνωμεν
742 1196 822 1242 γάρ,
847 1193 894 1229 ῶς
910 1192 1104 1239 ἐπειδήπερ
1125 1191 1225 1229 ἀπεί-
1295 1193 1387 1229 enim
1411 1193 1512 1238 quia,
1538 1193 1703 1237 quoniam
1723 1193 1970 1228 interdiximus
1995 1191 2187 1227 curialibus
2211 1189 2372 1225 donatio-

144 1255 260 1287 πομεν
291 1244 364 1276 τοῖς
391 1240 597 1285 βουλευταῖς
626 1241 691 1275 τὸν
726 1243 802 1275 τῶν
838 1238 987 1286 δωρεῶν
1016 1240 1154 1286 τρόπον
1183 1235 1225 1273 οὗ
1294 1250 1378 1274 num
1398 1239 1558 1283 modum>
1577 1250 1648 1274 non
1667 1239 1901 1274 concedentes
1920 1238 1970 1273 eis
1988 1247 2063 1273 rem
2083 1235 2296 1272 immobilem
2311 1234 2373 1270 do-

145 1301 262 1334 συγχω
286 1288 409 1321 οῦντες
431 1284 551 1321 αὐτοῖς
574 1288 702 1329 κτῆσιν
722 1283 894 1329 ἀκίνητον
918 1284 1120 1331 δωρεῖσθαι
1144 1281 1228 1318 οὐδὲ
1295 1294 1383 1319 nare
1394 1294 1509 1329 neque
1521 1285 1558 1319 in
1572 1286 1785 1320 testamento
1799 1283 2040 1328 derelinquere
2052 1283 2133 1328 plus
2146 1291 2251 1327 quam
2266 1280 2375 1315 trium

146 1336 184 1367 ἐν
202 1332 262 1367 δια
298 1331 362 1379 ἥκῃ
379 1330 666 1375 καταλιμπάνειν
685 1335 885 1377 περαιτέρω
909 1333 987 1365 τῶν
1010 1331 1125 1376 τριῶν
1147 1327 1226 1377 οὐγ-
1240 1333 1282 1365 20
1296 1330 1500 1371 unciarum,
1525 1330 1589 1365 sed
1612 1339 1736 1365 novem
1761 1330 1885 1364 uncias
1911 1328 2052 1364 omnino
2078 1327 2199 1363 curiae
2223 1335 2374 1368 servare,

144 1380 250 1419 κιιῦν,
282 1375 372 1411 ἀλλὰ
396 1377 438 1411 τὸ
465 1374 698 1423 ἐνναούγκιον
721 1376 870 1411 πάντως
890 1378 934 1422 τῇ
959 1375 1070 1423 βουλῇ
1095 1374 1227 1422 φυλάτ-
1294 1375 1348 1410 illi
1379 1375 1695 1411 circumvenientes
1735 1376 1847 1419 legem
1877 1375 2135 1410 adinvenerunt
2173 1371 2377 1407 huiusmodi

143 1437 232 1463 τειν,
259 1425 386 1457 ἐκεῖνοι
411 1421 641 1468 σοφιζόμενοι
663 1422 731 1456 τὸν
755 1422 869 1465 νόμον
893 1423 1038 1467 ἐξεῦρον
1062 1420 1228 1455 τοιαύτας
1296 1421 1435 1465 aliquas
1466 1421 1703 1465 malignitates
1735 1423 1862 1456 contra
1892 1421 2013 1465 legem.
2063 1419 2222 1454 Scientes
2245 1422 2374 1459 autem,

144 1468 245 1503 τινας
275 1471 484 1513 κακουργίας
512 1467 605 1501 κατὰ
636 1468 699 1501 τοῦ
730 1467 851 1512 νόμου.
906 1465 1038 1501 εἰδότες
1066 1466 1149 1514 γάρ,
1182 1462 1229 1499 ῶς
1298 1467 1394 1511 quod
1422 1476 1489 1501 nos
1519 1466 1738 1502 invenientes
1761 1470 1898 1501 veteres
1927 1465 2148 1509 legislatores
2172 1463 2375 1498 dubitantes

144 1513 241 1558 ἡμεῖς
264 1510 428 1559 εὑρόντες
447 1512 529 1546 τοὺς
548 1511 722 1547 παλαιοὺς
741 1513 944 1557 νομοθέτας
967 1509 1075 1559 ἀμφις
1101 1514 1228 1555 ητοῦν-
1297 1513 1340 1547 de
1364 1511 1487 1547 mortis
1511 1521 1623 1547 causa
1638 1512 1842 1556 donatione,
1868 1511 2009 1556 quando
2026 1509 2170 1545 donatio
2195 1512 2259 1544 aut
2281 1508 2375 1552 lega-

144 1570 208 1594 τας
231 1562 313 1604 περὶ
336 1561 398 1601 τῆς
421 1559 546 1603 μόρτις
569 1559 686 1591 καῦσα
711 1557 855 1603 δωρεᾶς,
885 1557 1042 1604 πότερον
1090 1557 1184 1603 ωρεὰ
1206 1553 1284 1600 ἢ25
1297 1560 1373 1592 tum
1395 1559 1458 1599 est,
1479 1560 1516 1593 et
1531 1557 1619 1593 alios
1642 1558 1782 1603 quidem
1804 1557 2078 1592 adnumerantes
2097 1565 2174 1590 eam
2193 1552 2377 1589 donationi

144 1603 301 1651 ληγάτον
322 1604 410 1644 ἐστι’,
435 1607 495 1637 καὶ
515 1603 597 1637 τοὺς
611 1605 679 1648 μὲν
700 1601 951 1649 ἀριθμοῦντας
969 1600 1083 1647 αὐτὴν
1098 1604 1145 1636 εἰς
1161 1600 1229 1636 δω-
1298 1603 1385 1638 alios
1409 1613 1492 1638 vero
1516 1603 1650 1646 legato,
1683 1613 1705 1638 a
1735 1603 1898 1648 pluribus
1929 1605 1966 1638 et
1989 1601 2091 1637 bonis
2116 1599 2376 1644 legislatoribus

144 1650 231 1696 ρεὰν
254 1649 356 1683 τινὰς
380 1646 420 1682 δὲ
442 1649 489 1682 εἰς
514 1651 721 1693 πρεσβεῖον,
751 1650 797 1683 τὰ
822 1649 921 1695 παρὰ
945 1650 1023 1683 τῶν
1047 1647 1229 1684 πλειόνων
1298 1649 1474 1692 elegentes
1495 1648 1649 1692 legatum
1675 1659 1752 1683 eam
1775 1658 1852 1683 esse
1869 1657 1958 1692 pure
1975 1646 2193 1683 definivimus
2209 1649 2245 1680 et
2263 1653 2377 1688 neque

145 1708 184 1729 τε
208 1697 267 1728 καὶ
293 1691 454 1739 ἀρίστων
479 1694 697 1738 νομοθετῶν
716 1694 919 1735 ἐκλέξαντες
942 1693 1098 1749 ληγάτον
1116 1690 1230 1736 αὐτὴν
1297 1694 1405 1738 gestis
1429 1698 1736 1729 monumentorum
1757 1693 1929 1738 indigere,
1958 1693 2022 1728 sed
2045 1691 2223 1727 licentiam
2246 1690 2378 1727 habere

144 1740 236 1775 εἶναι
251 1738 439 1774 παντελῶς
456 1735 528 1774 ἀπε
556 1739 739 1783 ηνάμεθα,
756 1743 815 1774 καὶ
830 1740 879 1784 μὴ
893 1739 1057 1786 πραξεως
1072 1752 1230 1794 υπομνη-
1298 1740 1377 1775 fieri
1408 1749 1486 1774 eam
1522 1743 1559 1775 et
1588 1740 1697 1775 inseri
1731 1739 1764 1776 ei
1795 1743 1831 1775 et
1860 1738 1998 1783 aliquas
2031 1736 2258 1773 condiciones
2289 1744 2377 1780 quas

144 1785 273 1830 μάτων
307 1783 474 1826 δεῖσθαι,
505 1781 527 1817 ἆ
551 1781 587 1818 λ’
611 1783 738 1819 ἄδειαν
767 1787 862 1828 ἔχειν
893 1785 1083 1819 ποιεῖσθαι
1116 1785 1230 1828 αυτὴν
1245 1788 1287 1821 30

145 1834 204 1865 καὶ
228 1830 416 1864 ἐντιθέναι
450 1826 540 1876 αὐτῇ
573 1833 635 1863 καί
657 1842 758 1864 τινας
789 1828 892 1876 ὅρους
914 1827 974 1864 οὓς
998 1827 1045 1864 (ἲν
1069 1828 1088 1864 o‘
1115 1828 1229 1876 δωρη-

1337 1056 1625 1103 (Praefatio.)
1669 1056 1863 1092 Curialium
1894 1054 2131 1100 malignitates
2155 1052 2288 1090 nullam
2312 1062 2372 1087 va-

1125 1100 1225 1137 ἀντι-
1239 1106 1279 1138 15
1293 1104 1365 1138 lere
1389 1102 1530 1138 adferre
1548 1102 1739 1138 laesionem
1760 1102 1860 1145 fisco,
1885 1102 1947 1137 sed
1969 1101 2134 1136 resistere
2157 1100 2270 1144 legem
2292 1098 2372 1133 tali-

1294 1150 1362 1184 bus
1385 1148 1628 1183 voluntatibus
1653 1148 1750 1183 omni
1773 1148 1933 1183 volumus
1958 1147 2073 1182 modo.
2120 1143 2373 1191 <cognovimus

199 1922 284 1957 Nov.
302 1921 528 1955 LXXXVII
552 1921 676 1955 Graece
701 1929 789 1956 extat
811 1924 844 1956 in
870 1922 954 1963 ML,
974 1923 1132 1965 prooemii
1154 1924 1258 1956 maior
1275 1934 1360 1965 pars
1383 1923 1426 1963 (v.
1442 1923 1485 1956 24
1503 1918 1620 1965 ‘Hunis
1639 1917 1804 1966 εὑρόντες
1827 1939 1869 1945 -
1895 1922 2019 1963 424,13
2043 1916 2322 1962 ἀνακαλεῖσθαι)
2345 1920 2378 1953 in

147 1968 250 2009 B47,
265 1975 292 2008 3,
307 1974 353 2001 49.
401 1967 521 2000 Latine
544 1967 661 2011 [θρίων
685 1967 718 2000 in
743 1980 806 2001 uno
825 1968 1014 2001 Anthentici
1037 1968 1145 2001 codice
1167 1968 1204 2001 V:
1231 1980 1320 2010 quem
1341 1975 1454 2001 textum
1475 1969 1600 2010 primus
1624 1968 1726 2000 edidit
1748 1968 1789 2000 A.
1804 1967 1942 2010 Krz'eyel
1961 1967 2134 2011 Symbolae
2158 1968 2228 2000 crit.
2253 1967 2299 1999 ad
2321 1978 2377 1999 no·

147 2014 249 2046 vellas
273 2013 453 2046 Iustiniani
475 2012 583 2055 (Lz'ps.
601 2013 702 2054 1832)
722 2026 757 2056 p.
777 2014 816 2047 13
826 2026 874 2056 sq.
899 2032 945 2038 —
970 2013 1060 2056 Epic.
1079 2013 1198 2046 Theod.
1215 2015 1257 2047 87
1278 2014 1366 2054 (inde
1391 2009 1476 2055 ΒΣ),
1500 2013 1621 2046 ΑίῘιαπ.
1636 2014 1667 2054 8,
1680 2020 1707 2046 4.
1755 2013 1876 2046 Iulian.
1891 2019 1988 2045 const.
2004 2012 2164 2045 LXXX.

148 2123 259 2159 scopo
283 2111 470 2147 indicandi
494 2112 596 2147 nobis
620 2112 663 2146 de
687 2112 743 2146 liis
774 2115 809 2146 et
837 2112 979 2157 qualem
1003 2111 1168 2147 militiam
1197 2113 1253 2149 vel
1274 2113 1485 2158 diqnitatem
1508 2112 1640 2148 babeat
1671 2113 1733 2159 qui
1759 2112 1848 2148 talia
1872 2123 1983 2148 ausus
2005 2116 2069 2156 est,
2101 2115 2142 2147 ut
2161 2115 2197 2147 et
2217 2110 2379 2158 praesidi

142 2158 349 2205 periculum
377 2157 581 2201 inferamus
612 2157 675 2202 qui
705 2155 794 2191 baec
823 2158 988 2202 permisit
1018 2166 1063 2192 ac
1093 2163 1255 2193 nostram
1287 2158 1481 2192 iussionem
1511 2159 1736 2204 contempsit,
1768 2163 1804 2194 et
1826 2159 1944 2204 ipsum
1975 2158 2039 2204 qui
2072 2157 2161 2193 talia
2185 2167 2295 2192 ausus
2326 2159 2381 2191 est

150 2203 332 2250 supplicio
358 2202 465 2247 affici
486 2201 678 2236 iubeamus.

315 2402 417 2454 DE
449 2400 722 2453 MORTJS
757 2402 967 2453 CAUSA
1004 2335 1420 2455 ΒΟιὟΞῗῗέῧΕ
1449 2404 1494 2454 Α
1535 2403 1963 2455 C'URIALIBUS
1993 2405 2222 2456 FACTA.

194 2482 286 2530 Imp.
308 2481 538 2518 Iustinianus
554 2482 742 2527 Auqustus
759 2479 917 2516 Iohanni
941 2481 1423 2563 qloriosigsimaprczefeato·
1436 2482 1631 2535 praetorio
1653 2494 1722 2530 per
1745 2482 1924 2519 Orientem
1948 2485 2096 2527 iterum,
2120 2495 2169 2520 ea:
2193 2483 2340 2521 consule

1053 2538 1097 2562 or
1121 2538 1239 2562 marzo
1263 2539 1282 2563 e
1320 2539 1370 2574 pa
1388 2538 1489 2563 recto.

291 2594 562 2639 Praefatio.
612 2593 810 2629 Curiatium
832 2593 990 2638 fraudes
1014 2606 1059 2629 ne
1083 2594 1171 2640 quid
1194 2595 1315 2630 damni
1333 2595 1480 2642 publico
1504 2596 1639 2642 afferre
1656 2597 1822 2642 possint,
1854 2596 1919 2632 sed
1941 2600 1982 2631 ut
2013 2596 2077 2633 leoe
2098 2598 2274 2634 eiusmodi
2297 2610 2381 2635 con-

155 2641 249 2677 siliis
272 2640 430 2681 resistat,
457 2638 619 2674 omnibus
639 2637 755 2673 modis
778 2640 950 2674 volumus.
1001 2638 1241 2686 Coqnovimus
1263 2641 1375 2683 enim,
1400 2641 1572 2687 quoniam
1596 2641 1792 2677 curialibus
1815 2642 2052 2678 donationum
2075 2644 2253 2679 rationem
2272 2645 2381 2681 inter-

156 2687 328 2728 diximus,
352 2696 431 2720 cum
455 2684 499 2718 iis
515 2695 589 2718 non
605 2684 897 2730 permitteremus
918 2686 1181 2730 possessionem
1205 2685 1416 2721 immobilem
1439 2686 1578 2722 donare
1602 2698 1716 2733 neque
1734 2691 1944 2723 testamento
1966 2688 2064 2722 ultra
2090 2693 2161 2724 tres
2181 2690 2308 2725 uncias
2325 2701 2381 2726 re·

157 2732 332 2777 linquere,
356 2729 421 2765 sed
442 2740 567 2765 novem
591 2728 719 2764 uncias
741 2730 886 2764 omnino
912 2730 1035 2765 curiae
1058 2741 1203 2765 servare
1224 2732 1529 2777 praeciperemus,
1553 2731 1637 2767 illos
1660 2732 1771 2778 leqem
1796 2732 1978 2768 eludentes
2001 2732 2206 2769 huiusmodi
2226 2735 2383 2780 fraudes

157 2777 301 2823 aliquas
317 2775 492 2811 adversus
509 2774 621 2820 leqem
638 2776 877 2819 excoqitasse.
914 2773 1008 2809 Nam
1025 2786 1104 2810 cum
1120 2776 1254 2811 scirent
1269 2787 1336 2811 nos
1352 2777 1499 2822 coquita
1515 2781 1672 2813 veterum
1689 2778 1938 2824 leqislatorum
1957 2777 2179 2815 dubitatione
2195 2779 2239 2815 de
2254 2781 2383 2817 mortis

158 2833 270 2858 causa
293 2820 503 2862 donatione,
529 2823 650 2854 utrum
674 2818 822 2854 donatio
845 2830 893 2854 an
917 2820 1075 2866 leqatum
1099 2825 1206 2862 esset,
1240 2820 1322 2856 aliis
1345 2833 1423 2857 eam
1448 2822 1485 2856 in
1508 2822 1717 2858 donationis
1748 2823 1832 2858 aliis
1855 2824 1893 2858 in
1916 2823 2028 2870 leqati
2060 2825 2138 2860 loco
2159 2826 2382 2862 numeranti·

159 2868 234 2910 buS,
267 2871 302 2903 et
319 2866 483 2912 plurium
508 2870 548 2916 'et
574 2865 792 2916 optimorum
817 2864 1068 2910 leqislatorum
1090 2866 1277 2901 sententiis
1299 2866 1439 2902 selectis
1462 2866 1667 2904 declarasse
1697 2879 1776 2904 eam
1801 2868 1944 2904 omnino
1976 2869 2133 2922 leqatum
2157 2881 2233 2906 esse
2267 2881 2383 2918 neque

159 2916 322 2949 actorum
355 2911 584 2957 confectione
615 2908 796 2955 indzqere,
836 2910 901 2945 sed
930 2911 1038 2945 licere
1066 2922 1144 2946 eam
1174 2912 1301 2956 facere
1333 2915 1368 2947 et
1396 2912 1624 2948 condiciones
1655 2924 1799 2960 quoque
1831 2914 1975 2960 aliquas
2005 2925 2164 2951 inserere
2195 2926 2382 2962 quascum-

207 3028 223 3059 1
250 3023 297 3057 τοὶ
322 3025 425 3056 om.A
449 3023 461 3067 ss
487 3025 507 3057 2
531 3025 642 3056 ποίαν
666 3023 696 3055 A
723 3026 735 3066 11
760 3025 778 3056 3
803 3022 871 3056 τὸν
896 3025 998 3057 om.A
1017 3023 1029 3068 ΙΙ
1052 3023 1237 3070 ἐπαγάγω-

877 3063 886 3075 (
1310 3026 1386 3059 Cod.
1400 3027 1451 3067 10,
1465 3027 1518 3068 34,
1528 3034 1555 3060 4.
1565 3035 1590 3060 5.
1606 3028 1660 3069 35,
1674 3035 1700 3062 3.
1711 3036 1743 3066 4;
1762 3030 1803 3072 cs.
1817 3041 1886 3061 nov.
1901 3028 2169 3072 XXXVIIIpr.
2188 3028 2201 3073 ΙΙ
2219 3031 2261 3063 20
2273 3042 2382 3064 κατα-

161 3082 227 3113 μεν
258 3065 306 3101 ῶς
335 3078 607 3121 σζυγχωρησαντι
631 3068 661 3101 A
689 3066 702 3111 ss
731 3070 752 3102 4
775 3067 844 3110 τὴν
866 3070 1041 3115 ημετέραν
1067 3068 1237 3112 κε’λευσιν]

1306 3067 1500 3113 λιμπάνων
1520 3072 1552 3104 L
1570 3073 1582 3114 ΙΙ
1605 3068 1763 3118 οὗγγιῶν
1780 3074 1811 3106 L
1829 3073 1841 3116 ΙΙ
1867 3074 1906 3106 21
1927 3071 2137 3127 ἐναούγιιιιον
2153 3075 2184 3108 L
2202 3074 2214 3118 ΙΙ
2233 3076 2274 3110 23
2292 3075 2384 3109 κατὰ

162 3112 320 3147 κέλευσιν
343 3115 519 3157 ημετέραν
542 3113 574 3146 A
592 3114 603 3156 ΙΙ
621 3115 640 3146 5
664 3110 874 3156 κελεύσομεν
891 3115 921 3146 L
946 3112 1134 3156 κελεύομεν
1150 3116 1206 3151 Βς

161 3157 420 3203 τιμωρηθῆναι
435 3155 660 3200 κελεύσωμεν
676 3157 744 3190 τὸν
760 3158 877 3191 ταῦτα
894 3157 1172 3204 ἐπιχειρήσαντα
1184 3161 1215 3194 Α

163 3206 183 3239 6
204 3206 326 3237 subscr.
352 3216 410 3235 om.
436 3203 477 3235 M
498 3203 583 3244 Iul.;
619 3215 713 3246 quam
744 3215 845 3245 supra
878 3205 1085 3247 exhibuimus,
1113 3207 1240 3249 primus

164 3249 368 3283 RPitboeus
398 3249 430 3280 in
462 3249 510 3281 ed.
536 3248 662 3281 Iuliani
688 3249 909 3291 suppeditavit
940 3251 1045 3283 nescio
1078 3252 1161 3284 unde
1185 3252 1238 3284 de-

159 3300 358 3339 promptam;
375 3294 544 3334 confirmat
556 3293 773 3326 Athanasius:
799 3291 934 3339 ἐγράφη
949 3292 1019 3339 πρὸ
1035 3291 1075 3328 ιε’
1089 3292 1237 3329 καλάνδ.

166 3337 301 3375 Μαΐων
335 3335 518 3381 βασιλείας
550 3335 803 3371 Ἰουστινιανοῦ
845 3338 942 3372 ἔτους
984 3337 1032 3385 ιγ’
1068 3337 1240 3374 ὑπατείας

162 3383 336 3419 Ἀπίωνος
367 3380 596 3428 (ἐξεφωνήθη
622 3383 694 3416 seen,
718 3381 766 3428 ιγ’
791 3383 854 3425 τῆς
876 3381 1060 3427 βασιλείας
1083 3382 1241 3429 ὑπατείᾳ

162 3425 324 3464 Ἀπίονος
342 3429 459 3461 leeod.
486 3428 552 3460 dat.
570 3429 722 3471 Appione
739 3439 787 3460 vc.
805 3439 892 3461 cons.
919 3432 958 3472 ς).
978 3429 989 3473 ΙΙ
1013 3432 1033 3464 9
1047 3433 1132 3464 rubr.
1150 3433 1241 3484 Περὶ

167 3471 315 3518 δωρεῶν
341 3473 388 3506 εἰς
417 3470 607 3517 βουλευτὰς
638 3475 839 3518 γινομένων
866 3475 985 3508 Theod.
1025 3476 1074 3508 De
1103 3477 1241 3510 diversxs

167 3518 401 3552 donationibus
425 3529 444 3551 a
468 3518 650 3551 curialibus
676 3519 835 3552 faciendis
859 3520 922 3552 Iul.
942 3520 954 3561 ΙΙ
978 3516 1102 3565 μόρτις
1124 3523 1241 3555 καῦσα
1273 3527 1274 3544 ³

168 3564 215 3597 M
217 3564 306 3605 Atlz.]
331 3562 496 3597 θανάτου
518 3563 632 3596 αἰτίας
652 3565 766 3606 (sic)L
783 3563 796 3607 ΙΙ
816 3566 855 3598 10
877 3565 915 3597 ἐκ
938 3563 1142 3608 βουλευτῶν
1155 3568 1240 3609 ML]
1273 3560 1275 3571 ἱ

169 3607 216 3645 εἰς
246 3606 436 3651 βουλευτὰς
459 3610 535 3643 Atlz.
556 3610 610 3652 (cf
628 3609 762 3651 Theod.)
790 3610 802 3653 ΙΙ
832 3611 874 3644 12
899 3609 1042 3656 ἐπάρχῳ
1067 3612 1241 3657 Scrimyer]

170 3647 317 3696 ὑπάρχω
341 3655 419 3687 ML
448 3654 460 3698 ΙΙ
492 3656 532 3689 13
555 3649 778 3699 *ὂρδιναρίω
804 3656 882 3688 ML
909 3655 921 3698 ΙΙ
950 3659 1154 3701 πατρικίων
1178 3658 1208 3691 L
1231 3657 1243 3703 ΙΙ

174 3699 224 3749 14,
235 3696 438 3740 βουλευτῶν
455 3700 507 3736 Le
519 3701 584 3740 (cit.
598 3701 672 3732 Atlz.
690 3700 835 3742 Theod.)]
860 3699 1037 3735 τελευτῶν
1055 3703 1102 3736 M
1116 3700 1243 3742 (τελευ-

172 3753 326 3776 τωντων
348 3742 553 3788 βουλευτῶν
577 3746 658 3779 coni.
683 3745 869 3780 Zachariae
894 3759 955 3780 non
979 3749 1076 3790 recte)
1099 3747 1111 3792 ΙΙ
1143 3750 1241 3792 lssq.

1306 3117 1352 3149 M
1356 3118 1385 3156 ς]
1418 3118 1501 3161 περὶ
1525 3117 1556 3149 L
1584 3116 1596 3161 ΙΙ
1624 3117 1706 3164 γὰρ]
1738 3120 1849 3150 autem
1873 3130 1892 3154 ς
1919 3118 1931 3160 11
1959 3118 2001 3152 25
2023 3129 2150 3163 μορτις
2172 3119 2308 3153 κάουσα
2332 3122 2384 3161 M',

1305 3158 1474 3194 θανάτου
1495 3161 1593 3203 αἰτίᾳ
1617 3166 1658 3204 (et
1673 3165 1720 3196 sic
1736 3171 1917 3196 constanter
1935 3164 1967 3196 in
1983 3165 2084 3206 seqq.)
2099 3164 2169 3197 LB
2184 3165 2197 3204 ΙΙ
2215 3162 2382 3211 πότερον]

1306 3207 1496 3260 quandospi.
1514 3219 1539 3239 e.
1565 3205 1669 3249 πότε)
1692 3219 1712 3244 ς
1727 3207 1738 3250 ΙΙ
1757 3205 1915 3251 πότερον
1939 3227 1981 3231 -
2007 3209 2050 3242 26
2075 3205 2217 3255 δωρεὰν
2241 3223 2298 3243 om.
2313 3211 2361 3244 M
2372 3211 2384 3255 ΙΙ

1270 3276 1272 3296 3
1307 3252 1349 3284 26
1369 3249 1525 3297 ληγατον
1542 3252 1585 3293 Β]
1611 3250 1761 3298 λεγάτον
1775 3253 1806 3285 L
1825 3252 1837 3296 ΙΙ
1854 3255 1894 3287 27
1915 3251 1979 3285 τὰς
1996 3253 2049 3286 ΒΡ
2065 3253 2077 3297 ΙΙ
2098 3255 2139 3288 28
2161 3252 2318 3300 ληγάτον
2334 3256 2382 3298 Β]

1306 3294 1454 3342 λεγάτον
1479 3298 1551 3330 ML
1569 3297 1581 3340 ΙΙ
1607 3299 1649 3331 29
1673 3295 1860 3332 παντελῶς
1880 3298 1921 3331 Μ
1927 3297 1992 3339 (ΒῙ
1994 3301 2006 3340 )
2015 3301 2045 3340 ς]
2070 3296 2165 3332 πάνυ
2178 3301 2266 3333 LBP
2284 3301 2296 3344 ΙΙ
2312 3297 2383 3334 ἅπ-

1306 3339 1534 3398 εφηνάμεθα]
1557 3344 1633 3376 Cod.
1644 3344 1676 3384 8,
1688 3350 1736 3396 59,
1747 3351 1763 3377 4
1775 3342 1787 3387 Η
1797 3341 1859 3386 μὴ]
1878 3353 1984 3385 neque
2000 3345 2034 3384 (i.
2045 3357 2070 3377 e.
2084 3342 2185 3387 μηδὲ)
2202 3357 2221 3381 ς
2238 3345 2250 3389 ΙΙ
2267 3346 2306 3380 31
2328 3346 2383 3380 ἐν-

1306 3387 1454 3420 τιθεναι
1477 3388 1558 3428 LB]
1587 3387 1786 3431 ἐντεθηναι
1811 3389 1853 3422 Μ
1858 3390 1902 3430 (ς)

1353 3478 1372 3511 2
1398 3479 1442 3518 et]
1467 3477 1503 3510 Si
1524 3477 1579 3521 Vl}
1596 3478 1716 3511 habeat
1730 3478 1811 3520 ΒΤ]
1836 3478 1936 3511 habet
1958 3479 2083 3522 Vvuly.
2103 3478 2116 3523 ΙΙ
2133 3480 2153 3514 3
2164 3480 2384 3522 praesumpsit

1316 3522 1370 3566 Vll
1396 3523 1418 3555 4
1442 3522 1628 3566 dispitienti
1656 3524 1718 3557 VT
1736 3522 1749 3568 ΙΙ
1779 3525 1799 3558 5
1824 3527 1857 3556 et
1881 3537 1939 3557 om.
1962 3524 1995 3556 V
2017 3523 2029 3567 11
2058 3524 2231 3558 iubeamus
2254 3525 2340 3570 vuly.
2372 3525 2384 3570 ΙΙ
2416 3542 2417 3546 ’

1309 3570 1327 3601 7
1342 3569 1464 3601 subscr.
1490 3567 1556 3601 dat.
1574 3568 1699 3601 consul.
1716 3569 1808 3612 appii
1826 3569 1878 3601 vic
1895 3568 2020 3602 consul.
2038 3569 2298 3614 Neoburqensisz
2324 3583 2383 3605 om.

1309 3613 1378 3646 rell.
1399 3612 1411 3656 ΙΙ
1429 3614 1448 3647 9
1462 3615 1549 3646 rubr.
1564 3626 1622 3646 om.
1640 3613 1674 3647 V
1686 3612 1698 3658 ΙΙ
1717 3616 1754 3648 11
1774 3613 1870 3656 impr.
1885 3614 1961 3648 iust.
1980 3615 2013 3647 V
2026 3614 2037 3656 ΙΙ
2055 3615 2096 3649 16
2111 3613 2385 3657 cognovimus—

1312 3659 1353 3692 18
1366 3658 1498 3691 modum
1513 3660 1546 3692 in
1565 3659 1722 3692 Vomissa
1736 3661 1866 3692 addidit
1879 3660 1973 3693 Beck
1991 3658 2003 3703 ΙΙ
2020 3660 2062 3694 20
2076 3662 2170 3693 curte
2192 3660 2221 3692 V
2235 3660 2248 3704 ΙΙ
2264 3661 2304 3695 21
2322 3662 2385 3694 hu-

1309 3703 1452 3736 iusmodi
1466 3704 1613 3746 Krieyel]
1638 3704 1738 3738 huius
1760 3703 1815 3749 Vn
1833 3705 1874 3738 23
1889 3705 2012 3738 ueteris
2034 3704 2090 3750 Vss
2108 3706 2150 3740 25
2169 3705 2302 3748 quidam
2324 3706 2358 3740 V
2373 3705 2385 3751 ΙΙ

1312 3749 1522 3781 donationem
1545 3749 1579 3782 V
