2586 3990
162 144 227 174 nn
254 142 535 176 Inrnnmc'rrs
564 141 804 176 coLan'ms
1227 125 1310 175 665
2039 130 2148 174 Nov.
2170 128 2382 174 CXXXII

1612 262 1789 300 cxxxn.
1835 262 1946 299 Auth.
1958 260 2099 299 cxxx,
2115 262 2201 299 0011.
2209 261 2262 298 1x
2274 262 2330 298 tit.
2340 242 2382 298 12'

1302 331 1355 381 R
1394 332 1488 381 DE
1532 332 1974 384 INTERDIGTIS
2011 329 2381 382 COLLECTIS

1534 398 2076 450 HAERETIOORUM
2104 400 2158 449 R

1306 475 1504 521 Imperator
1535 476 1666 512 Caesar
1698 477 1843 512 Flavius
1872 476 2092 512 Iustinianns
2123 474 2210 513 felix
2238 473 2382 509 inclitus

1272 524 1291 556 5
1308 520 1420 557 victor
1442 531 1485 557 ac
1500 522 1738 567 triumphator
1761 532 1898 567 semper
1913 522 2096 565 Augustus
2120 520 2274 555 edictum
2291 518 2383 554 Con-

1676 566 2012 611 stantinopolitanis.

219 635 375 680 Πρῶτον
398 635 490 669 εἶναι
513 638 572 669 καὶ
595 638 763 681 μέγιστον
787 631 936 680 ἀγαθὸν
959 633 1073 668 πᾶσιν
1093 630 1238 678 ἆνθρώ-
1374 633 1532 668 Primum
1554 643 1633 669 esse
1655 637 1691 668 et
1712 633 1899 668 maximum
1929 633 2062 668 bonum
2084 631 2246 667 omnibus
2270 629 2383 665 homi-

165 691 243 715 ποις
266 680 480 725 πιστεύομεν
503 681 572 723 τὴν
595 682 654 723 τῆς
678 677 837 722 ἀληθοῦς
859 681 918 712 καὶ
942 676 1137 722 ἀμωμήτου
1161 678 1239 711 τῶν
1307 678 1411 715 nibus
1437 678 1611 714 credimus
1641 687 1745 714 verae
1776 681 1811 712 et
1833 677 2080 713 immaculatae
2103 675 2384 711 Christianorum

165 726 398 770 Χριστιανῶν
435 729 589 760 πίστεως
624 724 743 769 ὀρθὴν
778 721 981 770 ὁμολογίαν,
1017 724 1065 756 είς
1099 722 1141 756 τὸ
1178 720 1238 756 διὰ
1308 724 1389 759 fidei
1412 728 1544 759 rectam
1568 722 1844 765 confessionem,
1874 725 1915 757 ut
1938 731 2002 767 per
2025 721 2142 756 omnia
2165 721 2254 756 haec
2277 720 2383 754 robo-

165 771 317 805 πάντων
354 767 468 813 αὐτὴν
502 768 762 816 κρατύνεσθαι,
798 772 857 802 καὶ
892 768 1032 804 πάντας
1065 767 1147 802 τοὺς
1176 768 1238 809 τῆς
1257 771 1294 803 10
1308 771 1407 804 retur
1435 772 1471 804 et
1493 778 1614 804 omnes
1632 768 1727 804 orbis
1748 772 1922 803 terrarum
1946 766 2158 802 sanctissimi
2181 764 2384 801 sacerdotes

164 816 366 859 οἰκουμένης
388 812 607 850 ὁσιωτάτους
629 814 739 861 ἱερέας
767 814 814 848 εἰς
842 811 1017 858 ὁμόνοιαν
1048 812 1237 857 συναφθῆ·
1308 814 1353 849 ad
1377 814 1604 849 concordiam
1636 814 1848 858 copulentur
1878 816 1914 847 et
1943 820 2099 847 consone
2122 809 2384 845 immaculatam

164 874 225 894 ναι
255 863 313 894 καὶ
346 859 545 906 ὁμοφώνως
579 860 645 904 τὴν
675 857 795 905 ὀρθὴν
825 860 901 893 τῶν
925 859 1158 904 Χριστιανῶν
1181 860 1239 891 πί·
1310 859 1590 894 Christianorum
1631 858 1888 894 confessionem
1924 856 2132 910 praedicent
2176 860 2212 891 et
2246 864 2385 890 omnem

165 917 246 940 στιν
270 904 457 951 ὁμολογεῖν
487 919 526 940 τε
554 909 612 939 καὶ
636 906 836 950 κηρύττειν,
867 907 926 937 καὶ
950 904 1074 938 πᾶσαν
1098 900 1238 949 πρόφα-
1308 905 1532 940 occasionem
1566 913 1658 948 quae
1692 904 1738 939 ab
1769 902 1959 939 haereticis
1992 902 2169 937 invenitur
2197 900 2383 936 auferant:

165 963 224 984 σιν
245 951 344 994 παρὰ
362 953 439 985 τῶν
456 950 644 996 αἱρετικῶν
661 952 958 995 έφευρισκομένην
975 945 1238 995 ἀφαιρεθῆναι·
1309 950 1403 1001 quod
1435 948 1633 985 ostenditur
1665 952 1701 984 et
1731 958 1775 984 ex
1809 947 1956 984 diversis
1988 945 2200 991 conscriptis
2231 955 2253 980 a
2281 944 2385 998 nobis

164 992 255 1041 ὅπερ
279 994 460 1030 δείκνυται
484 998 522 1029 ἐκ
544 997 621 1029 τῶν
644 991 733 1040 παρ’
760 992 865 1037 ἡμῶν
886 992 1067 1039 διαφόρως
1088 995 1238 1039 γραφέν·
1256 994 1406 1030 1511bris
1438 997 1474 1030 et
1506 994 1641 1030 edictis.
1690 994 1762 1029 Sed
1793 993 1959 1038 quoniam
1990 992 2160 1027 haeretici
2189 1000 2304 1036 neque
2327 990 2386 1025 del

163 1054 240 1074 των
264 1040 384 1084 λόγων
402 1053 442 1075 τε
462 1044 521 1075 καὶ
541 1038 698 1074 ι’ὃίκτων.
747 1036 828 1073 ἀλλ’
849 1040 995 1084 ἐπείπερ
1016 1038 1049 1072 οἱ
1070 1037 1239 1083 αἷρετικοὶ
1310 1040 1503 1084 cogitantes
1523 1039 1685 1075 timorem
1704 1049 1820 1083 neque
1834 1038 2080 1074 interminatas
2099 1036 2231 1071 talibus
2251 1044 2385 1081 poenas

162 1086 250 1130 μήτε
272 1086 340 1120 τὸν
363 1087 427 1120 τοῦ
451 1085 542 1119 θεοῦ
566 1084 773 1119 ἐννοοῦντες
796 1083 913 1130 φόβον
943 1084 1033 1128 μήτε
1052 1083 1116 1117 τὰς
1139 1080 1239 1125 ἠπει-
1309 1095 1352 1119 ex
1375 1085 1492 1129 legum
1521 1084 1709 1120 severitate
1741 1083 2005 1120 considerantes
2037 1081 2170 1118 diaboli
2199 1091 2289 1126 opus
2320 1081 2385 1134 im:

164 1130 314 1175 λημένας
351 1133 424 1165 τοῖς
457 1129 631 1164 τοιούτοις
670 1130 798 1164 ποινὰς
835 1132 873 1162 έκ
907 1131 969 1171 τῆς
1003 1130 1080 1162 τῶν
1114 1128 1240 1172 νόμων
1308 1131 1407 1175 plent
1430 1133 1466 1164 et
1489 1129 1659 1175 quosdam
1683 1129 1895 1175 simplicium
1927 1128 2134 1164 seducentes
2158 1130 2302 1162 sanctae
2329 1125 2387 1161 dei

165 1174 356 1221 αὐστηρίας
376 1173 640 1220 ἐνθυμούμενοι
660 1177 725 1210 τοῦ
741 1171 912 1219 διαβόλου
932 1175 1036 1220 ἔργον
1054 1172 1239 1221 πληροῦσι,
1310 1175 1505 1210 catholicae
1526 1178 1560 1210 et
1584 1175 1804 1220 apostolicae
1824 1173 1994 1210 ecclesiae
2016 1172 2196 1208 adulteras
2217 1171 2386 1207 collectas

164 1225 226 1254 καί
257 1232 357 1255 τινας
394 1222 471 1255 τῶν
506 1219 762 1265 ἁπλουστέρων
800 1217 1011 1254 ἀπατῶντες
1044 1219 1105 1262 τῆς
1140 1217 1241 1264 ἁγίας
1254 1221 1295 1253 20
1308 1223 1344 1255 et
1361 1220 1524 1255 adultera
1540 1220 1753 1265 baptismata
1776 1220 1928 1255 latenter
1942 1218 2093 1259 faciunt,
2117 1217 2261 1263 pietatis
2278 1216 2385 1252 aesti-

164 1268 228 1299 τοῦ
245 1266 333 1299 θεοῦ
358 1264 551 1309 καθολικῆς
576 1268 634 1299 καὶ
658 1262 895 1307 ἀποστολικῆς
920 1263 1102 1306 ἐκκλησίας
1125 1276 1239 1309 παρα·
1307 1266 1478 1300 mavimus
1502 1275 1567 1310 per
1590 1275 1759 1310 praesens
1783 1269 1945 1300 nostrum
1976 1264 2132 1299 edictum
2156 1271 2300 1298 monere
2324 1270 2386 1298 eos

165 1311 324 1351 συνάξεις
361 1314 421 1344 καὶ
458 1314 797 1355 παραβαπτίσματα
835 1308 1022 1354 λαθραίοις
1061 1310 1239 1352 ποιοῦσιν,
1309 1311 1368 1355 qui
1390 1310 1480 1345 tales
1505 1312 1607 1352 sunt,
1642 1314 1816 1355 quatenus
1848 1314 1884 1344 et
1906 1309 1975 1354 ipsi
1998 1308 2167 1344 recedant
2190 1307 2235 1342 ab
2260 1307 2385 1342 haere-

164 1352 303 1399 εὐσεβὲς
333 1354 546 1402 ἡγησάμεθα
577 1354 636 1389 διὰ
667 1357 730 1390 τοῦ
761 1354 939 1400 παρόντος
969 1352 1073 1398 ἡμῶν
1105 1352 1239 1388 ἰὸίκτου
1307 1356 1380 1391 tica
1402 1355 1546 1390 vesania
1570 1358 1605 1391 et
1628 1366 1694 1391 nec
1713 1356 1862 1391 aliorum
1886 1355 2022 1390 animas
2045 1364 2109 1399 per
2125 1353 2386 1398 simplicitatem

164 1403 379 1446 παραινέσαι
409 1404 482 1435 τοῖς
512 1399 704 1443 τοιούτοις,
741 1397 803 1446 ἐφ’
829 1393 860 1443 ᾧ
893 1402 951 1433 καὶ
988 1396 1115 1434 αὖτοὺς
1149 1396 1237 1433 ἀπο·
1307 1400 1477 1446 perdant,
1508 1401 1570 1436 sed
1600 1401 1711 1445 magis
1742 1402 1958 1436 concurrant
1987 1399 2034 1434 ad
2058 1401 2218 1434 sanctam
2246 1397 2303 1432 dei
2326 1407 2385 1432 ec-

164 1447 294 1488 στῆναι
327 1447 388 1488 τῆς
424 1445 600 1491 αἱρετικῆς
632 1449 761 1490 μανίας
797 1448 856 1479 καὶ
890 1443 981 1489 μηδὲ
1011 1444 1074 1479 τὰς
1105 1445 1239 1487 ἑτέρων
1253 1447 1294 1479 25
1309 1446 1471 1488 clesiam‚
1501 1446 1537 1480 in
1562 1456 1632 1490 qua
1662 1449 1761 1481 recta
1784 1445 2035 1491 praedicantur
2057 1444 2222 1488 dogmata
2253 1445 2288 1478 et
2311 1452 2385 1478 om·

165 1492 277 1535 ψυχὰς
301 1487 353 1524 δι’
379 1487 518 1535 ἀπάτης
541 1488 759 1533 ἀπολλύναι,
793 1488 883 1524 ἀλλὰ
909 1488 1044 1534 μᾶλλον
1068 1487 1239 1535 προςὸρα-
1308 1501 1371 1526 nes
1395 1491 1559 1526 haereses
1585 1502 1665 1526 cum
1684 1492 1905 1537 principibus
1929 1491 2003 1525 suis
2027 1488 2385 1525 anathematizantur.

163 1539 242 1579 μεῖν
275 1537 319 1581 τῇ
355 1534 441 1582 ἁγίᾳ
480 1537 543 1570 τοῦ
580 1536 670 1570 θεοῦ
706 1534 887 1579 ἐκκλησία,
928 1537 968 1570 έν
1002 1534 1023 1581 ᾑ
1059 1535 1105 1569 τὰ
1141 1532 1238 1579 ὀρθὰ
1307 1536 1423 1572 Nosse
1446 1537 1539 1571 enim
1565 1537 1725 1572 volumus
1745 1547 1877 1580 omnes,
1909 1536 1991 1581 quia
2014 1536 2045 1570 si
2069 1535 2112 1570 de
2134 1539 2250 1569 cetero
2276 1532 2387 1576 aliqui

164 1581 397 1625 πρεσβεύεται
432 1579 595 1628 δόγματα
631 1584 691 1614 καὶ
729 1582 845 1616 πᾶσαι
884 1580 923 1614 αἱ
961 1580 1109 1625 αἱρέσεις
1148 1579 1238 1624 μετὰ
1307 1582 1531 1617 inveniantur
1571 1584 1635 1617 aut
1669 1582 1867 1618 contrarias
1906 1581 2074 1617 collectas
2111 1579 2285 1615 facientes
2324 1581 2388 1612 aut

163 1627 240 1659 τῶν
262 1623 428 1672 ἀρχηγιῦν
452 1624 574 1660 αὐτῶν
590 1622 930 1670 ἂναθεματίζονται.
963 1624 1156 1671 γινώσκειν
1170 1624 1239 1672 γὰρ
1308 1627 1403 1671 apud
1434 1629 1546 1662 semet
1572 1626 1672 1672 ipsos
1702 1627 1857 1670 collecti,
1894 1635 2117 1671 nequaquam
2151 1623 2295 1660 omnino
2325 1632 2387 1658 eos

163 1667 329 1706 ἅπαντας
351 1670 579 1715 βουλόμεθα,
604 1669 652 1705 ώς
675 1672 705 1704 εἰ
727 1672 792 1705 τοῦ
813 1670 939 1725 λοιὶποῦ
963 1682 1058 1705 τινες
1081 1667 1238 1715 εὑρεθῶ-
1253 1673 1293 1706 30
1308 1671 1472 1714 ferimus‚
1503 1671 1565 1708 sed
1596 1673 1720 1709 domus
1752 1672 1892 1718 quidem
1921 1671 1984 1706 ubi
2015 1670 2149 1716 aliquid
2172 1667 2389 1714 delinquitur

163 1727 222 1749 σιν
253 1714 275 1758 ἢ
304 1715 619 1762 παρασυνάγοντες
653 1714 676 1758 ἢ
711 1715 800 1760 πρὸς
832 1714 960 1750 αυτοὺς
990 1716 1239 1761 συναγόμενοι,

162 1757 279 1793 οὐκέτι
302 1759 489 1794 παντελῶς
517 1759 660 1794 τούτων
689 1757 916 1804 ἀνεξόμεθα,
948 1757 1038 1794 ἀλλὰ
1061 1760 1144 1794 τοὺς
1172 1762 1240 1805 μὲν

161 1804 290 1846 οἴκους,
315 1804 412 1838 ἔνθα
435 1818 470 1839 τι
495 1806 658 1839 τοιοῦτον
683 1802 941 1850 ἁμαρτάνεται,
966 1805 1010 1851 τῇ
1027 1803 1114 1851 ἁγίᾳ
1133 1816 1236 1850 προς-

168 331 467 386 ΙΔΙΚΤΟΝ
504 265 1024 385 ΠΕΡῖΛῗῙΙΣΤΕῼΣ
1059 329 1239 385 ΚῼΝ-

305 397 1106 453 ΣΤΑΝΤΙΝΟΥΠΟΛΙΤΑΙΣ.

96 1921 99 1923 -
229 1896 315 1930 Νου.
340 1896 521 1930 CXXXII
540 1896 702 1937 (Audient-
724 1896 863 1930 CXXX
883 1911 926 1923 =
956 1896 1035 1930 Goll.
1051 1897 1111 1929 IX
1129 1898 1174 1930 tit.
1194 1898 1251 1930 12:
1276 1897 1389 1940 yloss.)
1416 1897 1541 1933 Graece
1566 1905 1652 1932 ertat
1676 1898 1709 1931 in
1733 1897 1821 1939 ML,
1846 1897 1882 1930 B
1901 1899 1931 1937 1,
1948 1904 1972 1937 1,
1989 1904 2024 1931 58
2049 1898 2113 1938 [54;
2139 1898 2181 1940 cf.
2201 1897 2388 1931 Zachariae

164 1941 269 1973 Beitr.
292 1954 319 1973 z.
344 1941 432 1974 Krit.
457 1953 487 1973 u.
512 1940 706 1974 Restitution
733 1942 791 1974 der
815 1941 1008 1982 Basiliken,
1032 1941 1082 1974 Se.
1102 1941 1244 1975 Petersb.
1270 1943 1367 1984 1877,
1386 1955 1423 1985 p.
1447 1944 1549 1985 4.15]
1582 1944 1669 1986 (inde
1693 1941 1872 1977 Nomoc.d²⁷2
1897 1943 1997 1976 XIV
2015 1943 2061 1976 tit.
2086 1943 2189 1985 3,15).
2220 1961 2265 1967 --
2294 1943 2387 1986 Epit.

166 1985 286 2018 Theod.
313 1986 388 2026 132,
411 1986 532 2018 Athon.
549 1987 610 2028 3‚4
635 1986 723 2028 (inde
753 1986 835 2019 Coti.
861 1993 959 2019 const.
985 1987 1060 2019 eccl.
1085 1986 1147 2019 III
1169 1988 1200 2028 3,
1213 1993 1241 2028 4,
1263 1988 1427 2030 paratitla
1449 1989 1526 2021 Ath.
1543 1990 1563 2022 2
1590 1990 1663 2030 §5)‚
1687 1989 1820 2022 Nomoc.
1844 1988 1944 2022 XIV
1964 1989 2009 2021 tit.
2030 1989 2120 2029 3,15.

493 2171 812 2223 EDICTUM
845 2171 947 2222 DE
975 2171 1154 2222 FIDE
1180 2104 1575 2223 ῗέἰίῖῙξΤΑΝΤῙ
1574 2173 1626 2223 Ν
1626 2173 2059 2226 OPOLITANIS.

298 2262 460 2298 Primum
494 2267 530 2298 et
563 2272 738 2297 summum
773 2261 904 2297 bonum
940 2261 1104 2297 omnibus
1138 2260 1338 2298 hominibus
1372 2273 1448 2298 esse
1481 2263 1657 2298 credimus
1694 2274 1799 2300 verae
1831 2268 1868 2299 et
1900 2265 2066 2311 integrae
2102 2263 2387 2302 Christianorum

162 2309 251 2355 fidei
271 2313 406 2344 rectam
429 2308 713 2353 confessionem,
744 2310 785 2342 ut
807 2317 850 2342 ea
872 2317 941 2352 per
965 2308 1084 2342 omnia
1108 2307 1376 2350 corroboretur,
1407 2312 1442 2343 et
1466 2318 1588 2343 omnes
1612 2308 1710 2344 orbis
1742 2312 1920 2344 terrarum
1943 2309 2160 2345 sanctissimi
2180 2310 2388 2347 sacerdotes

164 2354 359 2390 concordia
382 2353 651 2399 coniunqantur
674 2356 711 2388 et
732 2362 804 2387 uno
830 2362 893 2387 ore
915 2356 1050 2388 rectam
1076 2351 1358 2388 Christianorum
1378 2352 1487 2398 fidem
1504 2353 1749 2400 profiteantur
1771 2357 1807 2390 et
1826 2354 2050 2400 praedicent,
2081 2359 2118 2391 et
2140 2355 2256 2391 omnis
2272 2367 2385 2408 prae-

165 2405 287 2435 textus
310 2398 354 2434 ab
378 2397 568 2434 haereticis
589 2398 753 2433 inventus
777 2396 935 2439 tollatur,
967 2396 1007 2432 id
1028 2397 1125 2443 quod
1147 2408 1196 2433 eoe
1219 2397 1347 2433 libellis
1379 2402 1414 2433 et
1443 2398 1569 2434 edictis
1599 2398 1738 2434 diverso
1768 2399 1874 2434 modo
1904 2411 1928 2435 a
1956 2399 2058 2435 nobis
2088 2401 2303 2447 conscriptis
2326 2401 2387 2437 de-

165 2447 400 2480 monstratur.
447 2441 520 2478 Sed
543 2443 713 2488 quoniam
737 2441 909 2477 haeretici
937 2452 1052 2487 neque
1074 2441 1133 2477 dei
1155 2442 1316 2477 timorem
1339 2447 1457 2479 mente
1478 2444 1718 2490 concipientes
1747 2454 1862 2490 neque
1881 2455 2021 2490 poenas
2046 2456 2096 2481 ex
2118 2445 2237 2491 lequm
2259 2446 2386 2482 severi-

166 2493 239 2525 tate
269 2488 475 2524 huiusmodi
504 2487 704 2523 hominibus
735 2486 965 2522 denuntiatus
994 2490 1202 2533 reputantes
1232 2487 1367 2524 diaboli
1399 2498 1492 2534 opus
1518 2489 1726 2535 perficiunt,
1758 2492 1792 2524 et
1813 2490 2008 2525 nonnullos
2036 2500 2086 2526 ex
2107 2490 2388 2537 simplicioribus

165 2534 381 2581 decipientes
403 2544 426 2568 a
448 2537 576 2568 sancta
599 2532 657 2567 dei
680 2531 860 2567 catholica
891 2535 926 2567 et
948 2531 1149 2578 apostolica
1172 2532 1322 2568 ecclesia
1346 2533 1465 2569 aliena
1490 2533 1737 2570 conventicula
1767 2538 1802 2569 et
1825 2533 2044 2581 baptismata
2076 2534 2386 2580 clam-celebrant,

160 2579 263 2627 pium
286 2589 362 2614 esse
385 2578 668 2614 existimavimus
693 2588 762 2623 per
781 2587 956 2623 praesens
978 2576 1131 2613 edictum
1155 2581 1316 2613 nostrum
1350 2578 1440 2613 tales
1463 2577 1622 2614 homines
1645 2578 1807 2623 hortari,
1836 2585 1878 2615 ut
1900 2583 1935 2615 et
1955 2581 2028 2626 ipsi
2058 2580 2102 2616 ab
2127 2580 2309 2617 haeretica
2332 2582 2387 2616 in-

164 2626 270 2660 sania
300 2624 503 2660 abstineant
532 2633 619 2658 neve
642 2622 798 2657 aliorum
821 2622 961 2657 animas
986 2633 1054 2668 per
1075 2621 1246 2667 fraudem
1262 2623 1435 2669 perdant,
1467 2624 1530 2659 sed
1559 2627 1600 2659 ut
1625 2624 1749 2670 potius
1779 2624 1830 2660 ad
1854 2628 2015 2660 sanctam
2039 2625 2097 2660 dei
2119 2626 2304 2662 ecclesiam
2327 2636 2388 2662 ac-

165 2672 334 2712 currant,
363 2668 403 2704 in
426 2679 499 2715 qua
522 2672 622 2704 recta
644 2667 813 2713 doqmaea
835 2667 1003 2702 coluntur
1026 2677 1216 2713 omnesque
1237 2666 1403 2703 haereses
1432 2678 1512 2704 cum
1535 2668 1697 2715 ipsarum
1721 2669 1928 2705 auctoribus
1951 2670 2178 2707 anathemate
2197 2675 2384 2719 petuntur.

165 2714 267 2750 Scire
294 2713 387 2750 enim
419 2724 539 2749 omnes
568 2712 743 2754 volumus,
773 2712 808 2747 si
828 2712 891 2757 qui
920 2712 959 2746 in
980 2716 1167 2758 posterum
1189 2723 1230 2747 re
1255 2713 1419 2748 eriantur
1449 2717 1513 2748 aut
1543 2714 1606 2759 qui
1629 2714 1876 2750 conventicula
1899 2714 2026 2751 illicita
2049 2715 2206 2752 habeant
2236 2721 2302 2752 aut
2324 2717 2388 2763 qui

165 2759 266 2806 apud
280 2770 342 2795 eos
357 2759 582 2800 conveniant,
605 2757 706 2793 nullo
724 2757 868 2792 omnino
886 2761 1001 2803 pacto
1025 2767 1092 2792 nos
1111 2756 1200 2792 haec
1210 2724 1294 2803 ἔοι-ι’
1310 2768 1491 2804 passuros
1507 2769 1594 2802 esse,
1617 2759 1682 2794 sed
1696 2759 1823 2795 domos
1845 2759 1906 2796 ubi
1931 2760 2002 2795 tale
2025 2760 2114 2806 quid
2128 2761 2386 2805 committatur,

233 2851 253 2884 2
271 2846 424 2883 Ἴδικτον
445 2849 528 2882 ΜΒ
540 2849 672 2890 Theoti„
696 2849 793 2882 index
804 2848 847 2888 L]
867 2844 1033 2881 Ἔδικτον
1049 2848 1081 2881 L
1098 2850 1131 2881 in
1149 2855 1243 2891 textu,
1356 2850 1375 2882 2
1390 2847 1536 2882 collectis
1549 2849 1679 2891 RTal.]
1696 2849 1845 2892 collegiis
1867 2850 1947 2884 Vae.
1964 2850 1977 2895 11
1995 2853 2016 2885 4
2028 2850 2146 2885 flavius
2159 2852 2205 2893 R]
2226 2851 2260 2886 fi.
2281 2853 2385 2886 Vsal.

165 2897 241 2930 Ath.
259 2895 272 2939 ΙΙ
288 2896 370 2939 περὶ
393 2897 549 2928 πίστεως
565 2894 636 2926 ML
644 2894 686 2934 Β]
711 2894 793 2937 περὶ
817 2890 1007 2936 αἱρετικιῦν
1030 2893 1107 2926 Am.
1121 2893 1242 2927 Theod.
1312 2894 1344 2926 T
1355 2892 1367 2937 ΙΙ
1386 2894 1464 2927 inst.
1482 2894 1515 2927 V
1527 2893 1620 2927 iusti.
1637 2895 1671 2928 R
1691 2894 1768 2937 pius
1780 2895 1859 2929 iust.
1873 2896 2080 2930 Pistoriensis
2097 2895 2109 2939 ΙΙ
2125 2896 2264 2930 inclitor
2277 2897 2387 2931 uictor

166 2943 222 2984 (cs.
236 2942 268 2981 ς)
283 2939 296 2981 l]
320 2940 588 2972 κωνσταντίνου
605 2935 768 2972 πολίταις
791 2935 1146 2979 (κωντινουπολίταις
1160 2938 1193 2971 L
1209 2939 1242 2972 in
1309 2938 1572 2982 atriumphator-
1596 2940 1629 2973 V
1642 2938 1654 2984 ΙΙ
1670 2941 1689 2973 5
1706 2940 1850 2973 edictum
1862 2940 1950 2982 RV]
1976 2941 2081 2974 edicto
2099 2942 2133 2975 T
2141 2943 2184 2975 al.
2204 2942 2216 2986 ΙΙ
2232 2946 2385 2976 constan—

168 2992 262 3027 textu,
282 2980 691 3038 κοζνσταντίνονπόλεως
707 2984 803 3015 index
815 2984 858 3024 L)
876 2983 997 3023 MLB]
1020 2978 1241 3017 insenAcvo-
1310 2983 1540 3036 tinopolitanis
1559 2985 1991 3036 R]·constantinopolitano
2014 2989 2069 3029 sip.
2097 2987 2130 3020 T
2159 2988 2385 3020 constantino-

167 3027 745 3116 “⁹¹²1‘²²⁹1tsszss‘23203²‘225‘50}⁶}5‘
746 3040 768 3116 ιῖ
769 3025 1242 3116 '‘i“ssssss‘ffaiiofi‘ffl'fi'i
1309 3028 2384 3120 1341„{Agmpffinffiegsffiffimfffi132malji32.211baffl.

166 3086 361 3153 66112ῗοΒῖ
380 3118 392 3163 ΙΙ
423 3120 465 3152 12
488 3097 702 3162 όμοφρόναις
726 3117 904 3151 N0m00.·1m
927 3117 939 3160 ΙΙ
959 3097 1100 3161 .ὀρθὴν]
1117 3099 1242 3151 'imma-
1310 3118 1508 3160 copulantur
1533 3120 1588 3163 Tu
1608 3121 1650 3153 12
1674 3120 1878 3153 confessione
1900 3121 2015 3163 Vn13
2039 3120 2210 3154 auferatur
2228 3090 2386 3155 171611118-

168 3164 311 3200 culatam
336 3175 355 3199 ς
372 3163 385 3208 ΙΙ
404 3165 444 3198 13
462 3160 649 3208 ὁμολογεῖν
671 3174 711 3195 τε
734 3164 794 3195 καὶ
817 3175 874 3196 om.
892 3175 912 3199 ς
928 3164 940 3206 ΙΙ
961 3166 1002 3196 14
1025 3161 1137 3207 παρὰ]
1161 3165 1244 3208 περὶ

168 3211 210 3252 L,
236 3222 293 3242 om.
318 3207 370 3241 B!
389 3207 402 3252 11
424 3203 675 3252 εὑρισκομένην
698 3207 879 3240 Νοηιοιπ(17η
895 3208 907 3251 ΙΙ
934 3210 973 3242 15
998 3208 1048 3249 ἐκ]
1073 3209 1106 3240 et
1128 3218 1167 3240 ex
1191 3220 1210 3245 ς
1232 3207 1244 3246 ΙΙ

167 3255 380 3301 γραφέντων
412 3250 471 3286 δια
502 3252 594 3298 όρως
623 3250 881 3298 (διαφερόντως
910 3253 973 3295 13⁶)
1002 3251 1069 3286 Bc!
1106 3252 1243 3287 diversis

168 3301 204 3341 (i.
226 3313 251 3332 e.
278 3266 503 3344 Scaqodqmff)
528 3298 722 3341 conscriptis
746 3308 765 3333 ς
790 3296 803 3341 ΙΙ
836 3299 877 3332 16
901 3295 1055 3331 ἐδίκτων
1077 3298 1109 3330 L
1133 3298 1177 3341 (et
1197 3300 1244 3332 sic

168 3345 280 3388 infra).
310 3344 359 3387 CJ'.
378 3355 449 3377 nov.
461 3343 659 3377 XXXVII
675 3343 696 3385 ξ
713 3344 799 3376 5-8
822 3350 851 3376 et
870 3355 952 3385 quae
969 3343 1131 3376 Bienerus
1149 3346 1245 3388 affert

173 3391 286 3424 Gesch.
305 3390 336 3422 cl.
353 3388 438 3422 Nov.
451 3401 487 3432 p.
503 3389 569 3422 484
577 3401 624 3431 sq.
646 3388 658 3431 l]
683 3383 764 3419 ἀλλ’
781 3387 926 3432 ἐπείπερ
941 3406 987 3413 -
1006 3389 1082 3430 666,
1096 3395 1106 3421 1
1125 3386 1242 3431 ἐκκλη-

169 3438 230 3478 σία
247 3433 366 3467 om.Br
380 3433 393 3477 ΙΙ
420 3435 460 3467 17
484 3431 601 3477 *μηδὲ
623 3451 666 3456 -
686 3429 777 3475 μηδὲ
799 3433 910 3466 MLB
926 3433 938 3476 ΙΙ
966 3434 1006 3467 19
1031 3430 1243 3478 ἐκπληροῦσι

169 3481 329 3515 Nomoc.”⁸
345 3479 357 3522 ΙΙ
376 3480 418 3512 20
434 3475 669 3513 ἀπαντῶντες
682 3477 832 3512 Nemaea
850 3477 862 3523 ΙΙ
879 3478 921 3511 22
933 3477 1099 3511 ποιοῦντι
1115 3479 1157 3511 Μ
1169 3478 1180 3522 ΙΙ
1201 3479 1242 3512 23

169 3521 321 3568 εὐσεβὲς]
345 3524 478 3566 pietatis
501 3534 520 3560 ς
544 3523 556 3561 ΙΙ
581 3518 762 3566 παρόντος
780 3518 883 3566 ἡμῶν
906 3522 1082 3557 N0m00.·1m
1094 3525 1125 3565 ς]
1149 3520 1241 3568 παρ’

129 3591 131 3593 -
170 3566 274 3613 ἡμῶν
287 3570 396 3603 MLB
413 3569 425 3612 ΙΙ
442 3570 485 3603 26
509 3564 558 3601 δι’
574 3565 727 3608 ἆποίτης]
749 3578 809 3610 per
831 3567 1075 3610 simplicitatem
1097 3569 1131 3610 (i.
1145 3581 1170 3602 e.
1188 3564 1240 3601 δι’

171 3611 372 3657 ἁπλότητος
380 3614 410 3657 Ῡ)
433 3626 453 3650 ς
473 3613 485 3659 ss
511 3615 551 3647 27
573 3608 752 3654 ἐκκλησίᾳ]
783 3611 961 3655 uon-rozam?
986 3610 1150 3655 ἐκκλησία
1173 3614 1242 3647 Νο-

170 3658 294 3693 mcc-⁶¹³
309 3658 323 3697 Ι
340 3659 383 3694 28
399 3656 606 3695 πιστεύεται
617 3657 796 3692 Nomocffln
813 3657 826 3702 ΙΙ
842 3656 882 3692 αἱ
903 3670 961 3691 om.
975 3658 1151 3692 Nomocstm
1169 3658 1181 3702 ΙΙ
1199 3659 1242 3692 29

169 3703 252 3751 γὰρ]
275 3700 317 3737 δὲ
332 3705 364 3738 L
382 3703 394 3749 ΙΙ
417 3705 459 3739 33
482 3703 649 3738 τοιοῦτον
669 3703 750 3744 LB]
775 3715 832 3737 om.
847 3703 895 3737 Μ
895 3703 943 3747 ςΙΙ
968 3700 1197 3749 ἅμαρτηθείη
1210 3705 1241 3737 L

1309 3167 1401 3195 ratur
1428 3164 1461 3197 T
1482 3163 1494 3208 ΙΙ
1520 3166 1562 3198 14
1586 3165 1766 3201 ostendunt
1792 3166 1823 3198 Τ
1844 3166 1856 3209 ΙΙ
1873 3167 1906 3198 et
1930 3165 2064 3207 RVam
2091 3179 2149 3199 om.
2165 3166 2293 3211 Tvulq.
2311 3166 2324 3210 ΙΙ
2344 3168 2384 3201 15

1310 3207 1372 3248 dei]
1394 3207 1433 3241 de
1449 3208 1503 3242 dei
1520 3210 1552 3242 Τ
1565 3209 1577 3253 ΙΙ
1596 3211 1637 3243 16
1655 3210 1837 3251 cogitantes
1852 3211 1958 3251 Beck]
1982 3212 2131 3253 cogitant
2148 3211 2224 3245 libri
2236 3210 2249 3255 ΙΙ
2268 3211 2385 3245 timore

1311 3254 1342 3286 Τ
1354 3253 1365 3296 ΙΙ
1389 3255 1426 3286 17
1443 3254 1571 3297 inplere
1590 3255 1621 3287 T
1632 3254 1645 3299 ΙΙ
1667 3256 1706 3289 18
1723 3255 1892 3297 quosdam]
1914 3255 2071 3298 quosdam
2087 3255 2214 3288 animos
2232 3257 2265 3289 T
2276 3256 2288 3300 [Ι
2307 3267 2384 3300 sup-

1309 3298 1444 3340 plitium
1467 3298 1517 3332 R¹
1542 3299 1553 3342 ΙΙ
1576 3299 1630 3332 dei
1655 3299 1760 3341 Beck]
1784 3300 1861 3334 fidei
1885 3301 1963 3334 libri
1984 3302 2039 3344 (cf.
2065 3302 2111 3334 ad
2132 3302 2189 3343 24)
2210 3299 2223 3343 ΙΙ
2251 3302 2292 3336 19
2318 3301 2384 3335 col-

1310 3345 1420 3384 lectas]
1445 3346 1532 3376 ectas
1552 3357 1610 3377 om.
1632 3345 1684 3378 Va
1700 3347 1733 3378 in
1748 3353 1834 3389 spat.
1850 3358 1919 3379 vac.
1939 3345 1951 3390 ΙΙ
1968 3346 2010 3379 20
2030 3345 2191 3379 lateretur
2207 3345 2256 3380 Β*
2280 3346 2386 3380 latent

1319 3388 1366 3421 V²
1384 3388 1396 3432 ΙΙ
1413 3390 1456 3423 24
1479 3390 1614 3422 currant
1642 3390 1674 3422 T
1692 3390 1704 3433 ΙΙ
1730 3390 1772 3423 ad
1795 3403 1853 3424 om.
1867 3390 1901 3423 R
1919 3391 1931 3433 11
1955 3390 2020 3432 dei]
2044 3391 2121 3424 fidei
2142 3391 2177 3424 V
2191 3390 2203 3434 ΙΙ
2229 3391 2270 3425 25
2295 3393 2385 3425 recta

1310 3446 1368 3468 om.
1382 3433 1432 3466 R¹
1447 3434 1460 3477 ΙΙ
1478 3435 1520 3468 26
1544 3435 1865 3469 anathematizentur
1882 3436 1914 3469 T
1932 3435 2246 3469 anathematizemus
2266 3437 2301 3470 V
2310 3437 2322 3480 ss
2340 3438 2381 3471 27

1310 3480 1415 3519 nosse]
1439 3489 1499 3512 nos
1514 3479 1563 3512 R²
1580 3479 1593 3523 ΙΙ
1609 3480 1639 3513 si
1655 3493 1712 3513 om.
1736 3481 1815 3523 Van
1834 3480 1962 3523 aliquid
1986 3482 2050 3515 VT
2068 3481 2080 3524 ΙΙ
2104 3483 2146 3515 29
2169 3480 2301 3515 collecti
2324 3492 2383 3515 ne—

1310 3534 1472 3565 quaquam
1496 3525 1542 3557 R¹
1556 3526 1613 3566 aL]
1637 3525 1864 3558 collectionem
1883 3536 2092 3568 nequaquam
2113 3526 2238 3571 Vvulq.
2263 3526 2383 3560 collec-

1308 3569 1432 3602 tionem
1456 3579 1653 3611 quamquam
1677 3570 1769 3604 R²T
1783 3570 1796 3615 ΙΙ
1811 3572 1854 3604 30
1877 3571 1985 3605 ferens
2011 3573 2044 3605 T

2069 3762 2114 3797 84
