2618 4010
1402 184 1491 192 ——

170 135 228 166 ns
258 132 486 168 MONAcms
1261 122 1314 169 29
1444 171 1448 177 ,
1746 104 1762 106 Π
1955 109 1958 114 “
2105 130 2212 173 Now
2246 131 2280 173 V
2314 135 2349 176 1.
2382 136 2407 175 2

167 233 270 276 λείας,
294 235 331 269 εἴ
349 237 441 270 ποτέ
460 247 513 271 τις
535 234 739 280 ονκοδομεῖν
762 232 883 283 εὐαγὲς
905 235 1148 284 μοναστὴριον
1167 237 1250 282 floi—
1321 238 1480 274 nerabile
1503 239 1761 274 monasterium
1785 239 1959 284 voluerit,
1992 251 2064 276 non
2095 241 2195 286 prius
2229 243 2409 278 licentiam

166 278 274 320 λοιτο,
298 279 348 325 μὴ
372 279 549 327 πρότερον
567 278 694 315 ἄδειαν
712 280 806 315 εἶναι
826 283 933 316 τοῦτο
953 282 1138 329 πράττειν,
1162 286 1251 330 πρὶν
1322 294 1400 319 esse
1424 284 1492 320 hoo
1513 283 1656 329 agendi,
1687 293 1793 328 quam
1824 284 1891 320 deo
1923 286 2111 322 amabilem
2140 287 2302 323 locorum
2333 290 2407 334 epi-

165 322 212 359 ἂν
234 325 302 360 τὸν
325 324 615 381 θεοφιλέστατον
647 327 725 360 τῶν
754 326 882 361 τόπων
913 330 1114 363 ἐπίσκοπον
1147 341 1249 376 προς·
1321 340 1470 374 scopum
1495 329 1663 371 advocet,
1696 332 1734 364 at
1765 329 1825 364 ille
1848 340 1974 365 manus
2000 332 2171 368 extendat
2198 333 2245 368 ad
2271 334 2406 369 caelum

165 369 365 411 καλέσαιτο,
390 384 409 405 ο
434 369 474 404 δὲ
496 369 610 418 χεῖράς
633 384 673 405 τε
690 368 913 407 ἀνατείνειεν
934 374 981 408 εἰς
999 371 1166 420 οὐρανόν,
1190 378 1250 408 καὶ
1321 377 1357 410 et
1389 385 1453 419 per
1476 374 1674 410 orationem
1697 375 1814 409 locum
1839 379 2027 411 consecret
2051 377 2117 413 deo
2132 404 2142 421 ‚
2168 378 2279 423 figens
2304 380 2342 414 in
2365 389 2408 415 eo

165 414 225 449 διὰ
249 416 310 459 τῆς
333 415 431 459 εὐχῆς
454 414 519 450 τὸν
543 413 660 451 τόπον
684 415 891 463 ἀνιερώσειε
918 419 1015 463 θεῷ,
1049 418 1251 464 πηξάμενος
1286 423 1305 454 5
1320 425 1465 455 nostrae
1485 420 1609 455 salutis
1634 419 1773 464 signum
1797 419 1960 460 (dicimus
1982 426 2101 457 autem
2124 423 2346 459 adorandam
2370 429 2407 460 et

165 463 205 493 ἐν
229 459 328 504 αὐτῷ
353 460 395 495 τὸ
419 462 481 505 τῆς
508 458 677 508 ἡμετέρας
702 459 885 507 σύμβολον
906 468 1086 512 σωτηρίας
1118 467 1250 521 (φαμὲν
1319 465 1563 501 honorandam
1583 475 1664 501 vere
1685 468 1852 508 crucem),
1878 465 2000 510 sicque
2023 467 2170 503 incohet
2192 469 2407 511 aedificium,

165 504 204 540 δὲ
227 505 294 540 τὸν
317 505 562 553 προςκυνητὸν
585 510 645 540 καὶ
665 511 788 552 τιζιιιον
812 509 927 544 ὄντως
947 508 1129 556 σταυρόν),
1153 508 1249 546 ου’τω
1319 510 1453 546 bonum
1476 511 1529 546 uti
1555 521 1600 546 ue
1624 510 1803 564 quoddam
1827 510 1896 546 hoc
1922 514 1958 546 et
1982 512 2110 547 decens
2136 514 2407 550 fundamentum

163 565 203 586 τε
226 550 378 597 ἄρξηται
401 553 462 595 τῆς
485 550 699 594 οἰκοδομίας,
725 553 836 589 καλὸν
861 552 904 597 δή
928 568 1013 590 τινα
1036 557 1168 591 τοῦτον
1190 560 1251 591 καὶ
1320 566 1467 602 ponens.
1551 566 1595 592 oc
1629 558 1752 601 1taque
1787 556 2000 601 principium
2036 558 2117 602 piae
2153 560 2407 595 venerabilium

163 599 353 642 πρέποντα
377 595 550 641 θεμέλιον
570 593 808 643 ἀποθέμενος.
853 596 959 643 Αὕτη
982 603 1050 645 μὲν
1073 594 1139 635 οὖν
1162 599 1252 649 ἀρχὴ
1320 602 1619 638 monasteriorum
1642 601 1801 637 fabricae
1825 601 1898 636 fiat.

163 643 223 685 τῆς
235 640 402 686 εὐσεβοῦς
421 644 500 678 τῶν
511 641 655 691 εὖαγῶν
672 649 931 692 μοναστηρίων
947 643 1123 688 ποιήσεως
1142 644 1248 681 ἔστω.
1270 650 1306 682 10

1173 736 1330 773 CAPUT
1356 737 1401 772 II.

205 794 269 848 (g)
291 799 489 837 Ἐντεῦθεν
502 801 543 837 δὲ
563 801 648 848 ἡμῖν
660 806 720 838 καὶ
736 802 780 838 τὰ
799 806 881 850 περὶ
893 804 972 838 τῶν
984 801 1079 838 καθ’
1094 805 1249 838 ἕκαστον
1365 805 1458 841 Hinc
1483 809 1602 840 autem
1621 806 1724 842 nobis
1742 807 1849 843 etiam
1869 805 1913 842 de
1931 806 2080 852 Singulis
2101 808 2284 843 monachis
2311 810 2406 853 cogi-

161 849 336 891 μοναχῶν
370 851 560 890 σκεπτέον,
597 852 681 884 τίνα
714 848 877 896 προςήκει
907 849 1081 895 γίνεσθαι
1112 847 1250 896 τρόπον
1319 851 1467 885 tandum
1487 854 1552 894 est,
1575 862 1644 895 quo
1664 852 1832 888 convenit
1847 852 1925 887 fieri
1944 852 2061 895 modo,
2080 855 2117 888 et
2135 856 2256 888 utrum
2275 854 2406 890 liberos

162 891 299 935 αὐτούς,
325 896 384 927 καὶ
409 891 565 940 πότερον
590 893 798 939 ἐλευθέρους
828 894 942 938 μόνον
974 891 996 937 ἢ
1027 897 1086 927 καὶ
1111 896 1250 929 οἰκέτας
1319 896 1435 931 solum
1460 899 1524 931 aut
1547 896 1655 931 etiam
1679 897 1774 933 forte
1798 908 1939 942 servos,
1973 908 2014 934 eo
2039 898 2136 943 quod
2163 909 2286 935 omnes
2311 900 2406 935 simi-

160 939 278 980 τυχόν,
302 937 396 973 διότι
415 937 556 974 πάντας
573 937 705 993 ὁμοίως
725 935 746 982 ἡ
766 939 854 973 θεία
874 937 1015 981 δέχεται
1033 937 1142 987 χάρις,
1163 952 1247 986 προ·
1317 941 1399 976 liter
1431 942 1550 976 divina
1574 942 1728 987 suscipit
1750 943 1886 988 gratia,
1918 943 2132 988 praedicans
2165 945 2285 990 palam
2311 946 2406 990 quia,

161 982 386 1031 κηρύττουσα
410 985 546 1029 σαφῶς,
573 995 620 1018 ως
642 981 727 1031 τόγε
751 986 811 1019 ἐπὶ
834 986 880 1028 τῆ
904 986 967 1018 τοῦ
990 985 1078 1019 θεοῦ
1100 984 1168 1020 λατ
1192 989 1249 1029 είᾳ
1265 990 1303 1021 15
1341 990 1491 1021 uantum
1523 987 1569 1021 ad
1601 987 1659 1022 dei
1691 988 1845 1030 cultum,
1883 999 1955 1024 non
1990 991 2047 1024 est
2077 990 2259 1025 masculus
2291 1001 2407 1035 neque

160 1027 223 1062 οὐκ
247 1028 349 1064 ἔστιν
372 1028 483 1076 ἄρσεν
507 1027 590 1063 οὐδὲ
613 1028 719 1073 θῆλυ,
743 1028 826 1064 οὔτε
850 1021 1038 1077 ἐλεύθερος
1062 1030 1144 1065 οὔτε
1191 1032 1247 1065 οὗ-
1333 1031 1466 1075 emina,
1500 1042 1615 1076 neque
1646 1032 1738 1068 liber
1769 1044 1884 1079 neque
1915 1045 2055 1070 servus:
2092 1045 2214 1070 omnes
2247 1035 2340 1070 enim
2370 1036 2407 1070 in

162 1073 234 1109 λος·
268 1073 407 1109 πάντας
437 1074 505 1121 γὰρ
530 1076 570 1108 έν
593 1077 744 1120 Χριστῷ
780 1077 820 1109 ἓν
844 1072 990 1110 εἰκότως
1020 1077 1248 1120 νομίζεσθαι.
1319 1076 1461 1112 Christo
1485 1087 1593 1112 unam
1617 1078 1814 1114 mercedem
1839 1080 2037 1124 percipere.
2083 1079 2272 1116 Sancimus
2297 1081 2407 1126 igitur

163 1121 388 1164 Θεσπίζομεν
411 1123 535 1154 τοίνυν
557 1122 631 1153 τοῖς
654 1119 772 1154 θείοις
801 1117 1086 1156 ἀκολουθοῦντες
1110 1119 1248 1163 κανόσι,
1318 1132 1440 1164 sacras
1474 1124 1662 1166 sequentes
1693 1123 1852 1167 regulas,
1886 1135 1947 1160 eos
1979 1125 2040 1170 qui
2071 1125 2288 1169 singularem
2320 1137 2406 1162 con-

162 1164 242 1199 τοὺς
273 1166 320 1200 εἰς
349 1162 487 1209 μονήρη
517 1167 601 1208 βίον
625 1164 941 1211 παραγγέλλοντας
971 1165 1022 1211 μὴ
1052 1171 1250 1215 προχείρως
1317 1167 1553 1202 versationem
1583 1167 1808 1212 profitentur,
1828 1180 1917 1216 ‘non
1952 1174 2118 1216 prompte
2147 1182 2230 1206 mox
2257 1183 2280 1207 a
2307 1182 2405 1207 reve-

160 1208 270 1245 εὗθὺς
293 1209 392 1254 παρὰ
414 1211 493 1244 τῶν
517 1207 795 1253 εὐλαβεστάτων
827 1207 1036 1258 ἡγουμένων
1066 1214 1146 1247 τῶν
1169 1211 1248 1247 εὖα-
1262 1215 1305 1247 20
1318 1212 1530 1248 rentissimis
1562 1213 1790 1257 praesulibus
1823 1215 2077 1251 venerabilium
2106 1217 2403 1252 monasteriorum

158 1258 237 1302 γῶν
259 1259 516 1302 μοναστηρίων
546 1256 662 1299 σχῆμα
695 1254 895 1300 λαμβάνειν
924 1256 1133 1301 μοναχικόν,
1164 1255 1245 1292 ἀλλ’
1318 1257 1480 1292 habitum
1513 1258 1698 1303 percipere
1731 1260 1984 1303 monachilem,
2021 1261 2084 1296 sed
2119 1272 2183 1306 per
2212 1262 2403 1297 triennium

159 1304 220 1336 ἐπὶ
245 1303 408 1347 τριετίαν
436 1297 535 1343 ὅλην,
567 1301 638 1335 εἴτε
670 1299 854 1347 ἐλεύθεροι
884 1302 995 1345 τυχὸν
1026 1303 1097 1337 εἴτε
1129 1301 1249 1338 δοῦλοι
1318 1306 1433 1338 totum
1460 1303 1545 1340 (sive
1568 1303 1673 1339 liberi
1695 1303 1790 1340 forte
1808 1305 1888 1340 sive.
1899 1306 1991 1340 servi
2015 1307 2099 1348 sint)
2124 1307 2290 1350 tolerare,
2315 1319 2404 1343 non-

159 1343 429 1389 καθεστήκοιεν,
451 1349 727 1393 προςκαρτερεῖν
744 1346 847 1382 οὔπω
867 1348 932 1382 τοῦ
950 1350 1144 1391 μοναχικοῦ
1166 1346 1246 1391 σχή-
1317 1348 1401 1383 (111111
1426 1349 1675 1384 monachicum
1700 1349 1862 1386 habitum
1886 1355 2142 1395 promerentes,
2169 1352 2232 1387 Sed
2255 1356 2406 1388 tonsura

157 1403 269 1436 ματος
293 1389 525 1435 ἠξιωμένους,
550 1388 639 1425 ἀλλὰ
663 1394 773 1437 κουρᾷ
797 1406 836 1426 τε
860 1396 919 1427 καὶ
944 1394 1077 1437 ἐσθῆτι
1101 1395 1147 1438 τῆ
1169 1396 1248 1430 τῶν
1315 1397 1352 1429 et
1374 1397 1472 1430 veste
1496 1404 1620 1430 eorum
1644 1395 1704 1439 qui
1727 1395 1811 1430 laici
1835 1399 2010 1431 vocantur
2033 1396 2098 1438 uti,
2123 1400 2160 1431 et
2183 1407 2327 1433 manere
2352 1398 2404 1433 di-

157 1435 389 1480 καλουμένων
411 1437 574 1483 χρῆσθαι
595 1435 743 1479 λαϊκιῦν,
768 1442 828 1471 καὶ
851 1441 974 1483 μένειν
997 1438 1044 1473 τοὶ
1065 1430 1133 1474 ‘coe‘
1154 1440 1245 1474 θεοῦ
1260 1443 1300 1474 25
1315 1440 1398 1475 vina
1422 1439 1601 1475 discentes
1625 1440 1782 1484 eloquia3
1809 1445 1845 1475 et
1869 1442 2175 1478 reverentissimos
2195 1452 2318 1478 eorum
2342 1444 2405 1479 ab·

158 1479 436 1526 διδασκομένους
461 1479 583 1529 λόγια·
617 1485 676 1515 καὶ
701 1481 783 1517 τοὺς
814 1481 1097 1529 εὐλαβεστάτους
1121 1481 1247 1519 αὐτῶν
1314 1485 1416 1520 bates
1448 1484 1630 1530 requirere
1659 1496 1739 1527 008,
1772 1486 1845 1522 sive
1874 1486 1978 1522 liberi
2011 1486 2083 1522 sint
2115 1487 2188 1523 sive
2222 1488 2336 1533 Servi,
2371 1493 2406 1524 et

158 1524 368 1574 ἡγουμένους
403 1525 668 1562 πυνθάνεσθαί
700 1541 741 1562 τε
778 1526 919 1572 αὐτῶν,
956 1530 1027 1564 εἴτε
1061 1529 1247 1577 ἐλεύθεροι
1315 1530 1409 1565 unde
1439 1531 1490 1566 eis
1520 1530 1735 1566 desiderium
1766 1531 1860 1567 vitae
1895 1531 2087 1576 singularis
2120 1534 2334 1576 accesserit,
2370 1537 2406 1569 et

158 1570 420 1616 καθεστήκοιεν
436 1573 507 1607 εἴτε
528 1574 673 1615 οἰκέται,
693 1576 752 1607 καὶ
774 1572 896 1609 πόθεν
916 1572 1044 1610 αὐτοὺς
1064 1576 1247 1620 ἐπιθυμία
1315 1575 1494 1611 discentes
1520 1576 1566 1611 ab
1590 1576 1655 1616 eis,
1685 1575 1769 1621 quia
1793 1577 1892 1612 nulla
1915 1577 2072 1622 maligna
2096 1578 2240 1614 occasio
2264 1579 2311 1614 ad
2335 1579 2406 1614 hoc

157 1619 220 1652 τοῦ
239 1616 413 1664 μονήρους
431 1617 572 1662 εἰς-ἦλθε
592 1622 692 1663 βίου·
717 1622 777 1653 καὶ
792 1619 1055 1664 μανθάνοντας
1073 1619 1165 1668 παρ’
1187 1619 1246 1655 αὐ·
1316 1631 1378 1656 eos
1402 1621 1567 1664 adduxit,
1599 1622 1731 1657 habere
1756 1632 1817 1657 eos
1840 1622 1934 1658 inter
1958 1633 2018 1659 eos
2049 1623 2110 1667 qui
2141 1623 2317 1659 docentur
2341 1625 2404 1660 ad-

157 1664 251 1705 τῶν,
285 1661 333 1698 ὠς
355 1661 504 1709 οὐδεμία
530 1663 672 1711 πονηρὰ
703 1661 884 1711 πρόφασις
907 1666 956 1700 εἰς
985 1667 1093 1701 τοῦτο
1119 1664 1247 1701 αὐτοὺς
1260 1669 1302 1702 30
1316 1666 1387 1701 huc
1419 1669 1528 1711 atque
1558 1670 1757 1710 monentur,
1788 1671 1825 1703 et
1853 1668 2095 1713 experimento
2126 1669 2313 1714 percipere
2345 1681 2404 1705 eo-

159 1707 299 1755 ἧγαγεν,
335 1707 430 1752 ἔχειν
461 1707 589 1744 αὐτοὺς
619 1712 659 1743 έν
692 1714 765 1745 τοῖς
795 1708 1066 1755 διδασκομένοις
1096 1712 1151 1746 ἔτι
1186 1715 1246 1745 καὶ
1316 1723 1395 1747 rum
1419 1712 1647 1747 tolerantiam
1667 1716 1703 1748 et
1726 1713 1963 1749 honestatem.
1996 1713 2080 1749 Non
2100 1714 2193 1749 enim
2209 1714 2326 1751 facilis
2352 1719 2406 1750 est

157 1754 471 1799 νουθετουμένοις,
506 1758 566 1788 καὶ
590 1752 783 1802 διάπειραν
813 1754 1014 1812 λαμβάνειν
1037 1757 1099 1800 τῆς
1123 1755 1247 1791 αὐτῶν
1315 1759 1337 1793 1
1383 1757 1478 1792 vitae
1501 1758 1671 1801 mutatio,
1703 1758 1767 1793 sed
1791 1769 1872 1794 cum
1896 1759 2037 1794 animae
2062 1758 2104 1794 fit
2126 1759 2260 1795 labore.
2355 1761 2405 1795 Et

156 1803 345 1846 καρτερίας
377 1814 417 1834 τε
451 1802 512 1834 καὶ
548 1799 773 1845 σεμνότητος.
822 1814 862 1835 ου
898 1801 967 1849 γὰρ
1004 1799 1133 1847 ῥᾴδιον
1164 1806 1246 1847 βίου
1317 1802 1401 1838 (111111
1425 1803 1579 1838 triennio
1603 1807 1680 1838 tota
1704 1803 1777 1838 vita
1800 1804 2079 1848 permanserint,
2112 1805 2267 1849 optimos
2292 1811 2404 1842 semet

155 1846 175 1879 1
216 1844 400 1890 μεταβολὴ
421 1845 472 1890 μὴ
493 1844 583 1890 μετὰ
607 1850 796 1881 συντονίας
816 1849 928 1892 ψυχῆς
942 1851 1124 1894 γινομένη.
1173 1851 1246 1882 Καὶ
1316 1848 1416 1893 ipsos
1447 1850 1484 1884 et
1516 1849 1723 1884 tolerabiles
1755 1849 1834 1884 aliis
1867 1850 2053 1885 monachis
2086 1854 2122 1884 et
2151 1851 2311 1894 praesuli
2342 1851 2404 1886 de-

156 1890 187 1924 εἰ
217 1892 285 1933 μὲν
315 1889 381 1925 τὸν
411 1892 534 1938 τριετῆ
565 1895 650 1935 βίον
672 1888 821 1927 ἅπαντα
853 1891 1059 1938 διαμένοιεν
1082 1889 1248 1938 ἀρίστους
1261 1896 1302 1929 35
1318 1896 1575 1936 monstrantes,
1607 1894 1673 1929 hos
1698 1894 1946 1930 monachicam
1969 1895 2166 1940 promereri
2190 1900 2324 1931 vestem
2348 1901 2403 1931 at-

157 1934 301 1970 έαυτοὺς
324 1939 383 1970 καὶ
414 1934 743 1983 καρτερικωτάτους
767 1940 840 1972 τοῖς
863 1951 903 1972 τε
931 1936 1050 1973 ἄλλοις
1078 1942 1247 1982 μοναχοῖς
1316 1949 1385 1984 que
1408 1942 1604 1983 tonsuram,
1630 1942 1666 1975 et
1689 1939 1764 1975 sive
1787 1940 1892 1976 liberi
1915 1940 1997 1984 sint,
2023 1941 2100 1976 sine
2120 1941 2298 1976 calumnia
2321 1952 2402 1986 per-

157 1984 217 2014 καὶ
241 1982 294 2025 τῷ
320 1979 504 2028 ἡγουμένῳ
537 1980 756 2025 δεικνύντες,
786 1981 932 2018 τούτους
963 1985 1026 2026 τῆς
1055 1986 1247 2028 μοναχικῆς

156 2023 280 2067 ἀξιοῦν
304 2026 430 2071 στολῆς
453 2041 493 2061 τε
516 2030 576 2062 καὶ
596 2029 732 2072 κουρᾶς,
757 2032 817 2062 καὶ
836 2029 908 2064 εἴτε
924 2027 1113 2075 ἐλεύθεροι
1134 2030 1244 2064 καθε-

201 2131 272 2162 cap.
298 2119 341 2152 II
360 2118 585 2163 θεσπίζομεν
604 2121 643 2154 18
661 2139 706 2144 —
730 2115 945 2164 ἠξιωμένους
966 2123 1007 2155 24
1034 2122 1131 2155 habet
1158 2122 1238 2155 Coll.
1265 2122 1499 2156 LXXXVII
1518 2124 1616 2166 capit.
1635 2125 1653 2156 ‘l
1680 2124 1769 2163 (inde
1793 2104 1927 2157 Nonzoc.
1954 2124 1985 2156 L
2009 2125 2059 2159 tit.
2081 2124 2148 2165 33).
2184 2125 2402 2159 Summarium

156 2176 229 2208 cap.
253 2164 295 2198 ΙΙ
318 2172 405 2198 extat
428 2165 561 2199 Nomoc.
587 2166 687 2199 XIV
706 2168 753 2200 tic.
782 2169 832 2208 ll,
857 2174 884 2201 3.

155 2253 357 2290 venerabile
387 2254 647 2290 monasterium
678 2254 875 2300 aedificare
912 2255 1083 2299 voluerit,
1120 2267 1195 2291 non
1224 2256 1336 2303 prius
1366 2255 1400 2291 ei
1432 2255 1473 2290 id
1501 2256 1630 2301 facere
1662 2255 1790 2299 liceat,
1829 2267 1938 2302 quam
1971 2256 2038 2292 deo
2070 2257 2297 2292 carissimum
2330 2258 2402 2294 loci

154 2299 276 2346 episco
305 2310 364 2335 um
387 2299 637 2342 advocaverit,
667 2300 771 2345 isque
799 2300 965 2335 manibus
988 2300 1039 2335 ad
1066 2301 1206 2337 caelum
1229 2300 1388 2336 extentis
1415 2301 1631 2346 precatione
1663 2301 1782 2336 locum
1805 2301 1874 2337 deo
1899 2302 2188 2344 consecraverit,
2217 2303 2338 2349 fiqens
2361 2304 2400 2338 in

154 2356 197 2379 eo
221 2356 265 2380 sa
279 2344 353 2379 utis
375 2348 525 2380 nostrae
547 2345 692 2390 siqnum
716 2344 882 2387 (dicimus
905 2345 1134 2380 adorandam
1157 2350 1194 2381 et
1217 2357 1298 2381 vere
1320 2344 1576 2380 honorandam
1601 2351 1768 2388 crucem),
1794 2351 1904 2391 atque
1927 2347 1980 2381 ita
1997 2346 2159 2399 pulchro
2186 2346 2256 2382 hoc
2280 2352 2317 2383 et
2338 2349 2398 2383 de-

156 2393 256 2468 cenlte
275 2389 516 2435 fundamento
551 2389 649 2424 iacto
680 2388 884 2433 aedificium
914 2389 1069 2425 incohet.
1116 2389 1201 2425 Hoc
1224 2390 1350 2435 itaque
1368 2389 1418 2425 sit
1443 2390 1670 2436 principium
1697 2391 1788 2437 piae
1812 2391 2070 2427 venerabilium
2094 2393 2400 2428 monasteriorum

156 2444 200 2469 ae
226 2434 240 2467 i
268 2434 433 2469 cationis.
1652 2467 1659 2474 ,

237 2434 266 2479 fi
290 2478 337 2514 11.
384 2478 483 2514 Hinc
515 2483 635 2514 autem
664 2478 769 2516 nobis
792 2479 836 2515 de
858 2479 1014 2526 sinqulis
1040 2479 1149 2515 etiam
1177 2478 1366 2515 monachis
1397 2477 1700 2515 considerandum
1724 2483 1796 2522 est,
1829 2491 1902 2526 quo
1929 2480 2037 2516 modo
2069 2492 2132 2517 eos
2151 2480 2238 2525 fieri
2261 2481 2398 2525 deceat,

154 2528 191 2560 et
214 2527 335 2560 utrum
359 2524 494 2560 liberos
513 2524 614 2559 solos
638 2535 687 2559 an
708 2525 811 2570 forte
834 2524 942 2560 etiam
965 2535 1108 2567 servos,
1133 2525 1222 2572 quia
1249 2535 1372 2560 omnes
1388 2524 1592 2571 aequaliter
1611 2524 1733 2560 divina
1753 2525 1908 2572 suscipit
1925 2526 2062 2571 qratia,
2087 2537 2182 2572 quae
2200 2527 2400 2573 perspicue

155 2569 338 2612 declarat,
396 2569 472 2605 uod
493 2569 544 2604 ad
566 2569 627 2605 dei
647 2569 802 2612 cultum,
832 2581 907 2605 non
930 2581 1008 2605 esse
1030 2569 1229 2606 masculum
1252 2580 1369 2616 neque
1389 2570 1585 2616 feminam,
1615 2581 1732 2615 neque
1763 2570 1914 2606 liberum
1938 2582 2055 2617 neque
2076 2582 2239 2607 servum:
2269 2583 2399 2610 ,omnes

153 2614 248 2650 enim
271 2615 310 2649 in
336 2614 365 2650 C
387 2615 478 2650 risto
502 2625 613 2649 ianam
637 2614 765 2650 merito
789 2614 936 2650 censeri.
985 2614 1176 2650 Sancimus
1203 2615 1317 2662 iqitur
1343 2625 1472 2650 sacros
1498 2626 1657 2650 canones
1687 2615 1819 2658 secuti,
1852 2619 1894 2651 ut
1920 2616 1984 2662 qui
2016 2616 2264 2652 monachicam
2288 2617 2398 2653 vitam

149 2660 375 2705 profitentur
398 2670 473 2695 non
498 2663 628 2695 temere
648 2659 733 2695 ilico
758 2671 782 2695 a
805 2660 1089 2707 reliqiosissimis
1137 2660 1342 2695 raesulibus
1360 2659 1617 2696 venerabilium
1637 2661 1943 2696 monasteriorum
1967 2660 2130 2696 habitum
2147 2661 2398 2697 monachicum

154 2705 357 2752 accipiant,
386 2704 452 2741 sed
466 2715 540 2758 per
561 2705 743 2752 inteqrum
769 2705 974 2748 triennium,
998 2706 1073 2742 sive
1097 2672 1201 2741 tl'berz·
1221 2702 1326 2751 fo'rte
1348 2705 1423 2740 sive
1444 2706 1541 2742 servi
1563 2705 1656 2748 sint,
1675 2705 1893 2752 perdurent,
1918 2705 2045 2742 habitu
2069 2706 2282 2758 monachico
2307 2718 2396 2742 non-

155 2750 240 2785 dum
264 2750 367 2797 diqni
391 2749 523 2793 habiti,
555 2750 622 2785 sed
645 2755 798 2786 tonsura
821 2755 857 2786 et
880 2755 975 2787 veste
998 2755 1150 2786 utantur
1173 2761 1315 2792 eorum,
1340 2750 1404 2796 qui
1428 2750 1516 2785 laici
1539 2754 1727 2793 vocantur,
1754 2754 1791 2786 et
1812 2755 1985 2787 maneant
2007 2763 2136 2787 sacras
2159 2752 2302 2788 litteras
2325 2753 2397 2788 dis-

154 2800 282 2831 centes.
331 2796 450 2842 Atque
472 2794 739 2842 reliqiosissimi
762 2807 887 2831 eorum
905 2796 1099 2842 praesules
1119 2796 1348 2841 interroqent
1370 2806 1443 2836 eos,
1465 2799 1587 2831 utrum
1611 2795 1716 2831 liberi
1738 2796 1812 2831 sint
1835 2807 1884 2831 an
1907 2797 2013 2839 servi,
2039 2802 2075 2832 et
2097 2797 2194 2831 unde
2216 2808 2279 2832 eos
2303 2798 2398 2833 vitae

154 2840 386 2876 monachicae
410 2840 627 2876 desiderium
650 2841 839 2877 incesserit
845 2854 859 2882 ,·
890 2845 926 2877 et
948 2841 1009 2876 ubi
1032 2841 1134 2876 nulla
1160 2851 1283 2887 prava
1307 2840 1499 2875 occasione
1527 2851 1590 2876 eos
1614 2840 1664 2875 ad
1692 2840 1762 2876 hoc
1787 2841 1988 2888 perductos
2012 2853 2089 2877 esse
2112 2841 2157 2877 ab
2190 2842 2281 2888 ipsis
2305 2842 2392 2878 didi*

154 2890 294 2929 cerunt,
318 2886 356 2920 in
380 2897 505 2922 eorum
529 2897 676 2922 numero
697 2897 759 2922 eos
782 2885 950 2929 habeant,
971 2886 1034 2938 qui
1055 2886 1274 2921 erudiuntur
1296 2885 1416 2920 adhuc
1437 2889 1473 2921 et
1496 2885 1747 2932 corriyuntur,
1771 2890 1808 2922 et
1818 2887 2134 2933 perseverantiam
2157 2892 2268 2933 atque
2287 2887 2396 2924 hone-

154 2935 282 2967 statem
314 2942 439 2967 eorum
473 2931 724 2977 experiantur.
774 2931 900 2978 Neque
932 2942 1026 2967 enim
1054 2931 1183 2978 facilis
1211 2934 1266 2966 cst
1295 2930 1390 2966 vitae
1419 2931 1573 2966 mutatio
1606 2930 1678 2966 nisi
1708 2942 1804 2977 quae
1830 2932 1877 2976 fit
1905 2942 1986 2967 cum
2009 2932 2122 2967 animi
2154 2933 2393 2968 contentione.

154 2977 174 3011 1
221 2975 271 3011 Et
299 2976 331 3011 si
355 2975 498 3022 quidem
525 2977 698 3011 triennem
729 2977 837 3011 istum
872 2976 1003 3012 victum
1028 2987 1166 3012 omnem
1190 2975 1429 3011 sustinuerint
1453 2976 1610 3022 optimos
1632 2986 1671 3011 se
1695 2980 1804 3022 atque
1827 2977 2215 3023 perseverantissimos
2246 2981 2282 3013 et
2312 2978 2393 3013 reti-

154 3021 237 3067 quis
260 3021 446 3056 monachis
477 3026 513 3057 et
536 3021 706 3067 praesuli
731 3021 953 3068 probantes,
985 3021 1041 3056 illi
1067 3025 1162 3057 veste
1184 3020 1396 3056 monachica
1428 3024 1464 3055 et
1494 3025 1646 3056 tonsura
1670 3021 1774 3067 diqni
1805 3021 2021 3064 habeantur,
2054 3027 2089 3058 et
2119 3023 2151 3057 si
2183 3021 2288 3057 liberi
2310 3024 2394 3064 sint,

203 3122 435 3167 Ῑοίκοδομεῖν
450 3126 540 3158 τιςΑ
559 3124 571 3167 ΙΙ
588 3125 710 3165 3τῶν]
727 3125 876 3157 ἐκείνων
890 3123 1026 3169 τῶνΑΗ
1039 3125 1240 3158 ἐπίσκοπον
1309 3123 1414 3167 θεροι
1437 3142 1482 3147 -
1505 3125 1566 3156 καὶ
1592 3125 1632 3156 28
1659 3136 1718 3157 om.
1742 3125 1774 3157 A
1800 3123 1812 3168 ΙΙ
1836 3126 1878 3158 28
1905 3121 2025 3158 αὐτοῖς
2050 3126 2078 3157 A
2105 3125 2116 3166 ΙΙ
2144 3127 2186 3158 29
2212 3121 2303 3170 παρ’
2335 3122 2394 3158 αὖ·

154 3169 232 3202 τῶν
244 3166 414 3203 τόπωνβ
433 3170 446 3214 ss
462 3167 746 3215 προσκαλέσαιτο
757 3170 888 3214 A‚C0tt.
901 3171 939 3203 87
958 3182 1029 3213 cop.
1039 3170 1238 3213 plumata]
1307 3169 1387 3202 τῶν
1408 3182 1468 3201 οηι.
1485 3169 1517 3202 Α
1535 3168 1547 3210 ΙΙ
1564 3170 1606 3202 32
1631 3170 1761 3214 πεῖραν
1781 3170 1812 3203 A
1831 3168 1843 3214 ΙΙ
1861 3172 1902 3204 33
1927 3167 1967 3203 οὐ
1991 3168 2059 3215 γὰρ
2083 3172 2164 3212 βίου
2187 3167 2395 3213 μεταβολὴν

155 3212 436 3258 προσκαλέσοιτο
454 3215 565 3248 MBL
578 3215 725 3257 Nomoc.‚
752 3215 880 3248 Coll.87
899 3227 971 3258 cap.
986 3227 1067 3247 unus
1085 3214 1097 3256 ΙΙ
1113 3216 1134 3247 4
1154 3210 1239 3247 ἀνα·
1307 3211 1392 3246 ἄνευ
1416 3215 1606 3246 συντονίας
1635 3214 1747 3258 ψυχῆς
1774 3217 1968 3259 γινομένην
1991 3213 2286 3266 ἀνεπηρέστατον
2313 3217 2394 3258 (pro

154 3262 308 3292 τείνοιεν
323 3260 354 3292 L
367 3255 569 3293 ἀνατείνειν
582 3260 714 3294 Nomoc.
728 3257 919 3292 ἀνατείνας
939 3261 968 3292 A
987 3260 1068 3293 Coll.
1084 3261 1124 3292 87
1139 3271 1212 3301 cap.
1227 3258 1240 3302 Η
1307 3255 1590 3304 ἀνεπηρέαστον)
1616 3255 1878 3292 διασώσασθαι
1901 3262 1932 3293 A
1954 3259 1967 3304 ΙΙ
1987 3262 2034 3311 35,
2053 3261 2147 3302 βίον]
2172 3271 2305 3305 χρονον
2328 3260 2359 3293 A
2382 3258 2395 3305 ΙΙ

155 3306 214 3337 καὶ
228 3317 286 3337 om.
300 3305 343 3345 A,
371 3306 450 3338 Colt.
466 3307 506 3339 87
523 3317 595 3348 cap.
618 3306 711 3339 codd.
730 3305 879 3348 plerique
894 3304 906 3348 ΙΙ
925 3306 944 3337 5
962 3299 1155 3357 ἆνιξρώσει
1169 3304 1239 3354 Νο-
1309 3306 1352 3337 36
1375 3315 1416 3336 τε
1441 3317 1499 3336 om.
1521 3304 1552 3336 A
1569 3303 1581 3346 ΙΙ
1600 3305 1640 3337 37
1663 3300 1872 3337 δεικνύντας
1895 3306 1925 3337 A
1942 3304 1954 3347 ss
1972 3314 2118 3337 τουτους
2143 3317 2201 3337 οηι.

156 3349 262 3390 moe-⁶,
282 3350 362 3384 Oott.
376 3352 417 3384 8‘1
435 3363 506 3393 cap.
527 3349 539 3392 ΙΙ
556 3352 572 3382 7
600 3347 686 3392 δὴΑ
703 3349 715 3394 ΙΙ
733 3346 830 3382 οὕτω
849 3350 900 3390 τὲ]
921 3351 981 3382 καὶ
1002 3351 1165 3401 ουτωςᾼ
1184 3344 1238 3381 οἱ)-
1358 3363 1370 3394 1
1399 3371 1465 3393 egge
1489 3360 1660 3394 licentiam
1694 3362 1724 3393 V
1750 3360 1762 3404 ΙΙ
1789 3362 1864 3401 hoc]
1889 3362 1971 3394 haec
1995 3361 2044 3394 13²
2068 3359 2080 3404 ΙΙ
2107 3362 2126 3394 3
2152 3362 2270 3394 euocet
2300 3362 2364 3395 VT
2382 3362 2394 3403 ΙΙ

154 3405 226 3428 τως
253 3395 407 3447 ΝοΜο6·α
434 3395 445 3438 ΙΙ
476 3397 495 3429 8
520 3394 667 3439 ἄρξεται
692 3395 723 3428 L
754 3394 766 3438 ΙΙ
794 3391 849 3448 δ’ἦ]
873 3406 913 3440 7⁸
936 3395 967 3428 A
994 3394 1006 3438 ll
1042 3397 1079 3429 ¹1
1107 3406 1172 3448 “1⁰²²
1197 3413 1238 3417 -
1309 3408 1328 3439 5
1355 3405 1506 3438 ducimus
1518 3405 1568 3438 R¹
1583 3404 1596 3450 ss
1615 3409 1648 3438 et
1667 3406 1897 3438 honorandam
1910 3419 1969 3439 om.
1991 3406 2029 3445 V,
2043 3408 2075 3437 et
2088 3418 2146 3438 om.
2167 3406 2223 3448 ΤΙΙ
2245 3408 2279 3439 ll
2303 3409 2392 3439 rubr.

154 3451 312 3481 μονακθν
338 3442 367 3473 A
394 3439 407 3483 ΙΙ
441 3443 479 3479 ¹2²
504 3439 677 3492 Yl'VWffif‘
701 3450 874 3491 προσηκξι
896 3440 926 3472 Α
957 3441 970 3482 ll
996 3442 1036 3474 13
1061 3451 1240 3491 WQOTssssffl‘
1309 3451 1348 3483 de
1372 3451 1543 3483 monachis
1567 3454 1600 3483 et
1622 3451 1782 3483 asisteriis
1807 3452 1839 3483 R
1865 3464 1926 3494 my.
1954 3450 1967 3493 ΙΙ
1998 3451 2040 3483 20
2064 3450 2284 3492 praesulimus
2307 3452 2356 3484 R*
2381 3451 2393 3495 ἸΙ

157 3485 197 3517 Μ
225 3484 237 3525 ΙΙ
268 3487 306 3518 15
341 3486 467 3529 σαφῶς
499 3495 796 3530 προπρνττονσα
821 3495 869 3517 ωε
891 3496 932 3530 νε
955 3485 986 3518 A
1013 3484 1025 3527 ll
1059 3487 1099 3519 16
1132 3483 1239 3527 θηλυ,
1308 3496 1530 3529 monasteri..
1566 3496 1612 3529 V¹
1642 3494 1655 3540 ιι
1683 3498 1725 3529 22
1757 3496 1871 3528 storto
1895 3496 1966 3528 siue
1990 3495 2075 3535 (siue
2098 3495 2184 3528 forte
2216 3496 2278 3536 νῆ)
2302 3497 2392 3529 serui

155 3525 278 3562 δοῦλός
301 3541 341 3562 τε
372 3533 432 3563 καὶ
457 3528 662 3575 ἐλεύθερθς’
695 3528 828 3563 πάντες
851 3530 883 3563 Α
914 3528 926 3574 Η
957 3532 994 3564 ¹7
1029 3530 1070 3563 ἓν
1094 3527 1240 3563 εἰκότως
1308 3541 1376 3573 sint
1407 3541 1452 3579 V;
1482 3540 1569 3574 forte
1598 3546 1678 3573 sunt
1708 3541 1797 3573 serui
1830 3542 1922 3582 (sunt
1945 3540 2017 3572 siue
2040 3540 2130 3573 serui
2154 3540 2215 3582 ΒΞ)
2241 3541 2274 3573 R.
2306 3541 2391 3574 forte

126 3607 128 3609 -
155 3574 373 3617 νομίζεσθαῡ
385 3577 428 3609 M
432 3578 443 3617 l
458 3577 498 3609 ἓν
510 3576 662 3619 ἒῗῖμΕνΑ
677 3577 791 3617 (unam
803 3574 986 3608 meroedem
998 3576 1168 3618 percipere
1184 3573 1240 3618 5)st
1307 3586 1376 3618 sint
1398 3585 1470 3618 siue
1492 3586 1583 3618 serui
1605 3586 1692 3630 vulq.
1708 3585 1721 3629 ΙΙ
1740 3587 1782 3620 26
1811 3584 1955 3627 requilre
1988 3584 2042 3629 Vn
2061 3587 2102 3619 27
2128 3586 2311 3627 accesserit]
2337 3597 2386 3618 ac·

159 3620 198 3651 ¹9
230 3619 279 3653 εἷς
300 3619 366 3654 τὸν
389 3618 526 3666 μονήρη
550 3624 634 3664 βίον
657 3617 852 3674 μέλλθῗτας
876 3619 1149 3698 παὸαγίνεσρω
1173 3621 1203 3653 A
1227 3619 1239 3709 Η
1308 3630 1397 3664 censi
1420 3632 1499 3662 sunt
1518 3631 1565 3664 12¹
1582 3630 1594 3674 ΙΙ
1613 3633 1655 3665 30
1680 3632 1859 3663 mouentur
1882 3630 1927 3664 13¹
1950 3633 2128 3663 mooentur
2157 3631 2206 3663 V¹
2224 3629 2236 3675 ΙΙ
2254 3633 2295 3665 33
2320 3632 2392 3664 tota

156 3664 198 3695 22
232 3662 440 3711 ἐλευθέρους
470 3664 579 3708 τυχὸν
611 3664 682 3698 εἴτε
706 3661 851 3699 δονλυυς
878 3677 924 3698 κα
958 3675 1152 3708 memoras
1173 3666 1222 3716 A,
1308 3676 1380 3707 uita
1404 3676 1449 3715 R]
1475 3677 1545 3708 toto
1569 3676 1640 3708 uita
1661 3677 1694 3708 V
1712 3678 1782 3708 toto
1806 3675 1855 3707 ita
1878 3676 1975 3720 vutq„
2000 3677 2074 3709 toto
2098 3675 2135 3708 in
2158 3676 2221 3708 hae
2245 3676 2317 3708 uita
2331 3676 2366 3709 T
2380 3678 2389 3718 55

157 3709 198 3741 24
221 3710 264 3755 τῇ
287 3724 344 3745 om.
370 3712 400 3744 A
430 3711 442 3754 ΙΙ
471 3714 512 3746 25
538 3709 749 3755 χρήσασθαι
773 3711 805 3744 A
831 3710 844 3755 ΙΙ
869 3713 909 3744 27
934 3722 975 3744 τε
999 3719 1029 3744 et
1052 3710 1123 3743 εἴτε
1148 3708 1238 3743 ἕλευ·
1308 3721 1526 3763 permanserit
1549 3721 1642 3754 RV¹
1662 3720 1732 3764 1135
1758 3731 1944 3763 promerere
1976 3721 2030 3754 Va
