2618 4010
158 110 217 144 DE
247 111 423 144 NUP'rufl

154 209 284 265 cit-yae
302 209 446 246 ’διετίαν
468 208 712 258 ἀριθμεῖσθαι
734 208 850 256 μόνην
869 210 909 252 ἐξ
933 208 1043 246 αὐτοῦ
1066 211 1130 246 τοῦ
1155 224 1231 246 και·

155 269 217 304 ρου
249 257 311 300 τῆς
341 260 552 303 συναφείας,
587 253 678 290 ἀλλὰ
711 260 873 303 τριετίαν
904 255 1125 302 βουλόμεθα.
1170 259 1231 291 καὶ

153 300 222 349 γὰρ
246 299 490 357 ἐδιδάχθημεν
512 303 550 336 ἐκ
573 302 652 336 τῶν
675 300 958 346 ἐπισυμβάντων
983 304 1023 337 ἐν
1044 304 1156 347 μέσῳ,
1180 314 1230 336 τι·

153 345 217 381 νὰς
239 346 390 382 πλείονα
412 360 434 390 η
458 350 518 381 καὶ
541 345 633 380 κατὰ
657 344 808 400 διετίαν(
826 347 956 393 χρόνον
980 343 1043 382 οὐκ
1067 347 1231 390 ἰσχύσαν-

1226 94 1298 142 151

1298 255 1418 299 tionis,
1442 254 1505 292 sed
1526 255 1717 292 triennium
1734 256 1907 292 volumus.

1977 98 2085 143 Nov.
2115 98 2240 143 XXII
2270 100 2379 142 6-8

1299 210 1480 246 biennium
1509 209 1689 246 numerari
1720 209 1836 246 solum
1869 220 1914 246 ex
1945 210 1958 246 i
1984 221 2024 247 so
2048 213 2208 257 tempore
2232 211 2380 257 copula-

1973 256 2070 294 docti
2086 267 2239 303 namque
2259 267 2382 294 sumus

1301 311 1346 336 ex
1374 301 1429 337 his
1462 311 1555 347 quae
1585 300 1680 336 inter
1702 300 1793 336 haec
1816 304 2076 346 provenerunt,
2134 303 2285 338 uosdam
2306 312 2382 338 am-

1300 346 1394 392 plius
1421 357 1526 392 quam
1557 346 1737 382 biennium
1767 347 1938 392 temporis
1968 358 2040 383 non
2073 358 2116 383 va
2131 350 2232 385 entes
2256 352 2383 393 postea

155 404 219 427 τας
241 389 394 440 ὕστερον
416 390 558 428 ἱκανοὺς
581 389 767 438 ὀφθέντας
790 392 1092 440 υπηρετήσασθαι
1111 394 1156 441 τῇ
1177 406 1231 427 τε·
1269 396 1466 438 5potentes
1491 395 1655 429 ostensos
1678 391 1881 428 ministrare
1905 392 2060 429 filiorum
2082 394 2334 439 procreationi.

154 441 333 484 κνογονίᾳ.

1114 506 1271 542 CAPUT
1296 505 1375 542 VII.

196 571 300 608 Ἀλλὰ
318 577 377 608 καὶ
395 573 438 609 τὸ
457 574 519 617 τῆς
537 572 780 618 αἰχμαλωσίας
794 573 960 609 τοιοῦτόν
972 576 1083 615 ἐστιν,
1105 571 1232 609 ὁποῖον

155 620 248 655 bona
272 620 388 664 gratia
412 615 573 653 διαλύειν
595 617 661 653 τὸν
684 617 809 666 γάμον.
845 620 917 654 εἴτε
933 619 1001 667 γὰρ
1021 616 1125 666 ἀνδρὶ
1147 632 1230 664 συμ-

154 669 240 709 βαίη
263 666 428 700 τοιοῦτον
452 662 632 719 ἀτύχημα,
660 666 725 717 ἱτῆς
747 664 911 710 γυναικὸς
935 666 975 698 ἐν
998 665 1043 711 τῇ
1068 663 1232 708 πολιτεία

1347 574 1416 609 Sed
1448 574 1554 609 etiam
1586 574 1803 619 captivitatis
1836 584 1941 610 casus
1971 574 2054 609 talis
2085 576 2157 619 est,
2190 576 2296 621 quale
2327 578 2383 612 est

1300 620 1395 654 bona
1415 619 1530 664 gratia
1549 619 1747 655 distrahere
1765 619 2042 655 matrimonium.
2081 620 2161 656 Sive
2181 622 2274 656 enim
2295 632 2380 657 con-

1300 665 1414 709 tingat
1443 664 1517 700 tale
1547 665 1784 700 infortunium
1815 665 1909 708 viro,
1946 665 2092 700 muliere
2123 666 2160 701 in
2195 666 2381 711 republica

153 707 335 790 μενούσές,
359 710 430 763 εἴτε
455 710 563 743 αυθις
586 723 674 756 γυνη
696 712 763 754 μὲν
784 711 831 763 εἰς
851 708 1100 763 αἰχμαλωσίαν
1119 707 1231 750 ἀπίοι,
1250 713 1290 745 10
1304 714 1487 752 manente,
1520 710 1593 746 sive
1613 721 1739 746 rursus
1763 710 1890 746 mulier
1914 710 2055 756 quidem
2079 711 2116 746 in
2141 712 2382 757 captivitatem

181 768 255 789 ενοι

307 758 324 789 ἑ
353 770 372 790 ο
401 753 491 800 ἀνὴρ
522 757 563 788 ἐν
594 753 774 798 πολιτεία,
811 768 829 788 ο
851 757 919 799 μὲν
942 753 1087 802 ακριβής
1110 768 1150 788 τε
1174 758 1233 788 καὶ

155 799 282 835 λεπτὸς
310 798 411 848 λόγος
435 798 572 834 διαλύει
603 799 669 834 τὸν
691 797 823 847 γάμον·
862 797 1022 834 δουλείας
1043 798 1110 846 γὰρ
1135 795 1233 840 ἅπαξ

156 848 408 893 ἐπιγενομένης
441 847 590 893 θατέρῳ
620 842 641 888 ἡ
671 846 732 888 τῆς
768 844 873 888 τύχης
902 841 1069 888 ἀνισότης
1099 843 1166 888 τὴν
1195 847 1232 878 ἐκ

152 892 231 925 τῶν
252 889 557 946 γάμωνΙίσότητα
575 893 704 945 ἱμε’νειν
726 887 768 924 οὗ
794 893 979 936 συγχωρεῖ.
1026 888 1120 933 πλὴν
1144 887 1232 924 ἀλλὰ

1303 755 1472 798 ducatur,
1500 759 1642 791 maneat
1665 759 1786 791 autem
1807 756 1861 792 vir
1883 756 1921 791 in
1940 756 2145 801 republica,
2171 757 2383 802 scrupulosa

1304 800 1445 845 quidem
1479 804 1514 836 et
1546 801 1688 838 subtilis
1712 801 1804 837 ratio
1827 801 1993 846 transigit
2016 802 2178 846 nuptias:
2215 803 2383 838 servitute

1302 856 1453 890 namque
1494 846 1601 882 semel
1643 847 1912 893 superveniente
1953 846 2056 884 alteri
2094 857 2272 892 personae
2308 847 2382 882 for-

1302 893 1411 926 tunae
1438 891 1676 937 inaequalitas
1715 892 1966 938 aequalitatem
1998 903 2042 927 ex
2073 893 2208 938 nuptiis
2240 902 2383 928 manere

135 934 511 990 ,φιλανθρωποτερον
541 949 588 971 τα
618 936 769 988 τοιαῦτα
800 935 1043 988 θεωρσῇντες,
1076 937 1142 969 ἕως
1165 937 1232 979 μέν
1250 939 1288 970 15
1302 946 1374 971 non
1406 936 1500 972 sinIt.
1548 938 1718 974 Attamen
1747 938 1938 973 humanius
1968 938 2055 972 talia
2085 938 2382 983 contemplantes,

156 984 232 1015 ἐστι
257 995 416 1030 φανερον
440 984 615 1029 περιεῖναι
647 994 669 1024 η
691 979 757 1015 τὸν
784 978 899 1026 ἄνδρα
928 994 949 1022 η
972 994 1039 1024 την
1062 978 1231 1034 γαμετήν,

152 1029 276 1071 μένειν
307 1025 420 1062 ἄλυτα
454 1026 500 1061 τὰ
535 1028 738 1060 συνοικίσαι
773 1027 1041 1072 συγχωροῦμεν,
1076 1029 1136 1059 καὶ
1170 1039 1232 1059 ουκ

154 1070 361 1107 ἐλεύσονται
384 1070 473 1119 πρὸς
495 1070 677 1118 δευτέρους
698 1067 830 1117 γάμους
856 1069 938 1105 οὔτε
960 1074 1122 1118 γυναῖκες
1150 1070 1232 1105 οὔτε

154 1115 289 1204 ιῗνδὲες,
311 1119 342 1152 εἰ
360 1115 616 1171 μὴβούλοιντο
635 1113 752 1150 δοκεῖν
773 1115 865 1150 κατὰ
884 1119 1105 1169 προπέτειαν
1123 1117 1231 1150 τοῦτο

1302 981 1415 1017 donec
1443 982 1584 1026 quidem
1616 987 1671 1018 est
1697 983 1926 1019 manifestum
1957 993 2145 1028 superesse
2177 988 2240 1018 aut
2271 984 2384 1018 virum

1303 1029 1366 1061 aut
1392 1038 1548 1070 uxorem,
1572 1038 1716 1063 manere
1740 1029 1896 1064 insoluta
1915 1028 2141 1064 matrimonia
2162 1029 2323 1073 sinimus,
2348 1034 2383 1063 et

1301 1082 1375 1107 non
1395 1073 1536 1107 venient
1559 1073 1606 1108 ad
1629 1074 1805 1109 secundas
1829 1075 1973 1119 nuptias
1997 1084 2112 1119 neque
2135 1074 2301 1109 mulieres
2322 1084 2382 1109 ne-

1302 1127 1370 1162 que
1390 1117 1466 1159 viri,
1490 1118 1558 1152 nisi
1579 1119 1704 1153 volunt
1721 1119 1832 1154 videri
1855 1130 1946 1154 ausu
1969 1120 2157 1155 temerario
2180 1120 2250 1155 hoc
2271 1119 2384 1164 egisse

155 1177 227 1208 πρα
251 1177 288 1197 αι
318 1167 378 1197 καὶ
407 1163 603 1197 υποπεσεῒν
633 1163 711 1195 ταῖς
745 1164 905 1202 ποιναῖς,
937 1175 956 1195 ο
988 1163 1056 1215 μὲν
1091 1162 1134 1209 τῇ
1171 1163 1233 1205 τῆς
1247 1165 1288 1197 20
1301 1166 1337 1198 et
1359 1163 1485 1207 poenis
1511 1164 1764 1204 succumbere,
1797 1164 1856 1199 ille
1881 1165 2021 1209 quidem
2040 1168 2123 1200 ante
2147 1165 2293 1210 nuptias
2318 1165 2382 1200 do-

155 1208 225 1252 πρὸ
253 1207 366 1255 γάμου
390 1206 525 1254 δωρεᾶς
555 1208 674 1252 φαμὲν
703 1207 852 1250 ἐκτίσει,
884 1204 906 1250 ἦ
930 1204 970 1240 δὲ
992 1218 1054 1250 της
1077 1206 1231 1252 προικός.

154 1254 200 1286 Εἰ
231 1251 272 1287 δὲ
299 1251 433 1295 ἄδηλον
459 1249 697 1294 καθεστήκοι,
733 1250 889 1298 πότερον
920 1256 1104 1300 περίεστιν
1136 1249 1158 1296 ἢ
1183 1251 1232 1297 μὴ

154 1297 195 1333 τὸ
231 1299 279 1333 εἰς
312 1297 501 1343 πολεμίους
533 1295 752 1343 ἀφικόμενον
787 1296 999 1343 πρόςωπον,
1035 1299 1233 1342 τηνικαῦτα

153 1347 372 1378 πενταετίαν
400 1345 569 1387 μενετέον
599 1343 670 1377 εἴτε
700 1343 754 1386 τῷ
781 1339 887 1396 ἀνδρὶ
900 1343 989 1396 *εἴτε
1012 1345 1056 1391 τῇ
1080 1347 1232 1390 γυναικί,

1302 1208 1456 1243 nationis
1478 1208 1628 1243 dicimus
1658 1210 1856 1252 exactioni,
1892 1210 1953 1244 illa
1976 1220 2059 1246 vero
2085 1210 2188 1246 dotis.
2237 1210 2276 1246 Si
2299 1220 2383 1246 vero

1301 1253 1477 1289 incertum
1497 1254 1553 1297 sit,
1580 1258 1698 1289 utrum
1723 1256 1887 1299 superest
1909 1265 1957 1290 an
1980 1266 2053 1291 non
2074 1265 2166 1300 quae
2189 1256 2235 1290 ad
2260 1255 2383 1291 hostes

1301 1308 1458 1344 persona
1494 1299 1653 1341 devenit,
1690 1303 1776 1335 tunc
1836 1299 2092 1345 uinquennium
2125 1300 2384 1345 expectandum

1302 1348 1357 1380 est
1381 1344 1454 1381 sive
1478 1355 1500 1380 a
1525 1345 1598 1380 viro
1624 1345 1697 1380 sive
1719 1355 1742 1380 a
1765 1355 1825 1380 mu
1839 1345 1923 1387 iere,
1947 1347 2032 1390 post
2051 1346 2155 1390 quod,
2178 1346 2250 1381 sive
2271 1346 2382 1381 mani-

151 1386 243 1432 μεθ’
282 1384 344 1433 ἦν,
381 1389 452 1423 εἴτε
488 1389 585 1434 σαφῆ
619 1391 760 1434 γένοιτο
796 1401 843 1422 τα
874 1400 936 1432 της
966 1387 1128 1431 τελευτῆς
1162 1389 1233 1423 εἴτε
1247 1392 1288 1424 25
1302 1390 1432 1425 festum
1455 1390 1522 1425 fiat
1555 1390 1599 1425 de
1623 1391 1738 1426 morte
1762 1390 1835 1426 sive
1856 1390 2031 1426 incertum
2054 1395 2213 1434 maneat,
2249 1391 2384 1426 nubere

153 1432 267 1478 ἄδηλα
287 1437 407 1479 με’νοι,
438 1437 567 1482 γαμεῖν
597 1434 739 1474 ἔξεστιν
770 1430 978 1468 ἀκινδύνως.
1027 1436 1101 1467 Καὶ
1124 1436 1232 1469 τοῦτο

151 1478 220 1527 γὰρ
243 1477 288 1523 δὴ
309 1483 387 1514 ταῖς
410 1478 642 1525 καλουμέναις
664 1478 760 1515 bona
786 1479 902 1523 gratia
925 1476 1111 1513 διαλύσεσι
1134 1478 1234 1525 παρὰ

151 1526 230 1559 ’τῶν
252 1523 324 1571 πρὸ
347 1521 452 1569 ἡμῶν
476 1525 764 1572 συνηρίθμηται,
788 1526 848 1558 καὶ
873 1522 968 1570 ἡμεῖς
993 1523 1032 1559 δὲ
1055 1525 1103 1558 εἰς
1125 1526 1232 1559 τοῦτο

152 1568 362 1625 συμφαμεν·
400 1567 489 1605 ὥςτε
512 1569 678 1604 ἐνταῦθα
701 1567 785 1603 οὐδὲ
816 1567 962 1614 διαισίῳ
994 1574 1134 1617 γίνεται
1158 1584 1232 1604 και·

1302 1435 1422 1470 licebit
1445 1436 1522 1471 sine
1544 1435 1716 1481 periculo.
1764 1435 1814 1470 Et
1836 1435 1906 1471 hoc
1931 1436 2023 1471 enim
2047 1437 2262 1481 nuncupatis
2288 1437 2384 1472 bona

1301 1481 1417 1525 gratia
1439 1480 1745 1516 transactionibus
1777 1491 1799 1516 a
1826 1481 2123 1526 praecedentibus
2149 1491 2383 1517 connumera-

1302 1530 1466 1569 tum1est,
1491 1537 1558 1561 nos
1608 1536 1725 1571 uoque
1748 1526 1785 1560 in
1810 1526 1879 1562 hoc
1904 1527 2157 1570 consentimus,
2182 1531 2223 1562 ut
2242 1527 2302 1562 hic
2322 1537 2383 1562 ne-

1303 1583 1372 1616 que
1404 1572 1552 1617 repudio
1611 1575 1650 1607 at
1681 1582 1788 1616 opus,
1820 1572 1873 1606 ita
1900 1572 2062 1617 personis
2096 1572 2314 1608 distantibus
2338 1574 2384 1608 ab

152 1626 211 1660 ρος
240 1628 338 1650 ουτω
367 1617 445 1651 τῶν
473 1614 679 1661 προςώπων
709 1612 1136 1668 ὃιεστώτωνκᾶλλήλων,
1173 1618 1233 1650 καὶ
1247 1619 1288 1652 30
1303 1618 1504 1661 alterutris,
1542 1619 1579 1653 et
1610 1617 1730 1652 nullus
1761 1627 1804 1652 ex
1836 1617 1905 1652 hoc
1936 1618 2153 1658 lucrabitur,
2184 1628 2302 1663 neque
2331 1617 2385 1652 vir

152 1658 267 1695 οὐδεὶς
301 1661 476 1696 ἐντεῦθεν
507 1659 688 1707 κερδανεῖ,
726 1659 809 1694 οὔτε
834 1659 853 1694 ὁ
883 1658 973 1707 ἀνηρ
1004 1660 1071 1703 τὴν
1103 1664 1233 1708 προῖκα

152 1704 235 1740 οὗτε
261 1702 284 1749 ἡ
303 1705 394 1753 γυνὴ
416 1705 484 1749 τὴν
504 1709 761 1754 ’προγαμιαίαν
786 1703 942 1753 δωρεάν,
976 1703 1056 1740 ἀλλ’
1087 1708 1234 1741 ἕκαστος

157 1752 217 1785 ἐπὶ
237 1752 316 1786 τῶν
336 1753 480 1786 οἰκείων
502 1754 611 1796 μενεῖ.

1303 1663 1421 1698 dotem
1446 1673 1562 1708 neque
1585 1663 1710 1698 mulier
1734 1663 2016 1705 antenuptialem
2040 1661 2288 1706 donationem,
2320 1662 2383 1699 sed

1304 1708 1552 1754 unusquisque
1575 1708 1613 1743 in
1638 1708 1712 1744 suis
1735 1707 1904 1744 manebit.

1127 1819 1283 1856 CAPUT
1307 1820 1406 1857 VIII.

203 1886 247 1922 Τὸ
267 1885 308 1922 δὲ
328 1885 505 1936 πρότερον
528 1890 567 1922 ἐκ
587 1889 648 1931 τῆς
671 1889 749 1922 τῶν
766 1884 891 1931 νόμων
909 1885 1103 1943 αὐστηρίας
1123 1888 1231 1935 εἰςηγ-

1348 1888 1453 1933 Quod
1473 1891 1593 1924 autem
1610 1889 1709 1934 prius
1730 1900 1774 1925 ex
1793 1889 1910 1934 legum
1930 1889 2117 1925 severitate
2140 1888 2383 1925 introductum

152 1935 265 1989 μένον
281 1929 377 1978 ἡμεῖς
402 1932 662 1981 φιλανθρώπῳ
687 1930 816 1978 λύομεν
836 1945 1065 1988 συγχωρησει.
1101 1934 1147 1986 {35
1167 1935 1236 1981 γὰρ
1250 1938 1290 1969 35
1307 1938 1381 1976 est,
1414 1944 1479 1970 nos
1504 1935 1668 1970 clementi
1693 1935 1852 1971 cessione
1887 1934 2108 1970 resolvimus.
2157 1934 2196 1970 Si
2219 1935 2312 1970 enim
2342 1945 2384 1969 ex

153 1984 191 2012 ἐκ
215 1990 337 2025 ψηφου
359 1977 565 2022 δικαστικῆς
588 1979 636 2013 εἰς
657 1977 835 2023 με’ταλλόν
864 1990 918 2012 τις
944 1992 966 2021 η
990 1992 1080 2025 ανηρ
1105 1992 1126 2021 η
1145 1979 1234 2025 γυνὴ

154 2022 312 2068 δοθῆναι
335 2022 561 2071 προςετάχθη
584 2021 724 2065 (ὁποῖον
748 2025 815 2058 νῦν
835 2027 914 2057 ἐστι
937 2022 980 2058 τό
1004 2037 1044 2058 τε
1068 2026 1111 2058 ἐν
1127 2027 1234 2071 Προι-

1306 1979 1450 2015 decreto
1485 1979 1647 2015 iudiciali
1682 1980 1719 2015 in
1754 1980 1934 2015 metallum
1971 1980 2098 2025 aliquis
2135 1983 2199 2015 aut
2233 1980 2287 2015 vir
2322 1982 2386 2014 aut

1306 2025 1432 2059 mulier
1465 2025 1542 2060 dari
1571 2025 1690 2062 iussus
1724 2028 1819 2062 esset
1849 2026 1968 2071 (quale
2000 2036 2096 2061 nunc
2129 2028 2186 2061 est
2215 2025 2251 2060 in
2276 2025 2384 2060 Proe-

199 2129 270 2159 cap.
287 2116 361 2150 VII
376 2115 447 2149 εἴτε
470 2111 575 2161 ἀνδρὶ
599 2118 757 2159 συμβαίη
777 2112 819 2148 τὸ
837 2115 899 2157 τῆς
921 2113 1164 2159 αἰχμαλωσίας
1182 2112 1346 2159 ἀτύχημα
1373 2136 1415 2140 —
1437 2116 1499 2158 τῆς·
1519 2115 1664 2163 προικός
1676 2118 1816 2159 (8—21)
1838 2119 1916 2151 citat
1929 2118 2052 2150 Leonis
2065 2118 2192 2151 novella
2208 2119 2383 2150 XXXIII.

197 2174 270 2205 cap.
300 2162 392 2195 VIII
412 2169 500 2194 extat
522 2162 558 2194 B
584 2163 637 2203 28,
662 2169 689 2201 4,
711 2169 745 2194 45
772 2158 839 2202 (μέ
866 2161 938 2201 ΒΙ).

153 2250 232 2295 ipso
265 2249 430 2295 coniuqii
461 2249 544 2284 initi
575 2253 753 2294 tempore,
790 2248 854 2283 sed
885 2249 1078 2283 triennium
1102 2250 1289 2284 numerari
1310 2249 1483 2285 volumus.
1532 2249 1666 2286 Edocti
1697 2251 1790 2285 enim
1820 2262 1944 2286 sumus
1966 2252 2094 2294 exiis,
2126 2262 2221 2298 quae
2243 2252 2385 2287 interim

154 2294 399 2340 contiacrunt,
422 2294 540 2339 fuisse
562 2295 626 2338 qui
645 2298 841 2339 postquam
864 2292 921 2328 vel
941 2304 1010 2338 per
1030 2293 1176 2339 lonqius
1199 2293 1341 2329 biennio
1368 2299 1507 2341 tempus
1537 2295 1754 2341 impotentes
1774 2295 1943 2341 fuissent,
1961 2301 2095 2342 postea
2119 2296 2169 2332 ad
2191 2295 2385 2332 liberorum

152 2338 470 2385 procreandorum
495 2348 641 2384 operam
658 2336 924 2383 praestandam
946 2337 1068 2373 idonei
1091 2349 1114 2372 a
1130 2343 1323 2389 parerent.

296 2382 375 2419 VII.
436 2381 508 2418 Sed
537 2384 643 2417 etiam
672 2382 895 2428 captivitatis
930 2392 1037 2417 casus
1072 2387 1108 2418 ta
1124 2393 1156 2417 ιε
1190 2387 1262 2426 est,
1301 2383 1420 2429 qualis
1453 2384 1548 2419 bona
1580 2385 1705 2431 qratia
1740 2384 1916 2421 dissolvat
1952 2386 2230 2422 matrimonium.
2289 2386 2385 2421 Nam

155 2429 228 2463 sive
256 2428 388 2463 marito
417 2427 592 2462 eiusmodi
625 2427 814 2462 calamitas
846 2426 1021 2462 acciderit
1050 2438 1169 2463 uxore
1197 2428 1236 2462 in
1269 2429 1413 2464 civitate
1443 2435 1627 2472 manente,
1662 2430 1738 2465 sive
1772 2441 1918 2465 rursum
1946 2442 2048 2467 uxor
2079 2431 2118 2466 in
2141 2442 2184 2467 ca
2214 2430 2385 2467 tivitatem

156 2473 309 2515 venerit,
341 2473 492 2507 maritus
519 2472 559 2507 in
589 2471 732 2507 civitate
762 2475 922 2515 maneat,
957 2476 1131 2508 accurata
1161 2472 1304 2518 quidem
1334 2477 1369 2509 et
1399 2473 1542 2509 subtilis
1572 2475 1669 2510 ratio
1701 2474 1810 2510 solvit
1838 2476 2115 2512 matrimonium.
2200 2487 2259 2511 um
2290 2477 2385 2511 enim

156 2518 310 2554 servitus
332 2518 442 2553 semel
463 2517 633 2564 alterutri
654 2517 922 2564 supervenerit,
957 2517 1182 2553 condicionis
1213 2518 1456 2564 inaequalitas
1485 2520 1740 2566 aequalitatem
1772 2521 1909 2567 nuptiis
1938 2521 2105 2566 effectam
2135 2532 2282 2556 manere
2310 2532 2384 2556 non

151 2563 304 2610 patitur.
352 2562 434 2597 Nisi
457 2562 557 2609 quod
579 2562 786 2597 clementius
818 2562 907 2598 talia
936 2562 1225 2606 considerantes,
1257 2563 1430 2615 quamdiu
1461 2566 1694 2611 manifestum
1725 2570 1779 2600 est
1807 2567 2038 2612 superstitem
2069 2577 2147 2602 esse
2176 2566 2251 2602 sive
2274 2567 2383 2601 mari-

156 2614 230 2644 tum
260 2607 335 2643 sive
366 2618 539 2650 uxorem,
559 2618 645 2654 >non
673 2607 795 2643 soluta
825 2618 971 2643 manere
1003 2608 1174 2654 coniuqia
1204 2608 1373 2652 sinimus,
1405 2621 1520 2662 neque
1543 2610 1593 2645 ad
1614 2610 1793 2645 secundas
1816 2610 1965 2656 nuptias
1995 2611 2138 2647 venient
2160 2616 2226 2647 aut
2248 2622 2386 2647 uxores

155 2657 219 2688 aut
241 2653 381 2695 mariti,
417 2652 488 2687 nisi
511 2652 622 2689 velint
646 2657 774 2688 temere
796 2652 837 2687 id
857 2652 991 2699 fecisse
1020 2652 1135 2689 videri
1158 2656 1193 2689 et
1214 2654 1350 2700 poenis
1377 2654 1511 2698 subici,
1546 2655 1716 2691 nimirum
1739 2655 1801 2691 ille
1824 2655 1967 2702 quidem
1991 2660 2076 2692 ante
2099 2657 2248 2703 nuptias
2271 2656 2386 2692 dona-

158 2698 267 2734 tionis
289 2698 489 2740 exactioni,
513 2697 602 2734 haec
630 2702 749 2733 autem
773 2697 878 2733 dotis.
925 2697 1062 2741 Quodsi
1086 2699 1259 2735 incertum
1282 2699 1350 2742 sit,
1379 2703 1499 2736 utrum
1522 2711 1616 2747 quae
1639 2700 1689 2736 ad
1711 2700 1833 2736 hostes
1848 2702 2020 2747 pervenit
2041 2713 2205 2749 persona
2226 2713 2269 2737 su
2298 2702 2387 2737 ersit

155 2754 284 2786 necne,
320 2747 405 2779 tunc
433 2743 716 2790 quinquennium
739 2743 1005 2790 expectandum
1028 2748 1082 2779 est
1104 2745 1177 2780 sive
1197 2745 1328 2780 marito
1353 2745 1428 2781 sive
1450 2746 1574 2788 uxori,
1599 2757 1671 2792 quo
1689 2750 1858 2793 peracto,
1882 2746 1957 2782 sive
1980 2746 2025 2782 de
2047 2751 2163 2782 morte
2186 2758 2260 2799 exp
2278 2751 2386 2782 orata

154 2789 270 2834 fuerit
293 2799 353 2824 res
374 2789 451 2824 sive
474 2789 612 2824 incerta
636 2794 790 2830 maneat,
814 2789 893 2824 sine
909 2789 1078 2835 periculo
1098 2790 1367 2825 matrimonium
1383 2790 1476 2826 inire
1494 2791 1585 2826 licet.
1630 2791 1724 2826 Nam
1743 2790 1812 2826 Izoc
1830 2802 1974 2837 quoque
1997 2793 2092 2828 inter
2113 2792 2272 2832 divortia
2290 2792 2386 2827 bona

154 2834 278 2880 qratia
309 2845 404 2880 quae
426 2838 602 2869 vocantur
627 2833 671 2869 ab
696 2834 741 2868 iis
761 2834 825 2880 qui
848 2845 916 2869 nos
937 2839 1215 2880 praecesserunt
1238 2839 1533 2871 connumeratum
1563 2841 1633 2879 est,
1665 2847 1709 2872 ac
1732 2847 1799 2872 nos
1818 2837 1856 2871 in
1880 2836 1950 2872 Ιιοο
1978 2838 2234 2880 consentimus,
2256 2837 2309 2873 ita
2345 2842 2387 2872 ut

156 2878 214 2914 liic
237 2891 282 2915 ne
303 2878 455 2926 repudio
480 2878 622 2925 quidem
647 2879 748 2915 locus
770 2878 888 2922 detur,
905 2880 1080 2925 personis
1103 2879 1194 2916 adeo
1219 2880 1316 2915 inter
1338 2891 1377 2916 se
1399 2880 1600 2924 disiunctis,
1633 2892 1750 2928 neque
1776 2882 1968 2928 quisquam
1992 2882 2076 2918 hinc
2100 2883 2193 2918 lucri
2213 2883 2386 2929 facturus

155 2924 203 2959 sit
225 2935 340 2971 neque
363 2924 482 2960 dotem
505 2925 658 2960 maritus
680 2935 796 2970 neque
829 2925 1113 2971 antenuptialem
1142 2925 1373 2961 donationem
1396 2937 1507 2969 uxor,
1544 2937 1666 2962 verum
1696 2926 1735 2961 in
1766 2927 1842 2962 suis
1871 2927 2023 2974 quisque
2046 2928 2095 2964 sit
2109 2939 2384 2974 permansurus.

290 2969 386 3006 VIII.
442 2968 548 3012 Quod
577 2974 697 3004 autem
723 2969 833 3016 prius
854 2980 904 3004 ex
927 2969 1044 3016 lequm
1067 2971 1258 3007 severitate
1277 2970 1525 3007 introductum
1549 2975 1648 3014 erat,
1681 2983 1750 3007 nos
1774 2971 1933 3007 humana
1959 2973 2117 3008 tollimus
2149 2972 2383 3019 indulqentia.

155 3013 197 3049 Si
225 3016 307 3060 quis
337 3015 431 3049 enim
460 3026 510 3051 ex
537 3015 716 3050 sententia
747 3014 911 3049 iudiciali
940 3015 1015 3051 sive
1045 3016 1101 3051 vir
1129 3016 1203 3052 sive
1231 3016 1373 3062 femina
1405 3016 1444 3051 in
1477 3016 1660 3052 metallum
1688 3016 1773 3053 dari
1803 3017 1924 3052 iussus
1954 3022 2048 3053 esset
2071 3018 2191 3064 (quale
2213 3022 2267 3053 est
2290 3018 2388 3063 quod

1305 3120 1332 3140 s.
1346 3120 1374 3141 v.
1391 3108 1439 3140 L2
1463 3105 1552 3154 καλῇ
1575 3105 1693 3153 χάριτι
1712 3108 1748 3140 Β
1766 3107 1778 3151 ΙΙ
1796 3109 1838 3142 28
1863 3107 1922 3149 εἰς]
1946 3110 2006 3141 καὶ
2030 3109 2078 3142 εἰς
2095 3109 2126 3142 L
2145 3108 2158 3152 ΙΙ
2175 3110 2217 3142 29
2242 3105 2385 3150 διαισίῳ

1307 3154 1384 3194 (pro
1409 3149 1558 3194 διεσίῳ)]
1590 3149 1760 3186 διαισίων
1785 3152 1833 3185 Bl
1857 3150 2043 3199 (διαζυγίῳ
2058 3155 2153 3191 Hal.)
2170 3153 2181 3195 ΙΙ
2202 3155 2241 3187 31
2269 3154 2385 3186 ἐντεῦ-

1305 3197 1378 3230 θεν
1390 3198 1479 3237 MB]
1505 3197 1671 3230 ἐνταῦθα
1684 3199 1715 3231 L
1741 3198 1872 3239 Procli„
1896 3199 2007 3242 Epan.
2024 3200 2036 3242 ΙΙ
2054 3195 2232 3243 κερδαίνει
2258 3199 2386 3241 ΡνοοΙι.,

1304 3243 1415 3286 Epan.
1435 3243 1447 3282 ΙΙ
1464 3243 1505 3276 32
1531 3240 1715 3295 προγάμου
1727 3243 1838 3286 Epan.
1857 3243 1870 3288 ΙΙ
1887 3245 1928 3278 33
1950 3245 2050 3287 με’νει
2063 3244 2113 3276 B⁸
2124 3244 2246 3286 Epan„
2268 3243 2386 3277 Proch.

206 3108 219 3139 l
248 3102 411 3139 διαίτίαν
431 3106 463 3138 L
483 3107 538 3145 (id.
558 3106 650 3146 M⁰?)
677 3105 689 3147 ΙΙ
712 3102 995 3151 ἀριθμήσασθαι
1019 3107 1049 3140 L
1115 3105 1238 3150 μόνοις
1270 3114 1272 3120 '

159 3151 205 3184 L¹
221 3150 234 3195 ΙΙ
254 3153 273 3184 3
299 3147 640 3194 ἐπισυμβαινόντων
654 3151 686 3183 L
702 3151 713 3194 ΙΙ
733 3154 752 3185 5
776 3148 1008 3197 ὑπηρετῆσθε
1028 3152 1059 3184 L
1108 3154 1126 3186 8
1150 3152 1238 3187 bona

156 3196 267 3238 gratia
293 3196 332 3235 (s.
358 3208 387 3228 v.
412 3193 501 3236 καλῆ
525 3198 646 3228 πίστει
666 3198 725 3228 καὶ
747 3194 879 3242 χάριτι)
903 3197 950 3229 Μ
974 3192 1098 3242 ἀγαθῃ
1117 3193 1237 3242 χάριτι

157 3243 203 3283 Β,
217 3254 275 3274 om.
288 3241 320 3273 L
338 3240 350 3284 ΙΙ
367 3243 386 3274 9
412 3238 577 3274 τοιοῦτόν
599 3252 637 3273 τι
652 3241 699 3273 B⁸
714 3242 726 3285 ΙΙ
754 3244 790 3275 11
818 3237 837 3274 ὁ
857 3243 952 3284 prius
974 3255 1032 3275 om.
1044 3242 1087 3274 M
1101 3242 1112 3284 ll
1132 3242 1172 3275 ἐν
1191 3242 1236 3284 τῆ

156 3284 322 3328 πολιτείᾳ
343 3286 390 3327 Β,
426 3286 495 3319 Leo
525 3284 538 3330 ΙΙ
572 3297 613 3318 τε
637 3298 694 3318 om.
720 3287 789 3319 Leo
818 3285 830 3330 ΙΙ
873 3289 911 3320 13
933 3288 1123 3332 γενομένης
1143 3288 1192 3320 B⁸
1226 3287 1230 3332 Ι

163 3335 199 3366 14
224 3331 288 3364 τοῦ
310 3328 425 3377 γάμου
449 3331 518 3364 Leo
547 3330 559 3371 ΙΙ
585 3332 625 3364 16
651 3325 673 3372 ἢ
693 3329 759 3364 τὸν
782 3328 897 3375 ἄνδρα
921 3333 1098 3378 περιεῖναι
1122 3332 1191 3365 Leo
1226 3333 1230 3375 ᾗ

156 3374 327 3423 γαμετήν]
351 3377 503 3422 γυναῖκα
525 3376 644 3409 ΡνοεῘι.
664 3388 692 3408 v.
708 3376 740 3418 l.,
765 3377 874 3419 Epan.
898 3376 910 3420 ΙΙ
943 3379 982 3411 18
1007 3373 1089 3411 οὗτε
1111 3374 1236 3422 ἄνδρες

157 3419 239 3455 οὔτε
260 3424 422 3467 γυναῖκες
436 3422 545 3464 Epan.
562 3420 574 3465 ΙΙ
603 3422 643 3454 19
667 3419 873 3463 βούλωνται
894 3422 1016 3465 Epan.‚
1040 3422 1159 3455 volunt
1183 3434 1202 3459 ς

145 3469 200 3500 ’20
221 3468 288 3511 μὲν
311 3468 369 3513 τῇ]
394 3469 519 3511 μέντοι
533 3465 662 3511 [ιμτῇ
688 3474 759 3499 ante
778 3467 910 3499 ἐκτίσει
932 3468 1003 3509 (21)
1023 3468 1095 3502 coll.
1120 3468 1189 3500 Leo

158 3514 197 3546 21
219 3512 292 3554 τῆς]
318 3513 362 3559 τῇ
381 3512 442 3555 τῆς
460 3513 509 3545 B·
522 3512 644 3554 Epan„
658 3511 773 3544 Proclz.
787 3525 815 3544 v.
833 3513 852 3545 l.
869 3510 882 3556 ΙΙ
901 3513 942 3545 22
968 3508 1144 3559 πρότερον
1156 3513 1204 3546 L¹

136 3593 138 3595 ,
158 3559 200 3590 23
213 3555 256 3590 τὸ
273 3558 313 3591 ἐν
329 3555 556 3601 αἰχμαλωσίᾳ
572 3554 809 3599 κατεχόμενον
818 3557 927 3600 Epan.
946 3555 958 3601 ΙΙ
977 3559 1020 3591 24
1039 3560 1236 3591 πενταετία

133 3605 137 3608 ⁴
158 3602 254 3635 L²B¹
272 3602 284 3646 ΙΙ
298 3605 437 3646 μενέτω
452 3602 501 3636 L²
519 3602 531 3646 ΙΙ
547 3601 617 3634 εἴτε
638 3601 683 3647 τῇ
746 3603 842 3635 ναικὶ
864 3600 935 3635 εἴτε
953 3602 1007 3645 τῷ
1028 3598 1132 3648 ἀνδρὶ
1152 3604 1203 3636 B⁸
1225 3602 1237 3648 ΙΙ

159 3648 202 3680 26
222 3649 353 3690 μένειν,
367 3660 430 3681 mv.
444 3649 505 3690 ε’τη
518 3649 627 3681 πέντε
641 3647 686 3679 M
695 3647 700 3689 Ι
727 3648 764 3679 K
764 3649 799 3678 αἱ
812 3647 919 3680 τοῦτο
934 3649 1032 3699 —229
1046 3645 1237 3703 σῦμφαμεν

160 3696 220 3728 οηι.’
236 3692 367 3736 ΡνοοΙι,,
391 3694 503 3736 Εραπ.
535 3692 548 3738 ΙΙ
576 3695 615 3727 27
642 3695 867 3740 βοναγρατία
892 3693 940 3728 L²
973 3692 1096 3742 αγαθῆ
1119 3706 1237 3740 χαριτι

1305 3301 1333 3321 υ.
1349 3289 1368 3321 l.
1389 3286 1401 3331 ΙΙ
1419 3289 1459 3321 37
1485 3298 1713 3333 προικονησῳ
1736 3288 1825 3321 ΜΒι

1353 3369 1369 3400 1
1396 3367 1583 3399 enumerari
1606 3366 1641 3399 R
1668 3365 1681 3411 ΙΙ
1710 3369 1730 3401 ὃ
1755 3367 1867 3408 etiam]
1893 3369 1926 3400 et
1950 3368 1982 3400 R
2008 3366 2021 3412 ΙΙ
2052 3369 2072 3401 9
2096 3367 2170 3400 viro
2193 3380 2252 3400 om.
2276 3366 2346 3401 ΒΤ
2375 3366 2386 3411 Η

1308 3415 1348 3446 10
1374 3412 1568 3454 captiuitate
1591 3412 1635 3446 V²
1652 3412 1665 3455 ΙΙ
1685 3413 1723 3446 18
1747 3413 1903 3445 uenirent
1923 3413 1969 3446 Va
1985 3411 1997 3456 ΙΙ
2022 3414 2065 3446 20
2088 3412 2146 3444 ille
2158 3412 2205 3453 R]
2230 3411 2316 3445 illud
2337 3413 2388 3446 V²

1305 3457 1403 3489 illum
1436 3456 1487 3490 V²
1510 3457 1594 3501 vulq.
1619 3456 1631 3501 ΙΙ
1658 3459 1698 3491 21
1726 3458 1903 3498 exactioni]
1939 3457 2155 3490 subcumbere
2179 3458 2257 3491 add.
2290 3457 2341 3491 V³
2374 3457 2386 3502 Η

1305 3502 1365 3534 illa
1388 3503 1433 3542 R]
1458 3501 1551 3534 illam
1578 3502 1703 3546 Vvulq.
1720 3501 1732 3546 ΙΙ
1752 3504 1793 3536 23
1819 3502 1991 3535 deuencrit
2012 3501 2067 3547 ῑῙΙΙ
2086 3504 2127 3536 27
2154 3502 2387 3535 transactionis

1305 3547 1355 3580 Β*
1379 3547 1596 3579 transactioni
1616 3547 1692 3592 13²1}
1722 3549 1764 3581 28
1790 3550 1860 3588 nos]
1887 3549 1920 3580 et
1943 3556 2004 3580 nos
2022 3548 2110 3591 vulq.
2156 3551 2386 3581 consentemus

1305 3592 1357 3625 Ra
1382 3592 1395 3636 ΙΙ
1419 3594 1461 3625 29
1482 3594 1577 3635 opus]
1601 3594 1730 3635 tempus
1758 3593 1842 3635 vulq.
1873 3591 1887 3636 ΙΙ
1914 3594 1957 3627 35
1978 3593 2123 3626 cessione
2162 3592 2184 3626 Γ.
2205 3594 2386 3627 recessione

1305 3661 1330 3680 s.
1345 3661 1376 3680 v.
1399 3647 1449 3681 V³
1466 3647 1478 3690 ΙΙ
1496 3650 1538 3682 36
1561 3648 1718 3680 iudiciale
1741 3648 1785 3680 Va
1814 3647 1827 3692 ΙΙ
1855 3650 1895 3682 37
1916 3649 2172 3692 ρῐοεοοιιίεεοΒ
2195 3640 2385 3693 Ρτὸἴιοιιίεεο

1307 3694 1378 3736 (sie)
1402 3693 1435 3729 V
1459 3695 1667 3729 Proconneso
1687 3694 1772 3739 vuly.
