2618 4010
322 119 428 163 Nov.
450 119 627 163 LXXIV
657 121 696 161 3.
728 121 754 160 4
1043 177 1046 181 .
1227 159 1233 165 .
1332 106 1338 112 ⁶
1392 114 1481 163 374
1559 146 1563 150 -
1919 122 2080 170 eunius
2108 128 2244 163 nome
2273 128 2534 162 numurus

1303 240 1459 276 CAPUT
1485 239 1551 276 111.

367 309 437 339 Καὶ
461 303 502 340 οὐ
527 305 680 350 λέληθεν
704 304 791 350 ἡμᾶς
822 304 871 342 ὥς
893 309 953 343 καὶ
977 305 997 341 ὁ
1020 308 1080 350 τῆς
1102 306 1288 341 υἱοθεσίας
1311 321 1333 342 τ
1356 306 1391 342 ό·
1505 306 1553 341 Et
1582 317 1647 343 nos
1678 317 1751 342 non
1782 307 1887 343 latuit
1915 308 1999 352 quia
2029 309 2138 344 etiam
2171 308 2374 354 adoptionis
2409 308 2534 345 modus

320 362 386 385 πος
408 345 452 393 ἦν
476 350 586 385 πάλαι
610 355 684 386 τισὶ
706 352 785 386 τῶν
811 351 882 398 πρὸ
903 348 1007 397 ἡμῶν
1031 349 1309 398 αὐτοκρατόρων
1352 355 1394 387 πὶ
1462 356 1542 387 erat
1564 352 1761 396 antiquitus
1781 352 1828 387 ab
1851 351 2029 397 aliquibus
2051 356 2134 389 ante
2165 364 2231 390 1108
2261 353 2534 398 imperatoribus

320 397 397 430 τῶν
430 395 559 430 νόθων
592 397 671 431 τῶν
704 397 752 431 εἰς
781 410 804 444 γ
851 400 946 432 σίους
980 397 1263 442 μεθισταμένων
1294 410 1393 441 νομι-
1463 406 1571 441 super
1602 397 1784 432 naturales
1813 396 1861 431 ad
1890 397 2063 442 legitimos
2086 398 2352 435 transferendos
2375 409 2445 434 non
2469 399 2533 434 im-

320 441 423 475 σθεὶς
457 438 521 475 οὐκ
551 439 725 486 ἀδόκιμος.
780 410 862 476 ἀῖἷ’
889 440 909 477 ὅ
931 455 972 489 γε
994 443 1054 484 τῆς
1075 439 1241 486 εὐσεβοῦς
1265 440 1394 485 λήξεως
1462 441 1658 486 probabilis
1694 441 1914 478 aestimatus.
1973 442 2044 479 Sed
2077 453 2118 480 88
2145 454 2190 480 118
2223 444 2305 489 piae
2346 444 2535 479 memoriae

319 483 422 529 ἡμῶν
450 485 569 532 πατὴρ
593 489 652 521 καὶ
682 483 704 530 ἡ
725 484 882 528 διάταξις
906 485 927 530 ἡ
959 486 1050 532 παρ’
1077 488 1212 521 ἐκείνου
1243 487 1394 521 τεθεῖσα
1430 490 1449 522 5
1462 490 1586 522 noster
1635 488 1713 522 ater
1736 489 1774 522 et
1796 487 2003 524 constitutio
2032 489 2078 524 ab
2110 489 2119 497 ⁰
2147 499 2168 525 ο
2226 489 2341 525 relata
2370 488 2458 524 talia
2481 499 2534 524 re-

319 532 396 566 τῶν
426 529 604 567 τοιούτων
627 535 800 578 κατέγνω,
829 535 951 577 μένειν
976 529 1016 565 δὲ
1038 528 1205 574 κάκείνην
1233 533 1293 566 ἐπὶ
1315 533 1394 566 τῶν
1462 531 1597 576 prehen
1624 533 1659 566 't.
1706 531 1855 568 Manere
1885 542 1968 577 ergo
2001 536 2038 568 et
2070 533 2166 570 1118111
2199 545 2238 570 111
2268 536 2342 570 suis
2374 534 2534 570 terminis

320 576 442 619 ἑαυτῆς
462 574 561 622 ὅρων
580 576 801 622 βουλόμεθα,
827 575 949 620 ἐπειδὴ
969 578 1031 619 τῆς
1046 574 1280 622 σωφροσύνης
1298 575 1393 622 ἀκρι-
1462 576 1644 620 volumus,
1667 577 1835 622 quoniam
1858 577 2058 614 castitatem
2081 578 2266 624 diligenter
2289 579 2535 621 consideravit,

318 622 393 665 βῶς
416 623 630 665 ἐστόχασται
660 625 720 657 καὶ
743 621 784 656 οὐ
808 621 982 669 προςῆκόν
1015 624 1092 656 ἐστι
1121 620 1169 656 τὰ
1200 621 1318 657 καλῶς
1341 623 1394 656 ἐκ·
1462 625 1499 657 et
1530 622 1647 658 incom
1676 625 1775 658 eveus
1805 625 1861 658 est
1892 631 1983 667 quae
2010 623 2101 659 bene
2130 624 2276 661 exclusa
2304 627 2389 661 sunt
2411 634 2536 660 rursus

319 665 524 712 βεβλημένα
547 666 658 703 πάλιν
687 669 736 703 εἰς
759 666 946 702 πολιτείαν
969 666 1146 714 κατάγειν.
1463 667 1508 703 ad
1531 677 1657 713 tempu
1682 667 1786 703 1188111
1810 676 1989 704 revocare.

1311 757 1467 794 CAPUT
1488 757 1549 794 lv.

377 811 531 849 Κάκεῒνο
563 812 604 849 δὲ
632 812 818 860 ἡγούμεθα
851 812 995 848 κάλλιον
1029 813 1122 848 εἶναι
1152 812 1259 854 τάξαι
1294 825 1395 868 προς·
1411 817 1452 850 10
1508 813 1602 850 Illud
1625 823 1766 859 quoque
1793 813 1919 849 melius
1943 813 2158 849 arbitramur
2188 815 2405 851 constituere
2435 825 2532 851 com-

319 859 489 903 ηκόντως,
512 857 602 905 ὅπερ
626 862 664 893 ἐκ
687 858 816 902 πολλῆς
839 860 901 903 τῆς
923 859 1002 893 τῶν
1026 855 1252 905 πραγμάτων
1270 858 1393 904 έλαβο-
1463 863 1643 905 petenter‚
1680 858 1774 904 quod
1805 868 1850 894 ex
1884 858 2036 904 plurimo
2071 868 2261 895 causarum
2294 861 2534 906 experimento

318 918 388 950 μεν
410 908 553 949 πείρας·
578 903 709 940 πολλαὶ
731 905 820 951 γοῦν
842 907 902 938 καὶ
924 904 1046 949 ἐφεξῆς
1069 902 1166 938 δίκαι
1186 903 1395 952 προςηγγελ-
1464 904 1710 949 cognovimus3
1747 904 1880 940 multae
1903 904 2045 949 quidem
2067 906 2105 940 et
2128 904 2316 941 continuae
2340 906 2420 942 lites
2443 916 2535 941 nun-

319 952 425 994 μέναι
439 951 493 994 τῷ
511 947 671 1004 ῇμετέρῳ
688 949 809 996 κράτει
828 950 891 984 τοῦ
909 948 1089 996 παρόντος
1106 947 1194 994 ἡμᾶς
1209 950 1257 984 εἰς
1271 954 1396 996 χρείαν
1464 950 1576 985 tiatae
1610 953 1757 985 nostrae
1793 949 1973 985 maiestati
2008 949 2054 985 ad
2085 959 2177 994 opus
2211 960 2277 986 1108
2313 950 2535 987 deduxerunt

319 994 453 1043 ἤγαγον
484 1008 607 1040 νομου.
655 994 778 1038 ἐπειδὴ
809 994 878 1042 γὰρ
901 997 960 1028 καὶ
991 997 1065 1029 τοῖς
1089 993 1254 1030 παλαιοῖς
1277 992 1395 1043 διηγὸ-
1462 995 1560 1040 legis.
1609 994 1701 1040 Quia
1725 994 1817 1030 enim
1842 998 1878 1030 et
1901 994 2058 1041 antiquis
2082 995 2344 1040 promulgatum
2372 999 2427 1032 est
2449 996 2534 1041 legi·

320 1054 442 1087 ρευται
466 1040 587 1085 νόμοις
618 1043 677 1074 καὶ
710 1037 794 1084 ἡμῖν
819 1038 937 1074 αὐτοῖς
967 1037 1012 1074 τὰ
1041 1037 1133 1074 αὐτὰ
1152 1037 1394 1083 διατέτακται,
1410 1043 1449 1076 15
1463 1041 1531 1076 bus
1556 1044 1592 1076 et
1615 1049 1638 1075 8
1661 1040 1765 1076 nobis
1787 1040 1877 1085 ipsis
1898 1043 1981 1075 sunt
2004 1040 2094 1075 11888
2118 1040 2242 1076 eadem
2265 1040 2471 1085 constituta,
2495 1046 2537 1076 ut

321 1083 409 1120 ὥςτε
432 1085 513 1120 τοὺς
535 1084 668 1140 γάμους
698 1088 756 1118 καὶ
779 1086 947 1132 γαμικῶν
970 1084 1204 1129 συμβολαίων
1226 1088 1333 1132 χωρὶς
1357 1088 1395 1120 ἐκ
1463 1097 1512 1121 nu
1539 1086 1610 1121 tiae
1641 1088 1678 1121 et
1709 1087 1811 1121 extra
1843 1085 1977 1121 dotalia
2001 1086 2214 1122 documenta
2237 1095 2281 1122 ex
2305 1086 2382 1122 solo
2405 1085 2536 1122 affectu

318 1129 428 1176 μόνης
459 1131 649 1176 ἐρρωσθαι
681 1128 882 1165 διαθέσεως
912 1133 972 1164 καὶ
995 1134 1131 1177 κυρίους
1154 1130 1265 1174 εἴναι,
1297 1144 1396 1166 νενο-
1463 1141 1507 1167 va
1522 1133 1605 1167 eant
1628 1134 1665 1166 et
1687 1132 1788 1166 ratae
1809 1131 1892 1174 sint,
1917 1130 1980 1167 sed
1996 1130 2136 1167 falsatis
2154 1131 2397 1167 contractibus
2415 1134 2538 1167 nostra

320 1177 510 1221 θευμένων
523 1173 596 1222 <δὲ>
611 1174 696 1220 ἡμῖν
712 1175 887 1210 ἐντεῦθεν
902 1174 1062 1210 συναλλα
1083 1175 1212 1221 μάτων
1227 1175 1395 1220 ἐπλήσθη
1464 1186 1508 1213 ex
1531 1176 1600 1213 hoc
1623 1179 1679 1212 est
1702 1176 1879 1222 completa
1894 1176 2098 1222 respublica.
2113 1179 2210 1219 (118111
2225 1176 2410 1212 introeunt
2426 1178 2537 1212 testes

320 1221 361 1256 τὸ
383 1220 590 1266 πολίτευμα,
611 1224 672 1255 καὶ
688 1225 842 1268 παρίασι
860 1220 1034 1267 μάρτυρες
1096 1219 1250 1256 ινὸύνως
1267 1220 1395 1268 ψευδό·
1465 1222 1541 1258 sine
1564 1221 1724 1267 periculo
1749 1221 1979 1266 mentientes,
2003 1221 2087 1267 quia
2108 1222 2164 1258 vir
2186 1222 2336 1258 vocabat
2359 1222 2537 1258 dominam

318 1279 419 1311 μενοι
451 1269 510 1300 καὶ
533 1263 590 1301 ὅτι
614 1270 741 1312 κυρίαν
765 1265 879 1301 ἐκάλει
899 1265 966 1310 τὴν
988 1268 1226 1301 συνοικοῦσαν
1254 1264 1274 1301 ὁ
1304 1265 1395 1313 ἀνὴρ
1409 1270 1450 1302 20
1464 1268 1712 1303 cohaerentem
1733 1269 1771 1303 et
1793 1267 1900 1302 istum
1918 1267 1982 1302 illa
2005 1267 2166 1303 similiter
2188 1267 2403 1309 nominabat,
2425 1270 2461 1302 et
2484 1267 2535 1303 sic

297 1355 299 1357 ‚
319 1311 460 1356 κάκείνη
492 1313 623 1346 τοῦτον
646 1309 778 1356 ὁμοίως
810 1309 995 1357 ὠνόμαζε,
1032 1315 1092 1345 καὶ
1124 1309 1238 1347 οὕτως
1274 1310 1395 1347 αὐτοῖς
1465 1313 1515 1348 eis
1539 1313 1723 1357 finguntur
1746 1312 1972 1348 matrimonia
1994 1322 2066 1348 non
2089 1323 2154 1358 pro
2179 1312 2328 1348 veritate
2351 1312 2537 1355 confecta),

320 1354 517 1392 πλάττεται
544 1360 760 1392 συνοικέσια
802 1361 862 1392 καὶ
903 1356 952 1402 μὴ
994 1360 1071 1392 ταῖς
1111 1356 1299 1401 ἀληθείαις
1337 1370 1395 1392 συ·
1464 1359 1533 1394 1100
1556 1357 1819 1394 aestimavimus
1845 1361 2013 1403 oportere
2036 1357 2231 1394 secundum
2263 1358 2446 1393 naturales
2477 1357 2536 1392 de-

319 1400 458 1437 στάντα
468 1402 479 1420 ·’
510 1403 618 1437 τοῦτο
642 1401 818 1447 ᾠήθημεν
847 1403 975 1448 χρῆναι
1004 1401 1096 1437 κατὰ
1125 1403 1207 1437 τοὺς
1230 1402 1397 1449 φυσικοὺς
1464 1403 1566 1439 finire
1599 1403 1707 1447 leges.
1763 1402 1936 1438 Novimus
1968 1403 2097 1438 etenim
2132 1407 2168 1439 et
2202 1402 2378 1439 castitatis
2413 1413 2537 1439 sumus

321 1447 477 1494 διορίσαι
497 1447 636 1492 νόμους.
678 1447 781 1493 ἴσμεν
799 1446 877 1496 γάρ,
902 1448 933 1482 εἰ
956 1451 1016 1482 καὶ
1040 1447 1274 1494 σωφροσύνης
1289 1450 1397 1492 ἐσμὲν
1465 1451 1643 1490 amatores
1675 1451 1712 1484 et
1741 1448 1831 1484 haec
1861 1447 1995 1484 nostris
2031 1448 2210 1484 sancimus
2246 1448 2435 1486 subiectis:
2476 1448 2539 1483 sed

320 1495 469 1540 ἐρασταὶ
493 1496 553 1527 καὶ
575 1494 692 1528 ταῦτα
713 1496 787 1528 τοῖς
811 1492 989 1539 ἡμετέροις
1012 1493 1284 1537 νομοθετοῦμεν
1306 1491 1396 1537 ὑπη·
1409 1496 1451 1529 25
1465 1494 1553 1530 nihil
1577 1497 1632 1530 est
1654 1494 1775 1530 furore
1799 1493 1930 1530 amoris
1953 1494 2216 1537 vehementius,
2250 1503 2354 1539 quem
2384 1493 2538 1529 retinere

320 1538 432 1580 κόοις,
453 1535 533 1573 ἀλλ’
553 1535 659 1573 οὐδὲν
678 1538 771 1584 εἶναι
794 1542 925 1584 μανίας
948 1539 1118 1584 ἐρωτικῆς
1142 1537 1396 1596 σφοδρότερον,
1464 1539 1714 1592 philosophiae
1742 1541 1798 1574 est
1828 1539 2030 1584 perfectae,
2065 1539 2241 1575 monentis
2264 1541 2302 1575 et
2322 1539 2538 1574 insilientem

320 1582 364 1628 ἣν
388 1585 548 1627 ἐπισχεῖν
571 1582 783 1630 φιλοσοφίας
814 1587 914 1619 ἐστὶν
937 1581 1119 1629 ἀκριβοῦς,
1154 1584 1396 1628 νουθετουσης
1465 1588 1571 1629 atque
1602 1585 1843 1620 mhaerentem
1876 1584 2214 1630 concupiscentiam·
2230 1583 2461 1629 refienantis;
2498 1587 2540 1619 ut

320 1643 360 1664 τε
393 1632 454 1663 καὶ
488 1626 667 1672 πηδῶσαν
702 1632 762 1663 καὶ
798 1627 1054 1686 σφαδάζουσαν
1087 1628 1156 1673 τὴν
1191 1629 1396 1674 ἐπιθυμίαν
1465 1631 1503 1665 111
1527 1630 1588 1675 qui
1612 1631 1681 1666 hoc
1705 1629 1771 1666 tali
1791 1629 1995 1665 detinentur
2017 1629 2124 1676 (quo)
2147 1639 2185 1665 se
2204 1629 2436 1666 abstinebunt
2465 1639 2538 1665 ser-

321 1673 525 1730 ἐπεχούσης·
570 1670 659 1710 ὥςτε
696 1674 733 1709 οἱ
764 1687 882 1718 τουτῳ
922 1677 1177 1721 κεκρατημένοι
1212 1678 1310 1710 τίνος
1350 1672 1396 1709 ἂν
1464 1686 1567 1712 mone
1590 1676 1637 1712 ad
1661 1685 1721 1711 888
1745 1685 1835 1720 quas
1860 1678 1991 1718 amant,
2016 1684 2121 1720 quem
2144 1675 2195 1711 eis
2218 1685 2292 1711 non
2314 1685 2379 1720 per
2401 1674 2539 1710 blandi·

320 1718 538 1763 ἀποσχοιντο
567 1719 723 1766 ῥήματος
755 1720 842 1766 πρὸς
865 1718 928 1755 τὰς
952 1719 1005 1754 ὡν
1037 1720 1179 1767 ἐρῶσιν,
1215 1716 1305 1768 ὅπερ
1336 1718 1394 1754 αὖ·
1409 1723 1451 1756 30
1468 1724 1588 1756 menta
1612 1720 1829 1757 conferunt?
1852 1720 2005 1766 denique
2021 1721 2059 1755 in
2078 1723 2218 1756 tantum
2238 1720 2346 1756 etiam
2370 1722 2453 1756 ante
2473 1729 2539 1755 nos

322 1768 397 1801 ταῖς
426 1764 468 1800 οὗ
492 1762 552 1799 διὰ
575 1763 764 1799 κολακείαν
793 1764 904 1811 προςά
927 1776 1021 1806 ουσις
1057 1765 1249 1812 τοιγαροῦν
1272 1766 1394 1800 τοσοῦ·
1465 1767 1684 1811 legislatores
1702 1766 1793 1801 tales
1809 1765 1969 1801 scierunt
1983 1765 2181 1802 animorum
2197 1765 2357 1808 affectus,
2376 1769 2416 1801 ut
2431 1766 2540 1801 etiam

319 1823 386 1846 τον
415 1813 476 1844 καὶ
505 1810 542 1844 οἱ
567 1808 638 1857 πρὸ
670 1808 774 1856 ἡμῶν
796 1823 887 1855 νομο
919 1813 998 1845 ε’ται
1029 1809 1093 1845 τὰς
1122 1808 1291 1845 τοιαύτας
1314 1808 1395 1854 ἦπί-
1464 1812 1675 1848 donationes
1697 1814 1883 1847 constante
1899 1810 2123 1847 matrimonio
2143 1810 2384 1863 prohiberent,
2408 1813 2539 1846 utnon

320 1868 456 1891 σταντο
479 1857 557 1890 τῶν
580 1857 708 1902 ψυχῶν
731 1854 925 1898 διαθέσεις,
950 1852 1040 1890 ὥςτε
1062 1857 1122 1889 καὶ
1143 1856 1207 1891 τὰς
1230 1857 1270 1890 ἐν
1289 1855 1394 1902 γάμῳ
1465 1856 1777 1903 concupiscentiae
1810 1855 2052 1901 magnitudine
2074 1855 2157 1892 vict1
2187 1856 2340 1892 laterent
2367 1856 2539 1902 paulatim

320 1899 496 1936 κωλύουσι
520 1899 666 1947 δωρεάς,
697 1901 758 1936 ἵνα
779 1900 828 1947 μὴ
851 1903 896 1945 τῆ
919 1902 982 1945 τῆς
1003 1901 1201 1945 ἐπιθυμίας
1223 1901 1394 1945 νικηθέν-
1466 1902 1633 1948 coniuges
1670 1903 1782 1938 semet
1805 1901 1903 1946 ipsos
1927 1911 1994 1938 sua
2017 1901 2157 1946 privare
2180 1901 2391 1937 substantia.
2438 1900 2538 1936 Haec

319 1958 376 1982 τες
397 1945 579 1994 ὑπερβολῇ
608 1945 760 1981 λάθοιεν
782 1937 884 1982 κριτοὶι
892 1945 1025 2001 μικρὸν
1048 1946 1195 1981 ἑαυτοὺς
1221 1946 1258 1981 οἱ
1279 1958 1394 1982 συνοι-
1408 1949 1451 1983 35
1465 1958 1549 1993 ergo
1574 1950 1675 1984 casta
1696 1948 1773 1992 lege
1796 1947 1936 1983 sancire
1957 1947 2047 1983 bene
2069 1956 2109 1982 se
2131 1946 2264 1983 habere
2287 1946 2509 1983 credidimus.

320 1993 463 2027 κοῦντες
483 1993 558 2046 ’τῆς
594 1989 715 2027 οὐσίας
747 1990 769 2026 ἇ
801 2004 1041 2046 αιροίιμενοι..ν
1072 1992 1189 2050 ταῦτα
1223 1983 1288 2047 (ἦν
1325 1990 1395 2026 σώ-

321 2050 561 2127 ῗρῳὲπῖοἷῖν
578 2035 759 2118 Ξιῧῖιθετῗῖιιῗ
777 2035 1397 2128 μῖἷέἶωῖαέἒὶιὶἔῖῒνῳέἵὶηῇᾬ
1465 2084 1487 2119 1
1531 2082 1576 2117 In
1598 2081 1793 2118 maioribus
1815 2082 1937 2127 itaque
1967 2081 2198 2126 dignitatibus
2229 2085 2266 2117 et
2319 2091 2539 2126 uaecumque

320 2131 421 2173 μέχρι
453 2128 531 2163 τῶν
560 2125 744 2175 ἡμετέρων
774 2130 851 2162 ἐστὶ
875 2126 1121 2174 συγκλητικῶν
1151 2130 1211 2161 καὶ
1237 2128 1316 2162 τῶν
1338 2140 1397 2172 με·
1467 2136 1580 2171 usque
1602 2126 1650 2162 ad
1673 2129 1817 2163 nostros
1840 2130 1896 2163 est
1919 2131 2102 2163 senatores
2119 2131 2156 2162 et
2170 2137 2205 2162 m
2278 2127 2286 2135 ⁰
2317 2127 2538 2165 cantissimos

454 2219 518 2254 ΙΙΙ.
567 2218 691 2264 Neque
735 2219 816 2264 uait
837 2229 903 2254 nos
925 2219 1032 2254 etiam
1055 2218 1266 2263 adoptionis
1286 2218 1430 2253 modum
1461 2217 1548 2252 olim
1569 2216 1755 2252 nonnullis
1777 2227 1902 2252 eorum
1957 2217 1995 2252 ui
2019 2220 2103 2252 ante
2122 2227 2191 2252 nos
2211 2218 2365 2262 suerunt
2387 2217 2540 2263 impera-

324 2264 461 2301 toribus
491 2263 541 2299 ad
570 2268 682 2299 natur
719 2273 759 2299 es
789 2263 967 2310 leqitimos
997 2261 1201 2298 reddendos
1229 2271 1306 2297 non
1335 2261 1524 2308 indiqnum
1555 2271 1631 2297 esse
1660 2260 1868 2297 iudicatum.
1956 2272 2055 2297 erum
2078 2272 2122 2297 ea
2142 2271 2280 2308 parens
2302 2265 2426 2297 noster
2452 2262 2542 2309 piae

322 2309 514 2346 memoriae
541 2313 576 2345 et
600 2308 810 2344 constitutio
834 2309 879 2345 ab
903 2308 967 2344 illo
992 2308 1067 2343 lata
1090 2307 1234 2349 reiecit;
1267 2317 1376 2353 quam
1403 2308 1549 2343 manere
1578 2307 1695 2353 ipsam
1719 2316 1860 2353 quoque
1884 2307 1920 2342 in
1943 2317 2011 2354 suo
2034 2310 2132 2343 statu
2156 2307 2338 2350 volumus,
2371 2308 2542 2353 quoniam

323 2355 522 2392 castitatem
544 2357 713 2390 accurate
735 2358 872 2390 sectata
896 2358 950 2390 est
972 2363 1039 2389 nee
1061 2352 1163 2389 decet
1181 2363 1224 2388 ea
1244 2363 1339 2399 quae
1361 2355 1457 2388 reete
1480 2352 1636 2399 explosa
1655 2355 1741 2388 sunt
1763 2363 1892 2396 rursus
1914 2352 1953 2387 in
1979 2351 2235 2399 rempublicam
2258 2362 2439 2389 revocare.

455 2399 518 2436 IV.
565 2398 640 2436 Sed
661 2399 754 2435 illud
777 2410 920 2446 quoque
943 2403 985 2434 ut
1007 2401 1094 2445 apte
1126 2398 1333 2434 ordinemus
1359 2397 1475 2433 satius
1504 2407 1582 2434 esse
1605 2397 1838 2440 arbitramur,
1858 2396 1959 2444 quod
1972 2407 2023 2434 ex
2037 2397 2150 2433 multa
2172 2408 2292 2434 rerum
2315 2398 2543 2445 experientia

323 2446 545 2494 accepimus.-
576 2448 672 2481 certe
695 2446 829 2480 multae
852 2448 888 2480 et
912 2443 1107 2482 continuae
1131 2443 1211 2479 lites
1231 2443 1280 2478 ad
1301 2446 1464 2479 nostram
1487 2444 1708 2479 maiestatem
1731 2442 1874 2478 delatae
1897 2442 1947 2478 ad
1961 2443 2170 2496 praesentis
2192 2453 2260 2478 nos
2282 2442 2373 2490 leqis
2395 2444 2543 2480 necessi-

324 2496 431 2528 tatem
447 2490 692 2527 adduxerunt.
736 2490 832 2525 Nam
848 2499 928 2525 eum
945 2493 982 2525 et
998 2489 1161 2535 antiquis
1178 2489 1317 2535 leqibus
1325 2491 1563 2536 praeceptum
1578 2492 1615 2524 et
1629 2488 1722 2524 idem
1738 2499 1761 2523 a
1781 2487 1886 2523 nobis
1902 2488 1993 2535 ipsis
2007 2489 2240 2524 constitutum
2256 2489 2316 2530 sit,
2335 2491 2377 2524 ut
2392 2488 2543 2536 nuptiae

323 2538 430 2573 etiam
452 2537 529 2572 sine
552 2534 776 2583 nuptialibus
799 2535 1044 2571 instrumentis
1066 2545 1117 2571 ex
1138 2536 1217 2570 solo
1237 2534 1372 2580 affeetu
1394 2533 1540 2570 valeant
1558 2537 1594 2570 et
1614 2537 1720 2569 ratae
1739 2533 1832 2577 sint,
1861 2533 2001 2580 (atqui)
2022 2533 2108 2569 inde
2126 2533 2327 2581 suppositis
2349 2535 2543 2570 contracti-

323 2583 389 2618 bus
410 2581 615 2629 respublica
643 2580 784 2633 repleta
814 2584 885 2624 est,
920 2584 957 2617 et
987 2583 1093 2616 testes
1118 2579 1310 2626 prodeunt
1336 2579 1483 2626 impune
1513 2579 1721 2616 mentientes
1753 2582 1789 2614 et
1810 2578 1925 2615 virum
1956 2578 2137 2614 dominam
2168 2589 2316 2615 vocasse
2344 2590 2423 2615 eam
2450 2590 2545 2626 quae

324 2639 403 2664 eum
426 2638 469 2663 eo
494 2627 592 2663 vivat
615 2631 652 2663 et
674 2626 774 2662 illam
805 2625 914 2661 simili
936 2636 1015 2662 eum
1046 2625 1190 2660 nomine
1212 2636 1236 2660 a
1260 2624 1429 2671 pellasse,
1460 2628 1569 2671 atque
1591 2624 1644 2661 ita
1664 2624 1856 2678 finquntur
1882 2624 1929 2659 iis
1950 2623 2182 2659 matrimonia
2205 2635 2299 2670 quae
2320 2635 2448 2660 revera
2470 2635 2545 2660 non

323 2677 408 2709 sunt
427 2676 636 2709 contracta:
670 2671 737 2707 hoc
757 2671 951 2708 secundum
970 2671 1067 2718 leqes
1089 2635 1277 2706 naturasss
1299 2669 1539 2715 definiendum
1562 2680 1639 2706 esse
1661 2669 1968 2721 existimavimus..
2001 2667 2085 2704 Etsi
2105 2669 2198 2705 enim
2221 2669 2400 2705 castitatis
2421 2680 2545 2705 sumus

324 2722 506 2755 amatores
536 2722 645 2764 atque
673 2716 847 2753 eiusmodi
877 2716 975 2763 leqes
1004 2715 1173 2752 subiectis
1203 2715 1340 2751 nostris
1368 2714 1512 2758 damus,
1543 2719 1584 2751 at
1611 2715 1702 2751 satis
1729 2714 1860 2750 scimus
1891 2713 1983 2749 nibil
2011 2724 2088 2750 esse
2117 2714 2247 2760 furore
2277 2715 2414 2750 amoris
2444 2714 2543 2751 velie-

323 2765 488 2806 mentius,
511 2773 615 2816 quem
635 2761 800 2798 cohibere
821 2761 1075 2809 philosophiae
1098 2764 1153 2797 est
1166 2771 1322 2804 severae,
1346 2771 1440 2807 quae
1459 2764 1495 2797 et
1512 2759 1754 2808 reprehendat
1775 2763 1811 2795 et
1834 2759 2073 2796 lascivientem
2094 2763 2202 2806 atque
2223 2759 2445 2796 exultantem
2461 2769 2544 2796 con-

324 2809 580 2858 cupiscenltam
604 2808 806 2844 contineat:
825 2806 921 2843 unde
944 2807 1007 2854 qui
1029 2806 1093 2842 illo
1118 2806 1205 2842 vieti
1223 2810 1310 2842 sunt
1331 2816 1403 2853 quo
1428 2805 1535 2842 verbo
1559 2805 1785 2842 abstinebunt
1808 2804 1980 2842 adversus
1999 2815 2061 2840 eas
2084 2814 2176 2850 quas
2190 2810 2325 2848 amant,
2349 2805 2449 2852 quod
2470 2815 2545 2841 non

326 2856 363 2890 in
388 2864 451 2891 eas
473 2864 546 2902 per
575 2853 772 2889 blanditias
801 2852 1023 2899 conferant?
1059 2851 1175 2895 Quam
1206 2851 1251 2887 ob
1281 2861 1357 2886 rem
1388 2851 1496 2887 etiam
1526 2851 1590 2898 qui
1615 2855 1699 2887 ante
1725 2861 1793 2886 nos
1826 2850 1979 2895 fuerunt
2008 2849 2236 2896 leqislatores
2266 2849 2355 2886 adeo
2379 2851 2545 2898 eoqnitos

325 2900 528 2936 habuerunt
556 2897 734 2935 eiusmodi
754 2898 958 2934 animorum
980 2896 1147 2944 affectus,
1179 2901 1221 2933 ut
1243 2896 1300 2933 vel
1321 2896 1536 2932 donationes
1563 2900 1752 2944 constante
1774 2895 2005 2931 matrimonio
2054 2894 2272 2938 robiberent,
2304 2906 2350 2931 ne
2373 2895 2546 2942 eoniuqes

326 2946 412 2982 victi
439 2945 550 2980 nimia
574 2943 866 2991 concupiscentia
896 2942 1143 2990 imprudentes
1163 2953 1203 2978 se
1225 2942 1327 2994 ipsos
1342 2941 1526 2988 paulatim
1547 2940 1648 2991 bom’s
1670 2941 1748 2977 suis
1764 2941 1966 2988 privarent.
2054 2950 2118 2976 aee
2139 2940 2254 2987 iqitur
2277 2940 2355 2986 leqe
2373 2940 2546 2988 prudenti

325 2994 347 3028 1
391 2990 584 3037 disponere
611 2999 685 3036 par
715 2999 793 3025 esse
815 2988 996 3026 duximus.
1088 2987 1207 3033 Atque
1236 2998 1276 3022 tn
1303 2986 1500 3023 maioribus
1531 2986 1769 3033 diqnitatibus
1799 2990 1835 3022 et
1863 2995 2107 3032 quaecumque
2136 2996 2250 3031 usque
2280 2985 2331 3021 ad
2359 2990 2546 3022 senatores

373 3084 388 3115 1
417 3078 568 3114 λέλυθεν
592 3081 633 3114 Μ
654 3080 667 3124 ΙΙ
691 3083 734 3123 cf.
763 3081 841 3114 Cod.
857 3081 888 3121 5,
902 3087 948 3119 27,
963 3084 1036 3119 651
1061 3078 1074 3123 ΙΙ
1100 3080 1122 3112 4
1144 3081 1196 3125 γε]
1221 3087 1325 3121 aeque
1347 3089 1368 3115 ς
1387 3077 1403 3130 fl
1474 3080 1524 3118 ex]
1549 3079 1770 3111 instrumenta
1793 3080 1828 3111 et
1848 3088 1890 3110 ex
1913 3078 1946 3111 Τ
1969 3078 1981 3120 ΙΙ
2014 3079 2053 3111 17
2079 3076 2207 3110 talsatis
2228 3077 2388 3120 V²vul9.]
2420 3076 2546 3110 talsitas

327 3130 347 3162 5
368 3124 538 3167 διάταξις]
560 3126 680 3160 Ιιιεείηι·
700 3126 780 3159 C'od.
794 3127 826 3166 5,
839 3133 886 3167 27,
900 3133 914 3159 ἰ
935 3123 947 3169 ΙΙ
970 3126 991 3159 6
1016 3121 1067 3166 δὲ]
1091 3133 1171 3167 ergo
1194 3123 1245 3168 eu
1273 3124 1314 3159 1³
1338 3134 1403 3156 του
1475 3124 1507 3156 T
1515 3123 1527 3144 ¹
1549 3122 1704 3156 falsitatis
1727 3122 1821 3157 RV·
1831 3122 1882 3157 T¹
1905 3121 1918 3166 fl
1948 3123 1988 3157 18
2012 3121 2187 3155 introeunt
2206 3122 2314 3163 Beck]
2337 3121 2544 3156 introeuntes

327 3170 659 3253 <ml
675 3167 1055 3261 insufflet
1069 3168 1370 3258 {essm
1393 3167 1404 3255 l
1472 3165 2097 3256 sursumsunt
2120 3167 2428 3257 „emme
2443 3167 2544 3253 ss}

328 3264 372 3297 22
394 3264 455 3296 καὶ
476 3260 537 3306 μὴ]
561 3272 630 3295 11011
654 3273 691 3301 e:
717 3261 884 3295 delendum
899 3261 1028 3295 videtur
1047 3262 1107 3293 καὶ
1122 3259 1136 3304 ΙΙ
1162 3261 1206 3294 24
1229 3257 1260 3292 εἰ
1283 3271 1342 3293 om.
1355 3268 1375 3294 ς
1393 3256 1398 3300 Ι
1473 3259 1536 3291 etsi
1553 3259 1638 3301 vulq.
1657 3258 1670 3303 ΙΙ
1688 3260 1731 3293 24
1745 3259 1807 3292 hoo
1820 3257 1853 3292 R
1867 3258 1882 3302 ΙΙ
1899 3259 1941 3292 25
1956 3255 2016 3301 est]
2038 3268 2106 3291 esse
2125 3258 2211 3302 vulq.
2230 3256 2243 3302 ΙΙ
2259 3259 2302 3292 26
2315 3256 2495 3309 phy-Ipso&
2517 3256 2544 3289 V

329 3310 371 3342 29
392 3305 524 3350 τούτῳ]
547 3307 611 3341 1100
630 3307 693 3340 tali
716 3317 736 3344 ς
757 3305 771 3347 fl
796 3307 841 3341 30
861 3302 1054 3352 προςάσων
1077 3302 1215 3352 ὁρῶσιν
1239 3304 1297 3347 Μ,
1321 3315 1404 3338 corr.
1472 3303 1644 3347 filosophie
1660 3304 1716 3348 ΤΙΙ
1733 3303 1908 3338 momentis
1930 3303 1982 3337 7’Ι
2005 3303 2179 3338 morientis
2193 3303 2245 3337 T*
2262 3302 2276 3347 ΙΙ
2293 3303 2336 3337 28
2351 3300 2520 3335 hnRVT

330 3355 494 3398 Scrimysr
1472 3349 1533 3382 1100
1558 3348 1625 3383 tale
1650 3349 1702 3384 Τι
1725 3349 1791 3384 tale
1810 3350 1873 3383 1100
1896 3348 1946 3383 R¹
1962 3347 1975 3393 ΙΙ
1992 3359 2059 3391 quo
2079 3349 2210 3383 addidit
2219 3348 2313 3382 Beck
2327 3347 2342 3396 fl
2356 3347 2402 3387 ss]
2425 3355 2455 3379 σι
2477 3345 2511 3378 R

1472 3395 1535 3429 etsi
1554 3394 1608 3438 Vss
1635 3395 1677 3429 29
1699 3397 1824 3428 amaret
1843 3394 1878 3429 R
1936 3395 2045 3436 quem]
2069 3393 2112 3427 al.
2137 3403 2202 3436 que
2225 3392 2446 3435 Rucuma,
2457 3400 2542 3433 quae

395 3440 427 3444 ”
1471 3440 1557 3482 uuly.
1582 3439 1595 3483 ΙΙ
1625 3438 1696 3473 eius
1715 3439 1765 3474 7ι
1798 3440 1829 3473 ei
1854 3438 1887 3473 T
1951 3449 2018 3473 nou
2043 3438 2168 3473 datm
2197 3437 2211 3482 Ι
2237 3438 2278 3472 31
2299 3437 2459 3469 morunt
2491 3436 2541 3469 7ι

387 3490 405 3522 1
431 3498 499 3520 non
523 3497 583 3520 nos
607 3488 640 3520 R
664 3487 680 3563 P
710 3488 733 3521 4
756 3486 949 3519 exstimatus
971 3487 1006 3519 R
1044 3486 1253 3519 existimatus
1273 3485 1359 3530 vulq.
1394 3484 1406 3526 Η
1473 3485 1594 3517 scietur
1621 3484 1670 3518 T¹
1684 3484 1697 3528 ss
1723 3485 1857 3519 effectus
1877 3485 1971 3518 V¹T
1994 3483 1999 3528 Ι
2029 3484 2071 3518 33
2096 3482 2239 3517 laterent
2259 3479 2383 3521 R¹T²1
2407 3479 2538 3533 late-0·-

334 3535 352 3565 5
375 3532 515 3574 prolata]
548 3534 582 3565 et
602 3541 663 3574 pro
679 3532 734 3564 ata
757 3531 805 3564 R*
877 3531 898 3565 8
921 3531 982 3572 eat]
1012 3532 1045 3563 et
1069 3530 1239 3565 R¹V²T¹
1265 3529 1279 3574 ΙΙ
1306 3531 1404 3572 quae]
1481 3529 1529 3562 7ι
1554 3529 1739 3564 laterentur
1750 3529 1801 3564 R*
1822 3530 1972 3563 latentur
2028 3529 2043 3551 ⁸
2064 3528 2206 3562 latenter
2218 3523 2369 3569 T¹vulq.
2387 3523 2401 3569 ΙΙ
2417 3526 2460 3559 34
2470 3535 2540 3570 pri-

334 3578 391 3618 qui
415 3578 460 3609 V¹
473 3578 504 3610 T
510 3578 519 3597 ¹
549 3577 561 3621 11
592 3576 744 3609 exclausa
764 3575 816 3610 V*
887 3576 927 3610 10
941 3577 1028 3609 rubr.
1053 3576 1121 3614 Qui
1143 3576 1216 3610 sine
1239 3573 1406 3609 dotalibus
1472 3584 1549 3607 vare
1565 3575 1709 3618 C'ontius]
1732 3575 1861 3619 priuati
1874 3574 2010 3608 RV⁸T
2027 3573 2199 3622 prium-ent
2218 3569 2363 3613 V³vu19.
2386 3572 2398 3613 ΙΙ
2425 3571 2469 3604 35
2488 3571 2542 3604 lex

334 3622 559 3654 instrumentis
587 3622 721 3663 nuptias
752 3621 949 3654 contrahere
980 3623 1119 3663 possunt
1149 3621 1226 3655 ΒΤ
1244 3622 1278 3655 in
1302 3631 1404 3664 mar-9.
1481 3619 1532 3652 V¹
1549 3620 1570 3663 ἸΙ
1594 3621 1636 3654 38
1657 3622 1691 3654 et
1731 3629 1935 3663 uaecumque
1948 3620 2080 3659 -375,
2092 3624 2106 3652 1
2125 3618 2271 3659 pttumu·
2286 3616 2417 3659 scripsit
2437 3615 2488 3649 V¹
2507 3619 2541 3650 in

334 3667 390 3707 (ejt
407 3665 482 3702 lul.)
510 3666 523 3708 ss
554 3668 595 3699 14
617 3669 665 3698 est
689 3679 747 3701 om.
769 3665 836 3711 71
870 3668 911 3701 15
933 3666 999 3709 ipsi
1027 3666 1078 3700 V·
1146 3666 1305 3700 instituta
1333 3664 1368 3699 V
1392 3663 1407 3708 ΙΙ
1473 3677 1539 3698 ras.
1555 3666 1596 3710 1}
1609 3677 1690 3699 vers.
1707 3630 1731 3731 3
1751 3667 1795 3701 39
1806 3673 1912 3708 usque
1922 3663 1978 3706 ad]
2000 3663 2158 3704 0111100110
2168 3659 2218 3693 13¹
2232 3659 2247 3704 Ι
2263 3662 2392 3702 nostros
2408 3663 2456 3694 est
2476 3660 2539 3703 1⁷⁸]

338 3711 379 3744 16
400 3711 535 3751 nuptiae
557 3712 600 3751 et]
626 3713 658 3742 et
678 3710 796 3753 nuptie
820 3712 852 3743 et
873 3711 907 3743 Γ
924 3715 956 3744 et
976 3712 1096 3755 nuptie
1151 3710 1406 3756 ¹1dooumenta
1473 3719 1534 3743 nos
1556 3712 1605 3743 est
1629 3710 1704 3745 RV
1732 3710 1765 3745 Τ
1790 3712 1920 3744 nostros
1941 3709 2020 3742 sunt
2046 3706 2175 3742 Gentius
