2618 4010
301 262 439 305 γένοιτο
463 255 584 299 πατὴρ
608 252 817 306 ἀρρένωνῇ
840 253 1003 298 θηλειῶν
1026 258 1085 288 καὶ
1109 254 1242 289 ταύτας
1265 253 1378 301 ἁρμό·
1447 255 1591 300 nuptias
1621 258 1658 291 et
1679 254 1832 291 filiorum
1852 254 1999 293 effectus
2021 257 2131 293 fuerst
2153 259 2256 302 pater
2279 255 2517 291 masculorum

301 315 372 337 σειε
395 299 614 345 βουλευταῖς,
639 298 752 334 πάλιν
770 303 903 343 ομοίως
926 300 978 342 τῷ
1000 297 1217 343 βουλευτικῷ
1237 299 1379 344 σώματι
1448 309 1511 335 seu
1535 299 1743 335 feminarum
1765 304 1802 336 et
1823 301 1890 336 hae
1913 301 2138 338 ooniunxerit
2161 301 2366 343 curialibus,
2390 311 2516 336 rursus

301 343 599 392 φυλαχθησονται
630 344 678 378 τὰ
708 341 914 390 πράγματα.
961 345 992 377 εἰ
1024 342 1064 378 δὲ
1085 341 1327 387 τελευτήσειεν
1357 342 1380 387 ἢ
1448 344 1608 380 similiter
1639 344 1759 380 curiae
1793 345 1935 390 corpori
1968 348 2203 387 servabuntur
2233 345 2334 391 (res).
2382 345 2516 389 Quodsi

301 394 362 425 ἐπὶ
386 388 566 435 δευτέρους
588 386 651 422 οὐκ
674 387 799 423 ἐλθών
821 389 954 436 γάμους
985 387 1006 431 ἢ
1031 387 1380 436 παιδοποιησάμενος
1447 393 1610 425 mortuus
1638 389 1748 424 fuerit
1780 389 1849 435 (et)
1883 393 1946 425 aut
1978 391 2025 427 ad
2059 392 2234 428 secundas
2268 390 2411 436 nuptias
2447 401 2516 426 nou

301 437 512 481 θυγατέρας,
535 436 594 467 καὶ
617 431 752 468 ταύτας
774 431 838 476 οὐχ
859 432 1027 479 ἁρμόσειε
1051 432 1256 478 βουλευταῖς
1275 432 1299 478 ἢ
1321 437 1378 468 οὐ·
1414 437 1433 469 5
1446 435 1584 470 venerii:
1614 438 1678 470 aut
1705 433 1798 470 filias
1830 444 2022 479 procreans
2051 446 2112 472 eas
2142 447 2215 472 non
2244 435 2431 472 sociaverit
2454 446 2515 471 cu-

301 493 359 514 σιν
394 478 417 522 ἢ
451 481 715 525 γενησομένοις,
750 480 947 522 τηνικαῦτα
982 479 1021 519 ἐξ
1055 476 1172 524 ὀρθοῦ
1207 476 1229 522 ἡ
1268 478 1378 524 βουλὴ

300 526 416 560 ταῦτα
443 524 490 558 τὰ
521 521 719 570 πράγματα
750 523 911 569 λήψεται.
959 520 1042 557 οὐδὲ
1072 524 1142 570 γὰρ
1172 524 1382 567 ξενωθῆναί

300 582 389 605 ποτε
419 570 526 603 τοῦτο
556 569 598 602 τὸ
624 571 727 614 μέρος
757 570 835 603 τῶν
858 568 1099 613 βουλευτικῶν
1130 565 1312 614 εὖποριῶν
1341 582 1380 603 τε
1448 573 1586 615 partem
1616 570 1801 605 curialium
1833 579 1875 605 co
1901 570 2016 605 iarum
2050 573 2087 606 et
2114 571 2335 608 functionum
2370 571 2517 606 alienari

301 618 361 648 καὶ
375 611 691 660 λειτουργημάτων
706 615 966 660 συγχωροῦμεν,
986 612 1055 648 κᾶν
1071 615 1119 648 εἰς
1135 613 1266 649 πολλὰς
1282 627 1379 659 περι-
1450 615 1691 657 concedimus,
1722 615 1778 650 vel
1801 615 1831 651 si
1852 624 1875 649 a
1922 615 2091 660 plurimas
2113 616 2297 652 redactum
2327 616 2437 652 fuerIt
2458 626 2516 661 ge-

301 663 407 702 σταίη
430 659 473 693 τὸ
498 662 597 704 γένος
620 656 805 701 διαδοχάς·
842 655 930 693 ὥςτε
960 657 1019 693 διὰ
1042 660 1193 694 πάντων
1221 660 1284 702 τῆς
1308 673 1380 694 τοι-
1395 663 1435 695 10
1449 670 1516 696 nus
1551 660 1812 703 successiones,
1856 665 2032 705 quatenus
2066 670 2131 705 per
2165 671 2286 697 omnes
2319 662 2388 697 hac
2425 662 2518 696 linea

302 702 370 738 αὐτ
394 715 409 738 ς
432 705 547 750 σειρᾶς
570 703 760 746 κατιούσης
782 700 840 738 ἀεὶ
863 706 907 750 τῇ
924 703 1034 751 βουλῇ
1059 705 1130 738 εἴτε
1147 701 1197 738 δι’
1217 701 1239 737 οἷ
1265 707 1381 749 ρένων
1449 705 1685 741 descendente
1715 715 1854 750 semper
1885 705 2006 740 curiae
2037 704 2110 740 sive
2139 715 2204 750 per
2225 707 2402 743 masculos
2426 706 2517 741 filios

302 753 371 784 παί
394 763 448 784 ων
481 748 686 793 βουλευτῶν
725 749 795 783 εἴτε
830 747 891 783 διὰ
926 751 1102 795 γαμβρῶν
1139 747 1235 784 ἐπιδι
1260 751 1381 784 όντων
1450 751 1635 786 curialium
1663 750 1737 786 sive
1762 760 1831 803 per
1858 760 2006 795 generos
2037 750 2162 786 dantes
2191 761 2230 787 se
2252 751 2361 787 curiis
2393 761 2517 787 novem

301 795 447 829 ἑαυτοὺς
477 798 554 828 ταῖς
576 793 720 838 βουλαῖς
750 794 793 828 τὸ
819 795 1052 841 ἐνναούγκιον
1076 795 1275 837 σώζεσθαι.
1316 792 1382 829 Ὃν
1449 797 1576 831 unciae
1600 796 1718 831 salvae
1742 798 1822 830 sint.
1871 795 1983 839 Quam
2006 795 2118 848 legem
2145 796 2262 831 valere
2287 796 2448 832 volumus
2481 796 2517 830 in

302 839 346 883 δὴ
363 837 478 884 νόμον
494 842 638 884 κρατεῖν
653 838 864 884 βουλόμεθα
887 840 935 873 εἴς
954 852 992 874 τε
1007 839 1076 874 τὸν
1092 840 1216 886 ἐφεξῆς
1233 836 1381 874 ἅπαντα
1450 842 1545 876 omni
1580 841 1746 886 deinceps
1779 843 1938 886 tempore
1973 844 2008 876 et
2042 851 2080 875 ln
2114 840 2231 876 causis
2263 840 2380 876 adhuc
2412 842 2517 876 etiam

301 886 433 930 χρόνον
465 887 525 918 καὶ
548 886 609 919 ἐπὶ
632 885 710 918 τῶν
734 886 789 919 ἔτι
819 888 879 918 καὶ
910 886 976 919 νῦν
1000 882 1212 930 ἠρτημένων
1243 888 1302 919 καὶ
1333 885 1380 929 μὴ
1396 888 1436 920 15
1450 897 1545 922 nunc
1568 886 1805 931 pendentibus
1834 889 1872 921 et
1895 895 1985 937 quae
2008 885 2143 930 potitae
2166 896 2237 921 non
2261 889 2344 920 sunt
2365 886 2518 922 iudiciali

301 931 490 1009 ἷυχιξντων
521 927 726 972 δικαστικῆς
754 934 902 974 κρίσεως
937 928 960 973 ἢ
988 929 1106 975 φιλίας
1137 931 1235 965 τινὸς
1266 928 1380 966 ἀπαλ-
1450 931 1627 967 sententia
1649 935 1713 966 aut
1735 930 1877 966 amicali
1899 933 2099 966 interventu
2123 930 2417 972 [absolutioneml.

325 988 347 1009 a
395 987 418 1008 ς.

347 989 656 1067 νὶζΕπίλογος.)
715 1019 763 1053 Τὰ
787 1024 911 1054 τοίνυν
935 1018 1175 1066 παραστάντα
1206 1019 1291 1065 ἡμῖν
1322 1024 1381 1054 καὶ
1512 1020 1796 1066 (Epilogus.)
1848 1020 1946 1064 Quae
1979 1020 2086 1065 igitur
2120 1020 2196 1055 visa
2227 1019 2332 1055 nobis
2367 1023 2451 1054 sunt
2483 1024 2519 1054 et

303 1063 363 1099 διὰ
391 1063 498 1099 τοῦδε
526 1066 590 1099 τοῦ
615 1064 719 1099 θείου
743 1063 941 1109 δηλούμενα
972 1065 1085 1110 νόμου
1109 1064 1131 1109 ἡ
1156 1066 1200 1110 σὴ
1225 1064 1295 1100 ὑπε
1318 1066 1380 1109 οχὴ
1449 1067 1519 1102 hac
1551 1076 1655 1102 sacra
1688 1067 1765 1110 lege
1795 1066 1993 1110 declarata,
2024 1069 2088 1100 tua
2110 1064 2319 1100 excellentia
2344 1064 2519 1099 custodire

304 1107 460 1156 φυλάξαι
493 1109 705 1153 σπευσάτω,
741 1109 899 1155 μάλιστα
929 1109 1084 1146 πάντων
1118 1113 1181 1154 τῆς
1211 1108 1241 1145 ὠ
1272 1079 1381 1146 effetas
1395 1115 1436 1147 20
1449 1111 1604 1155 festinet,
1639 1111 1790 1146 maxime
1821 1111 1976 1147 omnium
2007 1110 2170 1146 utilitatis
2204 1110 2368 1155 publicae
2402 1109 2518 1153 provi·

303 1157 367 1190 τοῦ
394 1155 564 1200 δημοσίου
595 1156 718 1190 πᾶσαν
751 1156 928 1200 πρόνοιαν
955 1156 1141 1200 τιθεμένη.
1269 1159 1317 1192 at.
1343 1157 1377 1191 k.
1450 1157 1606 1192 dentiam
1628 1166 1765 1192 omnem
1788 1156 1934 1191 faciens.
2021 1156 2100 1191 Dat.
2118 1155 2189 1190 kal.
2211 1156 2302 1200 Aug.
2323 1154 2442 1200 (imp.)
2459 1154 2518 1189 dn.

302 1201 393 1245 Aug.
420 1200 490 1236 ΟΡ.
515 1200 635 1245 <imp.>
659 1200 716 1236 dn.
744 1201 932 1236 Iustiniani
959 1212 1019 1246 pp.
1043 1201 1135 1246 Aug.
1160 1212 1255 1238 anno
1280 1202 1377 1237 XIII.
1449 1202 1637 1238 Iustiniani
1660 1213 1721 1247 pp.
1746 1203 1836 1246 Aug.
1860 1201 1989 1247 (anno)
2008 1201 2089 1236 XII.
2115 1201 2299 1243 [Belisario
2324 1211 2353 1235 v.
2378 1202 2423 1241 c.]

302 1246 444 1291 Apione
465 1255 498 1280 v.
523 1255 555 1280 c.
581 1256 678 1281 cons.
1342 1251 1387 1290 [a.
1403 1249 1480 1289 539]

304 149 410 192 Nov.
441 147 517 190 ΟΠ
545 160 605 201 pr.
1906 159 1968 191 nn
1995 156 2296 191 uonm'rmm
2324 156 2518 192 Amnum

1447 479 1595 515 rialibus
1619 480 1674 515 vel
1694 480 1754 524 qui
1774 484 1857 515 sunt
1880 479 1935 515 vel
1954 481 2015 525 qui
2034 480 2143 524 fiunt,
2166 485 2252 517 tunc
2270 484 2369 516 recto
2394 480 2516 516 ordine

1449 524 1550 560 curia
1579 525 1644 560 has
1675 534 1734 560 res
1765 524 1928 569 accipiet.
1975 525 2099 572 Neque
2121 527 2213 562 enim
2235 536 2401 572 umquam
2425 526 2517 561 hanc

386 1504 565 1558 ΠΕΡΙ
594 1505 737 1558 ΤΟΥ
767 1437 1296 1558 ΜἙΔΕΡΑΤῼΡΟΣ

678 1572 1016 1625 ΑΡΑΒΙΑΣ.

302 1650 340 1687 Ὁ
355 1649 465 1687 αὐτὸς
487 1650 654 1697 βασιλεὺς
671 1647 820 1698 Ἰωάννῃ
842 1650 988 1697 ἐπάρχῳ
1013 1654 1251 1697 πραιτωρίων
1274 1651 1317 1685 τὸ
1333 1650 1381 1696 β’,

568 1693 643 1730 ἀπὸ
669 1694 822 1730 ὑπάτων
844 1699 906 1730 καὶ
928 1700 1118 1742 πατρικίῳ.

1947 1438 2020 1474 ΟῙῙ.
2245 1436 2354 1472 Auth.
2369 1434 2518 1470 XXXII.

1393 1507 1495 1556 2⁵3
1524 1508 1616 1556 DE
1652 1507 2117 1581 MODERATORE
2152 1505 2447 1556 ARABIAE
2471 1504 2526 1554 R

1636 1654 1723 1699 Imp.
1749 1652 1967 1688 lastinianus
1990 1654 2080 1698 Aug.
2106 1652 2257 1688 Iohanni
2279 1662 2339 1697 pp.

358 1764 665 1811 (Προοίμιον.>
710 1762 850 1798 Πολλὰς
873 1765 940 1807 μὲν
963 1767 1022 1797 καὶ
1043 1764 1163 1808 ἑτέρας
1187 1760 1293 1809 ἀρχὰς
1317 1766 1378 1798 ἐπ-
1513 1764 1799 1810 (Praefatio.)
1845 1764 1980 1800 Multas
2012 1764 2152 1810 quidem
2184 1767 2220 1800 et
2249 1764 2340 1800 alias
2371 1764 2519 1800 admini-

304 1811 440 1855 αρχιῶν
456 1807 524 1853 ἤδη
541 1809 631 1856 πρὸς
653 1809 696 1844 τὸ
714 1811 876 1854 κρεῖττον
898 1808 1167 1853 μετεστήσαμεν
1189 1808 1381 1852 χθαμαλοῖς
1395 1812 1435 1845 30
1451 1810 1640 1845 strationes
1660 1810 1920 1855 provinciarum
1942 1810 2011 1845 iam
2030 1810 2075 1844 ad
2094 1810 2217 1845 melius
2238 1809 2520 1855 transposuimus

302 1868 342 1889 τε
365 1858 425 1889 καὶ
448 1851 597 1889 εὐτελεῖς
621 1854 832 1901 ἔμπροσθεν
862 1852 968 1888 οὔσας
996 1857 1055 1887 καὶ
1080 1853 1169 1899 πρὸς
1192 1851 1298 1888 οὐδὲν
1322 1851 1381 1901 ἀρ·
1451 1855 1600 1890 humiles
1625 1858 1732 1899 atque
1754 1856 1839 1891 viles
1862 1855 2025 1900 primitus
2050 1856 2240 1891 existentes
2264 1859 2299 1890 et
2321 1855 2368 1890 ad
2387 1855 2520 1890 nullam

303 1897 432 1935 καύσας
454 1901 531 1936 τῶν
549 1898 723 1943 δεόντων,
747 1897 871 1942 ἐπειδὴ
893 1897 933 1932 δὲ
947 1896 1044 1943 ἡμεῖς
1069 1895 1176 1933 αὐτὰς
1199 1900 1246 1934 εἰς
1267 1901 1379 1944 μείζω
1448 1899 1666 1936 sufficientes
1689 1900 1892 1943 utilitatem,
1925 1900 2008 1946 quia
2038 1911 2120 1936 vero
2151 1911 2217 1936 nos
2247 1910 2308 1936 eas
2339 1900 2386 1936 ad
2408 1900 2520 1935 maio-

351 1992 436 2026 Nov.
455 1974 754 2034 011(=Authent.
768 1990 944 2032 XXXII)
969 1990 1093 2023 Graece
1109 1998 1197 2024 extat
1213 1993 1245 2024 in
1262 1992 1346 2032 ML,
1371 2004 1397 2024 c.
1421 1993 1434 2024 1
1454 1991 1529 2033 (Τῷ
1546 1989 1703 2037 παρόντι
1717 1990 1820 2035 νόμῳ
1839 1989 2016 2036 χρώμενοι
2029 2015 2127 2024 ......
2130 1992 2143 2032 )
2158 1992 2222 2025 -3
2247 1993 2280 2025 in
2305 1992 2341 2025 B
2361 1993 2392 2032 6,
2410 2000 2452 2026 15.
2476 2011 2521 2016 -

302 2038 397 2081 Epit.
422 2037 542 2071 Theod.
571 2037 651 2077 102,
678 2036 800 2069 Athan.
821 2036 854 2076 4,
870 2042 916 2069 19.
962 2035 1085 2069 Iulian.
1110 2043 1207 2070 const.
1233 2036 1345 2070 XCV.

302 2148 350 2183 sit
370 2148 496 2193 factus
517 2146 760 2182 masculorum
783 2145 838 2181 vel
858 2145 1077 2190 feminarum
1102 2144 1239 2190 hasque
1263 2145 1459 2181 curialibus
1483 2146 1656 2187 iunxerit,
1679 2156 1806 2181 rursus
1824 2145 1987 2181 similiter
2007 2146 2139 2181 curiali
2156 2147 2303 2193 corpori
2325 2158 2384 2182 res
2404 2150 2520 2182 custo-

303 2193 456 2228 dientur.
505 2190 572 2226 Sin
595 2196 714 2226 autem
743 2190 938 2236 defunctus
966 2190 1014 2224 sit
1044 2194 1110 2225 aut
1136 2189 1302 2225 secundis
1325 2191 1463 2236 nuptiis
1495 2202 1568 2226 non
1598 2191 1796 2226 contractis
1826 2196 1890 2226 aut
1913 2191 2122 2237 procreatis
2148 2191 2294 2235 filiabus
2325 2203 2418 2238 quas
2448 2202 2521 2227 non

303 2238 466 2273 iunxerit
489 2236 686 2272 curialibus
708 2236 774 2282 qui
794 2235 849 2271 vel
869 2235 942 2270 sint
965 2235 1021 2271 vel
1041 2235 1164 2280 futuri
1186 2235 1269 2278 sint,
1295 2239 1379 2270 tunc
1403 2236 1504 2270 curia
1523 2236 1695 2282 protinus
1718 2247 1780 2271 eas
1802 2246 1861 2271 res
1884 2236 2046 2282 accipiet.
2094 2235 2219 2283 Neque
2237 2237 2331 2273 enim
2352 2248 2521 2283 umquam

304 2282 461 2318 alienari
489 2281 584 2317 Itane
605 2284 753 2328 partem
782 2280 974 2316 curialium
1006 2281 1194 2326 copiarum
1225 2285 1261 2316 et
1289 2291 1475 2317 munerum
1501 2281 1677 2327 patimur,
1709 2282 1872 2327 quamvis
1902 2280 1951 2316 ad
1977 2281 2110 2317 multas
2139 2283 2380 2318 successiones
2408 2292 2522 2328 qenus

303 2327 512 2373 rediqatur:
547 2330 590 2362 ut
607 2338 678 2374 per
702 2337 825 2361 omnes
846 2325 917 2360 ista
941 2325 1037 2360 linea
1061 2324 1295 2361 descendente
1317 2337 1459 2373 semper
1482 2326 1606 2362 curiae
1627 2327 1701 2362 sive
1718 2338 1790 2373 per
1814 2326 1946 2361 liberos
1968 2327 2147 2362 masculos
2170 2327 2326 2363 curiales
2355 2327 2429 2362 sive
2482 2339 2522 2363 er

303 2383 455 2419 qeneros
478 2372 541 2419 qui
563 2382 602 2408 se
626 2371 787 2423 offerant
808 2381 933 2406 novem
957 2371 1086 2406 unciae
1108 2375 1306 2406 serventur.
1353 2371 1468 2414 Quam
1492 2371 1635 2417 quidem
1658 2371 1771 2417 leqem
1802 2376 1837 2408 et
1860 2372 1899 2406 in
1924 2382 2027 2407 omne
2049 2371 2216 2419 deinceps
2245 2376 2382 2419 tempus
2404 2338 2522 2408 vassre

303 2417 467 2454 volumus
497 2421 533 2453 et
562 2417 601 2452 in
623 2417 669 2452 its
699 2427 793 2463 quae
823 2417 1018 2452 etiamnum
1042 2415 1206 2462 pendent
1238 2416 1438 2462 nequedum
1467 2416 1670 2452 iudicialem
1700 2417 1913 2453 sententiam
1943 2416 2002 2453 vel
2029 2417 2214 2453 amicalem
2246 2418 2522 2453 transactionem

303 2463 351 2498 im
378 2467 552 2498 etrarunt.
1537 2468 1540 2469 ’

350 2475 376 2510 p
439 2507 530 2555 Epi
536 2508 550 2542 l
557 2519 578 2543 o
619 2519 681 2543 us.
727 2506 828 2550 Quae
857 2506 970 2552 iqitur
1000 2506 1105 2542 nobis
1129 2506 1352 2552 placuerunt
1381 2511 1416 2542 et
1443 2518 1511 2553 per
1534 2506 1629 2543 hanc
1658 2517 1800 2542 sacram
1824 2507 1936 2552 leqem
1967 2506 2201 2543 declarantur
2232 2511 2295 2543 tua
2324 2506 2524 2543 sublimitas

304 2553 486 2590 custodire
507 2519 662 2595 studiat,
687 2552 844 2587 omnium
866 2551 1023 2587 maxime
1046 2551 1197 2587 utilitati
1215 2551 1386 2597 publicae
1410 2563 1547 2587 omnem
1571 2563 1695 2588 curam
1718 2551 1899 2587 adhibens.

917 2786 1021 2838 DE
1049 2717 1541 2839 ΜουΕΒΑἶέῂΕ
1571 2785 1908 2838 ARABJAE.

617 2865 718 2903 Idem
742 2867 928 2913 Λυρκείας
951 2864 1111 2902 Iohanni
1125 2868 1322 2914 praefecto
1344 2867 1533 2914 praetorio
1558 2867 1707 2908 iterum,
1741 2877 1790 2902 ex
1812 2866 1959 2902 consule
1981 2870 2016 2903 et
2037 2867 2207 2913 patricio.

439 2934 588 2980 Praef
590 2945 614 2970 a
624 2934 660 2985 (ι’
666 2945 697 2969 o.
746 2933 885 2970 Multos
908 2933 1050 2980 quidem
1074 2935 1169 2970 alios
1191 2935 1428 2980 maqistratus
1450 2934 1723 2986 provinciarum
1755 2935 1827 2969 iam
1856 2935 1893 2970 in
1916 2934 2041 2970 melius
2072 2933 2302 2977 mutavimus,
2333 2934 2397 2980 qui
2417 2935 2523 2986 prius

306 2980 456 3017 hunniles
479 2985 588 3026 atque
611 2979 697 3015 mles
719 2983 825 3014 erant
848 2990 964 3025 neque
986 2979 1036 3014 ad
1059 2979 1170 3015 ullam
1191 2991 1267 3015 rem
1283 2989 1522 3015 necessariam
1543 2979 1787 3026 sufficiebant,
1810 2979 1876 3015 sed
1896 2984 2089 3026 postquam
2104 2990 2180 3020 *nos
2199 2990 2262 3014 eos
2285 2979 2334 3014 ad
2352 2991 2522 3016 maiorem

365 3097 380 3129 1
406 3093 520 3127 ταῦτα
546 3093 577 3125 L
599 3091 612 3136 ΙΙ
640 3093 680 3126 13
705 3090 835 3124 ἑαυτὸν
858 3092 890 3125 L
905 3091 917 3135 ΙΙ
947 3093 987 3126 14
1010 3094 1154 3136 κρατεῖν
1177 3093 1237 3124 και·
1261 3092 1324 3126 ἐπί
1345 3104 1385 3124 τε
1416 3098 1419 3131 ι
1454 3095 1491 3126 10
1525 3094 1703 3134 quaternos
1735 3093 1770 3126 V
1791 3092 1804 3138 ΙΙ
1839 3095 1876 3127 11
1911 3092 2126 3126 descendente
2152 3093 2197 3134 T]
2239 3092 2469 3127 descendentes
2495 3094 2529 3128 V

305 3138 374 3174 τὸν
394 3137 518 3184 ἑφεξῆς
538 3133 688 3190 ἅπαντα
702 3134 835 3180 χρόνον
855 3134 1068 3196 βουλόμεθα
1088 3139 1232 3181 κρατεῖν
1246 3139 1318 3179 (sic)
1332 3137 1361 3170 L
1374 3137 1385 3179 {l
1416 3143 1419 3211 λ
1451 3139 1534 3190 only:
1554 3137 1566 3181 ΙΙ
1582 3148 1640 3180 per
1665 3138 1837 3190 masculos]
1861 3148 1919 3180 per
1943 3151 2001 3192 οἵη.
2016 3138 2069 3170 T⁰
2087 3136 2099 3182 ΙΙ
2118 3138 2158 3189 12
2181 3140 2330 3180 generos]
2354 3140 2430 3180 gr‘as
2445 3140 2479 3182 (ι’.
2494 3150 2520 3172 ε.

309 3188 350 3220 16
372 3182 510 3230 φιλείας
523 3184 553 3216 L
571 3182 584 3226 [Ι
608 3191 706 3216 τινος
731 3195 789 3215 om.
802 3194 821 3218 ς
838 3182 850 3225 ΙΙ
877 3184 914 3215 21
930 3184 1051 3215 subscr.
1068 3195 1126 3215 om.
1140 3183 1203 3215 Iul.
1221 3181 1234 3225 ss
1250 3183 1283 3214 k.
1297 3183 1383 3224 Aug.
1417 3213 1418 3219 ,
1449 3182 1608 3224 grauun)
1630 3183 1664 3216 V
1686 3182 1692 3227 Ι
1724 3194 1816 3216 curie
1841 3183 1874 3217 T
1891 3182 1906 3234 ΙΙ
1935 3184 1975 3218 10
2000 3182 2195 3225 pedentibus
2217 3183 2252 3216 V
2271 3183 2284 3227 fl
2309 3187 2435 3226 positae
2462 3184 2494 3217 T
2509 3183 2522 3227 ΙΙ

306 3233 347 3272 (a.
374 3230 431 3268 M)
455 3229 521 3264 Μς
541 3228 629 3268 Aila„
661 3228 748 3271 μηνὶ
777 3224 966 3272 αὖγούστφ
995 3227 1112 3261 Πεοᾰ.
1144 3229 1156 3270 ΙΙ
1184 3228 1226 3262 22
1251 3227 1317 3260 ΟΡ.
1341 3246 1385 3252 --
1416 3221 1418 3279 Ι
1452 3230 1492 3262 16
1517 3227 1649 3260 amicali

306 3286 395 3308 anno
418 3273 533 3314 XIII.]
570 3283 620 3316 cp.
645 3272 699 3305 dn.
731 3273 807 3305 inst.
838 3283 892 3315 pp.
923 3282 999 3313 aug.
1026 3273 1070 3305 M
1099 3269 1282 3316 βασιλείας
1302 3267 1383 3305 Ἰου-

307 3318 495 3354 στινιανοῦ
515 3316 557 3351 τὸ
577 3315 629 3364 cy'
644 3319 719 3351 Ath.
751 3318 824 3350 ἔτει
849 3314 902 3361 ιβ’
919 3314 1103 3360 βασιλείας
1121 3318 1241 3351 ΤΙιεοᾱ.
1255 3318 1311 3361 (qs.
1326 3318 1357 3358 ς)

308 3368 350 3399 23
363 3364 473 3407 apion.
491 3374 542 3396 uc.
560 3373 664 3396 conss.
680 3363 730 3404 M,
751 3359 924 3396 ὑπατείας
939 3358 1113 3396 Ἀπίωνος
1125 3363 1203 3395 Aeh.
1229 3359 1384 3403 ὑπατεία

305 3406 467 3443 :Autome
488 3409 608 3442 Theod.
633 3407 798 3441 Belisario
822 3417 870 3440 vc.
895 3418 983 3440 cons.
1009 3408 1058 3452 cu
1084 3409 1126 3441 25
1150 3404 1384 3452 μοδεράτορος

307 3457 401 3493 (idem
419 3456 508 3498 infra
525 3455 719 3494 constanter)
734 3451 917 3493 M‚'Theod.
933 3454 1008 3486 Ath.
1028 3451 1041 3497 fl
1064 3454 1107 3488 26
1125 3448 1298 3497 ἇρραβίας
1314 3452 1356 3486 Μ
1372 3452 1385 3496 ΙΙ

309 3501 351 3533 28
365 3501 568 3542 πατρικίων
583 3498 613 3531 L
626 3502 629 3517 ¹
649 3500 691 3532 29
701 3510 747 3541 sq.
761 3499 866 3531 verbis
880 3494 1017 3531 Πολλὰς
1030 3516 1072 3522 -
1085 3495 1249 3531 δεόντων
1262 3498 1384 3532 omissis

310 3546 432 3577 initium
455 3540 600 3585 Ἐπειδὴ
624 3540 664 3576 δὲ
686 3539 778 3586 ἡμᾶς
801 3544 835 3584 (Ι.
856 3539 964 3586 ἡμεῖς)
988 3544 1066 3576 citat
1092 3543 1212 3577 Theod.

370 3635 382 3664 ι
411 3634 546 3665 affectus
574 3632 628 3677 Tu
646 3634 666 3666 3
690 3642 740 3665 raa
765 3633 841 3665 aad.
857 3632 951 3665 Beck
973 3632 1023 3675 ιιι
1047 3634 1080 3665 et
1103 3632 1249 3676 αᾱᾱῑαῑιι
1266 3634 1286 3666 5
1306 3642 1382 3675 pro-

311 3686 401 3708 crees
417 3677 474 3719 Vll
490 3679 510 3710 6
524 3677 583 3718 qui
594 3695 637 3701 —
650 3677 709 3718 qni
722 3678 819 3721 cuiq.)
844 3687 928 3718 quae
942 3696 983 3701 —
995 3687 1080 3720 quae
1100 3678 1162 3711 VT
1172 3676 1185 3721 ΙΙ
1211 3680 1229 3711 7
1244 3677 1384 3720 accipiat

1742 3227 1909 3262 amicabili
1934 3228 1967 3261 Τ
1977 3228 2061 3271 vuly.
2078 3227 2091 3271 ΙΙ
2115 3227 2357 3261 absolutionem
2378 3229 2412 3263 V
2427 3227 2519 3262 obso-

1450 3273 1611 3306 lationem
1638 3274 1674 3306 T.
1700 3273 1855 3316 Seclusiss
1885 3274 1925 3307 18
1950 3272 2038 3305 iussa
2064 3273 2096 3306 T
2117 3273 2122 3317 Ι
2145 3273 2240 3306 nobis
2261 3274 2361 3317 vulg]
2383 3284 2404 3307 a
2426 3272 2521 3306 nobis

1451 3319 1528 3351 libri
1540 3317 1553 3362 ΙΙ
1573 3320 1614 3352 19
1639 3318 1724 3352 hano
1745 3318 1801 3362 Vll
1819 3320 1861 3353 20
1884 3318 2087 3361 prouintiam
2190 3317 2203 3362 ΙΙ
2227 3319 2266 3352 21
2285 3320 2404 3352 subscr.
2424 3330 2519 3360 prae·

1451 3371 1516 3396 stat
1539 3376 1619 3397 unus
1643 3364 1687 3397 V:
1720 3364 1785 3396 dat.
1809 3363 1855 3396 kl.
1879 3373 1954 3405 aug.
1980 3363 2066 3396 dofio
2088 3362 2180 3397 iusti.
2200 3373 2256 3407 pp.
2280 3373 2355 3405 nug.
2373 3361 2445 3394 XII
2470 3362 2518 3396 bi-

1452 3407 1576 3441 lisiario
1597 3419 1648 3442 uc.
1674 3408 1840 3443 Belisarii
1856 3409 2038 3442 consulatus
2056 3410 2161 3442 videri
2173 3415 2280 3452 potest
2299 3409 2466 3450 irrepsisse
2482 3422 2520 3442 ex

1451 3455 1682 3497 subscriptione
1706 3455 1849 3488 novellae
1877 3454 1958 3496 011,
1991 3465 2183 3497 quamquam
2213 3454 2246 3486 in
2267 3451 2456 3486 Anthentico
2480 3467 2519 3487 ea

1451 3499 1579 3531 novella
1607 3500 1673 3532 alio
1705 3500 1773 3533 loco
1795 3506 1882 3533 extat
1905 3500 1947 3539 (n.
1971 3499 2137 3540 XXXII)
2167 3505 2198 3531 et
2222 3497 2408 3540 plerumque
2439 3499 2520 3531 inter

1451 3550 1699 3588 extravaqanm
1723 3545 1838 3588 leqitur
1864 3543 1877 3587 ΙΙ
1907 3545 1950 3577 24
1975 3544 2117 3577 novellae
2142 3541 2213 3576 CII
2238 3540 2341 3583 CIII,
2373 3555 2455 3584 quae
2485 3545 2518 3576 in

1450 3588 1640 3622 Authentico
1663 3597 1739 3623 sunt
1760 3602 1790 3623 n.
1815 3589 1969 3623 XXXII
1988 3586 2166 3628 XXXIII,
2195 3597 2255 3619 suo
2280 3587 2348 3619 loeo
2373 3588 2467 3621 habet
2492 3588 2525 3621 V

1441 3633 1474 3676 s.
1490 3633 1560 3674 98',
1592 3635 1674 3668 inter
1697 3642 1945 3679 extravagantes
1971 3633 2003 3666 T
2012 3635 2046 3675 sl
2069 3632 2203 3674 195vsq.
2228 3632 2269 3663 ab
2294 3632 2398 3665 altera
2423 3646 2518 3667 manu

1449 3679 1605 3720 scriptas,
1630 3692 1687 3712 om.
1701 3679 1735 3712 R
1761 3679 1774 3723 ΙΙ
1803 3680 1847 3713 24
1858 3691 1906 3721 sq.
1927 3676 1966 3722 ἢ(
1988 3675 2123 3710 III-II·
2147 3675 2219 3717 (sic)
2243 3676 2292 3709 De
2315 3677 2518 3714 moderatore

321 3720 376 3763 V}
394 3723 413 3754 8
438 3725 470 3752 et
493 3734 551 3754 om.
572 3721 628 3764 VH
650 3724 731 3764 ⁹³⁹·
757 3721 942 3764 *plurimos
967 3740 1008 3747 —
1032 3722 1250 3756 successionis
1275 3722 1352 3756 libri
1371 3722 1384 3765 Ι
1449 3721 1560 3755 arabie
1582 3723 1614 3757 V
