2618 4010
164 144 217 178 ΒΕ
244 143 424 176 mm
452 142 709 174 Pmnmnm·

159 246 179 283 1
233 241 420 292 ὀφόλειαν.
490 245 565 278 Καὶ
588 240 631 278 οὗ
654 240 769 288 μόνον
791 243 859 279 ἕως
886 235 913 293 ᾖ
940 242 1025 287 κηδε
1053 242 1108 279 ὢν
1136 236 1248 292 εἴργο-

161 294 237 337 μεν
264 289 379 325 αὐτὸν
406 288 469 332 τῆς
491 286 658 333 τοιαύτης
688 287 933 337 ἐκχωρήσεως,
964 288 1009 325 ἀλ
1040 289 1048 300 “
1076 292 1137 325 καὶ
1159 288 1250 336 μετὰ

161 337 292 380 ταῦτα,
306 331 356 380 μή
368 347 459 371 ποτε
475 335 583 369 τοῦτο
595 333 769 379 ἐννοήσας
783 334 1021 381 ταμιεύσηται
1036 334 1078 370 τὸ
1091 337 1251 383 πρᾶγμα,

160 385 221 418 καὶ
244 378 547 429 προκαταστήσας
572 378 660 415 αὐτὸ
685 382 803 416 κακῶς
827 384 973 422 ἔπειτα,
1008 379 1162 417 ἐπειδὰν
1189 383 1251 426 τῆς

161 424 374 472 κηδεμονίας
389 422 572 460 παύσαιτο
596 429 658 460 καὶ
682 424 793 461 λάθοι
817 426 859 462 τὸ
879 427 1140 475 κακουργηθέν,
1163 427 1250 468 ἴσως

160 473 358 516 τηνικαῦτα
385 468 449 506 οὔκ
473 472 529 506 ἔτι
552 470 720 516 κηδεμών
744 470 800 507 ὦν
819 472 887 517 τήν
912 485 952 506 τε
968 472 1168 519 ἐκχώρησιν
1192 471 1247 508 λά-

159 522 226 564 βοι,
243 520 304 552 καὶ
327 516 369 552 τὸ
394 518 544 565 πρᾶγμα
567 517 829 566 κακουργήσειε.
874 523 935 553 καὶ
958 520 1156 563 τηνικαῦτα
1180 518 1250 566 γὰρ

159 564 292 612 ἄκυρον
323 562 417 598 εἶναι
440 560 653 609 βουλόμεθα
683 563 726 598 τὸ
750 561 952 612 γινόμενον,
984 567 1044 598 καὶ
1068 562 1120 609 μὴ
1142 563 1250 599 δύνα-

118 640 120 642 ,
161 608 255 644 σθαι
275 606 456 654 μηδεμίαν
482 606 628 657 ἀγωγὴν
648 613 793 657 κρατεῖν
811 609 903 645 κατὰ
920 611 984 644 τοῦ
1000 609 1130 657 πρώην
1150 608 1248 653 κηδε-

1232 127 1317 177 361

1976 129 2086 173 Νονι
2116 128 2277 172 LXXII
2307 131 2346 170 5.
2377 130 2404 171 6

1316 243 1339 279 1
1385 242 1434 278 Et
1457 252 1530 279 non
1554 239 1669 278 solnm
1700 240 1814 278 donec
1844 241 1954 278 fuerit
1982 244 2140 285 curator,
2172 239 2403 287 prohibemus

1321 298 1403 324 eum
1423 288 1470 324 ab
1489 286 1693 329 huiusmodi
1718 287 1889 331 cessione,
1913 288 1977 325 sed
1994 298 2040 324 ne
2066 298 2112 323 ue
2135 289 2264 333 postea
2279 295 2404 332 gerere

1321 334 1567 376 concedimus,
1602 342 1648 369 ne
1676 332 1802 369 forsan
1836 333 1907 370 hoc
1939 334 2041 370 consi
2065 343 2169 369 erans
2205 331 2404 368 abscondat

1319 389 1395 415 rem
1417 383 1453 416 et
1474 378 1735 426 praeordinans
1766 379 1852 414 illud
1875 379 1969 415 male
1997 379 2242 426 postmodum,
2273 377 2359 413 dum
2380 387 2404 413 a

1287 430 1309 461 5
1322 435 1410 461 cura
1434 424 1628 462 cessaverit
1658 428 1696 460 et
1722 424 1835 460 latere
1865 425 1993 460 fecerit
2023 425 2119 470 quod
2145 424 2298 470 maligne
2321 423 2402 469 egit,

1319 471 1414 507 forte
1437 474 1525 507 tunc
1548 471 1621 507 iam
1643 481 1716 506 non
1736 474 1883 506 curator
1905 470 2063 507 existens
2087 471 2284 507 cessionem
2307 469 2402 506 acci-

1343 517 1395 553 iat
1419 519 1456 563 et
1478 527 1553 553 rem
1575 516 1728 561 maligne
1752 515 1929 561 disponat.
1978 516 2100 552 Etiam
2122 519 2209 552 tunc
2234 515 2327 552 enim
2347 515 2403 551 in-

1333 563 1461 598 'rmum
1478 573 1559 600 esse
1577 563 1740 598 volumus
1761 561 1857 607 quod
1876 562 2005 606 agitur,
2027 564 2065 598 et
2083 572 2157 598 non
2170 571 2278 607 posse
2293 561 2404 598 ullam

1319 609 1498 645 actionem
1527 609 1645 645 valere
1674 617 1811 644 cessam
1847 607 2019 644 adversus
2055 618 2136 644 eum
2168 608 2272 643 cuius
2302 607 2403 653 prius
2450 631 2455 638 .

158 654 403 699 μονωθέντος
427 656 708 703 έκχωρουμένην,
733 654 815 709 ἀλλ’
841 653 925 690 ἀντὶ
947 654 1039 709 μηδὲ
1060 655 1249 710 γεγρνότος
1266 659 1306 692 10
1319 665 1443 690 curam
1467 655 1790 697 administraverat,
1815 653 1878 689 sed
1901 664 1969 699 pro
1989 664 2063 689 non
2082 653 2180 689 facto
2198 653 2236 688 id
2255 663 2344 695 esse,
2368 655 2405 688 et

161 699 266 742 εἶναι,
291 703 351 734 καὶ
375 698 498 748 κέρδος
520 702 694 748 γίνεσθαι
725 714 779 745 τῳ
810 701 894 744 νέῳ,
925 715 993 735 καν
1025 702 1057 735 εἴ
1093 715 1137 735 τα
1172 703 1249 736 τῶν

161 744 396 792 ἐκχωρήσεων
428 744 490 781 ἐπ’
525 745 702 791 ἀληθέσιν
734 747 864 781 αἰτίαις
890 749 1050 794 γένοιτο·
1074 744 1136 789 οὐχ
1162 744 1249 782 ὥςτε

161 790 383 826 ἐπανελθεῖν
413 790 524 827 πάλιν
556 794 617 828 ἐπὶ
648 791 714 827 τὸν
746 790 1002 837 ἑκχωρήσαντα
1027 790 1075 827 ὠς
1098 791 1249 836 μηδενὸς

161 835 280 880 δῆθεν
298 840 338 871 ἐν
353 841 453 882 μέσῳ
475 838 573 885 παρὰ
595 837 661 893 τὸν
678 835 999 892 νόμονηδοκοῦντος
1015 839 1250 885 γεγενῆσθαι,

1319 700 1460 736 lucrum
1483 698 1818 742 fieriadolescenti,
1842 699 1927 735 licet
1945 699 2059 735 cessio
2083 710 2149 745 pro
2167 698 2260 735 veris
2280 698 2404 745 „causis

1318 745 1416 781 facta
1441 746 1505 782 sit:
1540 756 1613 782 non
1636 749 1678 781 ut
1700 748 1835 790 remeet
1857 755 1984 781 rursus
2014 744 2060 780 ad
2091 751 2179 781 eum·
2197 745 2260 791 qui
2284 745 2404 787 cessit,

1318 795 1500 837 tamquam
1526 792 1557 828 si
1580 791 1669 827 nihil
1699 791 1801 836 quasi
1823 791 1861 826 in
1884 791 2040 827 medium
2069 794 2197 826 contra
2219 790 2331 836 legem
2354 789 2403 826 vi-

1319 848 1398 872 sum
1416 838 1526 873 fuerit
1546 842 1679 881 actum,
1703 837 1767 873 sed
1792 837 1900 873 cadat
1922 837 1969 872 ab
1988 837 2039 873 eis
2061 846 2153 882 quae
2171 836 2301 872 exinde
2319 839 2405 871 sunt

160 880 241 917 ἀλλ’
267 879 357 918 ὥςτε
388 885 580 918 ἐκπίπτειν
595 920 598 922 ,
612 895 724 918 αυτον
755 896 834 918 των
859 884 1002 918 εκεῖθεν
1030 884 1249 927 κινηθέντων
1263 887 1305 918 15
1320 883 1483 928 quaesita
1514 887 1662 929 propter
1692 883 2014 928 transgressionem
2051 886 2199 919 nostrae
2229 881 2336 928 legis,
2367 882 2405 934 et

161 926 222 963 διὰ
250 927 318 972 τὴν
350 929 562 975 παράβασιν
593 930 657 964 τοῦ
686 925 868 976 ἡμετέρου,
887 927 1009 973 νόμου,
1041 932 1101 963 καὶ
1132 931 1249 964 ταῦτα

160 974 227 1008 τὸν
251 977 334 1009 νέον
366 972 577 1022 κερδαίνειν.
626 975 657 1008 εἴ
684 974 760 1022 γιῑιρΙ
782 975 830 1019 μὴ
864 974 1248 1020 ταύτην·ἐπιθείημεν

123 1048 125 1051 .
161 1019 229 1063 τὴν
253 1019 396 1064 ποινήν,
428 1019 537 1068 ῥᾴδια
560 1019 608 1055 τὰ
631 1022 692 1064 τῆς
715 1024 927 1068 κακουργίας
949 1024 1069 1063 ἔσται,
1100 1025 1160 1055 καὶ
1184 1019 1249 1055 τὸν

163 1063 420 1119 ἐκχωρήσαντα
440 1065 704 1113 παρασκευάσει
721 1062 832 1101 πάλιν
851 1067 1007 1110 κινῆσαι,
1027 1070 1088 1101 καὶ
1109 1065 1167 1101 διὰ
1183 1068 1247 1101 τοῦ

160 1114 271 1156 μέσου
294 1124 338 1146 τα
363 1113 424 1155 τῆς
447 1110 674 1158 ἐκχωρήσεως
694 1110 858 1166 λήψεται,
881 1111 947 1146 τὸν
967 1113 1078 1158 νόμον
1105 1111 1164 1147 διὰ
1187 1114 1247 1156 τῆς
1261 1114 1303 1147 20
1317 1112 1572 1156 malignitatem
1612 1113 1902 1148 circumveniens.

162 1157 292 1191 ἑαυτοῦ
317 1161 527 1205 κακουργίας
549 1169 893 1203 κατασοφισαμενρς.
942 1161 1015 1192 Καὶ
1039 1157 1154 1192 ταῦτά
1179 1172 1246 1204 φα-

161 1216 228 1247 μεν
261 1204 321 1238 ἐπὶ
350 1201 542 1247 κηδεμόνος
573 1201 710 1238 παντὸς
741 1201 800 1248 ἐφ’
829 1202 883 1238 ὧν
914 1199 1006 1238 ὅλως
1035 1202 1247 1249 κηδεμονίας

162 1250 277 1282 τινῶν
308 1247 506 1296 εἰςάγουσιν
536 1248 571 1282 οἱ
602 1247 724 1293 νόμοι,
762 1247 921 1284 ἀσώτων
944 1249 1054 1292 τυχὸν
1077 1246 1100 1293 ἢ
1121 1263 1246 1295 μαινο-

162 1296 284 1337 μένων
315 1291 337 1337 ἢ
368 1293 707 1341 παραφρονούντων
738 1292 759 1337 ἢ
793 1295 830 1329 εἴ
858 1309 895 1330 τι
927 1297 1052 1342 ἕτερον
1087 1293 1107 1330 ὁ
1140 1295 1247 1340 νόμος

158 1338 259 1374 εἶπεν
286 1337 354 1384 ἤδη
382 1338 405 1384 ἢ
435 1344 497 1375 καί
517 1353 555 1374 τι
594 1338 803 1386 παράδοξον
833 1338 856 1384 ἡ
879 1339 983 1387 φύσις
1007 1338 1154 1390 ἐξεύροι.

1318 929 1409 964 haec
1432 929 1604 965 minorem
1628 929 1773 965 lucrati.
1821 928 1914 964 Nam
1938 929 1968 964 si
1993 938 2067 964 non
2081 928 2180 975 ⁴hanc
2203 928 2404 974 inposuerl-

1318 985 1398 1010 mus
1415 985 1580 1020 poenam,
1604 975 1727 1010 facilia
1750 978 1857 1010 erunt
1881 984 1924 1010 ea
1943 984 2036 1019 quae
2059 976 2146 1010 sunt
2160 973 2405 1019 malignitatis,

1318 1024 1354 1055 et
1378 1030 1458 1055 eum
1492 1021 1552 1065 qui
1576 1022 1684 1057 cessit
1707 1021 1816 1056 faciet
1844 1020 1974 1056 iterum
1999 1030 2152 1062 movere,
2184 1023 2222 1056 et
2245 1030 2308 1065 per
2329 1029 2403 1054 me-

1318 1066 1415 1102 dium
1434 1076 1478 1101 ea
1498 1077 1590 1111 quae
1614 1070 1699 1102 sunt
1718 1066 1890 1102 cessionis
1908 1066 1982 1102 reci
2008 1066 2060 1102 iet
2083 1066 2195 1111 legem
2218 1076 2284 1111 per
2303 1075 2405 1101 suam

1999 1118 2014 1147 t
2050 1112 2141 1148 haec
2180 1111 2332 1149 dicimus
2349 1111 2405 1152 ‚in

1318 1159 1414 1193 omni
1452 1161 1618 1193 curatore
1652 1158 1689 1193 in
1727 1158 1855 1203 quibus
1888 1158 2032 1195 omnino
2065 1168 2171 1194 curas
2203 1158 2404 1204 aliquorum

1316 1203 1550 1239 introducunt
1573 1203 1680 1248 leges,
1712 1204 1941 1257 prodigorum
1972 1204 2065 1240 forte
2097 1207 2161 1240 aut
2183 1203 2404 1240 furiosorum

1317 1252 1381 1285 aut
1404 1250 1598 1285 amentium
1629 1253 1693 1285 aut
1717 1250 1748 1285 si
1772 1250 1857 1294 quid
1877 1249 1974 1285 aliud
1997 1251 2056 1286 lex
2078 1251 2150 1287 iam
2174 1249 2264 1286 dixit
2285 1251 2351 1286 aut
2372 1248 2405 1286 si

1317 1294 1405 1341 quid
1427 1294 1649 1341 inopinabile
1668 1297 1802 1331 natura
1824 1294 2057 1334 adinvenerit.

1150 1456 1309 1493 CAPUT
1334 1456 1397 1493 VI.

205 1522 350 1569 Ἐπειδὴ
374 1523 414 1560 δὲ
434 1522 578 1572 ὁρῶμεν
607 1523 690 1559 τοὺς
711 1522 910 1569 κηδεμόνας
939 1522 1019 1560 ὅσοι
1044 1526 1136 1560 θεοῦ
1159 1525 1247 1570 μνή-

160 1584 233 1615 μην
267 1572 385 1614 ἔχουσι
420 1570 510 1617 πρὸς
544 1568 757 1615 κηδεμονίας
793 1569 966 1606 δυςκόλως
1001 1572 1123 1607 ἰόντας
1162 1574 1248 1615 (τοῖς

158 1615 228 1663 γὰρ
253 1615 396 1651 πολλοῖς
418 1613 497 1650 ὅσοι
518 1614 716 1660 βούλονται
739 1615 786 1651 τὰ
810 1618 890 1652 τῶν
907 1616 1248 1662 κηδεμονευομένων

159 1659 300 1706 ἀσεβῶς
332 1663 379 1696 εἰς
410 1661 555 1696 ἑαυτοὺς
584 1664 716 1716 τρέψαι
751 1661 795 1697 τὸ
825 1664 973 1710 πρᾶγμα
1003 1661 1176 1709 ἐράσμιόν
1206 1677 1246 1698 τε

1363 1524 1540 1569 Quoniam
1564 1526 1683 1559 autem
1706 1521 1866 1559 videmus
1891 1524 2078 1558 curatores
2110 1522 2325 1568 quicumque
2348 1523 2407 1559 dei

1316 1571 1523 1605 memoriam
1544 1570 1679 1606 habent
1699 1568 1746 1605 ad
1760 1579 1883 1604 curam
1908 1568 2102 1604 difficulter
2122 1568 2294 1604 accedere
2309 1571 2406 1612 (nam

1317 1616 1482 1662 plurimis
1506 1615 1708 1652 volentibus
1741 1625 1785 1651 ea
1808 1624 1901 1661 quae
1924 1614 2101 1651 minorum
2123 1618 2208 1650 sunt
2237 1614 2285 1650 im
2312 1614 2346 1650 ie
2368 1615 2406 1651 in

1318 1672 1357 1698 se
1380 1666 1518 1698 vertere
1549 1661 1715 1697 amabilis
1747 1664 1802 1696 est
1832 1671 1890 1696 res
1915 1664 1951 1696 et
1976 1659 2213 1706 appetibilis),
2245 1660 2279 1697 vi
2306 1670 2406 1697 emus

159 1710 220 1741 καὶ
235 1705 435 1754 ἐπέδραμόν
450 1709 574 1751 ἐστιν),
590 1721 735 1754 ορωμεν
754 1706 794 1743 δὲ
808 1708 967 1753 μάλιστα
986 1709 1030 1744 τὸ
1052 1711 1131 1745 τῶν
1146 1707 1247 1753 κηδε-
1261 1710 1304 1744 30
1317 1710 1436 1744 autem
1468 1708 1664 1753 praecipue
1696 1706 1879 1742 difficilem
1909 1716 1990 1742 esse
2019 1708 2226 1742 curatorum
2258 1716 2406 1743 causam

158 1752 286 1798 μόνων
303 1751 473 1788 δῦςκολον
497 1753 590 1788 εἶναι
611 1755 760 1801 πρᾶγμα
785 1752 845 1788 διὰ
867 1754 936 1798 τὴν
955 1758 1035 1790 τῶν
1055 1753 1246 1800 δανεισμά-

158 1812 237 1833 των
261 1797 431 1847 ἀνάγκην,
465 1799 692 1845 θεσπίζομεν
721 1798 903 1854 μηδεμίαν
935 1797 1096 1848 ἀνάγκην
1127 1804 1166 1835 ἐκ
1190 1801 1249 1835 νό-

158 1858 227 1890 μου
249 1845 479 1880 καθεστάναι
503 1848 577 1880 τοῖς
600 1843 772 1891 κηδεμοσι
794 1845 840 1880 τὰ
859 1846 939 1881 τῶν
961 1850 1057 1882 νέων
1080 1861 1100 1890 χ
1137 1847 1248 1892 ’ματα

161 1888 356 1933 δανείζειν,
386 1889 468 1925 ἀλλ’
485 1889 666 1945 ἒρῖσφοιλῶς
689 1890 947 1929 ἀποτίθεσθαι
971 1896 1030 1926 καὶ
1055 1907 1103 1939 φυ
1138 1893 1250 1928 ’ττειν

1317 1758 1468 1800 propter
1492 1754 1736 1789 feneratorum
1760 1753 2029 1794 necessitatem,
2064 1752 2244 1794 sancimus
2271 1753 2406 1788 nullam

1317 1800 1568 1836 necessitatem
1604 1810 1649 1835 ex
1683 1799 1821 1844 legibus
1856 1808 1937 1834 esse
1972 1797 2201 1834 curatoribus
2230 1798 2407 1835 minorum

1316 1846 1492 1891 pecunias
1516 1845 1690 1887 fenerare,
1715 1845 1779 1881 sed
1800 1847 1907 1880 caute
1925 1854 2101 1889 reponere
2124 1847 2406 1889 atque'servare,

1318 1892 1486 1937 quoniam
1509 1890 1636 1927 melius
1670 1894 1726 1927 est
1747 1891 1786 1926 in
1809 1890 1967 1935 antiquis
2000 1890 2052 1926 eis
2076 1892 2240 1925 tutamen
2262 1900 2407 1926 manere

161 1933 290 1979 αὐτοῖς,
315 1935 460 1971 κάλλιον
481 1949 525 1971 ον
545 1950 613 1980 την
637 1939 697 1972 ἐπὶ
716 1941 790 1972 τοῖς
809 1934 968 1985 ἀρχαίοις
993 1935 1111 1994 αὐτοῖς
1135 1938 1250 1985 ἀσφά-
1262 1941 1304 1973 35
1319 1948 1426 1983 quam
1457 1947 1650 1973 usurarum
1681 1936 1904 1982 appetitione
1933 1935 2042 1971 etiam
2069 1935 2219 1981 antiqua
2255 1936 2419 1982 pecunia

160 1981 262 2016 λειαν
281 1985 404 2027 μένειν
426 1982 449 2026 ἢ
466 1984 511 2030 τῇ
533 1984 611 2017 τῶν
631 1982 751 2018 τόκων
769 1985 888 2030 ἐφέσει
907 1988 968 2018 καὶ
988 1986 1066 2019 τῶν
1085 1989 1250 2032 αρχαίων

162 2029 337 2070 ἐκπεσεῖν,
359 2031 422 2074 καὶ
446 2026 666 2063 κινδυνεύειν
688 2031 757 2073 μὲν
779 2029 847 2065 τὸν
866 2028 1046 2074 κηδεμόνα
1067 2032 1099 2065 εἰ
1116 2030 1167 2075 μὴ
1187 2029 1249 2064 δα-

157 2077 298 2118 νείσαι,
333 2074 442 2108 αὖθις
473 2071 515 2108 δὲ
543 2075 574 2108 εἰ
598 2072 763 2109 δανείσαι
791 2073 1025 2119 κινδυνεύειν,
1055 2074 1250 2120 ἀποτυχίας

160 2119 248 2154 ἴσως
270 2121 333 2155 ἐπὶ
355 2123 430 2154 τοῖς
451 2133 473 2162 χ
497 2122 570 2154 εἐσι
591 2123 791 2167 γινομένης.
827 2121 859 2155 εἰ
877 2125 1003 2165 μέντοι
1024 2118 1130 2157 αὐτὸς
1154 2120 1251 2156 ἑκών

1319 1983 1459 2026 cadere,
1482 1988 1518 2018 et
1534 1982 1729 2029 periclitari
1746 1982 1888 2027 quidem
1908 1985 2109 2035 curatorem
2128 1981 2161 2016 si
2176 1992 2250 2018 non
2264 1985 2404 2036 rqutua-

1317 2030 1418 2072 verit,
1439 2039 1565 2065 rursus
1581 2033 1703 2064 autem
1719 2029 1750 2064 si
1767 2028 1985 2063 mutuaverit
1999 2028 2200 2073 periculum
2215 2031 2406 2071 sustinere,

1319 2076 1417 2111 facto
1448 2075 1573 2111 forsan
1608 2075 1647 2111 in
1679 2074 1808 2110 debitis
1843 2073 2066 2109 detrimento.
2115 2072 2179 2109 Sin
2210 2083 2294 2109 vero
2329 2074 2407 2120 ipse

1320 2125 1449 2169 sponte
1472 2124 1638 2156 mutuare
1658 2120 1812 2156 voluerit
1835 2119 1904 2155 sub
1928 2119 2146 2163 obligatione
2168 2118 2263 2155 forte
2280 2119 2405 2165 pigno·
2435 2141 2438 2144 -

162 2163 326 2199 δανεῖσαι
358 2164 491 2218 βουλη*
503 2169 574 2209 είη,
610 2166 697 2200 ἴσως
722 2168 797 2219 ἐπὶ)
815 2164 915 2201 δόσει
938 2165 1117 2214 ἐνεχύρων
1141 2164 1163 2210 ἢ
1184 2164 1246 2202 ἐπὶ
1263 2169 1308 2202 40
1321 2177 1402 2202 rum
1421 2170 1485 2201 aut
1505 2167 1572 2202 sub
1593 2166 1674 2202 aliis
1694 2176 1786 2211 quae
1802 2168 1979 2211 putantur
1998 2164 2222 2201 indubitatae
2246 2165 2405 2208 cautelis,

160 2209 283 2245 ἄλλαις
298 2213 376 2245 ταῖς
393 2208 492 2254 αὗτῳ
510 2213 761 2255 νομιζομέναις
778 2213 1113 2257 αναμφισβητήτοις
1130 2210 1246 2258 ἀσφα·

159 2302 182 2337 1
237 2299 374 2335 scilicet
404 2300 520 2346 ipsius
551 2311 628 2336 esse
659 2301 852 2336 videantur
882 2301 1076 2338 utilitatem
1106 2302 1295 2347 facturum
1323 2306 1360 2337 et
1391 2300 1731 2336 administraturum
1754 2309 1843 2334 esse.

1936 2298 2065 2344 Neque
2083 2299 2201 2334 solum
2233 2300 2407 2347 quamdiu

161 2351 312 2381 curator
334 2345 393 2388 sit,
417 2345 462 2380 ab
483 2345 661 2381 eiusmodi
681 2357 760 2382 eum
784 2347 946 2382 cessione
965 2358 1141 2390 arcemus,
1164 2347 1229 2382 sed
1249 2347 1357 2382 etiam
1380 2351 1523 2393 postea,
1546 2356 1592 2380 ne
1613 2345 1716 2390 forte
1739 2343 1809 2379 hoc
1829 2343 2023 2380 meditatus
2047 2355 2122 2379 rem
2137 2350 2297 2382 reservet
2307 2344 2407 2382 'eam—

161 2403 232 2438 que
254 2390 412 2438 malique
430 2391 672 2438 praemolitus
697 2391 827 2427 deinde
849 2392 911 2428 ubi
934 2397 1085 2428 curator
1107 2404 1184 2428 esse
1208 2392 1354 2428 desierit
1378 2402 1422 2427 ac
1446 2391 1558 2427 lateat
1581 2390 1680 2436 quod
1701 2389 1839 2435 fraude
1859 2389 2099 2470 compvositum
2116 2389 2177 2433 sit,
2203 2394 2277 2426 tum
2290 2392 2406 2437 forte,

161 2437 298 2484 quippe
320 2437 383 2483 qui
407 2447 481 2472 non
506 2437 663 2484 amptius
686 2442 836 2473 curator
858 2437 916 2480 sit,
947 2438 1143 2474 cessionem
1167 2439 1246 2473 acci
1274 2438 1328 2473 iat
1350 2442 1386 2472 et
1408 2448 1483 2473 rem
1506 2435 1765 2482 fraudulenter
1789 2438 1890 2481 aqat.
1974 2446 2033 2470 am
2057 2438 2132 2470 tum
2154 2446 2301 2483 quoque
2323 2438 2406 2474 irri-

163 2489 236 2519 tum
259 2493 336 2518 esse
359 2482 523 2517 volumus
546 2482 647 2529 quod
665 2483 726 2527 fit,
758 2493 824 2518 nec
848 2482 959 2518 ullam
976 2484 1161 2530 >actionem
1185 2449 1307 2519 valgre
1323 2493 1436 2530 posse
1461 2486 1590 2517 contra
1617 2492 1697 2516 eum
1720 2480 1827 2516 cuius
1852 2481 1964 2532 prius
1987 2490 2114 2532 curam
2143 2487 2311 2528 qesserat
2333 2494 2406 2520 ces-

160 2539 250 2573 sam,
274 2527 339 2564 sed
358 2538 430 2574 pro
450 2538 491 2564 re
514 2539 588 2563 non
611 2528 717 2574 facta
741 2527 880 2571 haberi,
912 2534 949 2564 et
972 2529 1112 2564 lucrum
1132 2529 1218 2574 fieri
1240 2529 1402 2570 minoris,
1437 2527 1600 2580 quamvis
1625 2527 1738 2562 cessio
1771 2537 1821 2562 ex
1842 2536 1937 2562 veris
1960 2536 2083 2562 causis
2098 2526 2212 2579 facta
2234 2527 2301 2564 sit:
2331 2540 2406 2565 non

161 2578 203 2610 ut
224 2584 353 2609 rursus
377 2573 427 2608 ad
449 2584 529 2609 eum
553 2575 617 2620 qui
640 2575 789 2610 cesserit
809 2574 953 2618 redeat,
983 2575 1092 2621 quasi
1114 2585 1200 2610 vero
1224 2573 1317 2609 nibil
1339 2574 1483 2609 interim
1507 2577 1636 2609 contra
1661 2572 1775 2619 leqem
1805 2572 1949 2617 factum
1972 2582 2050 2608 esse
2069 2572 2248 2616 videatur,
2278 2574 2345 2610 sed
2366 2578 2407 2610 ut

160 2620 240 2666 ipse
262 2618 413 2655 esccidat
434 2618 479 2654 iis
502 2630 597 2665 quae
620 2619 705 2665 inde
726 2620 920 2666 acquisivit
942 2631 1016 2667 per
1040 2620 1131 2666 leqis
1159 2624 1309 2655 nostrae
1331 2619 1562 2656 violationem
1590 2628 1705 2664 eaque
1728 2618 1848 2653 minor
1870 2617 2060 2654 lucretur.‘
2089 2617 2173 2654 Nisi
2195 2619 2290 2655 enim
2313 2619 2408 2656 hanc

154 2675 316 2712 poenam
337 2665 631 2711 imposuerimus,
661 2665 791 2711 facilis
814 2666 883 2701 erit
904 2666 1028 2712 fraus,
1060 2670 1169 2712 atque
1194 2665 1255 2701 ille
1286 2676 1366 2701 eum
1398 2665 1462 2712 qui
1489 2664 1558 2700 sibi
1582 2664 1690 2700 cessit
1717 2662 1767 2699 ad
1789 2674 1937 2699 causam
1962 2663 2094 2700 iterum
2116 2664 2328 2701 movendam
2351 2667 2406 2702 in·

147 2711 285 2747 stimet
307 2714 342 2746 et
360 2721 432 2757 per
455 2721 536 2746 eum
557 2711 812 2758 interpositum
841 2711 1037 2747 cessionem
1067 2710 1290 2758 impetrabit,
1322 2710 1437 2757 leqem
1461 2721 1535 2757 per
1556 2720 1661 2745 suam
1682 2708 1857 2756 fraudem
1881 2708 2037 2745 eludens.
2095 2710 2215 2757 Atque
2238 2710 2329 2748 haec
2351 2711 2407 2748 di-

160 2757 274 2792 cimus
296 2756 341 2792 de
390 2757 492 2792 uovis
515 2760 697 2799 curatore,
722 2756 936 2803 ubicumque
960 2756 1057 2803 leqes
1072 2756 1303 2805 quorundam
1327 2756 1534 2792 curationes
1554 2754 1801 2797 introducunt,
1819 2754 2067 2802 prodiqorum
2085 2755 2189 2801 forte
2210 2756 2270 2792 vel
2285 2757 2406 2804 furio-

158 2813 283 2837 sorum
315 2767 388 2838 ve?⁴
402 2806 518 2838 mente
549 2806 741 2849 captorum
773 2802 830 2839 vel
859 2803 893 2838 si
923 2802 1014 2849 quid
1042 2802 1146 2838 atiud
1178 2801 1343 2838 tex'iam
1376 2801 1475 2837 dixit
1508 2801 1564 2838 vel
1595 2800 1685 2847 quid
1713 2800 1822 2836 etiam
1854 2804 1990 2836 natura
2013 2805 2168 2847 praeter
2198 2802 2407 2849 opinionem
2473 2833 2475 2836 Α

159 2847 346 2884 invenerit.
575 2854 577 2856 ’
2105 2861 2108 2864 ·
2207 2872 2210 2875 -

294 2893 357 2929 VI.
405 2892 583 2937 Quoniam
607 2897 727 2929 autem
751 2893 912 2930 videmus
935 2898 1125 2930 curatores
1149 2894 1364 2940 quicumque
1388 2892 1446 2929 dei
1470 2902 1644 2928 memores
1666 2896 1763 2934 sunt,
1796 2892 1846 2927 ad
1868 2893 2078 2928 curationes
2100 2903 2146 2928 ae
2171 2904 2212 2930 re
2235 2894 2407 2932 accedere

159 2942 256 2982 (nam
273 2939 463 2986 plerisque
495 2939 712 2985 quicumque
743 2939 839 2975 bona
870 2950 996 2975 eorum
1026 2950 1181 2986 quorum
1213 2949 1339 2974 curam
1362 2942 1496 2985 qerunt
1519 2938 1627 2985 impie
1659 2937 1710 2973 ad
1730 2943 1770 2973 se
1793 2939 1809 2972 i
1833 2948 1896 2973 sos
1929 2936 2075 2974 trahere
2097 2949 2142 2975 vo
2159 2943 2236 2982 unt,
2268 2950 2329 2976 res
2351 2946 2407 2977 est

160 2989 339 3038 exoptata
369 2990 405 3020 et
434 2996 544 3031 quam
576 2985 709 3020 cursim
733 2987 892 3037 petant),
930 2996 1047 3032 porro
1079 2984 1240 3021 videmus
1271 2984 1495 3036 curationem
1527 2994 1604 3019 esse
1626 2994 1702 3024 rem
1725 2982 1791 3036 dif
1812 2982 1916 3019 cilem
1937 2983 2096 3020 maxime
2117 2988 2274 3031 propter
2326 2993 2406 3021 ene-

159 3034 343 3066 rationum
363 3030 622 3073 necessitatem,
645 3041 839 3073 sancimus,
863 3041 911 3066 ne
926 3030 1003 3066 ulla
1023 3031 1219 3066 necessitas
1237 3041 1287 3066 ex
1307 3031 1385 3076 teqe
1403 3029 1588 3064 incumbat
1615 3032 1778 3073 curatori
1803 3039 1847 3064 us
1875 3030 2067 3075 pecuniam
2085 3030 2266 3066 minorum
2305 3033 2410 3068 enom·

161 3075 292 3118 dandi,
327 3074 392 3110 sed
421 3081 462 3111 ut
490 3086 569 3111 eam
603 3079 680 3112 tuto
710 3075 899 3122 deponant
926 3075 1072 3122 illisque
1103 3075 1328 3118 custodiant,
1360 3086 1440 3111 cum
1465 3078 1634 3121 praestet
1663 3074 1895 3110 securitatem
1923 3074 1963 3109 in
1994 3078 2095 3111 sorte
2121 3075 2168 3110 iis
2198 3079 2408 3113 conservari

161 3131 271 3167 quam
294 3131 490 3156 usurarum
513 3120 713 3173 cupiditate
743 3121 853 3157 etiam
883 3126 982 3157 sorte
1012 3132 1075 3157 eos
1103 3122 1267 3168 privari,
1297 3125 1333 3157 et
1365 3124 1519 3156 tutorem
1546 3119 1756 3166 periclitari
1785 3119 1819 3154 si
1840 3130 1915 3155 non
1942 3124 2125 3157 mutuetur
2156 3132 2200 3156 ac
2222 3133 2352 3158 rursus
2374 3124 2407 3158 si

161 3169 345 3202 mutuetur
360 3166 587 3213 periclitari,
617 3166 678 3202 ubi
701 3166 953 3203 detrimentum
974 3168 1076 3213 forte
1108 3168 1146 3203 in
1170 3166 1297 3203 debitis
1319 3167 1462 3212 factum
1485 3165 1542 3201 sit.
1592 3163 1634 3200 Si
1657 3169 1778 3201 tamen
1800 3175 1869 3200 sua
1892 3168 2023 3211 sponte
2054 3167 2215 3202 mutuari
2237 3167 2406 3211 voluerit,

155 3211 500 3260 piqnoribusfortc
526 3211 622 3248 datis
649 3212 707 3248 vel
735 3212 819 3248 aliis
848 3213 1075 3249 cautionibus
1107 3224 1201 3260 quae
1232 3213 1304 3260 ipsi
1335 3216 1445 3249 extra
1476 3210 1737 3248 dubitationem
1764 3211 1910 3258 positae
1941 3210 2144 3254 videantur,
2178 3216 2252 3247 tum
2276 3211 2408 3250 habeat

210 3306 224 3337 1
254 3299 445 3347 ὠφέλειαν]
470 3299 657 3337 ἀπώλειαν
681 3305 764 3338 coni.
779 3304 968 3348 Hombequ
994 3303 1008 3348 ΙΙ
1031 3305 1052 3338 2
1076 3300 1166 3338 ἀλλὰ
1190 3306 1251 3337 καὶ

161 3348 254 3393 μετὰ
276 3349 406 3390 ταῦτα]
437 3350 493 3382 sed
526 3360 634 3392 neque
663 3353 777 3392 postea
807 3360 922 3392 gerere
954 3351 1166 3383 concedimus
1190 3363 1209 3387 ς
1237 3350 1251 3395 ss

163 3398 184 3430 4
207 3397 335 3429 ἔπειτα
348 3395 406 3437 M]
432 3393 555 3428 etvaL
575 3395 587 3438 ΙΙ
604 3397 624 3429 5
649 3394 825 3430 παύσοιτο
846 3396 878 3429 L
895 3395 908 3439 ΙΙ
928 3397 967 3429 17
993 3393 1143 3438 ταύτην]
1168 3393 1252 3430 ταὺ-

161 3451 241 3478 ταις
258 3441 304 3474 L¹
319 3441 332 3483 ΙΙ
352 3441 394 3474 18
418 3439 464 3474 τὰ
488 3454 547 3474 om.
561 3441 594 3474 L
613 3439 625 3485 ΙΙ
642 3441 686 3474 24
709 3436 731 3483 ἢ
750 3439 786 3473 εἴ
800 3453 838 3474 τι
858 3442 1056 3475 Haloander
1070 3455 1109 3476 ex
1122 3444 1153 3484 ς]
1178 3438 1200 3484 ἢ
1216 3443 1254 3474 τί

163 3487 237 3520 ML
263 3487 275 3530 11
304 3487 347 3520 25
371 3481 393 3528 ἢ
415 3486 458 3529 (εἰ
471 3487 532 3528 12¹)
556 3489 627 3519 acac
638 3489 686 3528 τι]
716 3489 775 3518 aut
795 3487 823 3518 si
847 3486 929 3529 quid
953 3498 973 3523 ς
1000 3486 1012 3532 ΙΙ
1041 3488 1085 3523 26
1105 3484 1251 3532 μνήμην

163 3531 254 3565 θεοῦ
268 3532 318 3565 B⁶
335 3531 347 3570 ΙΙ
366 3533 409 3566 29
434 3532 483 3566 εἰς
506 3530 653 3565 ἑαυτοὺς
676 3529 741 3566 ἄσε
771 3532 818 3566 ὦς
836 3533 993 3578 στρέψαι
1017 3533 1049 3567 L
1067 3533 1080 3577 ΙΙ
1095 3534 1140 3569 30
1164 3532 1250 3578 ἐρῶ-

164 3589 231 3621 μεν
245 3578 291 3611 Μ
300 3584 312 3622 u
332 3575 382 3619 δὲ]
406 3576 475 3624 γὰρ
496 3579 547 3612 13⁸
559 3591 589 3612 υ.
600 3579 620 3612 ἰ.
641 3578 652 3621 ΙΙ
669 3579 710 3612 31
759 3576 1002 3622 ανεισμάτων]
1026 3579 1252 3618 feneratorum

155 3623 200 3664 ’(ἰ.
210 3635 236 3656 e.
250 3619 468 3666 δανειστῶν)
483 3636 502 3661 ς
520 3624 532 3668 ΙΙ
549 3626 591 3659 32
604 3620 757 3670 ἀνάγκης
770 3624 802 3657 L
821 3623 835 3668 ΙΙ
850 3625 894 3659 35
916 3620 1035 3658 αὐτοῖς
1045 3625 1097 3667 Μ’,
1110 3625 1161 3658 B⁸
1172 3639 1201 3659 υ.
1217 3626 1251 3666 l.]

168 3663 259 3702 αὐτὰ
271 3669 315 3711 L,
327 3669 377 3703 Β*
389 3683 418 3704 v.
430 3671 467 3710 l.;
489 3683 547 3704 om.
559 3682 578 3706 ς
595 3669 607 3714 ΙΙ
624 3665 668 3704 δν
681 3670 729 3704 Μ
742 3669 755 3714 ΙΙ
782 3670 823 3703 37
838 3677 868 3704 et
880 3671 923 3704 38
938 3667 1129 3704 *δανείσοι
1145 3671 1224 3705 libri

1367 3304 1387 3336 2
1412 3303 1452 3336 ab
1476 3303 1539 3335 hac
1562 3301 1756 3346 huiusmodi
1778 3296 1812 3335 R
1836 3301 1877 3335 ab
1893 3301 1954 3334 hec
1975 3302 2168 3336 huiusmodi
2189 3302 2240 3336 1⁷¹
2255 3301 2268 3348 ΙΙ
2286 3305 2309 3338 4
2328 3303 2406 3337 dum

1321 3363 1379 3383 om.
1393 3349 1464 3382 ΕΤ
1474 3356 1505 3382 et
1517 3350 1550 3382 in
1561 3350 1667 3392 spatio
1681 3349 1701 3382 2
1719 3349 1778 3381 litt.
1802 3348 1836 3381 V
1850 3347 1863 3392 ΙΙ
1890 3349 1910 3381 5
1936 3347 2038 3389 quod]
2062 3348 2121 3390 qui
2145 3349 2179 3382 R
2199 3347 2212 3393 ΙΙ
2238 3348 2309 3391 egit
2326 3349 2406 3393 VT]

1322 3394 1427 3438 egerit
1450 3394 1484 3427 R
1497 3394 1582 3438 vuly.
1601 3393 1614 3438 ΙΙ
1630 3395 1651 3429 9
1668 3403 1775 3426 cesam
1787 3393 1837 3427 Β1
1852 3394 1866 3438 ΙΙ
1894 3395 1935 3428 10
1951 3393 2203 3427 ministrauerat
2214 3393 2290 3428 RV
2303 3394 2316 3440 ΙΙ
2339 3406 2408 3429 non

1320 3451 1381 3485 pro
1402 3440 1437 3473 V
1453 3439 1465 3484 ΙΙ
1494 3441 1533 3474 11
1552 3440 1654 3481 ueris]
1678 3438 1774 3472 uiri?
1791 3439 1841 3472 R¹
1864 3439 1876 3483 ΙΙ
1902 3449 2017 3472 causas
2034 3439 2086 3472 Ra
2110 3439 2122 3482 ΙΙ
2146 3440 2188 3473 12
2212 3441 2359 3476 remehet
2380 3441 2414 3476 V

1320 3497 1408 3519 reme
1425 3485 1473 3519 R¹
1493 3485 1505 3528 ΙΙ
1529 3487 1572 3519 14
1588 3485 1719 3526 exinde]
1745 3485 1863 3517 exinde
1880 3495 1920 3518 ex
1936 3484 1999 3517 hoc
2014 3485 2131 3518 RVT
2149 3495 2188 3518 ex
2204 3485 2268 3519 hoc
2283 3487 2341 3520 vul
2362 3511 2370 3519 .
2386 3486 2408 3566 ἃ

1323 3533 1364 3566 16
1388 3531 1686 3573 interposuerimus
1707 3531 1762 3575 Vn
1791 3533 1830 3565 17
1853 3540 1939 3573 pena
1956 3530 2004 3563 R¹
2020 3529 2033 3574 ss
2062 3531 2104 3564 23
2129 3531 2205 3573 quis
2225 3530 2288 3576 Ru
2347 3532 2385 3565 iu

1322 3591 1380 3611 om.
1402 3577 1435 3611 V
1449 3576 1461 3620 ΙΙ
1484 3576 1537 3609 lex
1562 3590 1620 3611 om.
1633 3577 1703 3610 ΒΤ
1725 3575 1738 3621 ΙΙ
1759 3577 1804 3610 24
1827 3576 2002 3609 aduenerit
2022 3576 2057 3610 V
2075 3574 2088 3621 ΙΙ
2112 3576 2157 3611 30
2181 3576 2320 3611 difficile
2340 3589 2407 3612 esse

1322 3619 1509 3656 curatorem
1529 3621 1610 3667 3¹⁴„
1632 3623 1675 3657 31
1690 3622 1927 3663 feneratorum]
1951 3618 2008 3654 ‘a1.
2022 3619 2304 3656 foenerationum’
2324 3624 2406 3659 Con·
2430 3623 2433 3626 '

176 3709 178 3711 v
1323 3671 1385 3703 tius
1400 3667 1413 3713 ΙΙ
1432 3669 1476 3702 34
1497 3670 1659 3710 tutamen]
1687 3681 1727 3699 n
1753 3667 1803 3701 Β*
1822 3668 1835 3710 ΙΙ
1859 3668 1902 3702 35
1927 3668 2111 3710 apetitione
2130 3668 2167 3702 V
2182 3668 2406 3713 appellatione

168 3710 211 3748 39
234 3716 432 3759 γινομένοις
457 3717 522 3750 Ma
555 3716 760 3766 γενομένοις
783 3715 835 3749 L‘
860 3716 874 3760 ΙΙ
903 3717 947 3751 40
977 3712 1120 3750 δόσεσιν
1144 3716 1194 3751 Β·
1324 3714 1372 3747 R*
1392 3713 1405 3758 ΙΙ
1430 3714 1473 3747 36
1487 3721 1516 3748 et
1527 3715 1569 3748 37
1583 3714 1766 3747 mutauerit
1787 3713 1838 3747 V¹
1862 3713 1874 3756 ΙΙ
1899 3713 1943 3748 38
1968 3713 2109 3747 forsitan
2132 3713 2167 3748 R
2193 3714 2206 3759 {l
2233 3715 2286 3748 sin
2307 3715 2354 3756 V]
2378 3715 2407 3747 si

167 3760 211 3793 41
238 3756 336 3803 αὐτῷ
362 3774 420 3796 om.
434 3774 454 3804 s,-
1327 3759 1393 3794 ΒΤ
1412 3759 1425 3803 ΙΙ
1451 3760 1494 3794 40
1518 3760 1722 3803 deputantur
1744 3758 1807 3804 Vll
1831 3758 2138 3803 indubitataiilni,
2163 3772 2245 3795 corr.
2259 3761 2346 3805 vulq.

239 3816 290 3844 111.
487 3830 491 3834 ·
1507 3819 1512 3826 ‘
2092 3817 2136 3852 46
