2618 4010
171 136 425 171 LYCAON'IAE

172 236 192 274 ὁ
227 236 454 286 παραλαβὼν
479 235 591 280 αὐτὴν
616 234 715 277 ἀξίας
740 235 792 278 εἴη
808 237 982 279 μείζονος.
1031 234 1073 271 τὸ
1095 238 1162 281 μὲν
1186 234 1253 283 γὰρ

171 285 249 319 τῶν
267 285 499 331 ἡγησομένων
522 284 626 316 ἔσται
649 282 814 317 τοιοῦτον
838 278 965 316 ὁποῖον
989 278 1034 315 ἂν
1055 279 1150 327 ἡμεῖς
1174 284 1249 317 ἐπι-

171 327 320 373 τηδείως
343 331 437 371 ἔχειν
461 326 549 373 πρὸς
571 326 639 370 τὴν
663 324 774 373 ἀρχὴν
799 328 1042 374 ἐγκρίναιμεν·
1077 326 1188 370 αὐτὴν
1211 326 1251 360 δὲ

172 372 215 418 δὴ
244 373 311 418 τὴν
341 372 451 421 ἀρχὴν
484 371 659 419 προςῆκόν
691 374 791 406 ἐστιν
822 374 864 406 ἐν
895 376 973 406 ταῖς
1002 371 1253 418 περιβλέπτοις

171 416 427 474 ἀριθμεῖσθαι,
452 416 622 464 καθάπερ
642 414 856 452 ἀνθύπατοί
878 430 918 451 τε
937 421 996 451 καὶ
1020 415 1039 452 ὁ
1060 421 1120 461 τῆς
1140 415 1252 461 ‘Euius

171 475 279 520 κομης
309 467 368 498 καὶ
400 461 419 498 ὁ
445 462 624 498 Γαλατίας
655 476 695 497 τε
727 466 785 497 καὶ
820 459 838 496 ὃ
868 464 929 506 τῆς
965 466 1119 510 Φρυγίας
1149 464 1249 497 εἰσίν.

169 509 195 545 3
258 507 350 543 Ώςτε
380 512 438 543 καὶ
471 506 688 555 ἀκροάσεται
717 507 829 542 δικῶν
861 507 952 542 κατὰ
981 512 1047 552 τὴν
1076 511 1251 555 ἐπαρχίαν

172 554 239 598 τὴν
260 551 368 588 αὑτοῦ
389 558 448 588 καὶ
467 555 699 600 χρηματικιῦν
720 557 779 588 καὶ
798 552 1071 600 ἐγκληματικῶν
1094 557 1153 588 καὶ
1173 555 1251 588 τῶν

171 596 260 645 ὑπὲρ
297 598 512 654 ἐλευθερίας,
553 597 723 645 καθάπερ
759 603 818 632 καὶ
854 597 985 653 πάσαις
1021 599 1139 639 ἔξεστι
1174 602 1250 633 ταῖς

1258 120 1335 168 201

2017 124 2123 168 Nov.
2154 120 2277 166 XXV
2308 128 2346 167 5.
2377 126 2401 166 6

1323 236 1423 281 piens
1460 245 1538 271 eam
1571 233 1751 279 dignitatis
1788 233 1834 269 sit
1866 235 2028 279 potioris.
2084 235 2401 270 Administratores

1322 281 1413 316 enim
1438 284 1543 316 erunt
1561 281 1649 315 tales
1675 280 1797 324 quales
1822 290 1888 315 nos
1910 284 2132 324 opportunos
2159 290 2238 315 esse
2258 281 2304 315 ad
2325 281 2400 315 cin-

1319 327 1438 371 gulum
1462 326 1750 369 iudicaverimus,
1776 326 1890 370 ipsam
1916 330 2035 359 autem
2060 325 2401 361 administrationem

1323 374 1527 416 competens
1552 374 1607 407 est
1629 371 1722 405 inter
1746 370 1960 415 spectabiles
1985 371 2174 415 numerari,
2201 371 2296 407 sicut
2316 381 2398 415 pro-

1288 422 1307 454 5
1322 417 1486 453 consules
1518 420 1555 452 et
1578 415 1733 452 Orientis
1767 426 1884 451 comes
1916 418 1952 450 et
1978 416 2141 451 Galatiae
2166 419 2202 451 et
2225 416 2400 461 Phrygiae

1321 466 1422 497 sunt:

1319 509 1344 544 3
1391 511 1430 543 ut
1455 511 1491 543 et
1515 508 1637 542 audiat
1662 517 1792 542 causas
1816 506 1851 540 in
1878 506 2059 550 provincia
2083 517 2149 541 sua
2174 511 2208 541 et
2229 507 2398 551 pecunia-

1320 553 1391 588 rias
1414 558 1450 588 et
1468 553 1669 588 criminales
1691 557 1726 587 et
1747 562 1812 597 pro
1832 551 2009 594 libertate,
2037 552 2129 586 sicut
2151 552 2258 587 etiam
2278 562 2399 587 omnes

1319 599 1560 643 magistratus.
1608 598 1658 632 Et
1681 597 1950 643 appellatione8‚
1985 606 2075 641 quae
2108 600 2234 632 contra
2259 600 2398 632 senten-

171 643 300 691 ἀρχαῖς.
321 687 330 699 ,
349 648 422 678 Καὶ
453 656 515 679 τας
545 658 586 690 γε
618 647 752 690 ἐφέσεις
783 643 847 677 τὰς
876 658 967 677 κατα
996 646 1073 678 τῶν
1103 642 1248 689 ἀποκρί-
1266 644 1387 679 10tias
1409 644 1483 679 eius
1505 644 1605 685 fiunt,
1631 643 1885 678 examinabunt
1912 642 1970 676 hic
1995 642 2189 677 secundum
2218 643 2399 686 antiquam

172 702 266 724 σεων
291 691 400 724 αυτοῦ
424 693 611 736 γινομένας
637 689 865 730 ἐξετάσουσιν
890 686 1067 722 ἐνταυθοῖ
1092 690 1183 723 κατὰ
1206 688 1248 723 τὸ

171 733 284 770 πάλαι
308 735 520 780 κεκρατηκὸς
544 737 603 769 ἐπὶ
630 737 708 768 τῶν
726 732 981 780 περιβλέπτων
1005 731 1194 780 ἀρχόντων
1217 734 1253 767 οἵ

170 793 210 814 τε
231 778 462 820 ἐνδοξότατοι
487 782 564 814 τῶν
585 780 692 824 ἱερῶν
714 777 816 824 ἡμῶν
837 783 1075 824 πραιτωρίων
1099 781 1249 824 ἔπαρχοι

170 821 191 859 ὅ
215 838 254 859 τε
278 823 512 866 ἐνδοξότατος
535 831 731 871 κοιαίστωρ
756 825 873 877 (τοῦτο
897 823 938 858 τὸ
960 822 1125 878 dpwffsvu
1135 837 1248 869 παρα-

1321 689 1612 724 consuetudinem
1637 689 1697 733 qui
1721 698 1828 733 super
1853 687 2109 731 spectabilibus
2142 688 2210 722 hoc
2234 690 2398 732 agebant,

1318 734 1563 777 gloriosissimi
1587 744 1771 769 sacrorum
1790 735 1993 768 nostrorum
2013 732 2275 777 praetoriorum
2295 743 2398 776 prae-

1318 779 1405 814 fecti
1438 783 1473 814 et
1503 779 1780 823 gloriosissimus
1814 781 1982 823 quaestor
2016 778 2098 820 (hoc
2123 777 2217 822 quod
2242 777 2324 812 olim
2349 782 2401 811 est

1320 824 1516 866 traditum),
1551 835 1591 860 eo
1625 824 1720 869 quod
1756 824 1913 859 civiliora
1945 823 2261 858 administrationis
2295 822 2401 856 huius

172 868 388 915 δεδομένον),
420 869 512 905 διότι
536 870 797 916 πολιτικωτερα
823 882 867 902 τα
892 881 952 924 ’5ης
976 880 1080 922 αρχης
1105 867 1171 911 ηδη
1195 872 1249 914 γέ-
1267 874 1305 905 15
1319 870 1390 904 iam
1410 870 1506 904 facta
1524 874 1617 912 sunt,
1639 871 1814 915 permixta
1831 869 1979 914 legibus,
2002 878 2090 913 quas
2111 868 2277 904 Videlicet
2294 868 2400 902 etiam

170 928 276 962 γονεν
308 914 559 960 ἀναμιχθέντα
591 918 664 949 τοῖς
694 913 832 958 νόμοις,
872 925 931 947 ους
963 913 1006 957 δη
1038 917 1096 948 καὶ
1128 914 1250 948 αὐτῶν

172 962 249 994 τῶν
280 958 406 996 ὅπλων
438 960 557 1008 ἄρχειν
589 959 808 1004 βουλόμεθα.

1319 915 1407 959 ipsis
1432 915 1539 950 armis
1564 925 1731 959 praeesse
1755 915 1932 951 volumus.

1165 1072 1322 1108 CAPUT
1348 1072 1409 1108 VI.

224 1142 327 1175 Κατὰ
359 1141 398 1176 δὲ
428 1141 493 1176 τὸν
524 1144 669 1188 ἔναγχος
701 1138 789 1185 παρ’
817 1137 920 1182 ἡμῶν
944 1140 1103 1174 τεθέντα
1127 1139 1250 1183 νόμον,

172 1188 207 1221 εἴ
225 1199 279 1221 τις
302 1186 381 1231 δίκη
407 1191 658 1223 πεντακοσίων
686 1184 921 1241 νομισμάτων
945 1184 1007 1228 οὐχ
1037 1182 1251 1231 ὑπερβαίνοι

1366 1140 1567 1175 Secundum
1594 1150 1706 1184 nuper
1730 1144 1848 1177 autem
1872 1151 1894 1175 a
1917 1141 2019 1176 nobis
2047 1140 2200 1186 positam
2222 1140 2345 1184 legem,
2371 1138 2402 1174 si

1320 1195 1392 1230 qua
1410 1195 1520 1220 causa
1541 1185 1814 1230 quingentorum
1834 1186 2026 1221 solidorum
2050 1197 2122 1221 non
2141 1185 2403 1221 transcenderit

173 1245 289 1269 ποσον
320 1233 412 1266 κατὰ
442 1231 508 1274 τὴν
539 1233 715 1277 ἐπαρχίαν
745 1244 811 1273 την
837 1232 956 1272 αυτοῦ,
984 1231 1062 1284 εἶτα
1079 1233 1251 1283 *ἐφέσιμος
1266 1233 1306 1265 20
1321 1231 1556 1275 quantitatem
1587 1231 1623 1264 in
1654 1231 1836 1275 provincia
1867 1232 1961 1273 eius,
1994 1231 2120 1266 deinde
2150 1232 2216 1267 sub
2245 1230 2402 1275 appella-

173 1278 272 1324 παρὰ
291 1278 354 1311 τοῦ
376 1275 582 1318 δικάζοντος
602 1279 752 1322 γένοιτο,
772 1275 904 1318 ταύτης
924 1274 987 1318 οὐχ
1011 1289 1029 1310 ο
1050 1287 1110 1318 της
1129 1279 1250 1309 Πακα-

173 1324 293 1365 τιανῆς
318 1325 473 1369 Φρυγίας
497 1321 629 1367 ἅρχων,
653 1319 823 1366 καθάπερ
847 1321 1026 1368 πρότερον
1051 1319 1250 1368 εἰρήκαμεν,

171 1365 251 1401 ἀλλ’
280 1365 386 1401 αὐτὸς
408 1364 633 1413 ἀκροάσεται,
657 1367 727 1400 εἴτε
752 1369 790 1399 ἐκ
815 1368 1059 1413 παραπομπῆς
1084 1368 1252 1413 ἡμετέρας

171 1413 241 1446 εἴτε
275 1415 314 1446 ἔκ
349 1424 445 1446 τινος
481 1413 558 1446 τῶν
595 1410 845 1452 ἐνδοξοτάτων
876 1409 979 1455 ἡμῶν
1013 1410 1200 1457 ἀρχόντων
1232 1409 1252 1454 ἡ

1319 1277 1416 1311 tione
1451 1275 1547 1320 apud
1582 1275 1800 1310 iudicantem
1835 1276 1916 1319 fiat,
1954 1277 2050 1311 hanc
2081 1287 2154 1311 non
2185 1276 2403 1311 Pacatianae

1320 1321 1496 1366 Phrygiae
1520 1321 1637 1364 iudex,
1664 1321 1770 1356 sicuti
1794 1322 1905 1366 prius,
1932 1322 1995 1356 sed
2014 1322 2091 1365 ipse
2111 1322 2241 1364 audiet,
2268 1321 2340 1355 sive
2358 1331 2404 1355 ex

1321 1367 1540 1411 delegatione
1560 1369 1683 1401 nostra
1700 1366 1772 1401 sive
1789 1377 1834 1401 ex
1851 1366 2050 1410 aliquorum
2067 1367 2402 1411 gloriosissimorum

1322 1412 1479 1447 iudicum
1504 1422 1615 1446 causa
1638 1412 1770 1446 tradita
1795 1412 1842 1447 sit
1873 1412 1982 1446 alicui
2007 1423 2080 1447 non
2105 1411 2294 1456 spectabili
2319 1421 2402 1446 con-

171 1456 250 1501 δίκη
282 1456 513 1504 παραδοθείη
543 1461 633 1499 τινί,
664 1457 714 1511 μὴ
746 1456 976 1510 περιβλέπτῳ
1006 1460 1131 1501 μέντοι
1160 1458 1250 1491 καθ·
1266 1460 1306 1493 25
1322 1458 1481 1502 sistenti,
1517 1461 1666 1502 propter
1701 1458 1857 1492 rationes
1895 1467 1983 1502 quas
2022 1458 2066 1492 de
2101 1456 2402 1501 appellationibus

171 1504 320 1545 εστᾱίτι,
355 1501 413 1537 διὰ
439 1503 520 1537 τοὺς
545 1501 731 1548 λογισμους
755 1500 813 1537 οὓς
845 1501 890 1545 δὴ
912 1503 956 1550 τῇ
983 1506 1064 1550 περὶ
1098 1505 1174 1537 τῶν
1199 1504 1251 1536 ἐκ·

170 1546 312 1591 κλὴτων
336 1550 483 1595 ἔναγχος
506 1548 657 1595 τεθείσῃ
682 1547 962 1602 προεγράψαμεν
985 1546 1155 1588 διατάξει.
1192 1551 1250 1582 καὶ

170 1596 272 1628 ἔσται
296 1597 356 1627 καὶ
382 1593 472 1627 κατὰ
496 1595 602 1627 τοῦτο
624 1594 761 1638 σεμνός,
787 1591 842 1627 ὅτι
867 1596 926 1626 καὶ
951 1594 1057 1627 θεῖον
1081 1591 1251 1640 ἀκροατή-

170 1652 248 1692 ριον
272 1638 342 1679 ἕξει
373 1642 433 1673 καὶ
457 1639 627 1681 ἐπιθήσει
658 1641 703 1682 τῆ
737 1637 815 1686 δίκῃ
842 1641 951 1694 πέρας
983 1637 1046 1672 οὐκ
1076 1641 1130 1673 ἔτι
1161 1638 1251 1672 κατὰ

1322 1513 1437 1548 nuper
1468 1503 1608 1547 positae
1642 1503 1918 1547 conscripsimus
1954 1502 2212 1537 constitutioni.
2261 1502 2310 1535 Et
2336 1502 2404 1539 erit

1322 1549 1429 1583 etiam
1452 1548 1646 1583 secundum
1666 1549 1734 1583 hoc
1755 1549 1952 1583 honoratus
1972 1548 2067 1592 quod
2086 1551 2122 1583 et
2141 1558 2282 1583 sacrum
2302 1547 2401 1581 audi-

1322 1594 1453 1629 torium
1476 1594 1623 1629 habebit
1656 1598 1691 1628 et
1713 1594 1865 1638 imponit
1887 1593 2021 1628 iudicio
2047 1593 2152 1628 finem
2178 1603 2251 1628 non
2276 1602 2403 1627 secun-

1323 1639 1406 1674 dum
1431 1639 1679 1684 antiquitatem
1709 1639 1767 1674 hic
1792 1639 1986 1683 dirigendo,
2019 1649 2064 1674 ne
2087 1640 2234 1683 propter
2259 1638 2403 1681 exiguas

170 1697 212 1718 το
242 1683 400 1719 παλαιὸν
431 1684 608 1718 ἐνταυθοῖ
638 1676 872 1731 στελλομένῃ,
909 1696 1008 1738 ongo-c
1038 1680 1083 1718 ἂν
1113 1683 1162 1728 μὴ
1193 1683 1250 1718 διὰ
1265 1687 1306 1719 30
1322 1685 1484 1729 querelas
1522 1685 1731 1719 damnorum
1770 1685 2008 1719 maximorum
2043 1684 2132 1719 haec
2173 1694 2230 1718 res
2271 1683 2404 1718 nostris

170 1729 295 1774 μικρὰς
327 1728 519 1777 προφάσεις
550 1731 688 1774 ζημιῶν
723 1727 891 1776 μεγάλων
927 1742 968 1763 το
1000 1731 1149 1776 πρᾶγμα
1179 1732 1252 1763 τοῖς

171 1772 350 1820 ἡμετέροις
369 1771 538 1818 ὑπηκόοις
558 1772 718 1822 ἀφορμὰς
737 1778 939 1831 παρέχοιτο.
994 1777 1112 1808 Ταῦτα
1133 1773 1173 1808 δὲ
1191 1778 1251 1808 καὶ

171 1817 266 1864 ἡμεῖς
301 1817 401 1863 αὐτῷ
436 1818 632 1865 ποιήσομεν
670 1833 818 1865 φανερά.
867 1817 1151 1855 διεσπούδασται
1184 1819 1251 1867 γὰρ

170 1866 223 1909 τῷ
243 1862 404 1920 ἡμετέρῳ7
427 1864 549 1920 κράτει
572 1864 621 1909 μὴ
640 1865 754 1910 μόνον
774 1862 893 1899 αὐτοῖς
916 1869 1085 1911 παρέχειν
1101 1864 1147 1899 τὰ
1166 1863 1249 1908 σύμ-

1321 1730 1491 1765 subiectis
1518 1730 1743 1765 occasionem
1767 1733 1936 1774 praestet.
1986 1729 2085 1764 Haec
2120 1732 2241 1764 autem
2273 1732 2309 1763 et
2338 1739 2403 1763 nos

1321 1775 1354 1810 ei
1373 1775 1545 1810 faciemus
1564 1775 1765 1811 manifesta.
1815 1775 1977 1810 Studium
2004 1784 2157 1819 namque
2173 1778 2319 1810 nostrae
2338 1784 2403 1817 po-

1319 1821 1453 1856 tentiae
1486 1824 1542 1855 est
1565 1831 1638 1855 non
1663 1821 1778 1856 solum
1808 1821 1859 1856 eis
1889 1821 2064 1865 praebere
2096 1821 2196 1863 signa
2218 1820 2404 1863 magistra-

1320 1870 1421 1900 tuum
1447 1876 1490 1901 ex
1516 1866 1706 1910 appellatis
1733 1865 1919 1908 codicillis,
1948 1865 2008 1910 qui
2033 1866 2288 1910 spectabilibus
2313 1864 2404 1898 iudi-

171 1909 262 1954 βολα
286 1923 364 1944 των
385 1923 573 1957 αρχοντων
597 1912 635 1943 ἐκ
658 1912 736 1944 τῶν
757 1909 989 1955 καλουμένων
1013 1908 1249 1951 κωδικίλλων,
1265 1914 1305 1946 35
1321 1912 1423 1946 cibus
1455 1911 1674 1953 tribuuntur,
1712 1912 1774 1946 sed
1811 1911 1917 1946 etiam
1950 1921 1995 1945 ex
2025 1911 2268 1955 imperialibus
2301 1919 2403 1954 prae-

172 1953 279 1989 ὁποῖα
310 1958 382 1990 τοῖς
417 1954 682 2000 σπεκταβιλίοις
711 1954 879 2001 ἄρχουσιν
904 1954 1126 1997 ἐπιδίδοται,
1162 1953 1250 1990 ἀλλὰ

172 2003 231 2034 καὶ
262 2002 300 2034 ἐκ
323 2002 400 2035 τῶν
424 2000 626 2045 βασιλικῶν
657 1998 979 2047 παραγγελμάτων,
1012 1998 1106 2048 ἅπερ
1137 2015 1248 2045 μαν-

173 2044 287 2080 δάτα
311 2050 550 2093 πρινκίπις
574 2046 609 2080 οἱ
632 2046 760 2092 πρώην
780 2045 928 2080 ἐκάλουν
951 2045 1107 2091 βασιλεῖς
1131 2060 1170 2080 τε
1190 2049 1249 2080 καὶ

171 2091 390 2146 νομοθέταιὶ
416 2089 508 2138 ἅπερ
537 2090 740 2138 γράψαντες
769 2089 865 2135 ἡμεῖς
896 2090 1126 2134 ἀποτεθῆναι
1158 2094 1250 2125 κατὰ

1321 1957 1451 2002 ceptis,
1496 1966 1586 2000 quae
1628 1957 1797 1992 mandata
1837 1956 2010 2001 principis
2057 1955 2189 1991 dudum
2228 1955 2406 1990 vocabant

1320 2003 1552 2046 imperatores
1590 2005 1698 2047 atque
1729 2002 1963 2045 legislatoreS,
1999 2011 2091 2045 quae
2116 2001 2313 2036 scribentes
2338 2010 2405 2034 nos

1320 2047 1466 2083 recondi
1486 2047 1524 2081 in
1546 2057 1688 2082 sacrum
1705 2051 1866 2083 nostrum
1886 2046 2099 2082 laterculum
2117 2046 2294 2088 iussimus,
2318 2055 2404 2090 qua-

1320 2096 1424 2128 tenus
1449 2092 1531 2127 inde
1553 2102 1692 2137 semper
1714 2093 1843 2128 dentur
1858 2091 2211 2127 administratoribus
2234 2101 2306 2126 una
2325 2101 2405 2125 cum

170 2135 213 2170 τὸ
237 2136 342 2171 θεῖον
371 2138 475 2181 ημῶν
499 2135 735 2182 λατερκουλον
769 2136 1119 2183 παρεκελευσάμεθα,
1151 2133 1251 2172 ὅπως
1264 2141 1306 2173 40
1322 2138 1505 2181 codicillis,
1532 2141 1566 2172 et
1585 2138 1741 2173 codicilli
1760 2138 1901 2182 quidem
1923 2138 1974 2172 eis
1996 2138 2193 2182 praebeant
2213 2135 2403 2181 cingulum,

171 2179 217 2215 ἂν
241 2182 383 2216 ἐκεῖθεν
413 2179 468 2215 ἀεὶ
501 2180 659 2216 διδοῖντο
688 2184 766 2216 ταῖς
790 2179 912 2226 ἀρχαῖς
943 2179 1017 2226 ἅμα
1049 2185 1120 2216 τοῖς
1144 2181 1249 2215 κωδι-

171 2226 316 2268 κίλλοις,
348 2230 409 2260 καὶ
432 2227 468 2260 οἱ
496 2229 563 2271 μὲν
587 2227 705 2260 αὐτοῖς
736 2224 871 2260 διδοῖεν
900 2226 968 2269 τὴν
993 2225 1115 2272 ἀρχήν,
1139 2227 1183 2260 τοὶ
1215 2225 1254 2260 δὲ

173 2318 268 2351 Nam
298 2317 360 2362 qui
382 2316 592 2362 provincias
616 2315 905 2349 administraturi
934 2318 1034 2356 sunt,
1069 2315 1159 2350 tales
1187 2321 1295 2351 erunt
1326 2317 1452 2362 quales
1484 2327 1551 2351 nos
1575 2317 1725 2351 idoneos
1755 2327 1832 2351 esse
1854 2317 2088 2363 maqistratui
2109 2316 2405 2351 iudicaverimus:

173 2362 185 2395 i
212 2372 290 2396 sum
314 2371 399 2395 vero
423 2361 676 2405 maqistratum
700 2359 796 2394 inter
820 2358 1033 2405 spectabiles
1056 2361 1241 2395 numerari
1256 2372 1335 2407 par
1358 2365 1423 2402 est,
1448 2361 1575 2406 quales
1593 2366 1680 2396 sunt
1695 2361 1940 2407 proconsules
1963 2364 2000 2396 et
2022 2361 2169 2396 comites
2194 2360 2350 2397 Orientis
2370 2365 2406 2396 et

173 2373 209 2442 ζ
258 2405 422 2440 Galatiae
446 2410 482 2440 et
504 2404 700 2451 Pliryqiae.
794 2403 925 2449 Itaque
949 2404 1056 2439 etiam
1082 2415 1213 2439 causas
1236 2405 1360 2440 audiet
1390 2406 1427 2440 in
1447 2406 1640 2451 provincia
1663 2416 1732 2440 sua
1763 2409 1798 2441 et
1817 2405 2053 2453 pecuniarias
2083 2410 2120 2442 et
2142 2406 2347 2441 criminales
2370 2410 2407 2442 et

175 2462 267 2497 quae
290 2450 334 2486 de
358 2450 520 2485 libertate
543 2454 639 2490 sunt,
672 2448 970 2495 quemadmodum
1003 2449 1167 2484 omnibus
1197 2450 1280 2485 licet
1302 2450 1585 2496 maqistratibus.
1642 2452 1759 2496 Atque
1784 2451 2050 2497 appellationes
2077 2462 2172 2503 quae
2196 2457 2325 2486 contra
2348 2462 2403 2486 re-

173 2506 309 2542 sponsa
333 2496 409 2530 eius
433 2496 719 2541 interponentur,
743 2494 937 2529 secundum
958 2505 1092 2529 morem
1116 2495 1178 2540 qui
1199 2495 1285 2530 olim
1308 2496 1346 2529 in
1370 2495 1628 2542 spectabilibus
1650 2496 1926 2542 maqistratibus
1946 2495 2110 2538 obtinuit,
2134 2495 2194 2531 liic
2217 2496 2403 2531 examina-

175 2541 264 2576 bunt
285 2545 321 2576 et
343 2540 596 2587 qloriosissimi
626 2550 732 2575 sacro
762 2542 888 2574 nostro
912 2539 1106 2585 praetorio
1132 2540 1322 2586 praefecti
1353 2545 1390 2576 et
1419 2541 1706 2587 qloriose'ssimus
1730 2545 1902 2587 quaestor
1927 2541 1979 2583 (id
2001 2541 2101 2587 quod
2121 2541 2206 2576 olim
2231 2541 2403 2576 traditum

174 2590 251 2628 est),
276 2586 448 2631 quoniam
465 2585 538 2620 iam
557 2585 694 2620 rationi
714 2584 811 2620 civili
831 2586 947 2630 maqis
964 2585 1257 2620 accommodatus
1280 2590 1334 2621 est
1353 2586 1589 2632 maqistratus
1611 2585 1749 2631 leqibus
1768 2589 1999 2633 temperatus,
2021 2597 2115 2632 quas
2135 2585 2277 2632 quidem
2297 2586 2404 2621 etiam

173 2631 264 2678 ipsis
287 2630 399 2665 armis
421 2631 603 2676 imperare
626 2630 800 2665 volumus.

308 2676 367 2712 VI.
427 2675 630 2711 Secundum
656 2675 768 2721 leqem
793 2679 912 2710 autem
935 2686 1053 2721 nuper
1076 2687 1099 2709 a
1123 2676 1225 2710 nobis
1250 2676 1378 2718 latam,
1410 2676 1442 2710 si
1466 2687 1560 2722 quae
1583 2687 1695 2711 causa
1726 2677 1764 2710 in
1784 2676 1979 2721 provincia
2004 2676 2081 2711 eius
2103 2686 2276 2710 summam
2300 2676 2403 2722 quin-

173 2724 363 2768 qentorum
393 2720 595 2756 solidorum
626 2731 700 2755 non
731 2720 902 2761 excedat,
930 2730 1047 2766 porro
1072 2731 1095 2755 a
1118 2720 1237 2756 iudice
1267 2721 1482 2767 appelletur.
1515 2720 1609 2756 lianc
1638 2732 1711 2756 non
1743 2721 1807 2766 qui
1830 2720 2056 2756 Pacatianae
2080 2720 2268 2767 Phryqiae
2297 2732 2403 2768 prae-

174 2771 239 2810 est,
267 2767 363 2802 sicut
379 2767 489 2812 prius
512 2766 684 2808 diximus,
714 2765 778 2801 sed
800 2766 878 2811 ipse
902 2765 1036 2806 audiet,
1067 2766 1141 2801 sive
1171 2766 1228 2801 cui
1260 2777 1311 2801 ex
1340 2770 1465 2801 nostra
1492 2766 1567 2801 sive
1597 2777 1647 2802 ex
1676 2765 2023 2812 qloriosissimorum
2053 2769 2263 2801 nostrorum
2289 2767 2403 2812 maqi-

174 2816 351 2847 stratuum
376 2811 528 2847 alicuius
552 2811 780 2856 deleqatione
804 2821 916 2845 causa
941 2811 1131 2845 commissa
1151 2811 1212 2853 sit,
1237 2811 1342 2846 modo
1368 2822 1412 2846 ne
1435 2811 1643 2857 spectabilis
1665 2811 1724 2853 sit,
1742 2815 1903 2857 propter
1926 2811 2088 2846 rationes
2111 2822 2204 2857 quas
2227 2822 2343 2857 nuper
2365 2812 2404 2845 in

176 2857 431 2892 constitutione
454 2856 498 2892 de
521 2855 828 2903 appellationibus
853 2856 930 2890 lata
953 2856 1241 2902 perscripsimus.
1291 2855 1446 2901 Eritque
1469 2867 1513 2891 ea
1538 2866 1683 2902 quoque
1705 2867 1747 2891 re
1770 2856 1934 2898 illustris,
1960 2855 2060 2902 quod
2078 2860 2114 2892 et
2136 2867 2281 2891 sacrum
2302 2856 2404 2891 audi-

176 2903 307 2938 torium
336 2901 527 2937 habiturus
557 2905 594 2937 et
620 2902 730 2947 finem
760 2902 995 2947 impositurus
1026 2905 1080 2936 est
1110 2901 1168 2936 liti
1194 2912 1268 2936 non
1300 2902 1456 2947 amplius
1486 2905 1526 2935 ut
1556 2901 1641 2936 olim
1673 2900 1743 2936 buc
1774 2901 1978 2944 mittendae,
2010 2912 2055 2936 ne
2083 2912 2142 2936 res
2172 2901 2216 2936 ob
2248 2902 2405 2947 eoeiquas

175 2958 305 2983 causas
336 2947 550 2982 damnorum
581 2957 795 2993 maqnorum
829 2946 972 2991 copiam
1004 2945 1158 2981 subditis
1187 2946 1324 2981 nostris
1350 2945 1538 2992 praebeat.
1608 2946 1713 2981 Haec
1737 2949 1855 2981 autem
1885 2957 1952 2981 nos
1976 2957 2121 2992 quoque
2152 2947 2185 2981 ei
2209 2947 2404 2991 manifesta

173 2993 360 3038 faciemus.
412 2991 526 3027 Curae
546 2991 639 3027 enim
657 2992 734 3036 fuit
744 2992 935 3036 potentiae
955 2995 1102 3026 nostrae
1119 3002 1193 3026 non
1208 2991 1324 3026 solum
1342 2992 1620 3036 maqistratuum
1640 2991 1800 3036 insiqnia
1824 3002 1874 3026 ea·
1896 2992 2071 3027 codicillis
2091 2991 2154 3037 qui
2171 2991 2340 3026 dicuntur
2359 2992 2405 3026 iis

170 3037 359 3083 praebere,
390 3037 514 3088 qualia
537 3035 792 3082 spectabilibus
816 3035 1089 3081 maqistratibus
1113 3037 1330 3078 tribuuntur,
1362 3037 1426 3071 sed
1449 3037 1555 3071 etiam
1579 3047 1629 3071 eoe
1652 3035 1901 3082 imperialibus
1925 3036 2156 3078 iussionibus,
2185 3047 2280 3082 quae
2302 3047 2401 3071 man-

176 3082 264 3116 data
281 3081 465 3133 principis
487 3085 621 3118 veteres
644 3081 884 3126 imperatores
907 3084 941 3115 et
966 3081 1194 3126 leqislatores
1216 3086 1409 3123 vocarunt,
1441 3092 1534 3127 quae
1557 3091 1625 3116 nos
1641 3081 1856 3127 perscripta
1881 3082 1920 3116 in
1942 3092 2050 3117 sacro
2074 3085 2201 3117 nostro
2227 3081 2403 3116 laterculo

175 3127 306 3173 reponi
328 3126 507 3168 iusstmus,
537 3131 579 3161 ut
609 3126 693 3161 inde
723 3137 863 3172 semper
895 3137 968 3160 una
992 3136 1071 3160 cum
1096 3126 1274 3162 codicillis
1303 3126 1576 3172 maqistratibus
1601 3125 1741 3168 dentur,
1775 3129 1884 3172 atque
1915 3126 1955 3162 hi
1979 3126 2122 3172 quidem
2152 3126 2403 3172 maqistratum

222 3220 241 3252 2
267 3218 343 3250 ἐστὶ
368 3217 404 3250 Β
423 3216 434 3260 ΙΙ
457 3220 476 3251 3
502 3217 729 3262 ἐκκρίναιμεν
755 3218 789 3249 Β
806 3216 818 3260 ΙΙ
838 3214 925 3258 αὐτῆ
949 3217 997 3249 L¹
1023 3213 1148 3249 az'rroi‘?
1177 3217 1221 3249 ΕΞ
1243 3216 1254 3262 ΙΙ

177 3267 197 3297 4
222 3260 292 3341 ⁸⁷³}
302 3260 371 3340 διὰ]
381 3262 557 3348 &fia-2⁵22&
578 3262 656 3340 ξω.)
671 3261 915 3351 θιῳὲἶεῖῗπί”’
929 3273 962 3339 οἷ
978 3262 1062 3339 ”iiii
1075 3258 1254 3350 ἧῗεῖξζῖῗὲ

177 3319 294 3407 Ξὲχῆς]
315 3307 620 3385 ”administrationis
644 3353 744 3384 huius
769 3364 787 3388 ς
804 3351 816 3395 ΙΙ
843 3319 1148 3403 ἱὸράναμιχιῖἐντι
1173 3320 1238 3385 LII

178 3400 388 3496 ἒῖεζὲἕῖἴέι
410 3411 484 3496 ’ἷέ
503 3398 902 3517 fixffit'ug'r,a3}xv13‹s4]jsil
930 3396 1252 3495 ἓῖιῖαᾎάῖἶῖρΒΜ]

180 3488 369 3579 ἷῖζῖἷαῗεῗ
388 3488 829 3575 Ιέἶῗὲῗεῖἒνηῗὲηκνῖἳῗνε.
845 3534 864 3565 2
895 3486 1187 3575 1³1⁷{5'1ae252'ss‘ffffl
1203 3488 1257 3576 ξΒῙι

181 3580 224 3613 26
249 3575 293 3621 δὴ
317 3592 375 3612 om.
390 3579 427 3612 B
446 3579 457 3620 ΙΙ
474 3580 514 3612 27
541 3574 712 3618 διατάξει]
738 3580 779 3620 cf
794 3578 879 3610 adv.
897 3577 937 3611 18
958 3575 969 3620 ΙΙ
986 3578 1027 3610 28
1054 3579 1113 3610 καὶ
1136 3576 1253 3618 θεῖον]

181 3625 240 3655 καὶ
265 3637 322 3658 om.
345 3624 376 3657 L
404 3623 416 3667 ΙΙ
447 3625 488 3657 32
514 3626 662 3668 παρέχοι
687 3623 778 3655 malit
800 3622 989 3655 Zachariae
1017 3621 1029 3666 ΙΙ
1060 3624 1102 3657 36
1127 3634 1254 3656 πεκτα-

181 3666 308 3710 βιλίοις
331 3669 403 3702 ML
427 3667 679 3715 περιβλέπτοις
703 3668 735 3700 Β
757 3667 768 3710 ΙΙ
796 3668 836 3700 37
859 3663 1028 3710 μανδάτα
1052 3670 1257 3713 πρινκίποις

184 3713 230 3746 Μ
254 3710 456 3760 ἀποκρίσεις
484 3710 691 3761 ἀρχοντικὰς
718 3713 785 3745 LB
812 3711 825 3756 {l
854 3714 896 3747 40
930 3709 1176 3758 λατέρκουλον]
1209 3712 1257 3746 οἰ-

253 3768 304 3796 ῙΠ.

1322 3215 1464 3250 κειακὸν
1481 3218 1515 3249 Β
1533 3217 1545 3260 ΙΙ
1563 3214 1892 3263 παρεκαλεσάμεθα
1917 3218 1965 3250 L¹
1981 3217 1992 3260 ΙΙ
2011 3219 2054 3251 42
2081 3215 2209 3257 αὐτοῖς]
2236 3213 2349 3258 αὐτὴν
2372 3218 2404 3250 L

1371 3311 1386 3341 1
1413 3307 1691 3339 administratoris
1712 3308 1757 3348 V]
1793 3307 2091 3340 administrationis
2114 3308 2146 3340 T
2161 3307 2171 3350 ΙΙ
2195 3307 2404 3340 administra-

1323 3353 1404 3385 toris
1429 3353 1517 3385 enim
1542 3354 1605 3384 erit
1629 3352 1705 3384 talis
1729 3354 1805 3385 libri
1833 3352 1844 3393 Η
1873 3354 1892 3386 3
1916 3352 1994 3384 inde
2019 3352 2204 3385 cauerimus
2230 3353 2265 3386 V
2287 3352 2299 3396 ΙΙ
2329 3356 2347 3386 5
2372 3355 2405 3387 et

1325 3397 1486 3437 Galatiae]
1509 3408 1547 3429 ex
1560 3397 1683 3438 galatie
1706 3397 1785 3430 Vol.
1804 3396 1816 3441 ΙΙ
1841 3397 1941 3439 frigie
1956 3399 2033 3431 libri
2046 3398 2058 3440 ΙΙ
2078 3400 2095 3430 7
2116 3398 2274 3440 pecunias
2294 3398 2371 3431 Val.
2391 3397 2405 3442 ΙΙ

1324 3445 1344 3476 9
1376 3444 1585 3484 magistratos
1616 3442 1651 3476 V
1670 3442 1682 3485 ΙΙ
1716 3444 1755 3475 12
1788 3443 2095 3484 praeteritoriorum
2129 3443 2162 3476 V
2186 3442 2198 3486 ΙΙ
2230 3444 2269 3477 13
2304 3453 2404 3485 quae-

1325 3490 1450 3520 storum
1482 3488 1516 3521 V
1536 3487 1547 3530 l}
1580 3488 1618 3520 21
1649 3488 1824 3529 pacatione
1849 3487 2055 3529 (paccatione
2081 3488 2129 3526 T)
2157 3487 2255 3529 frigie
2281 3489 2357 3522 libri
2393 3490 2406 3531 ΙΙ

1326 3535 1370 3566 24
1393 3532 1520 3564 *causa
1542 3532 1678 3573 tradita]
1709 3533 1899 3565 contradita
1930 3533 1964 3566 V
1988 3535 2021 3565 et
2051 3533 2174 3565 tradita
2201 3534 2257 3577 ΤΙΙ
2275 3535 2315 3567 27
2341 3534 2404 3566 hoc

1328 3579 1375 3618 T]
1400 3578 1463 3610 hoc
1488 3577 1576 3619 quod
1604 3577 1658 3621 Vn
1685 3578 1785 3619 quod]
1810 3587 1876 3618 quo
1904 3577 1987 3612 Val.
2006 3576 2018 3622 ΙΙ
2043 3579 2085 3612 28
2110 3578 2259 3621 imponet
2282 3579 2367 3623 vuly.
2394 3581 2405 3618 ΙΙ

1326 3624 1368 3656 29
1393 3623 1459 3663 hic]
1492 3622 1572 3654 hinc
1599 3623 1668 3663 VT,
1700 3623 1766 3654 huc
1790 3623 1874 3664 vulq.
1902 3623 1914 3665 ΙΙ
1946 3623 1988 3656 36
2012 3623 2174 3656 vocabant
2206 3637 2263 3658 om.
2285 3624 2368 3658 Val.
2392 3623 2405 3666 ΙΙ

1327 3669 1368 3701 37
1393 3667 1574 3700 scribentes
1596 3668 1695 3712 vul9.]
1720 3667 1887 3700 scribendi
1912 3668 1990 3702 libri

2092 3771 2134 3804 26
