2586 3990
183 190 290 229 QUIA
320 191 469 231 NEQUE
497 189 812 223 PROMISERUNT

184 290 351 337 φανεράς,
370 290 439 324 τὸν
455 288 568 324 αὐτὸν
585 286 701 334 νόμον
717 290 950 334 βεβαιοῦντες
966 288 1164 335 κελεύομεν,
1186 290 1269 324 τοὺς

184 334 440 382 περιβλέπτους
464 334 758 383 ῥεφερενδαρίους
790 337 850 370 ἐπὶ
881 339 959 370 ταῖς
984 337 1114 370 αἰτίαις
1139 334 1192 370 αἶς
1216 333 1267 369 δι-

184 379 377 415 δάσκουσιν
408 379 486 423 ἤτοι
511 377 730 426 ἀναφέρουσι
754 381 844 426 πρὸς
867 381 936 424 τὴν
959 378 1136 427 ἡμετέραν
1158 379 1266 427 γαλη-

183 427 321 469 νότητα
342 423 522 470 μηδεμίαν
546 428 639 469 ἔχειν
664 424 791 460 ἄδειαν
817 423 838 469 ἢ
859 423 988 461 αὐτοὺς
1007 423 1029 469 ἢ
1045 426 1129 461 τοὺς
1145 422 1268 460 αὐτῶν

183 470 344 515 βοηθοὺς
368 467 420 504 δι’
439 471 581 505 ἑαυτῶν
597 471 620 515 ἢ
637 469 684 505 δι’
705 470 813 505 ἄλλου
838 469 1052 514 οἱουδήποτε
1076 472 1266 517 προςιόπου

183 518 327 570 κρατεῖν
356 529 440 550 τινα
471 514 494 559 ἢ
525 513 596 552 ὑπὸ
624 515 754 572 ἐγγύἋην
786 515 957 571 ποιεῖνιῆ
981 531 1017 551 τι
1042 516 1267 573 εἰςπροίττειν

182 604 286 640 ἰδίων
318 603 517 641 ἀντιδίκων
548 608 747 650 τίθεσθαι,
789 621 810 650 η
840 604 1046 650 οἱῳδήποτε
1076 605 1202 651 τρόπῳ
1228 609 1268 641 ἐν

182 650 385 695 οἱῳδήποτε
409 652 592 707 πράγματι
625 653 769 687 ἑαυτοὺς
793 651 1020 708 ἐμμιγνύναιζ
1066 650 1172 687 οὐδὲν
1200 652 1267 698 γὰρ

1250 173 1332 222 629

183 576 203 604 η
237 558 451 608 ἀναγκάζειν
483 560 661 596 διαλύσεις
692 577 713 605 η
747 562 927 617 σύμφωνα
959 575 1043 596 τινα
1073 576 1164 607 μετα
1189 564 1272 596 τῶν,

1963 179 2003 223 Ν
2004 192 2070 224 ov.
2087 179 2266 224 CXXIV
2297 182 2321 221 4
2354 193 2419 235 ep.

1337 290 1428 334 petit
1450 289 1569 326 facere
1586 290 1804 331 manifestas,
1830 290 1971 326 easdem
1995 291 2088 336 leges
2113 290 2297 327 firmantes
2321 291 2421 327 iube-

1336 345 1415 370 mus
1440 336 1652 380 spectabiles
1677 336 1936 371 referendarios
1969 336 2006 371 in
2030 337 2147 372 causis
2179 347 2268 382 quas
2293 337 2424 374 docent

1337 390 1402 415 seu
1424 381 1585 415 referunt
1617 381 1663 416 ad
1687 384 1848 417 nostram
1877 382 2169 427 tranquillitatem
2200 383 2334 418 nullam
2358 384 2422 418 ha-

1336 426 1421 461 bere
1445 426 1642 470 licentiam,
1667 436 1727 462 eos
1753 430 1816 461 aut
1839 426 2019 463 adiutores
2045 437 2183 471 eorum,
2217 429 2271 463 vel
2296 439 2360 473 per
2384 438 2423 464 se

1303 473 1322 504 5
1338 471 1391 506 vel
1415 481 1479 516 per
1500 472 1606 506 aliam
1627 482 1886 517 quamcumque
1909 483 2100 517 personam
2124 476 2245 508 tenere
2267 474 2422 518 aliquem

1337 518 1400 551 aut
1428 517 1495 553 sub
1521 517 1749 553 fideiussores
1777 518 1896 553 facere
1929 522 1992 553 aut
2021 518 2154 563 aliquid
2179 519 2330 563 exigere,
2361 523 2423 554 aut

1338 572 1463 605 cogere
1495 562 1756 598 transactiones
1792 565 1856 598 aut
1887 566 1996 607 pacta
2028 563 2203 608 quaedam
2236 575 2315 599 cum
2347 566 2422 600 suis

1338 608 1550 643 adversariis
1574 617 1762 652 exponere,
1792 610 1855 642 aut
1878 609 2037 653 quolibet
2061 609 2165 644 modo
2189 609 2226 644 in
2251 620 2421 654 quacum-

1338 663 1404 697 que
1437 663 1547 688 causa
1578 662 1616 688 se
1647 653 1870 698 permiscere.
1919 654 2016 688 Nihil
2049 654 2142 688 enim
2175 655 2272 689 aliud
2303 655 2423 691 facere

182 696 269 731 ἄλλο
305 700 423 732 ποιεῖν
460 699 586 732 amobe
619 710 943 751 evyxwpovaa
974 712 1023 741 μη
1059 699 1175 741 μόνον
1206 697 1397 732 τὰς10003
1423 698 1648 733 concedimus
1678 698 1747 733 nisi
1779 699 1874 734 solas
1906 702 2048 734 nostras
2072 699 2250 735 iussiones
2273 701 2310 735 in
2335 711 2421 745 quo-

182 740 352 787 ἡμετέρας
375 741 547 777 κελεύσεις
571 740 631 789 ἐφ’
659 742 854 786 οἱᾳδήποτε
879 743 1056 776 υποθέσει
1082 741 1267 789 ἐγγράφως

181 786 204 829 ἢ
229 785 401 833 ἀγράφως
425 792 693 834 προφερομένας
717 792 788 823 τοῖς
813 785 995 833 ἁρμοδίοις
1023 786 1045 830 ἢ
1069 792 1141 822 τοῖς
1166 785 1262 833 ἀφω-

181 836 359 877 ρισμένοις
384 831 567 868 δικασταῖς
592 835 811 880 ἐμφανίζειν.
860 834 890 867 εἰ
916 831 957 867 δέ
978 846 1013 867 τι
1034 834 1087 875 τῷ
1109 833 1267 878 παρόντι

181 877 285 932 νόμῳ
308 879 476 913 ἐναντίον
497 891 549 913 τις
570 880 608 920 ἐξ
620 876 753 932 ,αὐτῶν
768 877 955 933 τολμῂσειε
977 876 1266 922 διαπράξασθαι,

1337 753 1487 788 cumque
1516 743 1658 787 negotio
1690 746 1753 777 aut
1785 753 1831 778 ex
1861 744 1994 788 scripto
2027 746 2090 779 aut
2114 754 2157 778 ex
2191 755 2262 779 non
2287 747 2422 790 scripto

1335 789 1494 832 prolatas
1519 789 1800 833 competentibus
1830 792 1893 823 aut
1917 789 2099 833 deputatis
2124 790 2307 825 insinuare
2329 791 2422 825 iudi-

1337 834 1449 869 cibus.
1499 834 1535 868 Si
1560 834 1644 878 quid
1668 837 1787 868 autem
1813 834 1992 878 praesenti
2022 834 2091 878 legi
2117 835 2333 870 contrarium
2358 836 2421 870 ali-

1337 879 1413 923 quis
1439 889 1560 914 eorum
1583 879 1863 923 praesumpserit
1887 889 2002 923 agere,
2028 880 2058 914 is
2077 880 2217 924 quidem
2242 881 2302 924 qui
2324 881 2422 915 dam-

181 937 201 956 ο
233 926 299 978 μὲν
332 926 464 978 ζημίαν
500 924 583 958 τινὰ
615 938 636 967 η
669 936 896 1003 περιχραφην
931 925 991 977 επὶ
1022 926 1095 957 τοῖς
1128 925 1267 957 οἰκείοις
1283 925 1322 957 15
1336 935 1421 959 num
1457 924 1600 968 aliquod
1642 928 1705 959 aut
1742 924 2075 959 circumventionem
2116 925 2153 959 in
2195 925 2270 960 suis
2313 927 2421 961 rebus

182 980 394 1014 πραγμασιν
426 981 702 1013 υπομεμενηκως
733 982 774 1003 ου
800 971 839 1003 ὲν
871 981 1054 1014 προκριμα
1081 967 1267 1003 παντελῶς

181 1017 262 1060 περὶ
287 1014 329 1048 τὸ
354 1012 449 1049 ἴδιον
474 1013 614 1049 δίκαιον
639 1012 900 1057 ὑποστήσεται,
935 1011 954 1047 ὁ
988 1012 1030 1047 δέ
1054 1026 1090 1047 τι
1124 1015 1266 1048 τοιοῦτο

181 1057 320 1102 πράξας
352 1061 390 1093 ἐκ
414 1061 476 1102 τῆς
500 1058 592 1094 ἰδίας
623 1063 828 1105 περιουσίας
857 1059 926 1102 τὴν
951 1061 1081 1112 ζημίαν
1106 1059 1182 1113 (τὴν
1212 1060 1264 1102 τῷ

180 1104 357 1157 βλαβέντι
393 1104 573 1151 προςιόπῳ
605 1105 867 1147 ἐπενεχθεῖσαν
902 1103 962 1138 διὰ
999 1117 1062 1138 του
1094 1102 1265 1149 αρμοδίου

1335 970 1540 1014 pertulerit,
1583 970 1720 1004 nullum
1755 970 2013 1014 praeiudicium
2055 971 2197 1015 penitus
2234 970 2331 1007 circa
2365 971 2422 1006 ius

1334 1015 1517 1059 proprium
1550 1015 1755 1058 sustinebit,
1789 1015 1848 1060 qui
1877 1025 1960 1051 vero
1992 1016 2064 1050 tale
2094 1016 2229 1060 aliquid
2260 1016 2344 1060 egit,
2378 1027 2422 1051 ex

1335 1070 1400 1095 sua
1417 1060 1620 1095 substantia
1645 1060 1811 1095 damnum
1835 1061 1955 1096 laesae
1977 1071 2153 1106 personae
2177 1061 2334 1096 delatum
2357 1072 2423 1106 per

1336 1107 1593 1149 competentem
1624 1106 1777 1141 iudicem
1808 1106 1998 1141 restituere
2030 1107 2265 1151 compellitur,
2299 1112 2334 1142 et
2362 1118 2422 1142 su-

181 1161 351 1194 αρχοντος
381 1147 699 1203 ἀναγκασθήσεται
731 1148 1050 1193 ἀποκαταστῆσαι,
1084 1153 1143 1184 καὶ
1175 1150 1265 1195 πρὸς
1280 1150 1321 1182 20
1336 1160 1399 1194 per
1422 1153 1511 1186 haee
1538 1151 1667 1195 cinguli
1692 1154 1727 1186 et
1751 1151 1932 1195 dignitatis
1965 1152 2155 1187 sustinebit
2182 1153 2421 1189 amissionem.

180 1195 320 1229 τούτοις
350 1196 419 1238 τὴν
445 1207 508 1239 της
532 1196 646 1238 ζώνης
677 1199 738 1229 καὶ
761 1192 863 1236 ἀξίας
895 1192 1084 1239 ἀποβολὴν
1107 1193 1264 1238 ὑποστή-

180 1251 292 1274 σεται.
347 1241 467 1275 Ταῦτα
491 1240 531 1275 δὲ
554 1241 677 1276 πάντα
701 1243 846 1287 κρατεῖν
870 1240 1056 1285 κελεύομεν
1078 1240 1127 1285 μὴ
1149 1239 1264 1284 μόνον

181 1287 221 1319 ἐν
252 1289 325 1320 τοῖς
353 1285 520 1330 με’λλουσι
551 1285 772 1333 πράγμασιν,
809 1283 900 1319 ἀλλὰ
931 1289 990 1319 καὶ
1023 1287 1062 1320 ἐν
1091 1289 1166 1320 τοῖς
1195 1284 1264 1329 ἤδη

181 1328 374 1376 ἄρχθεῖσιν
398 1331 501 1366 οὔπω
528 1330 566 1366 δὲ
590 1332 864 1376 περαιωθεῖσιν.

215 1418 222 1430 ι
240 1373 334 1420 (En
345 1375 523 1422 ίλογος.)
569 1374 614 1410 ‘H
630 1377 674 1420 σὴ
695 1381 820 1411 τοίνυν
841 1374 997 1421 ὑπεροχὴ
1013 1375 1081 1410 τὸν
1097 1375 1265 1432 παρᾷντα
1278 1377 1321 1409 25

180 1434 296 1465 νυμον
332 1422 379 1456 εἰς
414 1422 457 1456 τὸ
495 1420 650 1466 διηνεκὲς
685 1421 879 1464 ἰσχύσοντα
911 1420 1062 1456 ἰδίκτων
1097 1434 1188 1456 κατα
1222 1421 1264 1455 τὸ

180 1467 315 1501 εἰωθὸς
346 1468 387 1501 ἐν
418 1468 462 1514 τῇ
486 1466 648 1512 βασιλίδι
681 1466 784 1502 πόλει
815 1467 1097 1514 προτιθεμένων
1128 1467 1175 1500 εἰς
1197 1466 1265 1510 τὴν

180 1511 360 1546 ἁπάντων
391 1514 530 1559 γνῶσιν
554 1512 677 1547 ἐλθεῖν
701 1511 1026 1558 παρασκευασάτω,
1059 1509 1148 1546 ὦςτε
1172 1512 1263 1547 πάν-

178 1569 242 1592 τας
274 1559 415 1604 γνῶναι
449 1558 496 1592 τὰ
530 1557 622 1603 ὑπὲρ
657 1558 719 1602 τῆς
755 1555 876 1592 αὐτῶν
915 1558 1033 1602 κοινῆς
1067 1555 1267 1604 εὐεργεσίας

179 1600 270 1647 παρ’
296 1601 402 1646 ἡμῶν
426 1602 722 1639 διατυπωθέντα.

234 1648 318 1683 Dat.
345 1659 436 1683 xvn.
464 1650 498 1684 k.
525 1650 592 1684 Iul.
617 1649 717 1694 <imp.
744 1648 821 1692 dn.)
846 1649 1034 1684 Iustiniani
1058 1649 1134 1694 (pp.
1154 1649 1266 1693 Aug.)

178 1703 273 1729 anno
285 1694 418 1730 XVIII.
433 1705 490 1739 pc.
505 1694 628 1729 Basilii
644 1705 698 1730 vc.
714 1704 808 1729 anno
823 1695 886 1729 III.
903 1695 975 1730 ind.
986 1694 1065 1729 VII.
1125 1697 1170 1736 [a.
1187 1698 1263 1737 544]

1335 1195 1435 1230 Haec
1467 1199 1586 1231 autem
1620 1197 1738 1231 omnia
1768 1197 1930 1232 iubemus
1967 1208 2038 1232 non
2070 1198 2185 1232 solum
2220 1198 2258 1233 in
2288 1198 2423 1233 futuris

1336 1242 1466 1284 causis,
1492 1242 1553 1276 sed
1571 1241 1676 1276 etiam
1701 1242 1738 1276 in
1761 1242 1816 1277 his
1841 1253 1932 1286 quae
1955 1242 2026 1278 iam
2049 1242 2240 1279 incohatae
2264 1244 2423 1279 nondum

1335 1288 1453 1321 tamen
1479 1291 1563 1322 sunt
1588 1287 1798 1322 terminatae
1825 1288 1968 1323 servari.

1402 1377 1450 1421 <E
1461 1377 1675 1421 pilogus.>
1723 1377 1803 1412 Tua
1832 1378 1940 1421 igitur
1972 1379 2164 1414 eminentia
2198 1381 2423 1425 praesentem

1333 1422 1444 1466 legem
1468 1423 1505 1457 in
1529 1425 1741 1467 perpetuum
1765 1423 1952 1458 valituram
1980 1424 2106 1459 edictis
2131 1425 2362 1461 sollemnibus
2384 1426 2423 1461 in

1334 1469 1432 1511 regia
1463 1468 1605 1502 civitate
1636 1469 1831 1513 propositis
1863 1470 1908 1504 ad
1933 1471 2088 1504 omnium
2120 1471 2282 1506 notitiam
2304 1470 2423 1506 venire

1335 1517 1522 1558 procuret,
1560 1516 1599 1547 ut
1631 1523 1753 1549 omnes
1786 1518 1983 1558 agnoscant
2020 1525 2110 1560 quae
2147 1527 2212 1561 pro
2246 1516 2423 1552 communi

1334 1569 1457 1594 eorum
1482 1558 1652 1594 beneficio
1678 1569 1699 1594 a
1719 1559 1822 1595 nobis
1848 1559 2022 1605 disposita
2046 1564 2142 1596 sunt.

1394 1649 1478 1684 Dat.
1493 1661 1571 1684 XVI.
1591 1650 1662 1684 kal.
1681 1650 1757 1685 Ian.
1777 1650 1843 1685 GP.
1863 1650 1946 1695 imp.
1965 1650 2023 1686 dn.
2041 1650 2230 1686 Iustiniani
2250 1661 2310 1696 pp.
2327 1651 2421 1695 Aug.

1335 1705 1428 1730 anno
1445 1696 1542 1730 XIX.
1569 1706 1627 1739 pc.
1654 1695 1780 1730 Basilii
1804 1706 1856 1731 vc.
1882 1698 1994 1742 <anno
2018 1696 2100 1741 IV.)
2284 1700 2329 1739 [a.
2345 1700 2423 1740 545]

176 1829 393 1875 manifestas
421 1829 585 1874 faciant,
617 1829 766 1864 eandem
799 1828 912 1875 leqem
943 1828 1201 1872 confirmantes
1231 1829 1497 1875 praecipimus,
1529 1833 1571 1865 ut
1593 1830 1808 1876 spectabiles
1838 1829 2085 1876 referendarii
2117 1831 2155 1866 in
2179 1831 2301 1867 causis
2331 1843 2425 1879 quas

177 1875 306 1910 docent
330 1874 386 1909 vel
408 1874 576 1920 referunt
599 1873 649 1909 ad
671 1877 833 1909 nostram
856 1874 1085 1909 serenitatem
1109 1874 1246 1909 nullam
1270 1874 1428 1910 habeant
1441 1877 1675 1922 potestatem,
1699 1877 1773 1911 sive
1796 1876 1869 1922 ipsi
1892 1876 1966 1912 sive
1987 1887 2109 1911 eorum
2134 1876 2331 1920 adiutores,
2356 1889 2423 1924 per

176 1932 215 1955 se
246 1919 302 1955 vel
359 1930 399 1955 er
430 1919 539 1954 aliam
572 1919 683 1954 ullam
713 1930 909 1965 personam
939 1929 1153 1965 quemquam
1186 1920 1516 1967 comprehendendi
1550 1925 1613 1956 aut
1641 1921 1871 1966 fideiussioni
1899 1921 2100 1957 subiciendi
2135 1926 2200 1969 aut
2230 1922 2425 1969 quicquam

177 1966 310 2011 exiqen
337 1965 368 2006 i,
401 1970 463 1999 aut
495 1965 650 2010 coqendi
678 1965 943 2000 transactiones
974 1967 1038 2000 aut
1067 1965 1259 2011 pactiones
1289 1966 1384 2001 ullas
1416 1977 1495 2001 cum
1527 1966 1748 2002 adversariis
1778 1967 1854 2002 suis
1876 1967 2022 2013 facere,
2055 1971 2119 2003 aut
2148 1967 2223 2003 ullo
2256 1969 2362 2004 modo
2387 1971 2424 2004 in

177 2010 253 2045 ulla
278 2020 389 2045 causa
412 2021 489 2045 sese
511 2010 742 2045 immiscendi.
791 2010 916 2054 Neque
940 2010 1034 2044 enim
1058 2011 1251 2056 quicquam
1283 2011 1386 2046 aliud
1416 2022 1478 2047 eos
1506 2012 1635 2056 faeere
1658 2012 1914 2058 permittimus,
1948 2012 2019 2047 nisi
2047 2016 2089 2047 ut
2112 2015 2259 2048 nostras
2284 2017 2423 2050 tantum

178 2056 356 2090 iussiones
388 2055 424 2089 in
450 2065 675 2100 quacumque
707 2065 818 2089 causa
848 2056 886 2088 in
908 2055 983 2089 seri
1011 2056 1056 2089 tis
1087 2055 1142 2090 vei
1172 2056 1249 2090 sine
1272 2057 1420 2102 scriptis
1452 2057 1621 2103 prolatas
1653 2057 1936 2102 competentibus
1968 2057 2023 2093 vel
2045 2057 2222 2103 deieqatis
2245 2058 2423 2095 iudicibus

179 2100 371 2136 insinuent.
420 2098 555 2142 Quodsi
588 2099 677 2144 quid
707 2100 788 2144 quis
815 2110 865 2134 ex
896 2099 940 2134 iis
1001 2100 1059 2134 uic
1094 2099 1166 2146 Zeqi
1197 2102 1424 2135 eontrarium
1452 2112 1636 2147 peraqere
1672 2113 1782 2137 ausus
1812 2102 1877 2143 sit,
1914 2103 1945 2137 is
1977 2102 2119 2148 quidem
2155 2104 2221 2147 qui
2254 2103 2423 2140 damnum

179 2145 332 2191 aliquod
355 2144 410 2180 vel
433 2143 800 2190 circumscriptionem
824 2145 861 2179 in
877 2144 983 2178 rebus
1004 2144 1082 2179 suis
1101 2155 1237 2190 passus
1253 2149 1305 2180 est
1329 2146 1468 2180 nultum
1494 2148 1639 2182 omnino
1661 2147 1926 2193 praeiudicium
1952 2149 2050 2182 circa
2071 2148 2128 2182 ius
2143 2158 2246 2183 suum
2269 2151 2423 2186 sustine-

180 2192 246 2229 bit,
279 2191 344 2236 qui
366 2193 484 2225 autem
509 2189 682 2225 eiusmodi
706 2188 794 2234 quid
813 2189 906 2234 fecit
929 2200 979 2224 ex
1001 2189 1204 2225 substantia
1226 2200 1294 2225 sua
1319 2189 1488 2226 damnum
1511 2202 1698 2237 personae
1726 2192 1863 2227 iniuria
1888 2192 2043 2238 affectae
2067 2192 2206 2228 illatum
2231 2200 2304 2240 per
2327 2206 2422 2231 com-

176 2239 355 2282 petentem
387 2235 538 2270 iudicem
570 2236 749 2270 resarcire
778 2237 939 2280 coqetur,
971 2237 1007 2280 et
1030 2238 1226 2280 praeterea
1259 2235 1396 2280 einquli
1427 2236 1484 2271 vel
1512 2237 1699 2282 diqnitatis
1730 2237 1958 2272 amissionem
1984 2237 2127 2274 subibit.
2175 2238 2279 2274 Haec
2303 2245 2423 2277 autem

179 2282 300 2317 omnia
324 2291 397 2316 non
421 2280 537 2315 sotum
561 2280 599 2314 in
624 2280 744 2315 causis
765 2279 906 2325 futuris
929 2279 1048 2314 valere
1072 2279 1242 2322 iubemus,
1273 2280 1338 2315 sed
1360 2281 1467 2316 etiam
1490 2281 1529 2316 in
1553 2282 1598 2317 iis
1622 2293 1716 2327 quae
1740 2283 1812 2317 iam
1835 2282 2027 2319 incohatae
2058 2283 2219 2318 nondum
2243 2295 2327 2321 vero
2354 2290 2422 2323 ter-

179 2326 336 2362 minatae
358 2329 453 2360 sunt.

317 2370 352 2405 E
391 2370 556 2416 iioqus.
606 2368 684 2404 Tua
715 2369 829 2414 iqitur
863 2369 1066 2405 sublimitas
1100 2372 1143 2405 ut
1170 2381 1345 2416 praesens
1379 2371 1441 2407 lex
1476 2372 1513 2407 in
1546 2374 1763 2418 perpetuum
1795 2371 1954 2408 valitura
1986 2373 2036 2408 ad
2066 2374 2223 2408 omnium
2254 2375 2422 2411 notitiam

178 2417 300 2453 veniat
322 2428 341 2451 e
368 2415 447 2451 ictis
470 2425 568 2450 more
591 2414 699 2449 solito
723 2415 761 2448 in
785 2415 888 2460 reqia
912 2415 1055 2450 civitate
1077 2416 1279 2462 propositis
1299 2416 1502 2463 provideat,
1535 2421 1576 2452 ut
1600 2428 1721 2453 omnes
1745 2421 1949 2464 aqnoscant
1974 2428 2068 2465 quae
2091 2418 2130 2454 in
2154 2429 2339 2456 commune
2362 2431 2422 2457 eo-

178 2473 259 2497 rum
284 2460 488 2507 beneficium
514 2471 536 2495 a
560 2460 663 2496 nobis
685 2460 883 2495 constituta
906 2464 1002 2496 sunt.

250 2601 263 2632 1
292 2595 360 2630 τὸν
379 2592 491 2629 αὐτὸν
507 2593 646 2640 τρόπον
662 2596 713 2628 La
738 2595 865 2628 easdem
888 2594 977 2636 leges
1002 2606 1021 2630 ς
1036 2594 1048 2632 ΙΙ
1075 2591 1263 2637 κελεύομεν

180 2657 237 2677 om.
253 2644 284 2676 L
303 2642 315 2684 ΙΙ
333 2645 353 2676 4
370 2640 390 2683 ἢ
408 2638 548 2682 αὐτοὺς]
573 2638 596 2682 ἢ
617 2653 675 2674 om.
691 2652 710 2677 ς
729 2641 739 2682 ΙΙ
756 2639 897 2673 ἑαυτῶν
915 2641 961 2673 Μ
973 2639 985 2684 ΙΙ
1003 2642 1022 2674 5
1039 2636 1091 2672 δι’
1110 2639 1262 2680 ἑαυτῶν]

178 2686 201 2730 ἢ
227 2685 276 2721 δι’
295 2686 437 2720 ἑαυτῶν
458 2686 510 2719 Bt
531 2687 542 2728 ΙΙ
573 2688 592 2720 6
618 2686 759 2732 ἐγγύην]
790 2686 996 2718 fideiussores
1022 2696 1041 2721 ς
1063 2685 1075 2728 ΙΙ
1100 2688 1148 2726 τι]
1178 2684 1263 2718 τινὰ

179 2736 210 2767 L
234 2734 246 2777 ΙΙ
272 2735 291 2768 8
317 2731 385 2766 *ἐν
408 2734 527 2775 scripsi
547 2745 584 2765 ex
605 2745 623 2767 ς
640 2733 742 2774 (Iul.)]
774 2728 797 2772 ἢ
822 2731 943 2772 MLB,
970 2732 1135 2764 delendum
1161 2738 1264 2764 censet

180 2780 368 2813 Zachariae
388 2779 442 2821 (cf
463 2778 496 2811 T
494 2779 583 2810 heod.
600 2776 690 2820 μήτε
710 2775 783 2820 μὴν
800 2777 1094 2821 ἐμμιγνυέτωσαν
1119 2773 1264 2809 ἑαυτοὺς

179 2820 271 2857 ὅλως
294 2821 469 2857 τοιούτοις
493 2818 691 2867 πράγμασι)
709 2822 721 2865 ΙΙ
741 2824 759 2855 9
777 2818 861 2854 οὐδὲ
878 2820 929 2854 ΒΓ
948 2820 959 2866 Ι]
986 2823 1026 2856 10
1045 2817 1164 2854 αὐτοῖς
1180 2820 1232 2854 Bs
1251 2822 1262 2865 ss

177 2868 305 2913 μόνον]
337 2869 423 2902 solas
448 2879 467 2903 ς
495 2867 506 2911 ΙΙ
541 2870 576 2901 11
603 2867 801 2913 ἐγγράφως]
838 2868 896 2899 aut
928 2877 967 2899 ex
999 2867 1124 2909 scripto
1158 2877 1177 2902 ς
1211 2866 1263 2899 vel

179 2915 313 2957 scriptis
336 2915 419 2951 Iul.;
456 2915 540 2946 unde
565 2914 624 2955 leq.
650 2910 673 2954 ἢ
705 2909 917 2958 ἐγγράφωςῖ
948 2913 960 2953 11
991 2914 1032 2946 14
1065 2907 1264 2954 *τολμήσοι

180 2961 290 2993 MLB
308 2959 320 3002 ΙΙ
338 2960 380 2992 26
402 2956 556 2991 ἐδίκτων
572 2958 602 2990 L
620 2957 631 2997 Ι]
652 2960 692 2991 28
719 2955 1020 3002 παρακελευσάτω
1041 2957 1082 2989 Μ
1097 2957 1108 2999 ΙΙ
1127 2958 1166 2990 31
1190 2959 1263 2990 sub-

179 3018 240 3038 scr.
267 3004 332 3037 dat.
358 3003 478 3036 basilio
499 3014 549 3035 uc.
572 3013 678 3035 conss.
705 3004 838 3045 reliquis
862 3004 986 3036 omissis
1004 3001 1047 3034 M
1068 3001 1079 3044 ΙΙ
1104 3002 1170 3034 dat.
1184 3012 1262 3034 XVII

178 3051 267 3090 (xcn
285 3051 313 3089 b,
345 3059 399 3080 xix
423 3049 523 3089 Utin.)
553 3047 620 3079 kal.
645 3047 746 3080 iulias
771 3058 858 3080 anno
884 3047 1005 3079 XVIII
1032 3047 1149 3088 (Ucia,
1174 3057 1262 3080 anno

178 3095 302 3127 XVIII
324 3107 380 3126 om¹
399 3094 457 3134 bzo)
482 3094 556 3135 post
580 3103 666 3124 cons.
691 3093 809 3125 basilio
834 3094 886 3134 (w,
911 3092 1060 3124 uelisarli
1079 3094 1107 3134 b,
1132 3092 1262 3124 bilisari

185 3141 285 3181 Utin.)
315 3149 402 3171 anno
424 3139 478 3170 III
513 3138 611 3179 (anno
636 3138 690 3169 III
716 3150 773 3171 om.
798 3140 828 3178 b)
861 3138 929 3170 ind.
947 3138 1034 3169 VIII
1065 3137 1261 3179 (indictione

179 3186 321 3216 hoctaua
347 3186 375 3225 b,
410 3184 546 3216 debebat
570 3195 636 3216 esse
668 3182 735 3214 ind.
751 3183 834 3222 VII)
858 3182 962 3215 Ιιιῐ.1110
994 3183 1093 3223 Utin„
1129 3181 1261 3227 ἐξεφω-

178 3227 279 3271 νήθη
313 3229 352 3261 ἐν
387 3228 458 3261 ἑτει
485 3223 543 3270 «ιη’
574 3227 635 3269 τῆς
669 3225 851 3271 βασιλείας
885 3222 1041 3269 ὑπατείᾳ
1071 3226 1261 3261 Βασιλείου

179 3274 221 3307 τὸ
237 3272 269 3319 γ’
287 3275 419 3314 Theoti„
440 3286 478 3306 ex
494 3285 626 3316 quorum
644 3285 797 3306 consensu
813 3275 1076 3315 subscriptionem
1098 3275 1260 3312 constz'tui3

180 3322 340 3353 diversam
359 3320 505 3351 exhibent
522 3329 541 3354 ς
557 3319 627 3358 (ubi
641 3319 719 3360 vid.)
741 3326 769 3351 et
789 3320 936 3361 (praeter
953 3319 1020 3351 diei
1035 3326 1141 3351 notam
1158 3331 1226 3352 eum
1243 3330 1263 3355 ς

179 3365 389 3405 consentiens)
407 3364 500 3396 Acin:
528 3361 665 3408 ἐγράφη
690 3362 760 3406 πρὸ
786 3361 830 3404 ιη’
849 3360 925 3395 καλ.
946 3358 1177 3409 Ἰανουαρίων
1195 3367 1261 3407 βα-

179 3408 311 3443 σιλείας
329 3405 583 3442 Ἰουστινιανοῦ
604 3406 646 3441 τὸ
670 3407 724 3440 aff
739 3406 832 3451 μετὰ
857 3406 926 3450 τὴν
950 3404 1128 3442 ὑπατείαν
1150 3411 1260 3442 Βασι-

1333 2592 1425 2627 λείου
1449 2593 1491 2628 τὸ
1515 2592 1546 2627 δ’
1562 2593 1607 2637 (α’
1622 2597 1717 2638 cod.)‚
1743 2598 1799 2640 qui
1819 2604 1865 2630 est
1886 2609 1916 2630 a.
1933 2598 2009 2638 545,
2032 2609 2121 2640 quem
2142 2599 2174 2632 si
2189 2601 2333 2642 sequeris
2353 2613 2421 2636 cum

1332 2641 1551 2682 Zaclzaricteo,
1577 2641 1644 2674 ind.
1660 2642 1746 2675 VIII
1771 2644 1899 2676 servari
1916 2644 2038 2685 poterit

1391 2767 1405 2798 1
1433 2765 1717 2798 manifestissimas
1739 2767 1771 2799 V
1785 2765 1796 2810 ΙΙ
1813 2766 1902 2809 leges
1923 2767 2054 2800 easdem
2072 2768 2106 2800 R
2125 2767 2136 2812 ΙΙ
2154 2769 2173 2801 2
2200 2770 2421 2811 expectabilcs

1332 2811 1436 2844 RVT
1448 2809 1460 2854 ΙΙ
1487 2812 1508 2843 4
1525 2810 1651 2844 iutores
1666 2811 1755 2844 ΒΤ1
1775 2812 1786 2853 Ι]
1811 2814 1830 2845 5
1849 2823 2090 2855 quamcumque
2107 2813 2207 2845 aliam
2225 2815 2257 2846 R
2276 2814 2288 2858 ΙΙ
2313 2817 2332 2849 6
2358 2816 2420 2848 sub

1333 2856 1451 2889 lineola
1472 2858 1629 2889 subducta
1653 2857 1713 2889 del.
1731 2856 1781 2889 ,Τ2
1797 2855 1808 2899 ΙΙ
1833 2857 2039 2891 fideiussores
2056 2858 2210 2902 RlV(cf.
2226 2860 2314 2901 Iul.)]
2341 2861 2418 2893 fide-

1331 2902 1458 2934 iussore
1471 2900 1521 2933 R2
1543 2901 1772 2934 fideiussiones
1791 2902 1823 2935 T
1831 2907 1914 2946 vulq.
1935 2903 1947 2947 ΙΙ
1970 2906 1990 2938 9
2007 2914 2136 2947 semper
2151 2905 2290 2938 miscere
2308 2906 2341 2938 T
2360 2916 2420 2948 per

1332 2957 1365 2979 se
1383 2946 1578 2989 permiscere
1595 2948 1642 2980 Β]
1661 2947 1673 2990 ΙΙ
1693 2949 1734 2980 10
1753 2958 1961 2990 quocumque
1977 2949 2113 2991 negotio
2135 2950 2184 2983 V2
2201 2952 2233 2983 in
2252 2963 2316 2984 ras.
2330 2954 2417 2985 7-9

1333 2993 1390 3025 litt.
1411 2991 1423 3035 H
1443 2993 1478 3025 11
1508 3002 1546 3024 ex
1571 2992 1708 3035 scripto]
1734 3003 1772 3025 ex
1799 3006 1856 3026 om.
1873 2995 1928 3026 Ta
1945 2994 1956 3037 ΙΙ
1985 2996 2025 3028 12
2051 2995 2234 3037 deportatis
2255 2997 2288 3027 V
2302 2995 2313 3039 ΙΙ
2329 2996 2417 3028 iudi-

1331 3037 1423 3069 cibus
1440 3037 1612 3070 Insinuare
1631 3039 1663 3070 T
1678 3036 1690 3082 ss
1716 3039 1754 3071 14
1775 3038 1826 3070 his
1849 3039 1911 3071 VT
1925 3039 1936 3082 ΙΙ
1958 3040 1996 3072 15
2014 3039 2144 3081 aliquid
2161 3041 2193 3072 lt
2211 3040 2222 3082 ΙΙ
2244 3043 2281 3073 17
2301 3042 2372 3082 agit
2393 3042 2424 3073 T

1331 3082 1435 3123 egerit
1455 3084 1541 3126 vulq.
1559 3082 1571 3127 ΙΙ
1597 3084 1638 3116 18
1664 3082 1804 3115 delatam
1829 3083 1879 3116 V¹
1895 3084 1905 3125 ΙΙ
1936 3086 1976 3117 19
2001 3087 2178 3117 restituam
2201 3085 2248 3117 V¹
2282 3086 2417 3117 restitu-

1331 3130 1402 3159 tum
1426 3129 1473 3159 est
1499 3128 1548 3160 1⁷¹
1578 3127 1590 3171 Ι]
1621 3129 1662 3161 20
1687 3129 1750 3160 hoc
1776 3129 1901 3172 Tvuly.
1927 3128 1939 3172 ss
1971 3129 2150 3162 sustinebis
2177 3130 2228 3162 Τ1
2252 3129 2264 3172 ΙΙ
2297 3131 2339 3163 22
2364 3131 2417 3163 in-

1330 3174 1449 3205 choare
1476 3172 1525 3205 Τ1
1543 3172 1554 3215 Ι]
1573 3174 1614 3207 23
1639 3174 1685 3205 ti‘n
1705 3174 1744 3214 T,
1762 3186 1820 3206 om.
1834 3174 1866 3206 R
1884 3173 1896 3216 Ι]
1913 3174 2113 3207 terminante
2140 3174 2190 3207 Τ1
2207 3174 2218 3217 ΙΙ
2239 3176 2280 3208 28
2303 3186 2417 3208 eorum

1331 3218 1497 3250 communi
1514 3218 1547 3250 R
1566 3217 1578 3261 ΙΙ
1595 3219 1637 3252 29
1655 3218 1824 3260 disposita]
1847 3220 1991 3251 sanccita
2009 3219 2168 3261 disposita
2186 3220 2238 3252 Ta
2255 3218 2266 3263 ΙΙ
2287 3221 2322 3253 31
2343 3223 2416 3254 sub-

1329 3264 1531 3305 scriptionem
1552 3276 1633 3296 unus
1650 3271 1802 3307 praestat
1822 3265 1890 3296 cod.
1910 3265 2161 3305 Escorialensis,
2181 3266 2237 3298 ubi
2253 3267 2417 3307 praescri-

1332 3310 1416 3341 bitur
1441 3309 1660 3342 constitutioni
1679 3309 1847 3342 CXVIII
1865 3309 1922 3350 (=
1936 3322 2007 3343 nov.
2027 3310 2181 3351 CXXX)
2207 3311 2288 3343 inter
2311 3318 2417 3344 extra-

1330 3371 1487 3408 vaqantes
1501 3365 1628 3407 positae
1645 3364 1657 3408 ss
1676 3365 1744 3398 dni.
1769 3357 1804 3401 1⁸1.
1828 3365 1905 3398 iust.
1925 3375 1980 3408 pp.
2002 3375 2074 3408 cog.
2099 3376 2151 3399 an.
2167 3365 2254 3398 XIX
2278 3376 2330 3408 pc.
2345 3366 2416 3401 bas.

1329 3420 1377 3443 vc.
1403 3420 1446 3442 cs.
1468 3410 1582 3443 Escor.
