2618 4010
252 122 361 165 Nov.
391 121 597 164 XXXVII
1335 118 1421 166 244
1928 136 1989 168 ns
2017 135 2241 169 amcam
2267 137 2481 171 nccnnsu

206 233 233 269 4
255 232 359 268 sariis
382 231 471 277 suis,
503 234 539 266 et
561 234 648 266 tunc
669 233 808 268 mereat
836 233 950 269 nostri
981 231 1135 268 numinis
1165 233 1380 277 nostraeque
1411 231 1680 269 constitutionis
1703 233 1886 271 auxilium.
1941 234 1997 272 De
2018 235 2090 272 fide
2113 235 2207 272 enim
2235 236 2375 281 generis
2398 247 2480 283 pre-

253 277 416 313 bationes
439 277 617 321 praestari
640 285 685 311 ex
708 287 782 312 una
803 281 908 323 parte
931 278 1028 313 nullo
1055 276 1283 312 concedimus
1306 276 1423 321 modo,
1456 281 1492 312 et
1515 277 1547 312 si
1570 277 1650 330 quis
1673 278 1877 316 huiusmodi
1896 284 1981 316 acta
2002 280 2199 318 ostenderit
2227 281 2331 326 quasi
2352 282 2391 318 in
2411 282 2482 319 hac

252 321 506 357 florentissima
529 321 673 357 civitate
697 322 862 358 confecta
885 323 940 358 vel
963 324 999 358 in
1022 322 1091 357 alio
1116 322 1208 363 loco,
1240 331 1284 357 ea
1306 333 1379 358 non
1404 331 1483 358 esse
1505 322 1684 358 audienda
1707 333 1908 367 censemus,
1939 325 2026 362 licet
2047 330 2155 363 antea
2177 326 2247 363 hoc
2269 326 2380 363 fuerit
2401 337 2481 373 per-

253 366 413 401 missum.
459 366 608 402 Inventa
627 366 758 402 etenim
777 367 875 403 circa
898 369 987 403 tales
1008 366 1259 412 requisitiones
1282 377 1421 402 summa
1443 366 1638 403 ealliditate
1660 369 1879 413 respuendas
1901 379 1981 407 esse
2002 371 2207 407 huiusmodi
2223 372 2482 408 concinnitates

206 413 232 449 5
255 411 447 453 sancimus,
471 421 516 447 ne
540 411 624 446 dum
647 422 715 447 sua
736 412 886 449 reddere
912 413 1052 448 cuidam
1077 412 1250 456 cupimus,
1274 412 1410 448 alienas
1430 412 1462 446 ei
1482 412 1702 448 substantias
1727 413 1849 449 dolose
1869 415 2031 461 accipere
2050 419 2300 453 concedamus.
2348 416 2482 453 Rerum
2529 421 2550 454 5

256 460 374 492 autem
397 456 664 501 requisitionem
687 458 884 493 secundum
907 458 1104 492 antelatum
1126 456 1270 492 modum
1293 457 1390 502 apud
1414 456 1670 492 sublimitatem
1689 462 1790 493 tuam
1816 458 1871 494 vel
1893 460 2076 504 praesides
2099 462 2362 507 provinciarum
2387 462 2484 497 intra

253 501 437 537 definitum
459 505 601 547 tempus
625 505 773 538 nostrae
797 503 972 538 sanctioni
995 501 1073 537 fieri
1097 502 1274 544 volumus,
1306 502 1343 537 id
1367 505 1421 537 est
1442 501 1482 537 in
1506 501 1797 547 quinquennium,
1828 512 1922 540 anno
1950 505 2012 550 qui
2040 506 2109 542 iam
2133 511 2337 543 transactus
2362 511 2416 543 est
2439 517 2484 542 ex

253 546 385 591 prioris
434 547 651 591 ragmaticae
674 548 870 583 sanctionis
894 547 1050 582 editione
1079 547 1117 582 in
1142 547 1420 592 quinquennium
1452 547 1705 592 computando,
1738 550 1779 583 ut
1801 551 1904 584 actor
1933 550 2107 595 reliquum
2137 552 2271 588 habeat
2317 552 2482 588 uadrien-

254 591 352 627 nium
374 601 398 627 a
446 592 648 628 huiusmodi
670 593 945 638 inquisitionem,
970 592 1108 628 scilicet
1130 594 1162 628 si
1181 592 1350 637 temporis
1377 592 1595 637 computatio
1619 592 1795 637 legitimas
1820 594 2051 646 exceptiones
2073 596 2224 633 excedit.
2307 596 2484 633 uiusmodi

255 637 350 672 enim
371 637 596 682 quadriennii
619 642 732 673 metas
757 638 950 683 praeterire
974 637 1072 672 nullo
1098 637 1256 682 patimur
1278 637 1394 681 modo,
1427 647 1472 673 ne
1494 638 1703 673 immortalis
1726 637 1791 673 fiat
1812 638 2024 675 iudic1orum
2047 641 2254 687 completus.
2511 645 2551 678 10

208 683 233 719 6
424 692 490 718 uae
513 682 622 727 igitur
644 693 710 727 pro
735 683 926 718 securitate
950 682 1095 717 Africae
1118 693 1198 717 mea
1220 683 1340 718 sanxit
1362 682 1568 726 aeternitas,
1601 683 1690 719 haec
1714 683 1916 719 sublimitas
1939 686 2002 720 tua
2032 695 2096 730 per
2119 686 2236 722 edicta
2258 696 2325 724 sua
2346 687 2384 723 in
2408 697 2483 723 om-

253 736 337 762 nem
431 727 571 763 ‘canum
603 730 759 763 tractum
785 727 1024 781 proponenda
1053 727 1286 763 manifestare
1318 728 1458 764 cunctis
1491 728 1626 764 civibus
1650 727 1831 764 Africanis
1855 728 2078 774 deproperet,
2110 735 2151 766 ut
2173 742 2296 768 omnes
2327 732 2424 778 quod
2447 732 2484 767 in

252 772 448 808 transactis
478 773 582 808 annis
613 773 795 808 observari
824 775 990 818 oporteat
1019 773 1172 808 scientes
1201 772 1271 809 hoc
1304 774 1495 809 observare
1524 772 1704 808 festinent.
1758 773 1815 809 De
1840 777 1959 810 cetero
1991 774 2084 810 enim
2107 776 2140 812 si
2170 776 2248 821 quis
2267 787 2377 813 casus
2400 777 2484 812 talis

253 818 446 859 emerserit,
478 818 725 853 successiones
750 828 871 853 omnes
907 821 942 852 et
964 818 1179 863 temporales
1211 828 1337 854 cursus
1369 818 1422 854 sic
1452 818 1648 864 procedere
1680 818 1901 864 disponimus
1932 820 2228 865 quemadmodum
2259 821 2297 858 in
2320 822 2483 858 omnibus

251 862 359 898 terris
390 865 515 899 nostro
547 863 633 898 orbe
663 863 811 899 inclusis
843 863 1086 898 sacratissima
1114 863 1195 899 iura
1219 863 1434 908 disponunt,
1467 867 1503 899 et
1535 863 1607 899 sint
1638 867 1674 898 et
1705 863 1996 900 descendentium
2029 869 2064 900 et
2086 866 2351 902 ascendentium
2378 871 2415 902 et
2437 866 2483 902 ab
2511 869 2551 901 15

252 911 405 952 utroque
428 908 540 942 latere
563 907 778 942 venientium
809 909 940 952 gradus
975 919 1097 944 omnes
1131 911 1168 944 et
1189 909 1403 954 temporales
1425 919 1551 945 cursus
1575 909 1721 954 intacti,
1754 909 2050 955 quemadmodum
2072 911 2255 956 generales
2275 912 2392 948 nostri
2417 922 2483 947 nu-

252 952 356 989 minis
379 953 474 996 leges
500 962 560 987 eos
584 953 746 988 omnibus
771 953 1006 989 tradiderunt.

389 998 474 1034 Dat.
499 998 570 1033 kal.
596 998 671 1033 Ian.
697 997 766 1033 ΟΡ.
792 998 964 1035 Belisario
988 1009 1021 1035 v·
1047 1009 1079 1035 c.
1105 1009 1204 1036 cons.
2337 1004 2385 1046 [a.
2406 1003 2485 1044 535]

1275 1267 1458 1305 xxxva.
2202 1270 2486 1307 Auth.xxx1x

850 1350 959 1399 DE
1006 1347 1430 1399 AFRICANA
1474 1348 1897 1401 ECCLESIA.
2510 1362 2553 1396 20

1053 1425 1150 1461 Idem
1174 1427 1217 1462 A.
1243 1426 1424 1462 Salomoni
1448 1436 1509 1471 pp.
1534 1426 1691 1462 Africae.

386 1505 635 1543 venerabilem
658 1505 844 1541 ecclesiam
873 1508 1019 1541 nostrae
1042 1504 1267 1548 Carthaginis
1291 1504 1510 1540 Iustinianae
1541 1508 1750 1549 ceterasque
1774 1514 1895 1540 omues
1918 1503 2112 1540 Africanae
2137 1504 2340 1542 dioeceseos
2365 1516 2485 1542 sacro-

252 1553 397 1587 sanctas
418 1551 589 1587 ecclesias
609 1551 853 1596 imperialibus
873 1550 1054 1586 beneficiis
1073 1551 1232 1586 relevare
1252 1556 1362 1586 noctu
1381 1550 1508 1594 dieque
1527 1550 1747 1594 festinamus,
1771 1549 1855 1602 (ut),
1878 1552 2069 1629 postquam
2090 1552 2235 1586 nostrae
2257 1551 2485 1596 reipublicae,

207 1599 226 1634 1
249 1606 317 1646 per
340 1597 397 1632 dei
419 1596 637 1641 praesidium
661 1606 684 1631 a
706 1597 868 1642 tyrannis
893 1596 1076 1641 abreptae,
1102 1595 1259 1631 sociatae
1283 1598 1379 1636 sunt,
1402 1599 1546 1632 nostras
1572 1596 1678 1631 etiam
1701 1596 1857 1631 sentiant
1894 1594 2122 1630 ’beralitates.
2174 1594 2261 1631 Cum
2283 1596 2392 1640 igitur
2415 1596 2485 1632 Re-

251 1643 401 1688 paratus
426 1642 479 1677 vir
503 1641 749 1677 sanctissimus
782 1640 949 1676 sacerdos
982 1641 1139 1676 eiusdem
1170 1643 1316 1676 nostrae
1348 1640 1574 1685 Carthaginis
1598 1641 1834 1682 Iustinianae,
1870 1639 1932 1684 qui
1961 1639 2162 1676 venerando
2192 1641 2343 1677 concilio
2375 1642 2486 1677 totius
2511 1645 2553 1678 25

253 1686 400 1722 Africae
420 1686 726 1722 sanctissimarum
743 1687 974 1722 ecclesiarum
989 1695 1158 1731 praeesse
1174 1686 1405 1730 dignoscitur,
1427 1697 1500 1721 una
1525 1697 1606 1722 cum
1630 1685 1758 1721 ceteris
1783 1685 1942 1720 eiusdem
1965 1685 2168 1730 provinciae
2191 1686 2486 1722 reverentissimis

252 1731 431 1785 episcopis
461 1731 591 1767 litteris
622 1731 778 1777 propriis
810 1742 875 1776 per
899 1731 1127 1767 Theodorum
1159 1731 1272 1766 virum
1303 1731 1509 1776 religiosum
1542 1731 1732 1767 diaconum
1765 1734 1801 1766 et
1823 1730 2067 1775 responsalem
2090 1730 2249 1766 eiusdem
2272 1731 2486 1768 venerabilis

252 1777 425 1812 ecclesiae
449 1777 602 1812 civitatis
627 1777 853 1821 Carthaginis
877 1776 1097 1811 Iustinianae
1121 1776 1308 1812 destinatis
1338 1781 1498 1812 nostram
1529 1776 1710 1822 deprecati
1740 1779 1824 1811 sunt
1847 1775 2070 1811 maiestatem
2099 1777 2347 1821 possessiones
2371 1778 2486 1813 eccle·

253 1823 386 1858 siarum
409 1822 520 1858 totius
536 1822 700 1857 Africani
723 1826 861 1857 tractus
885 1822 1073 1867 tyrannico
1098 1822 1239 1867 quidem
1262 1825 1423 1875 tempore
1447 1822 1585 1857 ablatas
1611 1822 1673 1866 eis,
1698 1825 1780 1866 post
1800 1821 1968 1856 victorias
1993 1823 2113 1856 autem
2138 1822 2283 1857 caelesti
2303 1822 2485 1867 praesidio

251 1867 355 1903 nobis
378 1866 540 1914 <contr-a>
564 1867 770 1904 Uuandalos
793 1867 987 1912 praestitas
1018 1877 1084 1911 per
1107 1866 1223 1902 nostri
1252 1867 1406 1902 nummis
1437 1867 1534 1912 piam
1559 1867 1827 1912 dispositionem
1851 1867 1902 1901 eis
1925 1865 2095 1909 redditas,
2127 1867 2226 1902 salva
2254 1867 2292 1902 in
2315 1877 2486 1913 quocum·
2511 1872 2554 1905 30

251 1923 323 1958 ,que
338 1912 420 1948 loco
440 1912 637 1948 constituta
657 1912 822 1948 videlicet
843 1912 1061 1947 tributorum
1080 1912 1267 1955 solutione,
1291 1912 1441 1947 firmiter
1463 1912 1647 1957 possidere
1671 1911 1867 1947 secundum
1890 1911 1977 1955 legis
1997 1914 2156 1947 tenorem
2180 1921 2273 1957 quae
2289 1912 2363 1948 iam
2380 1922 2487 1958 super

251 1958 322 1994 hac
346 1967 455 1993 causa
477 1958 702 2004 promulgata
726 1961 796 2000 est,
847 1957 1054 1992 etitionibus
1079 1967 1202 1992 eorum
1225 1967 1339 2002 prono
1363 1957 1560 2002 libentique
1584 1957 1702 1992 animo
1727 1957 1894 1992 duximus
1919 1956 2158 1992 annuendum.

203 2003 229 2039 2
386 2002 542 2048 Ideoque
564 2003 728 2038 iubemus
752 2002 844 2037 sub*
882 2002 1006 2037 itatem
1029 2004 1128 2037 tuam
1152 2002 1226 2038 suis
1251 2002 1440 2046 disponere
1463 2002 1788 2048 praeceptionibus,
1813 2005 1854 2036 ut
1874 2001 2077 2046 praedictas
2099 2002 2356 2046 possessiones,
2389 2002 2488 2039 salva

249 2050 362 2098 prout
385 2047 519 2083 dictum
548 2051 604 2083 est
631 2048 848 2083 tributorum
878 2047 1029 2090 ratione,
1061 2047 1279 2082 venerabiles
1305 2047 1477 2083 ecclesiae
1509 2050 1582 2083 tam
1614 2050 1760 2083 nostrae
1783 2046 2007 2090 Carthaginis
2030 2046 2250 2083 Iustinianae
2282 2057 2389 2093 quam
2411 2058 2486 2084 om-

252 2094 352 2129 nium
376 2093 560 2128 civitatum
582 2092 776 2128 Africanae
808 2092 1014 2128 dioeceseos
1046 2092 1193 2128 firmiter
1221 2092 1429 2138 possideant
1460 2095 1497 2128 et
1528 2093 1604 2128 sine
1634 2093 1707 2127 ulla
1736 2092 1981 2135 concussione,
2013 2102 2036 2127 a
2059 2092 2155 2128 nullo
2180 2093 2322 2137 penitus
2345 2093 2486 2129 abstra-
2511 2098 2555 2132 35

203 2139 230 2176 3
250 2138 401 2174 hendas.
449 2138 490 2173 Si
512 2148 602 2183 quas
627 2142 746 2173 autem
769 2138 859 2173 alias
882 2137 1129 2182 possessiones
1153 2137 1226 2173 sive
1250 2137 1375 2173 domus
1400 2138 1474 2174 sive
1494 2138 1724 2173 ecclesiarum
1747 2139 1957 2173 ornamenta
1979 2136 2076 2182 apud
2096 2137 2235 2183 aliquos
2259 2138 2315 2173 vel
2331 2138 2486 2174 Arianos

251 2184 307 2220 vel
334 2192 496 2229 paganos
526 2183 583 2218 vel
613 2183 703 2218 alias
735 2182 914 2227 quaslibet
943 2192 1118 2227 personas
1151 2182 1302 2218 detineri
1333 2183 1525 2228 probatum
1554 2182 1683 2225 fuerit,
1715 2192 1757 2218 ea
1782 2192 1924 2227 quoque
1954 2182 2155 2218 omnimodo
2187 2182 2264 2218 sine
2288 2183 2409 2228 aliqua
2433 2183 2486 2219 di-

248 2229 387 2265 latione
410 2228 514 2264 avelli
537 2232 574 2263 et
597 2228 839 2263 sacrosanctis
864 2227 1025 2263 ecclesiis
1050 2227 1272 2263 orthodoxae
1295 2226 1381 2263 fidei
1404 2228 1603 2273 adsignari,
1636 2227 1735 2263 nulla
1757 2227 1962 2272 prolixitate
1984 2227 2156 2272 temporis
2181 2227 2237 2263 his
2261 2228 2321 2273 qui
2343 2228 2486 2265 easdem

251 2284 309 2310 res
332 2273 453 2320 inique
476 2273 639 2309 detinent
662 2273 715 2309 uti
740 2272 986 2315 concedendis,
1012 2272 1076 2309 sed
1099 2283 1222 2308 earum
1246 2273 1509 2308 restitutionem
1539 2272 1635 2308 omni
1665 2273 1814 2317 explosa
1835 2272 2100 2308 machinatione
2126 2272 2248 2308 facere
2271 2272 2485 2319 compellen-

253 2316 325 2362 dis,
357 2319 442 2374 quia
473 2328 544 2354 non
572 2318 730 2364 patimur
761 2318 1005 2354 sacratissima
1032 2328 1120 2354 vasa
1152 2319 1208 2353 vel
1238 2320 1450 2354 ornamenta
1480 2318 1735 2354 venerabilium
1767 2317 1999 2353 ecclesiarum
2035 2319 2099 2353 aut
2129 2317 2218 2353 alias
2241 2318 2486 2363 possessiones
2511 2323 2554 2356 40

252 2364 350 2412 apud
398 2373 531 2409 aganos
563 2364 618 2399 vel
649 2363 739 2399 alias
762 2373 937 2409 personas
962 2363 1128 2408 detineri3
1167 2367 1204 2399 et
1226 2363 1285 2398 lex
1308 2373 1400 2409 quae
1432 2363 1537 2407 nobis
1567 2367 1674 2399 antea
1703 2363 1846 2408 prolata
1874 2366 1929 2398 est
1960 2364 2018 2398 sat
2049 2363 2262 2408 abundeque
2283 2362 2488 2405 huiusmodi

203 2410 229 2446 4
253 2375 410 2456 capitulo
435 2409 638 2445 consultum
661 2409 759 2445 fecit.
818 2409 978 2444 Alterius
1002 2409 1110 2444 etiam
1139 2412 1285 2444 nostrae
1311 2408 1576 2444 constitutionis
1600 2407 1864 2461 praerogativa,
1898 2417 2004 2452 quam
2032 2418 2097 2454 pro
2123 2407 2376 2445 ecclesiasticis
2397 2408 2486 2445 feci·

251 2465 331 2491 mus
362 2454 471 2491 rebus
497 2458 532 2490 et
554 2454 859 2500 possessionibus,
890 2453 1037 2490 Africae
1061 2464 1204 2500 quoque
1234 2454 1454 2490 venerabiles
1486 2454 1656 2490 ecclesias
1687 2453 1861 2499 perpotiri
1892 2463 2095 2496 censemus,
2125 2457 2161 2489 et
2190 2453 2387 2490 secundum
2405 2449 2487 2491 ‘eius

298 2547 384 2582 Nov.
396 2545 565 2581 XXXVII
571 2546 630 2589 (=
642 2546 794 2580 Anthent.
807 2545 971 2587 XXXIX;
995 2546 1106 2579 eadem
1127 2547 1160 2579 in
1180 2554 1279 2589 parte
1304 2547 1447 2579 codicum
1459 2546 1591 2580 Nomoc.
1606 2545 1694 2579 XIV
1702 2546 1748 2579 tit.
1763 2547 1852 2587 4,13.
1876 2546 1965 2585 8,10.
1990 2545 2022 2586 9,
2039 2549 2076 2578 25
2097 2546 2215 2578 citatur
2233 2540 2255 2587 ἢ
2275 2542 2353 2591 ριβ’
2366 2541 2491 2591 παρά)

253 2592 376 2626 Latine
397 2599 517 2626 tantum
538 2599 635 2626 extat.
655 2611 700 2616 —
723 2592 815 2635 Epic.
831 2592 952 2625 Theod.
967 2593 1009 2626 37
1032 2592 1123 2631 (inde
1137 2591 1165 2623 L
1183 2598 1213 2624 et
1224 2591 1261 2624 B
1277 2593 1306 2633 1,
1320 2599 1345 2633 1,
1358 2592 1486 2633 49-52),
1510 2591 1634 2625 Athan.
1648 2592 1679 2633 2,
1694 2598 1711 2624 6
1736 2591 1827 2632 (inde
1849 2590 1928 2623 Coll-
1944 2597 2040 2623 const.
2055 2591 2131 2624 eccl.
2144 2591 2175 2630 3,
2188 2597 2215 2632 2,
2230 2593 2271 2632 6).

298 2637 320 2681 ξ
338 2638 369 2672 2.
390 2638 410 2671 3
434 2639 638 2671 summarium
663 2637 787 2670 exhibet
806 2636 940 2671 Nomou.
953 2635 1045 2671 XIV
1054 2637 1100 2670 tit.
1115 2637 1145 2677 8,
1158 2644 1204 2671 10.

302 2753 318 2784 1
344 2760 434 2783 ιιιιιιο
462 2749 526 2793 71
551 2751 730 2791 nostraque
756 2748 812 2793 711
836 2748 1044 2792 probationis
1067 2747 1133 2792 711
1160 2749 1180 2782 2
1204 2757 1244 2780 ex
1268 2757 1335 2779 una
1405 2749 1539 2790 stanter)
1561 2748 1615 2782 Vt
1638 2747 1651 2792 11
1675 2748 1787 2781 affrice
1813 2755 1825 2781 t
1847 2746 1861 2791 11
1885 2746 2064 2780 dioeciseos
2084 2746 2120 2779 V
2136 2746 2327 2781 dioceseost
2351 2746 2364 2790 fl
2385 2747 2428 2782 23
2447 2750 2488 2780 ut

252 2797 347 2840 parte
366 2795 527 2838 praestari
549 2802 561 2828 t
579 2794 693 2839 vulq.ss
719 2796 737 2828 3
756 2794 970 2837 praemissum
991 2794 1027 2828 V
1045 2793 1058 2837 11
1081 2795 1103 2827 4
1127 2792 1335 2825 concinnita-
1406 2794 1483 2827 add.
1497 2794 1585 2837 vulq.
1615 2792 1627 2836 11
1658 2794 1701 2828 24
1726 2793 1860 2836 abrepte
1880 2792 1925 2834 V]
1959 2791 2107 2834 direptae
2131 2793 2241 2836 evuly.
2270 2791 2284 2837 11
2310 2792 2428 2826 sotiate
2449 2792 2488 2835 V,

254 2841 299 2874 tis
323 2848 335 2874 t
357 2839 602 2874 concinationis
625 2839 661 2873 V
677 2839 955 2873 comunicationis
969 2839 1073 2874 Neob.
1099 2837 1112 2883 11
1139 2841 1159 2872 5
1184 2837 1335 2870 substau—
1405 2838 1561 2872 societate
1585 2838 1690 2873 Neob.
1729 2839 1902 2872 societates
1928 2845 1939 2871 t
1961 2838 2047 2881 vuly.
2080 2836 2092 2881 11
2125 2837 2309 2880 Reparatus
2335 2837 2489 2876 ffllaoeus

255 2886 319 2919 tias
342 2885 500 2927 VNeob.]
530 2885 693 2918 subiectas
718 2892 729 2919 t
754 2884 767 2929 11
796 2895 890 2918 reum
915 2892 926 2918 t
954 2883 967 2928 11
995 2886 1013 2917 Ἰ
1038 2883 1074 2916 id
1099 2886 1148 2917 est
1175 2883 1335 2924 VNeob.]
1405 2885 1462 2928 (qs.
1479 2883 1616 2926 Procop.
1636 2885 1675 2917 de
1696 2884 1777 2917 bello
1801 2883 1940 2916 Vandal.
1955 2882 2000 2915 II
2016 2884 2070 2923 26,
2091 2884 2133 2915 al.
2155 2895 2209 2926 ap.
2230 2883 2348 2916 Manui
2365 2883 2487 2917 concil.

255 2932 437 2974 omtvalq.
455 2930 470 2975 11
491 2940 580 2963 anno
593 2930 792 2971 Zachariae]
811 2940 938 2962 annum
951 2931 1029 2963 libri
1044 2928 1057 2974 11
1073 2929 1145 2971 qui]
1170 2927 1258 2970 quod
1280 2928 1313 2961 V
1406 2929 1479 2962 coll.
1501 2928 1595 2962 VIII
1617 2941 1654 2972 p.
1679 2930 1755 2963 841.
1781 2929 1857 2963 848.
1882 2929 1975 2969 850)]
2008 2930 2179 2970 separatus
2203 2928 2282 2961 libri
2315 2927 2328 2970 11
2361 2928 2404 2962 25
2432 2927 2488 2960 uir

255 2976 335 3017 iam]
360 2978 429 3008 tam
451 2975 490 3020 εΗ
508 2976 529 3009 8
554 2975 713 3017 editione]
736 2975 909 3008 seditionis
929 2973 987 3018 711
1003 2973 1234 3016 quinquennio
1255 2973 1307 3006 Va
1414 2973 1461 3015 V]
1486 2976 1525 3006 ut
1545 2981 1556 3007 t
1573 2974 1660 3018 vuly.
1688 2975 1701 3017 11
1730 2973 1789 3016 qui
1810 2981 1822 3007 t
1839 2973 1937 3017 vuly.]
1972 2983 2056 3014 quae
2089 2973 2124 3006 V
2184 2971 2324 3005 oonsilio
2356 2972 2391 3006 V
2410 2982 2487 3006 eon-

255 3023 374 3055 auctor
394 3019 448 3065 71
467 3022 488 3055 9
502 3020 619 3053 excede
639 3020 674 3053 V
690 3020 826 3053 excedat
839 3021 925 3064 vulq.
943 3019 956 3063 11
978 3022 1016 3053 10
1038 3017 1253 3061 quadriennii
1269 3028 1336 3051 me·
1407 3018 1500 3052 scilio
1526 3026 1538 3052 t
1567 3018 1580 3062 11
1602 3020 1645 3053 26
1671 3018 1882 3052 ecclesiarum
1907 3031 1965 3051 om.
1989 3016 2046 3062 711
2068 3027 2136 3051 una
2156 3018 2200 3058 V]
2226 3018 2302 3050 iura
2323 3008 2450 3052 tNeob.
2473 3014 2487 3062 Ι

256 3068 308 3100 tas
323 3066 522 3107 ,Heimbachl
547 3065 806 3107 quadriennium
826 3067 894 3098 etas
920 3065 954 3098 V
971 3063 1185 3107 quadriennii
1205 3065 1273 3095 etas
1295 3070 1307 3096 t
1325 3061 1338 3107 11
1407 3064 1600 3108 provinciae
1624 3077 1682 3098 om.
1705 3064 1777 3098 Vin
1789 3071 1874 3107 spat.
1888 3076 1958 3097 vac.
1973 3064 1992 3096 2
2009 3063 2068 3097 liu.
2122 3064 2163 3096 27
2188 3062 2311 3095 litteris
2330 3062 2376 3103 V]
2400 3075 2460 3096 om.
2474 3069 2487 3096 t

256 3111 386 3155 patitur
407 3110 448 3155 ιθ
473 3121 515 3144 ne
538 3112 560 3151 t]
586 3124 645 3143 om.
666 3111 812 3144 VNeob.
828 3110 842 3154 11
864 3112 899 3144 11
926 3120 999 3142 mea
1021 3109 1144 3150 sanxit]
1168 3118 1220 3141 me
1243 3108 1338 3141 anxit
1408 3110 1494 3153 vuly.
1511 3110 1523 3153 11
1549 3109 1720 3143 diaconem
1740 3107 1799 3153 711
1822 3107 2038 3141 numerabilis
2063 3115 2075 3142 t
2101 3107 2106 3151 Ι
2133 3109 2175 3143 28
2200 3107 2381 3150 cartaginis
2400 3107 2486 3140 ciui·

265 3155 321 3201 711
339 3156 430 3191 dicta
446 3154 503 3199 711
520 3157 562 3190 12
575 3155 767 3188 affricanam
783 3156 836 3189 Va
854 3154 866 3199 11
882 3157 1061 3188 tractatum
1074 3153 1113 3199 tu
1137 3153 1270 3197 deperet
1287 3153 1322 3187 V
1408 3155 1486 3187 tatis
1509 3162 1522 3189 t
1534 3155 1619 3199 vulq.
1650 3155 1663 3198 11
1694 3155 1735 3188 29
1760 3153 1899 3187 ablatias
1931 3153 1966 3187 V
1985 3151 1998 3198 11
2025 3153 2096 3186 eius
2118 3161 2130 3187 t
2199 3154 2242 3187 30
2267 3154 2384 3186 contra
2406 3152 2484 3186 add.

258 3201 348 3244 quod
368 3201 523 3242 VNeob.]
546 3201 605 3243 qui
626 3208 638 3234 t
661 3200 742 3243 quid
763 3201 848 3243 vulq.
868 3200 881 3245 ss
899 3201 940 3235 13
965 3200 1040 3241 hoc]
1058 3200 1120 3232 hac
1142 3198 1176 3233 V
1190 3199 1270 3231 haec
1289 3206 1301 3231 t
1407 3200 1493 3243 vulq.
1521 3199 1533 3245 11
1563 3199 1755 3244 praestitam
1779 3199 1857 3233 libri
1883 3198 1897 3241 11
1923 3198 2045 3231 nostris
2077 3198 2136 3232 Vt
2218 3197 2366 3230 numinis
2389 3208 2447 3230 οιιι.
2473 3203 2486 3229 ε

260 3248 301 3282 14
315 3256 493 3280 emer-scere
509 3245 567 3289 711
583 3245 780 3289 temporales
793 3244 1232 3287 VNeob.]temporistvulq.
1249 3243 1263 3287 11
1279 3243 1337 3284 sic]
1407 3245 1494 3288 ναῖς.
1527 3245 1540 3288 11
1575 3246 1615 3279 31
1642 3245 1840 3278 constitutas
1865 3244 1943 3277 libri
1969 3243 1982 3287 11
2011 3242 2106 3285 legis]
2139 3255 2201 3276 non
2232 3249 2363 3276 servam
2392 3247 2440 3274 eae
2472 3241 2485 3284 11

256 3291 287 3326 ei
307 3291 363 3336 711
384 3293 425 3326 15
450 3290 634 3335 disponunt
653 3291 758 3332 Beck]
783 3291 915 3334 disponi
940 3293 979 3323 ut
1007 3288 1086 3341 7ε11
1105 3292 1138 3322 et
1160 3288 1337 3322 ascenden·
1408 3291 1450 3324 32
1476 3290 1556 3324 haec
1581 3291 1659 3324 libri
1686 3289 1699 3334 11
1725 3291 1843 3333 prono]
1867 3299 1928 3331 pro
1951 3298 2019 3322 non
2044 3296 2056 3322 t
2083 3288 2096 3332 11
2123 3290 2166 3323 34
2186 3290 2254 3320 tam
2277 3286 2375 3330 only-1
2407 3294 2482 3336 qum

258 3336 344 3370 tium
367 3335 578 3380 om.tvul9.ss
607 3337 647 3370 16
670 3335 835 3378 generalis
856 3336 913 3378 711
932 3338 970 3369 17
998 3334 1209 3368 tradiderunt
1232 3333 1337 3366 omni·
1410 3335 1486 3368 libri
1555 3337 1596 3370 35
1622 3335 1782 3368 diociseos
1806 3342 1817 3368 t
1848 3333 1970 3366 dioecis
1994 3343 2056 3367 con
2088 3332 2154 3378 7Ι
2181 3333 2225 3367 36
2248 3331 2342 3374 quas]
2373 3339 2449 3381 qjus
2474 3338 2485 3363 l

258 3381 320 3415 bus
340 3382 450 3425 tvuly.
468 3379 482 3425 fl
501 3382 541 3416 18
562 3383 683 3415 subscr.
703 3393 761 3414 om.
783 3380 823 3422 V,
837 3381 912 3414 Aeh.
932 3379 1026 3425 flkal.
1047 3379 1113 3413 ian.
1132 3378 1248 3421 Neob.‚
1271 3378 1338 3411 kal.
1409 3381 1492 3423 vulq.
1520 3380 1691 3423 larrianos
1715 3378 1754 3425 el}
1780 3380 1822 3414 38
1844 3378 1947 3412 auelli
1968 3379 2013 3420 V]
2037 3391 2095 3413 om.
2110 3377 2218 3422 evulq.
2235 3375 2250 3421 Ι
2269 3377 2309 3410 41
2336 3374 2484 3408 definere

261 3427 328 3471 ign.
342 3439 441 3479 (sicu
461 3438 549 3481 μηνὶ
568 3437 787 3481 ἰαννουαρίῳ
803 3437 925 3470 Theod.
944 3435 956 3477 11
977 3446 1048 3478 oap.
1068 3443 1079 3469 t
1097 3435 1114 3489 11
1137 3434 1224 3489 bilis.
1238 3434 1338 3476 (libis.
1409 3435 1575 3475 (decinere
1598 3437 1622 3475 t)
1648 3437 1726 3470 libri
1752 3434 1766 3481 Ι
1794 3437 1871 3468 ante
1904 3435 1939 3469 V
1959 3433 1974 3480 11
2001 3436 2052 3468 sat
2074 3434 2151 3468 dedi
2175 3431 2273 3474 (ntis
2294 3430 2483 3464 Zachariae

262 3482 377 3524 Neob.)
401 3493 453 3515 uo.
477 3493 550 3516 con.
574 3484 704 3524 (contra
728 3483 752 3524 ι)
776 3482 879 3515 Neob.
902 3489 923 3522 t,
953 3478 1044 3524 μετὰ
1066 3492 1134 3522 την
1162 3482 1340 3514 υπωηίαν
1409 3482 1442 3513 iu
1463 3481 1569 3521 add.)]
1602 3481 1646 3514 sit
1671 3482 1749 3515 libri
1773 3481 1820 3514 sio
1843 3493 1886 3514 vu
1923 3506 1931 3514 .
1958 3481 1971 3524 Ι
2001 3477 2218 3519 habundeque
2242 3483 2255 3509 t
2283 3475 2325 3508 ab
2344 3475 2483 3508 eundem

263 3524 474 3570 Βελισαρίου
501 3528 621 3562 Theod.
641 3528 714 3569 (sed
732 3529 775 3570 cs.
799 3527 988 3560 Zachariae
1008 3527 1083 3560 edit.
1100 3538 1134 3570 p.
1155 3527 1195 3560 17
1218 3538 1248 3559 n.
1265 3526 1300 3567 6)
1323 3523 1342 3577 Ι
1409 3535 1492 3567 quae
1514 3524 1571 3570 711
1595 3527 1639 3560 42
1663 3526 1848 3569 capitulum
1913 3525 1927 3569 11
1950 3524 2062 3565 etiam]
2086 3524 2120 3556 et
2140 3521 2196 3563 V!
2217 3520 2481 3572 constitutionis]

262 3571 306 3604 20
331 3574 417 3604 rubr.
442 3585 500 3606 om.
517 3573 552 3606 V
569 3574 602 3606 in
626 3574 733 3617 spatio
755 3584 827 3606 vac.
851 3589 892 3597 ·-—
917 3572 1007 3615 Περὶ
1030 3570 1108 3604 τῶν
1131 3571 1172 3605 ἐν
1193 3566 1338 3617 Ἀφρικῃ
1413 3571 1489 3604 Οοά.
1505 3572 1535 3613 1,
1549 3577 1577 3613 2,
1590 3572 1693 3615 21(cj2
1714 3584 1786 3605 nov.
1803 3570 1876 3605 VII
1887 3583 1915 3605 a.
1927 3570 1971 3612 8).
1985 3575 2021 3603 28
2075 3567 2291 3610 prorogssmt
2311 3565 2365 3599 V‘
2387 3575 2483 3608 prae-

263 3612 461 3656 ὀκκλησιῶν
479 3618 683 3652 Theod.Aeh.
696 3616 903 3662 (Η...περὶ
917 3615 996 3650 τῶν
1011 3611 1260 3657 ἐκκλησιῶνᾎ
1289 3626 1340 3659 ρι-
1408 3618 1555 3657 rogatam
1577 3623 1591 3650 t
1616 3616 1629 3660 11
1657 3617 1700 3652 43
1724 3616 1861 3650 africam
1878 3615 1980 3650 Neob.
2066 3611 2160 3644 icano
2181 3610 2216 3644 V
2231 3610 2345 3645 affrica
2366 3610 2407 3644 de
2428 3618 2440 3645 l
2471 3608 2486 3659 11

264 3659 324 3701 κῆΰ
400 3657 448 3700 λζ
461 3661 544 3738 [gf
557 3663 650 3697 codd.
660 3663 795 3707 aliquot]
817 3659 928 3706 παρά
941 3661 1073 3695 Nomoc.
1083 3661 1148 3696 XI
1152 3661 1238 3695 Vtit.
1276 3667 1337 3703 ,¹3.
1408 3660 1611 3695 uenerabilis
1630 3661 1691 3706 711
1713 3660 1860 3704 pei-patri
1882 3656 1946 3703 71
1968 3657 2040 3691 eiu
2063 3667 2120 3690 σπι.
2141 3655 2176 3691 7

265 3708 297 3747 9,
311 3707 360 3746 25)
376 3704 388 3749 11
413 3707 451 3738 21
524 3717 621 3740 omon
636 3711 702 3750 ppo
722 3707 782 3753 71
803 3709 845 3743 22
859 3706 1040 3750 cartaginis
1059 3707 1104 3749 (ee
1116 3708 1249 3749 siefere
1265 3717 1339 3739 con-
