2580 4022
218 120 325 164 Nov.
351 118 522 163 CXLIX
550 130 612 172 pr.
638 120 672 160 1.
694 119 719 157 2
1293 113 1378 161 724
1401 127 1406 130 ·
1741 129 1800 160 UT
1828 126 2072 160 PRAESIDES
2100 129 2435 163 Pssovmcumnm

215 232 275 264 καὶ
304 230 560 282 συγκεχυμένον
578 223 730 271 ὑπῆρχε,
760 226 867 260 τοῦτο
895 228 955 259 καὶ
980 226 1240 269 ἐπανορθῶσαι
1263 228 1323 259 καὶ
1345 224 1482 259 τέλειον
1505 222 1704 269 ἀποφῆναι.
1752 225 2034 270 μεριμνήσαντες
2057 230 2181 262 τοίνυν
2205 225 2305 263 ὅπως
2327 229 2371 263 τό
2394 242 2434 263 τε

216 270 390 316 δημόσιον
412 285 455 305 το
478 283 518 304 τε
542 268 699 312 ὑπήκοον
723 267 879 314 ἀβλαβές
902 283 941 303 τε
964 273 1023 303 καὶ
1046 269 1199 313 ἀζήμιον
1223 268 1412 312 διατελοίη,
1441 268 1684 313 διενοήθημεν
1707 266 1766 304 ὅτι
1790 270 1834 313 δὴ
1859 272 1967 305 τοῦτο
1991 270 2124 314 ῥαδίως
2143 272 2279 316 ἕξομεν,
2300 274 2331 306 εἰ
2353 272 2436 308 τοὺς

214 318 426 362 ἡγουμένους
449 316 525 349 τῶν
546 316 728 358 ἐπαρχιῶν
751 318 882 358 προῖκα
905 314 966 348 τὰς
989 312 1095 358 ἀρχὰς
1118 313 1468 359 παραλαμβάνοντας
1495 318 1556 348 καὶ
1579 314 1621 348 τὸ
1648 313 1821 357 δημόσιον
1845 312 2147 360 ἀσφαλιζομένους
2168 314 2291 361 ὀρθῶς
2314 331 2352 351 τε
2375 321 2436 352 καὶ

213 364 371 404 νομίμως
395 356 511 394 ἅπασι
534 360 696 402 χρῆσθαι
719 357 1066 403 παρασκευάσαιμεν,
1099 359 1236 393 παντὸς
1267 356 1504 402 ἀπεχομένους
1527 360 1636 393 τοῦτο
1657 361 1724 402 μὲν
1748 357 1962 403 ἀδικήματος
1984 362 2089 395 τοῦτο
2113 360 2153 395 δὲ
2175 363 2242 395 καί
2258 361 2436 406 λήμματος

213 405 358 449 αἰσχροῦ
380 416 420 438 τε
442 406 501 437 καὶ
520 401 637 437 ἄλλως
658 400 953 448 ἀπηγορευμένου.

1227 469 1383 505 CAPUT
1407 470 1435 506 Ι.

337 533 413 571 Ἵνα
443 540 567 571 τοίνυν
595 535 645 581 μὴ
680 537 774 577 ξένοι
798 537 892 570 τινὲς
921 534 1202 578 ἑπειςπηδῶντες
1234 539 1311 571 ταῖς
1343 538 1526 581 ἐπαρχίαις
1556 534 1713 572 ἀδικοῖεν
1744 534 1852 572 αὐτὰς
1878 534 1976 582 ἡμεῖς
2004 552 2045 573 τε
2076 543 2218 582 συχναῖς
2249 544 2325 574 ταῖς
2356 537 2431 574 κατ’

212 580 336 616 αὐτῶν
364 581 602 626 ἐνοχλοίμεθα
630 581 889 635 προςελεὺσεσι,
919 584 1169 627 προτρέπομεν
1199 581 1281 615 τοὺς
1311 579 1461 623 ἑκάστης
1489 585 1659 625 ἐπαρχίας
1688 580 1910 617 ὁσιωτάτους
1942 583 2157 619 ἐπισκόπους
2181 583 2369 630 κτητόρων
2396 599 2434 620 τε

211 631 270 660 καὶ
301 624 502 671 οἰκητόρων
531 625 614 660 τοὺς
646 637 800 672 αγοντας
829 625 875 659 τὰ
899 630 1072 671 πρωτεῖα,
1101 624 1161 659 διὰ
1186 628 1304 668 κοινῆς
1327 624 1480 669 δεήσεως
1501 623 1694 672 ἀναφέρειν
1719 629 1777 660 ἐπὶ
1801 626 1844 661 τὸ
1870 626 2043 672 ἡμέτερον
2063 628 2189 673 κράτος
2213 630 2295 664 τοὺς
2317 627 2435 664 αὐτοῖς

211 669 421 714 ἐπιτηδείως
451 673 544 714 ἔχειν
574 671 664 714 πρὸς
692 671 762 714 τὴν
793 667 907 716 ἀρχὴν
934 671 996 713 τῆς
1028 669 1151 704 αὐτῶν
1182 672 1351 714 ἐπαρχίας
1382 673 1641 715 νομιζομένους.
1688 669 1828 707 τούτοις
1854 672 1924 718 γὰρ
1953 673 2000 706 τὰ
2035 673 2197 717 σύμβολα
2230 676 2293 718 τῆς
2328 672 2433 720 ἀρχῆς

211 715 346 750 δόσεως
378 719 485 761 χωρὶς
518 716 718 760 παρέξομεν
753 713 1049 760 ἀσφαλιζομένοις
1080 715 1150 749 τὸν
1180 714 1355 759 δημόσιον
1383 714 1530 762 εἰςάγειν
1561 716 1718 760 κανόνα,
1755 717 2024 763 παρεγγυῶντες
2056 715 2172 752 αὐτοῖς
2201 721 2277 753 τῶν
2307 720 2433 762 νόμων

210 763 377 794 ἐναντίον
408 759 520 804 μηδὲν
552 759 846 806 διαπράττεσθαι
876 760 922 803 [ἢ]
947 759 1042 803 μηδέ
1069 773 1154 794 τινα
1178 759 1376 803 βιάζεσθαι
1405 761 1504 809 παρὰ
1540 763 1617 795 τῶν
1653 759 1840 796 ὑποτελῶν
1874 761 2019 807 (πόρον,
2049 759 2141 796 ἀλλὰ
2176 767 2252 797 ταῖς
2274 764 2435 807 οἰκείαις)

211 804 439 850 ἀρκουμένοις
470 806 653 849 σιτήσεσιν
685 807 926 852 ἐπαγρυπνεῖν
951 806 997 851 τῇ
1027 805 1104 839 τῶν
1133 803 1317 848 δημοσίων
1348 806 1474 851 φόρων
1502 806 1694 861 εἰςπράξει,
1726 810 1785 840 καὶ
1815 809 1888 840 τοῖς
1910 808 1977 850 μὲν
2001 810 2084 851 περὶ
2108 808 2170 842 τὰς
2192 805 2347 852 εὐσεβεῖς
2371 809 2434 841 εἰς·

211 850 322 896 φορὰς
345 848 613 896 εὐγνωμονοῦσι
633 851 756 895 πρᾴως
779 863 818 884 τε
843 848 917 893 ἅμα
942 854 1001 884 καὶ
1024 852 1206 896 πατρικῶς
1230 851 1507 896 προςφέρεσθαι,
1540 862 1622 885 τους
1646 849 1685 884 δὲ
1708 848 2012 897 ἀγνωμονοῦντας
2035 851 2257 897 εἰςπράττειν
2280 851 2434 898 σφοδρό-

209 908 324 940 τερον,
356 893 469 939 μηδὲν
494 894 583 938 ὑπὲρ
613 896 743 929 τούτου
767 893 887 939 κέρδος
909 896 1040 928 οἰκεῖον
1063 893 1302 929 παντάπασιν
1322 893 1617 940 ἀποφερομένους.
1667 894 1785 939 δεήσει
1809 894 1849 929 δὲ
1873 895 1999 930 αὐτοὺς
2022 894 2127 930 οῦδὲν
2150 890 2261 940 ἧττον
2284 901 2344 931 καὶ
2363 900 2435 931 τοῖς

210 938 452 984 δικαζομένοις
480 936 596 973 ἅπασι
627 938 669 974 τὸ
699 940 780 974 ἴσον
809 952 849 973 τε
878 943 937 974 καὶ
969 938 1106 973 δίκαιον
1133 942 1254 983 νέμειν
1281 940 1350 974 σὺν
1377 939 1478 982 τάχει
1507 954 1547 975 τε
1577 938 1725 975 τούτους
1753 938 2000 976 ἀπαλλάττειν
2023 941 2223 985 βλέποντας
2247 942 2333 987 πρὸς
2352 941 2433 975 τοὺς

209 983 350 1027 νόμους,
382 983 430 1018 ῶς
459 984 508 1028 μὴ
537 988 597 1018 καὶ
625 982 805 1019 δαπάναις
830 988 889 1018 καὶ
921 982 1059 1029 χρόνοις
1087 987 1234 1028 μακροῖς
1265 983 1391 1020 αὐτοὺς
1417 986 1691 1030 έπιτρίβεσθαι·
1724 986 1903 1026 ἐπεξιέναι
1932 984 1971 1019 δὲ
1993 990 2054 1020 καὶ
2077 990 2149 1021 τοῖς
2174 984 2433 1033 ἁμαρτάνουσι,

209 1032 268 1062 καὶ
288 1029 378 1073 πρὸς
400 1027 467 1063 τὸν
490 1027 606 1073 νόμον
626 1027 776 1075 ἐπάγειν
801 1029 862 1064 τὰς
884 1033 1059 1074 τιμωρίας
1082 1027 1213 1072 αὐτοῖς,
1237 1033 1297 1063 καὶ
1320 1031 1446 1066 πᾶσαν
1465 1030 1743 1065 ἐπιδείκνυσθαι
1764 1029 2004 1074 δικαιοσύνην.

1210 1141 1366 1177 CAPUT
1386 1141 1432 1176 11.

345 1205 395 1242 Οὐ
426 1206 541 1251 μόνον
572 1205 613 1241 δὲ
645 1203 765 1241 αὐτοῖς
794 1207 912 1241 ταῦτα
942 1206 1240 1253 προαγορεύομεν,
1272 1206 1361 1242 ἀλλὰ
1392 1210 1453 1241 καὶ
1484 1210 1557 1242 τοῖς
1588 1204 1696 1251 ἀρχῆς
1726 1208 1876 1252 ἑκάστης
1907 1207 2095 1255 παρέδροις
2125 1212 2184 1242 καὶ
2212 1212 2285 1244 τοῖς
2317 1208 2435 1244 ἄλλως

209 1251 505 1299 ὑπηρετουμένοις
537 1249 668 1287 αὐταῖς.
715 1252 747 1286 εἰ
772 1249 843 1298 γάρ
874 1263 927 1286 τις
959 1249 1083 1286 αὐτῶν
1107 1250 1129 1295 ἢ
1149 1256 1230 1298 περὶ
1253 1253 1320 1296 τὴν
1340 1254 1417 1287 τῶν
1441 1251 1625 1296 δημοσίων
1648 1252 1829 1298 εἴςπραξιν
1849 1255 2015 1300 ῥᾳθυμίᾳ
2038 1254 2223 1299 χρήσηται,
2247 1251 2270 1298 ἢ
2295 1256 2434 1298 ζημίαις

209 1298 232 1341 ἢ
265 1301 442 1343 ἑπηρείαις
470 1294 659 1342 περιβάλοι
690 1296 771 1331 τοὺς
799 1295 986 1342 ἡμετέρους
1015 1294 1205 1340 ὑποτελεῖς,
1237 1299 1299 1341 τῆς
1329 1311 1368 1332 τε
1389 1293 1510 1332 οὗσίας
1533 1298 1734 1331 ἐκπεσεῖται
1757 1301 1817 1332 καὶ
1838 1302 2021 1344 μεγίσταις
2044 1298 2300 1342 ὗπαχθήσεται
2322 1313 2434 1343 τιμω-

209 1347 310 1389 ρίαις,
359 1340 445 1386 ἡμῖν
479 1343 549 1388 γὰρ
584 1340 779 1388 ἡγουμένου
813 1342 905 1376 θεοῦ
941 1345 1006 1385 μία
1037 1345 1090 1376 τίς
1122 1344 1222 1376 ἐστιν
1253 1339 1343 1384 αῦτη
1377 1341 1515 1386 σπουδὴ
1548 1342 1609 1376 τὰς
1641 1344 1810 1388 ἐπαρχίας
1842 1341 2080 1388 εὐνομεῖσθαί
2107 1357 2146 1377 τε
2175 1347 2234 1377 καὶ
2264 1341 2435 1389 ἀσφαλῶς

208 1388 390 1422 οἰκεῖσθαι
421 1390 480 1421 καὶ
508 1390 571 1430 τῆς
601 1388 678 1421 τῶν
703 1383 892 1432 ἀρχόντων
908 1383 1105 1421 ἀπολαύειν
1129 1385 1363 1430 δικαιοσύνης.
1386 1386 1469 1422 τούς
1491 1401 1531 1422 τε
1550 1385 1737 1431 δημοσίους
1762 1385 1956 1432 ἀμέμπτως
1973 1386 2182 1433 εἰςάγεσθαι
2206 1387 2346 1433 φόρους.
2393 1385 2434 1422 οὗ

207 1432 278 1479 γὰρ
309 1431 424 1467 ἄλλως
454 1434 571 1466 ἔνεστι
595 1431 637 1466 τὸ
661 1431 858 1476 πολίτευμα
883 1430 1133 1473 διασώζεσθαι
1155 1432 1204 1476 μὴ
1228 1433 1305 1466 τῶν
1327 1429 1489 1476 εὐσεβῶν
1513 1433 1748 1478 εἰςαγομένων
1772 1432 2012 1477 τελεσμάτων,
2037 1433 2075 1473 ἐξ
2099 1433 2152 1467 ῶν
2170 1432 2212 1467 τό
2237 1435 2303 1476 μὲν
2327 1444 2434 1477 στρα-

208 1478 382 1512 τιωτικὸν
400 1477 446 1511 τὰ
476 1479 677 1523 τεταγμένα
708 1474 827 1519 τούτῳ
860 1475 1099 1521 κομιζόμενον
1121 1480 1194 1511 τοῖς
1218 1476 1396 1520 πολεμίοις
1415 1474 1723 1519 ἀντικαθίσταται
1746 1481 1805 1511 καὶ
1829 1479 1867 1512 ἐκ
1890 1480 1951 1533 τῆς
1974 1479 2051 1512 τῶν
2073 1479 2274 1523 βαρβάρων
2293 1476 2434 1523 ἐπιδρο-

207 1523 275 1566 μῆς
304 1535 344 1556 τε
374 1525 433 1555 καὶ
465 1526 587 1555 κακίας
611 1521 803 1566 ἐξαιρεῖται
826 1521 908 1555 τοὺς
931 1520 1122 1564 ὑποτελεῖς,
1148 1525 1293 1567 φρουρεῖ
1316 1520 1355 1556 δὲ
1378 1525 1438 1555 καὶ
1461 1522 1542 1555 τοὺς
1563 1518 1690 1568 ἀγροὺς
1713 1526 1773 1556 καὶ
1796 1523 1860 1557 τὰς
1883 1523 2003 1558 πολεις
2026 1523 2064 1555 ἐκ
2094 1524 2155 1565 τῆς
2184 1523 2263 1557 τῶν
2289 1521 2434 1569 λῃστῶν

207 1571 267 1600 καὶ
288 1569 366 1601 τῶν
389 1565 502 1600 ἄλλως
526 1565 685 1600 ἄτακτον
707 1570 791 1610 βίον
815 1568 1099 1614 ἐπανῃρημένων
1123 1568 1288 1611 ἐπηρείας
1311 1579 1351 1600 τε
1374 1569 1433 1600 καὶ
1458 1565 1599 1611 ἐφόδου,
1624 1565 1798 1602 ἀπολαύει
1822 1566 1861 1601 δὲ
1878 1567 2000 1602 καὶτὰ
2016 1566 2126 1601 λοιπὰ
2141 1568 2219 1602 τῶν
2234 1568 2434 1613 ταγμάτων

208 1614 285 1645 τῶν
317 1609 435 1645 αὐτοῖς
467 1608 790 1655 ἀπονεμηθέντων,
819 1615 916 1653 τείχη
940 1625 981 1646 τε
1000 1614 1059 1645 καὶ
1078 1609 1201 1645 πόλεις
1225 1612 1530 1657 ἐπανορθοῦνται,
1554 1610 1738 1655 δημοσίων
1761 1626 1800 1646 τε
1823 1611 2030 1656 βαλανείων
2054 1609 2268 1656 ἐκπυρώσεις
2288 1612 2435 1657 προΐασι

208 1657 383 1701 θεάτρων
405 1668 444 1689 τε
468 1655 650 1699 ἐπιμέλεια
673 1658 733 1689 καὶ
756 1657 832 1690 τῶν
856 1654 988 1698 ἄλλων,
1012 1655 1134 1690 ὁπόσα
1155 1656 1244 1711 πρὸς
1267 1657 1471 1701 θεραπείαν
1494 1658 1572 1690 τῶν
1593 1653 1766 1700 ὑπηκόων
1790 1658 1991 1702 ἐξεύρηται·
2013 1653 2100 1690 ὥςτε
2123 1658 2169 1691 τὰ
2201 1654 2283 1700 παρ’
2310 1654 2435 1691 αὐτῶν

209 1699 473 1744 συντελούμενα
504 1701 551 1733 τὰ
582 1702 649 1744 μὲν
680 1701 728 1734 εἰς
761 1699 888 1734 αὐτοὺς
917 1701 963 1735 τὰ
998 1700 1037 1734 δὲ
1068 1704 1128 1734 καὶ
1162 1700 1196 1735 δι
1246 1698 1373 1735 αὐτοὺς
1402 1699 1650 1735 δαπανᾶσθαί
1669 1715 1710 1736 τε
1732 1705 1792 1735 καὶ
1816 1700 2062 1744 έπιδίδοσθαι,
2087 1699 2171 1745 ἡμῖν
2195 1700 2235 1735 δὲ
2257 1701 2435 1742 καθάπαξ

209 1743 317 1779 οὐδὲν
340 1745 517 1778 ἐντεῦθεν
537 1742 560 1787 ἢ
583 1743 647 1778 τὰς
670 1743 761 1788 ὑπὲρ
779 1744 924 1779 τούτων
947 1747 1039 1787 ἔχειν
1063 1749 1253 1789 συμβαίνει
1271 1744 1475 1790 φροντίδας,
1499 1745 1594 1788 πλὴν
1617 1743 1692 1780 ἀλλ’
1714 1744 1798 1780 οὐδὲ
1820 1746 1954 1781 ταύτας
1978 1744 2166 1789 ἀμίσθους,
2191 1747 2255 1780 τοῦ
2278 1745 2435 1793 μεγάλου

209 1791 302 1824 θεοῦ
334 1792 394 1823 καὶ
425 1791 584 1834 σωτῆρος
614 1785 718 1832 ἡμῶν
745 1790 861 1831 Ἰησοῦ
886 1791 1045 1835 Χριστοῦ
1072 1791 1126 1833 τῷ
1158 1790 1308 1836 μεγέθει
1340 1790 1402 1832 τῆς
1433 1788 1545 1824 αὐτοῦ
1580 1789 1861 1836 φιλανθρωπίας
1885 1789 2028 1826 πολλοῖς
2045 1790 2138 1834 ἡμᾶς
2160 1794 2220 1825 καὶ
2243 1790 2303 1825 διὰ
2327 1792 2434 1825 τοῦτο

210 1838 283 1868 τοῖς
305 1831 458 1880 ἀγαθοῖς
481 1830 727 1878 ἀμειβομένου.

208 1980 347 2025 fectum
370 1980 463 2014 esset
484 1980 520 2012 et
542 1977 747 2021 confusum,
770 1976 811 2011 id
831 1979 867 2011 et
890 1976 1157 2012 emendaremus
1171 1980 1207 2012 et
1223 1977 1427 2022 perfectum
1442 1977 1680 2013 redderemus.
1721 1976 1851 2023 Itaque
1867 1988 1946 2013 cum
1962 1978 2227 2019 meditaremur,
2252 1980 2432 2023 quomodo

211 2029 282 2059 tam
303 2023 415 2068 fiscus
438 2032 546 2067 quam
568 2021 719 2057 subiecti
740 2031 763 2055 a
786 2020 917 2055 damno
942 2025 976 2056 et
999 2021 1134 2056 iniuria
1158 2021 1261 2056 liberi
1284 2025 1480 2063 manerent,
1504 2022 1542 2056 id
1564 2022 1705 2066 quidem
1729 2032 1797 2057 nos
1817 2022 1931 2068 facile
1955 2022 2160 2058 obtenturos
2184 2023 2436 2067 intelleximus,

210 2069 243 2103 si
276 2068 505 2113 efficeremus
540 2069 581 2101 ut
608 2064 799 2111 praesides
826 2065 1096 2110 provinciarum
1125 2066 1244 2111 qratis
1271 2066 1508 2117 maqistratus
1535 2067 1772 2112 suscipientes
1802 2069 1839 2101 et
1861 2067 1951 2112 fisco
1981 2068 2182 2102 cautionem
2210 2071 2438 2112 praestantes

207 2115 304 2149 recte
326 2115 361 2147 et
384 2111 539 2158 leqitime
554 2110 718 2146 omnibus
734 2114 932 2153 uterentur,
956 2110 1122 2155 omnique
1139 2114 1210 2145 tam
1225 2110 1361 2145 iniuria
1377 2121 1483 2156 quam
1501 2111 1603 2147 lucro
1622 2111 1720 2157 turpi
1737 2115 1846 2157 atque
1861 2111 1996 2157 alioqui
2003 2111 2193 2158 prohibito
2209 2112 2438 2149 abstinerent.

342 2157 371 2192 1.
418 2155 474 2191 Ne
497 2156 561 2200 qui
583 2155 696 2200 iqitur
716 2154 902 2200 pereqrini
920 2154 1134 2207 provincias
1157 2155 1314 2201 ingressi
1335 2165 1397 2190 eas
1419 2156 1554 2191 iniuria
1578 2156 1747 2201 afficiant
1776 2156 1949 2202 nobisque
1969 2167 2038 2203 per
2060 2156 2206 2192 crebras
2228 2157 2438 2203 interpella-

209 2203 322 2238 tiones
346 2201 517 2237 adversus
539 2199 622 2235 illos
642 2200 768 2245 factas
789 2199 952 2235 molestia
976 2199 1167 2244 afferatur,
1192 2199 1432 2235 exhortamur
1453 2200 1680 2247 sinqularum
1699 2201 1971 2247 provinciarum
1989 2202 2232 2236 sanctissimos
2249 2201 2437 2255 episcopos

209 2257 342 2292 eosque
364 2246 428 2292 qui
450 2247 543 2281 inter
558 2255 791 2291 possessores
814 2248 850 2279 et
871 2243 1010 2279 incolas
1027 2244 1277 2291 principatum
1301 2248 1430 2288 tenent,
1454 2249 1495 2281 ut
1513 2256 1583 2292 per
1605 2255 1824 2281 communem
1847 2246 2146 2297 supplicationem
2170 2246 2220 2281 ad
2233 2250 2438 2292 potentiam

209 2296 370 2327 nostram
393 2290 565 2335 deferant
586 2300 649 2325 eos
672 2300 764 2335 quos
786 2288 936 2324 idoneos
958 2299 1035 2324 esse
1057 2288 1108 2324 ad
1129 2289 1474 2326 administrationem
1491 2290 1707 2337 provinciae
1729 2301 1817 2326 suae
1831 2291 2046 2326 existiment.
2084 2290 2154 2326 His
2168 2292 2262 2326 enim
2277 2292 2437 2337 insiqnia

209 2337 446 2382 maqistratus
469 2335 586 2380 qratis
611 2334 794 2369 trademus
816 2333 1019 2369 cautionem
1034 2334 1273 2380 praestituris
1294 2345 1333 2369 se
1382 2334 1536 2370 ublicum
1560 2345 1732 2371 canonem
1755 2335 1935 2377 illaturos,
1960 2334 2161 2380 obliqantes
2185 2346 2257 2378 eos,
2280 2346 2325 2370 ne
2348 2337 2439 2382 quid

209 2384 390 2427 peraqant
420 2380 517 2425 quod
546 2378 684 2425 leqibus
706 2379 928 2414 contrarium
949 2379 1008 2420 sit,
1039 2389 1109 2414 neu
1133 2389 1237 2424 quem
1261 2390 1284 2414 a
1307 2345 1476 2415 subjiectis
1498 2383 1744 2426 extorqueant
1764 2381 1981 2432 (quaestum,
2015 2380 2081 2415 sed
2102 2384 2143 2415 ut
2164 2381 2257 2425 suis>
2280 2382 2437 2417 contenti

210 2425 366 2460 annonis
391 2424 622 2470 publicorum
655 2422 869 2459 tributorum
898 2423 1084 2459 exactioni
1114 2423 1313 2470 inviqilent,
1345 2429 1454 2470 atque
1484 2435 1574 2470 erqa
1597 2435 1659 2460 eos
1682 2425 1745 2470 qui
1766 2435 1805 2460 in
1822 2425 1900 2477 piis
1922 2424 2146 2460 illationibus
2168 2425 2333 2470 reliqiosi
2353 2429 2439 2461 sunt

2461 723 2501 754 10

2460 945 2499 977 15

2459 1305 2501 1337 20

2458 1528 2500 1560 25

2458 1750 2500 1783 30

211 2471 399 2505 clementer
428 2469 537 2504 simul
564 2473 599 2504 et
656 2472 780 2504 aterne
802 2478 840 2503 se
862 2472 1005 2514 qerant‚
1029 2479 1052 2503 a
1076 2468 1344 2504 contumacibus
1366 2473 1485 2505 autem
1508 2480 1570 2505 eas
1591 2470 1749 2505 severius
1771 2473 1935 2516 extqant,
1956 2480 2042 2505 neve
2064 2469 2175 2504 ullum
2201 2471 2345 2505 omnino
2370 2470 2438 2506 noe
2459 2471 2468 2478 “’

211 2515 352 2550 nomine
376 2525 451 2560 pro
480 2514 574 2548 rium
622 2524 748 2548 uerum
778 2512 963 2558 auferant.
1010 2512 1087 2548 Nec
1117 2513 1236 2548 minus
1264 2514 1447 2559 oportebit
1475 2525 1538 2549 eos
1570 2514 1793 2561 litiqantibus
1814 2525 1958 2560 quoque
1980 2514 2141 2549 omnibus
2163 2514 2380 2560 aequitatem
2404 2518 2439 2550 et

210 2559 381 2595 iustitiam
405 2559 452 2594 tri
477 2569 572 2601 uere,
603 2568 735 2603 eosque
757 2558 920 2593 celeriter
943 2557 1120 2593 dimittere
1143 2558 1260 2603 lequm
1283 2558 1424 2594 ratione
1447 2557 1581 2603 habita,
1610 2570 1656 2595 ne
1679 2562 1714 2595 et
1735 2559 1936 2612 sumptibus
1958 2562 1994 2595 et
2018 2558 2280 2604 longinquitate
2302 2564 2436 2605 tempo-

210 2615 290 2639 rum
313 2614 375 2639 eos
398 2607 559 2639 atterant
564 2615 580 2645 ;
613 2605 678 2638 sed
707 2603 814 2639 etiam
838 2602 1086 2648 delinquentes
1113 2602 1284 2648 persequi
1306 2606 1341 2638 et
1363 2603 1557 2639 secundum
1581 2603 1678 2650 leqes
1700 2604 1880 2650 supplicia
1903 2603 1948 2638 iis
1971 2603 2146 2649 insliqere‚
2170 2607 2279 2649 atque
2299 2614 2437 2639 omnem

210 2649 382 2684 iustitiam
432 2652 604 2683 raestare.
2268 2654 2270 2656 ’

344 2659 504 2728 IL‘pNec
527 2703 611 2729 vero
634 2692 724 2738 ipsis
749 2694 887 2727 tantum
909 2691 997 2727 baec
1014 2692 1271 2743 praecipimus,
1295 2691 1360 2727 sed
1381 2693 1488 2728 etiam
1511 2693 1684 2738 cuiusque
1705 2692 1939 2737 maqistratus
1958 2692 2200 2728 assessoribus
2222 2695 2257 2727 et
2278 2693 2343 2739 qui
2363 2692 2438 2729 illis

203 2742 400 2784 praeterea
437 2737 636 2773 ministeria
668 2737 830 2788 faciunt.
886 2735 928 2772 Si
965 2738 1046 2782 quis
1084 2747 1176 2772 enzm
1214 2747 1336 2772 eorum
1376 2737 1432 2773 vel
1468 2738 1508 2772 in
1549 2737 1764 2773 tributorum
1804 2737 1995 2772 exactione
2029 2737 2259 2782 neqleqentia
2299 2741 2436 2780 utatur,

211 2782 267 2818 vel
296 2782 436 2817 damnis
467 2785 533 2818 aut
561 2782 706 2817 iniuriis
738 2781 915 2817 subiectos
944 2785 1088 2816 nostros
1119 2782 1280 2827 afficiat,
1313 2785 1348 2817 et
1379 2782 1482 2817 bonis
1509 2781 1714 2828 privabitur
1743 2785 1779 2817 et
1803 2781 1974 2816 maoeimis
2006 2781 2197 2827 suppliciis
2229 2782 2434 2817 subicietur.

213 2827 327 2862 Nobis
346 2827 437 2862 enim
470 2826 536 2862 deo
568 2826 658 2862 duce
690 2837 800 2862 unum
831 2825 900 2861 boe
928 2830 982 2862 est
1010 2826 1181 2868 studium,
1211 2830 1252 2862 ut
1271 2827 1482 2872 provinciae
1504 2830 1539 2862 et
1563 2826 1665 2862 bonis
1689 2826 1827 2872 leqibus
1850 2828 2003 2860 utantur
2026 2831 2060 2860 et
2085 2826 2122 2860 in
2145 2826 2337 2861 securitate
2359 2836 2438 2861 ver-

211 2875 334 2907 sentur
365 2877 398 2907 et
433 2871 642 2917 praesidum
681 2871 820 2906 iustitia
855 2871 1044 2916 fruantur,
1080 2874 1190 2923 utque
1221 2870 1372 2917 publica
1403 2872 1538 2907 tributa
1567 2874 1663 2906 recte
1693 2870 1913 2916 inferantur.
1961 2869 2088 2915 Neque
2119 2870 2211 2905 enim
2242 2870 2348 2906 aliter
2377 2881 2436 2906 res

209 2916 356 2963 publica
379 2916 518 2952 servari
537 2919 658 2962 potest
681 2916 752 2950 nisi
770 2916 846 2961 piis
870 2915 1011 2950 tributis
1034 2915 1159 2957 illatis,
1183 2926 1233 2952 ex
1256 2915 1385 2961 quibus
1407 2916 1591 2952 exercitus
1614 2926 1707 2961 quae
1730 2916 1763 2950 ei
1786 2915 1966 2950 destinata
1980 2918 2066 2950 sunt
2080 2915 2261 2961 accipiens
2277 2914 2437 2950 nostibus

211 2961 345 2996 resistit
374 2964 410 2996 et
439 2972 462 2995 a
484 2961 719 2996 barbarorum
744 2960 949 2996 incursione
972 2964 1008 2996 et
1029 2960 1259 3006 improbitate
1282 2959 1460 2995 subiectos
1483 2961 1624 3003 liberat,
1656 2970 1768 3006 aqros
1825 2970 1942 3005 uoque
1964 2963 2002 2995 et
2023 2959 2185 2995 civitates
2209 2970 2232 2994 a
2255 2959 2436 2994 latronum

212 3011 275 3040 aut
298 3005 405 3041 aliter
429 3005 668 3040 turbulentam
692 3005 800 3041 vitam
822 3005 1035 3040 sectantium
1058 3005 1203 3040 iniuriis
1226 3008 1263 3040 et
1283 3005 1468 3041 invasione
1491 3005 1666 3051 defendit,
1695 3004 1777 3040 dein
1804 3015 1823 3039 e
1845 3005 1977 3050 reliqui
2010 3014 2081 3049 quo
2109 3014 2152 3039 ue
2176 3003 2321 3039 ordines
2345 3014 2437 3039 com-

211 3050 326 3085 modis
346 3050 391 3085 iis
414 3049 598 3096 deputatis
619 3050 809 3095 fruuntur,
834 3054 870 3085 et
891 3050 985 3084 muri
1008 3054 1044 3085 et
1066 3050 1173 3085 urbes
1195 3050 1457 3092 instaurantur,
1481 3054 1518 3085 et
1528 3049 1760 3096 publicarum
1783 3049 2006 3085 balinearum
2030 3059 2073 3083 ca
2088 3049 2289 3094 efactiones
2305 3059 2437 3095 proce-

213 3095 303 3130 dunt
317 3099 353 3129 et
368 3094 589 3130 theatrorum
605 3105 695 3129 cura
711 3098 980 3147 ceterorumque
1000 3105 1246 3140 quaecumque
1268 3093 1317 3130 ad
1337 3095 1577 3130 subiectorum
1601 3094 1824 3130 commodum
1848 3095 1992 3130 inventa
2015 3096 2118 3128 sunt:
2142 3097 2184 3128 ut
2205 3103 2298 3138 quae
2321 3094 2367 3129 ab
2391 3093 2438 3128 iis

214 3139 454 3185 conferuntur
472 3140 611 3192 partim
634 3139 672 3174 in
695 3140 796 3186 ipsos
816 3142 952 3185 partim
983 3139 1091 3175 eciam
1121 3143 1274 3186 propter
1303 3138 1404 3185 ipsos
1437 3139 1691 3186 impendantur
1713 3143 1750 3174 et
1766 3138 2026 3185 praebeantur,
2058 3137 2161 3173 nobis
2183 3147 2267 3172 vero
2291 3137 2436 3173 omnino

213 3183 305 3218 nihil
332 3183 416 3219 inde
444 3184 516 3219 nisi
537 3194 646 3219 curas
665 3195 735 3230 pro
760 3183 805 3219 iis
828 3184 960 3219 nabere
982 3184 1104 3219 contin
1132 3188 1181 3226 at,
1238 3194 1430 3230 uamquam
1451 3195 1497 3220 ne
1519 3183 1587 3219 kas
1635 3184 1752 3219 uidem
1774 3184 1852 3219 sine
1874 3182 2046 3225 mercede,
2071 3193 2150 3217 cum
2172 3193 2326 3228 maqnus
2349 3181 2437 3217 deus

213 3232 247 3262 et
276 3232 440 3306 sqrvator
470 3232 591 3264 noster
614 3226 719 3264 Iesus
745 3228 907 3264 Christus
928 3228 1092 3275 maqnitu
1118 3229 1176 3265 ine
1200 3195 1406 3265 ezementiae
1427 3240 1514 3264 suae
1536 3240 1596 3264 mu
1612 3229 1657 3264 tis
1680 3239 1746 3264 nos
1767 3229 1869 3265 bonis
1889 3230 2042 3274 propter
2065 3226 2133 3262 hoc
2156 3237 2298 3272 quoque
2320 3237 2436 3263 remu-

213 3282 298 3307 nere
314 3283 368 3307 ur.

261 3417 281 3448 2
306 3413 349 3457 δὴ
367 3417 542 3461 Scrimyer]
567 3414 622 3450 δεῖ
636 3418 682 3451 Μ
690 3417 703 3461 ΙΙ
721 3417 752 3450 εἰ
769 3418 944 3462 Scrimqer]
961 3418 1016 3451 εἰσ
1033 3419 1076 3452 Μ
1089 3418 1101 3462 ΙΙ
1119 3420 1141 3453 4
1155 3417 1291 3463 *παρα-
1359 3424 1405 3450 est
1430 3419 1560 3452 10--12
1586 3419 1644 3452 litt.
1661 3420 1704 3462 cs.
1724 3419 1844 3452 Theod.
1869 3412 1921 3461 ἐφ’
1947 3406 1976 3458 ᾧ
1996 3414 2111 3450 αὐτὸν
2129 3412 2354 3461 ἀρκεσθῆναι
2369 3411 2435 3458 μό-

217 3456 438 3511 σκευάσαμεν
455 3463 504 3495 M
518 3462 859 3506 (παρασκευάζωμεν
883 3476 951 3496 cum
968 3464 1151 3506 Scrimqero
1168 3463 1292 3507 vulq.)fl
1358 3473 1423 3495 νον
1446 3464 1524 3495 ταῖς
1540 3462 1684 3496 οἰκείαις
1700 3460 1884 3505 σιτήσεσιν
1899 3461 1911 3506 ΙΙ
1932 3463 1973 3495 12
1989 3457 2222 3506 Ι’ἀρκούμενοι
2239 3461 2288 3502 M,
2311 3456 2435 3505 ἀρκου-

218 3507 454 3545 απεχομένους
476 3506 652 3549 Agylaeus]
678 3503 891 3550 ἀπεχόμενοι
915 3509 962 3541 Μ
972 3508 984 3551 ΙΙ
1002 3510 1021 3542 6
1046 3504 1144 3551 ἡμεῖς
1167 3508 1289 3542 Scrim-
1356 3508 1483 3549 μένους
1505 3509 1690 3551 Hombequ
1706 3507 1719 3551 11
1740 3509 1778 3542 18
1804 3505 1922 3540 ἄλλοις
1946 3507 2029 3540 male
2052 3519 2120 3540 cum
2147 3506 2329 3547 Scrimyero
2344 3505 2432 3547 vulq.

219 3550 286 3588 yer]
311 3545 405 3589 ὑμεῖς
429 3550 475 3582 Μ
490 3550 503 3590 ΙΙ
532 3554 572 3585 10
597 3547 893 3595 ἀσφαλιζομένοις
916 3553 1118 3607 Ηοηιόενρλτ]
1137 3548 1290 3598 ἀσφαλι-
1356 3549 1368 3596 ΙΙ
1387 3552 1430 3584 24
1444 3553 1516 3584 τοῖς
1531 3553 1589 3593 Μ]
1606 3554 1679 3586 τοῖς
1701 3564 1741 3586 τε
1757 3565 1825 3586 cum
1841 3552 2024 3595 Scrimqero
2040 3552 2125 3595 vulq-
2142 3549 2156 3595 ΙΙ
2173 3550 2215 3584 28
2234 3546 2434 3592 ἐπιμέλειας

221 3591 365 3643 ζςμένης
385 3594 428 3626 Μ
441 3594 453 3636 ΙΙ
473 3597 511 3628 11
539 3593 559 3637 ἢ
582 3597 644 3629 del.
673 3597 900 3639 Osenbrnyqen
915 3596 928 3638 ΙΙ
946 3595 1073 3639 πόρον,
1098 3595 1189 3630 αλλὰ
1213 3599 1290 3631 ταῖς
1358 3597 1416 3630 Ma
1434 3597 1447 3639 ΙΙ
1463 3598 1502 3630 31
1531 3594 1643 3630 αὑτοῦ
1667 3610 1734 3631 cum
1758 3598 1942 3642 Scrimqero
1965 3596 2052 3643 vulq.

219 3637 362 3668 οικείαις
388 3640 543 3680 supplevi,
577 3652 636 3673 om.
661 3641 709 3673 M
722 3642 755 3673 in
778 3653 840 3683 quo
859 3649 935 3683 post
957 3638 1146 3675 ὑποτελῶν
1171 3643 1288 3676 lacuna
