2618 4010
119 140 434 173 nnnnsoponm
1199 122 1278 170 215
1981 125 2086 168 Nov.
2111 124 2294 168 XXVIII
2325 130 2350 167 4

117 240 138 285 ἢ
171 242 273 275 θἐίου
303 240 551 287 πραγματικοῦ
584 237 805 282 κωλυόμενος
838 237 968 280 τύπου,
1001 236 1066 273 κᾶν
1098 239 1134 272 εἴ
1160 252 1197 272 τι
1266 248 1371 273 sacra
1395 238 1614 282 pragmatica
1647 237 1891 280 prohibendus
1916 237 2047 280 forma,
2080 237 2166 272 licet
2188 238 2259 272 tale
2283 237 2348 272 ali-

116 288 283 321 τοιοῦτον
307 283 326 321 ὁ
349 283 519 331 πρότερος
543 286 717 318 ἐπέταττε
738 283 871 330 χρόνος.
915 288 988 318 Καὶ
1011 288 1114 318 ἔσται
1138 287 1197 317 καὶ
1268 284 1351 327 quid
1373 284 1474 327 prius
1498 281 1697 328 imperabat
1720 286 1870 326 tempus.
1919 282 2069 327 Eritque
2094 286 2129 318 et
2153 283 2191 318 in
2215 286 2348 318 metro-

118 334 178 367 έπὶ
203 333 280 365 τῶν
303 329 562 376 μητροπόλεων
593 332 652 362 καὶ
677 331 738 363 ἐπὶ
769 331 846 363 τῶν
870 329 1002 371 ἄλλων,
1031 330 1130 364 ἔνθα
1154 326 1199 362 ἂν
1269 328 1411 373 polibus
1436 332 1471 363 et
1495 328 1531 362 in
1555 327 1646 369 aliis,
1683 327 1897 372 ubicumque
1920 327 2113 371 providerit
2137 329 2180 371 (si
2204 327 2348 364 omnino

117 378 225 412 τοῦτο
260 374 397 411 συνίδοι
435 375 548 421 (εἴπερ
586 371 676 408 ὅλως
713 372 734 417 ἡ
769 374 870 409 πόλις
910 374 1087 421 αὐτάρκης
1121 377 1199 408 ἐστὶ
1269 374 1393 408 civitas
1419 374 1602 408 sufficiens
1633 372 1756 407 estad
1780 372 2041 417 susceptionem
2065 373 2165 416 eius),
2195 374 2272 419 ipse
2291 377 2347 408 ta-

117 421 205 468 πρὸς
235 421 302 464 τὴν
335 418 514 463 ὑποδοχὴν
547 418 613 462 τὴν
639 418 779 462 αὐτοῦ),
813 420 947 455 παντὸς
975 424 1099 465 μέντοι
1123 424 1196 464 κε’ρ-
1224 423 1243 453 5
1269 429 1349 454 men
1374 420 1474 454 lucro
1499 418 1681 453 abstinens
1706 421 1743 452 et
1767 417 1842 452 sine
1867 418 1994 452 damno
2019 419 2125 452 omni.
2171 418 2247 453 Nec
2270 419 2349 463 ipsc

118 467 197 501 δους
220 464 437 510 ἀπεχόμενος
460 469 520 498 καὶ
542 467 666 508 ζημίας
690 462 827 508 ἁπάσης
846 470 962 512 χωρίς.
1008 464 1071 500 οὐκ
1094 463 1198 499 αὐτὸς
1269 465 1361 499 enim
1394 474 1459 499 nec
1484 463 1666 506 officiales,
1701 473 1766 497 nec
1790 463 1889 497 miles
1922 464 2000 507 [nec
2025 463 2163 508 similis]
2197 474 2347 509 sequens

115 512 194 558 γάρ,
219 509 259 545 οὐ
283 510 474 554 ταξεώτης,
505 508 544 544 οὐ
570 511 793 556 στρατιώτης
818 510 989 556 ἑπόμενος
1014 512 1114 554 αὐτῷ
1139 509 1197 554 λη·
1269 520 1348 544 eum
1383 509 1556 554 percipiet
1591 508 1724 553 aliquid
1761 518 1782 543 a
1817 508 2035 551 tributariis,
2075 513 2138 543 aut
2172 509 2349 554 expendet

117 561 230 603 ψεταί
258 570 294 591 τι
323 556 422 603 παρὰ
453 557 531 590 τῶν
561 555 755 598 συντελῶν,
788 555 808 598 ἢ
835 556 1035 600 δαπανήσει
1068 559 1199 604 προῖκα
1268 555 1378 599 gratis
1403 558 1439 590 et
1461 559 1524 589 aut
1544 554 1736 589 collatores
1760 557 1903 588 nostros
1926 557 2086 588 conteret
2108 558 2171 588 aut
2196 565 2346 599 sequen-

116 606 176 636 καὶ
200 600 221 645 ἢ
244 600 325 636 τοὺς
349 600 525 635 συντελεῖς
551 600 629 635 τους
654 601 840 647 ἡμετέρους
865 604 1048 647 ἐπιτρίψει
1077 599 1098 644 ἢ
1126 604 1199 635 τοῖς
1269 605 1323 635 tes
1348 610 1387 635 se
1410 600 1541 634 milites
1572 600 1641 634 hoc
1664 599 1780 644 ipsum
1805 609 1910 642 agere
1935 599 2028 632 sinet
2060 600 2196 644 (utique
2221 604 2256 634 et
2279 600 2347 634 hoc

118 648 303 691 ἑπομένοις
340 644 438 690 αὐτῷ
476 645 717 692 στρατιώταις
754 643 841 680 αὐτὸ
882 648 987 680 τοῦτο
1023 647 1198 692 πράττειν
1218 649 1255 680 10
1268 656 1352 690 pars
1371 656 1553 680 sacrorum
1571 649 1774 679 nostrorum
1794 644 2041 679 mandatorum
2060 646 2146 685 est):
2172 645 2251 689 ipse
2270 645 2347 689 qui-

118 693 240 739 ἐφήσει
272 695 344 733 (καὶ
367 691 435 738 γὰρ
460 690 504 734 δὴ
535 695 594 725 καὶ
626 694 733 726 τοῦτο
758 691 823 734 [τὸ]
848 688 951 737 με’ρός
981 693 1058 725 τῶν
1081 693 1199 725 θείων
1268 691 1346 725 dem
1383 694 1418 725 et
1453 690 1699 725 iusiurandum
1738 689 1967 724 considerans
2007 690 2102 732 quod
2137 689 2277 732 iuravit,
2314 695 2350 724 et

116 736 221 783 ἡμῶν
244 737 556 784 παραγγελμάτων
581 739 703 778 ἐστίν).
731 736 836 771 αὐτὸς
858 739 926 780 μὲν
950 736 1016 770 τόν
1033 751 1072 770 τε
1092 734 1199 783 ὅρκον
1270 736 1352 779 quia
1382 737 1491 779 gratis
1526 735 1707 780 accipiens
1740 734 1918 778 cingulum
1951 737 1985 768 et
2016 737 2242 778 augmentum
2269 738 2348 769 tan-

118 784 266 825 έννοῶν,
290 782 333 816 ὃν
358 782 487 826 ὤμοσε,
509 786 567 815 καὶ
585 779 641 816 ὅτι
661 786 791 828 προῖκα
812 781 1112 827 παραλαμβάνων
1132 781 1198 823 τὴν
1268 789 1343 815 tum
1363 781 1498 816 habens
1518 791 1740 815 annonarum
1757 790 1949 824 numquam
1971 779 2118 814 audebit
2135 780 2270 824 aliquid
2288 790 2349 815 ac·

116 827 228 875 ἀρχὴν
259 831 318 861 καὶ
343 827 493 870 αὔξησιν
524 826 704 870 τοσαύτην
727 830 821 867 ἔχων
848 825 1026 870 σιτήσεων
1057 827 1120 861 οὐκ
1153 828 1198 859 ἂν
1269 826 1397 869 cipere,
1429 826 1497 860 nisi
1522 837 1602 861 cum
1624 835 1753 870 magna
1777 825 1924 861 reddere
1955 825 2024 860 hoc
2048 834 2164 869 poena
2187 825 2349 867 voluerit,

117 887 206 909 ποτε
229 870 419 918 τολμήσειε
447 886 483 907 τι
517 872 651 917 λαβεῖν,
688 873 718 906 εἰ
769 871 902 916 ὴμετὰ
933 871 1086 918 μεγάλης
1110 871 1197 905 ἀπο·
1217 874 1254 905 15
1270 881 1336 905 nec
1373 871 1532 906 officium
1567 872 1640 906 tale
1675 871 1808 916 aliquid
1842 880 1947 914 agere
1989 872 2053 905 aut
2087 869 2252 915 accipere
2288 880 2351 915 per

119 917 245 953 δοῦναι
279 920 383 953 τοῦτο
415 919 475 962 τῆς
507 920 632 961 ποινῆς
662 918 727 951 ἐθε
750 917 877 960 ήσειεν,
909 916 993 951 οὐδὲ
1023 919 1067 964 τῇ
1101 915 1199 957 τάξει
1270 916 1376 950 talem
1402 917 1626 951 occasionem
1651 918 1761 959 sinet3
1798 916 1926 951 milites
1951 919 2070 950 autem
2103 915 2172 950 nisi
2196 916 2349 960 propriis

118 963 261 998 τοιοῦτό
286 978 322 998 τι
347 963 523 1009 πράττειν
547 961 568 1006 ἢ
594 963 717 1006 λαβεῖν
740 977 776 996 τι
801 962 891 996 κατὰ
917 961 1090 1005 τοιαύτην
1114 961 1198 1008 πρό·
1271 962 1425 995 annonis
1452 964 1638 997 contentos
1663 963 1763 1006 sequi
1783 961 2040 1006 procuraverit,
2064 970 2130 995 nec
2154 961 2232 1005 ipse
2251 963 2352 995 extra

119 1022 234 1056 φασιν
256 1011 372 1054 ἑφιείς.
420 1008 501 1043 τοὺς
526 1006 565 1042 δὲ
587 1007 812 1053 στρατιώτας
836 1009 866 1040 εἰ
889 1007 938 1052 μὴ
959 1011 1036 1042 ταῖς
1056 1009 1199 1042 οἰκείαις
1269 1007 1400 1040 iustam
1425 1007 1703 1050 indignationem
1727 1007 1795 1042 erit
1812 1007 2020 1051 cogiturque
2045 1016 2088 1041 cx
2106 1006 2351 1041 emolumentis

117 1059 303 1098 σιτήσεσιν
338 1052 571 1098 ἀρκουμένους
606 1053 763 1088 ἕπεσθαι
799 1052 1079 1099 παρασκευάσει,
1118 1052 1200 1086 οὔτε
1270 1061 1392 1085 eorum
1418 1053 1561 1095 exigens
1589 1053 1634 1086 ab
1661 1053 1710 1087 eis
1735 1052 1870 1087 factum
1896 1051 2118 1097 dispendium
2148 1052 2217 1087 hoc
2242 1051 2350 1087 colla-

118 1098 223 1134 αὐτὸς
255 1100 326 1139 ἔξω
353 1098 489 1133 δικαίας
513 1097 786 1145 ἀγανακτήσεως
808 1097 1012 1143 γενήσεται,
1046 1098 1198 1144 ἀναγκα-
1214 1099 1255 1130 20
1269 1097 1408 1131 toribus
1433 1097 1630 1132 restituere.

118 1144 300 1188 σθ’ήσεταί
331 1158 370 1178 τε
402 1147 440 1177 ἐκ
464 1145 540 1177 τῶν
564 1140 742 1186 σιτήσεων
768 1143 891 1176 αὐτῶν
916 1142 1101 1189 εἰςπράξας
1132 1143 1200 1186 τὴν

118 1190 206 1238 παρ’
235 1188 359 1224 αὐτῶν
382 1191 574 1235 γινομένην
604 1190 735 1232 ζημίαν
767 1188 904 1232 ταύτην
935 1192 1008 1223 τοῖς
1039 1189 1198 1222 συντελέ-

196 1247 255 1269 σιν
290 1232 498 1269 ἀποδοῦναι.
559 1233 627 1266 Διά
664 1233 771 1268 τοῦτό
810 1247 851 1280 γε
885 1233 956 1278 μὴν
988 1232 1199 1278 βουλόμεθα
1270 1234 1288 1266 1
1349 1232 1545 1276 Propterea
1576 1232 1697 1276 itaque
1731 1233 1891 1268 volumus
1928 1234 1993 1268 has
2027 1233 2351 1269 administrationes

117 1278 250 1315 ταύτας
275 1278 318 1321 δὴ
340 1278 401 1313 τὰς
425 1275 530 1324 ἀρχὰς
553 1280 692 1322 μείζους
720 1292 760 1312 τε
783 1282 843 1312 καὶ
869 1283 1083 1325 σεμνοτέρας
1107 1279 1199 1313 εἶναι
1270 1277 1420 1312 maiores
1446 1282 1481 1311 et
1504 1277 1726 1313 honestiores
1758 1288 1836 1313 esse
1861 1281 1897 1313 et
1920 1279 2147 1314 multitudine
2169 1279 2351 1313 ministro-

117 1325 252 1368 πλήθει
288 1337 328 1358 τε
366 1325 445 1358 τῶν
479 1321 759 1371 ὑπηρετούντων
800 1327 957 1365 (centum
994 1327 1061 1371 γὰρ
1099 1322 1198 1367 αὐτῷ
1215 1326 1255 1358 25
1270 1334 1349 1356 rum
1370 1326 1528 1364 (centum
1553 1323 1586 1358 ei
1609 1323 1769 1358 volumus
1795 1324 1967 1358 officiales
1992 1330 2084 1362 esse)
2110 1327 2147 1359 et
2164 1324 2352 1359 nobilitate

116 1369 326 1415 βουλόμεθα
356 1367 539 1409 ταξειότας
570 1369 675 1412 εἶναι)
709 1367 906 1414 σεμνότητί
933 1384 972 1404 τε
1004 1372 1065 1413 τῆς
1090 1368 1199 1410 ἀξίας,
1272 1368 1454 1413 dignitatis
1480 1368 1724 1413 (spectabilem
1749 1369 1782 1403 ei
1806 1368 1957 1404 facimus
1985 1369 2351 1412 administrationem),

117 1414 240 1459 ἐπειδὴ
264 1413 527 1459 σπεκταβιλιάν
558 1413 656 1458 αὐτῷ
690 1417 864 1459 ποιοῦμεν
893 1415 961 1458 τὴν
985 1413 1106 1463 ἀρχὴν,
1140 1416 1201 1449 ἵνα
1271 1417 1311 1448 ut
1334 1414 1371 1447 in
1395 1414 1670 1449 necessitatibus
1695 1413 1872 1449 iudicibus
1897 1419 2041 1448 utamur
2060 1414 2295 1451 nobilioribus
2317 1418 2353 1449 et

117 1464 157 1495 έν
188 1463 263 1495 ταῖς
295 1458 463 1502 ἀνάγκαις
497 1459 642 1507 ἄρχουσι
674 1460 852 1505 χρώμεθα
884 1465 1109 1507 σεμνοτέροις
1142 1464 1201 1494 καὶ
1271 1459 1402 1494 nostris
1423 1459 1641 1494 iussionibus
1665 1459 1869 1494 ministrare
1894 1460 2111 1504 potentibus.
2150 1459 2241 1504 Quid
2261 1460 2353 1495 enim

116 1509 193 1541 ταῖς
217 1504 401 1552 ἡμετέραις
425 1504 629 1539 κελεύσεσιν
649 1503 841 1552 ὑπουργεῖν
863 1505 1038 1540 δυνατοῖς.
1079 1510 1117 1540 τί
1134 1505 1201 1552 γὰρ
1271 1508 1307 1539 et
1325 1508 1473 1548 agerent
1495 1505 1560 1539 viri
1585 1505 1779 1539 secundum
1804 1509 1887 1540 ante
1911 1516 1976 1540 nos
1998 1506 2143 1540 schema
2161 1506 2352 1549 provinciis

118 1549 164 1586 ἂν
188 1555 246 1585 καὶ
271 1550 447 1597 πράξειαν
472 1549 597 1596 ἄνδρες
620 1550 656 1584 οἱ
678 1553 770 1585 κατὰ
796 1551 836 1586 τὸ
862 1551 932 1598 πρὸ
957 1550 1060 1595 ἡμῶν
1084 1554 1201 1596 σχῆμα
1216 1553 1256 1585 30
1270 1550 1535 1594 praesedentes,
1553 1550 1660 1594 pauci
1679 1550 1820 1595 quidem
1835 1550 2027 1586 existentes
2041 1551 2235 1595 paucisque
2248 1560 2351 1595 prae-

117 1600 195 1631 ταῖς
216 1599 401 1641 ἐπαρχίαις
423 1598 632 1642 ἐφεστῶτες,
655 1594 768 1643 ὀλίγοι
786 1599 853 1640 μὲν
870 1598 980 1640 ὄντες,
1001 1597 1202 1639 ἐλαχίστων
1270 1595 1395 1640 positi,
1429 1596 1668 1640 percipientes
1699 1606 1721 1630 a
1753 1595 1841 1631 fisco
1874 1596 1961 1631 satis
1985 1596 2195 1638 mediocria,
2226 1595 2353 1631 dantes

118 1641 158 1676 δὲ
193 1642 415 1688 ἐξάρχοντες,
454 1642 687 1685 κομιζόμενοί
719 1655 759 1675 τε
795 1642 892 1688 παρὰ
929 1644 992 1677 τοῦ
1029 1641 1201 1686 δημοσίου
1272 1644 1391 1675 autem
1415 1641 1577 1686 plurima,
1603 1641 1715 1676 furari
1738 1651 1821 1676 vero
1847 1642 1963 1676 coacti
1988 1645 2023 1676 et
2048 1652 2157 1676 unum
2182 1642 2353 1676 habentes

118 1685 260 1733 σφόδρα
282 1689 420 1732 μέτρια,
445 1683 606 1721 διδόντες
629 1685 669 1721 δὲ
694 1686 820 1730 πολλά,
844 1687 1010 1722 κλέπτειν
1035 1686 1074 1721 δὲ
1095 1686 1200 1734 ἀναγ-
1271 1686 1340 1721 hoc
1373 1687 1532 1721 studium
1562 1687 1794 1731 sequentibus
1828 1697 1866 1722 se
1896 1687 2134 1722 creditoribus
2165 1687 2354 1722 occasione

117 1733 306 1777 καζὸμενοι
337 1735 397 1765 καὶ
419 1736 508 1776 μίαν
532 1735 670 1775 ἔχοντες
704 1731 841 1775 ταύτην
868 1731 1031 1776 σπουδὴν
1063 1733 1104 1768 τὸ
1129 1737 1201 1767 τοῖς
1270 1732 1398 1766 horum
1423 1742 1515 1776 quae
1541 1732 1636 1767 circa
1658 1732 1836 1776 cingulum
1861 1732 1946 1767 data
1971 1734 2056 1767 sunt
2078 1732 2252 1777 paulatim
2273 1732 2352 1767 red-

118 1778 301 1822 ἑπομένοις
333 1775 452 1811 αὐτοῖς
485 1776 687 1812 δανεισταῖς
711 1778 889 1835 προφάσει
924 1780 1002 1812 τῶν
1027 1783 1108 1825 περὶ
1133 1779 1201 1822 τὴν
1216 1780 1255 1812 35
1272 1777 1354 1811 dere
1385 1778 1559 1812 eranum?
1595 1789 1665 1822 quo
1699 1782 1840 1813 nostros
1874 1778 2063 1813 collatores
2094 1781 2354 1814 consueverunt

118 1821 228 1870 ἀρχὴν
258 1821 464 1867 δεδομένων
494 1823 586 1856 κατὰ
615 1822 745 1869 μικρὸν
775 1823 993 1859 αποδιὸόναι
1025 1823 1090 1858 τὸν
1121 1826 1199 1871 ἔρα-
1271 1823 1442 1864 vendere,
1482 1822 1608 1867 impios
1645 1823 1751 1857 simul
1794 1826 1830 1858 et
1864 1823 2087 1868 periculosos
2123 1823 2263 1858 sibimet
2299 1823 2353 1858 iu-

118 1882 198 1910 νον;
225 1869 263 1909 ἐξ
287 1868 341 1902 ὠν
364 1867 445 1902 τοὺς
468 1866 655 1914 ἡμετέρους
679 1868 854 1903 συντελεῖς
882 1870 1040 1903 εἰώθασι
1065 1869 1200 1904 πωλεῖν
1271 1868 1452 1903 Venientes
1478 1874 1659 1912 quaestus.

119 1913 257 1958 ἀσεβεῖς
281 1927 320 1948 τε
341 1910 416 1958 ἅμα
439 1918 499 1947 καὶ
520 1913 850 1958 κεκινδυνευμένους
870 1916 1004 1948 ἑαυτοῖς
1022 1913 1200 1962 εὑρίσκον-

202 1971 258 1993 τες
291 1958 430 2005 πόρους.
496 1961 614 1993 Ταῦτα
643 1957 731 2003 ἡμᾶς
759 1959 988 2003 ἐδυςιόπησεν
1017 1958 1057 1993 οὐ
1089 1959 1203 2005 μόνον
1272 1959 1295 1993 2
1343 1959 1442 1994 Haec
1474 1970 1539 1994 nos
1573 1962 1810 1994 exoraverunt
1842 1970 1914 1993 non
1946 1959 2060 1994 solum
2093 1969 2137 1994 ex
2160 1959 2229 1995 hoc
2254 1961 2354 1995 lucra

121 2008 194 2039 τοῖς
226 2005 401 2039 ἐντεῦθεν
433 2002 596 2050 κέρδεσιν
629 2002 808 2047 ἀπειπεῖν,
844 2005 933 2039 ἀλλὰ
964 2009 1024 2039 καὶ
1056 2006 1203 2039 οἴκοθεν
1217 2007 1259 2038 40
1272 2005 1470 2049 repudiare,
1498 2004 1559 2039 sed
1579 2005 1686 2039 etiam
1708 2004 1751 2039 de
1772 2004 1919 2050 proprio
1939 2005 2247 2050 superexpendere
2263 2006 2353 2040 mul-

119 2048 415 2104 προςδαπανῇσαι
439 2048 591 2096 μεγάλα,
622 2054 681 2084 καὶ
706 2051 826 2085 εἵπου
848 2055 946 2085 τισὶν
971 2050 1081 2085 ὤνιον
1106 2050 1204 2097 παρὰ
1272 2054 1366 2093 tum,
1404 2053 1440 2084 et
1472 2050 1588 2085 sicubi
1619 2050 1798 2094 aliquibus
1833 2050 1969 2084 venalis
2005 2060 2027 2084 a
2058 2051 2353 2094 praecedentibus

117 2097 196 2129 τῶν
229 2095 300 2143 πρὸ
329 2097 434 2140 ημῶν
465 2094 507 2129 τὸ
538 2097 598 2138 τῆς
627 2093 734 2143 ἀρχῆς
764 2095 905 2130 ἐδίδοτο
937 2099 1064 2141 σχῆμα,
1097 2098 1203 2130 τοῦτο
1273 2106 1338 2130 nos
1364 2095 1682 2130 administrationis
1708 2096 1861 2130 dabatur
1885 2095 2010 2139 figura,
2036 2095 2105 2130 hoc
2126 2097 2299 2131 redimere
2319 2099 2355 2131 et

119 2139 378 2184 ἐξωνήσασθαι
409 2143 468 2173 καὶ
498 2140 706 2187 ἐλευθερους
736 2141 817 2176 τοὺς
841 2140 1028 2188 ἡμετέρους
1056 2139 1203 2187 ἀφεῖναι
1273 2141 1404 2176 liberos
1429 2145 1572 2176 nostros
1597 2141 1712 2175 sinere
1738 2141 1927 2176 collatores
1961 2144 1998 2175 et
2024 2151 2068 2175 ex
2091 2141 2237 2186 proprio
2261 2141 2354 2177 ferre

119 2185 295 2220 συντελεῖς
319 2187 383 2219 τοῦ
403 2185 566 2219 τοιούτου
588 2184 726 2229 δασμοῦ
747 2190 807 2220 καὶ
829 2187 978 2220 οἴκοθεν
999 2185 1203 2233 ἀντειςαγα-

117 2288 224 2312 sacra
241 2277 475 2322 praqmatica
499 2277 686 2310 sanctione
703 2275 923 2320 prohibitus,
956 2277 1095 2310 etiamsi
1127 2276 1215 2320 quid
1240 2275 1311 2310 tale
1340 2276 1445 2321 prius
1479 2280 1546 2310 tem
1576 2286 1619 2309 us
1648 2276 1888 2321 praeceperit.
1953 2277 2070 2322 Atque
2094 2276 2296 2311 versabitur
2319 2283 2355 2313 et

118 2323 156 2356 in
180 2320 439 2366 metropolibus
471 2326 506 2355 et
537 2322 575 2354 in
600 2322 738 2362 ceteris,
771 2320 984 2365 ubicumque
1016 2321 1048 2355 ei
1075 2320 1258 2365 placuerit
1292 2321 1338 2362 (si
1360 2320 1466 2354 modo
1498 2287 1584 2355 urgs
1615 2320 1760 2355 omnino
1795 2321 1961 2366 sufficiat
1989 2321 2039 2355 ad
2066 2331 2146 2356 eum
2177 2322 2353 2368 recipien—

118 2369 227 2406 dum),
258 2369 310 2402 ita
333 2374 464 2409 tamen,
495 2374 535 2402 ut
560 2370 656 2403 oneni
682 2370 783 2403 lucro
809 2372 987 2404 abstineat
1017 2379 1132 2413 neque
1156 2369 1269 2402 ullum
1293 2371 1462 2402 damnum
1491 2372 1619 2413 saciat.
1669 2369 1794 2413 Neque
1814 2371 1907 2403 enim
1931 2370 2008 2415 ipse
2032 2381 2147 2415 neque
2176 2371 2351 2415 officialis

118 2428 234 2462 neque
257 2416 369 2458 miles,
395 2417 457 2461 qui
482 2427 560 2450 eum
579 2420 759 2460 sequetur,
783 2417 975 2461 quicquam
998 2427 1020 2450 a
1043 2416 1196 2451 subditis
1217 2415 1406 2462 percipiet,
1437 2426 1553 2461 neque
1577 2416 1697 2450 aliena
1722 2417 1881 2462 impensa
1914 2418 2006 2450 vivet
2037 2419 2072 2450 et
2096 2419 2160 2450 aut
2187 2415 2350 2451 subditos

119 2467 264 2497 nostros
297 2465 427 2496 atteret
462 2465 526 2496 aut
559 2461 689 2496 milites
721 2462 784 2507 qui
807 2472 884 2496 eum
916 2465 1114 2506 sequentur
1147 2461 1186 2495 id
1217 2472 1325 2507 aqere
1351 2462 1517 2507 patietur
1553 2462 1692 2502 (etenim
1728 2460 1798 2495 ltoc
1831 2460 1949 2506 ipsum
1985 2471 2128 2506 quoque
2160 2471 2349 2496 sacrorum

119 2512 327 2542 nostrorum
358 2506 610 2541 mandatorum
635 2513 782 2552 partem
812 2507 959 2551 efficit),
992 2507 1069 2552 ipse
1094 2506 1235 2552 quidem
1268 2505 1508 2541 iurisiurandi
1539 2517 1674 2541 memor
1707 2505 1807 2551 quod
1824 2506 2012 2552 praestitit
2042 2510 2077 2541 et
2105 2510 2281 2552 reputans
2312 2517 2350 2541 se

118 2553 236 2599 qratis
267 2556 433 2598 suscepto
465 2552 682 2597 maqistratu
714 2556 823 2597 atque
855 2555 955 2586 tanto
988 2562 1215 2586 annonarum
1245 2552 1463 2586 incremento
1492 2551 1698 2597 praeditum
1734 2562 1928 2596 numquam
1960 2551 2125 2597 accipere
2157 2552 2349 2597 quicquam

119 2608 304 2639 ausurum,
337 2597 406 2632 nisi
435 2597 474 2631 id
502 2608 634 2642 maqna
667 2608 745 2631 cum
768 2608 889 2643 poena
918 2597 1000 2631 velit
1029 2597 1202 2637 reddere;
1237 2608 1351 2642 neque
1376 2597 1492 2642 maqis
1531 2595 1657 2639 officio
1697 2596 1768 2631 tale
1798 2597 1887 2641 quid
1911 2607 2020 2642 aqere
2050 2596 2107 2631 vel
2134 2596 2284 2641 auferre
2307 2608 2349 2632 eo

118 2643 262 2678 nomine
295 2642 515 2689 permittens.
582 2641 718 2677 Milites
754 2646 872 2677 autem
908 2642 978 2676 nisi
1013 2642 1154 2677 curabit
1193 2648 1231 2676 ut
1266 2643 1341 2676 suis
1379 2642 1535 2676 annonis
1569 2642 1729 2677 contenti
1764 2653 1843 2676 eum
1878 2646 2088 2687 sequantur,
2124 2653 2238 2687 neque
2271 2642 2351 2687 ipse

118 2689 250 2723 iustam
276 2688 560 2734 iiidiqnatz'onenz
585 2687 734 2733 effuqiet
768 2693 801 2722 et
826 2687 993 2721 damnum
1028 2687 1071 2722 ab
1102 2687 1175 2721 illis
1205 2687 1344 2721 illatum
1376 2698 1425 2722 ex
1455 2688 1611 2722 annonis
1643 2698 1767 2722 eorum
1791 2691 1960 2721 exactum
1989 2687 2167 2722 resarcire
2198 2686 2351 2722 subditis

119 2736 141 2769 1
194 2738 354 2779 coqetur.
434 2732 613 2767 Nimirum
630 2736 834 2778 propterea
859 2733 925 2767 lios
949 2733 1184 2777 maqistratus
1207 2732 1363 2766 maiores
1386 2736 1495 2777 alque
1518 2733 1708 2778 qraviores
1738 2743 1814 2766 esse
1837 2731 2002 2767 volumus
2026 2736 2098 2766 tam
2122 2731 2350 2767 multitudine

79 2792 81 2794 ’
122 2781 405 2816 ministrantium
430 2781 584 2821 (centum
609 2778 702 2812 enim
727 2779 760 2813 ei
784 2778 946 2813 volumus
968 2779 1148 2823 officiales
1172 2783 1259 2821 esse)
1287 2788 1394 2823 quam
1419 2778 1614 2823 splendore
1633 2779 1832 2821 clz'qnitatcs,
1859 2780 1994 2824 quippe
2017 2789 2096 2813 cum
2119 2779 2349 2823 spectabilem

120 2829 197 2863 eius
220 2828 472 2874 mayislratum
501 2826 706 2868 reddamus,
743 2830 782 2861 ut
813 2827 850 2862 in
882 2826 1151 2862 necessitatibus
1181 2832 1326 2861 utamur
1358 2823 1630 2871 maqz'stratibus
1662 2823 1928 2860 honestioribus
1957 2829 2066 2870 atque
2101 2825 2151 2860 ad
2180 2825 2351 2860 mandata

120 2876 248 2908 nostra
279 2872 492 2918 exequenda
523 2872 673 2906 idoneis.
722 2872 816 2907 Nam
841 2872 930 2917 quid
961 2872 1103 2907 tandem
1125 2872 1270 2916 faciant
1298 2871 1366 2906 viri
1389 2872 1454 2916 qui
1475 2870 1668 2905 secundum
1691 2881 1768 2904 eam
1792 2881 1886 2915 quae
1909 2874 1992 2904 ante
2015 2881 2083 2904 nos
2099 2870 2178 2915 fuit
2192 2871 2352 2913 formam

114 2919 319 2966 provinciis
340 2918 596 2964 praefuerunt,
623 2918 685 2962 qui
709 2918 851 2962 quidem
876 2921 911 2952 et
928 2917 1043 2963 pauci
1067 2921 1171 2951 erant
1194 2922 1227 2951 et
1249 2916 1477 2962 paucissimas
1501 2915 1738 2961 imperabant,
1764 2915 1897 2960 quique
1920 2915 2110 2950 admodum
2133 2917 2271 2961 exiqua
2292 2927 2352 2950 ac-

121 2963 302 3009 cipiebant
321 2974 344 2997 a
357 2963 460 3008 fisco,
485 2962 598 2997 multa
618 2973 700 2997 vero
724 2962 869 3003 dabant,
894 2962 1046 3007 denique
1064 2962 1190 3007 furari
1211 2961 1431 3007 coqebantur
1449 2961 1559 3005 idque
1579 2960 1683 2994 unice
1704 2959 1906 3002 studebant,
1931 2967 1970 2994 ut
1990 2959 2231 2995 creditoribus
2252 2962 2353 3007 ipsos

120 3008 350 3054 sequentibus
373 3018 496 3042 eorum
520 3018 630 3042 causa
655 3018 749 3051 quae
768 3018 839 3052 pro
865 3007 1082 3051 maqistratu
1107 3007 1279 3041 dederant
1330 3006 1480 3040 aulatim
1503 3006 1630 3051 stipem
1654 3004 1807 3051 debitam
1828 3006 2035 3050 referrent?
2071 3005 2166 3041 unde
2189 3005 2352 3040 subditos

120 3054 145 3088 2
199 3057 342 3088 nostros
366 3052 517 3088 vendere
540 3053 716 3092 solebant,
740 3052 871 3097 impios
894 3052 1002 3086 simul
1025 3055 1058 3086 et
1076 3052 1235 3098 periculi
1256 3052 1387 3097 pssenos
1411 3055 1582 3096 quaestus
1605 3050 1672 3084 sibi
1691 3054 1879 3095 parantes.
1969 3050 2071 3085 Haec
2094 3061 2162 3085 nos
2185 3051 2351 3096 exaqita-

121 3102 259 3139 verunt,
283 3101 325 3132 ut
346 3108 420 3132 non
443 3097 560 3132 solum
585 3098 698 3132 lucris
720 3097 803 3132 inde
825 3097 1070 3142 percipiendis
1093 3097 1393 3137 renuntiaremus,
1413 3095 1477 3131 sed
1499 3096 1607 3131 etiam
1632 3094 1676 3130 de
1699 3099 1825 3129 nostro
1846 3095 1995 3141 insuper
2014 3099 2177 3141 sumptus
2200 3106 2353 3141 maqnos

120 3144 344 3189 faceremus,
377 3146 413 3177 et
435 3142 548 3176 sicubi
576 3143 678 3187 sorte
709 3148 826 3176 essent
857 3141 987 3186 quibus
1010 3142 1245 3186 maqistratus
1272 3141 1436 3176 condicio
1462 3152 1485 3175 a
1509 3139 1756 3175 decessoribus
1780 3140 1916 3174 nostris
1940 3152 2066 3175 venum
2089 3140 2251 3182 daretur,
2283 3140 2353 3175 lzoc

121 3188 305 3234 redempto
325 3186 488 3221 subditos
508 3191 654 3221 nostros
672 3199 694 3221 a
718 3187 780 3222 tali
803 3187 936 3222 tributo
959 3186 1092 3221 liberos
1112 3186 1383 3228 dimitteremus,
1407 3190 1516 3232 atque
1533 3185 1577 3220 de
1596 3188 1723 3219 nostro
1744 3185 1920 3219 solacium
1939 3186 2088 3221 invicem
2107 3185 2352 3221 introducere-

1550 3252 1618 3260 3—-

124 3327 144 3359 5
168 3322 236 3366 τὴν
260 3324 380 3363 αυτοῦ]
412 3322 479 3365 τὴν
510 3336 566 3356 om.
594 3324 628 3356 B
657 3323 669 3366 ΙΙ
700 3320 837 3356 παντὸς
860 3323 1059 3363 Zachariae]
1095 3319 1201 3355 αὐτος

126 3372 203 3404 libri
218 3369 230 3413 ΙΙ
257 3372 276 3403 6
301 3366 436 3411 ἁπάσης
460 3381 518 3400 om.
533 3368 568 3400 B
591 3368 603 3411 11
629 3371 645 3400 ’7
673 3364 792 3400 αὐτοῖς
815 3368 846 3400 L
873 3367 885 3411 ss
909 3370 928 3401 8
953 3366 1201 3401 συντελεστων

123 3417 255 3456 (rasura
280 3428 362 3448 corr.
384 3428 422 3446 ετ
442 3411 796 3454 συντελεστάντωνῗ)
823 3413 853 3445 L
877 3414 888 3455 ΙΙ
917 3415 953 3446 11
980 3411 1021 3446 τὸ
1047 3415 1107 3446 del.
1134 3414 1200 3446 Za·
1271 3413 1442 3444 abstinens
1467 3425 1525 3444 om.
1549 3410 1603 3455 Vll
1622 3413 1642 3444 6
1669 3412 1727 3455 leq.
1745 3411 1923 3444 officialis?
1943 3413 1954 3452 li
1976 3421 2083 3452 neque
2104 3410 2199 3443 miles
2221 3411 2276 3455 Vn
2292 3422 2353 3444 neo

125 3462 258 3494 chariae
285 3459 296 3503 ΙΙ
328 3462 370 3503 cf.
395 3472 464 3492 nov.
488 3459 652 3496 XVILc.
671 3460 691 3491 9
726 3458 737 3501 ΙΙ
773 3461 809 3491 15
836 3455 1004 3500 τολμήσει
1027 3460 1081 3491 ἔτι
1109 3460 1156 3491 13⁶
1191 3459 1203 3498 ΙΙ
1235 3440 1239 3598 ι
1271 3457 1389 3489 similis
1403 3458 1829 3499 seclusz'utdittoyraphiam
1849 3456 1896 3500 119
1918 3458 1951 3488 et
1964 3457 2025 3488 hoc
2048 3456 2089 3496 V]
2104 3457 2230 3489 ethaeo
2245 3458 2328 3491 Tae.

167 3281 188 3312 ‘2
213 3281 271 3311 καὶ
292 3279 363 3331 ful]
388 3281 447 3310 καὶ
473 3277 648 3321 0⁷1›.Bfl4
673 3279 778 3310 ‘coito
803 3291 860 3309 om.
877 3290 895 3312 ς
914 3278 925 3321 ΙΙ
942 3273 1032 3310 ὅλως
1057 3292 1112 3310 om.
1130 3279 1200 3331 Bxll
1233 3281 1238 3439 ἱ
1270 3279 1390 3310 σασθε
1421 3279 1445 3309 Ι,
1466 3278 1477 3320 ΙΙ
1496 3279 1537 3310 Ἰ14
1561 3277 1624 3309 τοῦ
1649 3274 1811 3309 τοιούτου
1836 3274 1974 3318 δασμοῦ
2000 3290 2058 3309 om.
2078 3288 2097 3312 ς

1320 3370 1333 3401 1
1362 3343 1444 3407 talc]
1467 3369 1576 3398 tamen
1609 3342 1908 3409 Vll-R-perriderit
1928 3341 2087 3409 υιιῘς-ῙῐλΙιὲ
2099 3379 2146 3408 sq.
2172 3341 2286 3399 estmad
2309 3385 2353 3391 ——-

128 3507 166 3539 17
194 3503 318 3547 λαβεῖν
337 3517 374 3538 τι
398 3504 456 3546 Μ]
482 3516 518 3536 τι
543 3517 599 3537 om.
616 3504 705 3539 LBS-
734 3503 745 3546 ΙΙ
782 3505 817 3536 19
843 3503 1104 3551 παρασκευάζει
1127 3504 1158 3536 L
1191 3501 1203 3547 ΙΙ
1276 3504 1314 3536 13
1339 3502 1496 3534 habemus
1518 3512 1680 3534 annorum
1711 3502 1744 3534 V
1768 3503 1779 3544 ΙΙ
1813 3505 1852 3535 14
1877 3503 1955 3533 haec
1983 3502 2014 3534 T
2039 3500 2051 3545 ss
2084 3501 2255 3535 noluerint
2283 3503 2318 3536 V

125 3546 235 3583 *οὐδὲ
261 3552 336 3584 libri
362 3550 374 3594 ΙΙ
405 3552 445 3583 22
479 3546 626 3591 ταύτην]
660 3550 718 3581 καὶ
748 3546 885 3589 ταύτην
909 3549 940 3580 L
969 3548 981 3591 ΙΙ
1011 3550 1052 3581 24
1078 3559 1201 3590 σεμνο-
1277 3551 1314 3581 15
1337 3549 1408 3588 nec]
1428 3557 1517 3578 nunc
1538 3546 1594 3590 Vu
1614 3548 1654 3580 16
1675 3547 1773 3587 sinet]
1800 3547 1889 3578 sinec
1912 3548 1987 3580 libri
2001 3546 2013 3589 ΙΙ
2039 3547 2188 3589 proprias
2205 3557 2354 3580 annonas

127 3597 248 3673 ἷῖρὲἔί
265 3596 302 3673 {⁵¹
318 3595 331 3639 ¹¹
359 3597 400 3630 ²5
425 3590 1204 3683 ἷῡέξᾛιῖἶῖιέἴῧῗῖτὲρζτῗῧβῒξιὲοἷῗέἧ
1273 3595 1490 3681 ἶίῗέῐῗῗῑὲψῖἓεη
1505 3590 2356 3681 72811ςῖιῗᾱοέἱῗῖἐῗῖῗέᾱξζῖθὶείινεοῗῗὲῐὲξέἒὲιιῗ

131 3686 173 3718 36
197 3652 453 3719 ἀπδδῖδνηαιςὶ
480 3686 491 3729 ΙΙ
521 3688 562 3719 38
587 3680 660 3726 ἅμα
685 3651 1035 3726 καικινδυνετῖιένους
1060 3681 1205 3717 ἑαῦτοὺς
1237 3601 1242 3750 ι
1273 3693 1379 3715 scema
1396 3682 1451 3726 ΤΙΙ
1471 3685 1513 3716 30
1534 3682 1765 3725 praecedentes
1781 3683 1812 3715 T
1827 3681 2050 3724 praesidentes
2062 3683 2147 3726 vulq.
2164 3681 2177 3727 ΙΙ
2196 3684 2239 3717 33
2259 3694 2350 3716 occa-

130 3730 161 3764 L
177 3729 189 3774 ΙΙ
217 3733 255 3764 41
285 3729 382 3777 παρὰ
405 3730 470 3764 τὸν
495 3731 526 3763 L
553 3730 565 3774 ll
597 3732 637 3763 42
664 3727 805 3762 ἐδέδοτο
831 3729 955 3772 σχῆμα,
986 3728 1091 3762 τοῦτο
1117 3726 1204 3768 ἐξιό-
1276 3728 1400 3761 sionem
1423 3727 1478 3772 Vss
1504 3729 1545 3761 34
1573 3727 1707 3760 reddere
1723 3728 1762 3767 T]
1788 3740 1845 3760 om.
1868 3727 1951 3761 Vae.
1975 3726 1988 3771 ΙΙ
2015 3728 2056 3760 35
2078 3737 2236 3761 aeranum
2258 3729 2292 3762 V
