2618 4010
138 119 450 154 cunonem:
1223 107 1308 155 233
1950 108 2059 154 Nov.
2090 107 2219 152 XXX
2250 110 2288 151 9.
2325 112 2374 152 10

139 217 308 265 δώσομεν
332 217 431 264 αὐτῷ
456 218 524 255 σὺν
547 222 621 255 τοῖς
642 221 705 264 τῆς
727 217 833 268 ἀρχῆς
852 220 1043 267 συμβόλοις
1061 221 1224 266 (ἐκάλουν
1292 222 1347 258 nis
1374 220 1546 258 codicillis
1572 221 1763 265 (vocabant
1786 221 1906 256 autem
1929 220 2019 257 haec
2043 222 2181 257 veteres
2204 220 2375 258 mandata

140 262 180 299 δὲ
198 266 315 300 ταῦτα
335 268 395 300 καὶ
413 264 451 299 οἱ
462 263 575 301 πάλαι
593 263 798 310 μανδάτα
820 270 1078 316 πρινκίπις),
1099 267 1222 303 πάντα
1292 267 1495 312 principis),
1533 266 1651 302 omnia
1687 265 1868 301 celebrare
1904 266 2099 302 secundum
2130 268 2289 302 nostram
2319 266 2374 302 in-

139 308 316 357 πράττειν
338 309 431 345 κατὰ
453 309 519 345 τὸν
543 307 715 357 ἡμέτερον
739 310 888 354 σκοπόν,
919 311 1064 361 γνώμης
1086 326 1127 348 τε
1150 311 1221 348 tot—
1292 313 1498 355 tentionem,
1517 314 1553 347 et
1567 311 1763 347 voluntatis
1782 311 1962 356 aequitate
1979 314 2015 347 et
2031 311 2188 358 purItate
2205 321 2374 347 manuum

139 369 220 399 τητι
243 358 303 393 καὶ
326 352 555 403 καθαρότητι
584 357 717 400 χειρῶν
739 370 760 399 χ
785 356 927 402 ώμενον
958 360 1018 392 καὶ
1042 356 1221 393 δικαιοσύ-
1291 362 1450 393 utentem
1475 361 1510 393 et
1530 356 1702 392 iustitiam
1727 355 1973 401 honorantem,
1998 367 2069 401 qua
2089 356 2178 392 nihil
2197 356 2291 392 inter
2308 356 2374 392 ho-

138 414 207 444 νην
229 401 412 444 τιμῶντα,
443 391 483 455 ἧς
511 398 618 435 οὐδὲν
648 403 688 435 ἐν
712 370 926 449 ἀνθρώποις
959 404 1060 438 ἐστὶν
1085 401 1220 450 ἰσχυρό-
1258 405 1276 437 5
1291 402 1404 438 mines
1438 406 1493 438 est
1526 401 1656 437 fortius
1692 404 1800 445 atque
1831 401 1957 437 melius
1993 412 2059 437 nec
2092 401 2375 438 commendando

138 445 246 500 τερόν
268 458 308 479 τε
332 447 392 479 καὶ
415 443 562 480 καλλιον
585 443 669 480 οὐδὲ
692 447 845 482 οἰκειοῦν
870 448 950 492 θεῷ
972 462 1012 483 τε
1036 451 1094 482 καὶ
1120 452 1221 493 βασι·
1292 448 1359 483 deo
1394 458 1437 483 ac
1472 446 1627 493 principi
1664 446 1775 491 magis
1809 447 1942 482 valens.
2003 447 2126 482 Talem
2162 447 2257 483 enim
2293 457 2374 483 eum

138 488 191 524 λει
212 488 348 534 μᾶλλον
372 487 581 535 δυνάμενον.
629 490 720 526 ὄντα
743 491 810 540 γὰρ
839 492 950 528 αὐτὸν
973 495 1139 529 τοιοῦτον
1162 496 1222 528 καὶ
1292 496 1473 528 extantem
1498 494 1535 528 et
1548 492 1601 527 ita
1619 501 1642 527 a
1658 492 1762 528 nobis
1787 491 2029 527 testimonium
2049 492 2236 528 habentem
2260 492 2375 528 solum

139 532 236 570 οὕτω
257 532 347 583 παρ’
369 532 475 580 ἡμῶν
493 536 788 583 μαρτυρούμενον
808 535 923 583 μόνον
942 535 1089 573 ἅπαντα
1110 536 1222 584 πράτ-
1292 538 1412 573 omnia
1434 547 1539 582 agere
1561 537 1600 573 in
1623 537 1806 582 provincia
1826 536 1999 580 volumus,
2023 547 2091 573 nec
2110 547 2240 572 causas
2259 537 2374 573 altero

137 592 215 614 τειν
230 579 323 614 κατὰ
340 578 408 623 τὴν
428 582 606 628 ἐπαρχίαν
623 581 846 627 βουλόμεθα,
867 580 951 617 οὐδὲ
970 581 1084 628 δικῶν
1101 584 1222 628 ἑτέρου
1292 583 1412 627 aliquo
1434 582 1603 619 audiente
1621 592 1689 618 nec
1709 581 1812 618 nobis
1833 582 1940 618 facile
1959 582 2171 626 eligentibus
2191 592 2251 618 eas
2269 583 2374 619 alteri

136 623 236 660 τινὸς
269 622 515 672 ἀκροωμένου,
553 625 634 660 οὔτε
670 626 773 672 ἡμῶν
802 626 936 676 ῥᾳδίως
972 628 1224 675 αἱρησομένων
1239 631 1278 663 10
1294 629 1461 672 cuiquam
1486 628 1649 672 delegare
1673 637 1789 672 neque
1809 627 2043 671 dirigentibus
2065 627 2204 672 aliquos
2228 631 2293 663 aut
2311 638 2373 663 oc-

137 670 250 724 ἑτέρῳ
285 673 359 704 τινὶ
395 674 654 719 παραπέμπειν
692 670 801 708 αὐτὰς
839 672 922 707 οὔτε
957 672 1223 720 ἐκπεμψάντων
1292 674 1438 709 casione
1467 673 1654 709 violentias
1684 672 1898 718 prohibendi
1931 674 1996 708 aut
2026 683 2091 718 per
2120 673 2225 708 aliam
2250 683 2373 717 quam-

137 725 238 749 τινας
271 711 293 758 ἢ
326 714 505 761 προφάσει
539 718 603 751 τοῦ
635 721 718 762 βίας
751 716 905 752 κωλύειν
942 715 964 761 ἢ
992 716 1075 753 κατ’
1111 717 1223 762 ἄλλην
1292 718 1381 754 libet
1401 728 1566 762 causam;
1591 717 1741 764 insuper
1760 721 1796 753 et
1815 718 1846 754 si
1859 717 1944 762 quid
1959 718 2031 754 tale
2045 718 2220 753 hactenus
2236 722 2376 763 gestum

137 757 420 804 οἷανουνὸἡποτε
456 762 597 797 αἰτίαν·
634 761 723 810 πρὸς
756 764 810 806 τῷ
848 758 916 797 κᾶν
951 762 988 797 εἴ
1012 776 1049 797 τι
1078 764 1222 798 τοιοῦτο
1292 765 1348 798 est
1380 766 1444 798 aut
1474 773 1518 799 ex
1543 763 1656 799 sacris
1687 763 1820 799 nostris
1851 763 1975 799 formis
2008 765 2072 798 aut
2104 773 2148 798 ex
2171 763 2375 808 praeceptis

136 807 238 852 μέχρι
261 806 328 840 νῦν
349 808 498 853 γέγονεν
521 804 543 850 ἢ
566 809 606 841 ἐκ
628 808 748 842 θείων
770 806 955 855 ἡμετέρων
977 805 1107 842 τύπων
1137 805 1159 852 ἢ
1184 810 1222 842 ἐκ
1291 808 1535 851 iudicialibus,
1569 808 1638 844 hoc
1663 809 1826 844 omnibus
1850 818 1980 844 vacare
2002 808 2127 852 modis,
2159 808 2238 853 ipso
2262 812 2376 844 totam

136 849 366 906 προςτάξεων
389 849 558 898 ἀρχικῶν,
590 854 697 887 τοῦτο
727 853 816 888 πᾶσι
849 851 1033 896 σχολάζειν
1062 851 1221 898 τρόποις,
1238 854 1276 888 15
1292 853 1510 898 suscipiente
1530 853 1822 899 gubernationem
1843 853 2050 900 provinciae
2073 856 2110 890 et
2126 853 2230 890 alteri
2250 863 2374 890 acces-

138 896 247 928 αυτοῦ
270 894 338 939 τὴν
361 892 449 940 ὅλην
472 894 794 942 ἀναλαμβάνοντος
816 899 878 941 τῆς
900 899 1070 945 ἐπαρχίας
1092 897 1221 941 διοίκη-
1291 909 1371 934 sum
1395 899 1529 935 habere
1552 899 1696 945 penitus
1719 910 1793 936 non
1817 900 1966 936 sinente.

136 951 202 994 aaa:
228 942 288 974 καὶ
323 941 435 987 ἑτέρῳ
463 940 625 989 πάροδον
659 945 754 985 ἔχειν
785 941 975 978 παντελῶς
1009 941 1051 978 οὐ
1087 955 1221 991 συγχω-

136 997 294 1030 ρουντος.

1140 1100 1298 1137 CAPUT
1321 1098 1368 1136 X.

182 1180 256 1211 Καὶ
277 1176 417 1222 ταύτην
447 1175 488 1212 δὲ
519 1175 564 1222 δὴ
591 1176 660 1222 τὴν
688 1175 799 1224 ἀρχὴν
829 1178 922 1214 κατὰ
951 1178 994 1214 τὸ
1025 1181 1104 1214 τῶν
1127 1178 1220 1215 ἀνθ·
1333 1181 1438 1217 Hanc
1463 1191 1605 1227 quoque
1628 1180 1969 1219 administrationem
2000 1182 2197 1219 secundum
2221 1193 2375 1229 procon-

135 1220 289 1258 υπάτων
311 1220 406 1257 ἴδιον
429 1224 468 1257 ἐν
487 1226 566 1257 ταῖς
588 1222 841 1271 περιβλέπτοις
865 1224 1030 1269 τίθεμεν.
1067 1228 1140 1259 Καὶ
1160 1226 1221 1260 τάς
1234 1229 1275 1262 20
1291 1226 1408 1262 sulum
1429 1227 1584 1271 speciem
1605 1227 1699 1262 inter
1720 1228 1936 1272 spectabiles
1956 1228 2138 1274 ponimus3
2163 1231 2199 1263 et
2214 1229 2375 1274 appella-

136 1281 177 1315 γε
199 1265 384 1311 ἐκκλήτους
410 1266 474 1303 τὰς
504 1265 595 1316 παρ’
623 1267 733 1303 αὐτοῦ
764 1268 832 1313 τὴν
855 1268 923 1313 σὴν
946 1268 1124 1316 ὑπεροχὴν
1147 1267 1221 1316 ἅμα
1289 1272 1406 1307 tiones
1431 1282 1520 1317 quas
1542 1286 1604 1304 u*
1626 1276 1727 1308 tuum
1752 1272 1892 1308 culmen
1916 1283 1989 1308 una
2013 1284 2094 1309 cum
2117 1274 2375 1318 gloriosissimo

136 1314 190 1356 τῷ
216 1310 442 1358 ἐνδοξοτάτῳ
465 1317 678 1360 κοιαίστοορι
701 1315 765 1349 τοῦ
787 1315 891 1349 θείου
915 1313 1020 1360 ἡμῶν
1041 1315 1220 1351 παλατίου
1289 1321 1482 1362 quaestore
1506 1317 1601 1352 sacri
1625 1318 1738 1353 nostri
1762 1317 1889 1362 palatii
1920 1319 2116 1354 secundum
2141 1319 2374 1355 consultatio-

135 1356 228 1392 κατὰ
259 1356 302 1392 τὸ
335 1358 413 1393 τῶν
448 1359 746 1395 consultationmv
777 1361 895 1405 σχῆμα
928 1364 1065 1407 κρίνειν
1095 1359 1220 1406 βουλό·
1289 1373 1376 1397 num
1401 1363 1545 1398 schema
1569 1363 1692 1398 audire
1715 1363 1890 1398 volumus.
1940 1363 1979 1399 Si
2003 1374 2074 1409 qua
2096 1374 2178 1400 vero
2208 1375 2252 1400 ex
2276 1368 2374 1400 utra-

135 1402 246 1447 μεθα.
294 1403 325 1437 εἰ
349 1400 393 1437 δέ
412 1415 466 1438 τις
488 1404 528 1445 ἐξ
551 1405 719 1452 ἑκατέρας
742 1403 1008 1441 Καππαδοκίας
1032 1404 1112 1450 δίκη
1137 1421 1220 1442 πεν-
1291 1418 1360 1453 que
1374 1407 1605 1453 Cappadocia
1626 1418 1736 1444 causa
1754 1408 2030 1453 quingentorum
2048 1409 2164 1445 minor
2185 1419 2375 1445 aureorum

134 1451 315 1483 τακοσίων
339 1447 504 1484 ἐλάττων
533 1451 678 1496 χρυσῶν
701 1451 867 1496 έφέσιμος
888 1454 1056 1497 γένηται,
1087 1453 1158 1487 εἴτε
1183 1453 1222 1493 ἐξ
1234 1455 1276 1488 25
1290 1454 1356 1489 sub
1388 1463 1410 1488 a
1437 1454 1630 1498 pellatione
1659 1453 1733 1497 fiat,
1767 1453 1841 1489 sive
1865 1463 1909 1488 ex
1937 1458 2063 1490 nostra
2087 1454 2244 1490 iussione
2269 1455 2376 1490 datus

135 1489 306 1540 ἡμετέρας
328 1490 520 1529 κελεύσειος
544 1493 563 1529 ὁ
589 1493 778 1540 δεδομένος
810 1497 862 1539 εἴη
888 1495 1056 1540 δικαστὴς
1087 1498 1158 1532 εἴτε
1181 1500 1222 1532 ἔκ
1290 1499 1338 1534 sit
1361 1464 1469 1534 iutiiax
1493 1498 1566 1534 sive
1590 1499 1635 1534 ab
1660 1499 1779 1543 aliquo
1805 1499 1946 1543 cingulo
1977 1501 2031 1542 (ut
2053 1502 2174 1535 tamen
2198 1510 2271 1535 non
2294 1511 2311 1536 s
2338 1510 2375 1536 e-

135 1549 235 1572 τινος
265 1536 389 1586 ἀρχῆς,
420 1536 469 1574 οἷς
496 1543 622 1584 μέντοι
650 1540 699 1585 μὴ
723 1540 968 1587 περίβλεπτον
992 1541 1103 1577 αὐτὸν
1127 1544 1220 1577 καθ-
1291 1543 1432 1579 ctabilis
1457 1544 1527 1587 sit),
1558 1545 1654 1579 hanc
1685 1545 1763 1589 ipse
1795 1544 2002 1589 spectabilis
2026 1546 2222 1590 proconsul
2253 1554 2301 1580 au
2326 1546 2378 1581 iet

136 1581 296 1626 εστάναι,
316 1582 450 1629 ταύτης
470 1582 576 1620 αὐτὸς
594 1583 614 1620 ὁ
627 1585 865 1665 περιέθλεπτος
883 1584 1098 1622 ἀνθύπατος
1119 1585 1220 1636 ἀκρο-
1291 1589 1488 1625 secundum
1509 1589 1619 1625 divini
1638 1589 1766 1625 iudicis
1788 1589 1932 1625 schema
1955 1594 1992 1626 et
2012 1589 2209 1626 secundum
2232 1600 2376 1627 sacrum

136 1626 262 1662 άσεται
288 1628 380 1664 κατὰ
410 1628 454 1664 τὸ
484 1631 547 1664 τοῦ
571 1631 677 1664 θείου
725 1633 873 1666 ικαστοῢ
896 1633 1014 1677 σχῆμα
1038 1636 1099 1667 καὶ
1129 1632 1222 1668 κατὰ
1290 1634 1520 1670 auditorium.
1569 1635 1629 1670 Ius
1655 1634 1748 1670 enim
1771 1635 1805 1670 ei
1829 1635 1935 1670 etiam
1964 1635 2034 1671 hoe
2058 1635 2185 1672 damus
2209 1638 2246 1672 et
2269 1635 2374 1672 deco-

135 1672 178 1707 τὸ
201 1673 309 1708 θεῖον
332 1671 580 1722 ἀκροατήριον.
629 1674 770 1711 δίκαιον
792 1675 861 1724 γὰρ
893 1675 995 1721 αὐτῷ
1026 1682 1086 1712 καὶ
1113 1680 1220 1714 τοῦτο
1234 1682 1277 1715 30
1290 1690 1411 1715 ramus
1431 1680 1506 1715 eius
1528 1679 1708 1724 cingulum
1729 1680 1909 1725 privilegio
1928 1684 2040 1724 tanto,
2087 1683 2235 1716 uantum
2253 1681 2374 1717 nullus

135 1716 283 1762 δίδομεν
318 1722 378 1753 καὶ
413 1722 615 1777 κοσμοῢμεν
650 1719 750 1765 αὐτῷ
785 1721 854 1765 τὴν
888 1721 1000 1769 ἀρχὴν
1039 1728 1221 1771 προνομίᾳ
1289 1724 1465 1760 hactenus
1489 1724 1527 1760 in
1552 1725 1826 1770 Cappadocibus
1858 1725 2025 1770 inspexit.
2098 1726 2128 1761 it
2150 1735 2234 1771 ergo
2258 1726 2376 1762 iustus

134 1761 305 1811 τοσαύτῃ,
337 1760 426 1807 ὅσην
449 1764 561 1800 ουδεὶς
586 1769 688 1813 μέχρι
718 1769 777 1801 καὶ
800 1767 869 1802 νῦν
893 1769 933 1801 έν
957 1767 1222 1804 Καππαδόκαις
1290 1773 1326 1805 et
1348 1771 1512 1806 excelsae
1532 1771 1731 1806 sententiae
1754 1774 1791 1806 et
1810 1770 1857 1806 ad
1875 1781 1941 1806 nos
1960 1771 2143 1816 legemque
2165 1771 2375 1816 respiciens,

134 1809 323 1845 τεθέαται.
364 1808 483 1845 Ἔστω
513 1824 554 1846 τε
578 1805 642 1846 οὗν
675 1810 809 1847 δίκαιος
840 1816 900 1847 καὶ
932 1810 1220 1861 ὑψηλογνώμων,
1290 1815 1374 1860 quia
1405 1815 1436 1851 si
1467 1815 1607 1860 quidem
1639 1816 1731 1852 haec
1763 1816 1938 1860 observet,
1975 1817 2134 1852 manebit
2163 1817 2200 1852 in
2233 1817 2375 1861 cingulo

135 1857 197 1888 καὶ
221 1855 269 1888 εἰς
291 1851 380 1899 ἡμᾶς
412 1868 454 1890 τε
484 1859 545 1890 καὶ
575 1855 642 1891 τὸν
665 1854 780 1901 νόμον
803 1854 912 1905 ὁρῶν,
945 1862 1004 1892 καὶ
1027 1858 1222 1907 γινώσκων
1289 1860 1432 1905 longius
1457 1866 1494 1896 et
1514 1861 1686 1906 suscipiet
1710 1871 1790 1896 eum
1809 1861 1936 1897 merito
1959 1861 2055 1897 aliud
2073 1861 2210 1907 potius3
2231 1866 2375 1898 nostras

136 1899 185 1934 ὠς
208 1899 240 1933 εἰ
261 1901 329 1944 μὲν
352 1901 469 1935 ταῦτα
492 1905 627 1946 τηροίη,
658 1905 760 1948 μενεῖ
780 1916 821 1937 τε
853 1905 913 1939 ἐπὶ
944 1905 1006 1948 τῆς
1029 1902 1137 1951 ἀρχῆς
1160 1907 1221 1940 ἐπὶ
1234 1909 1276 1942 35
1290 1909 1410 1941 autem
1442 1906 1629 1951 neglegens
1660 1906 1838 1942 iussiones
1871 1909 1908 1942 et
1937 1907 2076 1951 aliquos
2109 1907 2310 1952 potentium
2340 1909 2378 1942 et

135 1943 275 2001 μακρὸν
305 1947 366 1979 καὶ
395 1943 602 1987 διαδέξεταί
625 1960 666 1994 γε
697 1945 809 1983 αὐτὸν
839 1949 925 1983 ἴσως
956 1949 1061 1998 ἑτέρα
1083 1953 1221 1995 μείζων
1289 1961 1362 1987 non
1386 1955 1529 1987 nostras
1553 1952 1650 1996 leges
1675 1955 1710 1987 et
1734 1962 1801 1987 nos
1829 1961 1959 1987 curans
1992 1952 2098 1987 citius
2122 1952 2263 1987 amittet
2286 1961 2377 1998 quae

136 1987 241 2034 ἀρχη·
266 1991 345 2025 τῶν
366 1988 406 2024 δὲ
425 1988 609 2039 ἡμετέρων
629 1990 807 2037 ἀμελήσας
825 1992 1023 2029 κελεύσεων
1043 1999 1106 2029 καί
1120 2007 1222 2030 τινας
1289 1996 1375 2032 data
1406 2001 1501 2039 sunt,
1539 1999 1575 2032 et
1610 1996 1655 2032 de
1691 2000 1809 2032 cetero
1845 1996 1883 2031 in
1919 1997 2258 2042 reprehensibilibus
2296 1997 2375 2041 erit,

136 2035 215 2088 τῶν
239 2032 419 2078 δυνατῶν,
455 2034 537 2071 ἀλλ’
572 2032 613 2072 ού
645 2037 712 2073 τὸν
747 2036 861 2083 νόμον
896 2042 957 2073 καὶ
988 2037 1078 2085 ἡμᾶς
1109 2041 1220 2088 θερα-
1289 2045 1414 2078 nostro
1442 2051 1622 2087 apparens
1645 2041 1813 2086 indignus
1837 2041 1979 2078 iudicio.

136 2091 260 2114 πευων
290 2080 436 2115 θᾶττόν
467 2094 507 2116 τε
537 2083 742 2118 ἐκπεσεῖται
773 2085 851 2119 τῶν
876 2082 1069 2120 δοθέντων
1094 2089 1154 2120 καὶ
1177 2084 1220 2121 τὸ

136 2122 266 2179 λοιπὸν
289 2127 329 2159 ἐν
352 2131 659 2173 κατεγνωσμένοις
682 2131 796 2171 ἔσται,
821 2130 884 2173 τῆς
903 2126 1074 2175 ἡμετέρας
1098 2134 1222 2177 φανεὶς
1232 2134 1276 2167 40

136 2170 279 2210 αναξιος
301 2175 461 2217 κρίσεως.

136 2270 301 2307 dabimus
331 2274 481 2316 (veteres
511 2276 631 2308 autem
662 2285 707 2309 ea
735 2273 909 2309 mandata
938 2274 1122 2320 principis
1154 2276 1364 2320 vocabant),
1400 2276 1522 2311 omnia
1551 2275 1748 2312 secundum
1776 2279 1942 2312 nostrum
1972 2277 2163 2312 consilium
2189 2288 2375 2331 peraqere

137 2316 249 2359 decet,
278 2320 321 2352 ut
343 2320 377 2352 et
401 2317 598 2353 voluntatis
621 2329 665 2353 ae
691 2318 804 2354 uitate
835 2322 872 2353 et
893 2329 1064 2353 manuum
1081 2319 1248 2365 puritate
1272 2325 1398 2356 utatur
1427 2325 1463 2356 et
1485 2321 1660 2356 iustitiam
1684 2320 1850 2364 honoret,
1882 2332 1956 2368 qua
1987 2321 2079 2357 nihil
2108 2326 2164 2357 est
2190 2325 2287 2358 inter
2309 2322 2373 2359 Ιιο-

136 2361 250 2397 mines
271 2361 413 2407 fortius
436 2366 545 2408 atque
562 2362 654 2408 pulc
680 2363 759 2398 rius
808 2362 951 2408 uodque
980 2364 1230 2400 commendare
1258 2365 1326 2401 deo
1357 2369 1395 2400 et
1415 2365 1628 2412 imperatori
1651 2365 1769 2412 maqis
1792 2366 1921 2402 valeat.
1983 2366 2082 2402 Talis
2104 2367 2198 2402 enim
2222 2377 2303 2403 cum
2325 2368 2375 2404 sit

136 2409 172 2442 et
196 2405 269 2442 tale
293 2417 317 2442 a
339 2406 444 2442 nobis
468 2407 708 2442 testimonium
732 2407 780 2443 ha
804 2412 874 2449 eat,
907 2408 1028 2443 omnia
1052 2419 1132 2444 eum
1163 2409 1202 2444 in
1219 2410 1416 2456 provincia
1440 2410 1556 2445 solum
1614 2421 1765 2456 eraqere
1786 2410 1963 2454 volumus,
1994 2414 2037 2447 ut
2057 2422 2103 2447 ne
2125 2411 2207 2447 lites
2230 2412 2374 2458 quidem

137 2451 233 2486 alter
258 2450 406 2487 audiat:
428 2462 496 2487 nos
519 2452 613 2488 enim
636 2463 752 2499 neque
772 2452 888 2498 facile
911 2452 1070 2488 animum
1093 2453 1302 2490 inducemus
1326 2454 1434 2490 alteri
1456 2466 1518 2490 eas
1542 2421 1712 2501 delimare
1742 2466 1857 2507 neque
1880 2455 2057 2502 quosdam
2081 2456 2280 2492 emittemus
2310 2462 2374 2493 aut

137 2496 208 2533 vim
232 2496 423 2532 cohibendi
444 2497 588 2533 nomine
612 2502 677 2533 aut
696 2497 771 2533 alia
791 2497 1044 2544 qualicumque
1064 2497 1109 2534 de
1132 2510 1264 2535 causa:
1281 2504 1481 2546 praeterea
1502 2500 1646 2536 etiamsi
1664 2499 1752 2552 quid
1774 2501 1950 2536 ezusmodi
1970 2500 2090 2537 adhuc
2113 2501 2170 2538 vel
2187 2513 2237 2538 ex
2255 2503 2374 2538 sacris

137 2542 276 2577 nostris
297 2541 546 2577 sanctionibus
574 2542 631 2578 vel
652 2553 702 2578 ex
725 2542 907 2578 mandatis
930 2543 1208 2589 maqistratuum
1228 2544 1373 2590 factum
1395 2545 1454 2586 sit,
1484 2544 1553 2580 boc
1577 2546 1740 2581 omnibus
1763 2545 1881 2581 modis
1911 2546 2055 2582 irritum
2074 2547 2157 2592 fiat,
2191 2557 2272 2583 cum
2296 2548 2375 2595 ipse

136 2586 318 2633 inteqram
336 2587 554 2634 provinciae
577 2587 928 2623 administrationem
950 2588 1253 2635 suscipiatneque
1264 2589 1374 2625 alteri
1380 2589 1517 2625 aditum
1540 2590 1616 2625 ullo
1641 2590 1748 2626 modo
1773 2590 1957 2627 concedat.

272 2631 318 2667 X.
365 2632 415 2668 At
439 2643 485 2668 ue
507 2630 603 2668 bunc
626 2642 771 2680 quoque
794 2633 1049 2679 maqistratum
1071 2634 1267 2669 secundum
1290 2634 1330 2669 id
1348 2634 1453 2686 quod
1471 2635 1733 2681 proconsulum
1749 2636 1947 2682 proprium
1971 2640 2026 2672 est
2046 2636 2141 2672 inter
2158 2637 2374 2690 spectabiles

137 2676 343 2722 referimus.
428 2676 504 2713 tde
523 2677 833 2724 appellationibus
855 2677 999 2723 quidem
1018 2678 1063 2714 ab
1084 2689 1126 2714 eo
1152 2679 1374 2714 transmisszs
1395 2683 1493 2715 tuam
1511 2679 1765 2716 sublimitatem
1786 2692 1860 2716 una
1881 2691 1960 2716 cum
1980 2681 2241 2733 qloriosisStmo
2263 2694 2373 2729 quae-

137 2725 236 2757 store
266 2722 365 2757 sacri
396 2722 514 2758 nostri
537 2722 679 2769 palatii
709 2722 905 2758 secundum
937 2723 1096 2770 formam
1128 2724 1436 2760 consultationum
1468 2735 1688 2771 coqnoscere
1719 2726 1893 2762 volumus.
1949 2725 1990 2762 Si
2023 2737 2096 2773 qua
2125 2738 2210 2763 vero
2242 2728 2279 2763 in
2310 2728 2374 2764 lite

138 2766 226 2812 quin
253 2767 346 2803 entis
376 2768 498 2803 aureis
525 2767 666 2804 minore
696 2778 746 2804 ex
776 2771 932 2814 utraque
958 2766 1192 2815 Cappadocia
1222 2769 1443 2816 appellatur,
1473 2770 1548 2805 sive
1570 2781 1620 2806 ex
1643 2774 1771 2806 nostro
1803 2771 1904 2806 iussu
1933 2771 2041 2807 datus
2072 2775 2127 2807 est
2155 2771 2270 2809 iudea·
2298 2773 2374 2809 sive

138 2811 184 2847 ab
207 2823 231 2847 a
246 2812 332 2858 iquo
356 2812 594 2859 maqistratu,
622 2813 730 2848 modo
755 2813 963 2859 spectabilis
990 2824 1035 2848 ne
1057 2814 1116 2856 sit,
1146 2813 1246 2849 illam
1275 2813 1485 2860 spectabilis
1504 2815 1714 2866 proconsul
1742 2816 1865 2851 audiet
1893 2816 2089 2851 secundum
2116 2817 2216 2852 sacri
2242 2817 2374 2853 iudicis

136 2856 299 2902 formam
322 2860 359 2893 et
379 2856 576 2893 secundum
599 2868 745 2893 sacrum
769 2858 1002 2893 auditorium.
1050 2857 1194 2894 Etenim
1217 2858 1286 2894 boc
1310 2870 1454 2904 quoque
1477 2870 1509 2895 ei
1533 2859 1592 2894 ius
1615 2859 1743 2895 damus
1766 2861 1913 2906 eiusque
1932 2861 2188 2908 maqistratum
2210 2862 2277 2898 tali
2291 2863 2372 2910 pri-

138 2901 269 2948 vileqio
294 2912 478 2945 ornamus,
529 2903 611 2938 uale
634 2914 738 2938 nemo
762 2913 875 2949 usque
899 2902 1019 2938 adhuc
1041 2903 1079 2938 in
1096 2903 1168 2950 Cap
1198 2904 1327 2939 adocia
1351 2903 1452 2939 vidit.
1500 2902 1558 2939 Sit
1579 2904 1694 2951 iqitur
1715 2905 1833 2941 iustus
1855 2909 1891 2941 et
1913 2906 2034 2941 animo
2058 2906 2216 2949 eoecelso,
2240 2911 2277 2943 et
2300 2912 2373 2944 tam

138 2945 189 2982 ad
210 2957 279 2982 nos
302 2957 410 2993 quam
434 2947 484 2983 ad
521 2959 621 2994 eqem
643 2948 818 2994 respiciat
838 2948 1013 2999 sciatque,
1037 2948 1069 2984 si
1093 2915 1235 2995 quicibm
1259 2949 1347 2984 naec
1372 2947 1545 2991 observet,
1576 2954 1611 2985 et
1634 2949 1673 2984 in
1696 2951 1916 2996 maqistratu
1944 2961 1984 2986 se
2015 2950 2078 2986 diu
2102 2962 2313 2988 mansurum
2337 2956 2374 2988 et

138 2990 251 3027 alium
271 2991 436 3037 fortasse
459 2993 631 3028 maiorem
654 2994 907 3039 maqistratum
930 3004 1050 3039 ipsum
1073 2999 1311 3040 excepturum
1335 3004 1434 3035 esse;
1462 2993 1521 3028 sin
1543 3004 1628 3029 vero
1653 2995 1830 3030 iussiones
1852 2998 1999 3030 nostras
2021 2995 2227 3042 neqlexerit
2249 3001 2286 3033 et
2303 3008 2372 3044 po-

140 3035 354 3072 tentioribus
378 3036 591 3082 quibusdam
621 3048 687 3072 nec
710 3049 794 3074 vero
819 3037 892 3083 leqi
921 3042 956 3073 et
979 3038 1084 3074 nobis
1111 3038 1295 3082 inserviat,
1326 3042 1361 3074 et
1383 3048 1471 3074 mox
1501 3038 1547 3073 iis
1578 3049 1671 3091 quae
1696 3038 1785 3075 data
1807 3042 1893 3075 sunt
1922 3050 1961 3076 se
1976 3040 2166 3086 privatum
2188 3041 2237 3076 iri
2267 3045 2304 3078 et
2332 3042 2372 3077 in

136 3084 325 3127 posterum
347 3081 444 3117 inter
467 3082 659 3118 damnatos
679 3083 779 3129 fore,
805 3082 869 3129 qui
893 3086 1021 3118 nostro
1045 3083 1218 3130 indiqnus
1241 3083 1460 3130 apparuerit
1480 3082 1627 3118 iudicio.

123 3222 125 3224 -
187 3197 203 3229 1
229 3194 292 3237 τῆς
315 3207 374 3228 om.
396 3194 443 3227 M
443 3194 494 3227 “L
521 3193 534 3238 11
564 3196 584 3228 2
606 3191 776 3238 μανδάτα
799 3197 986 3242 πρινκίπις
1009 3196 1094 3237 ML]
1118 3206 1221 3240 προς·
1338 3198 1353 3230 1
1380 3195 1542 3229 codicillis
1559 3214 1604 3220 --
1625 3196 1645 3230 3
1658 3195 1834 3229 uoluntate
1855 3197 1881 3240 el
1908 3198 1941 3231 in
1954 3210 2022 3231 ras.
2037 3200 2056 3233 3
2070 3211 2214 3232 versuum
2226 3211 2290 3232 scr.
2310 3199 2346 3233 V

138 3236 494 3327 {Zm‘ff‘att‘fi‘sst
508 3239 572 3316 ῗοΙΙ
590 3237 713 3325 ῗιῗῧῖἕ
726 3240 804 3318 {1¹¹3
813 3236 1222 3330 mugitissttiettffi
1290 3240 2372 3332 12205333111‘22132202131322Zi>³i⁰ssiit35ittit¹ssi⁸i⁰muim

144 3331 182 3364 17
207 3284 473 3386 οὲιὲἔωροῦντες
487 3329 559 3361 ML
576 3328 588 3372 11
608 3331 648 3363 19
673 3328 715 3363 τὸ
735 3343 793 3363 om.
807 3330 855 3363 M
863 3328 875 3373 11
896 3331 937 3363 20
948 3297 1064 3371 ξίδιον]
1081 3331 1222 3373 speciem
1298 3331 1353 3373 711
1372 3334 1391 3365 5
1418 3332 1479 3371 est]
1504 3332 1537 3363 et
1568 3330 1624 3374 711
1642 3341 1701 3364 nec
1726 3343 1785 3364 om.
1807 3331 1861 3374 711
1881 3332 2109 3366 commendare
2132 3333 2219 3377 vuly.
2239 3333 2252 3376 11
2271 3298 2296 3368 (ili
2320 3335 2370 3377 ao]

139 3376 176 3418 (i.
194 3387 218 3409 e.
240 3370 342 3408 ιδέαν
351 3374 380 3416 ῗ)
395 3385 414 3410 ς
431 3373 444 3418 11
460 3374 500 3406 ἐν
518 3375 591 3406 τοῖς
603 3374 635 3406 L
653 3372 666 3417 11
681 3376 723 3408 23
735 3371 1070 3408 κονσουλτατιονων
1083 3376 1116 3409 L
1140 3386 1220 3408 συν·
1290 3377 1352 3408 hac
1373 3375 1428 3419 711
1446 3376 1467 3409 9
1484 3375 1578 3407 fatile
1591 3375 1796 3417 elegentibus
1817 3376 1874 3420 711
1894 3379 1932 3411 11
1947 3377 2114 3411 uolentias
2133 3377 2188 3421 711
2209 3380 2249 3412 15
2266 3378 2372 3412 susci-

139 3416 316 3463 ελεύσεων
330 3420 365 3452 Β
389 3417 468 3461 ἢτοι
484 3417 562 3451 τῶν
575 3416 817 3452 συνελεύσεων
842 3432 867 3452 s.
882 3432 911 3452 υ.
926 3420 967 3452 Μ
992 3419 1004 3463 11
1035 3422 1077 3454 24
1101 3419 1222 3465 ἑτέρας
1290 3422 1434 3463 pientem
1456 3427 1485 3453 et
1509 3422 1548 3454 16
1566 3420 1727 3454 sinentem
1752 3422 1830 3455 libri
1854 3420 1867 3466 11
1891 3423 1929 3456 21
1959 3423 2106 3456 lacunam
2123 3424 2236 3456 notavi
2256 3423 2311 3465 (ab
2333 3435 2371 3458 eo

140 3465 173 3498 L
188 3465 201 3509 11
220 3465 263 3498 25
284 3460 424 3498 ἐλάττω
437 3464 469 3496 L
485 3463 497 3506 11
517 3465 558 3496 27
576 3461 626 3505 μὴ
647 3476 705 3497 om.
720 3464 816 3504 L¹B‚
840 3471 913 3497 ante
924 3466 1048 3508 μέντοι
1062 3467 1137 3499 add.
1152 3465 1199 3499 L2
1212 3466 1224 3509 11
1289 3478 1351 3509 pro
1376 3475 1456 3507 quas
1489 3465 1588 3508 vuly.)
1619 3465 1631 3508 11
1667 3467 1709 3499 22
1736 3466 1821 3498 sacri
1846 3479 1903 3499 om.
1927 3467 1962 3500 V
1975 3468 2019 3502 al.
2050 3466 2062 3511 11
2098 3468 2140 3501 27
2172 3467 2371 3511 proconsule

140 3510 184 3543 29
205 3507 374 3543 δικαστοῦ
394 3509 538 3549 ΜΕΒς]
557 3505 785 3554 δικαστηρίου
798 3509 995 3543 Haloander
1019 3509 1031 3554 11
1061 3511 1101 3544 31
1122 3506 1222 3553 αὐτῷ
1293 3511 1370 3544 libri
1398 3510 1409 3553 11
1438 3511 1480 3543 28
1506 3509 1626 3542 iudicii
1657 3512 1743 3554 vuly.
1775 3510 1787 3554 11
1823 3512 1866 3544 29
1889 3511 2069 3544 aditorium
2098 3512 2130 3546 V
2152 3511 2164 3556 11
2197 3513 2251 3545 ius
2281 3521 2312 3547 et
2339 3514 2372 3547 ei

140 3550 209 3595 τὴν
227 3549 350 3599 ἀρχὴν]
377 3554 448 3587 eius
468 3553 642 3595 cingulum
661 3565 681 3590 ς
698 3555 710 3597 11
727 3556 769 3588 32
792 3550 877 3587 ὅσον
889 3554 922 3587 L
938 3553 951 3599 11
969 3555 1012 3588 34
1036 3556 1095 3587 καὶ
1115 3554 1222 3601 γινώ-
1293 3568 1350 3588 om.
1369 3554 1424 3598 711
1442 3556 1482 3588 31
1510 3554 1749 3597 cappadotibus
1770 3556 1803 3589 V
1822 3554 1834 3599 11
1860 3556 1913 3589 Sit
1935 3569 1994 3589 om.
2012 3557 2043 3590 V
2063 3555 2076 3602 11
2106 3557 2150 3592 34
2172 3555 2282 3600 longis
2309 3558 2343 3591 V
2359 3555 2372 3603 11

141 3607 244 3631 σκων
261 3611 320 3632 om.
333 3610 354 3636 ς
371 3599 384 3643 11
400 3600 442 3633 35
461 3601 598 3645 τηροίη]
619 3601 698 3645 ροίη
714 3599 762 3632 L¹
810 3596 852 3640 ύη
865 3598 915 3632 L2
930 3598 941 3642 ΙΙ
961 3601 1003 3634 38
1015 3598 1082 3633 τὸν
1096 3595 1221 3643 νόμον]
1292 3601 1335 3634 36
1356 3600 1486 3632 amittet
1504 3600 1602 3642 vala]
1631 3600 1757 3633 amittit
1784 3600 1847 3634 VT
1870 3600 1882 3644 11
1919 3602 1960 3634 37
1981 3601 2019 3634 in
2041 3601 2370 3646 reprehensibilibus]

142 3644 270 3675 nostras
287 3643 376 3686 leges
395 3655 416 3682 ς
433 3643 445 3686 11
461 3640 692 3689 θεραπεύων]
714 3641 754 3677 οὐ
807 3643 996 3688 εραπεύων
1007 3644 1057 3677 L²
1074 3644 1087 3688 11
1104 3647 1145 3679 39
1169 3647 1222 3686 τε]
1291 3636 1600 3687 inreprehensibilis
1625 3644 1656 3677 T
1675 3644 1976 3687 irreprehensibilis
1995 3646 2094 3689 (—es
2115 3647 2179 3690 V⁰)
2207 3647 2242 3681 V
2261 3647 2298 3680 in
2319 3658 2370 3681 re—

142 3683 183 3720 δᾶ
206 3688 237 3720 L
261 3687 274 3732 11
297 3690 341 3722 40
366 3686 494 3722 λοιπὸν
519 3690 863 3735 ἐγκατεγνωσμένοις
884 3690 916 3723 L
1291 3689 1462 3733 prehensis
1485 3689 1602 3735 υα19.11
1629 3691 1671 3724 38
1696 3700 1834 3734 appares
1864 3690 1899 3724 V

211 3742 262 3768 111.
2053 3749 2095 3781 30
