2618 4010
262 150 303 194 Ν
305 163 369 192 ov.
389 147 525 191 LXIV
544 161 606 202 pr.
633 150 651 189 1

770 303 827 347 ΞΤΔ

386 379 563 434 ΠΕΡΙ
593 379 742 433 ΤΩΝ
772 377 1210 433 ΚΗΠΟῩΡῼΝ.

260 525 296 562 Ὁ
320 524 426 561 αὐτὸς
456 525 621 570 βασιλεὺς
646 529 818 574 Λογγίνῳ
850 527 903 560 τῶ
936 524 1162 569 ἐνδοξοτάτῳ
1192 523 1338 572 ἐπάρχῳ

350 573 412 615 τῆς
435 570 642 617 εὐδαίμονος
665 576 724 606 καὶ
748 559 933 616 βασιλίδος
961 570 1093 614 ταύτης
1116 568 1263 607 πόλεως.

305 642 363 688 (Π
367 655 392 697 ρ
397 654 417 675 ο
425 655 445 676 ο
456 645 471 675 ί
475 655 502 686 μ
512 655 524 674 ι
533 654 553 674 ο
561 640 612 686 ν.)
658 638 796 674 Πολλαῐ
819 637 1059 680 πανταχόθεν
1082 636 1167 681 ἡμῖν
1189 641 1340 694 μέμψεις

1331 142 1419 190 336

2109 161 2169 191 m:
2197 147 2484 194 HORTUL'AMS

1885 314 2012 352 LXIV.
2249 315 2358 351 Auth.
2373 314 2483 352 LXV.

1438 350 1444 357 ’
1474 382 1567 431 DE
1603 382 2041 436 HORTULANIS
2083 383 2417 436 CONSTAN-

1674 449 2216 504 TINOPOLITANIS.

1452 525 1550 562 Idem
1573 526 1664 572 Aug.
1690 526 1852 572 Longino
1876 527 2059 572 praefecto
2082 531 2182 567 urbis
2205 531 2326 574 regiae
2344 530 2438 566 Con·

1821 573 2081 620 stantinopolis.

1453 638 1608 685 (Praef
1616 638 1740 684 atio.)
1785 639 1924 676 Multae
1947 641 2102 687 undique
2126 644 2288 688 querelae
2312 643 2417 679 nobis
2441 653 2485 678 ex

261 689 298 721 ἐκ
329 700 459 734 χρονου
492 684 623 722 πολλοῦ
655 684 747 720 κατὰ
777 686 856 719 τῶν
887 684 948 727 τῆς
971 681 1181 727 εὐδαίμονος
1209 694 1341 726 ταυτης
1409 687 1571 730 tempore
1601 684 1755 730 plurimo
1787 689 1913 721 contra
1937 685 2161 724 felicissimae
2188 689 2295 725 huius
2325 689 2424 724 urbis
2448 693 2485 723 et

261 731 398 768 πόλεως
432 735 492 766 καὶ
522 731 600 766 τῶν
631 730 736 774 αὐτῆς
759 732 989 783 προαστείων
1020 729 1214 783 κηπουρῶν
1238 740 1340 783 προς-

1411 729 1486 765 eius
1519 730 1805 766 suburbanorum
1835 730 2044 768 hortulanos
2074 733 2280 770 deferuntur
2314 734 2484 770 laboran-

261 780 449 825 φέρονται,
481 774 785 820 δυςχεραινὸντων
808 787 985 809 απαντων
1010 785 1099 821 προς
1125 773 1193 817 τὴν
1217 787 1341 809 αυτων
1409 775 1500 810 tium
1524 776 1679 811 omnium
1703 775 1875 812 adversus
1899 786 2023 812 eorum
2050 778 2232 815 malitiam.
2279 779 2379 824 Quae
2403 789 2484 815 vero

260 827 486 871 κακουργίαν.
527 820 570 857 τὰ
588 821 628 856 δὲ
643 818 977 868 προςαγγελλόμενα
992 818 1143 854 τοιαῦτά
1158 831 1236 854 πως
1252 821 1340 854 ἐστί.
1355 824 1396 856 10
1410 820 1620 857 deferuntur
1642 821 1846 857 huiusmodi
1871 825 1965 858 sunt.

1270 934 1426 971 CAPUT
1447 934 1474 968 Ι.

306 1007 425 1038 Φασὶν
448 1005 487 1037 ἐκ
512 1004 575 1037 τοῦ
600 1000 825 1045 συστήματος
856 1003 934 1036 τῶν
958 1003 1152 1048 κηπουρῶν
1177 1004 1237 1036 καὶ
1260 1000 1341 1036 τοῦς

259 1048 471 1094 διατιμητὰς
507 1045 554 1082 ὡς
585 1050 646 1082 ἐπὶ
681 1046 724 1081 τὸ
755 1045 927 1082 πλεῖστον
958 1047 1070 1090 εἶναι,
1106 1050 1166 1081 καὶ
1192 1048 1340 1095 πρᾶγμα

260 1095 450 1131 ποιεῖσθαι
482 1092 613 1128 δεινόν.
662 1090 767 1135 ἡνίκα
799 1094 866 1135 μὲν
897 1091 965 1139 γὰρ
995 1090 1015 1127 ὁ
1045 1094 1108 1127 τοῦ
1140 1091 1253 1135 κήπου
1285 1090 1339 1126 δε-

259 1139 395 1184 σπότης
418 1141 549 1174 τοῦτον
573 1136 794 1185 παραδιδοίη
827 1138 880 1181 τῷ
914 1139 1083 1192 κηπουρῷ
1115 1139 1169 1181 τῷ
1193 1137 1260 1181 τὴν
1282 1142 1339 1183 μί-

1454 1001 1567 1037 Aiunt
1603 1012 1647 1037 ex
1683 1012 1831 1047 corpore
1867 1001 2138 1038 hortulanorum
2173 1006 2210 1038 et
2240 1004 2486 1042 aestimatores

1409 1047 1595 1083 hortorum
1619 1047 1828 1092 plerumque
1852 1057 1931 1083 esse
1955 1049 1991 1083 et
2013 1057 2159 1083 causam
2182 1048 2261 1084 fieri
2285 1050 2485 1094 pessimam.

1409 1093 1504 1127 Dum
1525 1093 1617 1128 enim
1636 1092 1732 1128 horti
1756 1092 1918 1129 dominus
1942 1093 2038 1128 hunc
2059 1093 2169 1129 tradit
2188 1093 2379 1130 hortulano
2402 1106 2487 1131 con-

1410 1138 1615 1174 ductionem
1640 1139 1825 1181 subeunti,
1859 1138 1948 1174 nihil
1970 1138 2067 1173 aliud
2099 1149 2205 1184 quam
2229 1140 2428 1184 plantatum
2451 1141 2488 1176 in

260 1186 408 1220 σθωσιν
431 1183 652 1226 ὑπελθόντι,
684 1181 790 1217 οὐδὲν
815 1185 938 1229 ἕτερον
959 1197 982 1226 η
1002 1186 1340 1237 τοκπεφυτευμένον
1358 1187 1395 1218 15
1410 1194 1451 1219 eo
1475 1183 1555 1220 olus
1579 1183 1769 1219 aestimant
1804 1186 1841 1219 et
1863 1184 1968 1220 huius
1992 1184 2274 1220 aestimationem
2299 1186 2489 1230 imponunt

259 1233 299 1265 ἐν
330 1227 430 1274 αὐτῷ
463 1229 620 1273 λάχανον
650 1227 907 1273 ἅποτιμῶνται
938 1231 998 1263 καὶ
1021 1241 1090 1271 την
1113 1241 1240 1263 τουτου
1264 1226 1338 1263 δια-

260 1280 406 1319 τίμησιν
437 1274 613 1310 ἑπικλαῖσι
642 1275 696 1317 τῷ
723 1273 793 1318 λαμ
821 1270 947 1308 άνοντι
978 1274 1148 1321 κηπουρῷ
1182 1273 1261 1317 ἢτοι
1282 1288 1339 1319 μι-

259 1321 412 1369 σθωτῇ·
460 1318 609 1356 ἐπειδὰν
644 1317 684 1353 δὲ
717 1318 783 1363 μέλ
805 1332 839 1353 οι
869 1316 1115 1365 παράδιδόναι
1150 1317 1241 1363 μετὰ
1273 1318 1340 1362 τὴν

259 1370 462 1415 περαίωσιν
496 1366 560 1400 τοῦ
594 1364 723 1409 χρόνου
755 1362 774 1399 ὁ
806 1362 1108 1409 μισθωσάμενος,
1143 1365 1340 1408 τηνικαῦτα

1409 1229 1599 1275 accipienti
1627 1229 1817 1265 hortulano
1847 1239 1911 1265 seu
1941 1229 2168 1274 conductori;
2206 1241 2287 1266 cum
2317 1241 2400 1267 vero
2429 1231 2486 1266 fu-

1408 1279 1512 1310 turus
1545 1278 1600 1310 est
1623 1274 1764 1310 tradere
1788 1279 1872 1320 post
1894 1275 2174 1311 transactionem
2206 1276 2376 1320 temporis
2402 1287 2487 1312 con-

1410 1321 1550 1362 ductor,
1581 1319 1658 1355 fieri
1683 1326 1770 1355 tunc
1795 1320 1935 1365 quidem
1964 1321 2009 1355 ab
2035 1321 2085 1356 eis
2110 1323 2357 1366 scrupulosam
2381 1322 2488 1357 oleris

1409 1364 1705 1407 aestimationem,
1738 1375 1816 1400 eam
1839 1370 1959 1401 autem
1987 1367 2024 1401 in
2048 1366 2251 1410 sextuplum
2282 1371 2346 1402 aut
2369 1368 2486 1402 multi-

260 1412 450 1447 ποιεῖσθαι
482 1413 549 1456 μὲν
582 1408 709 1445 αὐτοὺς
741 1408 872 1454 ἀκριβῆ
902 1411 966 1444 τοῦ
992 1408 1145 1453 λαχάνου
1179 1407 1339 1454 διατίμη-
1354 1412 1396 1444 20
1411 1410 1542 1455 plicem
1562 1410 1660 1453 ferri,
1685 1413 1722 1446 et
1739 1411 1770 1446 si
1791 1410 1824 1446 ei
1843 1411 2098 1456 quinquaginta
2118 1421 2307 1447 aureorum
2331 1412 2378 1448 sit
2397 1413 2486 1452 olus,

260 1470 331 1500 σιν,
361 1456 498 1499 ταύτην
529 1454 570 1490 δὲ
601 1456 648 1490 εἰς
679 1453 925 1496 ἑξαπλασίονα
957 1458 1018 1488 καὶ
1041 1453 1341 1490 πολλαπλασίονα
1410 1466 1481 1491 non
1512 1455 1629 1491 minus
1653 1459 1869 1499 trecentum,
1904 1456 2084 1491 interdum
2115 1461 2234 1493 autem
2266 1459 2302 1493 et
2333 1458 2487 1503 amplius

261 1506 393 1551 φέρειν,
418 1505 477 1537 καὶ
501 1502 601 1549 εἴπερ
625 1498 727 1544 αὐτῷ
747 1498 974 1544 πεντήκοντα
993 1502 1138 1547 χρυσαῖν
1162 1501 1215 1543 εἴη
1235 1499 1340 1543 λάχα-
1410 1501 1479 1537 hoc
1515 1501 1707 1537 aestimari.
1754 1501 1804 1536 Et
1838 1512 1910 1537 non
1946 1511 2059 1545 usque
2098 1501 2168 1537 hoc
2203 1502 2317 1537 solum
2357 1514 2488 1539 causae

259 1562 336 1590 νον,
352 1548 417 1582 οὐκ
432 1546 586 1582 ἔλαττον
601 1550 832 1593 τριακοσίων,
849 1544 938 1580 ἔσθ’
954 1542 1015 1580 ὅτε
1032 1543 1072 1580 δὲ
1085 1548 1144 1580 καὶ
1157 1544 1340 1581 πλειόνων
1407 1546 1593 1582 avaritiam
1617 1551 1729 1589 stare,
1758 1546 1822 1582 sed
1853 1547 1962 1582 etiam
1985 1547 2155 1582 maiorem
2186 1548 2296 1582 multo
2329 1557 2407 1583 eam
2432 1549 2486 1583 fa-

261 1592 504 1637 διατιμᾶσθαι
527 1593 644 1627 τοῦτο.
691 1594 750 1625 καὶ
774 1588 838 1625 οὔκ
868 1590 950 1636 ἄχρι
980 1589 1107 1625 τούτου
1137 1589 1249 1636 μόνου
1273 1590 1340 1633 τὴν
1409 1602 1503 1635 cere,
1527 1592 1685 1628 dicentes
1710 1592 1793 1637 quia
1813 1595 1954 1628 stercus
1973 1593 2182 1628 immiserint
2198 1598 2317 1628 terrae
2341 1596 2379 1628 et
2399 1593 2487 1629 alios

259 1640 322 1674 τοῦ
359 1636 567 1686 πράγματος
604 1637 710 1672 ἱστᾶν
744 1633 969 1679 ἀπληστίαν,
1010 1634 1100 1670 ἀλλὰ
1132 1640 1192 1671 καὶ
1226 1639 1339 1681 μείζω
1353 1639 1395 1672 25
1408 1637 1511 1682 quasi
1534 1637 1692 1673 habeant
1715 1637 1868 1680 labores,
1893 1643 1930 1674 et
1948 1648 1993 1673 ex
2013 1638 2083 1673 hoc
2106 1638 2297 1673 extendere
2320 1638 2358 1673 in
2375 1649 2486 1683 quan-

260 1687 378 1720 ποιεῖν
411 1682 523 1727 αὐτὴν
554 1683 645 1717 κατὰ
678 1680 786 1722 πολύ,
824 1680 1028 1727 φάσκοντας
1061 1680 1108 1716 ὥς
1131 1681 1268 1725 κόπρον
1300 1695 1340 1716 τε
1407 1688 1485 1719 tum
1509 1683 1684 1719 voluerint
1706 1683 1878 1728 pretium,
1912 1687 1947 1719 et
1969 1694 2033 1728 pro
2065 1683 2314 1719 aestimatione
2336 1683 2487 1719 inserta-

259 1729 332 1764 εἴεν
351 1727 568 1774 ἐμβαλόντες
588 1730 632 1776 τῇ
654 1729 698 1775 γῇ
723 1731 786 1761 καί
804 1741 888 1761 τινα
908 1725 1024 1770 δῆθεν
1044 1730 1161 1770 ἔχοιεν
1185 1725 1339 1770 ἐμπονή-
1407 1739 1489 1764 rum
1512 1728 1635 1764 forsan
1661 1729 1829 1764 arborum
1853 1729 1924 1764 alia
1944 1733 2133 1773 augmenta
2156 1728 2288 1771 facere,
2313 1729 2395 1764 dum
2416 1730 2486 1764 uti-

258 1788 368 1820 ματα,
394 1771 591 1808 κάντεῦθεν
616 1773 772 1818 ἐξαίρειν
790 1773 838 1807 εἰς
859 1770 947 1807 ὅσον
970 1769 1016 1806 ἂν
1036 1771 1252 1817 βουληθεῖεν
1272 1771 1339 1815 τὴν
1410 1784 1488 1818 que,
1521 1784 1602 1809 cum
1626 1775 1852 1820 perceperint
1877 1785 1898 1810 a
1922 1774 2084 1816 dominis,
2118 1774 2217 1810 nulla
2239 1774 2322 1810 talis
2345 1775 2487 1828 yenitus

260 1819 379 1864 τιμήν,
413 1823 473 1853 καὶ
503 1817 594 1867 ὑπὲρ
625 1817 876 1873 ἀποτιμησεως
907 1819 985 1852 τῶν
1010 1818 1268 1863 φυτευθέντων
1294 1815 1341 1852 ὡς
1409 1819 1611 1855 aestimatio
1642 1819 1739 1854 facta
1771 1820 1827 1863 sit,
1860 1819 1923 1856 sed
1954 1820 2164 1865 plerumque
2193 1820 2232 1855 in
2263 1822 2380 1864 pactls
2403 1830 2486 1864 pro-

260 1865 352 1900 εἰκὸς
388 1863 551 1911 δένδρων
585 1865 706 1911 ἑτέρας
743 1862 904 1906 αυξήσεις
937 1863 1147 1905 ποιεῖσθαι,
1183 1867 1341 1910 καίτοιγε
1354 1867 1396 1899 30
1410 1865 1579 1901 fiteantur
1594 1865 1788 1910 hortulani,
1813 1865 1896 1910 quia
1916 1869 1952 1900 et
1972 1865 2155 1910 plantatas
2176 1870 2319 1901 servant
2338 1866 2485 1901 arbores

261 1910 369 1954 ἡνίκα
393 1909 720 1956 παραλαμβάνουσι
744 1908 844 1953 παρὰ
866 1910 944 1943 τῶν
965 1907 1156 1943 δεσποτῶν
1179 1906 1343 1952 οὐδεμιᾶς

260 1953 427 1999 τοιαύτης
451 1954 639 1990 παντελῶς
669 1955 770 1998 τιμῆς
795 1953 1037 2001 λογιζομένης,
1071 1957 1131 1987 καὶ
1154 1955 1270 1988 ταῦτα
1295 1951 1343 1988 ὠς

261 2004 400 2038 ἐπίπαν
423 2002 464 2035 ἐν
487 2004 561 2035 τοῖς
584 1999 789 2046 συμφώνως
813 1998 1089 2047 ὁμολογούντων
1111 2001 1191 2034 τῶν
1212 2012 1340 2042 κηπου-

262 2048 352 2094 ρῶν,
379 2043 427 2082 ὥς
446 2049 505 2080 καὶ
525 2044 718 2092 φυλάξουσι
741 2046 787 2079 τὰ
807 2048 1058 2091 πεφυτευμένα
1081 2045 1160 2079 τῶν
1178 2043 1342 2090 δένδρων

318 2140 403 2174 Νου.
428 2138 563 2172 LXIV
576 2139 632 2180 (=
656 2138 807 2172 Authent.
834 2137 963 2177 LXV)
993 2137 1119 2170 Graece
1143 2143 1231 2170 extat
1253 2137 1286 2169 in
1311 2136 1402 2177 ML,
1432 2137 1617 2180 particulae
1642 2138 1802 2180 quaedam
1826 2138 1860 2169 in
1885 2136 1920 2169 B
1946 2139 2001 2177 55,
2017 2145 2058 2170 14.
2090 2156 2133 2160 —
2167 2137 2256 2180 Epir.
2284 2137 2405 2170 Theoti.
2431 2138 2486 2178 64,

261 2186 381 2219 Alban.
402 2185 456 2225 21,
470 2192 494 2218 1.
539 2183 662 2217 Iulian.
683 2189 781 2216 const.
802 2182 941 2215 LVIII.

1080 2371 1182 2422 DE
1211 2372 1266 2422 H
1270 2302 1619 2426 OffizLANl
1622 2372 1673 2423 S.

566 2454 668 2491 Idem
691 2455 877 2500 Λαμπείας
901 2451 1070 2498 Lonqino
1093 2451 1357 2498 gloriosissimo
1378 2452 1570 2497 praefecto
1595 2451 1703 2487 huius
1724 2450 1846 2495 felicis
1869 2455 1905 2486 et
1927 2432 2052 2496 regiae
2075 2452 2185 2488 urbis.

398 2523 660 2570 Praefatio.
709 2521 849 2558 Multae
872 2520 1032 2566 undique
1052 2520 1234 2566 querellae
1256 2519 1307 2555 ad
1327 2531 1397 2555 nos
1419 2531 1468 2556 ex
1488 2520 1597 2567 lonqo
1622 2523 1782 2567 tempore
1805 2519 1978 2555 adversus
2001 2520 2218 2556 hortulanos
2242 2520 2348 2556 huius
2391 2522 2491 2558 elicis

263 2571 363 2607 urbis
386 2575 422 2605 et
442 2569 696 2605 suburbiorum
725 2568 804 2603 eius
833 2566 1062 2611 deferuntur,
1096 2576 1176 2600 cum
1202 2576 1324 2602 omnes
1355 2565 1528 2611 fraudem
1559 2576 1684 2601 eorum
1714 2566 1878 2611 qraviter
1905 2565 2044 2611 serant.
2091 2565 2191 2608 Quae
2215 2571 2332 2602 autem
2381 2578 2489 2603 enun-

266 2617 415 2657 tiantur,
440 2615 529 2650 talia
549 2615 632 2660 fere
654 2617 748 2649 sunt.

393 2661 422 2697 Ι.
465 2659 602 2696 Dicunt
621 2670 671 2695 ex
690 2658 845 2704 eolleqio
866 2656 1145 2693 hortulanorum
1166 2658 1274 2692 etiam
1295 2656 1544 2692 aestimatores
1557 2655 1704 2703 plerum
1732 2667 1776 2691 ue
1795 2667 1882 2699 esse,
1904 2660 1939 2691 et
1954 2667 2029 2691 rem
2047 2656 2094 2689 im
2123 2661 2290 2691 ortanam
2307 2658 2490 2693 committi.

266 2708 352 2744 Cum
375 2706 468 2743 enim
492 2705 589 2741 horti
611 2704 779 2740 dominus
801 2714 881 2738 eum
904 2702 1099 2738 hortulano
1126 2703 1191 2748 qui
1212 2702 1310 2738 subit
1331 2702 1605 2738 conductionem
1632 2705 1690 2737 tra
1716 2702 1835 2737 iturus
1858 2706 1922 2743 est,
1954 2700 2047 2736 nihil
2107 2700 2172 2736 iud
2193 2711 2301 2746 quam
2327 2700 2428 2737 olera
2452 2703 2490 2737 in

264 2765 306 2789 eo
329 2753 438 2788 insita
462 2752 654 2787 aestimant
676 2759 872 2794 corumque
891 2748 1174 2784 aestimationem
1191 2747 1388 2783 hortulano
1412 2747 1469 2784 vel
1485 2746 1699 2783 conductori
1721 2747 1788 2793 qui
1806 2757 1884 2782 eum
1904 2746 2038 2792 accipit
2056 2746 2269 2792 iniunqunt5
2292 2746 2354 2782 ubi
2372 2751 2490 2783 autem

263 2802 349 2846 post
372 2802 439 2834 tem
469 2807 510 2832 us
539 2800 709 2832 exactum
732 2793 933 2830 conductor
964 2804 1043 2828 eum
1075 2792 1286 2829 redditurus
1307 2794 1371 2835 sit,
1405 2798 1477 2829 tum
1500 2792 1585 2827 illos
1613 2792 1777 2828 subtilem
1808 2791 1951 2838 quidem
1982 2790 2092 2826 oleris
2122 2791 2407 2828 aestimationem
2428 2794 2490 2838 fa-

265 2855 358 2886 eere,
388 2854 428 2878 se
475 2853 554 2878 eam
577 2842 616 2877 in
638 2840 759 2876 sexies
789 2843 928 2874 tantum
956 2843 992 2874 et
1022 2839 1060 2874 in
1085 2839 1175 2885 plus
1199 2849 1344 2885 auqere,
1376 2843 1414 2874 et
1441 2838 1618 2884 siquidem
1649 2838 1683 2873 ei
1713 2837 1979 2884 quinquaqinta
2007 2847 2201 2872 aureorum
2224 2837 2304 2872 olus
2326 2839 2385 2881 sit,
2418 2849 2491 2874 non

265 2889 384 2924 minus
404 2887 581 2929 trecentis,
605 2885 786 2922 interdum
803 2884 911 2920 etiam
923 2884 1049 2931 pluris
1072 2883 1112 2919 id
1130 2884 1329 2920 aestimare.
1378 2883 1504 2930 Neque
1527 2894 1641 2929 usque
1663 2894 1706 2919 eo
1722 2883 1839 2918 solum
1862 2884 1938 2918 eius
1960 2882 2014 2917 rei
2037 2882 2245 2918 aviditatem
2267 2883 2404 2925 sistere,
2427 2883 2492 2920 sed

265 2936 374 2971 etiam
397 2933 509 2968 multo
533 2931 705 2967 maiorem
728 2941 806 2967 eam
830 2930 989 2976 efficere,
1021 2941 1101 2965 cum
1124 2929 1248 2965 dicant
1274 2929 1358 2964 illos
1381 2933 1522 2964 stereus
1545 2929 1737 2975 inqessisse
1766 2929 1846 2964 solo
1869 2932 1905 2964 et
1927 2927 2193 2963 meliorationes
2222 2927 2325 2973 sorte
2348 2927 2491 2975 aliquas

260 2979 502 3027 praestitisse,
526 2985 635 3024 atque
652 2975 736 3012 inde
754 2976 793 3010 in
840 2979 990 3011 uantum
1014 2975 1195 3011 voluerint
1209 2974 1372 3022 pretium
1392 2974 1579 3017 extollere,
1604 2978 1639 3009 et
1656 2985 1728 3021 pro
1746 2973 1997 3010 aestimatione
2020 2971 2191 3008 arborum
2215 2973 2383 3008 nimirum
2407 2984 2489 3009 eon-

265 3026 420 3061 sitarum
450 3023 525 3058 alia
554 3026 748 3069 auqmenta
777 3032 800 3056 a
826 3021 938 3063 icere,
970 3021 1133 3067 quamvis
1163 3031 1243 3055 eum
1267 3019 1393 3055 hortos
1416 3031 1439 3054 a
1464 3019 1619 3055 dominis
1643 3019 1721 3055 aeci
1747 3023 1849 3056 erent
1876 3018 2013 3054 nullum
2037 3018 2183 3054 omnino
2213 3018 2389 3055 eiusmodi
2404 3030 2491 3066 pre-

268 3071 354 3106 tium
378 3072 624 3115 computatum
647 3068 712 3110 sit,
744 3076 823 3102 eum
842 3067 1061 3112 praesertim
1092 3067 1130 3100 in
1152 3065 1273 3112 pactis
1296 3065 1514 3111 promittere
1543 3065 1688 3101 soleant
1744 3065 1904 3101 ortulani
1937 3074 2015 3100 sese
2044 3068 2081 3100 et
2110 3064 2182 3098 iam
2212 3069 2314 3099 satas
2344 3065 2491 3101 arbores

1414 3158 1434 3189 6
1456 3156 1609 3198 quaerele
1631 3157 1664 3189 V
1680 3155 1693 3201 11
1722 3157 1817 3190 nobis
1835 3159 1863 3198 r]
1889 3169 1946 3190 om.
1971 3156 2001 3189 V
2017 3155 2030 3199 11
2057 3157 2075 3190 8
2090 3155 2292 3189 urbanorum
2313 3157 2347 3190 V
2363 3157 2376 3200 11
2400 3157 2488 3189 dese-

1413 3204 1536 3234 runtur
1557 3215 1574 3234 r
1597 3202 1692 3242 (idem
1715 3203 1770 3244 10)
1797 3201 1810 3246 11
1837 3204 1857 3237 9
1881 3201 2053 3235 hominum
2077 3215 2094 3234 r
2122 3201 2135 3244 11
2164 3212 2277 3234 eorum
2300 3203 2328 3243 r]
2353 3212 2406 3234 eos
2426 3199 2489 3242 1711

1417 3248 1454 3281 11
1482 3246 1704 3280 estimationes
1727 3261 1745 3280 r
1759 3246 1772 3291 11
1804 3249 1845 3281 12
1869 3250 2018 3280 ortorum
2041 3248 2086 3289 (et
2106 3248 2155 3280 sic
2179 3246 2370 3288 constanter)
2402 3245 2454 3278 Vr
2475 3245 2488 3289 11

1414 3295 1446 3324 et
1467 3305 1525 3325 om.
1544 3293 1575 3324 V
1595 3292 1607 3334 11
1635 3293 1675 3325 13
1697 3293 1787 3325 hunc
1805 3293 1909 3326 tradit
1929 3293 1976 3334 V]
2000 3292 2168 3325 contradit
2187 3305 2205 3326 r
2230 3291 2244 3336 11
2268 3294 2308 3326 15
2328 3291 2487 3323 extimant

1414 3345 1444 3370 et
1459 3338 1706 3370 extimationem
1723 3339 1782 3380 (id.
1800 3339 1890 3382 infra
1903 3339 2040 3381 passim)
2065 3336 2109 3382 ν11
2138 3339 2178 3372 16
2200 3335 2412 3370 conductioni
2435 3348 2452 3367 r
2473 3335 2486 3377 11

1414 3382 1548 3415 futurus
1568 3384 1628 3423 est]
1653 3383 1775 3415 suturis
1799 3397 1816 3416 r
1837 3383 1850 3426 11
1877 3385 1917 3417 17
1940 3382 2192 3416 conductionem
2215 3395 2233 3415 r
2256 3381 2269 3424 11
2294 3381 2335 3414 18
2359 3379 2400 3412 ab
2425 3381 2484 3421 eis]

1414 3427 1537 3460 habens
1560 3441 1578 3461 r
1607 3426 1620 3472 11
1654 3430 1695 3462 19
1719 3439 1790 3461 eam
1812 3430 1922 3461 autem
1953 3429 1990 3461 in
2021 3427 2205 3470 sextuplum
2229 3425 2333 3465 Beck]
2367 3428 2425 3457 aut
2449 3426 2483 3457 in

1415 3473 1607 3516 seruplum
1632 3474 1709 3507 libri
1732 3473 1745 3516 11
1769 3475 1838 3514 aut]
1864 3477 1896 3506 et
1916 3474 2011 3507 Beck
2034 3473 2047 3517 11
2073 3474 2115 3507 20
2132 3471 2210 3504 ferri
2231 3470 2354 3504 Bienor
2369 3470 2483 3504 Gesclae.

1416 3519 1447 3551 d.
1463 3519 1548 3551 Νου.
1558 3531 1594 3562 p.
1607 3519 1686 3559 489]
1712 3518 1784 3551 fieri
1806 3519 1858 3552 Vr
1879 3518 1892 3563 11
1915 3519 1954 3553 21
1981 3520 2162 3551 trecentum
2184 3515 2230 3566 V]
2256 3515 2411 3548 trecentis
2434 3530 2451 3548 r
2473 3517 2485 3559 11

1417 3563 1459 3596 22
1483 3563 1589 3596 solum
1613 3565 1741 3606 causae]
1763 3563 1834 3597 solo
1857 3575 1931 3596 care
1955 3577 1972 3597 r
1997 3563 2010 3606 11
2040 3563 2082 3597 23
2105 3559 2260 3593 auritium
2281 3559 2313 3591 V
2330 3559 2343 3603 11
2371 3561 2427 3593 sed
2452 3565 2485 3594 et

1415 3608 1514 3640 etiam
1538 3608 1584 3652 ν11
1612 3609 1735 3642 maiore
1767 3609 1802 3642 V
1817 3608 1830 3650 ΙΙ
1853 3611 1896 3643 24
1919 3606 2090 3641 immiserit
2113 3618 2130 3638 r
2197 3605 2239 3638 25
2263 3603 2410 3638 labscens
2433 3619 2450 3639 r

1416 3654 1458 3686 26
1471 3664 1531 3696 pro
1547 3654 1786 3695 aestimatione]
1800 3654 2052 3696 pastinationem
2069 3664 2086 3683 r
2103 3648 2117 3693 fl
2131 3650 2151 3683 2
2189 3659 2262 3682 oum
2285 3650 2328 3691 V]
2350 3650 2427 3683 dum
2443 3665 2461 3684 r

1414 3699 1616 3740 perciperint
1634 3699 1676 3732 ad
1696 3705 1732 3733 os
1750 3699 1785 3740 (ι’.
1801 3712 1826 3732 e.
1839 3708 1951 3731 omnes
1958 3697 1989 3739 Y)
2008 3693 2065 3739 711
2081 3695 2123 3728 29
2142 3695 2245 3737 pactis
2266 3695 2309 3736 V]
2331 3696 2426 3729 factis
2442 3710 2459 3729 r
2471 3699 2483 3740 11

1416 3744 1458 3777 30
1482 3743 1626 3777 ortolani
1646 3743 1706 3788 Vfl
1730 3742 1901 3785 plantatus
1923 3742 1979 3776 Vr
2000 3739 2014 3785 11
2037 3739 2215 3772 servabunt
2239 3741 2364 3774 Biener

313 3164 334 3196 2
357 3163 447 3208 Περὶ
465 3159 543 3194 τῶν
566 3159 656 3200 (τῶν
677 3171 735 3192 om.
752 3158 873 3191 Tbeod.
888 3165 919 3191 et
930 3159 1027 3191 index
1038 3158 1127 3199 Atb.)
1152 3156 1345 3202 κηπουρῶν

268 3208 341 3242 ML
350 3208 427 3241 Ath.
442 3206 575 3246 Theoti]
595 3205 645 3237 De
660 3202 847 3237 hortulanis
861 3202 1241 3246 Constantinopolitanis
1252 3213 1272 3237 ς
1295 3202 1344 3234 De

267 3251 456 3287 hortulanis
467 3249 858 3292 Constantinopolitanae
874 3248 1021 3281 civitatis
1036 3248 1100 3282 Iul.
1126 3247 1138 3292 11
1161 3249 1182 3281 4
1198 3245 1343 3292 ἐπάρχῳ

268 3300 359 3340 Am]
381 3294 531 3341 ὑπάρχω
544 3295 616 3329 ML
642 3293 656 3332 ΙΙ
679 3295 700 3328 6
724 3291 858 3327 Πολλοὶ
881 3295 1023 3328 οἱι.ΑιῘι.
1040 3294 1123 3336 cod„
1147 3290 1269 3326 Πολλὰ
1293 3293 1344 3326 cit.

272 3345 391 3378 Theod.
405 3344 475 3376 cod.
492 3341 506 3385 11
531 3342 552 3375 9
571 3337 684 3382 αὐτὴν
697 3339 743 3373 Μ
752 3339 764 3382 11
794 3341 833 3373 10
853 3338 1005 3372 τοιαῦτα
1021 3338 1098 3373 πῶς
1112 3338 1158 3371 Μ
1169 3337 1182 3382 11
1207 3340 1243 3372 11
1265 3335 1346 3371 τούς

270 3384 491 3432 διατιμητὰς]
509 3386 734 3419 aestimatores
751 3385 924 3417 hortorum
941 3396 959 3420 ς
976 3384 988 3428 11
1009 3386 1049 3418 15
1066 3381 1263 3417 ἐπελθόντι
1275 3383 1324 3415 12²
1335 3381 1347 3426 11

273 3436 315 3468 16
338 3435 378 3467 έν
401 3446 460 3466 om.
474 3433 504 3465 L
528 3431 534 3475 1
570 3433 609 3465 17
632 3427 831 3465 έπικαλῶσι
842 3430 893 3462 L‘²
914 3429 926 3474 11
952 3428 1136 3473 μισθωτῶ
1150 3429 1182 3462 L
1203 3427 1216 3472 11
1243 3428 1285 3462 23
1308 3424 1348 3460 δὲ

273 3492 329 3512 om.
342 3479 372 3512 L
390 3478 402 3520 11
418 3479 461 3512 25
475 3473 527 3511 ἀπ
568 3478 689 3509 ιστίαν
702 3476 733 3508 L
746 3475 803 3516 (id.
814 3476 915 3517 infra)
932 3474 945 3519 11
961 3475 1109 3518 μείζονα
1122 3474 1153 3507 L
1172 3473 1185 3518 11
1201 3474 1243 3507 26
1257 3469 1347 3514 αὗτῆ

276 3524 304 3555 L
322 3523 335 3566 11
350 3522 545 3567 φάσκοντες
558 3522 589 3554 L
606 3522 618 3564 11
637 3522 678 3555 27
692 3516 908 3564 ἐμβαλόντες
923 3521 964 3561 L]
979 3517 1171 3562 βάλλοντες
1184 3518 1230 3551 M
1230 3516 1245 3539 ⁶
1262 3515 1346 3561 βάλ-

274 3565 398 3601 λοντας
414 3568 457 3601 Μ
457 3572 475 3589 ⁰
490 3568 502 3611 11
521 3569 563 3601 32
579 3568 637 3598 καὶ
655 3565 771 3599 ταῦτα
788 3561 836 3598 ὠς
851 3566 1000 3606 ἐπίπαν]
1017 3565 1073 3597 sed
1088 3564 1285 3607 plerumque
1301 3574 1321 3599 ς
1335 3561 1348 3607 ss

275 3613 316 3645 33
341 3613 380 3644 ἐν
402 3614 474 3645 τοῖς
494 3613 551 3653 Μ]
577 3613 636 3644 ἐπὶ
661 3612 691 3644 L

323 3703 335 3734 1
365 3712 434 3732 που.
448 3701 578 3734 LXIV
597 3703 654 3741 (=
676 3702 771 3734 Auel».
786 3700 858 3734 LX
868 3700 912 3742 V)
937 3713 996 3733 om.
1014 3701 1057 3742 R,
1081 3700 1177 3733 habet
1200 3712 1217 3732 r
1231 3701 1265 3741 s.
1278 3697 1347 3742 9011

276 3745 317 3794 R(
331 3743 427 3778 LXV
449 3744 506 3787 VI]
528 3746 548 3778 2
560 3745 723 3778 ortulanis
741 3746 803 3788 Vr,
815 3747 904 3780 etsie
915 3758 1038 3789 semper
1055 3744 1068 3789 fl
1089 3747 1111 3779 4
1122 3746 1217 3778 inser.
1233 3755 1292 3777 om.
1305 3756 1323 3777 r
1333 3745 1347 3787 11
