2618 4010
153 157 212 188 nn
241 155 417 188 nnpms
1232 138 1311 186 177
2033 141 2140 185 Nov.
2171 142 2297 183 XXII
2327 145 2379 183 43

1102 299 1258 335 CAPUT
1291 299 1421 335 XLIII.

1352 367 1451 410 Quae
1487 377 1582 402 nunc
1617 375 1700 402 vero
1737 366 1898 410 sequitur
1935 377 2045 401 causa
2082 371 2135 402 est
2167 367 2239 401 anti
2267 377 2313 401 ua
2349 369 2385 401 et

1305 414 1435 447 multas
1461 412 1602 457 quidem
1635 411 1831 456 suscipiens
1863 413 2102 447 correctiones
2134 423 2205 447 non
2235 423 2257 447 a
2306 412 2384 447 aliis

1307 459 1439 500 solum,
1474 458 1536 493 sed
1568 458 1674 493 etiam
1698 467 1720 491 a
1743 457 1864 499 nobis,
1897 468 1969 492 non
1993 461 2111 492 tamen
2142 458 2186 492 ad
2212 467 2384 493 summam

1306 503 1362 538 sui
1385 504 1528 538 veniens
1554 502 1818 539 rectitudinem:
1845 513 1950 546 quam
1968 513 2062 536 nunc
2083 507 2260 538 sectantes
2280 513 2386 547 prae-

1273 554 1291 585 5
1306 549 1421 584 sentia
1446 549 1636 584 sancimus.
1684 548 1762 583 Lex
1786 548 1879 582 enim
1904 557 1994 592 quae
2019 550 2166 583 vocatur
2191 548 2281 582 Iulia
2296 548 2385 583 Mis-

1307 595 1415 637 cella,
1448 595 1505 629 lex
1530 595 1696 638 antiqua,
1721 593 1779 628 lex
1798 596 1955 635 vetusta,
1988 593 2141 627 fillorum
2165 594 2384 637 procreatio-

1306 640 1360 674 nis
1386 650 1610 685 praeponens
1632 639 1788 674 studium
1810 638 2037 683 permittebat
2057 638 2276 680 mulieribus,
2300 638 2386 673 licet

215 368 260 404 Τὸ
293 366 333 402 δὲ
367 367 488 414 ἐφεξῆς
520 367 666 416 πρῆγμά
706 369 782 402 ἐστι
819 367 976 403 παλαιὸν
1012 371 1072 402 καὶ
1104 367 1237 403 πολλὰς

155 417 222 461 μὲν
247 412 440 458 δεξάμενον
465 412 738 460 ἐπανορθώσεις
768 412 808 447 ού
834 411 924 459 παρ’
952 415 1088 461 ἑτέρων
1111 412 1235 459 μόνον,

157 457 235 494 ἀλλ’
262 458 327 503 ἤδη
360 462 419 492 καὶ
450 456 516 505 ὑφ’
544 456 658 503 ἡμῶν,
689 459 729 493 οὐ
753 459 824 504 μὴν
849 459 936 507 πρὸς
964 458 1033 502 τὴν
1057 459 1103 492 εἰς
1128 458 1237 507 ἄκρον

158 506 285 539 ἑαυτοῦ
318 504 614 551 παραγενόμενον
646 502 852 550 ὀρθότητα·
889 502 933 547 ἢν
962 506 1028 538 νῦν
1060 501 1236 546 μεταδιώ-

157 561 278 584 κοντες
300 548 347 583 τὰ
371 546 537 595 παρόντα
561 552 843 595 νομοθετοῦμεν.
881 547 916 584 ‘0
932 549 1002 595 γὰρ
1023 549 1237 593 καλούμενος

157 596 263 630 Iulios
286 595 463 630 miscellae
486 594 637 629 παλαιὸς
660 593 767 639 νόμος
791 593 934 640 ἀρχαῖος
959 597 1001 629 τὸ
1026 597 1087 638 τῆς
1110 593 1235 630 παιδο-

157 644 276 675 ποιίας
308 638 599 686 προβαλλόμενος
631 639 847 685 σπούδασμα
879 642 1053 686 ἐπέτρεπε
1079 644 1155 674 ταῖς
1179 654 1237 686 γυ-

157 685 288 726 ναιξίν,
313 686 344 719 εἰ
366 687 426 718 καὶ
451 682 469 719 ὃ
493 682 583 733 ἀνὴρ
609 685 739 719 κωλύοι
764 690 826 719 καί
849 700 883 719 τι
907 689 966 718 καὶ
992 683 1080 731 ’ὑπὲρ
1107 683 1236 719 τούτου
1306 685 1357 719 vir
1387 685 1594 730 prohiberet
1625 687 1661 720 et
1692 683 1826 728 aliquid
1859 684 1904 718 ob
1937 684 2005 719 hoc
2032 683 2263 728 relinqueret,
2297 694 2385 727 qua·

157 729 438 774 καταλιμπάνοι,
463 727 552 777 ὑπὲρ
576 733 640 764 τοῦ
665 731 712 775 μὴ
737 731 824 778 πρὸς
849 728 1016 776 δεύτερον
1037 728 1236 775 ἀφικέσθαι
1305 732 1410 765 tenus
1443 741 1515 765 non
1546 731 1592 766 ad
1624 731 1800 766 secundas
1832 729 1970 764 veniret
1998 729 2160 773 nuptias,
2197 732 2317 763 tamen
2351 732 2387 763 et

156 774 283 823 γάμον,
313 772 407 820 ὅμως
438 779 498 809 καὶ
530 777 576 810 εἰς
601 774 730 822 ἀνδρὸς
763 776 894 822 φοιτᾶν
917 779 976 814 καὶ
1001 773 1158 819 ὀμνύειν,
1191 773 1238 809 (ὃς
1254 780 1292 811 10
1307 775 1353 810 ad
1376 776 1489 810 virum
1514 776 1632 811 venire
1656 781 1692 810 et
1715 775 1850 818 iurare,
1883 774 1965 818 quia
1998 774 2152 809 filiorum
2182 784 2293 809 causa
2316 774 2386 809 hoc

158 820 304 856 παίδων
328 822 449 855 ἕνεκεν
472 823 578 855 τοῦτο
604 820 773 867 πράττοι,
807 824 867 854 καὶ
898 819 940 855 τὸ
965 819 1235 864 καταλελειμμέ-
1307 824 1438 864 ageret,
1475 824 1510 854 et
1542 821 1637 864 quod
1669 821 1832 856 relietum
1868 822 1946 854 erat
1981 819 2157 864 accipere.
2213 820 2263 854 Et
2293 819 2387 854 hanc

157 880 223 901 νον
248 864 456 910 λαμβάνειν.
506 870 578 900 Καὶ
602 865 738 910 ταύτην
761 868 828 911 μὲν
854 866 901 899 εἷς
926 865 1093 899 ἐνιαυτὸν
1118 864 1236 899 ἐδίδου
1308 866 1447 909 quidem
1480 867 1515 900 in
1548 877 1680 900 annum
1710 866 1819 901 dabat
1848 865 2055 900 mulieribus
2080 865 2270 899 licentiam.
2330 865 2386 899 ΕΟ

159 915 234 946 ταῖς
268 912 409 958 γυναιξὶ
453 911 521 955 τὴν
555 910 696 946 ἄδειαν·
739 909 867 945 τούτου
902 909 942 944 δὲ
977 909 1236 956 παρελθόντος,
1306 914 1426 945 autem
1461 914 1669 946 transeunte
1705 912 1736 946 si
1771 912 1877 946 vellet
1905 911 2068 955 accipere
2100 911 2278 953 relictum,
2316 920 2388 944 non

159 958 272 1004 εἴπερν
283 954 469 1001 ἠβουλήθη
496 957 620 1001 λαβεῖν
649 955 690 991 τὸ
721 955 1061 1000 καταλελειμμένον,
1092 955 1155 989 οὐκ
1179 954 1236 989 ἄλ·
1307 956 1410 990 aliter
1440 956 1573 990 licebat
1604 957 1743 991 mulieri
1774 957 1844 991 hoc
1873 956 2051 1000 accipere,
2085 958 2277 1000 antequam
2302 965 2386 990 cau-

159 1002 228 1036 λως
251 1003 295 1045 ἡν
313 1006 390 1036 ταῖς
411 1003 551 1049 γυναιξὶ
575 1003 682 1036 τοῦτο
704 1000 838 1045 λαβεῖν,
863 1005 952 1047 πρὶν
972 999 1017 1035 ἂν
1037 999 1238 1046 ἀσφάλειαν
1255 1006 1293 1037 15
1306 1001 1440 1035 tionem
1476 1007 1685 1046 exponeret,
1726 1002 1808 1047 quia
1843 1002 1890 1036 ad
1926 1001 2101 1036 secundas
2143 1012 2216 1036 non
2252 1001 2389 1036 veniret

157 1049 330 1082 ἕκθοιντο
367 1045 414 1081 ιὸς
455 1050 515 1082 ἐπὶ
559 1045 724 1090 δεύτερον
765 1048 828 1080 οὐκ
865 1045 1071 1080 ἐλεύσονται
1111 1045 1235 1093 γάμον.
1307 1047 1462 1090 nuptias.
1517 1047 1587 1081 Sed
1620 1048 1713 1082 hanc
1748 1057 1890 1092 quoque
1921 1047 2157 1082 adiectionem
2181 1046 2288 1092 (non)
2310 1047 2389 1090 ipse

158 1091 248 1126 ἀλλὰ
278 1090 416 1136 ταύτην
449 1092 492 1136 δὴ
523 1093 590 1135 τὴν
621 1089 830 1138 προςθήκην
860 1089 923 1125 οὐκ
956 1089 1062 1126 αὐτὸς
1091 1090 1109 1125 ὁ
1133 1093 1238 1126 Iulios
1306 1091 1418 1126 Iulius
1440 1091 1625 1127 Miscellus
1650 1093 1839 1134 adinvenit,
1865 1092 1928 1127 sed
1952 1092 2104 1136 Quintus
2122 1092 2263 1127 Mucius
2282 1092 2387 1127 Scae-

158 1139 335 1173 miscellae
373 1138 531 1184 ἐξεῦρεν,
570 1136 659 1171 ἀλλά
699 1137 845 1180 Quintos
880 1138 1015 1172 Mucios
1051 1137 1239 1172 Scaevolae
1307 1137 1386 1172 vola
1410 1137 1479 1172 hoc
1504 1138 1803 1185 praesanciverat,v
1831 1148 1938 1182 super
1955 1138 2119 1172 omnibus
2145 1138 2277 1182 quippe
2300 1147 2387 1182 pen-

159 1183 478 1229 προνομοθετὴσας
501 1179 703 1229 ἐτύγχανεν,
736 1184 796 1216 ἐπὶ
821 1181 972 1217 πάντων
1005 1180 1048 1225 δὴ
1077 1184 1154 1216 τῶν
1178 1181 1238 1228 ἦρ·
1308 1181 1474 1217 dentibus
1499 1183 1537 1217 in
1563 1192 1751 1218 causarum
1776 1183 2077 1227 prohibitionibus
2102 1183 2306 1218 huiusmodi
2325 1182 2388 1216 ad-

158 1232 326 1273 τημένων
349 1229 397 1262 εἰς
428 1226 490 1261 τὰς
521 1231 598 1261 τῶν
630 1226 857 1275 πραγμάτων
881 1227 1051 1262 κωλύσεις
1080 1227 1143 1262 τὰς
1166 1231 1294 1263 τοι-20
1306 1227 1489 1263 inveniens
1523 1228 1718 1263 cautiones.
1774 1229 1849 1263 Nos
1881 1229 1989 1272 igitur
2026 1228 2184 1263 videntes
2216 1228 2388 1273 plurimas

160 1273 268 1308 αύτας
299 1272 490 1315 ἐπινοήσας
522 1270 725 1318 ἀσφαλείας.
781 1271 896 1318 Ἡμεῖς
927 1278 1052 1307 τοίνυν
1084 1270 1239 1319 ὁρῶντες
1307 1273 1471 1308 mulieres
1504 1273 1678 1308 desiderio
1703 1274 1924 1318 nuptiarum,
1960 1284 2033 1308 non
2057 1277 2206 1318 propter
2237 1273 2390 1308 filiorum

158 1319 219 1353 τὰς
239 1317 369 1353 πολλὰς
393 1316 437 1361 δή
455 1321 624 1364 γυναῖκας
648 1319 829 1363 ἐπιθυμίᾳ
852 1319 992 1366 γάμων,
1017 1317 1056 1352 οὗ
1080 1317 1139 1352 διὰ
1158 1331 1238 1353 παι·
1308 1319 1610 1363 procreationem,
1636 1319 1698 1354 sed
1723 1323 1871 1363 propter
1896 1319 2146 1353 necessitatem
2171 1322 2206 1353 et
2229 1319 2389 1353 iurantes

159 1363 335 1405 δοποιίαν,
366 1361 456 1397 ἀλλὰ
479 1361 538 1396 διὰ
562 1364 629 1407 τὴν
660 1365 722 1407 τῆς
746 1363 884 1409 φύσεως
910 1361 1070 1411 ἇνάγκην
1094 1367 1152 1397 καὶ
1178 1364 1237 1407 ὀμ-
1307 1367 1343 1400 et
1374 1364 1548 1399 nubentes
1579 1368 1615 1399 et
1647 1364 1940 1399 transcendentes
1971 1364 2198 1399 morientium
2226 1365 2389 1399 volunta-

157 1407 269 1442 νύσας
318 1411 377 1442 καὶ
409 1412 634 1455 γαμουμένας
665 1413 725 1442 καὶ
749 1407 1045 1456 παραβαινούσας
1077 1409 1138 1444 τὰς
1161 1411 1239 1444 τῶν
1307 1413 1381 1452 tes,
1413 1410 1676 1445 aestimavimus
1709 1410 1810 1453 prius
1834 1410 1975 1444 interim
2005 1410 2234 1444 sacratiorem
2258 1409 2391 1444 mederi

157 1451 414 1488 τελευτώντων
442 1453 604 1501 γνώμας,
638 1451 814 1499 ᾠήθημεν
846 1455 913 1499 τὴν
937 1452 1046 1502 ἀρχὴν
1078 1459 1167 1489 τέως
1197 1454 1239 1489 τὸ
1253 1458 1293 1491 25
1307 1459 1445 1500 partem
1477 1459 1513 1490 et
1544 1455 1742 1500 periurium
1771 1455 1826 1490 eis
1860 1455 2025 1490 cohibere
2058 1465 2124 1489 nec
2158 1455 2274 1490 sinere
2305 1456 2391 1489 talia

158 1497 347 1546 θειότερον
377 1499 606 1545 θεραπεῦσαι
637 1503 740 1545 μέρος
772 1504 831 1534 καὶ
863 1500 930 1544 την
963 1503 1150 1546 ἐπιορκίαν
1180 1498 1237 1533 αὐ·
1307 1501 1428 1536 subire
1446 1501 1656 1544 iuramenta,
1683 1501 1721 1535 in
1740 1501 1869 1544 quibus
1891 1501 2034 1535 omnino
2056 1500 2251 1545 periurium
2271 1511 2390 1544 prom—

157 1548 234 1578 ταῖς
263 1543 438 1587 κωλῦσαι,
476 1548 534 1578 καὶ
565 1544 614 1589 μὴ
646 1547 874 1592 συγχωρῆσαι
908 1543 1087 1580 τοιούτους
1117 1543 1240 1593 ὅρκους
1307 1548 1408 1591 ptum
1433 1550 1497 1581 est.
1552 1546 1644 1580 Nam
1669 1556 1736 1580 nee
1768 1546 1857 1580 illud
1885 1546 2003 1581 inerat
2026 1546 2110 1590 legi,
2145 1548 2186 1580 ut
2209 1548 2393 1590 oporteret

157 1587 310 1632 ὑπέχειν,
344 1588 402 1635 ἐφ’
429 1589 478 1623 οἷς
503 1589 650 1625 πάντως
673 1590 715 1624 τὸ
746 1593 807 1635 τῆς
834 1594 1015 1637 ἐπιορκίας
1039 1590 1238 1638 πρόχειρον.
1308 1592 1384 1627 sine
1415 1592 1498 1626 filiis
1530 1592 1722 1627 existentes
1753 1591 1919 1626 mulieres
1952 1593 2020 1626 hoc
2044 1591 2164 1626 iurare
2189 1601 2390 1625 sacramen-

157 1638 216 1668 καὶ
239 1634 307 1681 γὰρ
328 1633 410 1669 οὐδὲ
433 1637 546 1669 ἐκεῖνο
572 1639 773 1681 προςέκειτο
798 1638 853 1680 τῷ
877 1636 978 1680 νόμῳ
1009 1636 1051 1671 τὸ
1077 1635 1154 1670 δεῖν
1177 1636 1239 1670 τὰς
1308 1641 1400 1678 tum,
1426 1637 1490 1673 sed
1515 1637 1622 1671 etiam
1646 1637 1737 1672 filios
1762 1637 1977 1672 habentibus
2002 1637 2190 1671 adiacebat
2212 1637 2391 1671 iusiuran-

156 1679 314 1715 ἄπαιδας
343 1679 448 1714 οὔσας
484 1685 652 1727 γυναῖκας
688 1683 818 1715 τοῦτον
847 1681 994 1726 ὀμνύειν
1023 1681 1088 1716 τὸν
1121 1679 1239 1729 ὅρκον,
1253 1685 1294 1716 30
1309 1683 1409 1724 dum,
1443 1682 1538 1727 quod
1564 1683 1669 1717 deum
1695 1683 1800 1717 simul
1830 1686 1866 1718 et
1896 1683 2055 1717 defuncti
2080 1682 2233 1716 animam
2259 1683 2391 1716 contri-

156 1724 246 1759 ἀλλὰ
276 1729 336 1759 καὶ
364 1724 497 1761 παῖδας
527 1726 685 1769 ἐχούσαις
717 1727 908 1774 προῦκειτο
939 1727 984 1761 τὰ
1007 1729 1084 1761 τῶν
1109 1725 1238 1774 ὅρκων,
1309 1730 1440 1770 staret,
1490 1739 1571 1763 cum
1619 1729 1741 1773 utique
1786 1728 1983 1772 periurium
2032 1727 2173 1772 quidem
2222 1731 2315 1762 esset
2355 1728 2392 1761 in

157 1770 249 1805 θεόν
279 1784 319 1805 τε
351 1768 440 1816 ὁμοῦ
476 1775 535 1805 καὶ
569 1771 636 1814 τὴν
671 1774 733 1806 τοῦ
766 1776 1020 1817 κατοιχομένου
1057 1772 1239 1819 λυποῦντα
1308 1776 1495 1818 promptu,
1528 1773 1684 1808 filiorum
1709 1784 1791 1809 vero
1818 1774 2020 1818 procreatio
2044 1774 2083 1808 in
2108 1783 2213 1808 casus
2236 1773 2391 1807 muneri-

156 1815 283 1862 ψυχ’ν.
330 1821 489 1862 καίτοιγε
511 1815 553 1851 τὸ
577 1819 644 1861 μὲν
676 1819 736 1861 τῆς
761 1820 942 1864 ἐπιορκίας
966 1817 1159 1865 πρόχειρον
1181 1821 1238 1861 ἠν,
1308 1820 1376 1854 bus
1408 1819 1593 1854 reiaceret.
1651 1818 1743 1862 Quia
1774 1819 1883 1862 igitur
1917 1819 1988 1854 hoe
2021 1822 2146 1854 nostra
2177 1818 2392 1853 sancivimus

155 1860 197 1896 τὸ
256 1863 273 1895 ὲ
306 1864 368 1905 τῆς
403 1860 632 1897 παιδοποιίας
667 1865 707 1896 ἐν
738 1866 811 1897 τοῖς
842 1864 903 1907 τῆς
936 1863 1040 1907 τύχης
1071 1860 1238 1898 ἀπέκειτο
1308 1864 1385 1908 lege
1403 1864 1650 1900 iusiurandum
1670 1864 1722 1900 eis
1740 1865 1944 1901 auferentes
1966 1867 2003 1900 et
2017 1865 2123 1900 talem
2145 1863 2391 1908 permittentes

157 1905 295 1955 δώροις.
343 1905 466 1960 ἐπειδὴ
489 1912 613 1942 τοίνυν
643 1909 750 1942 τοῦτο
783 1905 943 1955 ἡμετέρῳ
967 1910 1240 1952 τεθεσπίκαμεν
1253 1912 1295 1944 35

156 1951 267 1997 νόμῳ,
296 1951 362 1987 τὸν
385 1950 492 1999 ὁρκον
516 1951 640 1987 αὐτῶν
670 1951 862 1999 ἀφελόντες
892 1958 952 1988 καὶ
976 1953 1044 1998 τὴν
1065 1952 1240 1997 τοιαύτην

290 2053 420 2088 XLIII.
467 2052 569 2096 Quae
592 2065 677 2089 vero
702 2054 871 2102 deinceps
893 2055 1058 2101 sequitur
1080 2067 1139 2091 res
1163 2059 1263 2092 vetus
1287 2055 1431 2101 quidem
1453 2060 1508 2091 est
1530 2061 1567 2092 et
1589 2067 1684 2103 quae
1706 2056 1840 2091 multas
1863 2057 2132 2092 emendationes
2155 2063 2311 2103 experta
2334 2058 2392 2100 sit,

156 2111 230 2135 non
252 2099 369 2134 solum
392 2099 438 2135 ab
462 2099 556 2141 aliis,
581 2099 646 2134 sed
667 2100 740 2135 iam
765 2112 788 2135 a
807 2100 912 2135 nobis
935 2112 1092 2147 quoque,
1116 2112 1232 2148 neque
1258 2106 1377 2136 tamen
1398 2101 1447 2136 ad
1466 2113 1640 2137 summam
1661 2102 1778 2148 ipsius
1825 2102 2062 2148 erfectionem
2079 2103 2259 2149 pervenit,
2285 2114 2393 2149 quam

157 2156 254 2180 nunc
281 2148 461 2180 sectantes
490 2145 701 2191 praesentia
730 2146 923 2181 sancimus.
983 2146 1065 2182 Lex
1096 2147 1191 2181 enim
1222 2157 1316 2192 quae
1348 2151 1499 2182 vocatur
1532 2146 1630 2182 Iulia
1661 2148 1784 2182 miscel
1799 2159 1822 2181 a
1855 2151 1955 2182 vetus
1985 2152 2021 2182 et
2052 2148 2206 2194 antiqua
2235 2148 2394 2183 studium

153 2190 422 2237 procreationis
442 2189 636 2225 liberorum
652 2201 744 2236 prae
760 2202 799 2225 se
822 2193 948 2237 ferens
980 2191 1191 2226 mulieribus
1210 2192 1398 2233 concessit,
1418 2192 1559 2226 etiamsi
1577 2193 1732 2227 maritus
1745 2192 1947 2238 prohibeat
1965 2197 2076 2238 atque
2091 2204 2134 2228 ea
2154 2193 2296 2239 aliquid
2312 2204 2394 2228 con-

158 2236 298 2271 dicione
326 2235 419 2270 relin
446 2239 511 2270 uat
532 2246 577 2269 ne
600 2235 649 2269 ad
671 2236 868 2270 secundum
894 2240 1080 2270 transeant
1101 2237 1389 2278 matrimonium,
1425 2236 1659 2271 nihilominus
1682 2241 1718 2272 et
1737 2238 1815 2272 viro
1840 2237 1974 2272 nubere
1998 2242 2034 2272 et
2054 2238 2180 2273 iurare
2202 2249 2241 2273 se
2266 2239 2393 2274 libero-

159 2292 239 2316 rum
271 2281 395 2327 qratia
449 2290 491 2314 oc
521 2280 649 2324 facere
680 2284 716 2314 et
745 2280 845 2324 quod
875 2281 1041 2315 relictum
1072 2285 1127 2316 est
1158 2291 1201 2315 ca
1229 2292 1298 2316 ere.
1367 2280 1415 2316 Εἰ
1444 2281 1539 2316 hanc
1571 2282 1715 2326 quidem
1743 2286 1959 2328 potestatem
1992 2283 2200 2318 mulieribus
2226 2283 2327 2319 dedit
2356 2285 2394 2319 in

160 2336 315 2366 annum,·
349 2335 391 2359 eo
418 2334 502 2359 vero
519 2324 779 2370 praeterlapso
811 2325 843 2359 si
867 2335 939 2369 qua
969 2336 1101 2371 capere
1133 2326 1187 2360 vel
1202 2330 1238 2360 et
1262 2325 1361 2371 quod
1392 2325 1556 2360 relictum
1579 2330 1676 2368 erat,
1708 2338 1782 2362 non
1806 2327 1913 2362 aliter
1937 2327 2068 2362 licebat
2094 2328 2304 2363 mulieribus
2326 2328 2394 2364 hoc

161 2381 291 2416 capere
315 2370 388 2404 nisi
409 2373 516 2403 antea
541 2369 709 2403 cautione
722 2370 909 2416 praestita
932 2380 971 2404 se
991 2369 1040 2404 ad
1061 2370 1257 2405 secundum
1281 2371 1550 2405 matrimonium
1574 2382 1648 2406 non
1674 2372 1895 2406 transituras
1918 2382 2003 2407 esse.
2048 2372 2178 2408 Verum
2202 2373 2270 2408 hoc
2291 2374 2392 2409 addi-
2446 2375 2449 2377 ’

162 2417 355 2449 lamentum
378 2424 452 2448 non
476 2414 558 2459 ipsa
583 2413 646 2448 lex
670 2412 768 2448 Iulia
791 2413 951 2448 miscella
975 2415 1121 2457 invenit,
1146 2415 1211 2450 sed
1233 2414 1273 2457 Q.
1295 2414 1441 2450 Mucius
1464 2414 1641 2450 Scaevola
1664 2417 1860 2452 sanciendo
1912 2422 2139 2463 raeceperat,
2165 2419 2228 2463 qui
2230 2419 2393 2498 dquidem

2255 2475 2394 2499 eremus

161 2461 199 2495 in
223 2460 396 2501 omnibus,
421 2469 516 2504 quae
536 2469 559 2493 α
575 2469 697 2493 rerum
713 2458 965 2505 prohibitione
981 2459 1156 2506 pendent,
1181 2460 1357 2495 eiusmodi
1376 2461 1564 2496 cautiones
1582 2462 1815 2507 excogitavit.
1902 2473 1944 2497 ο3
1963 2463 2077 2509 iyitur
2098 2474 2176 2498 cum
2195 2475 2226 2499 ει

157 2505 355 2552 plerasque
378 2504 546 2539 mulieres
570 2503 771 2549 cupiditate
794 2504 1017 2550 nuptiarum,
1041 2516 1116 2540 non
1137 2505 1331 2540 liberorum
1353 2506 1667 2552 procreandorum
1692 2517 1814 2549 causa,
1839 2508 1905 2542 sed
1925 2512 2080 2554 propter
2101 2514 2256 2544 naturae
2274 2520 2393 2544 neces-

161 2551 302 2586 sitatem
326 2553 362 2585 et
383 2550 508 2584 iurare
532 2553 567 2584 et
591 2549 724 2584 nubere
747 2553 784 2584 et
807 2549 1065 2594 defunctorum
1089 2550 1295 2586 voluntates
1320 2551 1591 2594 transcendere,
1628 2553 1772 2587 interim
1794 2564 1816 2587 a
1830 2553 2019 2599 principio
2051 2553 2152 2588 illam
2175 2556 2231 2589 rei
2249 2559 2393 2601 partem

161 2606 255 2641 quae
276 2605 356 2630 cum
376 2594 441 2629 deo
462 2594 579 2629 artius
600 2593 769 2629 cohaeret
787 2594 989 2629 sanandam
1014 2600 1050 2630 et
1066 2596 1272 2641 periurium
1296 2597 1347 2631 eis
1372 2597 1568 2631 arcendum
1592 2598 1890 2640 existimavimus,
1915 2609 2031 2644 neque
2081 2599 2333 2635 ermittendum
2353 2605 2393 2635 ut

161 2639 338 2676 eiusmodi
356 2643 586 2675 sacramenta
606 2639 770 2681 subeant,
790 2640 828 2674 in
849 2639 979 2686 quibus
996 2641 1141 2676 omnino
1158 2641 1318 2687 proclive
1334 2646 1388 2677 est
1399 2642 1614 2688 periurium.
1654 2642 1798 2678 Etenim
1820 2655 1864 2679 ne
1881 2643 1949 2678 hoc
1965 2645 2030 2695 qui
2054 2655 2108 2678 em
2129 2644 2160 2679 le
2186 2645 2199 2679 i
2215 2645 2393 2681 adiectum

161 2690 252 2728 erat,
277 2684 499 2727 mulieribus,
531 2695 625 2730 quae
649 2684 771 2719 liberis
795 2690 978 2728 carerent,
1004 2685 1072 2720 hoc
1092 2691 1357 2722 sacramentum
1381 2687 1574 2722 iurandum
1598 2699 1692 2731 esse,
1723 2688 1788 2723 sed
1811 2689 1918 2724 etiam
1943 2689 1989 2723 iis
2013 2700 2108 2735 quae
2131 2689 2157 2724 li
2181 2701 2264 2726 eros
2288 2690 2393 2726 habe-

160 2735 253 2774 rent,
284 2734 514 2765 sacramenta
534 2731 738 2810 proposita
769 2734 877 2765 erant
907 2742 1001 2776 quae
1031 2731 1134 2766 deum
1161 2732 1268 2766 simul
1295 2735 1331 2767 et
1361 2731 1527 2777 defuncti
1557 2734 1714 2768 animam
1739 2733 1932 2769 laederent.
1989 2736 2103 2780 Atqui
2125 2736 2332 2782 periurium
2354 2737 2393 2771 in

156 2780 334 2823 promptu
369 2779 468 2817 erat,
506 2774 534 2810 lz'
557 2786 702 2810 erorum
734 2781 852 2811 autem
873 2777 1089 2823 procreatio
1119 2777 1215 2812 inter
1244 2778 1423 2823 fortunae
1451 2789 1602 2813 munera
1633 2779 1807 2825 reposita.
1860 2778 2041 2822 Quoniam
2071 2780 2186 2825 iqitur
2215 2780 2285 2816 hoc
2316 2781 2349 2817 le
2375 2794 2394 2816 e

162 2825 291 2857 nostra
318 2821 522 2863 sanximus,
556 2831 634 2855 cum
658 2825 886 2856 sacramento
911 2821 1055 2856 sublato
1086 2822 1132 2856 iis
1163 2826 1205 2857 ut
1234 2822 1304 2857 tale
1328 2822 1417 2868 quid
1439 2828 1611 2869 caperent
1625 2826 1938 2870 permitteremus,
1970 2825 2122 2860 alteram
2146 2837 2221 2861 rem
2245 2838 2268 2862 a
2291 2837 2338 2862 no
2364 2827 2395 2861 is

209 2928 220 2958 1
251 2925 329 2957 ἐστὶ
347 2925 419 2965 Μς]
444 2924 544 2956 ἐστὶν
561 2924 629 2966 μὲν
646 2924 678 2956 L
701 2925 768 2966 μέν
790 2924 867 2957 ἐστι
888 2925 923 2957 Β
942 2923 991 2968 112
1015 2925 1082 2967 μὲν
1104 2937 1162 2957 om.
1178 2925 1212 2957 Β
1312 2924 1371 2965 (id.
1399 2925 1472 2963 178,
1495 2925 1524 2964 3)
1549 2923 1560 2966 ΙΙ
1588 2925 1630 2956 34
1653 2925 1739 2965 τοῖς]
1770 2923 1824 2956 τῶ
1849 2924 1881 2955 L
1907 2922 1919 2966 ss
1944 2924 1985 2956 35
2011 2923 2117 2955 τοῦτο
2149 2923 2203 2965 τῷ
2235 2922 2394 2966 ἡμετέρῳ

161 2967 274 3015 μόνον
290 2969 383 3010 LBl]
407 2967 534 3012 μόνων
554 2969 671 3010 MBrn
690 2971 711 3002 4
739 2965 848 3001 αὐτοῦ
869 2966 1155 3015 παραγενόμεθα
1179 2970 1212 3002 L
1241 2923 1246 3014 l
1315 2967 1365 3002 B!
1384 2967 1395 3012 ΙΙ
1419 2970 1460 3002 36
1481 2965 1599 3011 νόμῳ]
1630 2969 1707 3002 Cod.
1733 2970 1764 3010 6,
1787 2976 1834 3010 40,
1859 2975 1876 3002 2
1893 2968 1905 3011 ΙΙ
1923 2964 2036 3000 αὐτὸν
2059 2967 2112 3000 Bs

164 3020 183 3049 6
210 3015 310 3048 iulios
329 3014 492 3046 miscellas
513 3014 557 3046 M
587 3011 725 3047 Ἰούλιος
748 3011 936 3057 μισκέλλας
959 3012 1160 3057 (σμικέλλας
1183 3015 1245 3055 Bl)
1702 3048 1704 3050 ,

165 3061 200 3094 Β
231 3056 359 3092 ιούλιος
385 3060 458 3100 (om.
480 3060 547 3102 pr.)
576 3057 744 3103 μισκέλας
768 3060 799 3091 L
828 3058 841 3112 {l
866 3056 1019 3091 παλαιὸς
1049 3058 1156 3103 νόμος
1184 3057 1244 3104 ἆρ-

163 3106 272 3147 χαῖος]
290 3104 345 3136 lex
365 3105 514 3145 antiqua,
534 3104 587 3136 lex
602 3106 731 3136 vetusta
749 3115 778 3144 ς,
803 3116 844 3136 το
863 3099 1012 3148 ἀρχαῖον
1033 3107 1123 3138 malit
1137 3107 1245 3138 Hez'm-

166 3152 314 3183 bachius:
333 3151 443 3191 potius
455 3146 607 3182 παλαιὸς
621 3150 789 3182 delendum
799 3151 939 3186 videtum
961 3162 1003 3181 an
1015 3150 1074 3193 leq.
1085 3147 1218 3183 πάλαιῩ
1235 3149 1246 3193 ΙΙ

166 3198 183 3229 7
211 3189 479 3240 προβαλόμενος
504 3194 550 3226 Bt
569 3196 580 3235 Η
609 3195 628 3227 8
652 3196 713 3226 καὶ
737 3194 857 3227 om.B‘
880 3192 891 3238 ΙΙ
922 3191 1051 3226 κωλύει
1076 3195 1153 3227 ΜΒ
1169 3194 1181 3238 Ι]
1211 3207 1246 3227 τι

164 3245 219 3283 (το
241 3241 319 3279 Ma)
344 3241 403 3271 καὶ
428 3239 484 3279 M]
517 3250 600 3271 τινα
625 3240 656 3271 L
688 3252 725 3272 τι
745 3240 829 3277 BQ)
860 3237 872 3282 ll
902 3241 935 3271 11
966 3238 1117 3284 πράττει
1142 3240 1188 3273 B‘
1234 3238 1246 3283 ΙΙ

168 3288 208 3320 13
234 3285 339 3319 τοῦτο
361 3284 407 3317 L¹
424 3282 436 3328 ΙΙ
458 3286 497 3317 15
513 3296 559 3326 sq.
581 3286 659 3316 ταῖς
679 3284 820 3330 γυναιξὶ
840 3303 883 3307 —-
902 3283 1074 3317 ἔκθοιντο
1092 3304 1135 3308 -
1153 3282 1244 3317 ἐλεύ-

165 3332 303 3371 σονται]
328 3329 462 3361 mulieri
482 3348 526 3352 —
544 3333 721 3370 exponeret
741 3349 784 3352 —
805 3329 933 3361 veniret
956 3340 976 3365 ς
1005 3330 1016 3371 ΙΙ
1047 3332 1087 3363 16
1113 3325 1159 3363 ὠς
1183 3327 1245 3362 οὐκ

165 3377 225 3410 ἐπὶ
256 3372 426 3420 δεύτερον
458 3372 665 3407 ἐλεύσονται
696 3371 813 3419 γάμον
840 3375 873 3406 Β
903 3376 915 3417 ΙΙ
945 3371 1127 3418 δευτέρους
1157 3375 1189 3408 L
1234 3374 1245 3420 ΙΙ

161 3419 297 3483 γάμου
325 3422 356 3454 L
381 3421 393 3464 ΙΙ
423 3422 460 3452 17
488 3419 588 3451 ixilios
609 3419 772 3451 miscellae
795 3420 839 3451 M
863 3415 1000 3460 ἦοῦλιος
1023 3418 1189 3463 μισκέλας
1213 3422 1245 3453 L

172 3463 303 3499 Ιούλιος
324 3462 512 3510 μισκέλλας
531 3462 731 3506 (σμικέλλας
744 3465 806 3505 ΒΙ)
822 3465 857 3497 Β
884 3464 993 3496 Iulius
1013 3465 1182 3498 Miscellus
1196 3478 1215 3502 ς
1235 3465 1246 3510 ΙΙ

172 3513 209 3544 18
235 3512 368 3553 quintos
383 3535 390 3542 .
405 3511 530 3542 mucios
544 3535 550 3541 .
565 3509 732 3542 scaeuolas
757 3510 803 3541 M
832 3508 983 3542 κώιντος
1005 3507 1138 3553 μώκιος
1161 3522 1244 3543 σκα-

167 3554 294 3599 ἐβόλας
316 3558 344 3589 L
369 3553 543 3589 Κούιντος
567 3554 723 3588 Μούκιος
746 3552 1001 3597 ΣκαεβὸλαςΒ
1020 3554 1031 3599 ΙΙ
1052 3558 1090 3589 19
1116 3568 1244 3599 προνο-

167 3598 372 3644 μοθετήσας
384 3602 455 3641 Μς]
476 3598 563 3645 πρὸς
582 3596 831 3641 νομοθετήσας
843 3600 875 3632 L
895 3601 984 3644 πρὶν
996 3599 1246 3643 νομοθετήσας

165 3647 200 3680 Β
222 3649 279 3690 (ef
293 3649 373 3692 Diq.
392 3651 483 3688 35,1,
500 3648 586 3688 7pr.)
603 3646 615 3691 ΙΙ
634 3646 833 3689 εἰρημένων
844 3647 925 3680 LBl
949 3647 961 3686 ΙΙ
986 3649 1027 3680 23
1048 3644 1246 3690 ὀμνυούσας

167 3691 236 3724 LB
258 3692 271 3736 11
297 3694 337 3726 27
362 3691 412 3736 μὴ
435 3693 517 3732 LB]
542 3690 591 3735 μὴ
614 3690 655 3724 οὗ
681 3692 724 3724 Μ
744 3691 756 3735 ΙΙ
782 3694 820 3726 31
848 3690 1051 3739 προῦκειτο]
1075 3693 1245 3726 adiacebat
1279 3718 1280 3734 3

166 3737 201 3779 (ἰ.
227 3750 252 3769 e.
277 3738 492 3782 προςέκειτο)
518 3749 536 3773 ς
559 3737 570 3781 ΙΙ
596 3739 638 3770 32
663 3748 702 3769 τε
726 3750 784 3769 om.
812 3738 846 3770 Β
871 3737 884 3781 ΙΙ
907 3739 1180 3781 κατοιχουμένου
1206 3739 1247 3770 Μ
1278 3739 1281 3771 ἰ

255 3805 305 3833 ΙΙΙ.

1363 3107 1481 3139 1ναῖ)ν.
1513 3105 1548 3136 Si
1573 3104 1730 3136 decedens
1753 3105 1893 3137 maritus
1918 3105 2014 3136 uxori
2038 3115 2095 3137 sue
2118 3105 2178 3137 sub
2203 3105 2392 3137 conditione

1314 3151 1478 3192 legauerit
1501 3150 1529 3181 si
1548 3149 1707 3182 secundas
1731 3160 1798 3182 non
1823 3150 1958 3191 nuptias
1982 3151 2184 3182 contraxerit
2204 3150 2259 3182 uel
2278 3153 2394 3182 contra

1315 3197 1419 3239 qu.
1437 3194 1449 3239 ΙΙ
1475 3205 1555 3227 uero
1580 3205 1670 3227 nunc
1693 3196 1800 3238 vulyo,
1826 3205 1903 3227 vero
1927 3207 1985 3227 om.
2001 3196 2033 3227 R
2052 3194 2063 3238 ΙΙ
2091 3197 2109 3228 3
2136 3196 2246 3236 etiam]
2271 3195 2336 3227 iam
2362 3198 2394 3227 et

1323 3240 1380 3284 Vl}
1403 3240 1595 3272 sumandam
1620 3240 1668 3272 R¹
1688 3238 1700 3283 ΙΙ
1725 3242 1743 3272 5
1768 3239 1928 3272 miscellia
1948 3239 2039 3273 RV2
2058 3241 2069 3283 ΙΙ
2094 3242 2113 3273 6
2136 3244 2302 3272 uetustata
2323 3241 2355 3273 V
2381 3239 2394 3285 11

1316 3289 1333 3319 7
1358 3295 1547 3328 proponens
1564 3285 1598 3317 R
1617 3284 1628 3325 ΙΙ
1645 3286 1664 3318 8
1690 3285 1890 3326 proibentR
1905 3285 1917 3327 ΙΙ
1937 3286 1957 3318 9
1981 3285 2114 3317 uenerit
2135 3285 2192 3327 Vn
2212 3287 2247 3318 11
2276 3287 2394 3326 agetur

1314 3331 1347 3363 R
1366 3330 1377 3374 Η
1393 3331 1556 3372 acciperet
1589 3330 1666 3363 VR2
1690 3329 1702 3373 ss
1731 3331 1771 3363 12
1795 3330 1965 3362 licentiam
1988 3329 2184 3362 mulieribus
2206 3331 2259 3373 Vn
2277 3331 2330 3363 Eo
2351 3350 2394 3354 —-

1319 3378 1356 3409 16
1377 3376 1432 3408 scd
1452 3376 1538 3407 hanc
1562 3387 1625 3407 scr.
1639 3374 1690 3407 R2
1703 3377 1735 3408 in
1751 3388 1816 3408 ras.
1831 3377 1850 3408 2
1865 3388 1911 3408 vv.
1930 3374 1941 3419 ΙΙ
1964 3377 2002 3408 13
2027 3374 2111 3407 uelit
2135 3375 2167 3407 R
2186 3375 2197 3417 ΙΙ
2216 3377 2255 3408 15
2280 3375 2395 3408 ueniet

1314 3422 1348 3454 R
1366 3419 1378 3464 ss
1405 3422 1445 3454 16
1469 3431 1537 3452 non
1563 3421 1642 3452 add.
1659 3420 1837 3454 Heimbach
1854 3422 1865 3463 11
1890 3422 1925 3453 17
1952 3420 2132 3452 miscellius
2153 3419 2187 3452 R
2202 3418 2215 3464 ΙΙ
2238 3421 2276 3454 18
2299 3431 2393 3463 prae-

1315 3466 1507 3498 cedentibus
1519 3465 1569 3497 R¹
1585 3463 1597 3509 ΙΙ
1619 3467 1658 3498 19
1678 3466 1896 3507 proibitiones
1909 3465 1942 3497 R
1958 3466 1969 3507 ΙΙ
1989 3467 2027 3498 21
2056 3464 2229 3507 desiderio]
2247 3465 2394 3499 detentas

1316 3512 1392 3543 add.
1406 3524 1431 3543 s.
1446 3524 1474 3544 v.
1497 3510 1547 3543 V³
1564 3509 1576 3553 n
1594 3509 1684 3542 filio*
1703 3511 1753 3544 V*
1773 3510 1784 3554 Η
1802 3513 1842 3543 22
1868 3510 2143 3552 procreationem]
2165 3512 2394 3552 procreatione

1314 3558 1363 3588 set
1385 3557 1520 3598 propter
1542 3555 1688 3587 filiorum
1712 3555 1941 3598 procreatione
1965 3555 2014 3587 R¹
2033 3554 2045 3598 ΙΙ
2067 3557 2110 3589 24
2134 3556 2395 3589 existimauimus

1314 3602 1348 3633 R
1362 3603 1447 3644 vulq.
1467 3600 1479 3645 ΙΙ
1495 3601 1584 3633 inter
1607 3601 1644 3632 in
1667 3602 1716 3634 R¹
1733 3602 1744 3642 ὶΙ
1765 3603 1806 3634 25
1831 3601 2002 3642 periurum
2031 3601 2078 3634 V·
2095 3601 2107 3643 ΙΙ
2138 3601 2180 3634 26
2204 3604 2393 3644 promptum

1315 3647 1374 3687 est]
1393 3649 1439 3677 est
1451 3648 1643 3688 promptum
1660 3648 1707 3677 est
1728 3647 1779 3679 Va
1797 3645 1810 3689 ΙΙ
1827 3648 1868 3679 29
1891 3645 1990 3677 etiam
2003 3659 2060 3679 om.
2077 3644 2133 3689 Vn
2151 3647 2189 3680 31
2214 3647 2394 3689 impromtu

1316 3691 1349 3722 R
1367 3691 1379 3734 ΙΙ
1403 3693 1444 3724 32
1470 3692 1506 3722 in
1530 3701 1623 3723 casus
1652 3691 1897 3734 Osenbriiyyen]
1923 3691 1960 3722 in
1984 3701 2061 3723 casu
2084 3691 2155 3724 sine
2182 3692 2325 3735 Rvuly„
2358 3693 2394 3723 in

1316 3746 1391 3768 casu
1410 3737 1528 3779 (suppl.
1547 3735 1595 3770 V³
1617 3737 1650 3770 in
1663 3743 1747 3779 spat.
1763 3748 1832 3769 vac.
1848 3738 1870 3780 ᾗ
1882 3738 2007 3778 versus)
2031 3737 2090 3771 VT
2103 3735 2115 3780 ss
2134 3738 2176 3771 33
2201 3737 2263 3770 hoc
2287 3749 2347 3771 om.
2368 3736 2400 3769 V

2091 3795 2132 3826 23
