2580 4022
158 144 432 177 DIOECESEOS
460 144 643 177 VICARIO

158 256 222 278 του
252 247 450 290 μαγίστρου
482 244 560 278 τῶν
587 243 707 278 θείων
730 241 833 288 ἡμῶν
857 241 1042 289 ὀφφικίων
1066 245 1123 277 καὶ
1149 245 1239 289 πρός

158 302 198 334 γε
228 290 306 323 τῶν
338 287 587 329 ἐνδοξοτάτων
619 290 852 344 στρατηγῶν·
888 290 942 323 ἔτι
972 301 1012 334 γε
1043 288 1149 332 (μὴν)
1179 292 1238 322 καὶ

158 334 236 367 τῶν
254 333 654 380 μεγαλοπρεπεστάτων
675 331 877 379 ἀρχοντων,
901 333 938 367 οἳ
952 334 1004 376 τῷ
1021 334 1116 376 θείῳ
1133 333 1238 377 ἡμῶν

157 382 385 423 πατριμονίῳ
418 381 477 412 καὶ
509 379 561 420 τῷ
587 384 738 422 ταμιείῳ
763 391 802 422 γε
824 378 899 423 μὴν
922 382 981 411 καὶ
1005 376 1093 423 πρός
1115 392 1155 425 γε
1179 376 1237 412 δο-

157 428 335 467 μεστίκοις
360 425 449 466 [μὲν]
475 426 534 456 καὶ
558 427 826 468 προτίκτωρσιν
850 424 1038 468 ἐφεστᾶσι·
1080 427 1139 457 καὶ
1163 436 1236 457 τοι-

159 471 274 510 αύτην
305 469 397 509 ἔχειν
425 466 552 502 ἄδειάν
583 482 623 502 τε
656 471 715 502 καὶ
740 468 916 509 ἐξουσίαν,
950 466 1084 502 ὁποίαν
1108 467 1237 502 αι’-τοὺς

157 511 240 546 τοὺς
263 510 439 558 ἄρχοντας
463 511 507 546 δι’
527 513 669 547 ἑαυτῶν
691 516 898 559 γινομένους
922 515 981 547 ἐπὶ
1005 515 1083 547 τῶν
1105 511 1235 548 τόπων

158 557 251 599 ἔχειν
290 560 519 600 συνεζθαινεν·
559 555 648 592 ὦςτε
684 557 775 602 μήτε
811 555 895 601 ἀξίᾳ
930 556 1022 602 μήτε
1056 557 1235 603 ἱερωσύνῃ

156 603 246 646 μήτε
280 602 378 655 ζαξνῃ
397 600 504 656 ἱμήτε
539 607 711 649 στρατείᾳ
745 600 834 647 μήτε
868 606 942 637 τινὶ
972 605 1050 637 τῶν
1081 601 1235 638 πάντων

1228 126 1313 177 769

2072 126 2149 172 Ed.
2168 129 2268 173 VIII
2301 132 2335 172 1.
2356 124 2381 170 2'

1307 252 1386 277 rum
1418 244 1618 278 nostrorum
1651 242 1869 286 officiorum,
1901 241 1964 277 sed
1994 244 2032 278 et
2049 239 2384 286 gloriosissimorum

1307 287 1555 331 magistrorum
1578 287 1739 330 militum,
1761 287 1880 322 adhuc
1896 297 2016 322 verum
2033 286 2139 322 etiam
2158 299 2220 317 n·
2238 285 2383 330 insuper

1308 332 1509 368 domesticis
1530 336 1566 368 et
1581 332 1844 378 protectoribus
1861 335 2043 376 praesunt,
2069 342 2111 367 ac
2126 331 2233 366 talem
2249 330 2383 366 habere

1306 377 1485 412 licentiam
1510 382 1545 413 et
1568 382 1792 423 potestatem,
1818 380 1876 419 [et]
1896 377 2035 421 qualem
2052 377 2152 421 ipsos
2167 375 2303 411 iudices
2319 385 2383 420 per

1275 426 1292 458 5
1306 432 1346 457 sc
1369 422 1485 458 factos
1505 423 1541 457 in
1561 423 1648 458 locis
1664 424 1798 459 habere
1818 422 2014 467 contigerit,
2038 426 2079 456 ut
2096 431 2210 465 neque
2227 420 2382 464 dignitas

1306 477 1422 511 neque
1446 468 1684 503 sacerdotium
1709 478 1823 513 neque
1846 468 2022 511 cingulum
2047 475 2162 511 neque
2177 465 2302 500 militia.
2321 475 2382 499 ne·

1304 522 1372 557 que
1408 513 1548 548 cuidam
1583 523 1627 548 ex
1662 513 1827 548 omnibus
1856 513 1958 547 alteri
1988 511 2244 546 iurisdictionis
2275 510 2382 545 huius

1303 557 1487 602 exceptari
1515 557 1686 602 aliquem,
1718 557 1781 593 sed
1811 567 1949 592 omnem
1978 557 2162 592 subiacere
2185 555 2383 591 secundum

1303 602 1452 637 similem
1481 604 1641 643 modum,
1667 603 1740 637 sive
1763 603 1894 647 privati
1918 602 2005 644 sint,
2040 601 2113 636 sive
2137 600 2290 645 quodam
2313 599 2382 635 cir-

158 647 268 700 s‘ve'pqt
295 658 357 700 της
382 646 622 682 ὁικαιοδοσίιις
644 648 1003 702 ταύτηςυέξῃρῆσθαι
1024 645 1119 688 τινά,
1143 645 1462 682 ἀλλὰῙΟοιιῐηάἃῖί
1497 647 1568 682 Sint
1603 647 1743 692 cingulo
1773 650 1838 682 aut
1869 647 2039 691 dignitate
2070 650 2133 681 aut
2162 646 2288 680 militia
2319 648 2383 679 aut

157 703 299 726 παντας
321 693 540 727 υποκεῖσθαι
564 693 657 727 κατὰ
681 693 750 727 τὸν
773 705 901 737 ομοιον
921 706 1070 738 τρυπον,
1102 693 1172 727 εἴτε
1197 695 1236 726 ἐν

157 734 320 771 ἰδιώταις
350 736 487 772 τελοῖεν
523 738 594 772 εἴτε
628 738 713 771 τινὰ
749 736 1030 782 περιβέβληνται
1062 736 1184 780 ζώνην
1213 735 1235 779 ἢ

157 779 266 821 (ἰξίαν
300 779 324 824 ἢ
359 787 555 828 στρατείαν
590 781 613 825 ἧ
643 786 702 816 καὶ
733 781 944 828 ἱερωσύνην.
992 786 1051 816 καὶ
1082 779 1146 816 οἰκ
1174 784 1234 816 ἐπὶ

157 828 281 879 μόνοις
312 826 531 874 ἐγκλήμασιν
562 825 616 881 (αὖ
646 827 716 874 γὰρ
739 827 853 872 μόνον
877 826 1143 871 στρατιωτικὸν
1167 827 1234 861 τὸν

1304 692 1515 732 sacerdotio,
1543 706 1559 723 ιν
1575 706 1590 723 α
1615 693 1652 727 in
1674 693 1757 728 solis
1783 692 2025 727 criminalibus
2048 693 2133 732 (non
2157 691 2250 726 enim
2268 690 2382 725 solum

1304 737 1491 772 militarem
1515 737 1666 772 iudicem
1686 738 1781 773 hunc
1797 737 1973 778 facimus),
1999 736 2062 771 sed
2078 738 2115 770 et
2131 736 2162 770 si
2178 735 2258 780 quis
2274 744 2383 779 super

1305 782 1466 818 civilibus
1491 782 1640 817 voluerit
1664 792 1778 827 agere.
1829 781 2023 817 Commune
2045 780 2183 826 (enim)
2203 780 2383 823 cingulum

1305 827 1401 863 hunc
1433 827 1598 863 omnibus
1629 827 1793 872 personis
1821 829 1858 863 et
1889 826 2053 861 omnibus
2085 825 2194 861 rebus
2217 824 2381 860 facimus.

157 885 317 915 αρχοντα
340 885 472 907 τουτον
496 877 694 916 ποιουμεν),
714 870 803 906 ἀλλὰ
827 876 885 907 καὶ
911 873 945 906 εἴ
963 884 1017 906 τις
1040 870 1142 927 ὑπὲρ,
1155 885 1233 919 χρη·
1250 875 1290 907 15

156 914 287 960 μα’των
319 917 489 960 ἐθελήσαι
512 918 742 962 μέμψασθαι.
790 918 916 961 κοινὴν
937 917 1006 964 γὰρ
1030 918 1097 961 τὴν
1121 918 1235 964 αρχὴν

157 961 294 1004 ταύτην
323 963 416 997 πᾶσί
444 976 485 996 τε
514 962 717 997 ποοςώποις
747 966 807 996 καὶ
837 966 1023 997 παντοίοις
1050 962 1234 1008 πράγμασι

156 1009 173 1041 1
224 1009 408 1051 ποιοῦμεν.
454 997 687 1051 Ἀποδίδομεν
712 1006 751 1041 δὲ
776 1008 866 1055 αι’τῇ
891 1011 950 1041 καὶ
972 1005 995 1041 ὃ
1018 1007 1146 1053 πρώην
1166 1007 1236 1049 εἶχε

158 1052 263 1085 θεῖον
294 1048 338 1085 cin
361 1052 543 1107 οατήριρν,
577 1049 665 1086 ὥςτε
688 1052 750 1087 τὰς
774 1052 855 1097 ἄχρι
880 1057 1132 1087 πεντακοσίων
1154 1066 1234 1097 χρυ-

1305 1008 1324 1042 1
1370 1006 1565 1042 Reddimus
1597 1006 1629 1041 ei
1653 1005 1746 1051 quod
1770 1005 1905 1051 pridem
1929 1004 2056 1040 habuit
2079 1014 2220 1040 sacrum
2244 1003 2382 1038 audito-

1304 1053 1406 1094 rium,
1432 1055 1472 1087 ut
1497 1061 1608 1096 usque
1631 1053 1676 1086 ad
1700 1051 1971 1096 quingentorum
1996 1060 2187 1086 aureorum
2212 1049 2382 1094 cognitio-

158 1098 235 1130 σῶν
259 1093 330 1131 ὑπο
366 1100 454 1131 ε’σεις
478 1100 737 1141 αναρτωμένας
767 1096 925 1151 ἐκκλήτῳ
951 1095 1042 1131 κατά
1067 1111 1150 1132 τινα
1173 1098 1236 1140 τῆς
1250 1100 1291 1132 20
1305 1107 1367 1132 nes
1392 1097 1666 1142 comprehensas
1688 1096 1931 1149 'appellatione
1953 1105 2019 1141 per
2042 1096 2089 1130 ali
2116 1105 2198 1130 uam
2216 1094 2384 1129 Ponticae

158 1143 338 1184 Ποντικῆς
368 1139 574 1184 διοικήσεως
606 1143 783 1187 ἐπαρχίαν
821 1156 857 1185 ιη
882 1142 971 1176 κατὰ
992 1142 1131 1185 ταύτην
1156 1141 1235 1188 ἄγε-

157 1186 251 1220 σθαι
286 1185 354 1229 τὴν
385 1185 585 1230 εὐδαίμονα
615 1184 736 1225 πόλιν,
770 1157 861 1221 ἀλλὰ
895 1185 978 1234 παρ’
1013 1185 1111 1232 αὐτῷ
1142 1187 1235 1221 κατὰ

156 1232 200 1265 τό
237 1232 374 1277 σάκρον
408 1232 647 1274 ἐξετάζεσθαι
683 1233 820 1275 σχῆμα,
853 1232 924 1266 εἴτε
960 1233 998 1273 ἐξ
1033 1231 1143 1276 αὐτῆς
1174 1234 1237 1275 τῆς

156 1277 234 1310 τῶν
269 1275 470 1311 πολιτικῶν
506 1275 698 1322 ἀρχόντων
730 1277 957 1320 ἐκινήθησαν
988 1275 1236 1324 δικαιολογίας,

156 1321 227 1355 εἴτε
263 1323 301 1355 ἐκ

157 1365 297 1401 πόλεως
329 1366 531 1412 αρχόντων,
560 1381 580 1409 η
605 1370 665 1400 καὶ
690 1367 728 1407 ἐξ
751 1364 921 1415 ἡμετέρας
944 1365 1153 1402 κελεύσεως·
1177 1381 1235 1401 ου-

158 1409 234 1445 δενὶ
270 1414 478 1459 παρρησίαν
513 1410 691 1453 διδόντες,
728 1410 876 1447 ἐπειδὰν
909 1411 1124 1454 ἐκκληθεῖσα
1155 1410 1236 1456 δίκη

156 1460 303 1498 κινοῖτο,
329 1460 447 1502 ἐφέσει
467 1455 615 1502 δευτέρᾳ
638 1457 847 1502 κεχρῆσθαι.
897 1458 928 1491 εἰ
948 1461 1073 1502 μέντοι
1095 1471 1135 1504 γε
1157 1456 1236 1501 δίκη

157 1499 243 1548 παρ’
262 1499 361 1545 αὐτῷ
386 1503 555 1546 κινηθειή
580 1504 820 1547 πρωτότυπος
845 1504 962 1547 ἔφεσίς
985 1516 1024 1537 τε
1042 1503 1134 1537 κατὰ
1154 1502 1235 1537 ταύ-

1305 1142 1509 1177 dioeceseos
1537 1142 1756 1187 provinciam
1786 1152 1859 1177 non
1883 1141 1929 1176 ad
1955 1144 2048 1175 banc
2071 1151 2092 1175 a
2119 1140 2202 1175 duci
2222 1138 2383 1175 felicissi-

1303 1197 1396 1221 mam
1421 1186 1612 1230 civitatem,
1637 1186 1700 1222 sed
1723 1186 1819 1231 apud
1842 1196 1922 1221 eum
1940 1186 2135 1221 secundum
2155 1195 2296 1220 sacram
2311 1184 2383 1219 dis-

1306 1232 1379 1267 cuti
1410 1232 1578 1276 figuram,
1611 1232 1683 1267 sive
1717 1241 1761 1266 ex
1792 1232 1872 1277 ipsa
1901 1230 2055 1266 civilium
2084 1230 2241 1266 iudicum
2265 1232 2384 1264 motae

1305 1280 1389 1311 sunt
1411 1277 1668 1318 iurisdictione,
1694 1277 1768 1312 sive
1793 1287 1836 1311 ex
1860 1276 2048 1312 sententiis
2073 1276 2225 1310 alicuius
2246 1284 2383 1315 eorum,

332 1322 470 1378 zfffipwv
500 1322 598 1376 τινὲς
627 1323 706 1356 τῶν
739 1324 798 1356 ἐπὶ
831 1323 962 1367 ταύτης
993 1324 1055 1366 τῆς
1085 1322 1236 1378 μεγάλης
1250 1325 1291 1357 25
1305 1321 1367 1366 qui
1389 1322 1425 1356 in
1450 1322 1518 1357 hac
1541 1332 1669 1366 magna
1694 1322 1835 1356 civitate
1852 1325 1936 1356 sunt
1951 1321 2098 1362 iudices,
2123 1320 2179 1356 vel
2199 1330 2243 1354 ex
2258 1323 2385 1355 nostra

1304 1366 1478 1410 iussione3
1512 1367 1644 1402 nemini
1675 1366 1842 1402 fiduciam
1874 1367 2000 1401 dantes
2032 1377 2113 1400 mox
2145 1365 2241 1410 quod
2270 1365 2318 1400 lis.
2339 1364 2384 1399 de

1305 1412 1545 1456 appellatione
1579 1411 1676 1456 apud
1707 1422 1788 1447 eum
1818 1415 2021 1454 moveatur,
2054 1410 2293 1456 appellatione
2328 1419 2384 1444 se-

1306 1458 1423 1492 cunda
1448 1472 1464 1488 2
1483 1471 1498 1488 ve
1517 1471 1546 1492 ιν.
1596 1457 1634 1492 Si
1667 1460 1786 1492 tamen
1810 1457 1852 1492 lis
1877 1457 1973 1502 apud
1996 1467 2075 1491 eum
2097 1458 2196 1491 mota
2219 1455 2268 1490 sit
2286 1454 2383 1500 prin-

1306 1502 1466 1546 cipaliter
1491 1504 1527 1537 et
1550 1502 1742 1547 appellatio
1766 1502 1935 1537 adversus
1958 1511 2037 1537 eam
2062 1501 2176 1545 detur,
2209 1500 2385 1545 procedat

158 1558 229 1602 τηε,
251 1545 459 1590 ἐπιδοθείη,
496 1546 720 1601 προβήσεται
754 1547 809 1602 τὰρ
835 1549 912 1582 τῶν
947 1549 1106 1594 ἐφέσεων
1136 1547 1236 1582 καθὰ
1250 1551 1291 1583 30
1305 1549 1351 1582 ad
1375 1547 1649 1592 appellationem
1674 1547 1868 1583 secundum
1890 1547 1984 1592 quod
2003 1546 2152 1592 pridem‘,
2176 1546 2385 1590 priusquam

157 1604 347 1637 προτερον,
381 1596 468 1636 πρὶν
498 1594 588 1637 ημᾶς
611 1594 747 1626 ἑνῶσαι
767 1605 837 1636 την
860 1592 984 1639 ἀρχήν,
1016 1591 1064 1627 ὠς
1087 1592 1239 1637 μηδενὸς

157 1638 197 1670 ἐν
231 1641 331 1682 μέσῳ
367 1638 557 1684 γεγονότος
587 1638 724 1671 καινοῦ.
774 1639 882 1672 τοῦτο
913 1638 983 1684 γὰρ
1014 1636 1058 1681 δὴ
1090 1642 1148 1672 καὶ
1177 1640 1237 1673 ἐπὶ

156 1683 210 1725 τῷ
233 1683 412 1717 Γαλατίας
442 1681 629 1729 ἡγουμένῳ
653 1682 851 1727 κελεύομεν,
883 1679 928 1717 ὅν
949 1697 988 1729 γε
1013 1681 1124 1728 ψιλὸν
1148 1681 1237 1718 ἀπο-

158 1725 367 1772 δεδώκαμεν
395 1726 566 1772 ἄρχοντα,
597 1726 646 1762 οἷς
670 1726 715 1771 δὴ
737 1726 892 1772 μηδενὸς
917 1725 971 1763 ἐπ’
999 1727 1099 1771 αὐτῷ
1124 1742 1239 1763 καινι-

157 1772 312 1807 σθέντος
336 1775 377 1807 ἐν
394 1776 505 1817 μέσῳ.

1306 1602 1372 1628 nos
1395 1593 1500 1627 istam
1521 1592 1780 1628 adunassemus
1801 1591 2155 1634 administrationem,
2180 1601 2223 1626 ac
2240 1590 2270 1626 si
2284 1590 2386 1625 nulla

1305 1637 1343 1672 in
1366 1637 1480 1673 medio
1503 1637 1601 1672 faeta
1623 1640 1781 1673 novetur.
1830 1637 1907 1672 Hoc
1932 1637 2025 1672 enim
2049 1645 2191 1681 quoque
2214 1635 2252 1670 in
2279 1635 2385 1670 Gala-

1306 1683 1357 1718 tia
1380 1682 1499 1717 iudice
1518 1682 1693 1726 iubemus,
1718 1692 1821 1727 quem
1845 1682 2040 1727 simplicem
2060 1680 2278 1716 reddidimus
2295 1679 2386 1714 iudi-

1308 1737 1395 1770 cem,
1419 1730 1589 1772 tanquam
1613 1728 1711 1763 nullo
1736 1727 1849 1769 [nibil]
1872 1727 1910 1762 in
1932 1727 2050 1762 medio
2073 1726 2117 1762 dc
2137 1735 2180 1761 eo
2204 1725 2385 1760 innovato.

1251 1775 1294 1808 35

1154 1861 1313 1898 CAPUT
1336 1861 1383 1898 ΙΙ.

219 1927 365 1964 Ἄδειιὶν
398 1943 439 1965 τε
471 1930 525 1973 τῷ
558 1932 714 1975 βικαρίῳ
744 1928 865 1973 τούτῳ
897 1931 1108 1975 παρέχομεν,
1141 1927 1236 1964 καθ’

157 1972 204 2018 ἣν
228 1972 274 2009 ἂν
298 1976 475 2019 ἐπαρχίαν
498 1974 621 2008 ἐθέλοι
644 1977 707 2018 τῆς
722 1975 899 2016 Ποντικῆς
923 1973 1129 2018 διοικήσεως
1145 1978 1237 2020 γίνε-

157 2019 268 2062 σθαι,
300 2017 374 2054 ἀπὸ
407 2021 470 2062 τῆς
500 2023 658 2066 γείτονος
687 2018 822 2061 ταύτης
845 2017 1036 2064 ἀρξαμένῳ
1061 2020 1241 2053 Βιθυνίας

157 2066 274 2118 μέχρξς
287 2061 486 2108 Ἀρμενίων
511 2060 636 2098 αὐτῶν
658 2067 716 2097 καὶ
742 2065 1008 2108 Τραπεζοῦντος
1030 2066 1094 2116 καέ
1114 2063 1239 2108 (τῶν)

1376 1929 1445 1965 Sed
1477 1928 1658 1964 licentiam
1691 1928 1771 1971 [his]
1801 1927 1933 1963 vicario
1957 1927 2041 1963 huic
2064 1928 2297 1972 praebemus,
2330 1936 2386 1962 se-

1307 1975 1463 2010 cundum
1493 1984 1600 2019 quam
1632 1974 1850 2019 provinciam
1878 1973 2030 2008 voluerit
2054 1973 2224 2008 Ponticae
2248 1973 2386 2008 dioece-

1309 2029 1390 2055 seos
1413 2019 1501 2060 fieri,
1525 2029 1548 2054 a
1570 2019 1687 2053 vicina
1709 2018 1778 2053 hac
1801 2017 1987 2062 incipienti
2010 2017 2178 2063 Bithynia
2200 2027 2316 2061 usque
2338 2017 2387 2052 ad

1305 2064 1495 2099 Armenios
1525 2064 1622 2108 ipsos
1655 2065 1692 2098 et
1715 2062 1943 2116 Trapezunta
1966 2065 2002 2097 et
2026 2071 2149 2097 eorum
2172 2067 2387 2106 nostraeque

157 2120 219 2153 της
238 2111 409 2154 ημετέραε
433 2107 613 2143 πολιτείας
637 2108 727 2154 πρὸς
750 2111 890 2155 Πέρσας
913 2104 1037 2154 ὁρίων,
1062 2119 1152 2143 were
1176 2104 1232 2141 αὗ-
1252 2111 1295 2143 40
1308 2108 1525 2153 reipublicae
1556 2107 1603 2143 ad
1623 2107 1754 2143 Persas
1785 2107 1927 2151 linium,
1963 2109 2005 2142 ut
2035 2107 2113 2152 ipse
2142 2106 2386 2152 principaliter

159 2247 369 2279 nostrorum
391 2241 598 2288 officiorum
623 2245 732 2287 atque
754 2241 1099 2287 qloriosissimorum
1123 2241 1378 2293 maflislrorum
1402 2240 1566 2282 militum,
1589 2244 1782 2287 praeterea
1806 2243 1925 2276 autem
1948 2240 2385 2286 maqnisicentissimorum

159 2299 283 2325 eorum
306 2288 596 2333 maqistratuum,
620 2287 683 2332 qui
705 2297 813 2322 sacro
838 2290 963 2321 nostro
984 2286 1208 2332 patrimonio
1233 2296 1299 2321 nee
1321 2296 1395 2321 non
1420 2285 1588 2321 thesauro
1612 2289 1646 2320 et
1669 2285 1874 2320 domesticis
1897 2285 2049 2331 denique
2071 2290 2108 2321 et
2147 2286 2387 2322 rotectoribus

155 2337 355 2381 praesunt;
377 2337 486 2378 atque
511 2332 616 2368 talem
640 2331 819 2367 licentiam
844 2330 974 2367 habeat
997 2334 1031 2367 et
1048 2334 1277 2377 potestatem,
1301 2331 1442 2376 qualem
1465 2331 1538 2377 ipsi
1560 2331 1798 2376 maqistratus
1818 2341 1887 2376 per
1909 2341 1947 2366 se
1970 2329 2020 2365 ad
2040 2341 2084 2366 ea
2118 2340 2185 2366 oca
2208 2331 2387 2367 venientes

160 2379 291 2414 nabere
312 2377 487 2418 solebant,
510 2381 550 2412 ut
572 2387 675 2412 nemo
700 2387 816 2422 neque
839 2376 1016 2422 diqnitate
1039 2386 1153 2421 neque
1175 2376 1378 2411 sacerdotio
1401 2386 1516 2421 neque
1539 2375 1686 2421 cinqulo
1707 2386 1823 2421 neque
1839 2375 1967 2410 militia
1986 2386 2102 2421 neque
2111 2379 2269 2422 propter
2284 2375 2388 2411 aliud

161 2425 354 2470 quicquam
384 2433 434 2458 ex
457 2421 526 2457 hac
555 2421 804 2457 iurisdictione
827 2422 1022 2463 eximatur,
1052 2420 1117 2456 sed
1139 2431 1261 2455 omnes
1283 2421 1315 2456 ei
1336 2420 1546 2455 subiaceant
1565 2420 1687 2455 eodem
1711 2419 1829 2461 modo,
1853 2420 1926 2456 sive
1943 2420 2085 2466 privati
2106 2426 2192 2455 sunt
2212 2420 2288 2455 sive
2310 2421 2386 2456 cin-

159 2468 247 2515 qulo
279 2467 336 2503 vel
363 2467 543 2513 dignitate
571 2466 627 2502 vel
648 2466 778 2501 militia
801 2466 856 2502 vel
878 2466 985 2502 etiam
1008 2464 1213 2500 sacerdotio
1238 2466 1369 2506 ornati,
1394 2465 1502 2510 idque
1525 2475 1598 2500 non
1621 2465 1660 2499 in
1683 2464 1892 2500 criminibus
1914 2465 2001 2500 solis
2026 2469 2154 2516 (neque
2177 2465 2270 2500 enim
2294 2466 2386 2500 mili-

163 2520 274 2549 tarem
301 2517 438 2548 tantum
459 2511 555 2546 hicne
577 2512 829 2557 maqistratum
853 2511 1030 2552 facimus),
1054 2520 1175 2546 verum
1200 2511 1306 2546 etiam
1325 2510 1358 2545 si
1378 2512 1459 2556 quis
1475 2509 1518 2544 de
1528 2510 1698 2556 pecuniis
1713 2510 1808 2546 litem
1826 2510 2013 2545 instituere
2029 2510 2123 2546 velit.
2160 2509 2387 2546 Communem

160 2561 182 2595 1
228 2558 320 2594 enim
351 2556 447 2592 hunc
477 2557 728 2602 magistratum
762 2556 925 2591 omnibus
948 2554 1150 2591 hominibus
1172 2556 1405 2601 omnibusque
1427 2555 1534 2590 rebus
1554 2555 1724 2600 facimus.
1772 2554 1969 2590 Reddimus
1992 2565 2076 2590 vero
2099 2555 2135 2590 ei
2156 2554 2263 2590 etiam
2313 2555 2388 2590 uod

162 2607 247 2639 ante
279 2602 406 2637 habuit
435 2612 579 2637 sacrum
608 2600 846 2642 auditorium,
883 2604 923 2635 ut
954 2600 1034 2635 lites
1061 2610 1175 2646 usque
1203 2599 1253 2635 ad
1282 2602 1368 2646 quin
1397 2604 1499 2635 entos
1529 2609 1662 2635 aureos
1691 2599 1936 2646 appellatione
1965 2609 2164 2646 suspensae
2191 2599 2231 2634 in
2261 2611 2284 2635 a
2299 2600 2387 2645 iqua

161 2647 338 2684 Ponticae
381 2646 587 2682 dioeceseos
618 2646 813 2693 provincia
851 2655 924 2680 non
962 2645 1012 2680 ad
1049 2644 1144 2680 hanc
1177 2645 1321 2689 felicem
1384 2644 1585 2680 educantur
1621 2643 1764 2685 urbem,
1800 2644 1865 2680 sed
1902 2643 2004 2690 apud
2042 2655 2122 2680 eum
2158 2654 2267 2679 sacra
2308 2646 2386 2680 vice

163 2692 429 2733 examinentur,
462 2691 538 2727 sive
570 2701 620 2727 ex
653 2691 735 2737 ipsa
770 2690 925 2726 civilium
960 2689 1237 2735 mayistratuum
1274 2689 1525 2725 iurisdictione
1555 2693 1674 2724 motae
1702 2692 1799 2731 sunt,
1833 2689 1908 2724 sive
1938 2699 1988 2725 eoe
2017 2689 2201 2725 sententiis
2231 2689 2386 2724 alicuius

161 2747 316 2784 maqnae
347 2736 454 2772 huius
482 2735 583 2771 ιινὺιέ
613 2736 891 2781 maqistratuum
920 2734 994 2770 sive
1022 2736 1129 2769 etiam
1160 2745 1211 2770 ea:
1239 2738 1367 2770 nostra
1397 2734 1575 2775 iussione;
1606 2734 1740 2769 nemini
1761 2733 1940 2770 licentiam
1963 2733 2103 2776 dantes,
2135 2738 2175 2769 ut
2189 2737 2386 2786 postquam

161 2781 409 2829 appellatione
438 2791 615 2828 suspensa
641 2780 687 2815 lis
716 2783 814 2815 mota
839 2779 934 2826 fuit,
967 2779 1083 2815 altera
1115 2779 1358 2832 appellatione
1385 2782 1521 2814 utatur.
1569 2777 1613 2814 Si
1642 2789 1715 2824 qua
1745 2782 1862 2814 tamen
1892 2779 2138 2816 controversia
2167 2779 2387 2825 principalis

161 2827 263 2874 apud
289 2837 370 2863 eum
401 2830 500 2862 mota
530 2829 566 2861 et
592 2825 765 2862 adversus
788 2824 882 2860 hane
905 2823 1104 2871 appellatio
1128 2825 1343 2871 interposita
1362 2824 1421 2864 sit,
1440 2822 1616 2869 procedet
1638 2823 1838 2871 appellatio
1861 2823 1954 2859 sieut
1979 2823 2074 2866 olim,
2098 2827 2293 2869 antequam
2317 2834 2387 2859 nos

161 2871 412 2918 maqistratum
436 2871 704 2911 coniunximus‚
731 2875 914 2915 tamquam
938 2868 1029 2904 nihil
1050 2868 1167 2904 medio
1193 2872 1351 2915 tempore
1374 2868 1580 2903 innovatum
1602 2869 1658 2903 sit.
1700 2867 1782 2903 Hoc
1803 2868 1898 2904 enim
1921 2868 2027 2904 etiam
2042 2869 2080 2903 in
2100 2868 2266 2904 Galatiae
2275 2879 2386 2916 prae-

161 2917 239 2953 side
261 2916 432 2957 iubemus,
456 2926 560 2961 quem
582 2915 780 2961 simplicem
803 2914 921 2949 denuo
945 2914 1196 2959 maqistratum
1219 2914 1390 2959 facimus,
1415 2913 1522 2958 quasi
1544 2912 1637 2948 nihil
1658 2912 1697 2948 in
1720 2923 1763 2949 eo
1787 2912 1931 2949 interim
1954 2913 2178 2949 immutatum
2200 2914 2258 2949 sit.

294 2960 343 2996 II.
389 2960 660 3005 Licentiamque
683 2958 766 2994 huic
790 2958 927 2995 vicario
951 2958 1090 3000 damus,
1122 2963 1163 2994 ut
1184 2958 1222 2994 in
1272 2968 1497 3010 uamcunque
1519 2957 1604 2994 velit
1625 2958 1851 3004 provinciam
1875 2957 2051 2993 Ponticae
2074 2958 2276 2994 dioeceseos
2325 2968 2386 2993 ro-

158 3005 359 3051 ficiscatur,
390 3004 567 3051 incipiens
596 3014 620 3039 a
652 3003 770 3040 vicina
794 3002 863 3039 hac
887 3002 1065 3049 Bithynia
1087 3013 1201 3050 usque
1219 2969 1270 3039 ag
1292 3006 1481 3039 Armenios
1503 3003 1605 3049 ipsos
1622 3006 1657 3039 et
1682 3001 1917 3049 Trapezunta
1940 3005 1975 3038 et
1997 3006 2144 3039 nostrae
2166 3002 2292 3049 reipub
2308 3003 2387 3038 icae

210 3142 226 3176 1
242 3142 302 3173 καὶ
315 3136 405 3194 πρός
416 3142 468 3184 γε]
482 3139 538 3172 sed
550 3141 582 3171 et
596 3150 616 3174 ς
630 3139 642 3182 11
662 3139 682 3172 2
694 3137 768 3181 μὴν
782 3139 910 3180 addidi,
923 3139 965 3181 cf.
980 3149 1000 3174 c
1016 3138 1028 3181 11
1046 3140 1066 3172 3
1078 3138 1154 3171 τῶν
1166 3150 1242 3183 μεγ.

163 3204 205 3212 -
220 3188 241 3219 4
287 3196 390 3228 εμην
406 3186 466 3216 καὶ
489 3197 548 3218 om.
574 3195 594 3220 ς
619 3184 632 3227 11
662 3186 682 3218 5
705 3184 773 3226 μὲν
795 3195 854 3216 om.
880 3195 958 3216 cum.
983 3194 1003 3218 ς
1027 3182 1190 3235 Βονίηιρεν
1215 3190 1245 3216 et

163 3231 249 3274 vulq.
263 3197 286 3274 111
298 3231 375 3273 Ssq.
395 3226 486 3272 μήτε
502 3229 671 3272 quinquies
687 3229 806 3271 scripsi
817 3240 879 3272 pro
893 3224 984 3271 μηδὲ
1001 3226 1014 3271 11
1033 3229 1070 3261 11
1090 3230 1243 3268 nautas]

165 3285 292 3308 omnem
317 3286 337 3310 ς
363 3273 375 3317 11
409 3275 449 3307 13
473 3275 669 3317 στρατείαν
694 3273 811 3313 Kroll]
835 3275 1056 3318 στρατηγίαν
1074 3272 1119 3305 Μ
1143 3274 1154 3313 11

164 3317 228 3353 σι’-κ
252 3332 309 3353 om.
335 3330 355 3355 ς
386 3317 399 3362 11
431 3320 472 3353 18
501 3315 541 3351 δι’
564 3325 594 3352 et
617 3319 678 3351 καὶ
703 3330 760 3351 om.
782 3328 803 3354 e
831 3311 844 3361 ss
879 3318 920 3351 23
947 3316 1083 3362 σᾶκρον
1107 3318 1144 3358 ς]
1167 3317 1244 3350 τῶν

163 3361 310 3408 σάκρων
321 3363 363 3396 Μ
376 3363 388 3406 11
406 3364 447 3396 27
464 3362 507 3396 lis
521 3373 603 3405 apu
614 3363 635 3395 d
652 3372 741 3396 eum
756 3364 848 3395 mota
861 3361 905 3395 sit
918 3373 936 3398 ς
954 3361 966 3405 11
984 3363 1026 3396 28
1043 3361 1242 3407 κεχρῆσθαι

164 3422 223 3442 om.
249 3420 269 3445 ς
301 3407 314 3451 11
347 3409 389 3442 29
413 3407 648 3451 principaliter
671 3409 692 3441 ι’.
718 3420 744 3441 e.
770 3406 1020 3452 πρωτοτύπως
1043 3418 1063 3443 ς
1088 3407 1101 3452 11
1133 3408 1177 3440 30
1201 3407 1242 3439 ad

164 3453 422 3498 appellationem
446 3454 481 3495 (ί.
496 3465 522 3486 e.
542 3451 636 3486 κατὰ
655 3452 734 3486 τῶν
753 3452 849 3497 apsi)
873 3463 892 3488 ς
909 3452 921 3495 ΙΙ
947 3453 990 3486 39
1013 3451 1092 3485 τῶν
1116 3453 1243 3492 addidi,

164 3501 245 3542 εἷς

211 3591 230 3621 3
254 3590 304 3629 ac]
329 3588 410 3621 haec
427 3588 461 3621 V
479 3597 539 3619 nec
563 3587 645 3620 Pist.
671 3586 684 3631 11
713 3588 735 3620 4
761 3589 794 3619 et
818 3587 924 3620 delevi
950 3586 964 3630 11
992 3586 1124 3628 qualem
1148 3587 1242 3628 Pisa]

165 3632 329 3674 equaliter
346 3633 376 3665 V
395 3632 407 3676 11
438 3633 457 3665 5
482 3630 629 3672 dignitas
651 3641 759 3674 neque
779 3644 838 3665 om.
857 3630 914 3674 Vll
932 3631 951 3664 8
976 3631 1161 3674 exsceptari
1181 3631 1212 3665 V
1231 3630 1244 3676 11

167 3680 187 3713 9
211 3677 339 3721 priuati
361 3677 439 3710 sunt
458 3676 489 3710 V
512 3676 525 3720 11
556 3678 596 3711 13
621 3676 710 3710 enim
735 3677 813 3710 add.
838 3676 932 3709 Beck
955 3674 968 3720 11
1001 3677 1041 3710 19
1065 3677 1104 3710 ut
1128 3678 1242 3717 usque]

245 3732 296 3760 111.

1183 3274 1244 3305 καὶ

1310 3140 1343 3171 et
1358 3147 1464 3179 usque
1481 3137 1699 3178 Vutriusque
1718 3138 1799 3171 Pisi.
1816 3136 1829 3181 11
1848 3147 1999 3170 areorum
2018 3135 2072 3179 Vll
2092 3137 2134 3170 20
2152 3138 2386 3180 compraehen-

1309 3193 1366 3216 sus
1385 3183 1506 3216 VPist.
1531 3181 1545 3225 11
1570 3181 1726 3225 pontifice
1761 3191 1847 3215 -cem
1871 3182 1968 3223 Pisi.)
1991 3181 2157 3215 dioceseos
2172 3182 2289 3216 VPist.
2307 3183 2320 3227 11
2343 3184 2386 3217 25

1309 3227 1453 3260 maxima
1469 3227 1552 3261 Pist.
1575 3229 1588 3270 11
1613 3228 1657 3261 26
1680 3226 1723 3260 lis
1767 3237 1785 3260 e
1808 3239 1908 3270 usque
1931 3228 1977 3260 ad
1998 3227 2042 3260 30
2065 3226 2292 3270 appellscione
2314 3230 2388 3271 (sic)

1311 3285 1369 3305 om.
1384 3273 1465 3306 Pist.
1481 3271 1494 3315 fl
1513 3273 1555 3306 28
1572 3272 1624 3305 uti
1638 3272 1747 3323 suppl.
1759 3272 1852 3306 Beck
1866 3272 1879 3315 11
1897 3273 1938 3307 31
1955 3271 2022 3305 ista
2037 3271 2251 3305 donassemus
2266 3273 2387 3306 amini-

1311 3317 1472 3350 stratione
1494 3317 1774 3358 (ammistracione
1799 3317 1893 3359 Pin.)
1911 3317 2045 3358 VPise„
2069 3329 2152 3350 corr.
2169 3317 2270 3351 Kroll
2296 3318 2309 3361 11
2336 3319 2387 3359 ac]

1310 3363 1374 3395 hac
1388 3362 1506 3396 l‘Pist.
1524 3361 1537 3405 11
1556 3363 1598 3396 32
1622 3365 1787 3394 noventur
1803 3361 1886 3395 Pisi.
1910 3371 1997 3394 nova
2014 3363 2124 3394 essent
2145 3361 2388 3406 osenbruqqen,

1312 3420 1354 3440 an
1370 3406 1559 3439 novatum?
1574 3406 1587 3451 11
1605 3416 1737 3448 quoque
1757 3407 1998 3450 Osenbru‘qyen]
2015 3406 2103 3448 quod
2121 3406 2236 3440 VPist.
2252 3406 2265 3451 11
2283 3406 2388 3449 galla-

1310 3452 1376 3485 tice
1393 3452 1421 3485 V
1448 3450 1461 3496 11
1487 3452 1531 3486 34
1554 3451 1642 3484 nihil
1666 3452 1728 3485 del.
1747 3452 1879 3485 Schoell
1902 3451 1915 3503 11
1945 3452 2111 3484 innonatu
2127 3451 2163 3492 V,
2187 3451 2389 3485 innouatum

1312 3496 1406 3538 Pisa,
1425 3496 1624 3530 innonatum
1649 3498 1744 3530 esset.
1779 3495 1966 3529 Licentlam
1987 3496 2082 3530 Beck
2097 3495 2110 3539 11
2127 3496 2171 3530 36
2195 3497 2246 3529 his
2271 3498 2388 3537 delevi,

1312 3541 1411 3574 etiam
1436 3542 1531 3575 Beck
1554 3541 1568 3585 11
1592 3542 1634 3575 37
1659 3542 1825 3575 dioceseos
1843 3541 1962 3575 VPist.
1979 3541 1994 3585 11
2011 3542 2055 3575 38
2077 3540 2257 3585 incipienti
2283 3542 2387 3582 Beck]

1311 3586 1493 3628 incipiente
1513 3586 1629 3620 VPist.
1652 3585 1666 3630 11
1692 3585 1836 3619 bithinia
1858 3585 2005 3628 (bithina
2029 3586 2127 3626 Pisi.)
2151 3593 2182 3620 et
2203 3586 2389 3620 armoenios

1311 3631 1608 3710 (lamaniIovsPPise.)
1633 3638 1663 3665 et
1685 3631 1876 3674 trapizunta
1891 3631 2138 3673 (tbrapizeunta
2162 3632 2255 3675 Pist.)
2270 3631 2387 3677 71140

1311 3686 1329 3708 a
1353 3678 1364 3717 ]
1389 3686 1425 3708 as
1514 3677 1564 3710 ist.

2073 3732 2114 3767 97
