2592 4010
207 118 461 156 PRAEFATIO

175 238 201 264 Β
296 225 484 280 Corpore
524 226 602 268 168
633 226 896 270 novellarum
934 226 998 269 usi
1029 229 1125 270 sunt
1155 226 1281 269 etiam

215 282 287 336 qui
326 282 470 325 Leone
513 282 748 336 imperante
787 283 1043 333 (886—911)
1080 282 1281 336 compila-

211 342 363 380 verunt
392 338 589 380 Basilica.
649 336 762 389 Quot
791 342 834 381 et
862 349 967 390 quas
998 339 1191 381 novellas
1220 350 1283 380 re-

212 394 415 447 ceperint,
447 394 647 436 discimus
678 407 702 437 e
733 393 894 437 scholio
916 394 1030 448 quod
1052 407 1076 436 e
1095 394 1284 448 Tipuciti

211 450 360 493 codice
398 449 532 492 Vatic.
566 450 647 492 853
686 450 1006 504 bombycino(?)
1043 462 1152 492 saec.
1184 448 1284 490 XIV

211 505 239 547 f.
270 508 376 547 500ΊΓ
414 505 503 555 (ubi
541 509 658 548 extat
693 506 738 548 in
775 505 858 548 fine
899 506 995 547 libri
1026 506 1103 547 LX
1132 505 1283 547 Basili·

213 563 371 610 corum)
416 562 576 615 primus
622 561 757 604 edidit
793 562 1052 604 Alemannus
1091 561 1134 603 in
1173 561 1283 603 notis

211 617 267 659 ad
306 617 505 671 Procopii
543 617 640 660 hist.
680 631 763 660 arc.
800 617 901 659 XIV
939 630 979 670 p.
1013 618 1086 670 78,
1128 616 1284 659 deinde

212 672 449 716 Heimbach
480 673 546 716 ed.
579 673 708 716 Basil.
739 674 781 716 II
812 686 852 727 p.
872 673 991 715 VIII:
1029 670 1108 728 χρὴ
1141 671 1188 713 δὲ
1221 670 1283 713 εἰ-

213 727 347 780 δέναι,
386 722 458 771 ὅτι
497 727 587 785 ρξη’
628 730 780 780 νεαραὶ
820 730 1119 783 συνετέθησαν
1159 725 1283 782 παρὰ

211 785 290 826 τοῦ
316 779 636 828 Ἰουστινιανοῦ.
684 783 731 834 ἐξ
759 778 902 826 αὐτῶν
933 779 1037 839 ρμα’
1066 782 1284 840 ἐτέθησαν

213 839 278 890 εἷς
309 839 412 891 τοὺς
441 840 729 897 προσφόρους
757 840 936 889 τίτλους
964 841 1053 882 τῶν
1085 838 1119 890 ξ’
1150 843 1284 894 βασι-

213 897 344 940 λικῶν
381 898 579 951 βιβλίων,
620 896 667 938 αἱ
707 895 754 937 δὲ
784 897 940 938 λοιπαὶ
971 894 1086 938 ἑπτὰ
1116 897 1189 939 καὶ
1222 895 1284 938 εἴ-

211 967 311 996 κοσι
348 951 781 1009 παρεσιωπήθησαν,
822 948 951 1008 ἤγουν
987 951 1043 1006 β’.
1075 948 1121 995 ε’.
1151 951 1203 1001 ς’.
1236 951 1283 1004 ζ’.

211 1007 275 1052 θ’.
308 1008 380 1052 ια’.
411 1008 470 1063 μ’.
500 1007 585 1062 μς’.
617 1007 667 1051 ν’.
698 1007 775 1049 νό’.
808 1006 880 1050 νε’.
903 1006 979 1056 νς’.
1001 1007 1081 1065 νη’.
1105 1007 1183 1066 ξη’.
1205 1007 1282 1051 od'.

213 1064 287 1108 σε’.
329 1063 404 1112 ος’.
447 1064 533 1108 σθ’.
570 1061 657 1119 πγ’.
689 1062 780 1106 ηδ’.
813 1063 894 1120 ςη’,
927 1059 1006 1118 ρς’.
1037 1063 1137 1121 ρκζ.
1169 1064 1282 1121 ρκθ’.

213 1120 315 1174 ρλζ.
347 1120 416 1175 ρμ’
439 1121 510 1162 καὶ
532 1119 639 1174 ρμθ’
663 1121 730 1172 (cf.
752 1121 906 1164 Biener
930 1122 1037 1172 135).
1081 1120 1284 1165 Scholion

213 1182 277 1222 est
325 1178 663 1231 antiquissimum
711 1181 785 1220 aut
831 1181 945 1222 certe
993 1177 1050 1221 ad
1093 1178 1283 1222 codicem

213 1238 378 1288 spectat
406 1234 769 1288 antiquissimum3
800 1247 899 1276 nam
930 1235 1124 1288 sequenti
1144 1239 1282 1277 aetate

211 1303 430 1333 numerum
467 1290 732 1333 novellarum
771 1290 814 1332 in
850 1290 1128 1334 Basilicorum
1167 1291 1283 1334 codi-

213 1347 333 1390 cibus
371 1347 622 1390 omissarum
661 1347 704 1388 in
739 1345 831 1389 dies
863 1347 1049 1390 crevisse
1079 1351 1285 1390 testantur

213 1402 397 1446 Michael
427 1403 593 1446 Psellus
632 1403 675 1445 in
713 1400 914 1458 συντόμῳ
954 1401 1169 1454 διαιρέσει
1198 1404 1285 1444 τῶν

208 1460 379 1557 gago?
416 1454 830 1557 τοτῖΙΙἸῗρτινιῙαέιιοέ
865 1457 1031 1566 (θᾶὲῑὲἰᾶῑ)
1048 1458 1284 1558 Ηῖἰῳὺέοῇ

263 1531 284 1557 ν
309 1531 332 1556 κ
362 1530 443 1557 ova
601 1528 678 1570 ips.
861 1528 901 1570 p.
1075 1528 1098 1558 e
1154 1530 1197 1558 m
1231 1529 1286 1559 ex

213 1572 387 1626 reginae
426 1572 498 1625 qui
530 1571 683 1614 dicitur
713 1571 866 1622 (editus
897 1571 1055 1614 ibidem
1086 1585 1127 1626 p.
1150 1574 1231 1614 237
1262 1585 1286 1614 e

214 1627 309 1672 cod.
349 1628 483 1671 Paris.
519 1629 625 1670 1349
663 1641 696 1671 s.
727 1627 805 1677 XI)
845 1629 918 1682 qui
956 1632 1175 1671 enumerat
1207 1629 1285 1670 168

213 1684 406 1728 novellas
436 1684 600 1727 addens
630 1688 703 1726 aut
731 1697 830 1726 num
861 1685 905 1725 in
926 1684 1122 1728 Basilicis
1146 1684 1287 1728 desint

213 1745 287 1784 aut
315 1741 390 1783 ubi
419 1744 575 1783 extent.
635 1740 690 1782 Hi
719 1740 848 1795 igitur
872 1740 1000 1794 plane
1021 1739 1286 1784 consentiunt

214 1797 269 1840 de
312 1797 396 1850 eis,
442 1809 548 1851 quas
586 1796 736 1840 deesse
775 1796 880 1839 dicit
919 1795 1150 1840 scholiasta
1187 1797 1285 1847 (nisi

215 1853 330 1908 quod
366 1856 480 1895 tacet
515 1853 681 1895 Psellus
721 1852 775 1895 de
812 1866 908 1895 nov.
939 1852 1013 1895 IX.
1044 1853 1106 1895 XI
1143 1853 1286 1895 latinis

215 1914 259 1952 et
295 1909 350 1952 de
379 1909 487 1951 LIV.
517 1908 603 1951 LV.
635 1908 825 1963 CXLIX,
864 1908 950 1951 ind.
990 1922 1078 1963 reg.
1110 1908 1164 1952 de
1192 1909 1286 1963 IX),

215 1965 293 2009 sed
322 1969 498 2020 uterque
527 1965 670 2020 plures
701 1965 837 2008 omitti
858 1965 919 2007 ait
938 1966 1092 2019 partim
1115 1966 1287 2008 easdem

215 2022 368 2077 partim
398 2021 603 2064 diversas.
651 2021 826 2064 Addunt
845 2021 957 2064 enim
979 2021 1143 2064 Psellus
1164 2025 1207 2064 et
1226 2022 1286 2064 in-

217 2078 303 2121 dex
350 2091 448 2120 nov.
497 2077 739 2120 XXXVIII.
789 2077 911 2120 LXII
958 2078 1061 2127 (lat.)
1115 2077 1286 2120 LXVII.

214 2134 431 2177 LXXVII.
487 2133 554 2176 CI.
613 2133 706 2176 CIV
763 2134 868 2184 (lat.)
925 2133 1009 2176 CV.
1074 2133 1287 2177 CXXVII.

216 2189 455 2234 CXXXIX.
478 2189 624 2232 CXLI.
647 2189 791 2244 CLIV,
822 2189 988 2233 Psellus
1018 2191 1132 2233 solus
1155 2190 1289 2233 CLXI

216 2246 309 2297 (sed
339 2244 425 2301 ρξγ’
457 2246 746 2299 reponendum
777 2251 878 2300 puto
904 2259 982 2300 pro
1003 2244 1126 2299 ρξα’),
1157 2246 1288 2288 index

216 2303 333 2346 solus
369 2303 424 2345 X.
464 2301 581 2344 XIX.
612 2302 804 2344 XXXIII
822 2302 939 2352 (lat).
966 2302 1155 2344 XXXIV
1170 2303 1286 2351 (lat).

216 2358 334 2401 XLV
342 2358 496 2408 (falso).
514 2358 630 2400 LXV
641 2359 757 2407 (lat).
776 2357 909 2399 LXX.
922 2358 1011 2400 CX.
1022 2357 1289 2400 CXXXVIII

215 2415 338 2464 (lat).
369 2414 575 2458 CXLVII.
599 2414 826 2457 CXLVIII.
850 2414 1027 2456 CLXIII
1038 2413 1102 2464 (Ρ).
1149 2413 1289 2455 Etiam

214 2473 357 2526 plures
395 2471 549 2514 absunt
584 2483 611 2513 a
649 2470 866 2513 codicibus
897 2470 1177 2512 Basilicorum
1216 2470 1288 2523 qui

215 2531 450 2581 supersunt.
462 2529 491 2576 ¹)
527 2550 582 2556 —
621 2525 740 2576 Quae
778 2529 920 2567 autem
961 2529 1159 2579 receptae
1194 2529 1290 2567 sunt

215 2583 464 2637 plerumque
511 2582 702 2635 integrae
746 2594 830 2623 non
876 2584 1140 2634 manserunt;
1185 2581 1288 2622 omi-

217 2643 360 2682 serunt
397 2638 509 2680 enim
540 2637 817 2679 Basilicorum
847 2636 1090 2680 redactores
1119 2649 1289 2690 semper

217 2695 411 2749 epilogos
453 2706 548 2736 cum
591 2693 993 2747 subscrIptIonibus,
1038 2693 1289 2746 plerumque

216 2751 406 2793 rubricas
443 2749 739 2803 inscriptiones
777 2749 996 2803 prooemia
1040 2749 1288 2803 (prooemia,

151 2861 198 2902 ,ε
218 2806 693 2907 ἑὲἷῖὣῖίὲῗέιῗὲἒῖἳῗ
723 2805 1290 2904 ἲοῖἒῖἓέᾳέἒὲἑιῗὲἷῖξᾞῗ

218 2918 385 2962 terdum
424 2918 633 2972 epitomas
669 2894 923 2970 ffiheodori),
967 2921 1192 2972 praeterea
1235 2929 1290 2960 ex

218 2975 323 3029 ipsis
361 2974 727 3018 constitutionibus
766 2986 875 3027 quae
913 2974 975 3017 eis
1005 2974 1143 3016 minus
1172 2973 1289 3016 vide-

219 3032 371 3074 bantur
407 3030 660 3073 necessaria.
721 3029 963 3072 Latinarum
1002 3042 1189 3072 summas
1226 3042 1288 3071 re-

219 3084 1290 3186 aaa}

221 3198 495 3241 CXXXVIII.
518 3196 707 3241 CXLIII.
731 3197 816 3246 CL)
837 3201 964 3251 atque
987 3198 1115 3240 etiam
1137 3209 1290 3251 pauca·

220 3268 310 3297 rum
327 3267 574 3308 graecarum
593 3253 676 3305 (LI.
694 3253 848 3296 CXXI.
861 3253 1056 3297 CXXII?
1073 3253 1294 3304 CLXV).2)

311 3344 343 3383 1)
376 3341 494 3376 EtIam
527 3340 671 3376 aliunde
699 3341 844 3376 constat
866 3341 937 3375 iam
961 3339 1023 3374 XI.
1049 3343 1084 3375 et
1106 3339 1188 3376 XII.
1214 3349 1293 3376 sae-

221 3387 302 3422 culo
320 3386 460 3421 codices
476 3386 636 3422 extitisse
651 3385 874 3421 decurtatos:
892 3384 1091 3420 Heimbach
1101 3385 1151 3420 VI
1166 3396 1202 3429 p.
1219 3387 1292 3420 158.

220 3430 306 3466 Inde
353 3430 424 3465 uod
450 3431 609 3467 novellae
624 3441 647 3466 a
662 3430 856 3466 scholiasta
873 3432 1171 3465 commemoratae
1188 3430 1292 3465 etiam

220 3477 258 3511 in
283 3486 325 3511 co
350 3475 406 3510 ice
429 3474 460 3509 L
484 3475 696 3511 omittuntur
718 3486 764 3512 ne
788 3486 834 3511 ue
857 3475 950 3510 ullae
973 3477 1115 3520 praeter
1139 3485 1201 3510 eas
1224 3475 1295 3510 nisi

220 3520 353 3556 latinae
394 3529 517 3562 aucae,
533 3521 751 3556 novellarum
791 3520 945 3556 electum
959 3519 998 3555 in
1013 3519 1082 3555 hoc
1097 3519 1219 3555 codice
1231 3529 1292 3555 ex-

221 3568 357 3601 tantem
400 3564 533 3599 asilicis
554 3575 624 3599 non
636 3566 747 3601 multo
760 3565 993 3601 recentiorem
1007 3573 1087 3599 esse
1100 3564 1289 3610 colligItur.

311 3611 348 3651 2)
375 3608 417 3644 ld
441 3618 580 3654 quoque
603 3611 772 3652 evenisse,
803 3613 846 3646 ut
867 3609 1082 3655 posteriores
1105 3609 1186 3645 loco
1209 3619 1289 3645 ver·

220 3655 350 3692 borum
385 3652 603 3698 integrorum
637 3654 834 3698 antiquitus
869 3657 1095 3700 receptorum
1130 3664 1286 3690 summas

1292 113 1351 156 IV

1439 225 1716 270 Basilicorum
1747 227 1846 271 libri
1877 230 2102 284 sexaginta
2130 232 2203 285 qui
2233 232 2334 275 olim
2363 232 2424 275 fu-

1355 286 1476 324 erunt
1505 295 1587 325 non
1618 295 1763 326 omnes
1793 286 1950 328 servati
1980 290 2096 340 sunt;
2131 288 2283 330 desunt
2312 288 2425 331 enlm

1359 338 1421 379 19.
1455 339 1634 379 31—37.
1656 339 1724 379 43.
1747 341 1813 379 44.
1836 342 2014 384 53—59.
2057 341 2142 385 Sed
2164 344 2207 385 in
2229 343 2294 386 his
2315 357 2424 398 quae

1354 393 1556 435 insuerint
1598 394 1795 436 novellae
1838 396 2087 452 plerumque
2125 399 2327 442 discimus
2370 412 2425 442 ex

1353 448 1495 491 indice
1533 449 1707 501 reginae
1746 449 1892 503 eisque
1922 454 1994 506 qui
2024 454 2165 497 insunt
2195 456 2237 497 in
2267 454 2423 498 codici-

1354 504 1432 546 bus
1453 503 1714 547 Coisliniano
1736 509 1779 547 et
1798 505 1990 550 Parisino
2010 509 2281 565 Tipucitique
2301 523 2424 565 para-

1354 560 1513 613 titlis¹),
1544 561 1696 614 partim
1730 561 1857 604 etiam
1887 574 1911 604 e
1941 567 2115 618 synopsi
2139 567 2423 621 alphabetica.

1353 615 1453 658 Fuit
1481 616 1609 669 igitur
1638 616 1681 658 in
1711 617 1746 658 B

1438 672 1465 714 l.
1488 674 1536 714 31
1571 676 1599 715 t.
1622 675 1660 726 5,
1682 680 1717 715 1:
1747 686 1843 715 nov.
1865 673 2052 716 LXXXI

1439 728 1466 770 l.
1490 730 1542 770 35
1572 732 1600 771 t.
1626 732 1690 782 11,
1711 735 1768 770 81:
1799 742 1895 772 nov.
1918 730 2054 772 CVIII
2122 735 2150 774 t.
2175 734 2238 786 18,
2260 740 2296 775 1:
2327 746 2423 776 nov.

1354 782 1527 827 CLVIII
1641 789 1668 827 t.
1692 787 1759 838 20,
1780 793 1819 827 2:
1850 799 1945 827 nov.
1968 786 2083 828 CVII

1438 840 1465 883 1.
1489 841 1542 883 36
1573 844 1599 883 t.
1625 843 1662 894 1,
1683 850 1723 883 7:
1753 855 1850 884 nov.
1873 841 2006 884 CLIX

1438 897 1466 938 l.
1489 898 1540 939 37
1571 901 1600 939 t.
1626 900 1690 951 11,
1715 905 1815 939 1-4:
1851 911 1949 940 nov.
1971 898 2136 940 LXXII

1353 965 1449 995 nov.
1471 952 1609 995 XCIV
1722 957 1750 996 t.
1778 955 1840 1006 12,
1862 961 1899 995 2:
1930 967 2028 996 nov.
2051 954 2159 997 CLV

1437 1009 1465 1051 l.
1489 1009 1541 1050 48
1572 1013 1599 1051 t.
1621 1016 1676 1051 26:
1706 1022 1803 1052 nov.
1827 1009 1954 1052 CLVI

1437 1065 1466 1106 l.
1488 1067 1540 1106 55
1565 1069 1593 1107 t.
1621 1068 1684 1119 14,
1709 1074 1744 1108 1:
1773 1079 1870 1109 nov.
1892 1065 2043 1109 CLVII
2119 1070 2147 1108 t.
2174 1068 2238 1119 14,
2258 1074 2294 1108 4:
2326 1079 2425 1109 nov.

1354 1119 1517 1163 CXXII
1630 1125 1659 1164 t.
1685 1124 1749 1176 14,
1770 1129 1808 1164 5:
1839 1135 1936 1165 nov.
1959 1121 2089 1165 CLVI

1440 1178 1466 1219 l.
1490 1179 1542 1218 57
1575 1181 1602 1219 t.
1625 1179 1670 1220 5:
1700 1191 1797 1220 nov.
1815 1177 1977 1221 CXXX
2049 1182 2077 1220 t.
2100 1179 2145 1219 8:
2176 1191 2272 1220 nov.
2290 1177 2427 1220 CXVI

1353 1236 1381 1275 t.
1404 1235 1451 1275 9:
1482 1246 1578 1276 nov.
1600 1233 1804 1276 LXXXV
1917 1240 1945 1276 t.
1972 1236 2035 1289 19,
2056 1240 2093 1276 1:
2124 1247 2221 1276 nov.
2244 1233 2356 1276 CLII

1439 1289 1466 1331 l.
1485 1291 1536 1330 59
1558 1292 1586 1331 t.
1604 1292 1644 1342 4,
1664 1297 1700 1330 1:
1730 1303 1827 1333 nov.
1845 1290 1987 1333 XLIII
2044 1294 2072 1332 t.
2090 1292 2128 1343 4,
2146 1297 2183 1331 2:
2214 1303 2310 1332 nov.
2329 1289 2428 1331 LIX

1438 1345 1503 1388 De
1548 1349 1781 1388 ceterarum
1828 1359 1938 1400 quae
1981 1359 2092 1389 nunc
2135 1345 2429 1388 desiderantur

1354 1401 1459 1444 locis
1503 1401 1694 1456 pristinis
1739 1403 2001 1445 coniecturas
2037 1402 2238 1457 proponit
2274 1402 2429 1444 Biener

1356 1458 1437 1498 583
1468 1458 1536 1507 (cf.
1568 1457 1805 1501 Heimbach
1823 1458 1882 1501 VI
1902 1460 1984 1500 416
2001 1460 2083 1509 ss.).

1438 1513 1718 1557 Basilieorum
1748 1513 1957 1558 editiones
1987 1517 2133 1557 extant
2161 1513 2284 1567 duae,
2325 1525 2425 1567 qua-

1354 1582 1447 1612 rum
1477 1571 1655 1613 alteram
1685 1571 1849 1613 curavit
1867 1570 2053 1613 Annibal
2072 1570 2231 1613 Fabrot
2249 1569 2424 1613 Parisiis
2449 1572 2486 1611 B!

1358 1627 1633 1668 1641—1647
1674 1631 1839 1681 septem
1884 1627 2102 1670 volumina
2145 1626 2426 1680 complecten-

1355 1686 1452 1781 αξξ),
1491 1683 1564 1737 qui
1603 1682 1681 1726 hos
1711 1682 1847 1726 edidit
1875 1683 2008 1726 libros
2036 1682 2154 1726 hisce
2182 1695 2283 1725 usus
2313 1681 2428 1725 codi-

1356 1752 1394 1782 οι
1427 1751 1494 1781 us:

1439 1795 1467 1837 l.
1492 1796 1640 1849 1—18,
1657 1802 1687 1848 2,
1707 1803 1743 1834 16
1763 1808 1788 1838 e
1807 1794 1956 1839 codice
1971 1795 2106 1838 Paris.
2126 1796 2234 1836 1352
2252 1794 2428 1837 membr.

1355 1863 1467 1895 saec.
1488 1851 1595 1893 XIII
1624 1852 1698 1906 qui
1727 1855 1888 1895 textum
1918 1851 2049 1895 habet
2078 1850 2342 1894 decurtatum

1355 1907 1467 2006 XIIII.
1484 1909 1651 1951 20—30
1672 1921 1696 1951 e
1717 1907 1865 1952 codice
1886 1909 2019 1951 Paris.
2033 1908 2140 1949 1348
2161 1907 2299 1950 bomb.
2317 1919 2428 1950 saec.

1440 2020 1467 2062 l.
1486 2021 1553 2062 28.
1571 2021 1623 2063 29
1646 2033 1669 2063 e
1691 2020 1838 2063 codice
1854 2020 1987 2063 Paris.
2003 2021 2110 2062 1354
2127 2018 2259 2062 chart.
2269 2032 2308 2061 a.
2323 2020 2431 2060 1556

1358 2075 1620 2131 (apographo
1652 2076 1811 2120 codicis
1841 2076 1966 2118 Laur.
1990 2078 2056 2130 80,
2080 2076 2133 2126 11)

1442 2133 1470 2175 l.
1492 2133 1658 2174 38-42
1698 2145 1722 2175 e
1761 2132 1909 2176 codice
1947 2132 2082 2176 Paris.
2107 2133 2214 2174 1345
2254 2131 2429 2174 membr.

1358 2201 1468 2233 saec.
1490 2189 1575 2231 XII

1442 2245 1469 2287 l.
1492 2246 1658 2286 45-48
1699 2257 1723 2287 e
1761 2243 1910 2288 codice
1950 2243 2084 2286 Paris.
2111 2244 2217 2284 1349
2256 2242 2429 2285 membr.

1358 2313 1468 2344 saec.
1490 2301 1553 2342 XI
1584 2305 1626 2344 et
1657 2302 1766 2342 1354

1442 2357 1469 2398 l.
1491 2359 1544 2398 60
1585 2369 1609 2399 e
1639 2356 1787 2400 codice
1816 2356 1950 2398 Paris.
1975 2357 2082 2396 1350
2113 2355 2288 2397 membr.
2319 2367 2429 2398 saec.

1358 2468 1710 2522 Supplementum
1740 2466 1860 2510 dedit
1888 2466 2010 2508 Reitz
2039 2464 2175 2518 Lugd.
2193 2464 2284 2508 Bat.
2312 2467 2432 2518 1765,

1359 2525 1431 2577 qui
1461 2525 1489 2565 l.
1511 2525 1535 2565 8
1567 2523 1702 2565 edidit
1732 2535 1757 2565 e
1786 2521 1935 2564 codice
1963 2521 2178 2574 Leidensi,
2211 2522 2283 2574 qui
2312 2520 2433 2564 fluxit

1358 2592 1413 2622 ex
1442 2579 1726 2623 Escorialensi
1763 2577 2001 2631 deperdito,
2039 2577 2068 2617 l.
2090 2577 2257 2617 49—52
2298 2589 2322 2619 e
2361 2589 2431 2619 co-

1358 2635 1453 2679 dice
1483 2635 1676 2678 Parisino
1714 2635 1813 2676 1357
1847 2632 1978 2676 chart.
2009 2643 2119 2675 saec.
2142 2631 2234 2674 XV.
2457 2648 2498 2679 Bt·

1442 2691 1630 2734 Alteram
1669 2690 1896 2734 editionem
1935 2688 2106 2742 paravit
2143 2687 2194 2730 Gr.
2216 2687 2264 2730 E.
2286 2688 2428 2731 Heim-

1358 2747 1466 2791 bach
1488 2748 1581 2799 (sex
1601 2747 1717 2800 voll.,
1739 2744 2161 2800 Lips.1833—1870)
2178 2743 2245 2787 his
2261 2748 2428 2798 praeter

1359 2804 1566 2847 editiones
1594 2803 1766 2846 Fabroti
1798 2806 1840 2845 et
1867 2800 2021 2843 Reitzii
2049 2812 2150 2842 usus
2179 2800 2372 2842 auxiliis:

1441 2860 1498 2903 ad
1517 2860 1545 2903 l.
1565 2861 1672 2901 1—-9
1693 2858 1839 2902 codice
1861 2856 2032 2900 Coislin.
2053 2858 2127 2897 151
2153 2856 2292 2899 bomb.
2312 2868 2423 2898 saec.
2450 2869 2490 2900 13⁶

1358 2916 1460 2959 XIV
1490 2918 1588 2966 (non
1619 2928 1728 2959 saec.
1751 2914 1876 2965 X1)2)

2249 903 2278 942 t.
2302 902 2367 954 12,
2390 908 2425 942 1:

1358 3028 1549 3071 ponerent,
1581 3025 1652 3060 hoc
1683 3023 1855 3060 confirmo
1879 3023 2059 3067 exemplo:
2099 3030 2183 3056 nov.
2206 3019 2310 3055 XVII
2333 3022 2433 3055 extat

1359 3072 1397 3106 in
1421 3071 1451 3105 B
1475 3073 1509 3114 6,
1533 3072 1566 3113 3,
1590 3071 1736 3113 22-38‚
1767 3068 1830 3104 sed
1851 3067 1889 3103 in
1912 3067 1988 3102 cod.
2015 3066 2128 3101 Paris.
2157 3067 2243 3100 1352
2267 3064 2318 3099 nil
2340 3065 2434 3100 inest

1361 3115 1432 3151 nisi
1455 3114 1677 3160 quorundam
1701 3112 1858 3167 capitum
1874 3121 2041 3148 summae.
2058 3110 2228 3145 -Verba
2243 3108 2433 3162 Iustiniani

1363 3160 1459 3195 haud
1482 3160 1533 3195 ita
1556 3169 1720 3203 magnum
1743 3169 1780 3193 1n
1800 3158 1829 3192 B
1851 3167 1960 3203 passa
1976 3158 2061 3192 sunt
2077 3155 2339 3195 detrimentum,
2364 3164 2433 3189 msi

1364 3205 1459 3250 quod
1482 3205 1656 3240 vocabula
1680 3203 1792 3239 latina
1815 3212 1955 3247 semper
1975 3201 2012 3236 in
2032 3209 2161 3245 graeca
2177 3203 2315 3234 mutata
2331 3204 2432 3242 sunt3

1335 3255 1339 3258 '
1365 3254 1521 3286 ceterum
1551 3251 1588 3284 et
1619 3249 1678 3284 hic
1708 3250 1745 3283 et
1774 3247 1863 3283 alias
1894 3246 2087 3282 tenendum
2117 3247 2191 3286 est,
2227 3248 2432 3279 accuratam

1366 3295 1601 3330 Basilicorum
1624 3292 1868 3329 recensionem
1891 3290 2048 3327 nondum
2073 3291 2208 3325 extare.
2292 3330 2301 3339 ·

1459 3342 1488 3382 1)
1524 3338 1696 3373 Paratitla
1729 3338 1902 3372 librorum
1935 3338 2056 3370 1-12
2095 3333 2205 3370 edidit
2235 3330 2432 3366 Heimbach

1364 3384 1398 3419 11
1412 3387 1476 3419 753
1501 3394 1521 3419 e
1545 3383 1667 3419 codice
1690 3382 1809 3418 Vatic.
1823 3384 1889 3417 853
1913 3381 2064 3425 pessime
2079 3381 2121 3414 ut
2135 3378 2227 3414 solet
2241 3375 2301 3418 (cf.
2319 3375 2431 3409 Bran-

1363 3429 1503 3465 dileone
1525 3428 1611 3464 bull.
1636 3427 1716 3463 dell’
1740 3428 1797 3462 ist.
1822 3425 1860 3461 di
1883 3425 1946 3460 dir.
1971 3435 2058 3460 rom.
2081 3423 2100 3458 1
2119 3425 2179 3457 107
2193 3423 2272 3473 ss.);
2305 3429 2350 3454 ex
2373 3428 2428 3454 se·

1362 3474 1553 3518 quentibus
1577 3473 1751 3518 quaedam
1781 3470 1963 3506 adnotavit
1984 3469 2022 3504 in
2045 3467 2138 3504 notis
2160 3464 2316 3500 indicum
2341 3473 2429 3508 quos

1361 3529 1486 3599 risluprab
1496 3517 1617 3598 dissi.II
1625 3516 1814 3598 Tilegtsuss
1840 3515 1963 3596 {letzur}
1986 3523 2043 3592 <1312
2048 3513 2091 3591 ὶτέ
2101 3512 2188 3591 Βποῦ
2210 3514 2350 3546 κεῖται;
2382 3506 2427 3542 ef.

1395 3574 1462 3600 eim
1489 3573 1533 3598 ac
1665 3588 1673 3595 .
1807 3586 1814 3594 .
1839 3573 1888 3597 αν
1907 3573 1931 3595 κ
1953 3587 1961 3595 .
2121 3581 2128 3589 -

1452 3611 1485 3650 2)
1509 3607 1563 3643 Ne
1586 3573 1682 3642 11ch
1722 3605 1838 3641 uidem
1854 3604 1983 3639 librum
1998 3602 2171 3644 integrum
2187 3606 2266 3632 esse
2283 3596 2428 3631 demon·

1361 3656 1476 3689 strant
1500 3652 1661 3697 Krueger
1713 3649 1855 3686 eitschr.
1879 3648 1903 3682 f.
1929 3643 2181 3690 Rechtsgesch.
2199 3641 2252 3676 IX
2275 3644 2333 3676 193
2359 3640 2426 3675 Za-
