2618 4010
62 1467 69 1474 .
129 1447 256 1477 κακίαν
277 1442 339 1477 οὐκ
363 1443 527 1479 ἐλάττους
548 1447 719 1489 ἐκείνων),
744 1447 956 1481 τοσαυτάκις
980 1450 1039 1480 καὶ
1064 1444 1085 1490 ἡ
1109 1450 1211 1491 βασι-

133 151 192 183 DE
222 150 514 182 onposrmoun
544 150 736 182 Aurium
1211 137 1293 185 263

2020 145 2125 188 Nov.
2156 144 2277 187 XLII
2307 158 2368 200 pr.

134 252 164 284 εἰ
187 253 311 294 μέντοι
337 247 520 296 ἅρχθῆναι
544 250 641 296 παρὰ
666 252 710 297 τῇ
736 252 779 297 σῇ
805 250 1014 294 ἐνδοξὸτητι
1039 255 1196 296 συμβαίη
1220 253 1286 295 τὴν
1312 252 1415 296 δίκην
1440 253 1605 286 ἐνταῦθα
1637 248 1685 286 οἷς
1709 253 1798 286 εἰκὸς
1823 251 2070 300 εὑρισκομένη,
2103 254 2181 290 εἶτα
2206 256 2246 288 ἐν
2269 257 2368 299 μέσῳ

134 294 194 330 διὰ
217 295 278 329 τὰς
303 295 562 342 στρατιωτικὰς
585 294 750 330 δαπάνας
774 295 984 341 ἐκδημῆσαι,
1018 297 1154 340 ταύτην
1179 295 1437 344 ἅνυπερθέτως
1462 297 1695 342 πληροῦσθαι
1726 298 1825 344 παρὰ
1849 302 1901 342 τῷ
1927 300 1993 343 τὴν
2019 292 2086 343 σὴν
2109 303 2230 343 ἔχοντι
2254 298 2368 341 τάξιν,

133 342 303 387 καθάπερ
334 339 439 383 αὐτῆς
471 343 529 374 καὶ
562 338 668 374 αὐτὸς
701 339 828 386 ἠκροῶ.
878 343 907 375 εἰ
933 341 972 375 δὲ
1004 342 1042 382 ἐξ
1071 339 1175 388 ἀρχῆς
1204 341 1245 376 οὐ
1278 342 1376 389 παρὰ
1406 347 1479 378 τοῖς
1507 341 1752 383 ἐνδοξοτάτοις
1785 342 1949 387 ἐπάρχοις
1981 342 2002 387 ἡ
2034 349 2152 390 ἔφεσις
2183 347 2222 379 ἔκ
2254 358 2370 379 τινων

134 389 319 431 ἐπαρχιῶν
341 383 578 430 ἀνεπέμπετο,
605 383 685 419 ἀλλ’
714 387 760 419 εἰς
783 388 906 434 ἕτερον
933 385 1173 433 δικαστήριον,
1197 387 1265 431 τὴν
1290 387 1508 435 ἀρχαιότητα
1533 386 1721 422 παντελῶς
1745 386 1783 421 οὐ
1811 392 2027 433 καινίζομεν.

267 429 544 477 <Ἐπίλογος.>
597 430 644 464 Τὰ
667 435 792 465 τοίνυν
817 430 1057 477 παραστάντα
1091 432 1173 476 ἡμῖν
1198 436 1257 466 καὶ
1282 432 1342 467 διὰ
1364 433 1469 467 τοῦδε
1493 435 1555 468 τοῦ
1581 434 1685 467 θείου
1712 431 1913 477 δηλούμενα
1938 434 2049 479 νόμου
2073 433 2094 478 ἡ
2119 434 2163 477 σὴ
2183 434 2368 478 ἐνδοξότης
2394 433 2412 464 5

1743 480 1825 514 Dat.
1843 482 1931 521 [xv.]
1952 480 1987 514 k.
2003 480 2100 525 Sept.
2118 480 2184 515 ΟΡ.
2207 481 2291 526 imp.
2306 481 2366 514 dn.

2229 529 2275 567 [a.
2289 529 2366 566 537]

133 479 226 522 ἔργῳ
251 479 310 509 καὶ
334 478 463 522 πέρατι
488 474 716 521 παραδοῦναι
741 480 799 509 καὶ
826 475 1120 523 παραφυλάττειν
1146 479 1193 512 εἰς
1215 478 1257 512 τὸ
1284 476 1438 521 διηνεκὲς
1463 476 1666 514 σπευσάτω.

134 521 327 556 Iustiniani
346 531 408 566 pp.
422 522 514 566 Aug.
531 532 625 556 anno
642 533 693 555 xl.
716 525 798 566 post
820 533 917 557 cons.
934 523 1100 557 Belisarii
1121 535 1152 558 v.
1168 534 1199 558 c.
1222 534 1317 560 anno
1331 536 1369 559 11.
1390 525 1463 559 ind.
1478 524 1520 569 1.]

645 706 707 750 M—13
1770 715 1883 751 an.

201 779 381 832 HEPI
409 780 555 833 ΤΗΣ
588 781 1136 836 ΚΑΘΑΙΡΕΣΕῼΣ
1529 786 1621 833 DE
1659 783 2122 834 DEPOSITIONE

130 846 480 900 ΑΝΘΙΜΟῩ
519 849 659 902 ΚΑΙ
698 849 1042 902 ΣΕΒΗΡΟῩ
1072 848 1270 901 KAI10
1302 851 1613 914 ANTHIMI,
1654 852 1916 913 SEVERI,
1956 850 2223 908 (PETRI)
2258 853 2348 900 ET

130 915 425 968 ΠΕΤΡΟΥ
454 916 863 1038 ΚῇἒξῧέἕξΑ
895 916 1035 970 ΚΑΙ
1065 915 1215 968 ΤΩΝ
1688 920 1970 970 ZOORAE.

130 1058 166 1095 Ὁ
192 1059 297 1096 αὐτὸς
317 1061 488 1118 βασιλεὺς
514 1066 623 1106 Μηνᾷ
648 1065 702 1107 τῷ
727 1060 920 1109 ἁγιωτάτῳ
946 1066 1005 1096 καὶ
1028 1075 1213 1108 μακαριω-

184 1106 283 1150 τάτῳ
308 1107 579 1152 αρχιεπισκόπῳ
606 1113 664 1142 καὶ
690 1109 924 1151 οἰκουμενικῷ
949 1107 1161 1155 πατριάρχῃ.

2124 716 2233 751 Auth.
2250 717 2368 751 XLHI

1282 1062 1370 1108 Imp.
1396 1063 1617 1099 Iustinianus
1641 1065 1730 1109 Aug.
1757 1065 1886 1100 Menae
1918 1065 2144 1100 sanctissimo
2176 1066 2212 1100 et
2236 1065 2367 1101 beatis-

1417 1110 1506 1144 simo
1531 1110 1720 1145 universali
1745 1110 1915 1155 episcopo
1941 1114 1975 1145 et
1999 1110 2238 1155 patriarchae.

176 1175 472 1219 <Προοίμιον.>
506 1177 658 1222 Πρᾶγμα
679 1174 741 1209 οὐκ
760 1174 873 1218 ἄηθες
893 1177 937 1222 τῇ
966 1174 1132 1219 βασιλείᾳ
1153 1179 1212 1209 καὶ
1230 1179 1267 1211 15
1327 1176 1613 1221 (Praefatio.)
1661 1177 1750 1212 Rem
1776 1182 1848 1213 no'n
1872 1178 2048 1212 insuetam
2071 1177 2217 1222 imperio
2243 1181 2279 1212 et
2301 1189 2366 1213 nos

130 1216 223 1271 ἡμεῖς
243 1218 462 1265 πράττοντι-ε
486 1224 545 1255 ἐπὶ
567 1221 632 1255 τὸν
651 1221 818 1266 παρόντα
840 1220 1069 1265 ἐληλύθαμεν
1088 1222 1210 1263 νόμον.
1283 1223 1428 1265 agentes
1471 1222 1516 1256 ad
1554 1226 1778 1266 praesentem
1815 1223 1972 1257 venimus
2009 1223 2131 1265 legem.
2193 1223 2367 1266 Quotiens

129 1263 249 1298 οσάκις
271 1263 338 1310 γὰρ
362 1262 382 1307 ἡ
400 1266 478 1299 τῶν
502 1265 626 1310 ἱερέων
650 1264 767 1312 ψῆφός
789 1278 890 1300 τινας
914 1267 992 1300 τῶν
1013 1265 1075 1300 οὐκ
1096 1263 1211 1305 ἀξίων
1284 1266 1378 1300 enim
1398 1267 1623 1301 sacerdotum
1645 1267 1826 1302 decretum
1844 1268 1980 1311 aliquos
2001 1267 2226 1311 indignorum
2246 1278 2366 1303 sacer-

129 1311 189 1361 τῇς
226 1309 419 1355 ἱερωσύνης
451 1312 529 1343 τῶν
565 1311 759 1356 ἱερατικιῦν
799 1315 1019 1355 κατεβίβασε
1058 1309 1212 1358 θρόνων
1283 1311 1380 1346 dotio
1417 1312 1702 1348 sacerdotalibus
1737 1313 1902 1357 deposuit
1927 1312 2082 1354 sedibus,
2114 1314 2211 1347 velut
2235 1313 2364 1349 Nesto-

129 1358 269 1391 (υπυῖον
294 1353 337 1397 δὴ
362 1352 562 1400 Νεστόριὸν
593 1370 633 1390 τε
657 1360 716 1390 καὶ
741 1354 901 1398 Εὐτυχεά
922 1355 1066 1402 Ἀρειόν
1089 1370 1128 1390 τε
1152 1360 1212 1390 καὶ
1282 1357 1385 1399 rium,
1412 1357 1613 1403 Eutychen,
1640 1358 1766 1392 Arium
1791 1368 1834 1392 ac
1855 1356 2106 1392 Macedonium
2132 1358 2365 1393 Eunomium-

130 1397 357 1433 Μακεδόνων
399 1403 458 1432 καὶ
490 1399 672 1445 Εὐνόμιον
707 1406 767 1435 καὶ
799 1401 923 1435 ἄλλους
959 1400 1002 1444 δή
1032 1413 1133 1435 τινας
1164 1403 1210 1435 εἰς
1227 1404 1267 1435 2ι)
1283 1412 1350 1446 que
1375 1406 1411 1437 et
1427 1403 1516 1437 alios
1540 1403 1712 1448 quosdam
1732 1404 1767 1436 in
1789 1403 1925 1437 malitia
1945 1413 2018 1437 non
2038 1404 2190 1437 minores
2212 1404 2365 1447 illorum,

1282 1447 1413 1482 totiens
1434 1450 1470 1482 et
1486 1448 1673 1492 imperium
1695 1447 1959 1483 condecernens
1982 1447 2220 1482 sacerdotium
2241 1451 2365 1484 aucto-

1282 1492 1379 1527 ritati
1398 1493 1476 1537 fuit,
1500 1496 1540 1528 ut
1562 1493 1736 1528 diviniora
1756 1497 1792 1528 et
1811 1494 1967 1528 humana
1988 1494 2240 1527 concurrentia
2258 1504 2367 1528 unam

1282 1538 1554 1573 consonantiam
1585 1539 1693 1574 rectis
1726 1538 1889 1573 facerent
1919 1538 2082 1573 decretis.
2131 1538 2243 1582 Quale
2272 1539 2365 1574 vide-

1279 1583 1363 1618 licet
1388 1584 1555 1628 quiddam
1588 1584 1695 1619 etiam
1727 1594 1843 1629 nuper
1874 1584 2011 1619 factum
2037 1583 2134 1618 circa
2157 1583 2366 1618 Anthimum

129 1487 205 1522 λεία
229 1486 417 1535 σύμψηφος
437 1493 560 1537 γέγονε
586 1493 630 1539 τῇ
655 1494 733 1526 τῶν
754 1491 880 1538 ἱερέων
906 1490 1097 1535 αὐθεντίᾳ,
1125 1491 1212 1526 ὥςτε

127 1534 172 1567 τὰ
204 1533 374 1582 θἐιὸτερά
409 1549 448 1568 τε
481 1540 539 1568 καὶ
571 1535 798 1582 ἀνθρώπινα
833 1534 1089 1583 συνδραμόντα
1121 1541 1210 1581 μίαν

128 1583 343 1624 συμφωνίαν
367 1583 444 1614 ταῖς
468 1578 597 1625 ὀρθαῖς
622 1580 850 1625 ποιήσασθαι
875 1580 1018 1627 ψήφοις.
1064 1581 1209 1616 Ὁποῖον

128 1623 172 1667 δή
202 1638 238 1658 τι
269 1628 328 1658 καὶ
359 1628 504 1671 ἔναγχος
532 1626 729 1673 γενόμενον
765 1631 847 1673 περὶ
877 1628 1057 1672 Ἀνθιμον
1090 1628 1261 1672 ἴσμεν,25

172 1694 255 1727 Νου.
269 1694 437 1736 XLII(=
450 1696 599 1729 Anthent.
612 1696 741 1737 XLIII)
767 1697 891 1730 Graece
913 1704 999 1729 extat
1018 1698 1050 1729 in
1066 1697 1149 1738 ML,
1169 1704 1342 1739 praeterea
1360 1698 1391 1729 in
1406 1697 1500 1730 Actis
1516 1699 1646 1731 concilii
1666 1698 2019 1739 Constantinopolitani
2039 1709 2068 1729 a.
2085 1698 2150 1731 536
2168 1699 2236 1741 (ap.
2251 1698 2368 1731 Mansi

131 1739 343 1772 Conciliorum
369 1742 504 1774 omnium
527 1741 623 1784 ampl.
647 1742 717 1774 coll.
741 1742 834 1775 VIII
850 1755 883 1785 p.
902 1742 1126 1775 1149—1156
1141 1759 1183 1770 =
1200 1742 1243 1783 C)
1270 1755 1337 1775 cum
1356 1743 1620 1785 interpretatione
1642 1744 1746 1776 latina
1768 1750 1872 1776 vetere
1893 1745 1950 1785 (=
1964 1742 1993 1783 l)
2015 1744 2145 1776 diversa
2167 1745 2208 1775 ab
2222 1743 2366 1776 Anthen-

128 1785 199 1826 tico,
223 1797 317 1827 quam
339 1785 550 1819 Novellarum
575 1788 713 1820 editores
745 1788 819 1820 inde
846 1800 866 1820 a
895 1787 1007 1820 Contio
1032 1795 1239 1830 receperunt:
1275 1788 1358 1820 unde
1387 1800 1455 1820 eam
1488 1791 1655 1822 verborum
1688 1789 1850 1822 contextui
1879 1789 2024 1820 subicere
2044 1788 2181 1830 placuit.
2206 1807 2251 1811 —-
2274 1788 2364 1831 Epit-

130 1829 317 1871 Theod.42,
341 1831 538 1873 Athan.1‚5
564 1833 652 1873 (inde
681 1832 761 1866 Coll.
788 1840 887 1865 const.
914 1833 988 1865 eccl.
1015 1833 1046 1874 3,
1067 1839 1090 1872 1,
1105 1833 1146 1873 5),
1172 1832 1306 1866 Nomoc.
1332 1833 1432 1865 XIV
1449 1835 1495 1866 tit.
1521 1835 1552 1874 9,
1579 1842 1610 1868 10
1637 1835 1692 1876 (cf.
1723 1835 1772 1874 12,
1788 1834 1830 1873 3).
1879 1832 2001 1867 Iulian.
2027 1840 2126 1866 const.
2153 1835 2199 1866 X.

122 1908 335 1953 praefectos
356 1909 439 1953 fieri
462 1910 561 1945 solet.
623 1909 663 1945 St
689 1913 804 1944 tamen
829 1910 1026 1955 coutiqerit
1056 1913 1095 1944 ut
1123 1909 1316 1945 incohetur
1347 1910 1392 1945 lis
1423 1910 1523 1956 apud
1558 1914 1655 1945 tuam
1681 1911 1839 1957 yloriam
1870 1910 2039 1945 nimirum
2071 1910 2129 1946 laic
2153 1915 2364 1952 versantem,

128 1953 267 1988 interea
292 1957 410 1988 autem
435 1954 479 1989 ob
504 1955 679 1990 militares
704 1965 872 1989 annonas
892 1966 1047 2001 pereqre
1072 1955 1191 1997 abeas,
1217 1954 1306 1990 haec
1325 1956 1402 1991 sine
1425 1966 1528 1990 mora
1553 1956 1654 2002 apud
1676 1967 1756 1991 eum
1780 1956 1843 2001 qui
1866 1959 1965 1990 tuum
1989 1955 2106 1991 locum
2127 1956 2261 1991 obtinet
2282 1967 2364 2002 per-

128 2002 273 2048 aqatur,
299 1999 595 2044 quemadmodum
614 2011 692 2035 eam
713 2000 790 2051 ipse
810 2011 953 2046 quoque
969 1999 1151 2035 audiebas.
1188 1999 1327 2043 Quodsi
1346 2002 1389 2036 ab
1411 2001 1515 2036 initio
1539 2012 1614 2036 non
1639 2001 1688 2035 ad
1708 2000 1990 2047 qloriosz'ssimos
2009 2001 2221 2046 praefectos
2242 2001 2366 2047 appel-

130 2042 216 2077 lano
241 2054 290 2078 ex
314 2043 527 2091 quibusdam
543 2046 746 2092 provinciis
769 2045 904 2080 remitti
926 2045 1078 2087 solebat,
1102 2045 1167 2081 sed
1190 2045 1239 2080 ad
1262 2045 1365 2081 aliud
1387 2046 1568 2088 tredicz'um,
1594 2046 1783 2092 antiquum
1808 2046 1864 2081 ius
1882 2046 2027 2080 omnino
2051 2056 2124 2080 non
2140 2046 2363 2082 innovamus.

269 2087 358 2134 Epi
368 2089 381 2123 l
390 2100 410 2124 ο
420 2101 512 2135 qus.
565 2089 666 2133 Quae
698 2090 811 2136 iqitur
841 2090 944 2125 nobis
971 2091 1193 2136 placuerunt
1225 2095 1261 2126 et
1286 2102 1358 2136 per
1382 2091 1476 2126 lianc
1498 2102 1642 2126 sacram
1675 2093 1788 2137 leyem
1813 2090 2001 2126 declarata
2025 2094 2122 2133 sunt,
2157 2095 2219 2126 tua
2242 2091 2364 2137 qlorz‘a

129 2132 178 2168 ad
201 2144 294 2180 opus
317 2133 555 2181 effectumque
579 2136 758 2171 adducere
782 2139 892 2181 atque
915 2136 953 2170 in
971 2140 1192 2181 perpetuum
1215 2136 1396 2171 custodire
1418 2133 1594 2178 studeat]

1187 2279 1300 2314 XLII.
2388 2284 2431 2317 26

423 2348 891 2400 CONSTITUTIO
935 2349 1150 2399 SACRA
1186 2348 1570 2398 IUSTINIANI
1611 2349 2071 2400 IMPERATORIS

291 2417 565 2468 CONTRA
610 2417 1000 2475 ANTHIMUM,
1056 2416 1400 2478 SEVERUM,
1450 2417 1732 2466 PETRUM
1776 2418 1866 2465 ET
1913 2417 2205 2467 ZOARAM.

132 2495 174 2530 In
199 2494 340 2529 nomine
363 2494 496 2530 domini
519 2495 598 2530 Iesu
626 2494 758 2529 Christi
788 2494 844 2529 dei
868 2494 981 2529 nostri
1013 2494 1101 2537 Imp.
1129 2493 1262 2528 Caesar
1286 2494 1430 2529 Flavius
1453 2494 1670 2529 lastinianus
1696 2494 1924 2529 Alemanicus
1951 2494 2139 2530 Gotthicus
2166 2495 2362 2530 Francicus

131 2540 365 2575 Germanicus
398 2541 548 2575 Anticus
580 2540 752 2575 Alanicus
783 2539 1001 2575 Vandalicus
1030 2538 1223 2574 Africanus
1259 2539 1340 2582 pius
1378 2539 1462 2573 felix
1495 2540 1671 2582 gloriosus
1707 2539 1921 2575 victoriosus
1957 2540 2186 2585 triumphalis
2222 2550 2361 2585 semper
2387 2542 2428 2574 30

941 2585 1125 2627 Augustus
1150 2584 1279 2618 Menae
1303 2584 1541 2629 patriarchae.

265 2640 354 2676 Rem
383 2651 454 2676 non
488 2641 668 2676 insolitam
701 2640 848 2685 imperio
878 2644 914 2675 et
946 2650 1010 2675 nos
1042 2639 1214 2674 facientes
1247 2639 1293 2674 ad
1324 2644 1548 2684 praesentem
1579 2641 1737 2675 venimus
1769 2642 1893 2684 legem.
1942 2639 2088 2684 Quoties
2120 2641 2214 2675 enim
2241 2651 2359 2676 sacer-

132 2687 253 2722 dotum
278 2686 455 2721 sententia
479 2687 651 2731 quosdam
676 2685 840 2729 indignos
867 2685 1067 2720 sacerdotio
1100 2685 1142 2718 dc
1169 2685 1280 2719 sacris
1306 2686 1450 2720 sedibus
1476 2686 1649 2729 deposuit,
1682 2685 1974 2729 quemadmodum
1999 2685 2214 2727 Nestorium,
2249 2686 2360 2731 Euty-

133 2733 234 2774 chen,
260 2732 394 2774 Arium,
420 2732 669 2767 Macedonium
692 2736 727 2765 et
747 2731 962 2765 Eunomium
988 2740 1030 2764 ac
1052 2730 1223 2774 quosdam
1240 2731 1328 2764 alios
1351 2731 1395 2764 ad
1417 2730 1639 2774 iniquitatem
1664 2742 1735 2765 non
1761 2731 1914 2765 minores
1938 2730 2020 2771 illis,
2045 2731 2150 2765 toties
2175 2731 2359 2775 imperium

130 2777 287 2812 eiusdem
312 2777 508 2812 sententiae
542 2781 577 2811 et
607 2776 841 2812 ordinationis
875 2786 954 2810 cum
980 2775 1202 2810 sacerdotum
1229 2775 1442 2809 auctoritate
1466 2775 1545 2818 fuit,
1579 2776 1700 2820 sicque
1733 2775 1850 2810 divina
1880 2780 1914 2810 et
1938 2775 2094 2809 humana
2117 2777 2251 2820 pariter
2276 2787 2358 2811 con·
2386 2779 2426 2812 35

131 2822 311 2858 currentia
335 2832 442 2856 unam
461 2822 732 2857 consonantiam
754 2822 859 2856 rectis
885 2821 1068 2856 sententiis
1093 2820 1222 2855 facere.
1271 2820 1573 2863 Quemadmodum
1595 2825 1629 2855 et
1650 2831 1764 2865 nuper
1785 2821 1920 2855 factum
1941 2830 2020 2855 esse
2043 2821 2138 2855 circa
2154 2821 2360 2855 Anthimum

178 2915 191 2945 1
221 2909 459 2957 εὖρισκομένω
474 2913 521 2945 L²
540 2913 550 2955 [Ι
576 2915 593 2946 2
617 2911 753 2953 ταύτην
772 2914 938 2955 prioribus
956 2913 1060 2955 iunyz't
1081 2913 1211 2944 Zaclm-
1245 2918 1247 2951 ζ

130 2960 200 2991 riae
226 2958 238 3001 ss
270 2959 289 2991 3
315 2955 422 2999 αὐτῆς
446 2960 516 2998 καὶ]
542 2954 732 2999 καὶὶαῦτῆς
757 2959 808 2990 130
836 2957 847 2999 ΙΙ
881 2952 1077 3001 *ὑπάρχοις
1103 2958 1181 2989 libri
1202 2955 1214 3000 ΙΙ
1246 2987 1247 3009 ¹

132 3006 213 3045 5sq.
239 3003 313 3044 epil.
336 3003 444 3035 om.B
470 2999 565 3041 (‘2‘3'ws
590 3000 662 3035 ωδε
685 3001 727 3035 τὸ
751 2997 955 3045 βασιλικόν’
982 3002 1080 3034 schol.
1107 3002 1148 3034 M
1181 3003 1213 3034 in
1246 3014 1247 3030 1

132 3049 250 3089 mary.)
286 3047 298 3088 ΙΙ
333 3049 353 3080 6
382 3057 432 3080 xv
463 3049 494 3078 k.
520 3055 600 3089 sept.
627 3048 692 3079 ΟΡ.
721 3048 764 3079 M
784 3054 914 3089 utroque
940 3047 1025 3087 loco,
1064 3047 1095 3078 k.
1123 3046 1211 3088 Sept.

133 3092 198 3125 ΟΡ.
217 3102 246 3131 ς,
270 3093 357 3133 quod
373 3099 506 3134 propter
524 3093 709 3125 indictionis
727 3100 831 3124 notam
856 3094 887 3124 in
907 3092 949 3123 M
970 3092 1114 3124 additam
1131 3099 1214 3124 recte

129 3139 250 3181 probat
286 3136 490 3177 Zachariae,
533 3138 619 3179 μηνὶ
657 3138 895 3180 Σεπτεμβρίῳ
933 3137 1007 3168 ΛτΙι.
1036 3136 1155 3168 Theod.
1203 3135 1214 3178 Η

133 3183 213 3222 imp.
240 3181 294 3213 dn.
320 3181 388 3219 (dn.
416 3194 472 3213 om.
489 3183 519 3222 ς)
542 3182 656 3213 iustin.
682 3193 735 3224 pp.
762 3192 837 3222 aug.
864 3191 938 3212 ann.
956 3190 997 3213 XI
1021 3181 1081 3215 Μς
1112 3183 1213 3223 βασι-

134 3224 220 3259 λέως
239 3223 492 3258 ’Ῑουστινιανοῦ
513 3224 555 3258 τὸ
577 3225 622 3258 ια’
638 3225 695 3267 (ις’
706 3228 789 3267 cod.)
805 3227 892 3263 Am„
907 3238 964 3258 om.
980 3226 1064 3268 Mp.
1076 3227 1151 3266 294,
1166 3233 1213 3266 39,

138 3272 256 3304 Theod.
282 3270 294 3314 ΙΙ
320 3273 337 3303 7
364 3281 395 3312 p.
418 3281 444 3302 c.
466 3270 618 3302 Belisarii
639 3282 690 3303 uc.
714 3282 801 3302 anno
821 3270 963 3303 secundo
985 3281 1003 3305 ς
1034 3267 1124 3311 μετὰ
1147 3269 1214 3312 τὴν

133 3314 311 3350 ὑπατείαν
332 3313 545 3360 Βελισαρίου
568 3313 610 3348 τὸ
635 3317 747 3356 (ἔτους
766 3316 899 3355 Theou.)
925 3311 965 3357 β’
986 3315 1062 3349 Ath.
1080 3316 1212 3356 lecod.‚

133 3364 207 3403 post
229 3361 399 3393 Bilissario
424 3371 474 3393 uc.
500 3371 602 3393 conss.
625 3371 715 3393 annu
740 3361 811 3402 (sic)
836 3361 877 3392 M
896 3373 930 3403 p.
957 3361 1032 3395 294,
1058 3367 1105 3400 40,
1140 3364 1214 3402 post

134 3406 294 3439 Bilisario
323 3417 373 3438 uc.
401 3417 502 3437 conss.
529 3406 597 3437 ind.
623 3406 645 3437 ἆ
669 3406 715 3438 Μ
740 3405 751 3448 ΙΙ
790 3408 809 3438 9
836 3407 923 3437 rubr.
956 3406 1044 3448 Περὶ
1069 3402 1212 3437 ἐπισκό-

135 3462 218 3484 πων
242 3447 625 3494 ἀναθεματισθέντων
654 3451 772 3483 Theoti.
807 3451 818 3490 (
826 3447 872 3482 ‘H
892 3445 1049 3488 διάταξις
1070 3445 1212 3482 Ἰουστι-

135 3496 261 3529 νιανοῦ
286 3494 463 3539 βασιλέως
483 3494 574 3528 κατὰ
596 3489 781 3537 Ἀνθίμου.
807 3491 973 3538 Σευήρου,
999 3496 1137 3539 Πέτρου
1154 3497 1212 3527 καὶ

138 3537 268 3586 Ζωόρα
296 3542 339 3582 C)
367 3540 379 3585 ΙΙ
412 3543 451 3574 10
477 3539 627 3584 σεβηρου
654 3541 695 3572 Μ
706 3541 793 3580 Alli]
819 3538 965 3582 σευήρου
989 3540 1213 3580 LC'(leeod.)

138 3588 224 3618 etsie
238 3594 419 3619 constanter
444 3589 454 3627 ΙΙ
481 3588 540 3618 καὶ
555 3587 705 3628 Πέτρου]
730 3587 789 3617 καὶ
814 3597 871 3617 om.
887 3586 960 3617 Atlz.
980 3583 991 3627 ΙΙ
1023 3586 1056 3617 11
1086 3584 1214 3629 Ζωορᾶ

138 3629 269 3675 (ζωορά
293 3632 354 3670 L¹)
379 3632 495 3664 LAuz.
522 3632 576 3673 (ch
606 3632 724 3663 Theou.
752 3630 881 3663 Nomoc.
903 3629 1005 3662 XIV
1025 3630 1070 3662 tit.
1096 3631 1129 3671 9,
1153 3631 1211 3670 10)]

140 3671 270 3720 Ζωόρα
288 3677 317 3710 Ο
342 3674 449 3722 ζοόρα
474 3677 521 3709 M
538 3676 550 3719 ΙΙ
579 3677 638 3708 καὶ
662 3675 739 3707 τῶν
761 3672 900 3707 λοιπῶν
925 3674 1006 3714 ML]
1032 3687 1089 3707 om.
1105 3674 1211 3710 §Ath-

139 3722 149 3759 (
158 3721 186 3752 Ο
197 3721 270 3760 Iul.)
291 3720 303 3763 ll
322 3723 361 3754 13
377 3723 470 3754 inser.
484 3717 544 3754 Ἐν
559 3717 711 3763 ὀνόματι
731 3720 791 3753 τοῦ
807 3715 982 3752 δεσπότου
999 3715 1110 3761 Ἰησοῦ
1126 3721 1212 3764 Χρι-

1283 2911 1368 2943 στοῦ
1401 2911 1464 2943 τοῦ
1497 2910 1587 2943 θεοῦ
1621 2907 1725 2954 ἡμῶν
1749 2907 1996 2955 Αὐτοκράτωρ
2031 2913 2173 2953 Καῖσαρ
2208 2910 2363 2954 Φλάβιος

1279 2952 1530 2988 Ἰουστινιανὸς
1559 2952 1792 2998 Ἀλαμανικὸς
1827 2954 2007 2989 Potamos
2046 2954 2244 3001 Φραγγικὸς
2278 2959 2361 2999 Γερ-

1281 2999 1430 3043 μανικὸς
1460 2997 1618 3032 'Austrinos
1647 2997 1827 3033 Ἀλανικὸς
1857 2997 2099 3034 Οὖανδαλικὸς
2121 2999 2283 3044 Ἀφρικὸς
2308 3000 2360 3033 εὗ-

1283 3045 1386 3088 σεβὴς
1415 3041 1556 3086 εἶ’τυχὴς
1587 3042 1728 3083 ἔνδοξος
1763 3044 1905 3087 νικητὴς
1935 3047 2169 3089 τροπαιοῦχος
2200 3045 2360 3089 ἀεισέβα-

1283 3102 1363 3123 στος
1380 3090 1586 3135 Αὔγουστος
1608 3090 1716 3131 Μηνᾷ
1738 3086 1939 3135 πατριάρχῃ
1961 3091 1997 3131 Ο,
2019 3088 2057 3123 ‘0
2075 3088 2179 3124 αὐτὸς
2196 3090 2363 3133 βασιλεῖς

1280 3132 1427 3181 Ἰωάννῃ
1454 3132 1596 3178 ἐπάρχῳ
1623 3138 1731 3175 priam
1756 3135 1830 3168 Atk.
1859 3135 1870 3177 ΙΙ
1893 3133 1990 3177 μηνά
2013 3137 2044 3168 L
2069 3140 2079 3177 Η
2115 3138 2154 3169 14
2175 3146 2359 3168 κωνσταν-

1282 3177 1523 3213 τινουπιῖλεως
1536 3188 1608 3212 ante
1621 3177 1893 3225 ἅρχιεπισκόπῳ
1909 3182 1985 3212 add.
2000 3180 2049 3213 L2
2063 3182 2094 3213 in
2109 3194 2210 3223 marq.
2229 3181 2241 3224 ΙΙ
2263 3184 2299 3214 15
2317 3182 2360 3227 τῇ

1284 3239 1340 3258 om.
1362 3227 1388 3259 C
1410 3226 1420 3268 ΙΙ
1451 3227 1486 3258 18
1512 3222 1648 3267 θρόνον
1663 3225 1693 3256 L
1709 3225 1720 3266 ΙΙ
1752 3227 1789 3257 19
1811 3221 1951 3266 Εὐτυχῆ
1978 3226 2006 3258 C
2034 3225 2045 3267 ΙΙ
2076 3226 2115 3258 21
2139 3228 2200 3258 καὶ
2225 3239 2282 3258 om.
2302 3228 2329 3259 C
2349 3226 2360 3270 Η

1283 3272 1321 3304 21
1350 3268 1530 3312 βασιλείας
1544 3270 1590 3302 L¹
1617 3270 1628 3311 11
1654 3270 1695 3302 22
1721 3266 1922 3313 σύμψηφος]
1950 3270 2095 3302 ciusdam
2120 3271 2304 3304 sententiae
2329 3275 2362 3304 et

1283 3316 1534 3348 ordinationisl
1564 3315 1573 3355 ΙΙ
1602 3316 1644 3347 24
1669 3311 1796 3347 ὁποῖον
1824 3315 1881 3354 Ος]
1909 3311 2034 3357 ὅμοιον
2059 3316 2131 3348 ML

1328 3407 1346 3439 8
1362 3419 1410 3448 sq.
1437 3404 1577 3436 XLIII·
1595 3404 1643 3435 De
1668 3403 1843 3444 deposione
1867 3404 1901 3436 V
1930 3403 1941 3443 ΙΙ
1977 3405 2017 3437 10
2042 3405 2135 3436 Petri
2160 3417 2218 3438 om.
2242 3406 2319 3439 libri
2349 3405 2362 3451 ΙΙ

1285 3453 1320 3483 11
1338 3451 1484 3482 Zochore
1499 3450 1531 3482 T
1550 3458 1640 3480 zome
1662 3449 1693 3480 V
1711 3447 1723 3493 ΙΙ
1751 3451 1791 3482 16
1808 3447 1945 3489 agentes
1968 3448 2023 3490 Vll
2046 3449 2101 3491 ad]
2125 3451 2157 3482 et
2178 3450 2211 3483 V
2230 3450 2242 3494 Π
2265 3461 2360 3493 prae-

1281 3498 1388 3527 sentes
1411 3496 1463 3527 Va
1484 3495 1495 3536 ss
1526 3496 1563 3526 17
1587 3493 1674 3526 enim
1700 3506 1757 3526 om.
1774 3493 1804 3526 T
1824 3492 1834 3536 Η
1861 3493 1983 3533 aliquis
2006 3493 2038 3525 V
2055 3493 2067 3536 H
2101 3496 2140 3528 19
2161 3497 2361 3539 eutychena—

1282 3541 1367 3572 rium
1392 3540 1423 3572 V
1438 3538 1449 3582 ΙΙ
1475 3549 1549 3571 eum
1568 3538 1781 3579 omniumque
1804 3539 1835 3571 V
1853 3537 1864 3580 ΙΙ
1891 3540 1932 3571 22
1954 3538 2020 3569 fuit
2045 3552 2102 3571 om.
2126 3540 2155 3572 V

1333 3629 1459 3662 Notavi
1491 3629 1741 3670 discrepantiam
1773 3629 1910 3670 exempli
1939 3628 2093 3662 Contiam‘
2122 3637 2152 3663 et
2175 3631 2363 3673 interpolati

1282 3674 1456 3707 Mansz'ani
1472 3671 1484 3716 ΙΙ
1501 3674 1543 3705 29
1569 3672 1730 3705 Gothicus
1755 3673 1872 3706 Dlansi
1897 3672 1909 3714 ll
1940 3674 1982 3706 30
2006 3674 2112 3707 vietor
2136 3675 2361 3718 trIumphator

1283 3720 1398 3752 Mansi
1418 3718 1430 3760 ΙΙ
1462 3718 1501 3751 31
1527 3717 1668 3750 Mennae
1694 3718 1809 3750 Mansa·
1832 3716 1845 3761 ΙΙ
1871 3719 1913 3752 36
1937 3718 2042 3752 fecere
2067 3719 2183 3753 Mansi
