2618 4010
191 124 283 158 non
310 84 673 157 nonANrAunno
702 124 856 161 Ammo
1274 111 1361 165 385
1639 141 1642 144 ·
1948 116 2056 160 Nov.
2076 116 2297 160 LXXVIII
2327 119 2366 160 2.
2397 119 2422 160 3

191 224 406 268 εχέσθωσαν
424 219 447 268 ἢ
464 223 595 271 χειρῶν
614 221 637 267 ἢ
657 223 847 269 ἐπιβουλῆς
866 221 982 269 ἢτῶν
996 224 1128 269 ἄλλων,
1153 226 1192 268 ἐξ
1215 216 1271 261 ὧν
1337 227 1407 263 bus
1430 228 1495 263 aut
1516 226 1654 263 insidiis
1686 229 1750 263 aut
1774 227 1853 264 aliis
1884 237 1930 264 ex
1953 228 2083 274 quibus
2106 228 2229 265 liberti
2260 228 2332 265 tale
2356 228 2421 265 ali-

191 269 429 319 ἀπελεὺθεροι
448 266 592 304 τοιοῦτό
613 282 650 304 τι
669 269 889 318 πράττοντες
906 268 1158 307 ἀναδούλωσιν
1177 272 1271 307 κατὰ
1363 272 1425 308 uid
1448 277 1595 318 agentes
1626 283 1753 309 rursus
1786 273 1993 310 servitutem
2016 274 2195 311 sustinent
2226 273 2422 311 secundum

190 315 272 351 τοὺς·
303 318 385 363 περὶ
420 313 562 349 τούτων
594 319 857 362 γεγραμμένους
890 315 1111 362 ὑφίστανται
1142 317 1270 363 νόμους
1362 328 1382 354 e
1418 318 1472 354 his
1510 318 1666 364 scriptas
1701 319 1797 364 leges
1839 321 1877 355 et
1913 320 2153 356 restituuntur
2186 319 2298 365 priori
2324 330 2419 357 -oon-

190 365 251 395 καὶ
269 358 592 396 ἀποκαθιστανται
616 362 661 408 τῇ
680 364 838 410 προτέρᾳ
858 359 957 409 τύχῃ.
997 363 1029 397 εἰ
1049 363 1118 411 γὰρ
1139 361 1271 398 οὐδένα
1338 363 1482 400 dicioni.
1525 363 1618 400 Nam
1643 364 1674 402 si
1694 364 1831 400 nullum
1853 365 1996 410 penitus
2019 366 2200 411 ingratum
2223 375 2302 402 esse
2323 365 2420 402 circa

190 404 379 442 παντελῶς
419 402 614 452 ἀχάριστον
655 406 747 441 εἶναι
789 409 872 455 περὶ
913 407 980 442 τὸν
1015 406 1272 456 δωρησάμενον
1306 413 1325 444 5
1339 409 1547 445 donatorem
1569 409 1806 463 permisimus,
1839 410 1924 446 licet
1946 411 2057 447 fuerit
2086 411 2178 447 bene
2202 414 2321 455 natus,
2355 411 2420 447 sed

191 450 500 498 συνεχωρήσαμεν,
530 447 599 485 κᾶν
625 452 657 485 εἰ
685 453 765 487 τῶν
795 451 1062 500 εὐγενεστάτων
1086 455 1151 497 εἴη,
1182 451 1272 489 ἀλλὰ
1339 455 1551 490 donationes
1574 454 1735 491 mfirmas
1759 456 2065 501 pronuntiavimus
2088 457 2126 492 in
2149 456 2205 492 his
2236 466 2327 502 quae
2350 457 2417 492 du-

190 497 252 531 τὰς
275 496 410 544 δωρεὰς
439 494 587 543 ἀκύρους
620 494 855 543 ἀπεφήναμεν
885 500 925 533 ἐν
953 502 1027 534 τοῖς
1050 497 1141 546 παρ’
1165 498 1271 544 ἡμῶν
1338 500 1422 536 dum
1445 510 1469 535 a
1492 500 1596 536 nobis
1622 501 1780 546 scriptae
1804 505 1889 536 sunt
1911 502 2050 547 legibus
2083 505 2120 537 et
2140 501 2178 536 in
2201 501 2257 537 his
2282 511 2373 547 quae
2396 512 2419 538 a

189 541 257 585 ἤδη
279 544 447 588 γραφεῖσι
470 541 592 586 νόμοις
620 546 680 577 καὶ
714 545 756 578 έν
778 547 851 579 τοῖς
873 542 968 580 καθ’
995 544 1150 589 ἑκάστην
1173 542 1267 592 παρ’
1338 546 1443 582 nobis
1468 545 1598 582 cotidie
1620 547 1904 592 praecipiuntur,
1937 546 2113 592 quomodo
2140 547 2319 592 patiemur
2342 557 2417 583 ma-

172 586 294 632 .ἡμῶν
325 586 576 632 κελευομένως,
611 589 688 623 πῶς
718 585 764 623 ἂν
794 587 1046 635 ἀνασχοίμεθα
1077 591 1143 625 τὸν
1172 589 1268 625 ελευ-
1337 591 1584 633 numissorem,
1609 592 1670 645 qui
1689 592 1850 636 aequalis
1873 593 1970 637 patri
1991 592 2089 628 circa
2106 591 2275 627 libertum
2297 593 2417 628 factus

190 631 362 687 θερωτὴν
392 632 459 667 τὸν
490 634 530 667 ἐν
553 634 620 677 ἴσῳ
645 633 782 681 πατρὸς
812 639 895 683 περὶ
925 634 992 670 τὸν
1022 633 1269 684 ἀπελεύθερον
1285 639 1324 671 10
1338 641 1403 679 est,
1434 637 1481 672 ab
1511 646 1553 672 eo
1586 637 1721 681 ahquid
1750 638 1828 682 pati
1851 637 2047 681 malignum
2077 639 2142 672 aut
2169 637 2319 673 iniurias
2341 638 2417 674 for-

191 677 446 724 διαγενομενον
471 676 560 725 παρ’
580 676 690 714 αὐτοῦ
714 693 751 714 τι
770 680 910 715 παθεῖν
932 681 1093 727 πονηρὸν
1111 681 1133 724 ἢ
1148 680 1268 728 ὕβρεις
1337 682 1432 716 sitan
1455 691 1604 726 asperas
1635 685 1672 716 et
1694 681 1899 717 indecentes
1932 692 1995 717 seu
2019 682 2144 727 plagas
2176 686 2239 718 aut
2266 684 2418 719 maxime

189 721 297 766 τυχὸν
320 727 485 772 τραχείας
508 727 567 758 καὶ
591 723 761 772 ἀπρεπεῖς
783 722 805 769 ἢ
828 724 965 772 πληγὰς
987 723 1183 772 ἣμεγάλην
1207 729 1267 759 καὶ
1335 726 1577 762 intolerabilia
1605 726 1781 762 sustinere
1813 726 2025 772 dispendia?
2071 727 2141 763 Sed
2172 727 2203 763 si
2236 729 2321 773 quid
2352 729 2416 764 ho-

189 766 373 816 ἀφόρητον
396 767 598 813 ὑποστῆναι
619 772 767 815 ζημίαν;
791 767 869 804 ἀλλ’
891 771 927 805 εἴ
944 784 980 805 τι
1000 770 1145 805 τούτων
1169 774 1265 815 νομί·
1334 781 1414 807 rum
1437 771 1614 815 legitimis
1650 771 1924 819 probationibus
1966 772 2160 808 convicerit
2195 783 2342 818 passum
2379 784 2418 810 se

188 826 267 858 μοις
297 811 526 855 ἀποδείξεσιν
557 814 708 862 ἐλέγξειε
737 815 878 851 παθῶν
910 813 930 850 ὁ
962 815 1030 859 τὴν
1054 815 1267 863 ἐλευθερίαν
1336 817 1394 861 qui
1417 816 1618 852 libertatem
1642 816 1740 852 dedit
1770 817 1825 852 vel
1857 817 1933 852 eius
1964 817 2074 861 filios,
2106 819 2192 863 post
2213 819 2416 863 praedictas

191 858 270 894 δοὺς
299 855 321 903 ἢ
352 863 412 894 καὶ
442 860 478 894 οἱ
507 861 636 894 τούτου
665 859 804 903 παῖδες,
835 860 926 904 μετὰ
957 860 1041 896 τούς
1066 862 1266 909 εἰρημένους
1282 862 1565 906 15probationes
1600 861 1766 897 libertum
1801 862 1839 897 in
1873 862 1986 907 priori
2020 863 2242 899 restituimus
2277 863 2417 907 habitu,

190 904 348 951 ἐλέγχους
370 904 436 940 τὸν
459 904 705 952 ἀπελεύθερον
728 907 783 950 τῷ
806 909 970 954 προτέρῳ
996 904 1162 952 δώσομεν
1186 904 1265 950 σχή-
1334 907 1516 942 nominum
1558 907 1699 952 quidem
1741 908 2029 952 perscrutatione
2070 911 2107 944 et
2139 911 2287 954 propter
2326 911 2417 945 haec

189 964 289 994 ματι,
312 951 374 994 τῆς
392 953 459 996 μὲν
477 953 555 986 τῶν
570 949 763 996 ὀνομάτων
778 955 1026 999 περιεργασίας
1045 956 1105 987 καὶ
1125 953 1186 996 τῆς
1207 950 1266 987 διὰ
1335 952 1528 997 dispendiis
1552 963 1675 988 omnes
1700 953 1904 998 eripientes,
1936 953 2110 989 iustitiam
2139 958 2260 990 autem
2283 955 2416 1000 ubique

190 997 307 1030 ταῦτα
332 998 457 1041 ζημίας
480 994 645 1032 ἅπαντας
668 993 971 1039 ἀπαλλάττοντες,
995 997 1037 1031 τὸ
1062 996 1203 1032 δίκαιον
1227 995 1267 1031 δὲ
1335 1001 1371 1032 et
1401 998 1615 1043 aequitatem
1653 1000 1689 1033 et
1721 999 1816 1043 quod
1847 998 2086 1043 legislatorem
2119 999 2222 1035 decet
2251 1003 2288 1036 et
2322 1000 2417 1045 quod

190 1044 376 1084 πανταχοῦ
399 1044 459 1076 καὶ
479 1042 559 1076 ἴσον
582 1045 642 1076 καὶ
657 1043 842 1089 νομοθέτῃ
867 1045 1009 1090 πρέπον
1031 1047 1092 1077 καὶ
1114 1040 1266 1089 ἀρέσκον
1335 1043 1455 1088 placet
1493 1043 1559 1079 deo
1604 1047 1640 1079 et
1677 1043 1805 1079 liberto
1846 1047 1882 1079 et
1917 1044 2050 1080 dudum
2089 1045 2232 1081 domino
2270 1055 2414 1082 conser-

190 1087 272 1130 θεῷ
304 1088 357 1130 τῷ
389 1099 429 1122 τε
452 1083 682 1135 ἀπελευθέρῳ
714 1088 768 1131 τῷ
798 1101 839 1121 τε
870 1085 983 1122 πάλαι
1013 1087 1171 1132 δεσπότη
1203 1102 1266 1135 φυ-
1280 1091 1322 1124 20
1335 1093 1471 1124 vantes.

190 1135 209 1167 1
257 1131 435 1172 λάξαντες.
496 1129 598 1167 Ὥςτε
628 1135 796 1167 ἔστωσαν
829 1135 898 1176 μὲν
932 1137 993 1167 καὶ
1028 1124 1266 1179 ἀπελεύθεροι
1335 1136 1357 1170 1
1403 1134 1546 1179 Quapro
1574 1136 1629 1169 ter
1648 1134 1722 1169 sint
1742 1134 1883 1179 quidem
1907 1137 1943 1171 et
1962 1136 2083 1172 liberti
2106 1139 2142 1172 et
2162 1137 2318 1182 ingenui,
2343 1137 2418 1173 sive

191 1180 251 1211 καὶ
281 1175 442 1224 εὐγενεῖς,
477 1178 548 1212 εἴτε
577 1177 613 1212 οἱ
642 1191 671 1213 π
693 1177 771 1221 ιρην
803 1177 1130 1223 ἐλευθερωθέντες,
1168 1179 1267 1224 εἴπερ
1336 1179 1374 1214 hi
1406 1180 1466 1224 qui
1498 1179 1546 1214 du
1572 1190 1630 1214 um
1655 1180 1864 1215 manumissi
1895 1184 1979 1216 sunt
2010 1185 2047 1217 et
2068 1181 2248 1218 evidenter
2274 1183 2324 1218 eis
2347 1183 2418 1218 hoc

191 1224 308 1267 ῥητῶς
329 1221 446 1257 αὐτοῖς
460 1223 567 1257 τοῦτο
583 1191 872 1269 πεφιλοτίμηται,
897 1225 967 1258 εἴτε
992 1224 1028 1259 οἱ
1048 1225 1139 1269 μετὰ
1160 1222 1267 1259 τόνδε
1336 1225 1507 1270 largitum
1531 1227 1595 1267 est,
1628 1225 1700 1260 sive
1723 1223 1776 1260 illi
1808 1226 1868 1271 qui
1890 1228 1975 1271 post
2003 1229 2099 1263 hanc
2122 1232 2282 1263 nostram
2304 1229 2418 1273 legem

190 1268 294 1312 ἡμῶν
317 1267 383 1302 τὸν
406 1266 519 1313 νόμον
541 1269 589 1303 εἰς
615 1268 824 1315 ἐλευθέρους
845 1267 1111 1315 ἀφικνούμενοι,
1144 1268 1191 1305 οὖς
1215 1267 1268 1304 εὗ-
1338 1271 1385 1306 ad
1407 1271 1662 1315 ingenuitatem
1686 1270 1838 1313 venient,
1871 1278 1907 1306 et
1930 1275 2111 1317 tamquam
2135 1274 2225 1309 bene
2248 1273 2326 1309 nati
2347 1274 2418 1309 iam

189 1315 300 1359 γενεῖς
329 1311 369 1347 δὲ
398 1312 466 1356 ἤδη
495 1311 680 1360 γενόμενοι
708 1312 928 1358 βιούτωσαν,
960 1318 1019 1349 καὶ
1042 1315 1110 1359 τὴν
1133 1314 1267 1362 ὄφειλο-
1284 1319 1325 1351 25
1338 1316 1427 1351 facti
1462 1316 1582 1351 vivant
1622 1319 1658 1351 et
1694 1316 1852 1352 debitum
1887 1317 2060 1353 honorem
2099 1319 2418 1355 manumissoribus

189 1361 302 1402 μένην
331 1358 440 1403 τιμὴν
468 1362 540 1393 τοῖς
571 1357 831 1405 ἐλευθερωταῖς
860 1357 1150 1403 ἀποδιδότωσαν,
1181 1357 1269 1396 dieve
1338 1362 1499 1404 reddant,
1534 1365 1575 1396 ut
1597 1372 1671 1396 non
1694 1361 1812 1397 denuo
1841 1365 1877 1397 et
1898 1362 2064 1399 libertate
2086 1363 2156 1410 (et)
2180 1364 2418 1401 benenatione

189 1402 238 1446 μὴ
263 1401 373 1440 πάλιν
397 1402 523 1438 αὐτοὺς
546 1407 605 1438 καὶ
625 1406 686 1448 τῆς
707 1403 913 1449 ἐλευθερίας
936 1408 1074 1449 καὶτῆς
1094 1404 1270 1454 εὐγενείας
1340 1407 1472 1443 cadant
1510 1409 1692 1452 tamquam
1723 1407 1881 1443 indevoti
1911 1408 2112 1454 ingratique
2143 1410 2298 1446 convicti
2328 1414 2364 1446 et
2395 1421 2418 1445 a

190 1451 353 1482 ἐκπεσεῖν
385 1448 433 1484 ὠς
455 1447 667 1496 ἀγνώμονας
697 1454 758 1484 καὶ
787 1448 998 1494 ἀχαρίστους
1022 1451 1270 1499 ἐληλεγμένους
1338 1454 1415 1498 lege
1438 1453 1608 1488 damnati.
1657 1453 1775 1488 Erunt
1797 1463 1949 1498 namque
1964 1454 2027 1498 ,ita
2056 1456 2228 1500 perpetue
2256 1455 2358 1491 liberi
2382 1459 2419 1491 et

189 1497 249 1532 καὶ
272 1491 344 1528 ὑπὸ
375 1495 438 1529 τοῦ
462 1493 574 1539 νόμου
604 1493 982 1540 καταδεδικασμένους.
1030 1499 1178 1532 ἔσονται
1199 1498 1267 1544 γὰρ
1337 1499 1500 1543 ingenui,
1538 1498 1568 1533 si
1600 1499 1918 1534 manumissoribus
1951 1509 2146 1546 eorumque
2180 1499 2263 1536 filiis
2294 1501 2416 1536 incon-

189 1535 286 1573 οὕτω
303 1537 475 1581 διηνεκῶς
498 1539 685 1586 ἐλεύθεροί
707 1554 747 1575 τε
766 1545 826 1576 καὶ
851 1541 1011 1584 εὐγενεῖς,
1035 1544 1066 1577 εἰ
1084 1546 1158 1578 τοῖς
1178 1543 1268 1578 ἐλευ-
1282 1546 1325 1579 30
1337 1544 1456 1580 fusam
1481 1546 1517 1579 et
1539 1543 1689 1579 liberam
1713 1553 1814 1579 suam
1838 1545 2104 1581 venerationem
2128 1548 2165 1581 et
2186 1546 2417 1582 reverentiam

188 1584 370 1629 θερωταῖς
401 1588 461 1619 καὶ
492 1589 565 1620 τοῖς
595 1583 738 1621 τούτων
769 1590 898 1622 παισὶν
922 1586 1120 1623 ἀθόλωτόν
1145 1602 1186 1623 τε
1209 1592 1269 1623 καὶ
1338 1589 1632 1633 devotionemque
1656 1589 1895 1633 servaverint,
1926 1591 2056 1636 quibus
2087 1591 2252 1627 videlicet
2274 1602 2416 1628 conser-

188 1628 386 1676 ἐλευθέραν
416 1629 484 1674 τὴν
507 1631 648 1666 ἑαυτῶν
680 1630 771 1666 αἰδῶ
805 1645 845 1667 τε
868 1637 928 1667 καὶ
951 1634 1181 1670 reverentiav
1210 1638 1269 1669 καὶ
1337 1635 1430 1671 vatis
1454 1645 1647 1680 numquam
1672 1635 1719 1671 ad
1743 1634 1899 1680 priorem
1922 1637 2129 1672 relabentur
2151 1637 2346 1673 fortunam.

187 1672 466 1721 εὐγνωμοσύνην
490 1676 701 1722 φυλάξαιεν·
736 1670 791 1712 ὧν
815 1676 860 1722 δὴ
882 1682 1114 1724 τηρουμένων
1137 1677 1178 1714 οὐ
1203 1679 1268 1725 μή·

143 1756 146 1759 Δ
187 1733 276 1755 ποτε
299 1722 347 1756 εἰς
370 1722 438 1765 τὴν
460 1723 674 1770 ὲζιιπροσθεν
697 1722 1005 1768 κατολισθῆσουσι
1028 1725 1151 1769 τύχην.

1178 1840 1335 1876 CAPUT
1359 1840 1425 1875 ΠΙ.

239 1904 285 1937 Εἰ
316 1902 359 1938 δέ
386 1916 438 1938 τις
467 1902 720 1952 ἀπελευθέραν
743 1904 949 1953 ἀγαγέσθαι
977 1905 1177 1952 βουληθείη
1207 1912 1267 1942 καὶ
1280 1911 1324 1944 35
1395 1907 1434 1943 Si
1463 1908 1542 1952 quis
1573 1911 1692 1944 autem
1721 1907 1887 1943 libertam
1911 1907 2042 1944 ducere
2066 1908 2217 1945 voluerit
2248 1912 2311 1945 aut
2333 1909 2418 1955 legi-

186 1953 341 1996 γνησίαν
377 1948 605 1993 ποιήσασθαι
639 1953 800 1998 γαμετὴν
835 1950 1027 1987 ὁποιαςοῦν
1067 1953 1167 1994 ἀξίας
1203 1953 1268 1997 ῶν,
1337 1953 1459 1989 timam
1482 1954 1602 1990 facere
1622 1954 1808 1999 coniugem
1833 1954 2024 1989 cuiuslibet
2047 1954 2229 2000 dignitatis
2250 1956 2419 1997 existens,

234 2043 373 2085 capitum
392 2043 458 2075 III
469 2050 498 2076 et
513 2043 576 2076 IV
594 2044 698 2077 maior
716 2056 800 2088 pars
814 2046 886 2087 suit
911 2046 942 2078 in
964 2046 1000 2078 Β
1022 2047 1115 2086 32,1,
1128 2053 1156 2087 3,
1181 2046 1265 2079 unde
1285 2056 1312 2077 c.
1327 2046 1392 2079 III
1412 2045 1468 2078 Εἴ
1482 2056 1535 2078 τις
1555 2042 1808 2091 ἀπελευθέραν
1832 2066 1876 2070 —-
1901 2047 1978 2087 386,
1992 2054 2008 2079 5
2033 2043 2194 2088 διάδοχοι
2218 2055 2248 2080 et
2270 2047 2330 2081 IV
2348 2049 2420 2080 Καὶ

189 2084 283 2120 οὕτω
307 2106 351 2111 —
371 2088 450 2127 386,
463 2095 498 2121 23
521 2087 746 2133 χαριζόμεθα
770 2091 865 2123 habet
888 2092 1001 2137 Πεῖρα
1023 2092 1076 2132 49,
1091 2099 1126 2125 25
1146 2104 1182 2134 p.
1199 2092 1259 2124 231
1277 2091 1380 2125 Zach.
1395 2092 1452 2132 (=
1469 2092 1527 2133 P),
1552 2092 1629 2133 386,
1641 2098 1760 2126 26-29
1787 2090 1834 2124 Εἰ
1857 2088 2082 2136 στρατιώτης
2105 2089 2287 2139 καταλίπῃ
2311 2103 2418 2136 πρεσ·

188 2134 287 2175 βεῖον
310 2132 387 2165 τῶν
410 2132 553 2166 οἰκείων
576 2152 620 2157 -
645 2131 742 2167 δοκεῖ
763 2135 941 2178 Tipucitus.
980 2136 1148 2178 (Eiusdem
1171 2138 1234 2170 loci
1255 2137 1334 2177 386,
1350 2143 1387 2170 26
1396 2149 1445 2180 sq.
1465 2149 1617 2170 summam
1643 2150 1682 2170 esc
1702 2138 1779 2171 Ath.
1804 2138 1901 2171 habet
1925 2138 1979 2170 lib.
2006 2139 2088 2181 περὶ
2113 2134 2302 2183 διαφόρων
2333 2137 2419 2171 ἀνα-

188 2176 416 2222 γνωσμάτων
440 2177 518 2221 §18
537 2191 573 2222 p.
591 2180 652 2213 197
671 2180 812 2220 Heimb.)

190 2289 393 2324 abstineant
415 2289 473 2324 vel
494 2299 517 2323 a
539 2289 575 2324 vi
606 2290 664 2325 vel
690 2290 735 2325 ab
758 2289 901 2324 insidiis
931 2290 987 2325 vel
1009 2302 1032 2325 a
1055 2291 1206 2337 reliquis
1225 2297 1379 2338 propter
1402 2302 1497 2337 quae
1527 2291 1646 2327 liberti
1669 2293 1732 2338 qui
1763 2293 1834 2328 tale
1858 2293 1948 2339 quid
1975 2294 2203 2330 committunt
2223 2295 2419 2332 secundum

191 2334 287 2380 leqes
322 2333 366 2369 de
401 2333 457 2368 bis
491 2335 651 2380 scriptas
687 2336 724 2369 in
755 2335 961 2371 servitutem
995 2340 1214 2371 revocantur
1247 2340 1283 2371 et
1305 2337 1430 2382 priori
1461 2336 1668 2372 condicioni
1698 2339 1950 2374 restituuntur.
2000 2338 2145 2374 Etenim
2175 2340 2209 2375 si
2242 2341 2418 2378 neminem

191 2379 336 2414 omnino
360 2378 544 2425 inqratum
568 2391 645 2415 esse
668 2380 842 2416 adversus
865 2380 1075 2416 donatorem
1096 2381 1200 2427 passi
1221 2392 1354 2423 sumus,
1379 2381 1521 2417 etiamsi
1544 2392 1593 2416 ex
1615 2382 1850 2418 nobilissimis
1872 2383 1931 2426 sit,
1967 2383 2033 2419 sed
2054 2384 2269 2421 donationes
2291 2387 2418 2423 irritas

190 2424 453 2460 declaravimus
487 2424 526 2459 in
556 2424 695 2471 leqibus
727 2426 800 2460 iam
831 2436 854 2460 a
885 2425 989 2461 nobis
1021 2426 1170 2472 scriptis
1203 2427 1242 2461 in
1272 2427 1388 2472 iisque
1423 2438 1518 2472 quae
1553 2427 1683 2463 cotidie
1718 2439 1742 2463 a
1773 2429 1875 2463 nobis
1904 2429 2198 2475 praecipiuntur,
2235 2433 2416 2476 quomodo

189 2471 349 2504 sinamus
367 2470 673 2513 manumissorem,
697 2471 760 2517 qui
776 2471 901 2517 patris
923 2471 1041 2506 instar
1063 2483 1153 2517 erqa
1177 2471 1343 2507 libertum
1365 2483 1404 2508 se
1421 2473 1625 2518 praestitit,
1644 2471 1690 2506 ab
1706 2481 1749 2507 eo
1769 2473 1963 2519 quicquam
1987 2475 2075 2509 mali
2091 2477 2188 2521 pati,
2212 2476 2269 2512 vel
2291 2480 2416 2513 contu-

189 2515 314 2550 melias
335 2515 438 2560 forte
460 2519 604 2550 atroces
627 2520 663 2551 et
684 2515 761 2551 indi
788 2527 855 2551 nas
884 2516 941 2551 vel
954 2517 1025 2563 pla
1053 2528 1094 2551 as
1125 2516 1182 2552 vel
1204 2528 1374 2563 maqnum
1406 2521 1443 2552 et
1464 2517 1691 2553 intolerabile
1719 2518 1889 2554 damnum
1912 2519 2061 2566 subire?
2117 2520 2247 2556 Verum
2271 2523 2304 2557 si
2328 2523 2418 2569 quid

189 2560 319 2596 horum
350 2571 390 2594 se
439 2571 624 2606 erpessum
656 2571 732 2597 esse
755 2527 923 2607 quitimis
939 2528 1223 2608 probqationibus
1245 2563 1392 2598 evicerit
1421 2563 1454 2597 is
1478 2564 1543 2608 qui
1565 2562 1765 2599 libertatem
1786 2563 1885 2599 dedit
1907 2564 1962 2600 vel
1984 2566 2094 2600 etiam
2114 2566 2186 2611 filii
2209 2567 2297 2611 eius,
2326 2572 2417 2615 post

188 2606 306 2641 dictas
322 2616 398 2651 pro
423 2606 564 2641 ationes
588 2605 750 2642 libertum
766 2607 892 2654 priori
914 2608 1027 2642 statui
1049 2607 1288 2650 restituemus,
1313 2608 1448 2655 quippe
1467 2608 1530 2654 qui
1545 2608 1728 2643 nominum
1753 2609 1896 2655 quidem
1921 2610 2134 2657 ambaqibus
2156 2615 2266 2658 atque
2281 2612 2414 2650 damno

188 2651 272 2686 inde
292 2650 446 2686 oriundo
473 2662 595 2686 omnes
614 2651 814 2694 liberemus,
838 2663 1097 2704 usquequaque
1121 2658 1240 2688 autem
1261 2653 1360 2699 quod
1382 2654 1515 2688 iustum
1539 2658 1576 2688 et
1591 2665 1744 2699 aequum
1768 2659 1823 2689 est
1841 2659 1876 2690 et
1895 2655 2139 2702 leqislatorem
2163 2657 2266 2693 decet
2287 2663 2324 2694 et
2346 2659 2414 2695 deo

187 2699 203 2731 1
247 2696 375 2743 placet
399 2700 471 2731 tam
491 2696 618 2732 liberto
643 2708 752 2743 quam
776 2701 883 2733 veteri
906 2698 1050 2733 domino
1068 2698 1339 2734 servaverimus.
1410 2697 1542 2744 Itaque
1556 2699 1631 2734 sint
1654 2700 1798 2745 quidem
1821 2704 1857 2735 et
1880 2700 1997 2735 liberti
2020 2706 2055 2737 et
2078 2702 2228 2748 inqenui
2254 2704 2329 2740 sive
2352 2705 2417 2751 qui

187 2746 295 2777 antea
318 2742 531 2776 manumissi
551 2745 646 2785 sunt,
670 2743 705 2777 si
717 2742 861 2788 quidem
885 2743 1017 2778 diserte
1041 2742 1110 2779 Itoc
1132 2743 1178 2778 iis
1194 2742 1403 2790 praebitum
1420 2749 1485 2785 est,
1508 2744 1583 2780 sive
1631 2747 1669 2778 ui
1688 2749 1777 2791 post
1802 2745 1896 2780 banc
1919 2749 2083 2782 nostram
2107 2749 2221 2794 leqem
2240 2750 2291 2784 ad
2309 2749 2414 2786 liber-

188 2792 296 2822 tatem
320 2788 575 2833 pervenerint,
607 2788 730 2824 vivant
757 2792 877 2824 autem
903 2793 1085 2834 tamquam
1116 2788 1265 2835 inqenui
1289 2789 1360 2823 iam
1382 2789 1497 2834 facti,
1529 2792 1567 2825 et
1613 2789 1743 2825 ebitum
1769 2791 1942 2826 honorem
1965 2793 2287 2830 manumissoribus
2307 2807 2414 2842 prae-

186 2836 292 2874 stent,
324 2843 370 2867 ne
392 2843 522 2868 rursus
546 2832 709 2868 libertate
727 2838 762 2869 et
784 2833 1009 2879 inqenuitate
1023 2834 1219 2880 priventur
1242 2837 1285 2869 ut
1308 2833 1540 2869 inverecundi
1569 2838 1605 2870 et
1627 2836 1766 2881 inqrati
1789 2837 1944 2872 convicti
1966 2841 2003 2872 et
2025 2848 2050 2872 a
2073 2837 2151 2884 leqe
2174 2839 2412 2877 condemnati.

187 2877 250 2913 Sic
273 2878 367 2912 enim
390 2883 497 2913 erunt
511 2882 694 2925 perpetuo
720 2878 822 2914 liberi
846 2882 883 2914 et
904 2880 1065 2925 inqenui,
1096 2879 1129 2914 si
1152 2879 1472 2914 manumissoribus
1502 2890 1697 2926 eorumque
1727 2880 1850 2916 liberis
1872 2883 2051 2917 sinceram
2080 2889 2116 2918 et
2138 2883 2288 2919 liberam
2310 2896 2414 2922 suam

187 2922 435 3002 verecunldzgzm
459 2927 496 2958 et
516 2925 753 2959 reverentiam
776 2927 812 2959 et
831 2924 1003 2971 pietatem
1026 2925 1279 2967 custodierint,
1311 2924 1441 2970 quibus
1462 2925 1617 2960 servatis
1641 2929 1737 2960 certe
1768 2937 1963 2972 numquam
1986 2929 2025 2962 in
2041 2928 2208 2975 priorem
2231 2931 2414 2967 condicio-

187 2978 267 3003 nem
288 2979 330 3003 re
345 2979 367 3002 a
392 2971 507 3003 entur.

321 3013 385 3047 111.
434 3012 476 3048 Si
507 3013 588 3059 quis
619 3017 737 3048 autem
769 3013 934 3050 libertam
965 3015 1097 3051 ducere
1127 3015 1281 3051 voluerit
1310 3018 1346 3050 et
1376 3014 1571 3061 leqitimam
1599 3025 1755 3054 uaeorem
1776 3017 1917 3062 facere,
1949 3018 2204 3065 cuiuscumque
2226 3020 2416 3067 diqnitatis

233 3127 252 3159 3
277 3125 449 3179 τοτ’ζτουΙ]
474 3126 487 3170 ΙΙ
511 3125 650 3169 νόμους]
679 3129 758 3160 Cod.
773 3130 804 3169 6,
819 3137 846 3167 7,
861 3135 888 3161 2.
902 3136 918 3162 3
933 3131 989 3171 (cf.
1005 3136 1032 3169 3,
1046 3131 1093 3170 12)
1116 3130 1128 3172 ΙΙ
1156 3131 1176 3163 8
1199 3127 1266 3171 ἠδη
1381 3132 1403 3163 4
1426 3129 1540 3161 nullus
1560 3129 1612 3162 V¹¹
1638 3128 1760 3181 ΙΙιοίΥοε.
1785 3143 1843 3163 om.
1857 3131 1891 3164 R
1913 3130 1926 3174 ss
1953 3133 1972 3164 '1
1998 3121 2124 3174 scripta
2146 3133 2253 3167 RVT
2271 3134 2285 3178 ΙΙ
2313 3135 2334 3169 8
2357 3146 2414 3178 pa-

186 3191 231 3196 -
254 3182 329 3215 παρ
355 3168 472 3224 ,ἡμῶν
491 3185 549 3205 om.
564 3173 595 3204 L
619 3173 631 3213 ῃ
657 3170 789 3226 νόμοις]
819 3175 897 3207 Cod.
914 3175 945 3215 8,
958 3182 992 3207 55
1007 3175 1126 3216 (56),10
1142 3173 1155 3218 ΙΙ
1181 3176 1202 3208 9
1222 3172 1268 3206 ἂν
1335 3175 1455 3207 tiemus
1476 3174 1527 3225 V}
1545 3173 1558 3216 ΙΙ
1573 3175 1593 3208 9
1607 3176 1678 3215 qm]
1694 3185 1778 3226 fluia
1799 3175 1853 3207 Va
1870 3175 1882 3219 ΙΙ
1900 3177 2006 3209 factus
2019 3179 2067 3209 est
2082 3190 2147 3229 om..
2158 3178 2205 3230 R}
2223 3177 2415 3231 1111918138

188 3229 247 3250 om.
261 3217 322 3260 ΠΗ
343 3216 597 3260 ανασχοίμεθα
611 3218 676 3258 ΒΡ]
701 3217 951 3261 ανασχώμεθα
965 3219 1091 3253 MLBr
1107 3219 1120 3263 ΙΙ
1146 3221 1186 3254 12
1206 3232 1266 3262 με·
1335 3220 1385 3253 R¹
1409 3219 1421 3263 ΙΙ
1446 3220 1488 3254 12
1512 3219 1753 3252 mtolleratnha
1777 3221 1901 3254 RVT¹
1924 3220 1937 3265 ΙΙ
1970 3223 2011 3255 13
2034 3224 2320 3265 propinationibus
2351 3226 2386 3258 V
2403 3225 2415 3269 ΙΙ

223 3293 256 3328 ,λ
375 3298 383 3307 ρ
417 3294 428 3306 ‚
468 3292 477 3303 ,
590 3298 600 3336 1
626 3297 766 3329 maxime
789 3297 1017 3331 intolerabilia
1072 3298 1084 3341 ΙΙ
1117 3300 1157 3333 13
1182 3262 1266 3333 ἔξω·
1335 3276 1368 3298 se
1392 3284 1437 3289 —-
1462 3266 1504 3298 14
1528 3264 1614 3297 filios
1635 3263 1687 3297 1⁷²
1699 3266 1731 3297 in
1746 3278 1812 3298 ras.
1839 3264 1851 3316 [Ι
1881 3267 1920 3300 15
1945 3268 2227 3301 constituimusR
2258 3270 2414 3304 restitue-

187 3307 706 3383 eszx‘gtft‘r’tesm
729 3341 780 3375 ff
812 3342 824 3386 ι.
918 3310 1077 3389 *ἕλιξι
1095 3345 1219 3388 ευ.
1234 3346 1267 3386 ς)
1335 3321 1408 3388 “¹¹5⁵
1433 3310 1527 3388 Be
1551 3308 1564 3353 ¹¹
1579 3311 1627 3361 Ψ
1645 3312 1952 3390 serasar
1970 3312 2034 3390 {⁷3
2054 3312 2067 3356 ¹¹
2090 3314 2270 3392 ΜΨ]
2294 3316 2358 3394 ¹²⁹3
2382 3317 2416 3350 Β

189 3385 320 3431 ἐλέγξει
333 3387 406 3419 ML
417 3387 502 3430 vuly.
516 3385 527 3430 ΙΙ
542 3389 582 3421 15
596 3388 655 3418 καὶ
669 3398 756 3441 ‘'mi-5
773 3387 786 3431 ΙΙ
801 3386 848 3428 οἱ]
869 3386 891 3430 ἡ
905 3390 969 3430 ΒΡ,
984 3402 1041 3422 οπι.
1054 3389 1106 3422 ΒΓ
1116 3389 1128 3435 ΙΙ
1141 3392 1182 3424 16
1192 3399 1267 3434 post
1335 3357 1448 3442 υῐιλίᾳῃη
1461 3401 1500 3434 21
1527 3365 1661 3442 (18ιῖξὲὲὲ
1679 3366 1744 3433 ὅσω,
1758 3357 1797 3433 Ru
1818 3400 1831 3445 ΙΙ
1859 3367 2136 3447 22Θί1ἰ8ί8ᾖῗξῖτηῖι
2164 3358 2212 3446 ed!
2234 3361 2416 3451 81ἰ9ὲὶσῗῇ

154 3502 156 3504 ,
188 3429 435 3476 Μ
458 3429 842 3519 retieret,
861 3453 905 3457 -
923 3432 1198 3523 2‘013'3'52’22‘520·
1220 3438 1267 3514 ιζ
1298 3459 1301 3504 ι
1526 3445 1575 3478 V,
1595 3444 1615 3489 ιι·
1729 3446 1776 3478 12·
1801 3445 1825 3498 u.
1843 3448 1885 3481 2³
2209 3450 2283 3492 m
2308 3451 2416 3507 reem

191 3502 252 3554 Bv'
260 3522 274 3566 ιι
298 3490 358 3556 ἔιὰ
380 3521 512 3564 ταύτης
536 3491 626 3566 Est„
653 3524 695 3556 22
720 3490 934 3569 etme‘ffs-
949 3523 961 3568 u
988 3526 1032 3559 28
1056 3493 1267 3571 ἀνὲώῖἕὶάε
1298 3508 1301 3566 ἑ
1336 3491 1538 3576 ἓξᾞὲἒῗιοῗ
1550 3490 1813 3579 ἕὲίῖίὲῧάἕῖΐ
1816 3502 1870 3570 ¹:35¹
1871 3494 1960 3571 253.
1977 3493 2084 3580 52¹5]
2094 3498 2293 3583 Γῗέῗέἷξῗ,
2306 3498 2382 3576 ²21²
2405 3499 2411 3543 ¹

184 3579 231 3621 ,τε
252 3570 312 3600 καὶ
334 3565 831 3622 ᾆκαρίστθυςῖλελεγχμὲνθυῖ
843 3570 898 3602 ΒΡ
914 3572 927 3613 ΙΙ
946 3571 989 3627 322
1006 3572 1218 3604 rfluerentfssn
1233 3573 1265 3605 L
1336 3584 1375 3615 31
1398 3591 1598 3614 conseruatis
1611 3581 1644 3614 R
1661 3581 1673 3624 ΙΙ
1692 3583 1734 3615 32
1756 3582 1798 3614 ad
1818 3595 1875 3616 om.
1900 3583 1975 3627 1⁷¹ss
2002 3585 2045 3618 35
2055 3588 2143 3618 rubr.
2169 3586 2206 3618 Si
2226 3587 2417 3622 libertinam

191 3614 407 3656 Qessel'entffln
421 3614 467 3647 M
485 3626 592 3657 τιμην
606 3614 674 3646 [⁴⁸-
689 3627 730 3655 vw
745 3615 780 3648 Β
802 3609 815 3659 {l
841 3615 885 3650 35
909 3617 981 3656 καί]
1008 3618 1066 3648 aut
1089 3627 1110 3652 ἴ
1335 3637 1428 3659 suam
1451 3629 1614 3669 patronus
1638 3637 1775 3660 uxorem
1800 3629 1950 3670 (uxorem
1975 3642 2033 3662 om.
2049 3630 2096 3672 T)
2129 3631 2248 3666 habere
2272 3633 2417 3676 (duxerit

1336 3672 1391 3705 uel
1414 3672 1535 3705 habere
1558 3672 1604 3713 R)
1629 3672 1786 3706 maluerit
1808 3673 1879 3707 ΒΤ
1898 3675 1932 3707 in
1956 3687 2059 3719 marq.
2083 3675 2137 3717 (ex
2148 3677 2226 3720 Iul.)
2257 3677 2269 3723 ΙΙ
2297 3680 2417 3713 ducere

1338 3717 1435 3758 31⁷2]
1466 3718 1627 3751 deducere
1650 3718 1729 3751 VT¹
1751 3718 1763 3762 ΙΙ
1790 3720 1860 3759 aut]
1886 3721 1919 3752 et
1946 3720 2038 3754 Beck

257 3770 310 3799 111
489 3768 492 3772 ’
2101 3755 2204 3813 49’
