2618 4010
159 132 216 163 ET
246 130 612 164 SUCGESSIONIBUS

159 233 197 265 ἐκ
219 231 281 274 τῆς
307 228 483 274 διαθήκης
511 230 672 278 χρῆσθαι
696 226 855 282 δικαίοις.
904 228 1055 264 πάντων
1077 229 1156 263 τῶν
1178 229 1236 272 ὲζιι-

159 276 325 329 προσθεν
345 278 428 322 περὶ
447 275 698 330 συΙνειςφορῶνΙ
708 277 792 318 ημῖν
814 274 1162 320 νενομοθετημένων
1180 275 1240 308 ἐπὶ

159 334 219 364 της
243 321 384 356 ἑαυτῶν
405 333 598 365 μενοντων
622 321 747 362 ἰσχυος.

1236 113 1315 160 133

1982 113 2262 158 Nov..XV111
2292 114 2333 156 6.
2366 118 2387 155 7

1306 227 1401 272 quod
1425 227 1496 262 iam
1521 227 1643 263 datum
1666 229 1739 270 est,
1770 228 1807 261 et
1835 236 1879 262 ex
1908 226 1996 262 iure·
2016 225 2238 269 testamenti;
2273 224 2386 260 omni·

1308 274 1397 315 bus,
1434 282 1526 318 quae
1559 271 1659 318 prius
1698 271 1742 306 de
1781 272 2029 308 collationibus
2060 282 2083 307 a
2113 270 2216 308 nobis
2249 270 2389 306 sancita

1308 322 1403 361 sunt,
1431 319 1466 353 in
1487 327 1558 354 sua
1580 316 1713 353 virtute
1737 317 1974 353 manentibus.

1140 431 1296 468 CAPUT
1322 431 1402 468 VII.

206 504 279 540 Καὶ
301 499 344 535 τὸ
369 499 536 535 πολλάκις
568 499 608 534 δὲ
639 499 723 544 ἡμῖν
748 498 931 543 δικάζουσι
963 499 1156 547 παραστάν
1180 498 1239 534 ἄν·

1355 498 1404 534 Et
1427 499 1523 544 quod
1546 508 1653 544 saepe
1677 498 1781 533 nobis
1806 497 2047 532 iudicantibus
2080 499 2233 543 placuit,
2268 508 2390 535 neces-

161 549 308 593 αγκαῖον
331 546 511 600 ἐνομίσθη
541 547 610 600 νῦν
631 550 734 592 μέρος
764 547 940 593 γενέσθαι
964 547 1027 580 τοῦ
1062 545 1241 593 παρόντος
1277 549 1295 580 5
1310 545 1445 580 sarium
1462 544 1676 580 credidimus
1695 554 1791 578 nunc
1816 546 1955 587 partem
1975 543 2052 577 fieri
2073 545 2273 587 praesentis
2292 544 2390 588 legis.

160 591 279 636 νόμου.
327 590 494 627 πολλακις
525 605 593 638 γαρ
625 604 719 626 τινες
751 588 931 626 πλειόνων
964 589 1110 626 παίδων
1147 591 1239 625 καθ’·

160 638 312 671 εστῶτες
331 639 455 683 γονεῖς,
481 636 558 670 εἶτα
578 635 765 671 δοκοῦντες
785 633 894 671 εὐθὺς
913 636 959 670 τὰ
974 633 1170 682 πράγματα
1190 634 1238 670 δι-

161 684 285 730 αιρεῖν,
309 680 409 717 ὅπως
427 680 474 715 «ἲν
497 680 683 728 ἀδελφικῆς
703 680 830 716 αὐτοὺς
845 678 1091 720 ἂπαλλάξαιεν
1114 679 1239 728 ἔριδος,

160 728 219 781 εἰς,
237 729 377 771 μείζους
405 729 460 761 ἔτι
492 730 551 761 καὶ
580 726 831 773 χαλεπωτέρας
863 724 992 760 αὐτοὺς
1023 725 1240 771 φιλονεικίας

1309 590 1532 635 Frequenter
1556 589 1648 625 enim
1678 588 1821 634 quidam
1853 588 2086 633 plurimorum
2118 589 2272 624 filiorum
2307 601 2391 625 con-

1309 636 1424 671 stituti
1448 639 1587 681 patres,
1621 633 1746 669 deinde
1775 636 1945 679 putantes
1969 643 2051 668 mox
2076 635 2316 670 substantiam
2341 635 2392 671 di-

1308 680 1443 722 videre,
1468 683 1508 715 ut
1530 691 1552 715 a
1575 680 1735 715 fraterno
1761 679 1955 714 certamine
1980 688 2041 714 eos
2065 682 2223 723 servent,
2248 680 2295 715 ad
2317 691 2390 715 ma-

1308 726 1402 761 iores
1428 726 1548 762 adhuc
1569 727 1606 762 et
1631 725 1807 760 saeviores
1838 734 1900 760 eos
1926 724 2171 759 contentiones
2196 725 2391 760 adducunt.

140 773 333 825 ‘fgayovcra
381 770 463 806 δέον
491 772 578 820 γάρ,
610 774 708 819 εἴπερ
738 773 845 806 τοῦτο
877 768 1094 824 ἠβούλοντοζ
1124 771 1240 824 ῥητῶς
1255 774 1295 806 10
1310 771 1397 805 Cum
1417 772 1509 805 enim
1530 774 1720 816 oporteret,
1746 770 1776 805 si
1793 770 1863 806 hoc
1884 769 2024 811 vellent,
2048 774 2111 804 aut
2136 774 2259 814 aperte
2275 771 2394 806 omnia

161 830 306 852 απαντα
331 815 460 852 διελεῖν
484 820 523 852 ἐν
547 821 623 852 ταῖς
653 816 846 860 διαθήκαις
877 819 955 850 ταῖς
978 816 1130 857 ἑαυτων,
1163 830 1184 858 η
1209 816 1240 849 εἰ

159 862 207 907 μὴ
231 864 353 904 τοῦτο,
384 861 530 909 μερίδας
559 865 647 921 point
671 860 898 905 ποιήσασθαι
922 864 981 894 καὶ
1009 858 1238 905 ὑποσημήνα-

161 909 254 942 σθάι
278 908 427 943 ταύταις
450 911 508 942 καὶ
533 907 647 943 ου’τως
671 904 993 952 ἀναμφισβήτητον
1017 904 1143 940 δοῦναι
1167 909 1240 940 τοῖς

161 957 265 989 παισὶ
294 953 359 996 τὴν
383 952 571 1001 διαίρεσιν,
604 953 639 987 οἱ
667 950 707 986 δὲ
736 950 776 986 οὐ
800 952 907 985 τοῦτο
940 952 1118 992 ποιοῦσιν,
1151 948 1241 984 ἀλλά

1309 816 1465 851 dividere
1495 816 1533 851 in
1565 815 1790 852 testamentis
1826 814 1918 859 suis,
1955 818 2020 849 aut
2052 815 2082 850 si
2111 826 2184 850 non
2216 816 2303 857 hoc,
2340 816 2394 851 vel

1308 864 1429 905 partes
1453 861 1573 897 facere
1598 866 1633 896 et
1658 871 1718 896 eas
1751 860 1976 896 subscribere
2008 861 2045 895 et
2075 860 2126 895 sic
2156 860 2394 896 indubitatam

1310 906 1395 941 dare
1427 906 1509 941 filiis
1535 907 1758 942 divisionem:
1788 909 1826 941 at
1854 906 1907 941 illi
1936 916 2008 940 non
2038 905 2108 941 hoc
2139 905 2297 949 faciunt,
2330 906 2394 942 sed

1309 954 1446 995 partem
1471 952 1613 996 quidem
1638 951 1794 996 aliquam
1818 962 1882 996 per
1907 961 1945 986 se
1969 951 2038 996 ipsi
2062 951 2240 993 scribunt,
2274 955 2309 986 et
2332 961 2393 987 ne-

160 1002 263 1045 μέρος
286 1001 352 1044 μὲν
377 996 425 1033 δι’
448 1000 589 1033 ἑαυτῶν
613 996 715 1031 αὐτοὶ
734 993 919 1043 γράφουσι,
944 1000 1005 1052 καὶ(
1028 994 1110 1030 οὐδὲ
1133 997 1240 1030 τοῦτο
1257 999 1294 1031 15
1310 1006 1378 1040 que
1403 997 1495 1031 hanc
1521 997 1704 1040 continue,
1740 997 1801 1032 sed
1830 997 1924 1032 forte
1956 996 2220 1041 interscriptam
2244 997 2393 1032 alterius

161 1048 316 1086 συνεχές,
352 1041 432 1078 ἀλλ’
467 1044 553 1078 ἴσως
588 1044 950 1096 παρεῖγεγραμμένον
986 1044 1107 1089 ετέρου
1142 1040 1240 1076 τινὸς

161 1086 343 1136 γράμμασι
363 1093 423 1123 καὶ
443 1091 482 1123 ἐν
501 1086 694 1135 ἇπογραφῃ
712 1090 785 1121 τινὶ
806 1090 1075 1133 παρερριμμένῃ
1094 1089 1154 1120 καὶ
1176 1100 1238 1132 φυ-

163 1134 266 1178 λακῆς
289 1132 451 1179 οὐδεμιᾶς
473 1130 652 1179 ἠξιωμένῃ
676 1136 849 1175 κείμενον,
881 1133 923 1166 τὸ
956 1130 996 1166 δὲ
1025 1129 1239 1175 λειπόμενον

161 1183 263 1227 μέρος
285 1177 348 1214 οὐκ
370 1181 425 1214 ἔτι
446 1181 507 1221 τῆς
537 1181 687 1212 ἐκείνων
716 1176 945 1230 ἐστι’χειρόςυ,
977 1174 1057 1211 ἀλλ’
1085 1174 1238 1232 ὑπογρα-

1308 1041 1507 1085 cuiuspiam
1531 1043 1658 1077 litteris
1684 1045 1719 1077 et
1742 1043 1779 1077 in
1805 1041 2046 1087 descrIptione
2070 1042 2210 1077 abiecta
2235 1046 2271 1078 et
2294 1042 2394 1077 nulla

1309 1087 1472 1139 custodia
1506 1088 1612 1131 digna
1644 1088 1815 1132 positam,
1848 1087 1992 1123 residua
2023 1097 2121 1140 vero·
2139 1098 2224 1140 pars
2258 1097 2392 1141 nequa-

1309 1142 1414 1175 quam
1445 1133 1587 1167 illorum
1618 1137 1672 1167 est
1702 1143 1848 1174 manus,
1887 1132 1949 1168 sed
1982 1133 2239 1178 subscnptons
2273 1143 2392 1168 culus-

1306 1177 1404 1221 piam
1434 1176 1528 1212 forte
1556 1178 1715 1222 corrupti
1746 1182 1809 1212 aut
1828 1178 2106 1222 'cuiuscumque3
2141 1182 2176 1213 et
2205 1178 2290 1213 hinc
2322 1178 2393 1214 illis

163 1229 255 1271 φέως
270 1225 367 1259 τινὸς
380 1225 465 1258 ἴσως
482 1219 783 1278 διαφθαρέντοςῆ
800 1225 860 1255 καὶ
877 1235 940 1257 του
957 1221 1133 1276 τυχόντος.
1159 1236 1238 1256 nav·
1252 1222 1423 1257 201itium
1448 1223 1656 1257 occasiones
1690 1223 1806 1263 decies
1839 1223 1972 1264 milies,
2006 1228 2125 1258 utrum
2155 1224 2244 1259 haec
2268 1224 2391 1259 volun-

161 1271 296 1305 τεῦθεν
320 1267 438 1303 αὐτοῖς
460 1267 574 1303 δικῶν
592 1271 750 1314 ἀφορμαὶ
772 1271 913 1313 μυρίαι,
946 1280 1101 1315 ποτερον
1123 1268 1239 1301 ταῦτα

160 1313 287 1362 γνώμῃ
311 1317 516 1362 πέπρακται
539 1315 602 1348 τοῦ
624 1312 759 1360 πατρὸς
779 1312 800 1356 ἢ
819 1310 915 1347 τινός
939 1315 1038 1347 ἐστιν
1062 1311 1178 1360 ἕριδός
1202 1327 1240 1347 τε

161 1363 221 1394 καὶ
245 1358 461 1405 φιλονεικίας
483 1363 646 1402 τεχνίτου
671 1357 818 1405 ἐργάτου
846 1361 905 1392 καὶ
930 1356 1018 1405 πρός
1042 1369 1139 1392 τινος
1162 1359 1240 1392 τῶν

160 1407 283 1450 μερῶν
313 1404 431 1459 χάριν(
439 1401 668 1458 γεγραφότος.
722 1405 842 1457 ἴζάὗτα
871 1401 965 1448 ἡμεῖς
996 1402 1153 1446 ἐνοχλεῖν
1176 1404 1240 1437 τοῦ

1307 1270 1382 1302 tate
1405 1270 1507 1312 gesta
1531 1268 1604 1302 sint
1628 1268 1758 1312 patris,
1793 1279 1840 1303 an
1872 1268 2024 1303 alicuius
2049 1271 2105 1303 est
2133 1269 2282 1304 artificis
2308 1279 2391 1314 ope-

1309 1313 1396 1347 rarii
1421 1313 1626 1348 certaminis
1651 1317 1686 1348 et
1711 1312 1951 1348 contentionis
1970 1317 2006 1347 et
2029 1315 2076 1349 ad
2095 1314 2254 1349 favorem
2278 1314 2391 1359 partis

1308 1358 1460 1393 alicuius
1492 1358 1692 1394 scribentis.
1741 1359 1840 1397 Haec
1870 1369 1936 1393 nos
1970 1359 2161 1394 molestare
2197 1359 2240 1394 de
2273 1363 2392 1395 cetero

1308 1408 1451 1439 nostros
1485 1404 1665 1439 subiectos
1696 1404 1858 1439 nolentes
1891 1404 2088 1439 sancimus:
2126 1404 2156 1439 si
2190 1405 2269 1449 quis
2292 1405 2391 1440 volu-

161 1449 286 1486 λοιπου
309 1462 390 1485 τους
414 1454 599 1497 ημετέρους
621 1461 796 1502 υπηκοους
815 1448 856 1483 οὗ
872 1446 1083 1494 βουλόμενοι
1107 1450 1238 1483 θεσπί-
1254 1452 1293 1483 25
1309 1450 1376 1484 erit
1408 1459 1491 1484 suas
1525 1459 1581 1484 res
1613 1449 1696 1485 filiis
1728 1449 1883 1484 dividere
1914 1451 1979 1483 aut
2010 1459 2150 1492 omnes,
2186 1451 2251 1484 aut
2286 1450 2392 1502 etiam

163 1498 287 1540 ζομεν·
312 1497 348 1530 εἴ
366 1507 420 1530 τις
442 1494 608 1540 βούλοιτο
632 1495 813 1529 ταιοίκεῖα
829 1493 1025 1541 πράγματα
1043 1497 1117 1529 τοῖς
1134 1497 1240 1529 παισὶ

162 1540 302 1583 διελεῖν,
332 1538 354 1584 ἢ
381 1538 503 1576 πάντα
526 1538 548 1584 ἢ
572 1544 634 1574 καί
662 1553 746 1574 τινα
778 1539 886 1582 τυχὸν
910 1538 1122 1574 καταλιπεῖν
1147 1540 1239 1580 ἐξαί-

162 1601 264 1632 ρετα,
287 1588 404 1621 ταῦτα
426 1583 583 1631 μάλιστα
605 1588 682 1630 με’ν,
707 1585 738 1619 εἰ
762 1583 920 1619 δυνατὸν
943 1586 1007 1626 εἴη,
1037 1584 1168 1631 λεγέτω
1199 1586 1239 1618 ἐν

161 1634 209 1688 τῇ
235 1630 397 1679 διαθήκῃ
421 1635 481 1665 καὶ
511 1629 834 1677 ἀναμφισβήτητον
866 1628 1000 1664 διδότω
1032 1633 1104 1664 τοῖς
1134 1632 1239 1664 παισὶ

1308 1494 1447 1539 aliquas
1471 1495 1565 1529 forte
1589 1495 1786 1539 relinquere
1810 1494 2034 1539 praecipuas,
2060 1495 2125 1529 has
2146 1495 2299 1530 maxime
2314 1506 2391 1540 qul-

1308 1539 1404 1583 dem,
1431 1540 1462 1574 si
1485 1540 1654 1583 possibile
1678 1546 1750 1581 est,
1776 1539 1871 1574 dicat
1891 1540 1927 1574 in
1952 1542 2166 1575 testamento
2192 1543 2228 1575 et
2249 1540 2394 1575 indubi-

1309 1589 1421 1619 tatam
1448 1585 1509 1620 det
1531 1585 1613 1620 filiis
1645 1585 1728 1620 hinc
1753 1585 1954 1620 utilitatem.
2003 1585 2040 1620 Si
2070 1589 2190 1620 autem
2221 1596 2293 1621 non
2324 1586 2394 1621 hoc

1309 1631 1382 1675 agit
1406 1633 1554 1675 propter
1574 1631 1712 1674 aliquas
1738 1631 1984 1672 necessitates,
2011 1641 2103 1675 quae
2126 1631 2300 1675 plurimae
2323 1630 2392 1666 cir-

161 1690 228 1721 την
251 1678 425 1711 ἐντεῦθεν
450 1674 637 1723 ὠφέλειαν.
686 1677 717 1709 εἰ
740 1674 780 1709 δὲ
803 1677 911 1710 τοῦτο
935 1674 974 1709 οὗ
999 1673 1153 1721 πράττοι
1181 1673 1240 1709 διά
1254 1679 1295 1710 30
1311 1675 1572 1710 cumadsistunt
1603 1676 1823 1716 hominibus,
1862 1676 1945 1710 licet
1979 1678 2100 1711 tamen
2131 1676 2392 1721 descriptiones

163 1734 262 1757 τινας
279 1720 444 1770 ἀνάγκας,
463 1723 502 1756 αἳ
516 1721 645 1757 πολλαὶ
664 1723 895 1768 περιεστᾶσιν
912 1718 1143 1765 ἀνθρώπους,
1156 1718 1236 1754 ἀλλ’
1308 1722 1430 1756 facere
1462 1731 1581 1756 rerum
1613 1731 1704 1765 quas
1737 1722 1869 1766 partire
1893 1721 2063 1763 voluerit,
2098 1724 2134 1756 et
2167 1721 2392 1757 subscribere

162 1768 279 1808 ἔξεστι
301 1768 462 1812 νεμήσεις
484 1766 711 1810 ποιήσασθαι
728 1768 806 1801 τῶν
825 1764 1062 1813 πραγμάτων,
1087 1762 1179 1813 ἅπερ
1196 1762 1240 1800 ἂν
1310 1766 1473 1802 omnibus
1509 1770 1573 1801 aut
1605 1766 1683 1811 ipse
1718 1770 1782 1801 aut
1817 1766 1909 1802 filios
1945 1767 2128 1802 universos
2166 1767 2393 1802 subscribere

162 1812 428 1858 διανεμηθῆναι
451 1812 666 1857 βουληθείη,
691 1814 750 1845 καὶ
773 1809 1084 1856 ὑποσημήνασθαι
1108 1809 1240 1846 πάσαις
1309 1822 1538 1856 praeparare,
1563 1811 1656 1846 inter
1676 1823 1764 1856 quos
1786 1822 1844 1847 res
1864 1811 2010 1854 dividet,
2037 1814 2073 1847 et
2096 1822 2141 1847 ex
2165 1812 2235 1847 hoc
2260 1822 2391 1848 causae

163 1855 318 1901 ἣαύτόν,
337 1857 359 1902 ἢ
377 1857 458 1892 τοὺς
479 1856 611 1892 παῖδας
630 1855 795 1891 ἅπαντας
814 1854 1024 1904 ὑπογράψαι
1042 1868 1240 1900 παρασκευ-
1310 1857 1396 1892 dare
1419 1857 1659 1892 indubitatam
1683 1857 1808 1901 fidem3
1833 1861 1869 1892 et
1893 1857 1989 1901 quod
2014 1857 2212 1892 secundum
2235 1857 2329 1893 hanc
2351 1857 2393 1892 fit

162 1902 256 1946 ἆσαι,
277 1903 331 1938 ὡν
354 1901 487 1948 μεταξὺ
511 1902 557 1938 τὰ
580 1901 774 1948 πράγματα
796 1900 935 1949 διαιρεῖ,
965 1899 1167 1936 κάντεῦθεν
1186 1903 1241 1945 τῷ
1255 1905 1295 1937 35
1311 1902 1476 1948 speciem,
1501 1904 1619 1937 ratum
1644 1902 1691 1938 sit
1714 1907 1821 1947 atque
1841 1902 1982 1937 firmum
1998 1902 2137 1947 aliaque
2157 1903 2297 1938 cautela
2320 1913 2391 1938 non

163 1947 345 1995 πράγματι
359 1947 484 1983 δοῦναι
504 1952 631 1983 πίστιν
649 1946 982 2002 ἀναμφισβήτητον.
1013 1950 1072 1981 καὶ
1089 1946 1130 1981 τὸ
1147 1945 1240 1981 κατὰ
1307 1947 1480 1992 indigens.
1537 1947 1575 1983 Si
1606 1958 1688 1983 vero
1717 1948 1845 1993 aliquis
1877 1958 1949 1984 non
1980 1948 2051 1984 hoc
2080 1948 2207 1993 egerit,
2246 1948 2309 1984 sed
2339 1948 2391 1983 di-

163 1995 269 2028 τοῦτο
291 1991 480 2041 γινόμενον
501 1994 542 2028 τὸ
568 1994 684 2038 σχῆμα
702 1992 826 2039 κυριόν
845 2005 885 2027 τε
904 1994 1000 2026 ἔστω
1017 1995 1076 2026 καὶ
1098 1993 1243 2036 ἰσχυρὸν

163 2042 222 2074 καὶ
246 2040 366 2085 ἑτέρας
392 2037 432 2073 οὐ
466 2037 635 2083 δεόμενον
659 2036 862 2084 ἀσφαλείας.
910 2038 956 2071 Εἰ
980 2035 1023 2072 δέ
1050 2049 1104 2073 τις
1134 2039 1242 2072 τοῦτο

208 2132 248 2164 25
276 2131 498 2174 Θεσπίζομεν
518 2150 561 2155 -
587 2133 628 2163 38
654 2127 850 2174 ἀσφαλείας
875 2136 985 2163 extant
1008 2130 1042 2162 Β
1068 2132 1121 2171 35,
1144 2137 1190 2170 20,
1216 2137 1228 2162 1
1255 2130 1317 2172 (Β,8
1341 2144 1375 2174 p.
1402 2132 1468 2164 410
1493 2131 1630 2170 ΖαεΙι.);
1656 2143 1778 2164 summa
1802 2131 1920 2173 capitis
1942 2132 1983 2164 ib.
2002 2136 2028 2163 2.

163 2243 316 2289 coqitur,
339 2245 374 2279 et
396 2242 526 2278 habere
550 2242 649 2288 quod
670 2243 743 2277 iam
767 2242 892 2278 datum
921 2245 975 2277 est
1005 2245 1042 2276 et
1067 2241 1173 2276 iustis
1202 2252 1252 2276 ex
1277 2244 1488 2276 testamento
1513 2241 1643 2276 delatis
1664 2242 1756 2287 frui.

163 2288 267 2324 nobis
289 2288 333 2323 de
354 2287 605 2323 collationibus
627 2288 770 2322 sancita
793 2290 888 2328 sunt,
911 2287 951 2321 in
972 2297 1041 2321 suo
1065 2285 1198 2320 robore
1220 2289 1399 2320 maneant.

287 2333 365 2367 VII.
403 2332 542 2367 Deinde
561 2331 659 2377 quod
676 2342 739 2366 sae
767 2342 786 2366 e
805 2330 1047 2366 iudicantibus
1066 2329 1168 2377 nobis
1181 2329 1338 2376 placuit,
1358 2330 1398 2364 id
1416 2333 1457 2365 ut
1474 2342 1570 2366 nunc
1587 2342 1681 2377 pars
1697 2331 1804 2376 fieret
1817 2332 2024 2384 praesentis
2043 2332 2134 2378 leqis
2152 2333 2393 2368 necessarium

165 2378 278 2413 visum
298 2381 360 2413 est.
409 2376 527 2423 Saepe
551 2376 644 2411 enim
669 2376 731 2421 qui
753 2387 816 2410 vam
839 2377 904 2422 qui
923 2375 1084 2422 plurium
1109 2374 1303 2409 liberorum
1321 2378 1495 2420 parentes
1517 2381 1612 2418 sunt,
1637 2387 1716 2411 cum
1736 2380 1858 2411 statim
1883 2376 1980 2411 bona
2003 2377 2195 2413 dividenda
2212 2383 2392 2421 censeant,

166 2427 206 2458 ut
226 2422 398 2468 fraterna
421 2433 484 2457 eos
503 2420 685 2456 discordia
709 2420 871 2463 liberent,
901 2420 941 2455 in
963 2420 1120 2455 maiores
1144 2419 1252 2455 etiam
1272 2423 1307 2454 et
1331 2419 1562 2465 difficiliores
1585 2421 1833 2456 contentiones
1856 2432 1918 2456 eos
1950 2421 2145 2458 adducunt.
2193 2423 2288 2458 Nam
2312 2434 2393 2458 cum

166 2468 222 2510 iis,
245 2467 278 2503 si
296 2467 439 2514 quidem
454 2466 494 2501 id
508 2466 629 2508 velint,
653 2477 826 2513 expresse
843 2465 965 2501 omnia
980 2465 1019 2500 in
1038 2464 1257 2500 testamentis
1274 2464 1350 2499 suis
1373 2465 1565 2501 dividenda
1581 2466 1664 2510 sint,
1687 2466 1762 2502 sive
1778 2466 1818 2501 id
1834 2466 1961 2509 nolint,
1986 2471 2082 2502 certe
2102 2472 2230 2514 partes
2250 2468 2392 2513 facien-

166 2513 235 2548 dae
256 2513 372 2559 iisque
394 2511 685 2548 subscribendum
709 2515 748 2546 at
773 2522 818 2546 ue
841 2511 894 2546 ita
917 2521 991 2546 non
1011 2509 1119 2545 dubia
1143 2508 1266 2544 liberis
1284 2508 1411 2545 divisio
1432 2510 1555 2545 danda
1571 2511 1638 2547 sit:
1662 2515 1701 2547 at
1723 2511 1778 2546 illi
1801 2522 1874 2546 non
1898 2510 1967 2558 hoc
1987 2512 2146 2557 faciunt,
2170 2512 2235 2548 sed
2244 2516 2392 2560 partem

167 2557 310 2604 quidem
340 2569 408 2592 sua
438 2557 510 2604 ipsi
537 2567 646 2592 manu
675 2522 853 2603 scribunt,
890 2566 933 2591 ac
964 2566 1008 2590 ne
1038 2566 1116 2590 eam
1147 2554 1290 2600 quidem
1321 2555 1544 2603 continuam,
1579 2556 1644 2591 sed
1672 2557 1838 2602 fortasse
1868 2556 2020 2592 alterius
2051 2558 2238 2593 cuiusdam
2262 2558 2392 2595 litteris

165 2603 450 2649 inter-scriptam,
481 2605 516 2637 et
539 2602 577 2636 in
601 2601 768 2648 exemplo
796 2601 919 2648 aliquo
943 2600 1078 2636 reiculo
1102 2611 1217 2646 neque
1243 2600 1409 2635 custodia
1435 2600 1512 2636 ulla
1535 2601 1646 2647 diqno
1672 2601 1794 2637 liabito
1813 2602 1994 2648 positam,
2027 2602 2170 2649 reliqua
2193 2614 2278 2638 vero
2298 2615 2392 2657 pars

166 2659 240 2684 non
260 2649 331 2683 iam
356 2647 400 2683 ab
422 2647 585 2694 ipsorum
608 2658 717 2682 manu
740 2650 804 2689 est,
828 2646 893 2683 sed
915 2646 1057 2682 librarii
1080 2645 1199 2680 nescio
1224 2644 1326 2680 cuius
1346 2646 1510 2691 fortasse
1534 2647 1709 2694 corrupti,
1734 2646 1790 2682 vel
1813 2646 1918 2682 etiam
1943 2647 2038 2682 alius
2062 2648 2270 2691 cuiuslibet;
2292 2649 2391 2685 tnde-

167 2705 236 2740 que
254 2693 328 2728 illis
345 2697 528 2728 sescentae
548 2691 664 2727 litium
685 2703 826 2735 causae,
851 2702 936 2727 num
954 2690 1042 2726 haec
1061 2690 1245 2726 voluntate
1259 2690 1380 2736 patris
1397 2694 1481 2726 acta
1499 2692 1574 2727 sint
1593 2703 1641 2727 an
1655 2704 1678 2727 a
1697 2691 1855 2738 quodam
1875 2691 2079 2728 discordiae
2097 2697 2131 2728 et
2151 2694 2393 2730 contentionis

167 2738 305 2784 artifice
332 2738 507 2785 profecta
538 2738 600 2784 qui
627 2749 672 2773 ue
701 2738 739 2773 in
789 2748 934 2773 acorem
965 2736 1074 2771 unius
1101 2747 1150 2771 ea:
1172 2734 1346 2782 partibus
1375 2736 1571 2782 scripserit.
1619 2736 1722 2773 Haec
1751 2748 1830 2772 cum
1860 2748 1929 2772 nos
1962 2737 2000 2772 in
2023 2743 2215 2784 posterum
2238 2739 2392 2775 subditis

167 2783 302 2820 nostris
325 2783 528 2819 molestiam
548 2794 570 2817 α
604 2793 685 2818 erre
708 2794 755 2818 no
771 2783 881 2825 imus,
905 2782 1104 2824 sancimus,
1142 2786 1198 2823 ut,
1229 2780 1262 2815 si
1285 2781 1367 2826 quis
1390 2780 1485 2816 bona
1514 2792 1581 2817 sua
1604 2782 1699 2818 inter
1723 2782 1855 2817 liberos
1878 2782 2094 2819 distribuere
2121 2784 2196 2820 sive
2223 2785 2391 2820 universa

168 2829 252 2866 velit
267 2829 341 2865 sive
360 2829 461 2874 forte
477 2828 585 2864 etiam
602 2827 780 2873 quaedam
799 2827 1003 2871 relinquere
1020 2826 1236 2873 praecipua,
1253 2824 1342 2861 llaec
1361 2826 1519 2862 maxime
1541 2827 1695 2872 quidem,
1713 2828 1745 2862 si
1752 2827 1843 2908 {ieri
1859 2832 1992 2874 potest,
2009 2828 2048 2863 in
2068 2833 2277 2865 testamento
2294 2830 2392 2866 dicat

167 2879 275 2921 atque
295 2885 368 2910 non
392 2873 538 2920 dubium
562 2876 731 2919 praestet
754 2873 877 2908 liberis
900 2871 1174 2908 emolumentum
1205 2870 1289 2905 inde
1319 2870 1537 2907 redundans.
1584 2871 1723 2915 Quodsi
1778 2883 1821 2908 oc
1877 2877 2004 2919 ropter
2035 2874 2212 2920 quasdam
2242 2876 2390 2912 necessi-

169 2925 271 2962 tates,
300 2918 427 2965 quales
450 2918 584 2953 multae
607 2918 769 2954 homines
792 2917 1028 2960 circumdant,
1052 2927 1126 2952 non
1147 2916 1277 2962 faciat,
1304 2915 1387 2951 licet
1412 2921 1528 2951 tamen
1551 2917 1585 2953 ei
1608 2917 1801 2954 divisiones
1821 2884 1949 2964 sgcere
1971 2930 2092 2954 rerum
2116 2931 2258 2963 earum,
2283 2931 2390 2973 quas-

167 2975 317 3010 cumque
339 2962 450 3000 dividi
472 2962 637 3005 voluerit,
661 2966 698 2998 et
719 2962 882 2998 omnibus
904 2962 960 2998 vel
981 2973 1049 2997 sua
1072 2972 1181 2996 manu
1204 2960 1426 2997 subscribere
1448 2961 1505 2997 vel
1523 2965 1565 2997 ut
1586 2961 1690 2998 liberi
1714 2973 1846 3005 omnes,
1883 2963 1978 2999 inter
2001 2974 2093 3010 quos
2116 2975 2175 3000 res
2195 2965 2390 3008 distribuit,

167 3009 395 3045 subscribant
421 3018 570 3055 operam
594 3007 696 3050 dare,
721 3012 831 3054 atque
855 3007 938 3043 inde
961 3018 1093 3042 causae
1112 3006 1220 3051 fidem
1246 3017 1318 3041 non
1341 3006 1487 3041 dubiam
1510 3006 1653 3043 addere.
1702 3007 1754 3052 Et
1775 3007 1876 3054 quod
1896 3008 2092 3044 secundum
2115 3009 2210 3045 lianc
2230 3010 2390 3055 formam

164 3055 226 3100 fit,
261 3058 296 3090 et
322 3057 441 3089 ratum
468 3053 517 3088 sit
545 3056 582 3088 et
608 3053 751 3098 firmum
778 3063 893 3098 neque
922 3052 997 3087 alia
1028 3052 1195 3087 cautione
1224 3051 1392 3098 iadiqeat.
1444 3051 1510 3086 Sin
1534 3052 1616 3097 quis
1638 3052 1678 3088 id
1698 3064 1772 3088 non
1795 3053 1938 3098 fecerit,
1963 3053 2034 3090 ‘sed
2057 3058 2129 3090 tam
2153 3054 2390 3091 disturbatam

1807 2240 1936 2277 Omnia
1960 2247 2092 2285 autem,
2119 2253 2214 2288 quae
2237 2245 2345 2278 antea
2369 2254 2392 2278 a

215 3171 231 3203 1
257 3166 427 3213 χρῆσθαι]
448 3167 647 3212 κεχρῆσθαι
669 3169 716 3200 13⁸
741 3180 799 3200 om.
821 3177 841 3202 ς’
858 3165 870 3208 11
893 3167 912 3199 2
937 3161 1032 3209 ἡμῖν]
1059 3167 1135 3200 God.
1151 3168 1182 3207 6,
1196 3174 1244 3208 20,

170 3223 213 3249 19.
237 3214 339 3257 20118
365 3209 473 3246 αὕτη
500 3212 548 3245 12¹
563 3212 575 3256 11
596 3215 636 3246 10
660 3209 853 3256 ἐβούλοντο
878 3211 910 3244 L
925 3210 937 3252 ΙΙ
962 3213 998 3244 12
1022 3206 1243 3254 ὑποσημήνε·

169 3259 264 3293 σθαι
288 3255 373 3300 (ὑπὸ
391 3256 599 3301 μηινεσθαι
622 3258 685 3298 La)
710 3257 742 3290 L
772 3257 784 3298 11
814 3258 854 3288 15
885 3257 989 3301 μέρος
1010 3257 1088 3300 μὲν]
1118 3259 1244 3298 partem

1311 3167 1521 3208 praeservent
1532 3166 1619 3209 vulq.
1638 3164 1652 3208 11
1666 3165 1719 3207 ad]
1736 3166 1824 3199 etad
1835 3167 1870 3200 R
1887 3166 1899 3212 11
1915 3170 1935 3202 9
1953 3169 2096 3201 seniores
2109 3179 2163 3202 eos
2175 3170 2389 3213 contemptio-

1313 3221 1369 3242 nes
1392 3212 1426 3244 R
1441 3210 1453 3253 11
1481 3212 1520 3244 10
1545 3211 1626 3243 haec
1657 3210 1716 3254 1711
1743 3213 1780 3245 11
1804 3212 1872 3244 suis
1896 3225 1954 3246 om.
1980 3212 2044 3256 Rss
2068 3214 2142 3255 hoc]
2168 3214 2211 3247 he
2234 3215 2270 3256 (i.
2287 3229 2314 3249 e.
2330 3216 2390 3248 ha-

1312 3256 1389 3288 bere
1398 3255 1428 3297 ?)
1445 3255 1498 3289 V“
1513 3254 1526 3299 11
1546 3257 1587 3289 12
1611 3259 1705 3298 parte
1718 3256 1751 3289 R
1765 3255 1778 3300 11
1799 3258 1840 3290 16
1864 3257 1900 3290 in
1921 3258 2152 3300 descriptione]
2174 3259 2391 3303 inscriptione

170 3304 303 3347 quidem
327 3303 471 3344 aliquam
497 3313 516 3339 ς
543 3301 556 3347 11
590 3305 629 3336 16
658 3303 1002 3347 παραγεγραμμένον
1025 3302 1057 3334 L
1080 3303 1092 3343 11
1123 3303 1160 3334 17
1186 3303 1245 3334 καὶ

169 3351 262 3394 prius
295 3362 353 3382 om.
381 3349 412 3381 L
443 3347 455 3390 11
482 3349 521 3381 21
556 3344 733 3392 πρότερον
759 3347 806 3379 L²
836 3344 848 3389 11
873 3342 1000 3391 γνώμη
1025 3346 1142 3380 ταῦτα
1167 3347 1199 3379 L
1233 3347 1245 3390 11

172 3397 214 3429 22
234 3406 274 3428 τε
286 3407 344 3427 om.
357 3392 412 3437 Lu
425 3395 467 3426 29
488 3389 627 3426 διδόναι
640 3388 786 3431 (διδότω
800 3403 882 3424 corr.
900 3392 932 3424 in
947 3392 1022 3435 my.)
1037 3392 1077 3425 ἐν
1088 3393 1160 3425 τοῖς
1173 3392 1213 3424 Μ
1234 3391 1247 3436 11

161 3443 213 3474 -30
245 3437 396 3484 πράττει
423 3435 483 3471 διά
505 3433 823 3483 τιναςκάναγκαίας
849 3434 964 3468 αἰτίας
989 3437 1042 3470 Β’
1069 3435 1082 3481 11
1113 3439 1152 3471 31
1187 3432 1246 3470 ἀν-

172 3482 338 3531 θρώποις
362 3484 431 3518 LB
454 3482 467 3529 11
492 3485 534 3518 34
565 3479 834 3526 παρασκευάσαι
859 3480 996 3522 MLB‘]
1027 3477 1245 3529 παρασκευά-

172 3541 235 3564 σας
258 3531 294 3563 Β
310 3529 322 3574 11
341 3531 381 3563 37
406 3525 449 3562 τὸ
473 3536 547 3562 ante
570 3528 688 3571 σχῆμα
713 3540 771 3561 om.

220 3621 236 3653 1
263 3629 303 3652 ex
322 3632 381 3653 om.
413 3618 464 3652 V¹
488 3618 502 3662 11
523 3620 544 3652 4
565 3619 651 3651 rubr.
675 3617 712 3650 Si
732 3626 784 3649 res
801 3625 876 3649 suas
895 3616 989 3658 pater
1011 3616 1100 3649 inter
1127 3615 1248 3650 liberos

175 3663 371 3697 distribuere
394 3663 478 3708 uelit
500 3663 534 3696 R
548 3676 608 3706 my.
635 3662 647 3704 11
670 3663 689 3695 8
715 3664 754 3694 ut
772 3671 792 3693 a
811 3662 911 3705 vulo]
935 3661 972 3693 in
989 3661 1119 3696 RV2T
1143 3672 1176 3694 ιε
1199 3662 1246 3695 V¹

177 3711 215 3741 ut
243 3709 291 3743 V³
311 3708 324 3754 11
349 3709 434 3743 frat*
469 3709 518 3743 V¹
548 3708 561 3753 11
585 3719 622 3741 eo
651 3707 684 3741 V
702 3706 724 3752 11,
736 3709 871 3740 seruant
894 3706 1016 3741 R²VT
1033 3708 1185 3741 seruatur
1198 3707 1246 3740 Β*

1313 3301 1347 3334 R
1363 3299 1376 3345 11
1395 3302 1434 3334 17
1460 3300 1567 3343 posita
1585 3300 1713 3343 RVTn
1730 3303 1818 3343 pars]
1838 3303 1946 3344 posita
1962 3303 2011 3336 R¹
2026 3304 2039 3346 11
2061 3305 2100 3337 19
2119 3306 2178 3336 aut
2190 3304 2390 3348 quicumque

1314 3346 1359 3378 R¹
1382 3347 1440 3378 aut
1464 3346 1624 3386 cuiusque
1646 3345 1754 3387 gratia
1775 3349 1881 3390 suppl.
1902 3348 1953 3381 V2
1972 3349 2006 3381 in
2026 3356 2110 3391 spat.
2127 3361 2197 3382 υαο.
2214 3348 2227 3391 11
2246 3352 2285 3385 21
2311 3354 2391 3385 sunt

1317 3392 1346 3424 R
1365 3390 1377 3435 11
1399 3392 1447 3422 est
1466 3391 1549 3431 RT]
1576 3390 1748 3423 scribentis
1773 3394 1806 3424 et
1836 3393 1874 3433 V,
1909 3406 1967 3426 om,
1986 3393 2072 3436 vulq.
2096 3392 2108 3438 11
2135 3394 2276 3428 artifices
2299 3396 2349 3429 Β*
2377 3395 2391 3442 11

1313 3437 1443 3478 operari
1456 3436 1489 3468 R
1504 3435 1516 3478 11
1535 3437 1577 3469 22
1595 3437 1850 3478 contemptionis
1862 3437 1932 3470 ΒΤ
1945 3436 1957 3482 11
1972 3438 2076 3480 patris
2087 3439 2164 3481 (del.
2174 3439 2236 3483 V³)
2247 3440 2390 3476 alicuius

1312 3481 1417 3523 partis
1444 3479 1499 3524 Vn
1525 3481 1566 3514 25
1582 3482 1633 3513 res
1656 3491 1731 3514 suas
1754 3481 1815 3524 Rn
1842 3483 1882 3515 27
1908 3482 1937 3514 si
1961 3495 2018 3515 om.
2038 3483 2098 3527 Rfl
2125 3485 2167 3519 28
2187 3485 2278 3527 hinc]
2302 3487 2388 3521 hanc

1313 3526 1419 3569 suppl.
1439 3525 1490 3558 1⁷²
1511 3526 1544 3561 in
1556 3533 1641 3569 spat.
1654 3538 1726 3559 vac.
1742 3526 1754 3569 11
1773 3527 1800 3558 si
1818 3527 1927 3560 autem
1940 3537 2008 3559 non
2021 3528 2082 3561 hec
2101 3529 2137 3563 V
2148 3529 2177 3563 si
2195 3531 2258 3564 hoc
2278 3534 2387 3565 autem

1314 3581 1381 3603 non
1399 3570 1434 3603 R
1463 3570 1491 3602 si
1515 3572 1626 3604 autem
1645 3571 1708 3604 hoc
1731 3581 1799 3604 non
1818 3573 1905 3616 vuly.
1922 3571 1994 3615 1129
2017 3575 2095 3616 agat
2115 3576 2212 3619 vuly„
2239 3577 2287 3609 ait
2303 3577 2354 3611 Β*
2378 3578 2388 3618 11

1313 3615 1495 3658 plurimum
1521 3616 1554 3647 V
1567 3614 1580 3660 11
1607 3618 1649 3650 30
1675 3617 1734 3660 leq.
1753 3612 1983 3660 discriptiones
2004 3619 2057 3652 vel
2078 3619 2354 3656 distributiones?
2376 3622 2389 3666 11

1316 3662 1357 3694 33
1376 3671 1427 3693 res
1447 3673 1503 3694 om.
1515 3660 1631 3704 Vll-34
1655 3663 1687 3694 et
1703 3661 1791 3702 quod
1808 3662 1988 3696 secundum
2010 3665 2058 3698 bis
2074 3677 2135 3699 scr.
2158 3666 2208 3699 V¹
2223 3665 2236 3711 11
2255 3668 2298 3702 36
2321 3678 2388 3701 non

1315 3706 1377 3739 hoc
1398 3705 1502 3748 egerit
1522 3706 1603 3743 ΒΤ]
1626 3707 1688 3740 hoo
1711 3716 1779 3740 non
1801 3707 1906 3749 egerit
1927 3708 2039 3754 vulqo,
2068 3710 2131 3744 hoo
2153 3711 2337 3754 neglexerit
2360 3713 2393 3746 V
