2618 4010
274 141 382 185 Nov.
407 140 486 184 VII
519 143 591 195 123
622 154 686 195 ep.

1363 139 1419 184 (32

2024 155 2084 185 DE
2113 154 2202 186 NON
2230 155 2502 186 ALIENANDIS

1260 275 1418 311 CAPUT
1442 275 1522 311 XII.

323 335 363 377 ΓΑ.
402 339 534 387 ε’.Ωςπερ
558 339 599 375 δὲ
621 339 684 376 τὰς
715 341 923 387 ἑπιβλαβεῒς
953 342 1149 386 ἐκποιήσεις
1179 340 1355 377 ἐκωλύσα·

273 402 351 432 μεν,
383 385 479 421 οὕτω
503 390 563 420 καὶ
594 385 657 421 τὰς
684 387 891 432 ἐπιβλαβεῖς
915 388 1052 431 κτήσεις
1074 384 1355 433 ἀπαγορεύομεν.

274 431 411 467 Πολλαὶ
430 431 498 479 γὰρ
515 428 606 478 παρ’
627 429 711 476 ἡμῖν
727 437 931 476 κεκίνηνται
951 431 1121 475 ζητήσεις,
1146 432 1243 466 ἔνθα
1262 434 1356 467 τινὲς

273 477 393 531 {noea
414 481 531 523 χωρία
553 474 780 531 δεδαξρηνται
804 482 881 512 ταῖς
906 476 1128 531 ,ᾁγιωτάταις
1146 476 1356 531 ’ἐκκλησίαις

1469 343 1571 377 Sicut
1589 344 1710 376 autem
1729 340 1918 378 damnosas
1937 343 2172 380 alienationes
2195 345 2434 390 prohibemus,
2450 343 2503 380 sic

1424 388 1531 423 etiam
1562 386 1753 422 damnosas
1784 388 2029 431 possessiones
2058 389 2313 426 interdicimus.
2366 390 2503 425 Multae

1425 433 1517 467 enim
1541 431 1636 484 apud
1660 441 1726 466 nos
1748 434 1866 466 motae
1889 435 1974 468 sunt
1995 435 2239 479 quaestiones,
2269 435 2331 470 ubi
2359 434 2503 479 quidam

1424 477 1541 512 minus
1564 476 1694 511 idonea
1720 477 1867 521 praedia
1889 476 2108 516 donaverunt
2131 480 2364 516 sanctissimis
2388 481 2502 515 eccle-

273 537 295 565 η
319 525 394 575 τοῖς
414 526 726 576 σερασμιωτατοις
747 524 869 577 οἴκοις,
900 537 922 566 η
942 525 1010 575 ,καὶ
1035 533 1266 575 πεπρακασιν
1299 520 1355 565 δῆ-
1392 526 1410 556 5
1426 522 1487 557 siis
1510 523 1574 557 aut
1601 521 1865 557 venerabilibus
1896 522 2076 568 domibus,
2109 529 2172 560 aut
2202 526 2308 561 etiam
2339 524 2501 560 vendide-

273 569 345 602 θεν
366 579 414 601 ως
434 580 580 614 ευπορα,
599 572 757 615 καίτοιγε
777 581 896 614 απορα
910 581 978 610 την
994 565 1105 613 ἀρχην
1124 567 1356 608 καθεστῶτα,

273 610 477 647 κάντεῦθεν
499 611 581 647 τοὺς
603 610 738 660 εὐαγεῖς
758 615 872 647 οἴκους
892 611 1077 656 ἠδίκησαν.
1122 609 1354 659 Ἀπαγορεύο-

272 671 340 703 μεν
370 661 493 692 τοίνυν
521 661 595 692 τοῖς
622 660 828 703 προεστῶσι
859 659 937 692 τῶν
966 656 1278 702 σεβασμιωτάτων
1308 657 1355 691 οἴ-

273 716 350 737 κων
373 699 517 738 τοιοῦτό
540 717 576 737 τι
601 703 784 750 πράττειν,
808 701 830 746 ἢ
852 700 1046 750 γινώσκειν
1071 699 1119 736 ὥς
1142 703 1173 736 εἰ
1223 701 1244 746 ἡ
1266 702 1357 748 μετὰ

273 745 389 792 πάσης
404 744 585 795 ἀκριβείας
599 752 761 783 ποιοῖντο
781 747 827 782 τὰ
849 746 1137 794 συναλλάγματα,
1161 717 1222 782 ἁλι
1238 747 1244 756 “

274 791 333 840 ρός
360 804 415 828 τις
438 795 558 836 κτῆσις
589 790 611 836 ἢ
633 792 831 838 ἐπιβλαβὴς
860 791 990 836 δοθείη
1014 796 1093 827 ταῖς
1113 791 1311 836 ἐκκλησίαις
1334 790 1356 837 ἢ

273 842 347 873 τοῖς
377 842 629 886 μοναστηρίοις
660 836 682 882 ἢ
713 839 868 879 ξενῶσιν
898 835 918 881 ἢ
952 841 1193 881 νοσοκομείοις
1229 835 1250 882 ἢ
1284 841 1358 873 τοῖς

272 882 391 918 ἄλλοις
419 881 559 930 εὖαγέσι
591 882 811 928 συστήμασι,
847 882 888 917 τὸ
919 885 986 927 μὲν
1015 880 1247 930 συνάλλαγμα
1277 881 1359 918 ἀντὶ

272 929 322 973 μὴ
350 926 538 976 γεγονότος
560 930 680 971 ἔσται,
713 931 774 962 καὶ
806 925 1033 1008 ἀναλήἔεται
1065 925 1212 963 πάντως
1235 926 1254 962 ὁ
1279 927 1359 963 δοὺς

272 973 315 1009 τὸ
338 973 431 1008 κατὰ
454 977 642 1020 περίνοιαν
666 976 725 1007 καὶ
749 972 892 1015 ἀπάτην
908 1016 915 1027 (

273 1018 358 1073 οὖτά
388 1032 425 1053 τι
457 1018 594 1071 πράξας
624 1018 809 1074 οἰκονόμος
843 1018 880 1072 ἢἋ
898 1017 1105 1074 ηγούμενος,
1120 1015 1143 1060 ἢ
1177 1017 1360 1073 ξενοδόχος

272 1079 294 1107 η
318 1062 510 1108 νοσοκόμος
534 1078 555 1106 η
578 1075 836 1110 πτωχοτροφος
859 1078 881 1107 η
904 1076 1174 1111 ορφανοτροφος
1195 1078 1216 1108 η
1239 1078 1359 1112 γερον-

272 1107 419 1153 τοκὸμος
448 1109 597 1142 οἴκοθεν
627 1110 681 1153 τῷ
707 1106 881 1143 δεδωκότι
906 1108 1129 1155 θεραπεύσει
1152 1109 1218 1153 τὴν
1244 1111 1358 1144 ἐντεῦ-

274 1156 344 1206 ιῒεν
364 1156 505 1198 ζημίαν.
541 1155 573 1187 εἰ
592 1152 632 1188 δὲ
652 1157 711 1188 καὶ
735 1151 831 1188 οὕτω
851 1154 894 1208 'clo
915 1157 1063 1202 πρᾶγμα
1081 1156 1359 1199 σχηματισθείη,

1425 569 1511 602 runt
1544 571 1725 611 tamquam
1760 566 1905 609 idonea,
1940 577 2019 603 cum
2046 569 2168 614 utique
2197 570 2333 606 sterilia
2361 580 2384 605 a
2406 570 2503 616 prin-

1426 612 1519 657 cipio
1543 615 1673 656 essent,
1702 614 1739 647 et
1761 622 1806 647 ex
1829 612 1899 647 hoc
1922 614 2180 651 venerabilibus
2205 615 2369 651 domibus
2393 625 2504 650 nocu-

1425 661 1540 693 erunt.
1593 657 1842 693 Interdicimus
1876 656 1986 702 igitur
2020 660 2217 696 rectoribus
2251 660 2505 696 venerabilium

1426 703 1593 738 domuum
1627 703 1699 738 tale
1736 702 1869 748 aliquid
1899 712 2021 748 agere,
2055 708 2118 740 aut
2155 708 2251 741 certe
2291 715 2506 751 cognoscere

1207 747 1250 782 λα
1268 745 1355 783 ἄπο·
1375 752 1412 783 10
1426 748 1527 793 quia,
1557 749 1589 784 si
1618 759 1690 783 non
1714 759 1795 784 cum
1819 748 1915 783 omni
1940 748 2136 785 subtilitate
2165 750 2316 787 fecerint
2339 755 2503 787 contrac-

1425 796 1502 838 tus,
1530 793 1592 830 sed
1617 794 1743 829 faenea
1766 793 1939 838 quaedam
1962 794 2141 838 possessio
2164 799 2227 830 aut
2249 795 2420 832 damnosa
2444 796 2504 831 de-

1426 844 1487 874 tur
1521 839 1680 875 ecclesiis
1719 843 1783 874 aut
1818 839 2042 874 monasteriis
2078 842 2141 874 aut
2176 841 2405 877 xenodochiis
2443 842 2508 876 aut

1427 884 1641 920 nosocomiis
1665 889 1728 919 aut
1751 883 1830 919 aliis
1854 884 2116 919 venerabilibus
2141 885 2313 930 collegiis,
2341 890 2505 922 contrac-

1426 934 1485 965 tus
1539 930 1656 965 uidem
1679 941 1745 975 pro
1770 940 1841 965 non
1870 929 1966 964 facto
1999 929 2083 972 erit,
2120 932 2155 964 et
2184 931 2333 975 recipiet
2362 932 2506 967 omnino

939 971 1126 1018 εὸομένον·
1164 971 1183 1008 ὁ
1217 972 1257 1008 δὲ
1287 988 1358 1008 τοι·
1375 979 1413 1010 15
1428 975 1487 1019 qui
1535 978 1589 1018 at,
1615 975 1710 1020 quod
1732 985 1797 1020 per
1821 975 2156 1010 circumventionem
2182 978 2217 1010 et
2240 975 2419 1013 fallaciam
2444 977 2506 1011 da-

1427 1024 1504 1055 tum
1527 1022 1598 1064 est3
1634 1031 1849 1056 oeconomus
1882 1023 2018 1063 autem,
2052 1020 2111 1065 qui
2134 1021 2206 1055 tale
2230 1020 2363 1066 aliquid
2386 1022 2507 1067 egerit,

1429 1070 1492 1100 aut
1515 1066 1627 1101 abbas
1652 1068 1716 1100 aut
1738 1065 1968 1101 xenodochus
1994 1069 2057 1100 aut
2086 1076 2300 1101 nosocomus
2331 1070 2394 1101 aut
2426 1071 2507 1112 pto—

1430 1111 1650 1156 chotrophus
1687 1113 1750 1146 aut
1785 1111 2097 1155 orphanotrophus
2135 1113 2199 1146 aut
2237 1113 2509 1155 gerontocomus

1430 1156 1474 1191 de
1496 1167 1561 1192 suo
1585 1157 1636 1198 ei,
1670 1157 1730 1200 qui
1753 1156 1865 1198 dedit,
1897 1156 2048 1191 salvabit
2078 1166 2121 1191 cx
2152 1156 2221 1191 hoc
2246 1156 2424 1191 damnum.
2471 1157 2510 1192 Si

274 1211 361 1233 ωςτε
385 1203 447 1232 καί
469 1213 505 1233 τι
529 1203 676 1252 χρυσίον
696 1197 790 1252 ῥπὲρ
813 1213 941 1252 τουτου
966 1198 1143 1243 δοθῆναι,
1167 1203 1226 1234 καὶ
1250 1202 1358 1234 τοῦτο
1372 1204 1414 1236 20
1429 1212 1511 1237 vero
1547 1202 1599 1236 sic
1631 1211 1741 1236 causa
1769 1201 1960 1244 figuretur,
1996 1204 2038 1236 ut
2072 1202 2179 1236 etiam
2208 1201 2352 1246 aliquod
2383 1211 2509 1237 aurum

272 1242 438 1291 κερδανεῖ
468 1246 539 1298 μὲν
559 1258 578 1278 ο
600 1242 726 1292 εὐαγης
756 1245 849 1279 οἶκος
872 1259 891 1279 ο
920 1244 966 1299 τὸ
999 1245 1137 1299 ἄπορον
1170 1243 1307 1290 λαβών,
1339 1243 1358 1279 ὁ

272 1289 314 1324 δέ
333 1303 375 1336 γε
398 1287 479 1323 δοὺς
502 1303 544 1323 το
576 1294 721 1336 χρυσίον
746 1291 816 1331 ἕξει
841 1304 934 1324 κατα
956 1292 1019 1325 τοῦ
1054 1305 1097 1325 το
1128 1289 1360 1337 συνάλλαγμα

272 1335 475 1389 πράξαντος
497 1334 565 1378 τὴν
581 1336 757 1370 ἐντεῦθεν
773 1333 928 1382 ἀγωγήν,
953 1334 1123 1382 καθάπερ
1147 1336 1359 1384 «ἔμπροσθεν

272 1394 430 1424 ειπομεν.

1428 1258 1493 1290 pro
1518 1247 1587 1282 hoc
1611 1247 1726 1289 detur,
1759 1248 1794 1281 et
1817 1246 1887 1281 hoc
1910 1247 2107 1282 lucrabitur
2131 1246 2273 1292 quidem
2297 1247 2510 1282 venerabilis

1429 1292 1572 1334 domus,
1609 1302 1700 1336 quae
1729 1291 1895 1326 faeneum
1931 1292 2074 1336 aliquod
2106 1292 2302 1337 acceperit3
2338 1292 2398 1336 qui
2427 1302 2510 1327 vero

1429 1337 1527 1372 dedit
1550 1347 1694 1380 aurum,
1726 1336 1875 1372 habebit
1907 1339 2032 1372 contra
2062 1347 2162 1380 eum,
2194 1337 2255 1382 qui
2287 1339 2510 1373 contractum

1429 1382 1631 1424 celebravit,
1657 1392 1701 1417 ex
1724 1382 1792 1417 hoc
1816 1382 2005 1425 actionem,
2026 1382 2121 1418 sicut
2144 1382 2396 1426 praediximus.

317 1423 489 1480 CEJnth
523 1425 593 1471 ος.)
641 1416 750 1478 Οὗτος
782 1423 867 1470 ἡμῖν
899 1428 959 1480 ἐπὶ
990 1427 1051 1469 τῆς
1074 1428 1152 1460 τῶν
1177 1425 1358 1480 ἐκκλησια-
1373 1430 1414 1462 25
1472 1426 1750 1472 (Epilogus.)
1794 1426 1896 1462 Haec
1919 1427 2022 1462 nobis
2049 1438 2157 1472 super
2186 1427 2510 1463 ecclesiasticarum

272 1483 408 1505 στικων
427 1485 449 1514 η
468 1484 487 1504 ο
512 1483 559 1505 ως
579 1484 775 1514 πτωχικων
795 1484 1021 1518 πραγματων
1040 1471 1257 1524 εἰκποιήσεως
1273 1483 1358 1505 απο-

271 1517 413 1550 nece-91»
455 1514 580 1561 νόμος,
624 1518 669 1564 τῇ
705 1518 864 1550 Λέοντος
897 1518 965 1560 μὲν
1000 1530 1063 1551 του
1099 1519 1159 1560 τῆς
1195 1514 1360 1561 εὐσεβοῦς

272 1561 404 1615 ληξεως
434 1559 590 1606 εὐσεβῶς
622 1557 793 1604 ἑπόμενος
825 1560 1003 1603 διατάξει,
1039 1559 1121 1596 ἀλλ’
1148 1559 1188 1595 οὗ
1221 1561 1263 1596 τὸ
1293 1563 1360 1606 μὲν

272 1608 438 1651 impuros,
479 1605 522 1641 τὸ
559 1605 598 1640 δὲ
633 1604 886 1662 ἀθεράπευτον
922 1604 1219 1651 καταλιμπάνων.
1274 1604 1356 1641 ἀλλ’

1429 1476 1492 1507 aut
1527 1473 1671 1508 omnino
1707 1472 1953 1517 ptochicarum
1987 1483 2104 1508 rerum
2140 1473 2356 1508 alienatione
2392 1473 2511 1518 posita

1428 1517 1476 1553 sit
1499 1517 1574 1560 lcx,
1607 1517 1740 1553 Leonis
1765 1517 1905 1562 quidem
1928 1518 2010 1562 piae
2033 1519 2222 1554 memoriae
2247 1528 2285 1554 se
2310 1528 2399 1554 nens
2424 1529 2509 1554 con-

1428 1563 1660 1605 stitutionem,
1686 1566 1721 1598 et
1737 1573 1810 1598 non
1825 1562 1924 1598 aliud
1942 1563 2084 1606 quidem
2107 1574 2249 1607 curans,
2274 1564 2371 1599 aiud
2392 1566 2511 1598 autem

1427 1608 1630 1643 incuratum
1654 1608 1878 1653 relinquens,
1903 1607 1966 1644 sed
1988 1609 2025 1643 in
2048 1609 2143 1644 omni
2165 1613 2281 1649 terra,
2306 1619 2413 1654 quam
2438 1609 2510 1644 Ro-

272 1654 332 1686 έπὶ
357 1649 472 1693 πάσης
497 1652 656 1705 vhe-757⁶,
687 1649 733 1695 ἠν
756 1649 775 1686 ὁ
800 1649 986 1696 Ῥωμαίων
1018 1654 1135 1706 ἐμέχει
1169 1650 1277 1697 νόμος
1300 1655 1360 1686 καὶ
1373 1656 1415 1688 30
1427 1664 1615 1689 manorum
1633 1654 1791 1689 continet
1810 1653 1868 1688 lex
1887 1657 1924 1688 et
1944 1654 2143 1689 catholicae
2167 1653 2338 1690 ecclesiae
2360 1654 2511 1695 sanctio,

271 1695 291 1731 ὁ
314 1698 376 1740 τῆς
399 1696 594 1740 καθολικης
618 1695 803 1740 ἐκκλησίας
833 1695 980 1742 θεσμός,
1008 1710 1110 1732 ουτος
1133 1697 1358 1740 ἐκτετάσθω,

271 1745 331 1776 καὶ
355 1738 575 1788 ὄριζέτωτὰ
599 1743 711 1776 οἰκεῖα
734 1745 794 1776 καὶ
818 1747 995 1789 κρατείτω
1021 1742 1201 1786 διηνεκῶς,
1226 1742 1357 1789 φυλατ-

270 1786 418 1832 τόμενος
442 1786 541 1834 παρά
562 1801 603 1822 τε
626 1789 704 1822 τῶν
729 1786 944 1822 ὁσιωτάτων
967 1789 1205 1835 πατριαρχῶν
1229 1787 1357 1832 διοική-

271 1844 361 1867 σεως
379 1832 527 1887 ἑκάστης
550 1830 647 1879 παρά
670 1846 710 1867 τε
729 1834 807 1867 τῶν
826 1832 1125 1879 θεοφιλεστάτων
1142 1833 1357 1880 μητροπολι-

270 1881 349 1912 τῶν
369 1891 474 1934 παρα,
491 1891 532 1912 τε
555 1880 634 1913 τῶν
652 1877 774 1913 ἄλλων
798 1877 1012 1914 ἐπισκόπων
1031 1892 1072 1913 τε
1095 1882 1156 1913 καὶ
1179 1878 1359 1926 κληρικῶν
1372 1882 1414 1915 35
1428 1880 1542 1916 nomis
1575 1882 1612 1916 et
1642 1880 1835 1916 abbatibus
1868 1882 1905 1915 et
1934 1891 2026 1915 xeno

271 1926 330 1957 καὶ
355 1936 559 1968 οικονομων
579 1926 642 1979 ἱκαὶ,
666 1921 876 1978 ἡγουμένων
907 1927 966 1958 καὶ
992 1922 1194 1967 ξενοδὸχων
1217 1927 1277 1958 καὶ
1299 1937 1357 1959 νο-

271 1967 459 2022 σοκόμων,
475 1971 534 2002 καὶ
570 1982 861 2024 ορφανοτροφων
902 1972 962 2003 καὶ
997 1969 1263 2023 βρεφοτρὸφων
1300 1972 1360 2003 καὶ

270 2027 546 2060 γεροντοκομων
568 2017 629 2047 καὶ
654 2027 807 2049 παντων
833 2011 957 2049 ἁπλῶς
979 2016 1058 2049 τῶν
1082 2018 1291 2061 ηγουμένων
1309 2028 1359 2049 τι·

271 2061 350 2093 νῶν
373 2055 517 2106 εὖαγῶν
536 2070 648 2102 συστη
689 2057 788 2102 ’των,
812 2055 950 2094 ἅπασιν
966 2060 1146 2094 ἐπιτιθεὶς
1168 2059 1237 2103 τὴν
1260 2057 1358 2094 ἰδίαν

271 2104 386 2147 ἰσχύν,
409 2107 470 2138 καὶ
490 2102 617 2138 ἄδειαν
664 2103 759 2139 ιδοὺς
783 2106 836 2148 τῷ
861 2103 1067 2149 βουλομένῳ
1088 2104 1362 2152 προςαγγέλλειν
1375 2108 1418 2141 40

1427 1699 1518 1734 haec
1553 1699 1765 1734 extendatur
1801 1702 1838 1734 et
1869 1698 2078 1734 determinet
2111 1709 2204 1745 quae
2238 1710 2305 1734 sua
2339 1702 2441 1743 sunt,
2476 1703 2513 1734 et

1427 1745 1545 1780 valeat
1568 1748 1744 1790 perpetua
1768 1748 1803 1779 et
1827 1744 2007 1780 custodita
2029 1746 2066 1780 et
2089 1755 2111 1780 a
2135 1744 2368 1780 sanctissimis
2399 1744 2511 1798 patri·

1428 1789 1548 1825 archis
1580 1789 1862 1835 uniuscuiusque
1898 1789 2048 1825 diocesis
2081 1793 2118 1825 et
2145 1801 2168 1825 a
2200 1790 2265 1825 deo
2298 1790 2511 1826 amabilibus

1427 1835 1663 1880 metropolitis
1688 1839 1724 1870 et
1748 1836 1794 1870 ab
1818 1834 1897 1870 aliis
1920 1834 2098 1915 episctzlpis
2123 1839 2159 1870 et
2182 1835 2320 1870 clericis
2345 1837 2382 1871 et
2405 1845 2510 1871 oeco-

2054 1880 2154 1915 ochis
2184 1884 2220 1916 et
2251 1880 2453 1916 nosocomis
2477 1884 2512 1915 et

1428 1926 1705 1971 brephotrophis
1735 1928 1772 1960 et
1794 1925 2095 1971 orphanotrophis
2124 1928 2161 1961 et
2191 1926 2452 1971 gerontocomis
2476 1928 2513 1961 et

1429 1971 1593 2006 omnibus
1624 1971 1830 2016 simpliciter
1853 1971 2053 2006 rectoribus
2077 1971 2278 2016 aliquorum
2304 1975 2512 2006 sanctorum

1431 2016 1677 2060 collegiorum,
1714 2016 1877 2051 omnibus
1909 2017 2097 2069 imponens
2128 2016 2312 2061 proprium
2342 2017 2454 2052 robur
2476 2019 2512 2051 et

1425 2061 1605 2097 licentiam
1636 2062 1813 2106 praebens
1845 2061 1978 2096 volenti
2009 2061 2238 2105 denuntiare,
2275 2071 2368 2107 quae
2400 2061 2510 2097 delin-

321 2163 359 2195 15
385 2157 405 2194 ὁ
428 2158 570 2194 τοιοῦτό
594 2174 631 2194 τι
654 2181 697 2186 -
723 2164 762 2196 19
788 2163 920 2206 ζημίαν
949 2164 1090 2196 citantur
1112 2163 1247 2197 Nomoc.
1273 2164 1375 2196 XIV
1393 2165 1439 2197 tit.
1465 2164 1496 2204 2,
1520 2171 1531 2196 1
1557 2171 1635 2197 extr.

405 2228 488 2264 XII.
535 2228 841 2271 Quemadmodum
867 2235 988 2266 autem
1017 2230 1214 2265 damnosas
1236 2230 1476 2266 alienationes
1497 2230 1775 2277 prohibuimus,
1808 2231 1862 2266 ita
1893 2231 2001 2266 etiam
2032 2230 2228 2266 damnosas
2251 2231 2511 2278 acquisitiones

271 2279 440 2311 vetamus.
489 2273 630 2310 Multae
657 2274 752 2310 enim
781 2275 863 2310 lites
894 2274 997 2322 apud
1025 2286 1094 2310 nos
1123 2279 1244 2311 motae
1273 2280 1377 2317 sunt,
1407 2275 1470 2311 ubi
1493 2275 1641 2322 quidam
1669 2276 1810 2310 sterilia
1835 2275 1991 2323 praedia
2013 2276 2250 2312 sanctissimis
2271 2276 2432 2312 ecclesiis
2454 2277 2511 2314 vel

271 2319 533 2355 venerabilibus
569 2319 734 2355 domibus
767 2319 955 2356 donarunt
987 2320 1044 2356 vel
1075 2321 1184 2356 etiam
1220 2319 1460 2356 vendiderunt
1495 2326 1678 2367 tamquam
1707 2320 1870 2366 fertilia,
1905 2321 2069 2367 quamvis
2102 2333 2126 2356 a
2149 2322 2341 2368 principio
2368 2322 2510 2358 sterilia

270 2370 400 2408 essent,
427 2369 539 2411 atque
562 2365 647 2400 hinc
668 2376 797 2401 sacras
820 2365 947 2401 domos
971 2365 1163 2401 laeserunt.
1214 2364 1249 2401 V
1245 2370 1384 2401 etamus
1407 2366 1523 2412 iqitur
1541 2366 1610 2401 reli
1636 2366 1897 2401 iosissimarum
1921 2365 2091 2401 domuum
2112 2367 2302 2413 praesules
2326 2367 2398 2404 tale
2417 2367 2511 2419 quid

270 2421 405 2457 aqere,·
439 2410 503 2456 qui
532 2410 604 2446 nisi
633 2421 713 2445 cum
743 2411 841 2446 omni
874 2410 1066 2457 diliqentia
1095 2414 1307 2447 contractus
1339 2411 1517 2457 fecerint,
1553 2422 1592 2446 se
1651 2411 1785 2447 sterilis
1816 2410 1995 2458 quaedam
2024 2410 2081 2447 vel
2109 2411 2285 2447 damnosa
2315 2413 2509 2458 acquisitio

270 2455 430 2492 ecclesiis
453 2455 509 2492 vel
530 2456 761 2492 monasteriis
779 2456 838 2492 vel
856 2456 1098 2492 xenodochiis
1122 2456 1178 2493 vel
1199 2456 1417 2492 nosocomiis
1440 2456 1496 2492 vel
1518 2455 1669 2502 reliquis
1691 2456 1809 2492 sacris
1828 2456 1991 2503 colleqiis
2007 2455 2124 2499 detur,
2147 2457 2266 2492 sciant
2283 2461 2510 2493 contractum

270 2500 415 2548 quidem
436 2511 508 2547 pro
522 2501 661 2546 infecto
675 2502 774 2547 fore,
798 2506 833 2537 et
856 2513 938 2538 rece
968 2506 1087 2537 turum
1112 2502 1258 2537 omnino
1274 2512 1354 2537 eum
1369 2501 1433 2548 qui
1448 2501 1600 2544 dederit,
1649 2501 1726 2537 uod
1739 2513 1813 2548 per
1836 2501 1959 2537 dolum
1975 2506 2085 2548 atque
2128 2501 2278 2538 raudem
2294 2501 2419 2538 datum
2428 2506 2511 2545 θεέ,-

272 2557 505 2583 oeconomum
519 2557 616 2589 vero,
641 2547 705 2592 qui
722 2546 794 2582 tale
809 2547 900 2593 quid
941 2548 1063 2589 ecerit,
1083 2547 1140 2583 vel
1154 2546 1365 2593 praesulem
1380 2547 1437 2583 vel
1454 2512 1709 2582 xenodochum
1726 2547 1782 2583 vel
1802 2557 2034 2598 nosocomum
2055 2558 2095 2583 ve
2126 2546 2436 2600 ptochotrophum
2455 2547 2511 2584 vel

272 2591 615 2638 orphanotrophum
639 2592 695 2627 vel
716 2597 1014 2638 qerontocomum
1028 2592 1074 2628 de
1089 2603 1158 2628 suo
1179 2591 1349 2627 damnum
1371 2591 1506 2628 exinde
1528 2598 1653 2627 natum
1675 2593 1720 2635 ei,
1745 2603 1807 2638 qui
1832 2592 1983 2633 dederit,
2006 2597 2242 2628 resarturum.
2282 2591 2322 2628 St
2347 2603 2432 2629 vero
2455 2593 2510 2628 ita

271 2648 330 2673 res
353 2641 567 2683 comparata
589 2637 648 2679 sit,
669 2642 711 2672 ut
728 2638 837 2672 etiam
855 2637 1037 2684 pecuniae
1060 2637 1201 2684 aliquid
1220 2648 1292 2689 pro
1315 2637 1381 2673 illo
1401 2636 1526 2673 datum
1548 2637 1607 2679 sit,
1632 2636 1702 2672 hoc
1725 2648 1870 2689 quoque
1893 2636 2107 2673 venerabilis
2129 2637 2269 2680 domus,
2293 2648 2389 2683 quae
2404 2638 2509 2674 steri-

272 2683 340 2718 lem
361 2693 438 2718 rem
462 2682 617 2728 accepit,
650 2681 874 2725 lucrabitur;
905 2683 968 2729 qui
992 2693 1076 2719 vero
1094 2693 1291 2729 pecuniam
1316 2682 1465 2725 dederit,
1495 2688 1626 2718 contra
1650 2693 1730 2718 eum
1753 2693 1814 2728 qut
1839 2686 2065 2718 contractum
2085 2682 2219 2728 fecerit
2242 2683 2421 2720 actionem
2443 2694 2509 2719 ex-

271 2727 356 2764 inde
379 2726 584 2769 oriundam,
607 2727 703 2762 sicut
723 2738 839 2774 supra
861 2727 1033 2771 diximus,
1058 2727 1209 2763 habebit.

410 2771 498 2819 Epi
506 2772 521 2807 l
529 2783 550 2807 ο
556 2783 651 2818 qus.
698 2772 803 2808 Haec
831 2773 936 2808 nobis
966 2773 1030 2809 lex
1059 2773 1105 2809 de
1133 2773 1458 2808 ecclesiasticarum
1482 2772 1538 2809 vel
1570 2773 1717 2808 omnino
1746 2772 2004 2819 ptochicarum
2033 2783 2155 2808 rerum
2189 2772 2409 2809 alienatione
2431 2773 2509 2810 lata

272 2823 366 2861 esto,
397 2829 493 2864 quae
516 2816 650 2853 Leonis
699 2817 816 2853 uidem
842 2819 928 2864 piae
950 2819 1062 2854 sortis
1085 2819 1378 2854 constitutionem
1394 2818 1460 2865 pie
1482 2823 1668 2864 sequatur,
1693 2828 1759 2853 nec
1783 2829 1867 2853 vero
1885 2818 1992 2864 parti
2015 2818 2211 2861 medeatur,
2235 2823 2385 2865 partem
2408 2819 2506 2854 incu-

270 2867 391 2899 ratam
414 2862 608 2908 relinquat.
696 2874 796 2898 erum
820 2863 910 2899 haec
934 2875 1008 2910 per
1031 2875 1169 2900 omnem
1195 2868 1347 2906 terram,
1378 2863 1417 2898 in
1440 2874 1514 2909 qua
1538 2862 1787 2899 Romanorum
1810 2863 1874 2898 lex
1897 2867 1932 2898 et
1960 2862 2163 2899 catholicae
2185 2863 2357 2899 ecclesiae
2379 2863 2509 2911 requla

273 2908 428 2951 obtinet,
463 2908 696 2950 extendatur,
734 2913 771 2944 et
798 2920 892 2954 quae
922 2909 1081 2961 propria
1112 2914 1198 2944 sunt
1227 2908 1379 2954 definiat
1406 2914 1443 2944 et
1474 2908 1594 2944 valeat
1623 2909 1661 2943 in
1686 2914 1906 2955 perpetuum
1936 2914 2082 2944 servata
2115 2914 2188 2943 tam
2218 2920 2242 2944 a
2272 2909 2509 2945 sanctissimis

272 2954 447 3005 cuiusque
482 2952 687 2988 dioeceseos
720 2954 949 3000 patriarchis
984 2965 1093 3000 quam
1130 2966 1154 2989 α
1193 2954 1261 2990 deo
1297 2953 1494 2990 carissimis
1534 2953 1826 3001 metropolitanis
1859 2958 1895 2989 et
1930 2965 1953 2988 a
1992 2953 2144 2999 reliquis
2184 2959 2221 2989 et
2256 2954 2438 3001 episcopis
2472 2960 2509 2990 et

272 2999 414 3034 clericis
437 3002 475 3034 et
497 2999 702 3035 oeconomis
725 3003 761 3034 et
777 2999 1012 3045 praesulibus
1034 3003 1068 3035 et
1089 2998 1318 3035 xenodochis
1340 3003 1376 3034 et
1406 2999 1610 3034 nosocomis
1633 3004 1669 3034 et
1692 2998 2004 3046 orphanotrophis
2027 3003 2062 3033 et
2085 2998 2366 3046 brephotrophis
2389 3004 2425 3035 et
2445 3011 2507 3046 qe—

271 3043 494 3080 rontocomis
517 3048 553 3078 et
569 3048 758 3090 postremo
782 3044 826 3079 ab
852 3044 1032 3087 omnibus,
1063 3045 1128 3090 qui
1149 3045 1267 3080 sacris
1290 3043 1505 3090 quibusdam
1530 3044 1693 3090 colleqiis
1716 3048 1913 3091 praesunt,
1945 3043 2109 3079 omnibus
2131 3045 2326 3091 propriam
2349 3044 2419 3081 vim
2443 3045 2506 3080 tri-

318 3139 338 3170 2
363 3132 581 3178 ἐπιβλαβεῖς]
605 3132 675 3167 ἆσυ
703 3132 830 3179 φόρους
843 3138 874 3168 A
893 3134 905 3179 ΙΙ
926 3138 964 3169 10
988 3133 1031 3169 τὸ
1056 3133 1330 3181 συνάλλαγμαΑ
1346 3134 1358 3178 ΙΙ

276 3184 376 3226 iosq.
400 3190 454 3213 τις
473 3178 605 3225 ἄπορος
617 3182 650 3213 A
699 3183 732 3213 11
762 3177 785 3222 ἢ
807 3182 881 3213 τοῖς
893 3199 936 3204 ——
953 3183 990 3214 17
1013 3177 1206 3224 νοσοκόμος
1219 3193 1278 3214 om.
1291 3182 1322 3213 A
1346 3182 1357 3223 ΙΙ

277 3229 319 3262 16
332 3226 367 3269 ἢρ
381 3221 584 3271 ἡγούμενος]
617 3226 675 3258 hoc
700 3226 770 3258 Ioco
796 3226 927 3259 Nomoc.
953 3238 984 3268 ς,
1015 3227 1107 3270 infra
1132 3234 1209 3269 post
1235 3237 1356 3272 γερον-

273 3281 421 3314 τοκομος
445 3273 541 3304 habet
564 3267 608 3304 M
619 3269 632 3314 ΙΙ
655 3272 692 3303 17
717 3266 739 3312 ἢ
763 3274 1067 3316 πτωχοτροφείοις
1090 3267 1112 3313 ἢ
1138 3266 1157 3304 ὖ
1183 3283 1357 3318 φανοτρο-

274 3319 385 3360 φείοις
417 3312 439 3358 ἢ
460 3318 763 3361 γεροντοκομείοις
782 3316 814 3349 Α
841 3316 853 3359 ΙΙ
888 3318 926 3350 18
956 3315 1024 3359 τὴν
1048 3283 1224 3350 έντεῦἕεν
1255 3313 1355 3358 αὐτῷ

275 3361 464 3403 συμβᾶσαν
489 3362 619 3404 ζημίαν
637 3361 771 3395 Nomoc.
798 3362 811 3404 Ι
846 3363 884 3394 19
905 3363 965 3394 καὶ
988 3358 1097 3402 οὕτω]
1119 3362 1166 3394 sic
1191 3373 1210 3397 ς
1235 3360 1248 3403 ΙΙ
1273 3363 1312 3395 21
1338 3358 1357 3393 ὁ

274 3403 317 3438 τὸ
340 3402 477 3448 ἄπορον
498 3403 624 3450 λαβὼν
643 3401 768 3451 εὖαγὴς
791 3404 884 3439 οἶκος
907 3407 938 3439 Α
954 3406 966 3450 ΙΙ
984 3405 1026 3440 τὸ
1049 3404 1199 3452 ἄπορον]
1224 3406 1355 3439 feneum

274 3449 411 3490 aliquod
425 3461 443 3485 ς
461 3451 473 3493 ΙΙ
489 3453 531 3484 25
556 3452 619 3485 ἐπί
637 3462 677 3484 τε
693 3451 814 3485 τῶνΑ
829 3450 842 3495 ΙΙ
861 3453 905 3485 26
924 3447 947 3493 ἢ
968 3447 1069 3493 ὅλως]
1090 3463 1131 3484 τε
1151 3452 1211 3484 καὶ
1225 3451 1255 3484 A
1272 3450 1284 3494 ΙΙ
1303 3452 1355 3483 έκ-

276 3491 450 3535 ποιήσεως
474 3508 531 3528 om.
553 3498 582 3529 A
606 3495 619 3540 ΙΙ
645 3498 688 3530 28
711 3491 867 3540 εὐσεβῶς
891 3509 949 3530 om.
971 3498 1024 3533 Ας
1044 3496 1057 3541 ΙΙ
1076 3499 1116 3531 37
1143 3498 1203 3529 καὶ
1227 3499 1356 3542 βρεφο-

275 3535 425 3584 τρόφων
444 3541 504 3571 καὶ
522 3537 809 3587 ὀρφανοτρόφων
821 3542 873 3578 Ae
888 3541 901 3586 Ι
919 3543 962 3576 38
982 3542 1060 3575 τῶν
1081 3555 1140 3576 om.
1151 3543 1184 3575 A
1202 3542 1214 3585 ΙΙ
1231 3543 1273 3576 39
1297 3551 1355 3574 συ-

275 3579 471 3626 στημάτων
491 3582 633 3629 εὖαγῶν
655 3586 779 3620 πᾶσαν
803 3589 846 3629 (π
869 3599 909 3621 ex
932 3599 956 3619 α
980 3589 1077 3628 corr.)
1101 3586 1279 3621 ἐπιτιθεὶς
1296 3586 1329 3619 A
1343 3584 1356 3631 ΙΙ

275 3630 319 3663 40
333 3640 382 3671 sq.
406 3628 682 3680 προσαγγέλλειν
705 3629 1004 3675 πλημμελούμενα
1026 3633 1144 3665 ταῦτα
1166 3633 1198 3666 A

323 3687 340 3719 1
362 3687 450 3718 rubr.
474 3684 511 3717 Si
530 3685 653 3719 sterilis
671 3680 834 3730 agger-ad
856 3687 1081 3722 uenerabilem
1103 3688 1215 3722 locum
1237 3698 1354 3731 perue-

277 3730 350 3763 niat
373 3730 475 3773 R(T)
491 3730 504 3774 fl
522 3731 542 3763 2
565 3731 738 3773 pensiones
762 3733 800 3766 V
813 3733 827 3777 1
853 3736 872 3767 5
897 3738 957 3767 aut
979 3733 1227 3767 uenerabilibus
1250 3733 1354 3766 domi·

1426 3136 1487 3168 bus
1507 3138 1555 3169 bis
1570 3148 1634 3170 scr.
1646 3136 1697 3170 Β*
1713 3135 1725 3180 ΙΙ
1744 3138 1764 3170 6
1784 3136 1898 3178 itaque
1910 3136 1944 3169 R
1959 3136 1971 3180 Η
1990 3138 2067 3179 6⁸?-
2087 3147 2107 3168 a
2120 3144 2149 3170 et
2162 3138 2195 3169 ct
2206 3144 2235 3169 et
2247 3139 2434 3169 nocuerunt
2445 3148 2504 3169 om.

1429 3180 1474 3214 R·
1487 3179 1500 3226 ss
1513 3183 1533 3215 9
1546 3179 1680 3225 certelte
1693 3181 1728 3214 R
1738 3179 1751 3225 ΙΙ
1767 3182 1807 3215 12
1814 3194 1862 3224 sq.
1875 3191 1918 3213 au
1932 3191 1976 3213 no
1988 3183 2047 3213 aut
2061 3181 2336 3215 nosochomiisR¹
2349 3181 2363 3225 ΙΙ
2378 3183 2417 3215 13
2429 3180 2506 3213 aliis

1427 3239 1486 3260 om.
1510 3227 1544 3260 R
1567 3225 1580 3270 ΙΙ
1610 3229 1651 3260 14
1674 3229 1754 3267 non]
1780 3236 1843 3260 noo
1862 3226 1895 3260 R
1916 3225 1929 3270 ΙΙ
1947 3227 2096 3267 omnino]
2117 3227 2152 3260 oi
2174 3226 2253 3271 12²!
2275 3228 2314 3261 16
2337 3225 2505 3269 yconomi·

1427 3272 1464 3306 V
1487 3270 1501 3316 ΙΙ
1531 3274 1569 3305 17
1602 3273 1661 3304 aut
1683 3271 1956 3315 ptochotrophus]
1990 3274 2049 3304 aut
2072 3271 2298 3314 ephotrophus
2326 3272 2406 3314 (pro
2429 3270 2502 3303 bre-

1425 3316 1644 3359 photrophus)
1675 3319 1734 3349 aut
1757 3316 2033 3359 gerontochomus
2055 3318 2088 3351 R
2115 3317 2127 3360 ΙΙ
2156 3318 2197 3351 18
2227 3315 2503 3358 gerontochom-

1427 3363 1459 3396 R
1481 3363 1710 3404 gerotocomus
1734 3362 1768 3395 V
1793 3362 1806 3406 ss
1837 3363 1877 3397 19
1901 3362 1932 3394 ei
1957 3362 2028 3403 qui]
2050 3361 2147 3404 ecqui
2169 3362 2221 3395 12⁰
2246 3361 2260 3402 fl
2288 3359 2396 3393 salunt
2417 3359 2466 3393 R¹
2489 3360 2502 3399 ΙΙ

1426 3409 1467 3441 22
1491 3407 1605 3439 fenum
1624 3406 1710 3440 R¹T
1723 3407 1735 3447 ΙΙ
1751 3406 1880 3449 aliquid
1901 3407 1935 3440 R
1950 3407 1962 3449 ΙΙ
1982 3409 2024 3441 23
2048 3407 2266 3446 contractum]
2287 3407 2403 3438 contra
2423 3403 2474 3437 12¹
2489 3403 2502 3448 ΙΙ

1425 3454 1468 3486 24
1481 3451 1700 3484 celebrauerit
1711 3453 1746 3486 R
1763 3451 1776 3496 ΙΙ
1792 3454 1833 3487 25
1847 3451 1943 3485 nobis
1955 3450 2266 3495 supeoulasticarum
2277 3449 2324 3483 R¹
2339 3449 2354 3492 Ι
2372 3450 2415 3483 26
2425 3453 2500 3491 pto-

1424 3497 1601 3530 chocarum
1624 3497 1658 3530 R
1685 3498 1697 3540 ΙΙ
1728 3499 1770 3532 30
1800 3497 1901 3530 factio
1923 3497 1956 3530 R
1983 3498 1996 3540 ΙΙ
2026 3497 2068 3532 32
2090 3506 2111 3528 a
2134 3507 2194 3529 om.
2211 3493 2262 3528 R¹
2288 3494 2301 3537 Ι
2331 3495 2373 3528 33
2396 3504 2417 3526 a
2440 3506 2500 3528 om.

1424 3541 1495 3576 ΒΤ
1514 3540 1527 3583 ΙΙ
1542 3541 1615 3583 deo]
1632 3542 1707 3575 ideo
1719 3542 1769 3576 R·
1785 3541 1797 3586 ΙΙ
1816 3544 1858 3577 35
1875 3541 2060 3575 sonocomi·
2071 3539 2110 3575 V
2127 3538 2141 3584 ΙΙ
2157 3541 2199 3574 36
2219 3538 2456 3582 bephotmphis
2468 3538 2506 3571 V

1423 3585 1628 3628 befotrophis
1651 3587 1686 3620 R
1708 3586 1773 3632 flet
1795 3585 2080 3630 orphanotrophis.
2095 3597 2154 3618 om.
2175 3583 2222 3625 R,
2246 3591 2322 3627 post
2342 3586 2498 3626 geronto-

1422 3630 1525 3664 comis
1549 3632 1668 3675 leqitur
1690 3631 1813 3676 vulyofl
1837 3629 2092 3674 gerontocomiis
2115 3628 2153 3663 V
2169 3628 2258 3670 (miis
2281 3635 2312 3662 et
2333 3640 2420 3672 seqq.
2445 3641 2498 3662 ue-

1422 3688 1484 3720 que
1507 3677 1555 3709 ad
1575 3676 1760 3710 rectoribus
1781 3678 1890 3721 suppl.
1908 3676 1959 3711 1²⁸
1976 3677 2011 3711 ia
2031 3681 2116 3719 spat.
2139 3675 2224 3716 vac.)
2244 3671 2258 3718 Ι
2276 3675 2317 3708 37
2343 3673 2498 3707 similiter

1423 3721 1462 3755 V
1479 3722 1564 3766 vulq.
1582 3721 1595 3766 ss
1614 3723 1657 3757 39
1678 3724 1831 3765 praesens
1852 3721 1903 3755 Β*
