2580 4022
237 156 342 198 Nov.
364 155 494 198 CLIX
523 166 583 208 pr.
609 157 644 194 1.

236 268 447 309 προαστείου
477 261 568 306 μετοὶ
601 262 665 295 τοῦ
690 258 802 304 νόμου
819 257 1051 304 Ἀλέξανδρον
1076 272 1142 293 τον
1167 257 1307 298 ἐνδοξό-

235 322 347 343 τατον
377 311 505 351 χωρεῖν
529 304 584 340 ἐπ’
612 304 721 338 αὑτὰς
744 304 812 338 τόν
834 318 873 351 γε
897 308 957 338 καὶ
981 302 1096 337 αὐτὸν
1119 315 1308 348 προεκποι·

235 354 374 395 η’σαντα
403 352 446 385 τὸ
479 351 696 395 προάστειον
727 346 816 393 ὅπερ
847 347 946 390 αὐτῷ
968 346 1228 391 κατελέλειπτο,
1253 345 1305 401 ἐφ’

235 390 264 429 ὦ
293 396 362 439 τὴν
393 398 578 438 ἐκποίησιν
610 396 648 428 ἐν
671 394 739 436 ἴσῳ
759 396 836 427 τῶν
860 392 982 426 ἄλλων
1006 390 1025 425 ὁ
1046 392 1164 426 κοινὸς
1187 406 1309 438 πατηρ

234 429 309 475 ἐπα
333 441 479 485 ορεύσας
511 438 698 485 ἐτύγχανε·
732 441 791 471 καὶ
822 437 905 471 τοὺς
935 435 1060 471 ἄλλους
1090 435 1130 470 δὲ
1159 435 1202 479 δὴ
1231 439 1309 470 τῶν

234 484 298 519 οἶδε
323 487 403 529 φῶν
434 481 545 518 ταύτὸ
579 485 687 517 τοῦτο
720 484 886 525 ποιῆσαι·
921 485 982 520 καὶ
1012 481 1094 515 τοὺς
1124 480 1309 526 ἡμετέρους

234 531 379 573 νόμους,
411 527 561 563 ἐπειδὰν
592 525 750 562 ἅπαντες
786 527 910 572 ἑφεξῆς
941 524 993 570 ἐφ’
1023 525 1073 560 οἷς
1106 540 1143 560 τι
1165 528 1310 561 τοιοῦτο

234 573 424 617 διώρισται
448 576 652 617 παραβαῖεν
675 571 742 614 τὴν
765 574 828 605 τοῦ
853 569 1128 614 τελευτήσαντος
1150 571 1310 617 γνώμην,

234 617 372 652 ἅπασιν
400 615 533 662 ὁμοίως
559 617 627 660 τὴν
657 614 956 651 ἀποκατάστασιν
987 613 1159 660 ἀναιρεῖν,
1192 612 1239 649 οἷς
1261 616 1309 659 μὴ

1290 146 1374 192 740
1411 139 1418 143 x

2038 164 2097 192 DE
2125 162 2447 195 RESTITUTIONE

1375 258 1492 303 ipsum
1522 260 1560 294 et
1589 258 1802 294 alienantem
1831 261 2028 304 proastium
2057 260 2152 305 quod
2182 261 2215 295 ei
2241 260 2448 296 derelictum

1377 307 1441 346 est,
1475 313 1582 347 super
1605 303 1700 346 quod
1723 304 1972 340 alienationem
1994 305 2228 350 inaequaliter
2250 305 2330 340 aliis
2355 307 2448 349 quod

1376 348 1410 382 ei
1433 351 1535 392 pater
1558 347 1772 383 interdicens
1798 350 2017 394 competivit3
2042 353 2078 385 et
2101 351 2189 385 alios
2207 350 2358 385 fratrum
2373 350 2449 386 eius

1376 392 1446 427 hoc
1468 392 1598 435 iacere,
1624 396 1659 427 et
1673 395 1814 427 nostras
1830 394 1936 438 leges,
1961 395 2126 438 quoniam
2144 404 2264 430 omnes
2281 395 2449 430 continue

1344 437 1413 472 5in
1445 437 1572 481 quibus
1603 437 1675 472 tale
1699 437 1833 483 aliquid
1857 438 2065 480 dispositum
2089 441 2145 475 est
2166 438 2367 483 transgredi
2389 439 2448 474 de-

1377 482 1490 516 functi
1521 482 1747 523 voluntatem,
1781 482 1943 518 omnibus
1975 484 2134 519 similiter
2160 483 2450 519 substitutionem

1379 526 1507 568 dicere,
1531 531 1572 562 ut
1595 537 1666 562 non
1683 530 1888 570 permutans
1905 527 1956 563 eis
1971 528 2117 563 invicem.
2133 529 2316 573 pulsantes
2332 529 2451 563 multis

1379 581 1443 616 pro
1467 581 1540 606 una
1564 572 1763 616 cognitione
1786 572 1925 607 iudiciis
1943 572 2175 608 subiciantur.
2211 573 2295 609 Ideo
2314 574 2450 618 positas

1378 626 1444 651 nos
1475 626 1711 651 rememorare
1747 618 1854 660 leges.
1914 617 2118 652 Alexander
2155 627 2236 653 vero
2276 618 2451 661 gloriosus

234 660 437 706 ἀμοιβαδὸν
466 659 594 696 αὐτοὺς
627 658 790 704 ἀλλήλοις
820 661 1015 716 ἐνάγοντας
1046 659 1188 695 πολλοῖς
1221 658 1310 705 ἐπέρ
1327 663 1366 695 10
1379 661 1492 705 magis
1524 661 1661 705 quidem
1691 663 1728 696 et
1759 662 1802 696 de
1825 662 1981 706 propriis
2003 663 2213 697 alterutrum
2236 666 2332 697 recte
2356 663 2452 697 visus

232 709 315 752 μιᾶς
330 706 542 741 ὑποθέσεως
558 705 796 751 δικαστηρίοις
812 706 1039 751 υπαγεσθαι·
1061 707 1138 739 τῶν
1161 718 1201 739 τε
1222 704 1311 750 ὑπὲρ

233 752 361 786 τούτου
386 755 561 796 κειμένων
584 750 677 795 ἡμᾶς
696 748 960 794 ἀνεμίμνησκον
976 751 1110 794 νόμων.
1150 747 1311 790 Ἀλέξαν-

234 796 315 841 δρος
345 795 384 831 δὲ
419 794 439 830 ὁ
475 794 709 836 ἐνδοξότατος
739 795 898 839 μάλιστα
931 797 998 839 μὲν
1033 798 1093 828 καὶ
1125 798 1207 836 περὶ
1236 797 1312 828 τῶν

233 843 358 876 οἰκιῶν
381 842 562 886 ἑκατέρων
585 838 853 895 ὄρθῶςκέλεγεν
877 839 1055 886 ἐγκαλεῖν·
1077 841 1136 874 ἐπὶ
1159 839 1228 885 γὰρ
1247 840 1311 874 τοῦ

1380 709 1434 741 est
1464 706 1662 750 appellare,
1698 716 1806 751 super
1836 706 2037 741 codicillum
2067 707 2159 742 enim
2191 707 2386 752 sapientem
2417 709 2453 741 et

1380 751 1424 785 de
1447 751 1597 786 residuis
1617 751 1724 786 rebus
1748 751 1963 786 voluntatem
1979 761 2080 786 suam
2096 751 2301 787 defunctum
2316 751 2451 786 facien-

1379 798 1452 830 tem
1482 795 1638 830 familiae
1669 806 1726 831 res
1756 796 1889 831 servari
1911 796 2042 838 volens,
2074 795 2136 831 sed
2158 796 2194 830 in
2217 796 2375 840 proastio
2399 797 2452 830 iu-

1380 840 1548 875 stioribus
1564 840 1679 875 verbis
1697 851 1802 875 usus:
1829 841 1916 875 nihil
1934 841 2026 875 euim
2044 843 2142 876 recte
2158 841 2188 875 ei
2206 841 2454 876 alienationem

234 884 444 920 κωδικίλλου
477 899 574 940 σαφζ]
605 888 664 918 καὶ
683 898 751 939 την
776 888 857 927 περὶ
882 897 959 918 τιον
976 879 1122 919 ’λοιπων
1146 885 1310 931 πραγμά-
1326 886 1366 918 15
1380 885 1540 920 conferre
1560 885 1637 920 illas
1663 895 1707 919 ex
1736 885 1910 929 imperiali
1933 886 2001 920 hoc
2024 885 2144 920 facere
2166 885 2359 929 impellenti
2380 885 2453 919 ius-

233 944 311 965 των
339 929 488 975 γνώμην
520 931 628 964 αυτοῦ
658 943 725 964 τον
753 928 968 965 ἀπελθόντα
1002 930 1233 973 ποιήσασθαι
1265 931 1310 976 τῇ

234 975 387 1021 ᾳαμιλίᾳ
410 976 456 1009 τὰ
481 973 679 1021 πράγματα
703 973 934 1020 φυλαχθῆναι
957 973 1186 1018 βουλόμενον,
1216 974 1311 1016 πλὴν

234 1018 316 1054 ἀλλ’
344 1022 403 1055 ἐπὶ
428 1021 481 1063 τῷ
495 1023 699 1064 προαστείῳ
716 1017 946 1064 δικαιοτέροις
961 1018 1079 1065 λόγοις
1097 1019 1309 1064 κεχρῆσθαι·

232 1063 323 1109 μηδὲ
337 1065 407 1110 γὰρ
423 1063 547 1110 ὀρθῶς
571 1061 669 1106 αὐτῷ
694 1064 762 1107 τὴν
787 1065 972 1106 ἑκποίησιν
1002 1067 1195 1108 προφέρειν
1223 1065 1308 1097 ἐκεί-

1379 931 1489 965 sione.
1536 929 1807 965 Venerabilibus
1842 941 1908 974 pro
1944 930 2000 965 his
2034 930 2150 965 verbis
2186 940 2252 965 usa
2287 934 2342 965 est
2370 940 2454 974 pars

1378 975 1566 1017 alterutra,
1605 978 1678 1009 tam
1711 976 1894 1011 testatoris
1931 974 2205 1020 interpretantes
2239 975 2455 1010 voluntatem

1378 1019 1651 1109 gulaanssfflrlipstris
1687 1023 1827 1057 utentes
1862 1020 2016 1066 legibus,
2056 1030 2147 1066 quae
2185 1019 2254 1055 sibi
2289 1019 2455 1064 expedire

233 1121 298 1144 νας
333 1112 370 1143 ἐκ
401 1108 584 1153 βασιλικῆς
613 1110 720 1162 τοῦτο
752 1112 868 1144 ποιεῖν
899 1109 1162 1151 συνωθηθέντι
1192 1107 1306 1142 κελεύ-
1321 1111 1363 1143 20

234 1165 332 1194 σεως.
380 1157 517 1196 συχνοῖς
547 1167 586 1187 τε
606 1155 695 1198 νπὲρ
718 1154 860 1188 τούτων
879 1152 995 1208 λό’γοις
1018 1155 1182 1199 ἐκέχρητο
1205 1156 1308 1198 μέρος

234 1198 414 1244 ἑκάτερον,
446 1200 497 1242 πῆ
525 1201 592 1242 μὲν
624 1199 693 1242 τὴν
723 1200 785 1232 τοῦ
815 1210 1029 1243 τεστατορος
1056 1196 1308 1243 ἑρμηνεύοντες

233 1242 394 1290 γνώμην,
422 1245 473 1286 πῆ
507 1241 547 1277 δὲ
576 1246 649 1277 τοῖς
676 1240 855 1289 ἡμετέροις
882 1243 1056 1289 χρώμενοι
1079 1244 1218 1287 νόμοις,
1249 1240 1309 1278 οὓς

236 1288 353 1322 αὐτοῖς
373 1292 566 1333 συμφέρειν
589 1286 754 1333 ἡγοῦντο.

1244 1332 1399 1369 CAPUT
1423 1332 1450 1367 Ι.

301 1398 416 1444 Ἡμεῖς
442 1404 567 1434 τοίνυν
599 1399 724 1444 νόμων
755 1413 795 1434 τε
825 1403 886 1434 καὶ
917 1398 1095 1444 διαθήκης
1122 1401 1314 1446 ἑρμηνείαν
1326 1403 1367 1435 25

234 1448 471 1490 προκειμένην
502 1443 634 1479 εἰδότες
666 1442 707 1479 οὗ
733 1443 821 1491 ψιλῇ
846 1449 958 1490 κρίσει
982 1446 1082 1490 νόμῳ
1108 1444 1147 1479 δὲ
1169 1445 1311 1491 περιλα-

235 1494 314 1534 βεῖν
337 1491 406 1533 τὴν
428 1492 490 1533 ’τῆς
514 1488 725 1525 ὑποθέσεως
751 1488 866 1534 τομὴν
898 1486 1116 1534 ἡγησάμεθα
1149 1488 1235 1533 δεῖν,
1267 1487 1314 1524 ὡς

236 1533 283 1569 ἂν
310 1534 379 1578 τήν
410 1549 449 1569 τε
482 1536 670 1580 παροῦσαν
695 1532 956 1580 ἆμφιςβήτησιν
980 1533 1220 1579 διακρίνωμεν
1243 1538 1316 1569 τοῖς

234 1593 275 1614 τε
306 1579 441 1614 λοιποῖς
471 1579 729 1625 προανέλοιμεν
759 1579 826 1622 τὴν
850 1582 931 1624 περὶ
955 1581 1031 1614 τῶν
1055 1578 1233 1614 τοιούτων
1257 1594 1314 1624 φι-

1449 1398 1525 1434 Nos
1559 1399 1667 1443 igitur
1699 1399 1786 1444 legis
1822 1402 1857 1435 et
1890 1400 2092 1435 testamenti
2125 1400 2455 1445 interpretationem

1382 1444 1602 1490 propositam
1631 1455 1704 1479 non
1732 1445 1807 1480 sola
1839 1446 2032 1486 sententia,
2068 1446 2131 1480 sed
2161 1446 2238 1490 lege
2269 1445 2456 1489 complecti

1383 1489 1592 1533 cognitionis
1625 1489 1838 1525 decisionem
1866 1490 2066 1535 putavimus
2097 1495 2278 1537 oportere,
2313 1495 2353 1525 ut
2382 1492 2457 1524 tam

1382 1538 1605 1580 praesentem
1641 1535 1882 1579 quaestionem
1914 1536 2143 1571 decernamus
2176 1545 2280 1580 quam
2311 1534 2466 1578 reliquis·

1383 1580 1586 1615 auferamus
1611 1579 1655 1613 de
1677 1579 1881 1615 huiusmodi
1905 1580 2173 1615 contentionem.
2220 1580 2320 1616 Unde
2343 1579 2455 1615 subti-

235 1624 424 1658 λονεικίαν.
464 1621 556 1658 ὅθεν
580 1623 799 1669 λεπτότερόν
822 1637 862 1658 τε
886 1628 946 1658 καὶ
969 1621 1220 1679 ἆκριρέστερον
1242 1628 1315 1659 τοῖς
1328 1625 1452 1660 301ius
1475 1627 1726 1659 testamentum
1743 1625 2007 1660 considerantes
2023 1625 2138 1660 verbis
2156 1625 2245 1669 ipsis
2261 1624 2457 1660 invenimus

236 1671 299 1712 τῆς
331 1667 509 1711 διαθήκης
537 1669 801 1711 ἐπισκήψαντες
825 1666 991 1715 ῥήμασιν,
1025 1673 1142 1703 αυτοῖς
1165 1683 1314 1714 ευρομεν

236 1717 310 1747 τοῖς
342 1714 410 1748 τὸν
440 1713 570 1758 κλῆρον
599 1712 862 1756 διαδεξαμένοις
886 1717 1014 1748 παισὶν
1036 1714 1105 1757 τὴν
1130 1717 1314 1757 ἐκποίησιν

239 1756 540 1804 ἆπηγορευμένην,
565 1756 714 1792 ἐπειδὰν
736 1757 898 1799 μέλλοιεν
921 1756 1066 1792 παίδων
1081 1762 1187 1803 χωρὶς
1204 1772 1312 1792 κατα·

238 1800 337 1837 λύειν
369 1802 438 1837 τὸν
461 1806 553 1846 βίον,
585 1799 703 1836 οὐκέτι
724 1801 763 1835 δὲ
786 1805 845 1835 καὶ
867 1805 940 1836 τοῖς
963 1799 1064 1842 ἅπαξ
1087 1800 1212 1837 αὐτοὺς
1236 1802 1312 1836 δια-

1381 1669 1569 1705 heredibus
1586 1669 1836 1705 demonstratis
1854 1670 1937 1705 filiis
1954 1669 2202 1705 alienationem
2219 1668 2455 1712 interdictam,

1381 1714 1550 1759 quoniam
1580 1714 1694 1748 futuri
1722 1719 1839 1750 essent
1869 1715 1946 1749 sine
1977 1714 2058 1750 filiis
2093 1714 2191 1759 fungi
2224 1715 2349 1756 vitam,
2385 1724 2457 1749 non

1380 1759 1529 1794 ulterius
1552 1768 1634 1794 vero
1659 1759 1714 1793 his
1738 1760 1797 1803 qui
1821 1760 1934 1795 solum
1957 1759 2008 1794 eis
2025 1759 2263 1795 successerint
2277 1759 2368 1798 filiis,
2394 1758 2457 1793 sed

1380 1803 1545 1838 sufficere
1568 1803 1777 1838 defunctum
1801 1813 1913 1848 usque
1936 1803 1982 1838 ad
2000 1803 2111 1838 filium
2127 1807 2223 1839 stare
2237 1803 2455 1839 interdictio-

239 1846 437 1891 δεξομένοις
472 1850 619 1889 παισίν,
654 1844 734 1881 ἀλλ’
772 1844 962 1891 ἀρκεῖσθαι
997 1846 1062 1881 τὸν
1097 1845 1312 1882 ἀπελθόντα
1325 1850 1367 1881 35

238 1981 350 2026 leqem
381 1979 631 2016 Alexandrum
661 1980 776 2015 virum
805 1979 1102 2025 qloriosissimum
1133 1991 1195 2015 eas
1225 1980 1394 2025 adqredi,
1427 1981 1492 2025 qui
1518 1981 1660 2026 quidem
1691 1983 1725 2016 et
1754 1981 1832 2026 ipse
1856 1981 1965 2026 prius
1998 1980 2192 2016 alienasset
2213 1981 2456 2018 suburbanum

235 2025 435 2073 praedium,
466 2024 565 2070 quod
593 2024 665 2069 ipsi
694 2025 857 2059 relictum
888 2031 995 2066 esset,
1026 2025 1063 2059 in
1085 2035 1157 2075 quo
1175 2026 1320 2070 pariter
1349 2029 1458 2070 atque
1480 2024 1519 2058 in
1542 2025 1669 2060 ceteris
1691 2025 1944 2060 alienationem
1975 2026 2170 2060 communis
2194 2029 2302 2072 pater
2329 2026 2456 2072 probi-

238 2071 391 2111 buisset;
419 2073 454 2105 et
483 2072 623 2104 ceteros
652 2079 796 2114 quoque
822 2069 964 2113 fratres
992 2068 1061 2104 lzoc
1084 2071 1177 2103 idem
1206 2069 1353 2114 fecisse,
1385 2073 1494 2114 atque
1519 2068 1615 2114 leqes
1638 2073 1793 2112 nostras,
1817 2069 1878 2105 ubi
1906 2080 2027 2105 omnes
2052 2069 2230 2115 deinceps,
2261 2069 2305 2105 de
2328 2071 2457 2116 quibus

237 2114 409 2150 eiusmodi
441 2113 529 2158 quid
554 2113 767 2158 dispositum
796 2117 898 2154 esset,
929 2113 1147 2149 voluntatem
1178 2113 1343 2158 defuncti
1374 2113 1577 2155 violassent,
1609 2115 1771 2150 omnibus
1790 2125 1838 2150 ex
1862 2125 1978 2160 aequo
2005 2114 2265 2151 restitutionem
2295 2116 2456 2160 auferre,

236 2170 282 2194 ne
305 2169 384 2194 cum
407 2158 555 2193 invicem
579 2160 672 2192 alter
695 2158 845 2193 alterum
871 2158 1110 2199 convenirent,
1142 2158 1262 2194 multis
1284 2157 1428 2194 iudiciis
1450 2158 1495 2193 de
1518 2169 1591 2193 una
1615 2169 1727 2194 causa
1756 2158 2003 2195 subicerentur
2009 2171 2024 2200 ;
2052 2159 2217 2204 leqesque
2246 2158 2315 2194 hac
2344 2160 2388 2195 de
2417 2171 2457 2195 re

237 2205 332 2239 latas
362 2204 399 2238 in
431 2203 636 2238 memoriam
667 2202 772 2238 nobis
801 2202 1024 2238 revocabant.
1072 2202 1289 2239 Alexander
1311 2214 1395 2239 vero
1419 2203 1475 2239 vir
1496 2203 1778 2249 qloriosissimus
1801 2204 1925 2248 utique
1948 2203 1992 2239 de
2009 2203 2115 2238 domo
2139 2215 2282 2250 quoque
2304 2207 2458 2250 utraque

236 2254 332 2284 recte
359 2259 397 2283 se
427 2248 602 2283 actionem
632 2258 774 2283 movere
796 2247 956 2286 dicebat;
978 2248 1016 2282 in
1040 2247 1214 2283 codicillis
1237 2248 1330 2283 enim
1351 2248 1561 2293 defunctum
1584 2248 1815 2293 manifestam
1838 2251 1944 2284 etiam
1968 2248 2012 2284 de
2034 2249 2184 2294 reliquis
2206 2248 2312 2284 rebus
2334 2251 2457 2285 volun-

239 2298 345 2329 tatem
375 2303 477 2327 suam
507 2292 716 2334 reddidisse,
747 2302 826 2327 cum
851 2292 1018 2337 familiae
1046 2303 1134 2329 suae
1161 2304 1221 2328 res
1243 2294 1453 2329 conservari
1474 2293 1598 2329 vellet:
1629 2303 1750 2328 verum
1773 2293 1865 2328 enim
1889 2304 1972 2328 vero
2004 2294 2041 2328 in
2070 2293 2277 2329 suburbano
2298 2294 2456 2346 praedio

236 2338 444 2373 iustioribus
474 2337 676 2373 rationibus
705 2348 744 2372 se
776 2338 849 2372 uti:
879 2348 994 2382 neque
1024 2338 1118 2372 enim
1147 2341 1243 2373 recte
1273 2337 1357 2372 illas
1387 2337 1637 2374 alienationem
1664 2337 1735 2373 sibi
1755 2338 1903 2379 obicere,
1926 2349 2005 2373 cum
2026 2349 2076 2374 ex
2098 2338 2278 2384 imperiali
2296 2349 2396 2374 iussu
2419 2339 2459 2374 id

234 2383 362 2428 facere
392 2382 597 2428 compulsus
626 2387 728 2417 esset.
775 2383 892 2427 Atque
918 2382 1052 2418 crebris
1081 2382 1381 2428 disputationibus
1411 2382 1454 2418 de
1483 2382 1539 2417 liis
1562 2387 1715 2428 utraque
1730 2393 1826 2428 pars
1849 2393 1915 2418 usa
1938 2386 2001 2425 est,
2025 2393 2122 2417 nunc
2145 2384 2327 2419 testatoris
2348 2383 2456 2419 inter-

231 2431 421 2474 pretantes
443 2427 672 2469 voluntatem,
696 2437 791 2461 nunc
814 2427 952 2472 leqibus
974 2428 1107 2462 nostris
1130 2431 1277 2470 utentes,
1301 2438 1392 2472 quas
1414 2427 1484 2462 sibi
1505 2427 1610 2463 utiles
1625 2438 1701 2463 esse
1719 2427 2000 2473 arbitrabantur.

372 2472 399 2507 I.
447 2471 524 2507 Nos
552 2472 665 2518 iqitur
695 2476 731 2507 et
758 2472 875 2516 lequm
905 2476 941 2507 et
966 2473 1167 2507 testamenti
1198 2472 1529 2518 interpretationem
1556 2473 1787 2524 propositam
1811 2472 1939 2515 edocti,
1964 2483 2037 2508 non
2060 2471 2160 2508 nuda
2182 2473 2370 2515 sententia,
2393 2473 2458 2508 sed

237 2517 315 2562 leqev
345 2518 422 2552 eius
452 2527 584 2552 causae
613 2516 824 2552 decisionem
856 2516 1224 2562 comprehendendam
1254 2528 1331 2552 esse
1359 2517 1653 2560 existimavimus,
1684 2522 1725 2552 ut
1754 2520 1788 2553 et
1814 2520 2040 2563 praesentem
2064 2518 2344 2552 controversiam
2368 2517 2455 2552 diri-

236 2573 410 2597 meremus
441 2567 476 2597 et
507 2562 634 2597 ceteris
664 2561 709 2596 de
740 2560 914 2596 eiusmodi
943 2561 1050 2596 rebus
1082 2561 1343 2597 contentionem
1372 2562 1674 2608 praeriperemus.
1723 2560 1821 2597 Unde
1853 2561 2019 2598 subtilius
2044 2562 2320 2608 diliqentiusque
2342 2563 2457 2598 verbis

196 2612 202 2651 ι(
238 2607 438 2642 testamenti
468 2606 577 2641 innisi
607 2606 698 2652 ipsis
727 2606 848 2642 liberis
878 2605 1111 2642 hereditatem
1141 2606 1407 2652 capessentibus
1437 2606 1690 2643 alienationem
1711 2605 1934 2653 prohibitam
1958 2617 2035 2643 esse
2057 2607 2303 2653 comperimus,
2325 2607 2361 2642 si
2380 2608 2457 2642 sine

238 2651 360 2686 liberis
389 2652 462 2686 vita
493 2650 703 2695 defuncturi
734 2653 862 2692 essent,
889 2661 961 2685 non
993 2650 1144 2686 ulterius
1174 2662 1257 2687 vero
1289 2651 1335 2686 iis
1355 2662 1498 2697 quoque
1521 2651 1642 2687 liberis
1665 2653 1728 2697 qui
1752 2652 1895 2687 omnino
1919 2651 1992 2687 illis
2014 2656 2132 2688 essent
2153 2651 2371 2687 successuri:
2392 2651 2458 2687 sed

236 2697 325 2730 satis
345 2695 475 2730 nabere
495 2696 704 2740 defitnctum
727 2706 841 2739 usque
863 2694 913 2729 ad
935 2694 1066 2730 liberos
1088 2694 1366 2741 prohibitionem
1389 2696 1577 2732 statuisse:
1607 2707 1723 2742 neque
1745 2697 1836 2731 enim
1860 2707 1950 2738 eum,
1974 2697 2006 2731 si
2029 2701 2065 2732 et
2086 2697 2159 2742 ipsi
2181 2695 2300 2731 liberis
2322 2695 2457 2732 relictis

282 2833 302 2864 2
326 2832 465 2874 χωρεῖν]
490 2830 599 2863 locum
623 2831 659 2872 (ι’.
686 2843 711 2863 ε.
732 2829 869 2876 χώραν)
894 2830 1014 2863 habere
1039 2842 1059 2866 ς
1078 2829 1090 2874 ΙΙ
1117 2832 1136 2865 3
1161 2826 1250 2864 αὐτὸ
1276 2831 1322 2863 Μ

237 2876 247 2919 ΙΙ
271 2873 527 2908 καταλέλειπτο
564 2875 637 2908 ML
671 2876 777 2918 vul9.,
815 2888 897 2908 corr.
933 2875 1121 2908 Zachariae
1157 2873 1314 2916 (καταλέ-

237 2919 381 2954 λειπται
403 2921 608 2961 Huloander)
633 2919 645 2963 Ι]
668 2922 689 2953 4
713 2921 752 2952 ἐν
771 2919 852 2961 ἴσῳ]
876 2919 1096 2961 inaequaliter
1121 2932 1141 2956 ς
1161 2920 1173 2964 Ι]
1199 2915 1219 2953 ὁ
1244 2932 1313 2953 κοι-

1430 2833 1444 2864 1
1474 2830 1504 2863 ei
1527 2843 1584 2864 om.
1600 2830 1644 2863 Τι
1662 2829 1675 2873 ΙΙ
1689 2829 1842 2863 relictum
1859 2830 1891 2863 R
1906 2829 1918 2874 ΙΙ
1938 2831 1958 2862 2
1982 2839 2048 2871 quo
2072 2829 2166 2863 Beck
2181 2830 2193 2871 Ι]
2212 2828 2412 2863 alienatione
2429 2831 2459 2863 V

1381 2874 1392 2919 ΙΙ
1408 2875 1590 2917 aequaliter
1604 2876 1695 2908 Beck
1712 2875 1724 2918 ss
1742 2875 1829 2916 quod
1854 2875 1896 2915 ei]
1921 2876 2009 2916 quod
2033 2875 2079 2907 eis
2100 2875 2136 2912 V;
2162 2874 2344 2907 communis
2363 2875 2456 2908 Beck

1382 2922 1428 2963 113
1453 2921 1644 2963 competunt
1669 2920 1707 2960 T,
1735 2919 1878 2961 contigit
1905 2920 1997 2953 Beck
2024 2919 2036 2962 ΙΙ
2064 2922 2083 2953 5
2107 2919 2293 2961 depositum
2313 2919 2347 2952 V
2367 2920 2378 2961 ΙΙ
2409 2922 2456 2952 est

237 2964 310 3005 νὸς]
344 2965 432 3006 quod
465 2964 520 2997 ci?
545 2976 564 3000 ς
595 2965 607 3007 ΙΙ
639 2966 659 2998 6
683 2962 810 3005 ταύτὸ]
836 2965 905 2997 eius
929 2976 948 3000 ς
977 2965 989 3008 ΙΙ
1024 2967 1042 2998 ’7
1067 2962 1208 3008 νόμους]
1238 2966 1315 2998 cod.

239 3012 269 3050 6,
287 3018 333 3050 42,
354 3018 390 3043 11.
416 3010 496 3053 Diq.
518 3011 572 3051 31,
590 3018 622 3043 77
651 3014 667 3049 ᾗ
687 3017 720 3043 27
744 3009 756 3052 ΙΙ
782 3006 924 3042 τοιοῦτό
953 3022 989 3042 τι
1005 3011 1036 3043 L
1051 3010 1064 3053 ss
1091 3012 1110 3043 9
1135 3009 1201 3052 τὴν
1224 3005 1314 3043 οἷπο-

238 3054 462 3087 κατάστασιν
497 3050 670 3098 ἆναιρεῖν]
706 3054 976 3087 substitutionem
1009 3057 1043 3095 (i.
1071 3068 1097 3088 e.
1134 3051 1312 3088 ὑποκατά-

238 3098 382 3141 στασιν)
415 3099 522 3131 dicere
554 3112 572 3135 ς
605 3100 617 3142 ΙΙ
653 3101 691 3132 10
724 3097 894 3141 ἀλλήλους
925 3100 974 3131 La
1006 3099 1019 3142 ΙΙ
1055 3101 1094 3133 12
1123 3097 1238 3142 νόμου
1265 3100 1315 3132 L‘²

237 3142 249 3187 ΙΙ
275 3147 316 3177 14
347 3144 472 3176 οἰκιῶν
507 3143 699 3187 ἑκατέρων]
735 3143 880 3186 propriis
915 3143 1114 3177 alterutrum
1149 3146 1170 3178 i.
1204 3157 1229 3178 e.
1265 3143 1314 3177 οἱ·

238 3191 347 3221 κείων
370 3188 539 3232 ἑκάτερον
560 3190 605 3230 ςΙΙ
624 3187 754 3233 ἔλεγεν]
778 3190 868 3221 visus
892 3191 942 3220 est
958 3202 976 3224 ς
994 3188 1006 3232 ΙΙ
1022 3189 1097 3229 τοῦ]
1123 3189 1177 3221 τῶ
1202 3189 1266 3222 τοῦ
1283 3189 1314 3221 L

238 3231 250 3276 Η
268 3235 307 3266 16
341 3229 451 3265 αὑτοῦ
478 3246 545 3266 cum
571 3235 766 3266 Haloandro
789 3234 874 3275 vuly.
900 3233 912 3275 ss
939 3235 976 3267 17
1002 3232 1234 3276 βουλόμενον]
1260 3244 1314 3266 vo-

240 3277 311 3308 lens
323 3290 341 3312 ς
358 3277 369 3319 ΙΙ
392 3280 431 3311 19
443 3275 544 3320 μηδὲ]
558 3277 644 3310 nihil
658 3290 677 3314 ς
694 3278 706 3321 ΙΙ
723 3279 928 3321 προφέρειν]
946 3279 1094 3311 conferre
1109 3290 1127 3314 ς
1143 3278 1154 3322 ΙΙ
1175 3280 1215 3312 20
1234 3290 1314 3311 συν-

243 3321 436 3363 ωθηθέντι
466 3323 524 3363 M]
556 3322 834 3355 συνωθισθέντι
864 3323 894 3355 L
924 3322 1213 3368 (συγγνωσθέντι
1246 3336 1314 3356 cum

241 3367 437 3399 Haloandro
461 3368 560 3410 vulq.)
583 3367 595 3411 ss
623 3370 660 3401 21
688 3369 839 3408 συχνοῖς]
870 3368 1113 3400 venerabilibus
1138 3370 1158 3401 i.
1184 3381 1209 3401 e.
1234 3378 1314 3411 σεμ-

241 3412 313 3442 νοῖς
337 3422 356 3445 ς
385 3410 396 3453 ΙΙ
426 3412 467 3443 22
501 3413 553 3453 πῆ
584 3411 652 3453 τὴν
684 3413 751 3455 μὲν
783 3425 851 3445 cum
877 3413 1056 3455 Scrimqero
1089 3413 1176 3456 vulq.
1201 3415 1282 3446 male
1305 3411 1316 3457 ΙΙ

241 3454 451 3499 τεστάτορος
477 3456 533 3496 Μ]
556 3453 772 3498 διαθέμενον
796 3457 834 3511 Β,
851 3455 863 3500 ΙΙ
891 3458 932 3491 25
960 3457 1144 3501 ἑρμηνείας
1167 3458 1216 3490 La
1234 3457 1245 3500 ΙΙ
1273 3458 1315 3491 26
1343 3466 1345 3468 ’

243 3495 373 3531 εἰδότες
397 3513 454 3531 om.
481 3511 499 3534 ς
529 3500 541 3542 ΙΙ
571 3503 612 3535 29
637 3502 713 3534 τῶν
737 3504 924 3542 τοιουτων]
949 3501 1092 3535 τούτων
1117 3503 1147 3535 L
1171 3501 1183 3545 ΙΙ
1211 3504 1253 3535 30
1277 3514 1316 3535 τε

242 3546 302 3573 καὶ
333 3539 586 3587 ἀκριβέστερον
617 3558 674 3577 om.
701 3557 720 3580 ς
747 3545 759 3587 ΙΙ
789 3547 831 3578 32
861 3548 935 3579 ’τοῖς
965 3546 1042 3579 τῶν
1073 3544 1215 3591 κλήρων
1240 3544 1314 3579 δια-

245 3583 444 3627 δεξαμένοις
467 3588 498 3619 L
523 3589 699 3621 heredibus
723 3590 955 3623 demonstratis
974 3602 994 3627 ς
1008 3590 1020 3635 ΙΙ
1039 3589 1107 3633 τὴν
1131 3595 1315 3634 έκποίησιν

247 3646 282 3650 -ν-
300 3631 342 3662 35
368 3634 492 3663 παισίν
517 3644 575 3665 om.
601 3634 630 3665 L
647 3633 659 3676 11
679 3635 721 3666 34
746 3631 1012 3677 διαδεξομένους
1038 3636 1095 3668 Ma

1383 2978 1440 2997 om.
1455 2965 1534 2998 RT¹
1551 2967 1563 3008 ss
1581 2965 1870 3006 transgrediantur
1886 2965 1980 2997 Beck
1995 2965 2006 3005 ΙΙ
2026 2967 2044 2997 7
2062 2962 2182 3008 dicere]
2207 2964 2350 2996 adimere
2362 2964 2456 2997 Beck

1382 3009 1392 3052 [Ι
1409 3012 1577 3052 permutas
1602 3009 1663 3048 Τῆς
1694 3011 1756 3052 leq.
1788 3020 1847 3052 per
1878 3009 2020 3041 mutua?
2038 3009 2050 3046 ΙΙ
2076 3009 2146 3041 eius
2173 3008 2217 3041 Τ*
2246 3008 2259 3052 ΙΙ
2287 3010 2305 3043 8
2331 3009 2454 3049 cogita-

1382 3055 1474 3087 tione
1491 3056 1547 3099 Tss
1565 3054 1639 3087 ideo
1663 3055 1770 3097 posita
1791 3065 1851 3087 nos
1874 3066 1891 3086 r
1911 3058 1916 3090 l
1937 3054 2043 3097 suppl.
2066 3053 2115 3086 V³
2132 3055 2163 3086 in
2182 3061 2266 3096 spat.
2284 3066 2353 3086 vac.
2371 3055 2393 3097 ὲ
2409 3067 2454 3086 vs.

1382 3100 1393 3140 l}
1408 3110 1572 3132 remorare
1592 3099 1669 3133 Vre
1693 3112 1759 3132 cum
1783 3100 1889 3141 spatio
1911 3111 1983 3132 vac.
2009 3100 2028 3132 3
2055 3099 2112 3131 litt.
2138 3098 2171 3130 R
2188 3098 2200 3141 ΙΙ
2227 3100 2266 3132 10
2294 3100 2326 3130 et
2347 3111 2405 3130 om.
2427 3099 2459 3131 T

1381 3143 1393 3186 ΙΙ
1409 3144 1515 3177 iussus
1539 3144 1615 3178 RV
1630 3144 1642 3187 ΙΙ
1669 3147 1706 3178 11
1733 3143 1832 3184 enim]
1858 3154 1932 3176 eum
1953 3144 1982 3177 V
2002 3143 2014 3186 ss
2041 3144 2081 3176 12
2106 3153 2198 3175 suam
2223 3155 2280 3175 om.
2304 3142 2353 3175 R¹
2371 3142 2382 3185 ΙΙ
2405 3142 2455 3174 fa-

1383 3189 1523 3221 cientem
1547 3202 1605 3222 om.
1627 3189 1660 3222 V
1680 3187 1692 3232 ΙΙ
1725 3189 1763 3222 13
1788 3187 1934 3220 familiae
1959 3198 2010 3220 res
2033 3187 2156 3220 servari
2180 3187 2284 3227 Beck]
2308 3186 2455 3219 familiae

1382 3234 1546 3266 reseruari
1571 3234 1603 3266 T
1629 3233 1792 3266 familiare
1815 3233 1942 3265 seruari
1963 3233 1996 3265 V
2013 3232 2157 3264 familiae
2181 3231 2309 3264 seruari
2331 3232 2365 3264 R
2383 3232 2395 3273 Ι]
2414 3233 2455 3265 14

1382 3279 1468 3311 nihil
1493 3278 1581 3311 enim
1602 3278 1648 3319 V]
1672 3277 1835 3310 nichilum
1860 3278 1927 3310 ΕΤ
1946 3277 2033 3309 nihil
2054 3279 2137 3320 vus‘q.
2156 3276 2168 3319 ΙΙ
2188 3279 2228 3310 16
2252 3276 2454 3308 uenerabili-

1382 3323 1443 3355 bus
1464 3324 1601 3366 Vvul9.]
1626 3322 1801 3355 uenalibus
1827 3322 1860 3355 R
1891 3321 2079 3355 uenialibus
2105 3322 2136 3354 Τ
2161 3322 2173 3363 ΙΙ
2205 3323 2243 3354 17
2269 3321 2454 3353 testationis

1385 3369 1417 3400 T
1439 3367 1451 3411 ss
1479 3368 1729 3410 interpretantis
1750 3368 1835 3408 libri,
1860 3380 1941 3400 corr.
1967 3367 2061 3399 Beck
2089 3366 2101 3409 ΙΙ
2132 3367 2172 3399 18
2203 3375 2301 3406 quam
2333 3364 2454 3397 nostris

1383 3426 1441 3446 om.
1464 3413 1494 3445 V
1506 3413 1517 3456 ΙΙ
1536 3414 1666 3445 utentes
1679 3412 1785 3453 Beck]
1804 3412 1930 3444 utentis
1948 3412 2015 3444 ΒΤ
2028 3410 2197 3443 utentibus
2222 3410 2273 3452 Vss
2292 3411 2333 3443 25
2349 3409 2453 3441 inter-

1381 3457 1566 3499 pretatione
1590 3457 1760 3500 proposita
1777 3457 1954 3490 Heimbaclz
1973 3456 1984 3496 ΙΙ
2001 3457 2043 3489 26
2067 3455 2140 3497 lege
2156 3455 2256 3497 vulg]
2274 3454 2341 3495 legi
2353 3453 2457 3485 RVT

1382 3502 1393 3545 ss
1408 3502 1564 3544 completi
1587 3502 1659 3534 RV
1678 3503 1692 3544 Ι]
1722 3503 1762 3535 27
1789 3501 1952 3534 decisione
1972 3501 2035 3534 VT
2046 3500 2058 3543 ss
2083 3504 2121 3532 ut
2144 3501 2222 3539 tam]
2246 3497 2348 3530 uitam
2375 3497 2422 3528 Τι
2437 3497 2450 3540 ΙΙ

1349 3564 1351 3574 ι
1384 3549 1425 3580 29
1448 3547 1691 3589 contemptione
1715 3546 1763 3578 R¹
1784 3545 2062 3587 contemptionem
2077 3544 2126 3577 ΒΞ
2143 3542 2269 3586 nunde]
2293 3551 2360 3572 non
2382 3541 2426 3574 Va
2441 3542 2453 3583 ΙΙ

1383 3593 1425 3624 30
1450 3592 1555 3634 ipsius
1573 3592 1604 3624 Τ
1615 3591 1627 3634 ΙΙ
1645 3592 1687 3625 32
1712 3593 1794 3624 esset
1813 3592 1846 3624 Τ
1857 3590 1869 3634 ΙΙ
1888 3590 1959 3631 fugi
1981 3590 2014 3622 V
2026 3590 2038 3632 ΙΙ
2053 3590 2095 3622 33
2114 3587 2232 3633 solum]
2249 3585 2346 3617 semel
2362 3586 2453 3617 Beck

1383 3637 1394 3679 ΙΙ
1417 3636 1489 3668 eius
1514 3637 1548 3669 R
1576 3636 1588 3679 ΙΙ
1616 3637 1844 3668 successerunt
1870 3636 1901 3667 T
1923 3634 1935 3678 ΙΙ
1966 3633 2030 3666 filii
2051 3633 2087 3674 V,
2116 3644 2174 3664 om.
2200 3630 2232 3663 R
2259 3629 2271 3672 ΙΙ
2301 3631 2341 3664 34
2367 3628 2451 3663 *de-

1383 3681 1574 3715 functorum
1599 3682 1686 3721 libri,
1710 3680 1865 3712 defuncto
1884 3679 1978 3712 Beck
2447 3693 2453 3697 ·
