2586 3990
291 118 399 163 Nov.
429 117 545 162 CXX
573 130 636 172 pr.
668 120 688 159 1

473 324 650 378 ΠΕΡΙ
681 260 1172 378 ΕΚΙῗλἨΗΣΕῼΣ

287 393 426 446 ΚΑΙ
472 391 1015 445 ΕΜΦῩΤΕῩΣΕΩΣ
1062 390 1357 444 ΕΚΚΑΗ-

370 458 771 513 ΣΙΑΣΤΙΚῼΝ
800 457 1276 512 ΠΡΑΓΜΑΤῼΝ.

350 669 389 708 ‘0
412 668 521 707 αὗτός
542 670 709 717 βασιλεὺς
731 674 858 718 Πέτρῳ
882 668 1026 717 ἐπάρχῳ
1051 674 1296 717 πραιτωρίων.

339 740 643 786 (Προοίμιον.)
687 738 841 774 Πολλῶν
864 742 923 773 καὶ
939 737 1128 785 διαφόρων
1146 736 1273 783 νόμων
1295 739 1356 774 ἐπὶ

1346 111 1434 158 578

1392 541 1411 573 5
1425 526 1944 580 CONTRACTIBUS

2098 124 2163 159 'DE
2191 127 2496 162 ALIENATIONB

1837 258 1944 296 CXX.
1989 261 2100 297 Auth.
2113 260 2220 297 CXV.
2246 261 2333 298 0011.
2342 261 2395 297 IX
2406 261 2462 298 fit.
2471 264 2494 299 3

1420 327 1473 376 R
1498 327 1592 376 DE
1622 326 2087 380 ALIENATIONE
2124 331 2215 380 ET
2245 331 2496 380 EMPHY-

1425 393 1628 444 TEOSI
1674 395 1765 444 ΕΤ
1811 394 2197 448 LOOATIONE
2247 399 2338 447 ET
2383 398 2494 447 HY-

1425 460 1757 512 POTHEOIS
1812 463 1903 512 ET
1949 463 2127 515 ALIIS
2180 464 2493 515 DIVERSIS

2002 531 2076 581 IN
2127 531 2493 583 UNIVERSIS

1492 595 1686 647 LOCIS
1723 597 1959 647 RERUM
1995 597 2353 650 SACRARUM
2381 601 2435 649 R

1748 673 1845 709 Idem
1868 674 1959 719 Aug.
1985 674 2090 711 Petro
2114 687 2174 722 pp.

1490 739 1536 786 <P
1545 751 1563 775 r
1572 750 1621 776 ae
1633 741 1720 776 fati
1729 741 1780 783 o.)
1825 741 1949 778 Multis
1979 747 2014 778 et
2045 743 2190 780 diversis
2219 744 2354 788 legibus
2387 754 2495 790 super

284 789 362 821 ταῖς
385 784 588 829 έκποιήσεσι
619 788 678 819 καὶ
709 783 943 831 έμφυτεύσεσι
975 788 1034 818 καὶ
1061 782 1268 828 μισθώσεσι
1298 787 1358 818 καὶ
1426 785 1698 822 alienationibus
1735 790 1771 822 et
1801 787 2087 833 emphyteosibus
2123 792 2158 824 et
2190 789 2425 824 locationibus
2459 794 2495 825 et

283 832 329 878 τῇ
360 830 468 878 λοιπῇ
500 828 670 875 διοικήσει
701 831 779 865 τῶν
798 829 1101 883 έκκλησιαστικῶν
1120 827 1358 883 ’πραγμάτων
1372 833 1414 865 10
1426 831 1561 875 reliqua
1583 831 1889 867 administratione
1912 833 2234 869 ecclesiasticarum
2257 843 2375 869 rerum
2395 834 2493 878 plan-

282 876 540 966 Ξειτησᾴντων
563 873 771 920 συνείδομεν
800 875 925 910 πάντα
955 887 1008 918 τῳ
1033 886 1190 920 παροντι
1213 872 1356 920 περιλα-

328 935 362 956 bv
384 934 495 967 νθμῳ.

1421 876 1583 966 Ιιὲἒέἰὸιιε
1606 877 1844 921 praevidimus
1869 888 1989 915 omnes
2005 879 2185 924 praesenti
2200 878 2496 923 comprehendere

1277 1032 1433 1070 CAPUT
1456 1033 1485 1069 Ι.

351 1102 575 1156 Θεσπίζομεν
606 1103 740 1142 τοίνυν,
775 1097 954 1153 μηδξμίαν
988 1097 1117 1136 ἄδειαν
1151 1102 1245 1144 ἔχειν
1275 1101 1357 1136 τοὺς

283 1143 506 1182 διοικοῦντας
528 1159 574 1180 τα
599 1146 794 1192 πράγματα
817 1157 879 1189 της
899 1144 991 1179 κατὰ
1012 1145 1080 1188 τὴν
1094 1143 1266 1190 βασιλίδα
1290 1145 1356 1183 πό-

1492 1100 1677 1136 Sancimus
1701 1100 1808 1145 igitur
1837 1101 1971 1136 nullam
1998 1100 2130 1137 habere
2152 1102 2329 1138 licentiam
2353 1102 2495 1138 ordina-

1423 1149 1519 1182 tores
1543 1155 1661 1181 rerum
1685 1145 1791 1181 huius
1822 1146 1939 1190 regiae
1971 1146 2122 1182 civitatis
2152 1148 2398 1183 sanctissimae
2421 1157 2494 1182 ma-

283 1190 340 1227 λιν
363 1190 566 1247 ἁγιωτάτης
578 1189 733 1237 μεγάλης
757 1189 941 1245 ἐκκλησίαις
963 1187 986 1234 ἢ
1007 1186 1309 1238 ὅρφανοτροφείου
1334 1190 1356 1235 ἢ
1372 1194 1411 1226 15
1423 1191 1508 1227 ioris
1528 1190 1699 1226 ecclesiae
1721 1195 1785 1225 aut
1803 1192 2097 1245 orphanotrophii
2116 1197 2178 1228 aut
2196 1192 2409 1228 xenodochii
2432 1196 2495 1227 aut

282 1234 500 1292 ξξνοὸοχείου
539 1251 561 1280 η
593 1239 883 1281 πτωχοτροφείου
911 1249 934 1279 η
958 1240 1196 1290 νοσοκομείουη
1213 1235 1237 1280 ἢ
1251 1235 1356 1271 ἄλλου

281 1283 428 1329 ευαγοῦς
459 1282 554 1316 οἴκου
585 1283 625 1315 ἐν
653 1282 697 1328 τῇ
722 1278 882 1325 βασιλίδι
913 1279 1017 1315 πόλει
1045 1294 1123 1324 ητοι
1143 1295 1196 1335 ,τῃ
1225 1281 1357 1325 ταύτης

1423 1236 1689 1316 ἓῐοοὶιοῐτορὴίἰ
1732 1239 1794 1271 aut
1829 1236 2023 1272 nosocomii
2064 1242 2128 1272 aut
2161 1237 2252 1273 aliae
2286 1237 2494 1273 venerabilis

1448 1291 1549 1317 omus
1572 1281 1609 1316 in
1633 1281 1700 1316 hac
1725 1281 1819 1326 regia
1843 1282 1985 1317 civitate
2008 1282 2080 1317 sive
2103 1283 2140 1318 in
2165 1283 2239 1318 eius
2260 1283 2389 1319 finibus
2410 1293 2493 1318 con-

281 1329 402 1373 ἕνορίᾳ
425 1326 664 1374 τυγχάνοντος
684 1326 927 1382 1(ἐξῃρημιὲνιῑον
949 1326 1077 1371 μόνων
1108 1340 1184 1361 των
1215 1326 1356 1373 εὖαγῶν
1424 1327 1581 1369 stitutae,
1613 1326 1770 1371 exceptis
1793 1327 2053 1363 venerabilibus
2082 1329 2316 1372 monasteriis,
2346 1327 2495 1364 vendere

279 1376 546 1426 μοναστηρίων)
576 1379 794 1416 πιπράσκειν
825 1370 847 1414 ἢ
878 1368 1079 1427 ὃφρεῖσθαι
1107 1370 1130 1415 ἢ
1158 1368 1356 1406 ἄνταλλάτ-

1424 1374 1486 1407 aut
1516 1372 1648 1407 donare
1683 1375 1746 1406 aut
1779 1374 1994 1407 commutare
2029 1378 2092 1416 aut
2127 1374 2192 1409 sub
2228 1374 2365 1410 alterno
2401 1373 2493 1408 dono

280 1431 358 1452 τειν
378 1431 401 1462 η
423 1419 484 1452 ἐπὶ
507 1415 700 1462 ἀντιδώρῳ
725 1414 869 1451 διδόναι
893 1431 914 1459 η
937 1414 1140 1460 οἱῳδήποτε
1159 1415 1257 1461 ἄλλῳ
1274 1417 1355 1463 τρό-
1369 1418 1410 1451 20
1424 1418 1507 1453 dare
1530 1421 1594 1452 aut
1615 1417 1775 1461 quolibet
1793 1417 1862 1453 alio
1884 1418 1987 1453 modo
2011 1418 2165 1454 alienare
2187 1429 2262 1454 rem
2284 1418 2495 1454 immobilem

280 1476 340 1506 πῳ
365 1463 522 1518 ἐκποιεῖν
547 1464 696 1517 πρᾷγμα
719 1458 890 1505 ἀκίνητον
914 1458 937 1504 ἢ
961 1461 1149 1505 πολιτικὴν
1172 1459 1356 1506 σίτησινῆ
1423 1466 1486 1498 aut
1510 1462 1644 1498 civilem
1669 1472 1845 1497 annonam
1875 1464 1939 1498 aut
1961 1463 2134 1498 rusticum
2164 1464 2394 1509 mancipium,
2426 1464 2494 1499 nisi

279 1521 476 1556 γεωργικον
494 1505 737 1554 ἀνδράποδον,
762 1507 792 1541 εἰ
814 1506 863 1551 μὴ
887 1507 977 1554 πρὸς
999 1505 1189 1551 βασιλικὸν
1212 1507 1311 1542 οἶκον
1333 1507 1354 1551 ἡ

280 1551 486 1600 ἀνταλλαγὴ
504 1556 652 1601 γένηται
670 1550 782 1606 μόηνη·
809 1548 890 1586 ἀλλ’
909 1548 993 1586 οὐδὲ
1012 1554 1211 1596 παροικικῷ
1228 1550 1355 1596 δικαίῳ

1423 1507 1468 1542 ad
1499 1507 1715 1552 imperialem
1749 1507 1891 1549 domum
1921 1509 2149 1545 commutatio
2188 1509 2264 1545 sola
2293 1509 2392 1544 facta
2421 1513 2491 1552 est3

1423 1552 1484 1588 sed
1515 1562 1628 1598 neque
1657 1553 1701 1588 de
1733 1553 1867 1588 colonis
1905 1554 1998 1589 iuste
2035 1553 2112 1589 dari
2143 1554 2227 1599 quid
2259 1554 2493 1590 concedimus.

280 1596 458 1633 δίδοσθαι
485 1612 522 1633 τι
546 1610 805 1645 συγχωρουμεν.
853 1596 917 1631 τὰς
940 1595 980 1631 δὲ
1002 1595 1228 1642 ἐμφυτεύσεις
1256 1597 1354 1644 παρὰ
1423 1597 1673 1643 Emphyteosis
1694 1608 1775 1633 vero
1797 1608 1819 1632 a
1839 1598 2025 1644 praedicta·
2042 1600 2264 1635 sanctissima
2283 1599 2416 1635 maiore
2435 1609 2492 1634 ec-

280 1644 342 1687 τῆς
361 1644 542 1689 εἰρημένης
565 1641 768 1696 ἁγιωῖάτης
789 1641 942 1688 μεγάλης
965 1641 1149 1697 ἐκκλησίας
1171 1645 1233 1686 τῆς
1250 1646 1353 1688 βασι·
1368 1645 1409 1678 25
1423 1643 1531 1680 clesia
1553 1643 1670 1688 regiae
1694 1643 1847 1680 civitatis
1877 1646 1914 1679 et
1936 1647 2210 1681 memoratorum
2234 1644 2311 1680 fieri
2332 1644 2493 1680 iubemus

279 1686 376 1723 λίδος
399 1688 539 1724 πόλεως
562 1692 621 1722 καὶ
636 1701 714 1723 των
730 1687 1061 1732 μνημονευθέντων
1084 1688 1226 1734 ευαγῶν
1246 1687 1357 1722 οἴκων

348 1780 432 1814 Νου.
451 1780 556 1814 CXX
576 1780 741 1822 (Authent.
759 1779 826 1812 CX
831 1778 866 1811 V
882 1795 924 1807 =
951 1779 1031 1812 Coll.
1044 1779 1105 1812 IX
1127 1780 1225 1813 tit.3:
1251 1780 1362 1823 yloss.)
1390 1779 1513 1814 Graece
1538 1786 1625 1812 extat
1649 1780 1681 1812 in
1708 1779 1788 1817 ML,
1818 1780 1899 1813 Coll.
1914 1780 2034 1813 XXV
2051 1780 2262 1823 capitulorum
2288 1782 2330 1814 24
2351 1782 2407 1821 (=
2435 1781 2492 1822 C),

277 1832 410 1870 praeter
427 1826 622 1869 prooemium
647 1831 676 1857 et
699 1824 857 1867 epiloqum
881 1825 915 1856 in
938 1823 975 1856 B
999 1824 1031 1865 5,
1053 1831 1171 1865 2,1—·1.
1198 1831 1283 1859 9—13
1307 1825 1394 1864 (inde
1415 1825 1600 1867 particulae
1624 1826 1656 1857 in
1678 1824 1727 1857 Β8
1751 1826 1787 1857 Ε
1809 1826 1861 1866 11,
1882 1832 1948 1858 2-7
1968 1838 2002 1868 p.
2022 1825 2086 1859 298
2112 1825 2227 1867 Zaclz„
2262 1828 2436 1860 summaria
2460 1827 2493 1859 in

281 1870 408 1914 Ecloya
420 1870 505 1904 Bas.
523 1870 596 1904 libr.
610 1869 742 1912 I—X);
762 1868 947 1912 particulae
964 1868 1089 1911 aliquot
1104 1870 1137 1902 in
1159 1869 1237 1903 C'oll.
1251 1870 1397 1902 LXXX
1405 1869 1474 1902 VII
1486 1869 1697 1912 capitulorum
1719 1871 1848 1903 14—17
1866 1870 1953 1910 (inde
1969 1871 2001 1903 in
2019 1872 2198 1913 appendice
2210 1870 2448 1905 Nomocanonis
2461 1871 2492 1904 L

281 1916 441 1950 titulorum
464 1927 536 1959 cap.
559 1915 633 1949 eccl.
659 1915 791 1948 12—14
809 1926 844 1956 p.
870 1914 933 1947 665
955 1913 1086 1956 Voell.);

1119 1927 1231 1958 pauca
1255 1915 1349 1948 habet
1375 1915 1552 1947 Procliiron
1578 1916 1630 1956 15,
1663 1915 1763 1958 plura
1787 1915 1992 1959 Epanaqoqe
2019 1917 2058 1949 10
2083 1916 2160 1956 (vid.
2186 1917 2299 1959 infra).
2325 1935 2369 1940 —
2400 1917 2491 1960 Epit.

281 1961 479 1995 Theod.120
502 1961 590 2002 (inde
605 1961 763 2003 pleraque
782 1960 894 2002 repetit
910 1958 970 1998 ΒΓ,
990 1958 1012 2002 ξ
1028 1961 1112 1993 1-—7
1127 1961 1224 1993 schol.
1238 1959 1292 2002 L),
1315 1961 1436 1993 Athan.
1451 1961 1482 2001 2,
1496 1966 1513 1992 2
1534 1960 1622 2001 (inde
1638 1960 1670 1992 A
1685 1961 1718 2003 s.
1733 1961 1798 1993 226
1822 1957 1937 1993 τίτλος
1953 1955 2009 2005 ιγ’,
2038 1961 2116 1994 Colt.
2131 1968 2229 1994 const.
2243 1964 2315 1996 eccl.
2329 1961 2392 1994 ΙΙΙ
2407 1962 2438 2003 2,
2451 1962 2491 2003 2).

279 2006 401 2040 Iulian.
424 2013 522 2040 const.
547 2005 638 2040 CXI
655 2006 727 2047 (qui
748 2004 920 2046 exemplum
945 2004 1103 2037 Graecum
1128 2017 1190 2037 non
1215 2012 1279 2038 tam
1303 2006 1335 2037 in
1359 2017 1508 2037 summam
1532 2005 1657 2048 redeyit
1679 2017 1775 2047 quam
1800 2006 1846 2037 ad
1867 2007 1994 2038 verbum
2015 2006 2196 2048 expressit).

341 2063 398 2095 pr.
422 2052 518 2085 habel
544 2051 624 2084 Call.
649 2049 870 2083 LXXXVII
888 2061 959 2091 cap.
976 2050 1018 2083 14
1041 2048 1129 2090 (inde
1153 2061 1229 2092 app.
1254 2049 1431 2083 Nomocan.
1458 2050 1477 2082 ἱ.
1494 2061 1521 2082 c.
1539 2050 1603 2090 12).

1329 2168 1437 2205 CXX.

634 2238 736 2291 DE
766 2236 1258 2290 ALIENATIONE
1288 2236 1381 2287 ΕΤ
1409 2235 1866 2288 ΕΜΡΗῩΤΕΠΕΙ
1895 2237 2145 2289 RERUM

1031 2303 1740 2356 ECCLESIASTICARUM.

949 2383 1050 2420 Idem
1075 2386 1261 2430 Λαμπείας
1283 2382 1394 2419 Petro
1413 2384 1608 2430 praefecto
1629 2385 1828 2429 praetorio.

412 2453 677 2499 Praefatio.
727 2452 812 2489 Cum
841 2452 975 2488 multae
1009 2456 1044 2487 et
1072 2453 1196 2488 variae
1225 2451 1320 2498 leqes
1355 2450 1398 2486 de
1429 2451 1707 2487 alienationibus
1742 2457 1777 2488 et
1805 2451 2093 2500 emphyteusibus
2126 2455 2162 2487 et
2190 2451 2428 2489 locationibus
2456 2457 2491 2491 et

272 2559 345 2595 pre
370 2546 510 2582 endere.

277 2502 418 2583 reliiua
433 2511 552 2537 rerum
568 2499 888 2536 ecclesiasticarum
912 2497 1222 2533 administratione
1237 2497 1497 2543 promulgatae
1511 2498 1597 2540 sint,
1619 2497 1731 2533 visum
1751 2502 1803 2533 est
1825 2498 1929 2533 nobis
1952 2497 2070 2533 omnia
2091 2498 2276 2543 praesenti
2298 2498 2375 2544 leqe
2397 2509 2490 2535 eom-

410 2592 439 2627 Ι.
486 2589 677 2626 Sancimus
707 2589 819 2635 iqitur
855 2589 904 2640 iis
929 2588 993 2635 qui
1023 2588 1278 2623 administrant
1315 2598 1375 2623 res
1404 2587 1649 2623 sanctissimae
1677 2587 1826 2622 maioris
1856 2587 2024 2622 ecclesiae
2058 2588 2096 2622 in
2126 2588 2239 2641 reqia.
2261 2587 2404 2625 civitate
2437 2589 2493 2641 vel

279 2635 587 2685 orphanotrophia·
620 2634 678 2670 vel
698 2633 918 2670 xenodochzi
947 2633 1006 2670 vel
1027 2632 1305 2680 ptochotrophii
1335 2632 1391 2668 vel
1412 2633 1611 2668 nosocomii
1639 2633 1695 2668 vel
1716 2632 1810 2667 alius
1833 2632 2043 2668 venerabilis
2065 2632 2191 2668 domus
2224 2644 2261 2668 m
2283 2633 2386 2679 reqia
2409 2635 2490 2669 cim-

278 2688 351 2720 1ate
373 2682 429 2718 vel
449 2681 549 2718 intra
556 2680 663 2761 'fines
690 2680 767 2715 eius
789 2680 880 2714 sitae
910 2679 1085 2725 (exceptis
1113 2677 1202 2714 solis
1224 2676 1483 2713 venerabilibus
1505 2677 1742 2720 monasteriis)
1774 2688 1847 2728 non
1878 2677 1985 2712 licere
2008 2677 2159 2713 vendere
2189 2678 2246 2713 vel
2272 2677 2408 2714 donare
2436 2679 2494 2715 vel

271 2731 485 2775 permutare
514 2737 556 2762 ve
600 2725 639 2760 in
661 2725 984 2760 remunerationem
1015 2724 1103 2759 dare
1132 2722 1188 2759 vel
1217 2722 1290 2758 alio
1315 2722 1390 2758 ullo
1413 2722 1522 2758 modo
1545 2721 1704 2758 alienare
1735 2733 1808 2758 rem
1833 2721 2044 2758 immobilem
2075 2722 2132 2758 vel
2152 2733 2333 2758 annonam
2355 2723 2490 2759 civilem

277 2774 334 2810 vel
365 2772 538 2808 rusticum
571 2769 808 2816 mancipium,
843 2769 915 2805 nisi
949 2779 1029 2804 cum
1063 2768 1167 2815 reqia
1201 2767 1307 2803 domo
1334 2767 1556 2814 permutatio
1590 2767 1670 2803 sola
1701 2767 1769 2813 fiat
1777 2780 1792 2810 ,·
1828 2767 1893 2803 sed
1925 2777 1970 2801 ne
2003 2766 2203 2802 coloniario
2238 2767 2379 2813 quidem
2413 2768 2491 2803 iure

278 2818 474 2866 quidquam
497 2815 580 2852 dari
598 2815 848 2863 permittimus.
896 2812 1158 2861 Emplzyteuses
1180 2817 1297 2850 autem
1321 2824 1344 2848 a
1364 2812 1554 2859 praedicta
1583 2813 1810 2848 sanctissima
1840 2812 1975 2848 maiore
2004 2812 2152 2848 ecclesia
2182 2812 2306 2858 reqiae
2336 2812 2490 2848 civitatis

323 2937 340 2969 1
356 2934 443 2967 rubr.
464 2932 610 2974 Περὶ-
622 2926 846 2975 πραγμάτων
859 2929 981 2969 MLB]
1005 2930 1094 2973 Περὶ
1109 2925 1351 2970 ἐκκλησιαστι-

277 2978 355 3012 κῶν
377 2978 395 3010 ἐ
422 2976 627 3022 φυτεύσεων
649 2978 709 3008 καὶ
732 2972 854 3007 ἄλλων
876 2971 1084 3019 κεφαλαίων
1113 2974 1192 3007 Coit.
1212 2974 1252 3006 87
1278 2984 1350 3016 cap.

278 3025 367 3069 Περὶ
383 2990 571 3068 gaudeam
586 3018 889 3062 ἐκκλησιαστικῶν
906 3017 1112 3063 κεφαλαίων
1132 3015 1235 3058 (ἐκκλ.
1253 3013 1350 3061 διαφ.

278 3082 317 3102 κε
346 3094 353 3101 .
378 3069 422 3110 Α)
457 3068 533 3100 Aah.
580 3067 668 3110 Περὶ
703 3062 1006 3108 ἐκκλησιαστικῶν
1043 3060 1352 3108 συναλλαγμάτων

279 3115 312 3148 Τ
331 3114 399 3148 eod.
431 3109 535 3154 Ἄλλη
560 3108 722 3150 διάταξις
744 3111 826 3154 περὶ
850 3107 1047 3153 ἐκκλησιῶν
1075 3110 1104 3143 C
1121 3109 1134 3152 11
1161 3111 1178 3142 7
1195 3112 1291 3142 inser.
1314 3106 1352 3140 Ὁ

278 3156 386 3192 aethe
407 3155 574 3202 βασιλεὺς
596 3157 725 3199 Πέτρῳ
758 3150 920 3201 (Ἰωάννῃ
945 3156 990 3196 Α)
1018 3153 1160 3198 ἐπάρχῳ
1193 3164 1350 3197 πραιτω-

277 3207 368 3249 ρίων
389 3204 464 3237 ΔιΙι.
478 3203 546 3244 (Α),
569 3214 645 3244 app.
659 3202 803 3242 Nomoc.,
816 3202 846 3241 ς]
873 3213 930 3233 οηι.
945 3200 1062 3239 MLC',
1093 3199 1172 3233 Call.
1188 3200 1228 3233 87
1244 3210 1316 3242 cap.
1339 3195 1352 3241 11

280 3252 317 3283 11
345 3247 612 3294 φοιτησάντων]
636 3245 867 3289 plantantibus
887 3246 921 3286 (i.
937 3258 963 3278 e.
981 3243 1238 3290 φυτευσάντων
1247 3243 1277 3285 ⁸2)
1298 3253 1318 3279 c
1340 3244 1350 3285 11

278 3290 379 3328 ἅπαν
407 3294 435 3327 C'
465 3288 612 3326 ἅπαντα
638 3304 712 3334 app.
738 3291 851 3332 Nom.,
875 3303 933 3325 om.
959 3290 1039 3323 Coll.
1063 3291 1104 3323 87
1125 3301 1210 3332 cap.,
1241 3297 1351 3321 omnes

277 3341 311 3379 (i.
327 3353 352 3373 e.
375 3337 527 3380 πάντας)
550 3349 570 3373 ς
595 3338 607 3380 11
637 3338 676 3370 13
701 3338 823 3369 τοίνυν
847 3348 905 3368 om.
922 3335 958 3368 B
980 3336 992 3377 11
1022 3335 1115 3376 ἔχειν
1138 3330 1266 3367 ἄδειαν
1292 3331 1350 3385 011

279 3385 321 3418 14
343 3381 454 3417 πόλιν
477 3395 534 3415 om.
563 3382 592 3416 Ο
613 3381 626 3425 11
658 3383 698 3415 15
720 3378 872 3425 μεγάλης
897 3380 1035 3420 LBCe]
1069 3392 1127 3413 om.
1152 3379 1197 3433 At
1221 3378 1234 3423 11
1263 3378 1304 3412 16
1327 3389 1349 3420 η

278 3429 567 3472 πτωχοτροφείου
591 3439 648 3459 om.
669 3426 723 3469 011
743 3428 782 3460 18
805 3421 1048 3470 τυγχάνοντας
1064 3425 1094 3458 L
1111 3424 1125 3467 11
1142 3435 1268 3463 μονων
1291 3435 1348 3456 om.

284 3476 327 3509 Cf
343 3474 356 3516 11
382 3476 423 3507 19
447 3470 677 3506 ἐναλλάττειν
705 3472 734 3504 0
752 3470 765 3514 11
790 3471 832 3504 20
856 3471 916 3504 ἐπὶ
939 3466 1144 3514 ἀντιδώρῳ]
1175 3470 1214 3501 ἐν
1238 3468 1350 3503 παντὶ

280 3515 385 3561 δώρῳ
407 3519 471 3552 Cv.
486 3519 506 3552 Ι.
525 3517 537 3560 11
555 3518 597 3551 23
615 3518 757 3562 γένοιτο
776 3513 869 3558 μόνη
889 3516 936 3548 Β*
967 3513 1060 3557 μόνη
1103 3516 1226 3555 ἐνηται
1246 3513 1276 3547 0
1294 3513 1349 3558 γε’·

280 3575 384 3603 νηται
427 3561 514 3595 όνον
537 3561 688 3605 L‘tvulq.
705 3560 718 3604 11
735 3556 819 3593 οὐδὲ
847 3560 934 3601 ΟΒἿ
959 3557 1042 3593 οὔτε
1090 3559 1190 3592 {LB¹
1212 3558 1225 3596 ΙΙ
1249 3569 1348 3601 προι-

280 3606 366 3647 κικῷ
392 3575 518 3647 fixam»
543 3607 572 3640 0
592 3606 631 3639 de
648 3605 775 3639 colonis
793 3606 878 3638 iuste
895 3617 914 3640 e
934 3606 1132 3646 (τουτέστιν
1148 3603 1208 3636 ἵνα
1225 3614 1349 3647 παροι-

280 3650 452 3684 κοτόπιον
472 3648 611 3684 δίδοται
630 3664 656 3684 ε.
669 3663 699 3684 v.
714 3652 820 3684 adscr.
837 3650 881 3692 L)
897 3649 910 3693 11
935 3650 976 3683 25
992 3647 1143 3696 μεγάλης
1159 3647 1267 3689 L⁶Ccl
1290 3660 1347 3681 om.

281 3691 409 3730 ML·B
424 3694 438 3741 fl
456 3697 498 3729 26
522 3691 662 3740 alayde
684 3693 793 3728 οἴκων
815 3708 874 3729 om·
900 3706 920 3731 ς

1489 2929 1509 2961 2
1534 2930 1567 2959 et
1590 2926 1785 2970 emphiteosi
1806 2926 1851 2967 R]
1884 2925 2092 2969 emphiteosis
2112 2926 2145 2958 V
2170 2925 2396 2968 emphiteoseos
2420 2926 2453 2959 T
2478 2926 2490 2970 11

1422 2973 1442 3005 4
1462 2971 1538 3005 aliis
1563 2985 1621 3005 om.
1643 2971 1699 3015 Vn
1717 2973 1733 3004 7
1761 2972 1855 3005 inser.
1881 2984 1939 3004 om.
1955 2971 1987 3004 T
2001 2970 2013 3014 11
2030 2973 2049 3005 9
2074 2970 2328 3013 emphiteosibus
2349 2971 2490 3012 RVffla

1422 3019 1498 3050 libri
1509 3018 1587 3060 sere
1610 3019 1803 3055 constanter)
1826 3016 2036 3049 enfiteosibus
2050 3016 2107 3059 Τ11
2126 3017 2165 3050 10
2187 3015 2316 3056 reliqua
2341 3016 2388 3056 Τ]
2412 3015 2488 3049 reli-

1420 3072 1503 3103 quae
1527 3062 1626 3105 RV„
1650 3061 1972 3095 *administrationis
1995 3061 2100 3095 RVT
2118 3059 2136 3126 11
2154 3060 2362 3093 ecclesiarum
2387 3061 2491 3104 RVn

1420 3107 1648 3150 plantantibus
1674 3107 1725 3140 T¹
1738 3108 1839 3150 cula}
1860 3105 2065 3149 plantatibus
2086 3106 2119 3139 V
2160 3108 2191 3140 in
2215 3118 2282 3140 ras.
2316 3105 2488 3148 plantibus

1420 3152 1468 3184 Β*
1492 3152 1532 3185 de
1553 3151 1722 3195 plantibus
1744 3152 1795 3184 R²
1818 3151 1979 3194 plantatis
2002 3150 2082 3195 Τ’11
2107 3152 2148 3186 13
2161 3153 2247 3184 rubr.
2267 3150 2364 3184 Nulli
2388 3150 2487 3184 licere

1419 3208 1487 3230 rem
1511 3197 1763 3230 ecclesiasticam
1787 3197 1929 3229 uendere
1956 3197 1988 3230 T
2007 3198 2040 3230 in
2063 3209 2133 3230 mar
2156 3220 2164 3228 .
2194 3196 2207 3239 11
2235 3197 2351 3238 igitur]
2376 3195 2487 3237 itaque

1421 3243 1453 3275 T
1461 3243 1547 3287 vulq.
1569 3242 1582 3285 11
1615 3244 1655 3276 14
1678 3242 1802 3284 regiae}
1825 3241 1873 3274 rei
1897 3241 1945 3274 Β*
1969 3241 1983 3285 11
2013 3243 2054 3275 15
2077 3251 2130 3274 ecc
2147 3241 2231 3274 esise
2254 3254 2311 3274 om.
2332 3240 2383 3274 R*
2433 3250 2485 3272 or-

1419 3287 1623 3330 fanotrophii
1639 3288 1670 3321 T
1689 3286 1927 3330 orphanotrofli
1947 3286 1997 3330 Vll
2013 3286 2188 3319 xenodoxii
2211 3285 2395 3320 Vsenoaoo
2418 3284 2443 3316 ii
2458 3284 2490 3317 T

1419 3332 1630 3365 xenodochiis
1645 3333 1689 3365 R*
1707 3333 1719 3376 11
1737 3335 1795 3364 aut
1819 3345 1876 3365 om.
1891 3332 1963 3364 RV
1978 3332 1990 3373 11
2009 3333 2047 3365 16
2067 3331 2290 3375 ptocotrophii
2311 3330 2344 3364 V
2358 3331 2483 3371 ptotro-

1419 3376 1487 3409 chis
1501 3378 1532 3410 R
1554 3377 1686 3421 ptophii
1701 3378 1732 3410 T
1745 3378 1757 3420 11
1774 3376 1967 3410 nosochonii
1983 3377 2014 3409 R
2031 3377 2043 3420 11
2060 3376 2134 3409 aliis
2149 3378 2222 3420 (pro
2234 3375 2319 3408 alius
2327 3373 2358 3415 Y)
2379 3375 2483 3406 adscr.

1429 3422 1513 3455 17³⁸.
1527 3435 1555 3455 υ.
1575 3422 1587 3466 11
1603 3421 1808 3455 uenerabiles
1829 3421 1943 3465 V¹Tu
1964 3424 2002 3455 17
2029 3421 2142 3454 domui
2162 3421 2214 3454 Ra
2231 3420 2244 3464 11
2262 3420 2301 3454 18
2323 3421 2483 3451 monaste-

1413 3466 1487 3510 Jiis]
1523 3467 1674 3500 domibus
1697 3467 1903 3500 monasteriis
1929 3467 1961 3500 T
1983 3466 1996 3509 11
2026 3467 2177 3507 vendere]
2210 3465 2268 3497 aut
2290 3462 2431 3496 uendere
2456 3463 2488 3496 T

1418 3513 1501 3555 vulq.
1520 3511 1533 3555 11
1554 3515 1593 3546 19
1617 3515 1840 3545 commutuare
1862 3512 1909 3545 V¹
1929 3510 1942 3555 11
1958 3511 2043 3544 dono
2066 3511 2138 3544 dari
2158 3509 2192 3543 V
2207 3508 2282 3541 dare
2306 3506 2391 3539 dono
2417 3508 2448 3540 R
2473 3507 2485 3553 11

1419 3557 1460 3589 20
1485 3556 1550 3588 alio
1576 3570 1632 3590 om.
1649 3558 1682 3590 Τ
1699 3556 1711 3602 11
1731 3559 1773 3591 ’22
1797 3558 1838 3590 ud
1862 3569 1919 3590 om.
1936 3557 1996 3597 T’,
2020 3557 2055 3589 in
2074 3554 2126 3589 Τ*
2141 3554 2154 3597 Ι
2167 3552 2237 3586 solo
2260 3551 2313 3594 Vn
2331 3553 2371 3585 23
2396 3552 2483 3585 iusto

1426 3601 1483 3643 Vll
1499 3601 1631 3642 quidem
1657 3603 1689 3636 T
1710 3602 1723 3647 11
1753 3603 1794 3637 25
1819 3602 1911 3644 regia
1931 3601 1981 3635 V·
2009 3601 2023 3644 11
2049 3598 2311 3638 memoratorum]
2336 3597 2481 3630 locorum

1419 3647 1496 3680 add.
1510 3648 1595 3691 vulq-
