2618 4010
694 629 714 639 A

688 646 719 683 A

98 766 105 773 .
166 719 340 775 ΠΕΡΙ
362 719 511 772 ΤΩΝ
538 716 1072 772 ΚΛΗΡΟΝΟΜῼΝ
1103 716 1242 769 ΚΑΙ

405 788 549 840 TOY
579 784 999 841 ΦΑΛΚΙΔΙΟῩ.

163 887 409 934 Αὐτοκράτωρ
436 885 685 922 Ἰουστινιανὸς
707 884 916 938 Αὔγουστος
941 881 1091 931 Ἰωάννῃ
1113 886 1166 928 τῷ
1189 886 1243 918 ἐν·

162 932 347 978 δοξοτάτῳ
360 931 507 991 ἐπάρχῳ
523 933 600 967 τῶν
616 931 724 977 ἱερῶν
737 932 799 972 τῆς
822 932 886 963 Εω
902 930 1118 974 praetoriwv
1133 929 1176 964 τὸ
1195 929 1244 974 β’,

430 978 503 1014 απὸ
525 973 675 1011 ὑπάτων
697 977 757 1008 καὶ
779 978 971 1022 πατρικίῳ.

207 1047 266 1092 (Π
269 1060 290 1092 ρ
299 1059 318 1080 ο
326 1059 346 1081 ο
355 1049 371 1081 t
375 1060 403 1091 μ
412 1060 424 1080 ι
432 1058 452 1080 ο
461 1044 511 1089 ν.)
543 1040 858 1087 Ἐνησχολημένοις
875 1038 961 1087 ἡμῖν
977 1045 1059 1101 περὶ
1075 1041 1137 1077 τὰς
1152 1039 1241 1077 ἁπά-

162 1103 225 1135 σης
247 1093 308 1135 τῆς
331 1089 510 1127 πολιτείας
533 1086 739 1135 φροντίδας,
763 1090 823 1121 καὶ
845 1087 977 1135 μικρὸν
1000 1087 1106 1123 ουδέν
1126 1087 1239 1135 αἱρου-

160 1139 281 1179 μένοις
310 1136 460 1175 ἐννοεῖν,
491 1130 566 1167 ἀλλ’
601 1129 702 1167 ὅπως
731 1129 778 1167 ἂν
802 1135 941 1178 Πέρσαι
975 1136 1043 1176 μὲν
1066 1131 1240 1181 ἠρεμοῖεν,

164 1178 333 1215 Βανδίλοι
350 1176 390 1212 δὲ
407 1177 475 1213 σὺν
496 1182 737 1227 Μαυρουσίοις
754 1175 983 1220 ὑπακούοιεν,
997 1176 1241 1225 Καρχηδόνιοι

1839 630 1855 677 1
2127 635 2232 680 (3011.
2247 634 2267 680 Ι
2282 631 2343 681 tit.
2364 635 2392 679 1.

1476 718 1530 766 R
1570 717 1664 766 DE
1703 714 2098 765 HEREDIBUS
2138 717 2230 764 ET

1687 782 2029 833 FALOIDIA.

1472 930 1560 974 Imp.
1583 929 1802 966 Iustinianus
1825 929 1916 974 Aug.
1942 928 2094 964 Iohanni
2117 939 2178 973 pp.
2202 928 2248 964 ΙΙ.

1357 1042 1410 1087 <P
1418 1052 1436 1076 r
1444 1041 1514 1076 aef
1523 1042 1583 1076 ati
1594 1041 1651 1086 ο.>
1698 1042 1893 1087 Occupatis
1918 1041 2021 1077 nobis
2040 1041 2137 1077 circa
2155 1041 2266 1076 totius
2280 1040 2400 1086 reipu-

1311 1087 1428 1122 blicae
1447 1096 1563 1129 curas,
1589 1091 1624 1121 et
1647 1097 1797 1131 parvum
1813 1087 1901 1122 nihil
1917 1087 2128 1132 eligentibus
2147 1086 2316 1131 cogitare,
2339 1087 2401 1121 sed

1311 1136 1488 1176 quatenus
1513 1131 1643 1166 Persae
1664 1131 1803 1176 quidem
1823 1133 2021 1177 quiescant,
2040 1132 2196 1167 Vandali
2216 1142 2298 1167 vero
2319 1142 2400 1166 cum

1311 1177 1449 1212 Mauris
1480 1176 1682 1216 oboediant,
1707 1177 1941 1212 Carchedonii
1962 1180 2082 1213 autem
2104 1177 2290 1230 antiquam
2310 1177 2398 1212 reci-

161 1224 201 1259 δὲ
218 1222 285 1277 τὴν
298 1221 460 1258 παλαιὰν
478 1221 726 1277 ἆπολαβᾷντεὲ·
743 1224 857 1266 ἔχοιεν
871 1222 1092 1272 ἐλευθερίαν,
1113 1223 1241 1266 Τζάνοι
1259 1226 1297 1258 10
1312 1222 1449 1267 pientes
1467 1221 1625 1256 habeant
1642 1222 1855 1264 libertatem,
1874 1226 1909 1256 et
1923 1222 2037 1257 Tzani
2050 1233 2144 1257 nunc
2163 1232 2318 1267 primum
2331 1222 2399 1257 sub

160 1283 199 1303 τε
229 1282 296 1303 νυν
327 1270 478 1322 πρῶτον
502 1266 573 1304 ὑπὸ
603 1282 671 1312 την
711 1271 892 1313 Ρωμαίων
921 1269 1109 1316 γενόμενοι
1140 1267 1240 1304 πολι-

157 1316 259 1347 τείαν
282 1314 323 1347 ἐν
345 1311 515 1356 υπηκόοις
538 1313 675 1348 τελοῖεν
704 1314 825 1355 (τοῦτο
854 1310 943 1360 ὅπερ
967 1314 1069 1350 οὔπω
1094 1318 1153 1348 καὶ
1176 1315 1242 1348 νῦν

159 1357 252 1414 πλὴν
283 1360 344 1394 ἐπὶ
374 1360 436 1402 τῆς
454 1359 624 1404 ἡμετέρας
638 1357 831 1438 (βασιλείας
847 1356 991 1393 δέδωκε
1014 1357 1200 1404 Ῥωμαίοις
1223 1355 1242 1392 ὁ

159 1404 269 1457 deos),
298 1405 502 1459 ἐπιρρεόυιζι
534 1407 593 1438 καὶ
624 1404 637 1438 ι’
663 1407 806 1438 ιωτικαὶ
859 1403 1019 1450 ροντίδες
1042 1404 1142 1451 παρὰ
1165 1404 1243 1438 τῶν

1312 1267 1555 1302 Romanorum
1587 1266 1675 1302 facti
1707 1267 1895 1311 republica
1919 1268 2013 1302 inter
2036 1268 2218 1302 subiectos
2241 1267 2400 1302 habean-

1312 1315 1381 1356 tur,
1413 1312 1509 1357 quod
1540 1311 1696 1347 nondum
1720 1312 1894 1347 hactenus
1918 1312 1988 1347 nisi
2012 1313 2078 1347 sub
2102 1316 2226 1347 nostro
2250 1312 2399 1356 imperio

1312 1358 1411 1393 dedit
1433 1357 1605 1393 Romanis
1629 1358 1734 1401 deus,
1764 1358 1955 1392 incurrunt
1978 1357 2087 1392 etiam
2111 1358 2280 1403 propriae
2304 1357 2399 1392 solli-

1313 1403 1490 1438 citudines
1514 1412 1536 1436 a
1560 1402 1693 1438 nostris
1719 1402 1889 1438 subiectis
1922 1412 2062 1447 semper
2086 1403 2283 1441 nuntiatae,
2315 1412 2399 1446 qua-

156 1451 341 1493 ημετέρων
372 1462 546 1492 υπηκοων
567 1446 624 1504 ἀεὶ
648 1461 824 1503 προςαχγε
847 1446 1005 1503 λόμςναι,
1032 1449 1086 1484 ὡν
1111 1449 1241 1495 ἑκάστῃ
1260 1454 1298 1485 15
1314 1459 1392 1484 rum
1423 1447 1571 1492 singulis
1607 1448 1748 1493 quidem
1787 1448 1913 1483 damus
1950 1451 2210 1492 compete-ntem
2239 1447 2399 1482 formam.

156 1496 224 1538 μὲν
247 1491 394 1539 δίδομεν
416 1493 483 1528 τὸν
501 1506 724 1541 προςηκοντα
741 1507 869 1529 τυπον.
914 1494 1033 1529 οπόσα
1053 1493 1092 1529 δὲ
1116 1496 1243 1537 συχνῆς

156 1541 223 1583 μὲν
253 1536 427 1574 ἀπολαύει
457 1540 519 1583 τῆς
550 1538 642 1574 κατὰ
671 1542 775 1587 μέρος
804 1539 997 1594 βοηθείας,
1028 1538 1165 1575 δυνατὰ
1203 1538 1246 1574 δέ

157 1587 259 1619 ἐστιν
281 1588 299 1618 ἒ
321 1587 507 1632 γραφέντα
529 1582 632 1629 νόμῳ
657 1584 780 1628 κοινὴν
801 1582 916 1621 α’πασι
935 1583 1062 1619 δοῦναι
1092 1584 1161 1629 τὴν
1184 1583 1238 1630 ἐφ’

156 1628 207 1663 οἷς
228 1643 250 1672 χ
273 1627 294 1673 ἦ
316 1642 419 1664 ovat-v
449 1626 637 1676 ὠφέλειαν,
668 1631 787 1664 ταῦτα
810 1631 938 1684 χρῆναι
962 1633 1156 1685 νομίζομεν
1179 1634 1240 1664 καὶ

1313 1494 1564 1538 Quaecumque
1572 1504 1655 1528 vero
1676 1493 1856 1538 frequenti
1873 1493 2014 1538 quidem
2035 1493 2222 1538 potiuntur
2235 1503 2300 1537 per
2318 1502 2400 1537 par-

1312 1543 1366 1574 tes
1398 1539 1549 1581 auxilio,
1580 1538 1770 1584 possibilia
1798 1541 1918 1573 tamen
1946 1541 2031 1573 sunt
2060 1539 2197 1582 scripta
2227 1538 2306 1582 lege
2328 1537 2402 1617 git>

1312 1594 1534 1620 communem
1565 1584 1730 1619 omnibus
1764 1586 1967 1629 praestent,
1998 1583 2034 1618 in
2066 1584 2194 1628 quibus
2220 1593 2310 1628 opus
2361 1592 2399 1616 a·

1311 1629 1411 1672 bent,
1434 1629 1636 1671 utilitatem,
1662 1629 1753 1664 haec
1777 1631 1944 1674 oportere
1967 1631 2136 1673 putamus
2158 1631 2194 1663 et
2218 1628 2296 1672 lege
2317 1637 2399 1663 san-

156 1687 249 1719 νομο
281 1676 406 1718 ετῆσαι
437 1678 497 1709 καὶ
529 1672 761 1721 παραδοῦναι
783 1679 858 1710 τοῖς
881 1688 1052 1719 υπηκοοις
1076 1673 1237 1710 αὐτόθεν
1252 1679 1294 1711 20
1309 1675 1382 1710 cire
1402 1677 1438 1710 et
1456 1674 1599 1710 tradere
1617 1674 1788 1709 subiectis
1806 1684 1871 1719 per
1890 1684 1928 1709 se
1948 1674 2107 1709 iuvantia
2120 1675 2157 1709 et
2174 1684 2247 1709 non
2260 1683 2402 1718 semper

155 1720 383 1764 βοηθοῦντα,
408 1723 468 1754 καὶ
485 1718 535 1765 μὴ
552 1721 614 1764 τῆς
630 1717 685 1754 ἀεὶ
698 1718 890 1755 κελεύσεως
909 1722 971 1764 τῆς
984 1722 1022 1756 ἐκ
1039 1722 1117 1756 τιῦν
1135 1725 1236 1766 βασι-

1308 1722 1329 1756 1
1376 1720 1534 1755 iussione
1559 1720 1820 1765 Imperatorum
1838 1719 1988 1764 egentia.
2042 1719 2188 1764 Semper
2208 1719 2316 1764 igitur
2337 1729 2401 1754 no-

155 1766 177 1800 1
226 1763 320 1799 λέων
343 1762 505 1807 δεόμενα.
550 1764 621 1799 Ἀεὶ
645 1769 770 1800 τοίνυν
789 1764 877 1810 ἡμᾶς
901 1765 1110 1820 ἐνοχλοῦσιν
1121 1765 1157 1800 οἱ
1170 1768 1239 1811 μὲν
1308 1765 1365 1801 bis
1391 1765 1588 1810 importuni
1620 1767 1705 1800 sunt
1736 1765 1797 1799 alii
1835 1764 1976 1809 quidem
2005 1775 2071 1809 pro
2101 1764 2223 1809 legatis
2253 1763 2400 1805 relictis,

154 1806 246 1856 ὑπὲρ
278 1813 484 1854 πρεσβείων
516 1809 852 1855 καταλελειμμένων
876 1823 916 1845 ου
939 1810 1012 1856 μὴν
1037 1809 1239 1856 διδομένων

155 1855 370 1901 προςιόντες,
393 1856 428 1890 οἱ
453 1853 492 1889 δὲ
510 1854 741 1898 ἐλευθεοιῶν,
765 1855 802 1890 οἱ
820 1854 860 1890 δὲ
878 1855 999 1903 ἑτέρου
1017 1854 1126 1897 τινός,
1150 1853 1239 1904 ὅπερ

1308 1821 1380 1846 non
1410 1814 1530 1845 tamen
1561 1809 1733 1855 praebitis
1767 1809 1959 1851 adeuntes,
1992 1810 2054 1845 alii
2085 1820 2167 1845 vero
2204 1819 2271 1854 pro
2295 1808 2400 1843 liber-

1308 1856 1456 1899 tatibus,
1482 1856 1543 1890 alii
1573 1856 1618 1890 ob
1644 1855 1741 1890 aliud
1768 1855 1964 1900 quoddam,
1999 1856 2095 1900 quod
2118 1854 2400 1890 transmittentes

155 1899 190 1933 οἱ
207 1901 275 1944 μὲν
293 1898 518 1945 παραδόντες
534 1901 616 1935 τοὺς
636 1889 781 1956 ,ἶλήρους
804 1899 967 1945 δοθῆναί
985 1913 1085 1936 τισιν
1103 1900 1125 1945 ἢ
1143 1904 1237 1949 γενέ·
1253 1904 1293 1938 25
1308 1901 1449 1946 quidem
1486 1900 1703 1936 hereditates
1739 1900 1818 1936 dari
1855 1900 2066 1945 quibusdam
2102 1902 2167 1936 aut
2201 1899 2278 1934 fieri
2317 1909 2399 1934 con-

155 1944 250 1979 ’σθαι
273 1943 498 1987 διετάξαντο,
528 1945 564 1980 οἱ
586 1943 627 1980 δὲ
648 1945 869 1993 αγνωμόνως
892 1950 952 1980 καὶ
974 1948 1053 1982 τῶν
1076 1944 1238 1994 πραγμά-

1308 1946 1522 1989 stituerunt,
1560 1945 1726 1982 indevote
1765 1947 1886 1981 autem
1924 1950 1959 1980 et
1997 1956 2054 1981 res
2096 1945 2231 1981 adeunt
2266 1948 2301 1979 et
2339 1954 2400 1979 eas

155 2003 234 2024 των
251 1991 414 2036 ἐφίενται
434 1991 631 2026 καὶταῦτα
650 1991 882 2047 λαμβάνουσι,
904 1995 964 2026 καὶ
980 1991 1023 2026 τὸ
1044 1990 1241 2027 κελευσθὲν
1309 1991 1533 2038 percipiunt,
1570 1994 1606 2026 et
1633 1991 1728 2036 quod
1761 1995 1817 2026 est
1850 1991 1987 2026 iussum
2021 2002 2095 2026 non
2131 1991 2286 2031 faciunt,
2320 2000 2401 2024 cum

156 2034 197 2069 οὐ
222 2034 416 2083 πληροῦσι·
449 2039 608 2083 καίτοιγε
636 2040 696 2071 καὶ
720 2049 793 2072 τοις
816 2035 930 2071 πάλαι
953 2050 996 2071 νο
1045 2038 1173 2072 θ’έταις
1196 2037 1242 2071 εἵ-

155 2093 242 2136 ρητο
272 2078 460 2135 προςήῖιειν
493 2080 556 2116 τὰς
589 2083 669 2116 τῶν
700 2079 959 2117 τελευτώντων
1014 2080 1241 2124 ιατυπώσεις,

1311 2037 1435 2082 utique
1473 2037 1580 2072 etiam
1611 2045 1634 2071 a
1664 2037 1846 2072 veteribus
1884 2036 2149 2081 legislatoribus
2186 2036 2320 2070 dictum
2354 2035 2401 2069 sit

1313 2085 1516 2127 competere
1554 2081 1795 2116 deficientium
1839 2081 2111 2126 dispositiones,
2155 2090 2400 2125 quaecumque

154 2137 237 2160 οσαι
265 2125 315 2171 μὴ
345 2139 523 2170 μαχονται
539 2125 678 2181 (νόμοις,
715 2128 805 2162 πᾶσι
829 2126 1063 2183 πληροζισθαι
1083 2125 1241 2181 τρόποις(
1257 2131 1297 2164 30
1312 2138 1385 2163 non
1409 2130 1612 2173 repugnant
1634 2126 1783 2171 legibus,
1809 2127 1973 2161 omnibus
1997 2126 2111 2162 modis
2132 2125 2281 2171 impleri.
2330 2125 2399 2160 Sed

152 2168 242 2205 Ἀλλ’
269 2169 395 2215 ἐπειδὴ
414 2171 497 2206 τοὺς
515 2185 611 2206 ουτω
633 2175 900 2220 γεγραμμένους
919 2184 1048 2218 νομους
1064 2171 1131 2217 ἤδη
1150 2187 1244 2207 κατα

154 2215 197 2250 τὸ
226 2215 398 2251 πλεῖστον
426 2214 676 2261 ἀμεληθένταε
706 2214 865 2265 εὕρομεν,
896 2215 1182 2262 ἀνακτήσασθαί
1203 2231 1243 2252 τε

1314 2174 1481 2217 quoniam
1510 2173 1562 2207 ita
1591 2172 1728 2216 positas
1758 2173 1854 2217 leges
1884 2172 1956 2206 iam
1987 2172 2195 2216 plerumque
2221 2171 2400 2215 neglectas

1313 2218 1523 2260 invenimus,
1548 2227 1717 2262 reparare
1742 2227 1802 2253 eas
1826 2217 2061 2253 iudicavimus
2086 2220 2253 2262 oportere
2269 2219 2305 2251 et
2325 2219 2400 2251 tam

200 2285 286 2319 Nov.
308 2286 335 2319 Ι
360 2286 418 2327 (=
447 2286 527 2320 Call.
552 2287 577 2320 I
605 2288 652 2321 eit.
678 2290 713 2321 1:
746 2287 859 2330 qloss.)
895 2287 1020 2321 Graece
1045 2295 1134 2321 extat
1159 2289 1192 2321 in
1217 2288 1302 2329 ML,
1333 2289 1408 2321 inde
1429 2300 1451 2320 a
1475 2287 1578 2320 medio
1603 2288 1711 2329 capite
1736 2295 1749 2320 1
1775 2288 1808 2320 in
1832 2287 1875 2328 A,
1908 2299 1983 2330 cap.
2009 2293 2087 2319 1-4
2119 2288 2154 2319 in
2184 2286 2216 2318 Β
2240 2287 2295 2326 41,
2321 2293 2348 2325 4,
2374 2293 2398 2323 1,

153 2343 295 2375 prooem.
320 2332 354 2364 in
378 2326 449 2363 ΒΣ.
474 2350 519 2356 —
549 2332 640 2374 Epit.
677 2333 799 2365 Theod.
826 2340 850 2372 ¹,
880 2332 1044 2365 Albanas.
1071 2333 1104 2372 9,
1129 2340 1155 2365 1.
1202 2333 1326 2365 Iulian.
1352 2339 1453 2365 const.
1477 2332 1508 2364 I.

633 2518 736 2570 DE
769 2517 1191 2570 HEREDIBUS
1215 2454 1310 2570 E}
1340 2518 1531 2571 LEGE
1560 2519 1918 2571 FALC'IDIA.

247 2610 329 2655 Imp.
354 2610 558 2645 lastinianus
581 2610 623 2644 A.
647 2611 801 2652 Iohanni,
834 2611 1067 2655 yloriosissimo
1087 2613 1257 2654 praefecto
1281 2623 1376 2645 sacro
1405 2612 1549 2645 Orientis
1569 2613 1739 2655 praetorio
1765 2613 1888 2652 iterum,
1914 2610 2082 2644 exconsuli
2101 2617 2131 2644 et
2149 2612 2302 2654 patricio.

292 2676 549 2723 Praefatio.
600 2675 796 2724 Occupatis
826 2677 931 2713 nobis
959 2678 1150 2713 universae
1179 2677 1403 2723 reipublicae
1431 2677 1546 2720 euris,
1577 2689 1644 2714 nea
1669 2678 1782 2724 parvi
1814 2677 1904 2730 quid
1926 2677 2048 2712 animo
2073 2676 2309 2723 aqitantibuS,
2332 2678 2400 2713 sed

157 2722 338 2768 quomodo
363 2721 501 2757 Persae
524 2721 723 2767 quiescant,
750 2722 910 2758 Vandali
923 2733 1002 2758 eum
1021 2722 1164 2758 Mauris
1189 2722 1396 2764 oboediant,
1423 2722 1558 2758 Cartha
1586 2724 1741 2759 inienses
1758 2723 1958 2770 pristinam
1983 2722 2184 2758 libertatem
2199 2733 2396 2769 reeupera-

159 2773 231 2802 tam
256 2767 461 2808 obtineant,
488 2765 673 2818 Tzanique
695 2777 792 2802 nunc
810 2768 971 2813 primum
995 2767 1246 2803 Romanorum
1271 2767 1493 2813 reipublicae
1518 2734 1669 2803 subiecti
1694 2769 1790 2804 inter
1809 2767 1974 2803 subditos
1993 2766 2196 2802 habeantur
2220 2767 2272 2809 (id
2324 2767 2399 2802 uod

158 2811 317 2847 nondum
348 2811 525 2847 hactenus
551 2811 621 2846 nist
651 2811 717 2846 sub
747 2817 876 2847 nostro
907 2813 1061 2859 imperio
1086 2812 1186 2848 dedit
1207 2811 1385 2847 Romanis
1408 2812 1522 2855 deus),
1553 2813 1719 2859 affluunt
1741 2813 1850 2848 etiam
1865 2813 2040 2860 privatae
2063 2823 2173 2847 curae
2197 2823 2220 2847 a
2243 2823 2287 2847 su
2312 2812 2398 2847 ditis

157 2858 294 2893 nostris
321 2867 463 2903 semper
491 2855 651 2899 delatae,
681 2867 837 2902 quarum
868 2868 972 2893 suam
1003 2858 1132 2903 cuique
1156 2857 1424 2893 convenientem
1445 2857 1609 2902 formam
1632 2858 1770 2892 damus.
1818 2857 2075 2903 Quaecumque
2099 2868 2184 2893 vero
2207 2857 2397 2904 frequenti

157 2902 370 2949 smqulatim
400 2900 545 2937 auxilio
573 2901 766 2946 fruuntur,
797 2901 830 2937 le
856 2914 875 2937 e
904 2907 1024 2938 autem
1046 2903 1260 2949 perscripta
1289 2913 1510 2937 communem
1540 2902 1705 2938 omnibus
1728 2903 1790 2938 ubi
1814 2914 1907 2949 opus
1930 2907 1984 2938 est
2006 2902 2199 2937 utilitatem
2217 2902 2397 2949 praebere

152 2950 321 2992 possunt,
352 2958 395 2982 ea
427 2946 505 2992 leqe
528 2945 726 2981 sancienda
748 2946 815 2982 sub
841 2946 973 2992 itisque
998 2947 1176 2982 tradenda
1197 2947 1419 2993 putavimus,
1438 2958 1510 2993 per
1532 2958 1572 2982 se
1595 2947 1738 2983 auxilio
1761 2948 1896 2993 futura
1918 2958 1983 2983 nee
1997 2951 2182 2994 perpetua
2198 2947 2395 2993 imperato-

156 2995 177 3028 1
222 3002 303 3026 rum
334 2991 492 3026 iussione
523 2990 736 3036 indiqentia.
830 2990 980 3037 Semper
1010 2992 1125 3038 iqitur
1156 2992 1341 3038 neqotium
1373 2991 1478 3026 nobis
1511 2992 1704 3037 facessunt
1737 2993 1803 3028 alii
1825 2996 1986 3039 propter
2016 2992 2139 3044 leqata
2169 2992 2298 3027 relicta
2328 3002 2395 3027 nee

161 3041 279 3072 tamen
295 3036 480 3083 praestita
497 3045 566 3071 nos
579 3034 764 3078 adeuntes,
789 3035 854 3071 alii
870 3041 1030 3082 propter
1049 3036 1244 3079 libertates,
1261 3036 1326 3071 alii
1336 3040 1490 3088 propter
1506 3036 1610 3072 aliud
1627 3037 1727 3082 quid,
1751 3038 1853 3084 quod
1862 3038 1927 3083 qui
1938 3036 2156 3073 hereditates
2171 3037 2397 3082 reliquerunt

158 3081 241 3116 dari
264 3081 480 3127 quibusdam
509 3084 575 3116 aut
601 3080 683 3125 fieri
711 3080 911 3116 iusserunt:
940 3082 973 3116 ei
996 3092 1080 3117 vero
1113 3081 1244 3127 quibus
1267 3081 1461 3127 obtinqunt
1491 3081 1653 3127 improbe
1676 3086 1713 3117 et
1735 3087 1915 3129 appetunt
1946 3082 2042 3117 bona
2066 3087 2102 3117 et
2124 3082 2310 3127 accipiunt
2330 3091 2396 3116 nec

157 3127 258 3161 iussa
289 3129 544 3172 exequuntur;
577 3125 717 3161 tametsi
740 3136 763 3160 a
792 3125 972 3161 veteribus
1000 3126 1108 3161 etiam
1138 3126 1172 3161 le
1198 3125 1408 3161 islatoribus
1437 3125 1573 3161 dictum
1595 3126 1645 3161 sit
1667 3126 1927 3172 defunctorum
1951 3127 2221 3173 dispositiones,
2245 3126 2278 3160 si
2300 3137 2395 3171 quae

160 3171 299 3217 leqibus
321 3182 396 3207 non
420 3174 642 3217 repuqnant,
667 3170 833 3206 omnibus
855 3170 973 3206 modis
995 3181 1073 3207 esse
1095 3171 1168 3218 imp
1185 3171 1307 3206 endas.
1355 3170 1431 3206 Sed
1453 3171 1627 3217 quoniam
1651 3170 1749 3217 leqes
1771 3172 1824 3207 ita
1848 3172 2078 3218 conscriptas
2101 3171 2174 3205 iam
2198 3181 2332 3216 maqna
2346 3181 2395 3206 ex

203 3259 294 3308 ἀρχὴ
324 3259 391 3294 σὺν
420 3260 500 3303 θεῷ
532 3260 610 3293 τῶν
639 3260 796 3306 Νεαρῶν
824 3256 1078 3294 Ἰουστινιανοῦ
1105 3274 1165 3294 -;
1198 3258 1237 3293 αἱ

158 3307 236 3386 ’3ῶῖ
259 3304 429 3385 ”ὗ“’ἶῧῖἶι
446 3303 842 3394 (ἔῖγῖἴῖεῗαῖιὶἐιῖἶῗνᾶέ
866 3303 1061 3384 ῗ“ἶιέἶμ,ῗῗ’
1084 3307 1237 3384 ἶῖἔνῖἴῷ

159 3362 312 3430 ugo-332}
345 3362 678 3441 φαλκῗδίουρῇηϋη
709 3408 771 3438 quo
801 3363 962 3428 rugricam
988 3363 1236 3439 ρνάῖεεὲεάίεμίη-

131 3461 133 3464 ⁴
158 3444 292 3494 ser-iptio
315 3454 345 3475 v.
360 3443 451 3483 3—5)
473 3441 509 3474 B
533 3441 652 3497 Athan.
663 3452 699 3518 ἴ.
719 3441 748 3474 0
754 3440 805 3473 VI
823 3440 928 3493 Index
944 3441 1237 3518 rfyinaefgfiiffi

159 3499 237 3564 κς,
253 3483 453 3574 attin
471 3486 625 3563 Μᾱῗ-[ῑ
642 3497 984 3574 ipsasmet
998 3497 1239 3576 sgnum,

160 3577 207 3608 M
230 3578 468 3621 πραιτωρίων
492 3577 522 3608 L
547 3574 559 3618 ΙΙ
582 3578 600 3608 5
631 3577 834 3619 πατρικίων
859 3575 902 3607 Μ
925 3574 937 3616 ΙΙ
958 3578 978 3608 6
1007 3571 1147 3608 ἁπάσας
1177 3572 1240 3607 τὰς

159 3621 246 3672 (τῆςΥ
257 3621 318 3659 12⁵²)
341 3621 373 3654 L
395 3620 455 3674 u,7
482 3617 600 3663 οὐδὲν]
631 3617 672 3652 οὗ
701 3617 773 3662 μὴν
802 3621 833 3652 L
860 3619 872 3663 ΙΙ
911 3622 951 3673 19
975 3622 1125 3662 τηανοιῩ
1149 3620 1203 3652 M¹
1227 3616 1239 3662 [Ι

162 3667 203 3698 23
226 3666 317 3708 νπὲρ
341 3663 507 3710 ληγατων
529 3667 736 3710 πρεσβείων
756 3665 786 3697 L
805 3664 817 3708 ss
841 3666 883 3698 24
903 3675 1013 3710 ουπερ
1034 3666 1154 3710 (ουπερ
1179 3664 1241 3706 L2)

165 3710 193 3742 L
209 3709 221 3752 ΙΙ
241 3712 279 3743 31
306 3708 434 3753 νόμους
457 3723 516 3743 om.
542 3711 574 3743 L

224 3762 276 3790 Ill.

1302 3318 1448 3349 praescr.
1464 3306 1535 3338 ΒΤ
1540 3307 1568 3338 V
1581 3305 1594 3349 ss
1621 3308 1639 3339 2
1655 3306 1821 3350 Falcidia]
1847 3308 2043 3340 constitutio
2056 3307 2164 3348 prima
2183 3304 2221 3352 R

1354 3263 1368 3294 1
1395 3261 1437 3292 In
1462 3261 1596 3294 nomine
1616 3262 1743 3294 domini
1760 3263 1867 3295 nostri
1885 3263 2003 3304 (nostri
2019 3275 2079 3296 om.
2103 3263 2144 3301 V)
2171 3262 2246 3294 Iesu
2268 3262 2395 3295 Christi

2213 3321 2222 3334 r
2249 3308 2326 3340 add.
2355 3308 2386 3340 V

1306 3350 1502 3383 constitutio
1531 3351 1640 3393 prima
1682 3353 1715 3384 et
1749 3352 1777 3383 si
1812 3352 1908 3384 heres
1943 3352 2052 3394 legata
2087 3351 2213 3390 solvere
2246 3333 2395 3384 noluerit

1307 3396 1384 3428 add.
1415 3396 1448 3428 R
1479 3397 1566 3428 rubr.
1604 3394 1616 3439 ss
1641 3399 1660 3430 3
1690 3397 1708 3428 1
1740 3397 1812 3438 (sic)
1843 3391 1919 3438 aeg.
1952 3397 2031 3428 1051
2064 3387 2107 3439 [ἐρ
2136 3396 2196 3430 ssd
2218 3397 2263 3437 R,
2294 3398 2391 3431 inser.

1308 3453 1366 3472 om.
1399 3438 1460 3484 Vss
1487 3442 1505 3472 7
1528 3450 1646 3482 parum
1666 3442 1773 3475 RTV
1791 3441 1803 3485 ΙΙ
1835 3443 1853 3475 8
1884 3451 1931 3483 sq.
1962 3442 2138 3483 quiescunt
2169 3449 2199 3475 et
2233 3442 2393 3475 obediunt

1307 3484 1447 3527 RTVn
1477 3485 1647 3518 uaiandali
1679 3486 1721 3518 V¹
1746 3486 1758 3529 ΙΙ
1792 3489 1812 3519 9
1844 3485 2100 3526 *Carchedoniil
2134 3487 2166 3518 et
2197 3486 2394 3518 archedonii

1308 3529 1491 3572 (arcedonii
1522 3530 1566 3570 V)
1593 3531 1700 3564 RTV
1719 3530 1732 3574 ΙΙ
1756 3533 1866 3563 autem
1890 3531 1971 3567 RV,
2002 3532 2064 3564 del.
2097 3530 2152 3573 V2,
2184 3544 2244 3563 om.
2269 3533 2354 3574 vuly.
2379 3532 2384 3576 Ι

1310 3576 1351 3607 10
1376 3574 1430 3606 *et
1442 3574 1557 3616 Tzani]
1583 3575 1715 3616 qnanisi
1739 3577 1774 3616 (q
1789 3576 1851 3608 del.
1865 3575 1927 3617 ΒΞ)
1947 3575 2019 3608 ΕΤ
2043 3585 2142 3617 quam
2166 3576 2207 3609 V¹
2227 3576 2286 3617 qui
2311 3576 2358 3609 V2

1311 3621 1350 3652 11
1376 3619 1542 3651 habentur
1573 3620 1618 3653 V'2
1643 3620 1655 3663 ΙΙ
1680 3622 1719 3653 14
1750 3621 1906 3652 nuntiare
1938 3621 1980 3653 V¹
2002 3619 2015 3664 ΙΙ
2043 3622 2080 3654 17
2107 3622 2146 3652 ut
2170 3632 2230 3653 om.
2254 3621 2361 3654 RTV

1311 3665 1351 3697 18
1375 3665 1545 3706 praestant
1566 3664 1603 3705 T,
1634 3667 1799 3706 praestare
1824 3666 1904 3699 coni.
1932 3665 2110 3699 Heimbach
2133 3664 2146 3709 ss
2166 3667 2209 3699 24
2234 3666 2390 3707 quiddam

1319 3707 1364 3741 V²
1388 3711 1473 3752 vulq.
1493 3709 1563 3752 {132
1589 3710 1776 3742 iudicamus
1809 3710 1839 3744 V

2091 3762 2107 3795 1
