2618 4010
283 109 391 153 Nov.
413 108 632 152 LXXXIV
650 122 713 163 pr.
746 111 767 150 1
1352 105 1436 154 412
1972 123 2034 156 DE
2063 122 2417 157 consaneunmm
2443 120 2503 156 m·

284 217 429 254 παίδων
459 230 500 253 τι
530 221 590 252 καὶ
620 216 814 261 διαθηκῶν
832 221 967 270 (χωρίς,
1005 217 1157 254 πολλοὺς
1189 215 1360 266 ἀδελφοὺς
1429 219 1669 263 testamentis,
1700 221 1832 259 multos
1855 222 1986 260 fratres
2008 224 2280 269 relinquentem,
2311 222 2401 260 alios
2423 223 2502 269 qui·

282 261 579 302 καταλελοιπότα,
611 262 692 296 τοὺς
723 263 791 306 μὲν
822 266 1075 309 ομομητρίους,
1109 261 1190 298 τοῦς
1214 261 1255 298 δὲ
1276 266 1359 309 ὁμο-
1430 263 1510 299 dem
1533 265 1828 309 consanguineos,
1850 267 1941 304 alios
1964 273 2084 305 autem
2107 268 2279 311 uterinos,
2304 268 2394 303 alios
2417 277 2501 304 vero

283 311 462 352 πατρίους,
479 306 560 341 τοὺς
574 304 615 340 δὲ
631 303 869 353 ὁμομητρίους
883 321 923 342 τι
939 304 1013 353 ἅμα
1033 311 1093 342 καὶ
1109 306 1358 356 ὁμοπατρίους.
1430 307 1534 343 simul
1565 311 1601 342 et
1633 310 1914 354 consanguineos
1945 315 1982 348 et
2011 314 2181 350 uterinos.
2228 313 2278 348 Et
2305 322 2397 358 quae
2424 313 2501 358 qui-

282 354 341 386 καὶ
372 348 396 386 ὅ
415 353 483 397 μὲν
506 349 691 397 ἐξεύρηται
723 353 767 399 τῇ
792 351 896 398 φύσει
923 352 1179 399 καινούργημα,
1217 352 1358 388 τοιοῦτό
1431 352 1509 388 dem
1539 352 1729 389 adinventa
1763 358 1819 390 est
1848 359 1996 393 naturae
2027 360 2184 402 novitas,
2220 358 2300 393 talis
2330 357 2500 403 quodam-

283 407 360 431 πως
375 390 439 440 ἦν·
460 397 580 438 ἔξεστι
600 394 640 430 δὲ
658 398 825 441 τοιαύτης
841 394 949 442 ἀρχῆς
965 395 1155 442 δεδομένης
1169 394 1255 443 ἡμῖν
1267 395 1358 444 παρ’
1398 397 1536 433 5m0do
1559 397 1638 434 fuit.
1686 398 1827 435 Licebit
1850 403 1970 437 autem
1999 403 2062 439 tali
2084 403 2258 456 principio
2289 403 2372 438 dato
2398 403 2501 438 nobis

283 441 390 484 αὐτῆς
420 445 479 476 καὶ
510 443 615 488 ἕτερα
650 443 930 487 προςεπινοῆσαι
965 442 1113 486 θέματα
1149 443 1293 478 τοιοῦτό
1324 457 1362 478 τι
1430 443 1476 477 ab
1506 452 1550 478 ea
1579 445 1617 479 et
1643 443 1731 479 alios
1762 445 1932 489 quosdam
1963 447 2102 492 opinari
2133 459 2237 484 casus
2266 448 2339 483 tale
2367 447 2502 491 aliquid

283 489 404 532 φέρειν
424 484 619 531 δυνάμενα,
638 487 710 521 εἴτε
726 486 871 534 τελευτῇ
893 488 957 522 τοῦ
974 484 1106 543 ἀνδρὸς
1125 488 1196 522 εἴτε
1215 486 1360 535 τελευτῇ
1429 487 1591 532 proferre
1613 488 1782 531 valentes,
1807 490 1880 525 sive
1902 494 2018 527 morte
2040 493 2105 528 viri
2128 503 2191 529 seu
2206 495 2320 528 morte
2343 492 2501 528 mulieris

281 532 343 574 τῆς
365 530 544 578 γυναικός.
575 531 646 566 εἴτε
669 530 792 567 ἄλλων
815 536 982 577 νομίμων
1012 545 1142 580 γαμων
1173 531 1362 579 διαφόρων
1431 532 1504 568 sive
1535 533 1606 568 alia
1635 533 1790 578 legitima
1820 537 2063 580 separatione,
2093 538 2226 583 nuptiis
2257 538 2404 573 diversis
2431 537 2501 572 hoc

282 577 391 611 τοῦτο
416 577 659 621 ποιησάντων.
707 578 749 611 τὸ
777 577 998 621 ζητούμενον
1021 581 1145 613 τοίνυν
1168 580 1282 612 ἐκεῖνο
1312 573 1360 619 τν,
1431 577 1656 614 facientibus.
1705 578 1873 623 Quaestio
1897 580 2004 624 igitur
2032 581 2094 617 11111
2114 587 2211 626 erat,
2243 583 2274 618 si
2297 583 2344 618 ad
2368 582 2502 618 mortui

282 621 382 667 εἴπερ
406 622 454 657 εἰς
475 622 543 657 τὸν
566 623 630 656 τοῦ
655 621 946 664 τετελευτηκότος
973 619 1129 669 ἀδελφοῦ
1153 622 1284 667 κλῆρον
1331 627 1363 657 εἶ
1377 626 1417 659 10
1430 622 1550 658 fratris
1582 623 1814 659 hereditatem
1839 629 2020 669 oporteret
2045 637 2165 663 omnes
2195 628 2327 671 vocari,
2355 632 2391 662 et
2416 638 2500 662 con-

282 666 420 702 πάντας
454 666 585 711 καλεῖν,
624 667 705 721 τους
741 680 782 702 τε
816 666 1052 721 ὁμομητρίους
1083 666 1165 721 τούς
1201 681 1242 703 τε
1277 666 1361 712 ὁμο·
1431 668 1644 713 sanguineos
1676 674 1712 703 et
1735 669 1893 705 uterinos
1925 673 1962 705 et
1992 671 2096 706 simul
2125 673 2265 717 quidem
2289 673 2501 717 consangui-

283 716 453 759 πατρίους
482 712 566 748 τούς
588 725 628 747 τε
652 725 729 757 αμα
750 714 818 756 μὲν
842 716 1076 760 ομομητρίους
1106 727 1182 757 αμα
1213 711 1254 747 δὲ
1277 711 1361 758 ὁμο·
1431 722 1518 749 neos
1542 714 1645 749 simul
1669 716 1787 750 autem
1810 714 1969 751 uterinos
1989 715 2132 752 fratres.

282 762 462 804 πατρίους.

1287 859 1443 896 CAPUT
1471 859 1499 895 1.

325 935 471 981 Ἐπειδὴ
495 942 620 973 τοίνυν
643 938 970 985 περισκοπήσαντες
992 938 1077 975 τοὺς
1091 938 1220 984 νόμους
1242 936 1359 975 ἅπαν·
1480 938 1572 982 Quia
1594 938 1703 982 igitur
1728 938 1995 975 considerantes
2025 940 2120 984 leges
2152 951 2274 978 omnes
2303 953 2390 987 quas
2415 955 2500 980 con-

281 995 345 1018 τας
375 980 434 1017 οὓς
463 980 688 1029 ἠθροίσαμεν
719 985 800 1019 τούς
831 998 871 1020 τε
894 984 1069 1021 παλαιοὺς
1097 984 1180 1020 τούς
1208 997 1249 1020 τε
1277 982 1358 1029 ἡμε-
1374 987 1415 1020 15
1427 984 1648 1028 gregavimus
1673 987 1709 1018 et
1731 987 1867 1036 yeteres
1891 988 1928 1020 et
1950 987 2093 1021 nostras
2125 986 2326 1023 huiusmodi
2353 999 2423 1024 non
2446 989 2501 1024 in-

281 1031 401 1074 τέρους
435 1027 610 1072 τοιαύτην
649 1027 712 1073 οὐχ
746 1026 897 1076 εὕρομεν
937 1027 1160 1077 ἀναφυεῖσαν
1199 1030 1358 1074 ζήτησιν,
1427 1029 1587 1064 venimus
1620 1038 1806 1064 emersisse
1838 1031 2096 1074 quaestionem,
2131 1042 2324 1076 congruum
2347 1036 2403 1068 est
2424 1043 2503 1068 eam

283 1073 460 1120 προς-ἧκόν
484 1075 584 1109 ἐστιν
608 1072 724 1118 αὐτὴν
748 1072 822 1121 ὀψέ
839 1089 928 1110 ποτε
949 1075 1148 1119 χαλινῶσαι
1171 1076 1275 1119 νόμῳ
1300 1078 1359 1109 καὶ
1428 1084 1507 1109 sero
1533 1073 1678 1108 tandem
1701 1073 1883 1110 refrenare
1908 1076 1983 1120 lege
2007 1080 2044 1110 et
2065 1076 2302 1119 considerare,
2327 1078 2411 1122 quia
2428 1079 2502 1113 fra-

282 1120 479 1162 σκοπῆοαι,
505 1115 565 1154 ὅτι
588 1121 667 1154 τῶν
690 1117 861 1168 ἀδελφῶν
885 1122 962 1155 ἐστι
985 1121 1075 1167 πρὸς
1106 1121 1174 1156 τὸν
1197 1119 1359 1163 τελευτή-
1428 1119 1544 1154 tribus
1576 1123 1660 1154 sunt
1689 1119 1735 1154 ad
1764 1119 1972 1155 defunctum
2002 1120 2081 1156 aliis
2113 1122 2254 1166 quidem
2285 1123 2503 1167 cognationis

282 1175 400 1198 σαντα
423 1167 496 1198 τοῖς
518 1166 585 1208 μὲν
608 1164 654 1199 τὰ
679 1166 873 1212 κογνατικὰ
897 1164 1035 1207 δίκαια,
1059 1162 1152 1212 ἅπερ
1172 1164 1269 1211 ἡμεῖς
1287 1169 1359 1199 τοῖς
1427 1164 1507 1199 iura
1531 1173 1623 1208 quae
1643 1174 1708 1199 nos
1729 1164 1891 1209 legitimis
1916 1166 2171 1210 copulavimus,
2197 1167 2275 1203 aliis
2295 1173 2415 1203 autem
2434 1168 2502 1203 hoc

282 1208 472 1256 λεγιτίμοις
494 1208 718 1256 συνήψαμεν,
752 1214 826 1246 τοῖς
855 1209 895 1245 δὲ
923 1208 1086 1246 αὐτόθεν
1121 1212 1166 1245 τὰ
1196 1210 1359 1258 λεγίτιμα
1372 1212 1414 1244 20
1428 1210 1506 1254 ipso
1535 1210 1691 1254 legitima
1724 1210 2049 1252 (communicabant
2080 1212 2172 1247 enim
2203 1213 2314 1258 aliqui
2343 1213 2376 1248 ei
2408 1213 2504 1248 circa

282 1254 513 1296 (ἐκοινώνουν
526 1255 595 1303 γὰρ
612 1253 711 1299 αὐτῷ
730 1259 812 1304 περὶ
827 1257 896 1301 τὴν
908 1255 1088 1303 πατρῴαν
1127 1255 1225 1300 ονήν,
1243 1253 1359 1301 ὥςπερ
1428 1258 1613 1299 paternam
1648 1255 1803 1299 prolem,
1837 1256 1930 1291 sicut
1960 1257 2020 1292 alii
2051 1257 2148 1292 circa
2180 1261 2406 1302 maternam),
2443 1259 2503 1293 alii

282 1302 410 1334 ἐκεῖνοι
433 1302 515 1347 περὶ
538 1303 608 1344 τὴν
630 1301 834 1347 μητρῴαν)·
873 1301 909 1336 οἱ
932 1299 974 1336 δὲ
996 1300 1086 1337 αὐτό
1121 1316 1161 1336 εν
1186 1302 1360 1347 καθαρῶς
1428 1303 1546 1334 autem
1569 1300 1656 1334 illud
1679 1311 1770 1345 pure
1790 1301 1979 1344 habebant,
2005 1305 2041 1336 et
2058 1302 2134 1346 lege
2157 1306 2195 1338 et
2210 1308 2338 1338 natura
2360 1303 2502 1338 iuvante

281 1345 377 1387 εἶχον
407 1347 468 1379 καὶ
498 1346 567 1379 τὸν
589 1345 706 1391 νόμον
738 1350 798 1381 καὶ
829 1347 896 1391 τὴν
925 1345 1035 1392 φύσιν
1057 1348 1273 1392 βοηθοῦσαν
1298 1344 1359 1379 αὑ-
1429 1356 1477 1387 se,
1514 1355 1556 1380 eo
1588 1345 1684 1389 quod
1715 1354 1759 1380 ex
1790 1346 1920 1381 eisdem
1953 1350 2055 1381 erant
2085 1348 2319 1392 procedentes
2351 1353 2503 1383 matrum

280 1393 365 1432 τοῖς,
388 1387 484 1424 διότι
507 1393 567 1424 καὶ
591 1392 630 1425 ἐκ
653 1392 732 1438 τοξν
756 1388 878 1427 αὐτῶν
901 1386 996 1436 ἦσαν
1026 1391 1272 1438 προελθόντες
1295 1405 1359 1435 μη-
1429 1390 1564 1425 sinibus
1596 1394 1744 1435 eratque
1775 1391 1825 1426 eis
1854 1392 1967 1436 patris
1998 1402 2117 1427 semen
2146 1403 2257 1428 unum
2288 1398 2325 1428 et
2348 1394 2505 1438 undique

280 1435 414 1481 τρῴων
433 1434 580 1470 κόλπων
602 1439 663 1471 καὶ
682 1439 729 1480 ἦν
749 1434 869 1471 αὐτοῖς
891 1435 914 1482 ἡ
936 1440 974 1471 ἐκ
993 1439 1058 1472 τοῦ
1083 1438 1218 1484 πατρὸς
1242 1437 1358 1481 σπορὰ
1373 1439 1415 1471 25
1429 1435 1536 1470 veluti
1553 1436 1731 1480 quoddam
1752 1436 1890 1480 signum
1908 1437 1959 1472 eis
1975 1438 2218 1482 germanitatis
2240 1438 2501 1484 resplendebat.

280 1484 347 1525 μία
377 1484 438 1515 καὶ
457 1480 500 1515 τὸ
526 1481 766 1525 πανταχόθεν
789 1482 938 1539 γνήσιον
970 1479 1088 1528 ὥςπερ
1116 1496 1153 1517 τι
1177 1481 1359 1527 σύμβολον
1429 1481 1466 1516 Si
1496 1481 1603 1525 igitur
1633 1480 1839 1516 huiusmodi
1867 1481 1981 1517 frater
2003 1483 2123 1518 litibus
2154 1483 2306 1519 liberare
2333 1486 2369 1518 et
2391 1483 2503 1528 legem

281 1523 401 1560 αὐτοῖς
435 1527 641 1573 ἐνέπρεπεν.
689 1529 720 1561 εἰ
753 1541 820 1573 μεν
855 1522 920 1562 οὖν
955 1525 975 1562 ὁ
1014 1529 1173 1563 τοιοῦτος
1207 1526 1359 1574 ἀδελφὸς
1429 1528 1465 1561 et
1488 1526 1690 1562 dubitantes
1721 1526 1908 1571 voluisset,
1940 1527 1985 1562 ad
2009 1531 2261 1563 testamentum
2291 1533 2436 1564 venerat
2469 1534 2504 1564 et

281 1571 509 1618 πραγμάτων
532 1569 736 1613 ἀπαλλάξαι
759 1576 818 1607 καὶ
834 1572 900 1608 τὸν
915 1572 1029 1618 νόμον
1050 1577 1110 1621 καὶ
1131 1573 1213 1608 τοὺς
1229 1569 1357 1620 ἀμφισ-
1428 1581 1530 1607 suam
1554 1572 1767 1607 sententiam
1789 1572 1926 1608 fecerat
1948 1573 2185 1616 manifestam,
2208 1577 2245 1609 et
2263 1583 2329 1619 per
2349 1575 2504 1619 scriptu-

280 1618 481 1661 βητοῦντας
504 1613 710 1662 ἠβουλήθη,
744 1618 834 1664 πρὸς
857 1616 1041 1662 διαθήκην
1072 1618 1190 1662 ἦλθεν
1221 1616 1268 1653 ἂν
1299 1621 1358 1652 καὶ
1427 1626 1504 1652 ram
1527 1617 1692 1652 honorati
1716 1617 1763 1652 ad
1782 1617 2016 1653 hereditatem
2039 1622 2263 1655 vocarentur.
2308 1619 2399 1664 Quia
2419 1629 2502 1655 vero

281 1661 348 1705 τὴν
363 1661 490 1696 ἑαυτοῦ
509 1662 660 1709 γνώμην
677 1665 821 1707 ἐποίησε
840 1662 1012 1710 φανεράν,
1036 1667 1096 1698 καὶ
1118 1663 1155 1697 οἱ
1171 1665 1217 1711 τῇ
1238 1664 1357 1710 γραφῆ
1370 1665 1413 1698 30
1427 1663 1497 1698 1100
1513 1672 1620 1715 agere
1644 1663 1761 1698 noluit
1784 1666 1847 1698 aut
1869 1674 1942 1698 non
1961 1664 2081 1708 potuit
2103 1664 2229 1707 (multa
2251 1674 2404 1709 namque
2420 1668 2504 1700 sunt

281 1709 510 1760 τετιμημένοι
540 1719 628 1763 προς
657 1708 725 1743 τὸν
756 1707 820 1752 κλῆ
846 1721 888 1751 ον
913 1708 1115 1743 ἐκαλοῦντο.
1164 1707 1288 1751 ἐπειδὴ
1319 1699 1358 1742 δέ·
1427 1708 1607 1743 hommum
1623 1711 1660 1743 et
1675 1708 1872 1744 anxietates
1889 1709 2098 1745 innumerae
2121 1712 2159 1745 et
2178 1710 2386 1754 repentinae
2410 1720 2502 1746 mor·
2567 1733 2570 1735 -

280 1765 388 1787 τουτο
418 1752 553 1799 πρᾶξαι
584 1766 648 1787 ουκ
678 1751 813 1798 ἠβουλή
846 1768 866 1797 η
899 1751 921 1798 ἢ
942 1753 1006 1789 οὐκ
1029 1752 1195 1799 ἠδυνήθη
1230 1752 1358 1797 (πολλὰ
1427 1756 1506 1797 tes),
1529 1753 1619 1788 haec
1643 1755 1769 1788 nostra
1791 1754 1848 1788 lex
1873 1763 2018 1789 causam
2041 1754 2260 1790 determinet.

281 1795 323 1832 δὲ
343 1798 390 1832 τὰ
414 1796 631 1844 ἀνθρώπων
660 1802 721 1833 καὶ
744 1798 968 1847 περιστάσεις
994 1804 1119 1847 μυρίαι
1152 1803 1212 1833 καὶ
1241 1800 1279 1832 αἰ
1308 1803 1357 1833 νί-

281 1841 354 1878 διοι
376 1842 561 1886 θάνατοι),
585 1840 650 1878 ὅδε
672 1841 822 1888 ἡμῶνὺὸ
846 1843 956 1890 νόμος
978 1846 1032 1888 τῷ
1057 1845 1242 1891 πράγματι
1290 1857 1357 1879 ιαι-

280 1889 302 1924 1
346 1887 455 1932 τήσει.
498 1887 675 1924 Βούλεται
698 1887 738 1923 δὲ
760 1889 860 1924 οὗτος
888 1887 907 1923 ὁ
926 1889 1044 1946 νόμος,
1069 1889 1158 1925 ὥςτε
1177 1889 1259 1925 τοὺς
1277 1890 1358 1924 ἑκα-
1372 1890 1449 1925 351
1498 1888 1585 1924 Vult
1619 1891 1739 1924 autem
1774 1889 1864 1924 haec
1899 1889 1957 1925 lex
1987 1900 2031 1925 ex
2062 1895 2214 1935 utroque
2246 1891 2433 1926 decoratos
2468 1893 2505 1926 et

279 1933 448 1979 τέρωθεν
467 1937 747 1990 κεκοσμημένους
770 1938 829 1968 καὶ
846 1931 920 1980 ἅμα
935 1937 1004 1980 μὲν
1019 1949 1038 1969 ο
1069 1939 1261 1981 οπατρίουε
1284 1932 1359 1979 ἅμα
1428 1934 1533 1969 simul
1565 1934 1707 1979 quidem
1740 1934 2023 1979 consanguineos
2056 1936 2161 1970 simul
2195 1940 2313 1970 autem
2344 1936 2503 1972 uterinos

281 1976 322 2012 δὲ
344 1975 580 2025 ὁμομητρίους
603 1977 688 2014 αδελ
718 1980 776 2014 οὺς
799 1981 847 2014 εἰς
870 1980 937 2035 τήν
961 1979 1021 2015 δια
1046 1980 1131 2023 οχὴν
1154 1982 1219 2014 τοῦ
1242 1979 1358 2014 τελευ-
1426 1979 1555 2014 fratres
1600 1980 1647 2015 ad
1688 1980 1952 2015 successionem
1995 1980 2178 2016 morientis
2221 1981 2384 2016 meliores
2426 1990 2505 2016 esse

280 2022 456 2068 τήσαντος
486 2023 648 2060 καλλίους
671 2039 687 2059 ε
702 2039 764 2059 ναι
785 2026 864 2060 τῶν
887 2039 908 2069 η
933 2024 1049 2070 μόνον
1078 2023 1314 2071 ὁμοπατρίων
1338 2023 1361 2068 ἢ
1429 2034 1535 2069 quam
1566 2024 1619 2059 illi
1649 2024 1710 2068 qui
1739 2024 1960 2061 solummodo
1993 2026 2246 2070 consanguinei
2278 2029 2342 2060 aut
2372 2026 2503 2062 solum-

279 2069 395 2114 μόνον
428 2066 668 2116 ὁμομητρίων.
716 2073 775 2104 καὶ
810 2067 850 2105 οὗ
887 2069 1106 2114 καταπλήξει
1139 2084 1180 2117 γε
1211 2069 1303 2114 ἡμᾶς
1337 2068 1359 2112 ἦ
1429 2069 1533 2104 1110ᾱο
1570 2069 1701 2104 uterini
1735 2072 1830 2105 sunt.
1889 2070 1939 2105 Et
1973 2081 2045 2106 non
2084 2081 2150 2106 1108
2185 2071 2292 2107 faciet
2327 2071 2505 2107 haesitare

281 2111 385 2160 φύσις
407 2113 650 2158 ποικίλλουσα,
674 2114 756 2150 ἀλλ’
775 2113 874 2160 ἡμεῖς
898 2112 1005 2160 αὐτῆς
1027 2116 1089 2150 τὰς
1109 2114 1278 2150 τοιαύτας
1298 2116 1358 2161 ἐφ-
1372 2117 1415 2150 40
1429 2117 1581 2149 naturae
1611 2114 1781 2158 varietas,
1814 2115 1877 2151 sed
1909 2126 1975 2151 nos
2006 2116 2208 2152 huiusmodi
2238 2116 2503 2152 adinventiones

279 2260 374 2285 unus
403 2260 453 2285 ex
482 2248 666 2295 fratribus
688 2247 876 2284 decederet
904 2248 983 2284 sine
1007 2249 1128 2284 liberis
1160 2252 1196 2284 et
1223 2248 1301 2284 sine
1331 2250 1557 2290 testamenta,
1587 2246 1724 2282 relictis
1755 2248 1878 2283 multis
1905 2248 2100 2293 fratribus,
2132 2249 2217 2284 aliis
2239 2249 2390 2285 uterinis
2421 2249 2504 2286 aliis

280 2305 416 2331 consan
443 2294 559 2329 uineis
590 2293 674 2329 aliis
703 2293 813 2328 simul
842 2297 879 2329 et
901 2294 1051 2329 uterinis
1082 2297 1118 2329 et
1141 2292 1430 2339 consanquineis.
1479 2294 1598 2338 Atque
1621 2292 1720 2371 quod
1742 2292 1885 2338 quidem
1909 2304 2039 2328 novum
2070 2299 2204 2329 natura
2227 2295 2380 2337 invenit,
2412 2296 2504 2331 eius-

279 2339 378 2375 modi
421 2350 481 2375 ere
504 2343 605 2375 erat:
639 2338 723 2374 licet
746 2342 864 2374 autem
896 2338 961 2374 tali
978 2339 1165 2386 principio
1195 2338 1299 2374 nobis
1330 2338 1374 2374 ab
1405 2349 1448 2374 ea
1480 2337 1566 2373 dato
1597 2348 1620 2372 a
1636 2338 1691 2372 ios
1722 2348 1864 2383 quoque
1897 2349 2003 2373 casus
2025 2339 2175 2386 insuper
2197 2340 2411 2385 excoqitare
2442 2341 2506 2386 qui

280 2384 370 2431 quid
387 2384 563 2420 eiusmodi
586 2384 723 2429 afferre
739 2384 897 2430 possint,
928 2385 1002 2420 sive
1052 2395 1092 2420 er
1116 2388 1266 2419 mortem
1290 2383 1359 2430 viri
1383 2383 1457 2419 sive
1474 2393 1546 2429 per
1569 2386 1719 2417 mortem
1743 2383 1915 2426 mulieris,
1940 2384 2013 2419 sive
2037 2383 2132 2420 aliae
2155 2384 2334 2431 leqitimae
2357 2387 2505 2432 nuptiae

279 2431 443 2466 diversae
466 2429 504 2465 id
526 2429 720 2475 effecerint.
769 2427 900 2475 Itaque
923 2396 1047 2475 quodp
1045 2428 1287 2475 quaerebatur
1309 2428 1404 2463 illud
1429 2432 1528 2470 erat,
1563 2438 1648 2462 num
1677 2427 1727 2462 ad
1757 2427 1923 2473 defuncti
1952 2429 2088 2474 fratris
2117 2428 2351 2466 hereditatem
2383 2441 2505 2467 omnes

282 2478 469 2523 oporteret
490 2485 630 2517 vocare,
654 2477 689 2510 et
713 2475 874 2510 uterinos
896 2480 931 2510 et
953 2475 1244 2526 consanguineos
1266 2477 1302 2509 et
1321 2484 1383 2509 eos
1405 2473 1469 2519 qui
1490 2472 1599 2508 simul
1619 2476 1655 2508 et
1678 2473 1812 2508 uterini
1836 2478 1871 2508 et
1893 2474 2155 2520 consanquinei
2173 2479 2300 2511 essent.

416 2520 444 2555 1.
491 2518 669 2563 Quoniam
705 2519 819 2565 iqitur
854 2520 1121 2566 circumspectis
1157 2519 1295 2566 lcqibus
1331 2518 1494 2554 omnibus
1529 2529 1620 2564 quas
1659 2517 1869 2564 colleqimus
1905 2525 1976 2554 tam
2014 2519 2189 2555 veteribus
2225 2532 2333 2567 quam
2369 2522 2505 2558 nostris

280 2565 457 2602 eiusmodi
478 2565 722 2612 quaestionem
745 2575 819 2600 non
842 2565 1041 2612 reperimus
1065 2568 1181 2600 ortam
1204 2575 1292 2605 esse,
1317 2564 1417 2600 decet
1439 2574 1517 2598 eam
1545 2573 1627 2599 sero
1653 2563 1795 2598 tandem
1820 2563 1897 2609 leqe
1920 2575 2102 2607 coercere,
2135 2576 2215 2600 cum
2238 2566 2506 2603 consideremus

279 2611 464 2658 fratribus
494 2621 574 2646 cum
598 2610 773 2656 defuncto
806 2610 890 2645 aliis
919 2620 996 2646 esse
1019 2611 1248 2656 cognationis
1272 2610 1371 2651 iura,
1403 2619 1497 2655 quae
1520 2619 1588 2644 nos
1617 2608 1650 2643 le
1676 2608 1784 2643 itimis
1815 2609 2087 2652 coniunoeimus,
2121 2610 2204 2646 aliis
2234 2611 2317 2657 ipsa
2346 2612 2505 2659 leqitima

281 2659 515 2700 (communem
538 2656 631 2691 enim
663 2666 741 2690 cum
772 2666 814 2691 eo
844 2658 1036 2702 paternam
1069 2656 1245 2702 oriqincm
1269 2653 1464 2696 habebant,
1495 2653 1603 2690 sicuti
1626 2653 1679 2688 ili
1701 2657 1932 2696 maternam),
1967 2654 2032 2688 alii
2056 2666 2140 2690 vero
2156 2667 2255 2702 pure
2285 2661 2320 2691 et
2350 2656 2440 2703 leqis
2471 2661 2505 2692 et

281 2708 437 2738 naturae
468 2701 648 2737 auxilium
679 2700 876 2744 habebant,
907 2701 1080 2747 quoniam
1111 2705 1147 2736 et
1176 2711 1225 2736 εκ
1255 2699 1378 2735 eodem
1402 2700 1530 2734 matris
1557 2698 1694 2750 qremio
1716 2698 1932 2744 prodierant
1962 2703 1997 2734 et
2020 2710 2069 2735 ea:
2089 2705 2197 2746 patre
2226 2701 2271 2736 iis
2294 2703 2504 2747 procreatio

282 2758 357 2783 una
388 2746 583 2793 eademque
613 2749 695 2782 erat
724 2750 834 2792 atque
890 2756 1039 2781 ermana
1071 2746 1229 2798 undique
1259 2745 1364 2797 oriqo
1396 2743 1505 2780 veluti
1535 2754 1678 2790 szqnum
1711 2743 1862 2789 aliquod
1893 2754 1955 2780 eos
1985 2743 2190 2780 decorabat.
2246 2744 2327 2781 Iam
2355 2746 2389 2782 si
2420 2747 2504 2782 talis

281 2793 405 2839 frater
427 2795 465 2828 et
486 2792 544 2826 ius
566 2795 603 2827 et
625 2791 845 2837 ambiqentes
883 2791 1023 2827 iberare
1047 2791 1203 2837 neqotzis
1226 2790 1413 2832 voluisset,
1437 2788 1487 2824 ad
1510 2792 1756 2824 testamentum
1780 2790 1934 2825 venisset
1955 2799 2128 2835 suamque
2151 2790 2367 2826 voluntatem
2391 2793 2504 2827 mani-

280 2838 415 2884 festam
438 2836 669 2878 reddidisset,
702 2841 811 2882 alque
835 2836 900 2881 qui
924 2847 993 2882 per
1015 2836 1236 2888 scripturam
1261 2834 1431 2871 honorati
1461 2837 1579 2870 essent
1609 2834 1659 2868 ad
1681 2833 1915 2870 hereditatem
1938 2839 2165 2870 vocarentur.
2218 2834 2394 2877 Quoniam
2418 2847 2503 2872 vero

282 2882 322 2918 id
349 2882 476 2929 facere
504 2881 624 2917 noluit
652 2881 708 2918 vel
734 2892 809 2916 non
832 2882 960 2928 potuit
991 2883 1128 2924 (variae
1155 2881 1248 2916 enim
1272 2884 1358 2916 sunt
1385 2890 1445 2914 res
1468 2878 1650 2914 hominum
1678 2883 1715 2914 et
1740 2879 1893 2914 sescenti
1919 2889 2025 2914 casus
2052 2883 2087 2915 et
2111 2887 2244 2916 mortes
2269 2882 2503 2928 repentinae),

282 2930 304 2965 1
359 2927 447 2963 haec
475 2930 604 2962 nostra
635 2926 699 2962 lex
728 2937 802 2961 rem
834 2926 988 2962 dirimet.
1098 2926 1183 2962 Vult
1206 2933 1326 2962 autem
1357 2924 1446 2960 haec
1470 2924 1531 2959 lex
1554 2923 1598 2959 ab
1623 2928 1779 2970 utraque
1803 2928 1916 2971 parte
1936 2923 2126 2960 distinctos
2155 2929 2192 2961 et
2214 2927 2504 2973 consanquineos

282 2973 392 3009 simul
412 2976 522 3019 atque
544 2971 708 3008 uterinos
738 2971 880 3017 fratres
908 2971 946 3006 in
969 2972 1195 3008 successione
1226 2971 1393 3023 defuncti
1411 2974 1604 3015 praestare
1634 2969 1680 3004 iis
1704 2969 1768 3015 qui
1794 2973 1860 3005 aut
1882 2970 2140 3016 consanguinei
2161 2971 2278 3006 solum
2302 2977 2366 3007 aut
2388 2971 2504 3007 solum

283 3018 420 3054 uterini
439 3020 535 3053 sunt.
582 3016 709 3063 Neque
725 3016 959 3063 perturbabit
990 3027 1058 3052 nos
1081 3021 1235 3052 naturae
1258 3019 1331 3051 ista
1354 3014 1524 3056 varietas,
1555 3014 1619 3049 sed
1650 3025 1718 3049 nos
1747 3013 1836 3049 tales
1865 3015 1941 3050 eius
1971 3015 2192 3051 inventiones
2223 3015 2403 3062 quitimas
2424 3017 2506 3053 red-

331 3156 351 3188 5
375 3151 508 3194 ἔξεστι]
532 3152 647 3186 licebit
671 3164 691 3189 ς
706 3152 718 3196 ΙΙ
746 3154 766 3187 8
790 3149 911 3185 ἄλλων
930 3154 1107 3194 νομίμων]
1132 3151 1198 3184 alia
1213 3150 1361 3194 legitima
1430 3149 1647 3182 hereditatem
1664 3150 1706 3182 V²
1717 3149 1908 3227 lgoporteret
1918 3150 2088 3193 RTvuly]
2103 3152 2232 3201 oportet
2248 3149 2299 3196 Vss
2314 3153 2353 3186 15
2364 3153 2502 3192 nostras]

285 3199 491 3243 separatione
506 3199 540 3239 (i.
555 3210 580 3231 e.
597 3195 695 3240 ἄλλῳ
712 3200 854 3240 νομίμῳ
870 3197 1079 3241 χωρισμῷἶῗ)
1101 3209 1120 3234 ς
1136 3197 1148 3240 ΙΙ
1169 3198 1208 3232 12
1217 3209 1264 3240 sq.
1281 3192 1362 3229 τούς
1430 3204 1534 3227 nouas
1555 3194 1607 3227 V⁸
1625 3196 1637 3237 ΙΙ
1663 3196 1701 3228 17
1739 3205 1830 3236 egem
1851 3195 1902 3227 V⁰
1920 3194 1932 3239 ΙΙ
1954 3196 1995 3230 20
2021 3195 2149 3238 aliquid
2173 3196 2223 3229 R²
2235 3198 2320 3240 vuly.
2337 3197 2349 3239 ΙΙ
2376 3197 2414 3230 21
2435 3207 2503 3228 ma—

285 3257 326 3297 '‘·⁶
345 3239 922 3331 ἅΐῖᾶιζμίῗςῗῖἔὲἓᾞιῖἓιὲἰ’ἓῖιῙ
935 3241 1362 3328 ᾖώἓῖῗήοὲῗῖῗὲῗθὲῗ
1430 3240 1586 3326 ξῗΐέςιῖ,
1594 3239 1992 3318 ῗῖῗὲἲέιῖἕῖῗὲἔῗηῖιὲ
2007 3240 2503 3330 33ίῆθέξῗὲἕιὲἓῗεῗῗέἶῖἷ

286 3300 390 3368 ῗκιῖτῖὶ
411 3334 500 3367 malit
516 3334 704 3367 Zachariae
725 3346 787 3367 non
806 3340 888 3366 recte
905 3332 917 3376 ΙΙ
936 3334 978 3367 22
1004 3297 1290 3374 αὐτῖθεν]911111ᾶ
1309 3342 1329 3367 ς
1351 3310 1363 3375 ΙἸ
1429 3331 1478 3361 set
1497 3330 1528 3362 T
1536 3329 1576 3381 [ΙΙ
1593 3330 1713 3363 eisdem
1728 3331 1775 3371 T]
1800 3330 1925 3363 hisdem
1941 3330 2019 3363 RV
2032 3329 2044 3375 ΙΙ
2072 3332 2115 3365 24
2137 3331 2259 3364 finibus
2281 3330 2425 3372 (finimus
2438 3330 2503 3372 Rss)

288 3378 489 3423 *καθαρῶς
509 3380 575 3412 scri
597 3381 628 3412 si
638 3391 677 3412 ex
690 3381 721 3420 ς]
745 3374 917 3422 καθαρὸν
932 3378 974 3410 Μ
994 3378 999 3421 1
1037 3379 1080 3411 24
1096 3374 1192 3411 διότι
1209 3378 1280 3419 καὶ]
1304 3377 1362 3409 καὶ
1433 3374 1462 3406 R
1474 3373 1523 3418 ΙΤΙΙ
1536 3384 1606 3407 eius
1619 3375 1651 3407 R
1663 3374 1675 3419 ss
1686 3374 1838 3418 patribus
1855 3373 1920 3419 V²²ss
1934 3375 1976 3409 25
1989 3375 2217 3418 germanitatis
2229 3376 2275 3408 eis
2288 3374 2322 3408 R
2332 3373 2345 3418 ΙΙ
2356 3374 2502 3426 resplen-

289 3437 346 3458 om.
361 3424 408 3469 ευ
426 3391 686 3468 apocal-given
704 3424 749 3457 M
768 3425 781 3468 ss
810 3424 851 3458 33
875 3421 920 3455 τὰ
945 3418 991 3455 ἄν
1024 3419 1170 3469 ρώπινα
1194 3424 1284 3457 malit
1295 3421 1362 3455 Ζα-
1417 3418 1507 3471 ‚deat
1526 3419 1559 3452 V
1575 3420 1790 3462 respendebat
1810 3421 1843 3453 R
1861 3420 1873 3464 ΙΙ
1897 3422 1939 3454 26
1955 3421 2068 3462 frater]
2092 3434 2130 3451 n
2149 3421 2182 3454 T
2188 3421 2198 3441 ¹
2217 3419 2229 3463 fl
2245 3421 2286 3454 27
2299 3423 2439 3452 ueniant
2453 3420 2502 3453 Τι

289 3470 420 3503 chariae
444 3471 512 3503 sine
533 3481 634 3503 causa
664 3469 677 3514 ΙΙ
704 3471 746 3502 40
771 3463 879 3510 αὐτῆς
903 3481 961 3501 om.
976 3479 995 3504 ς
1430 3467 1574 3497 uenmset
1593 3465 1645 3498 T²
1670 3466 1682 3509 ΙΙ
1705 3466 1746 3500 28
1767 3465 1896 3498 fecisset
1914 3464 1965 3499 T2
1980 3466 1992 3507 ΙΙ
2018 3476 2096 3508 prae
2111 3465 2275 3508 scriptura
2295 3464 2354 3507 Vn
2382 3466 2424 3499 29
2442 3475 2501 3498 uo-

1429 3511 1548 3542 cantur
1570 3510 1622 3543 T¹
1653 3512 1831 3544 uocaretur
1851 3510 1902 3544 1⁷²
1925 3512 1937 3553 Ιι
1965 3511 2009 3544 30
2030 3510 2132 3543 multe
2151 3509 2184 3542 R
2207 3507 2344 3551 (multae
2367 3510 2466 3554 vulq.)
2489 3511 2502 3554 ss

1430 3555 1470 3588 31
1498 3555 1626 3588 homini
1649 3556 1718 3590 ΒΤ
1736 3556 1749 3599 ΙΙ
1777 3557 1821 3590 32
1845 3555 2042 3588 determinat
2061 3555 2094 3588 R
2118 3554 2131 3596 Ι
2157 3554 2200 3587 36
2224 3554 2499 3597 consanguineos]

338 3604 354 3636 1
376 3605 569 3636 testamento
594 3603 725 3646 Rvulq.
742 3603 754 3646 ΙΙ
781 3602 916 3636 fratrem
938 3602 986 3636 V¹
1003 3601 1016 3646 ΙΙ
1034 3602 1259 3644 relinquentes
1280 3600 1331 3634 V⁴²
1352 3598 1365 3644 ΙΙ
1430 3598 1547 3632 fratres
1573 3602 1649 3634 add.
1666 3600 1720 3644 ΤΙΙ
1746 3602 1790 3635 38
1811 3600 1887 3633 illos
1911 3601 1994 3644 vulq.
2012 3600 2025 3644 fl
2047 3601 2106 3632 aut
2127 3597 2331 3631 solummodo
2356 3612 2414 3633 om.
2438 3600 2471 3633 V

292 3647 312 3680 3
331 3647 433 3679 simus
454 3648 503 3681 V¹
519 3648 532 3690 11
551 3650 572 3681 4
591 3648 731 3689 quodem
751 3647 848 3680 modo
874 3647 922 3680 V¹
940 3646 952 3691 ΙΙ
969 3650 988 3681 ’1
1010 3647 1160 3680 mulieris
1176 3648 1281 3680 morte
1295 3644 1330 3679 R
1343 3646 1364 3722 A}
1429 3644 1473 3678 39
1497 3645 1564 3677 sint
1592 3646 1623 3678 T
1686 3648 1757 3686 nos]
1782 3655 1836 3678 eos
1860 3645 1893 3679 Τ
1901 3645 1911 3666 ¹
1938 3645 1950 3686 ΙΙ
1982 3643 2080 3677 faciet
2101 3642 2144 3683 V]
2177 3642 2277 3676 faeiat
2302 3644 2463 3690 RTvulq.

293 3691 313 3724 8
330 3690 404 3732 hoc]
431 3704 447 3721 ο
474 3692 521 3723 R¹
540 3691 589 3735 119
614 3692 673 3724 illa
696 3695 766 3725 erat
787 3692 893 3734 igitur
914 3691 991 3736 1⁷¹1}
1013 3693 1052 3726 10
1070 3691 1298 3731 hereditatem]
1322 3699 1341 3722 a
1430 3690 1472 3723 40
1497 3690 1564 3731 sed]
1588 3691 1615 3722 si
1680 3690 1693 3734 u
1717 3689 1879 3723 eiusmodi
1899 3688 1951 3723 V·
