2618 4010
146 138 204 170 ΕΤ
231 134 441 170 FAmeA

143 239 264 281 μένοις
292 239 353 270 καὶ
377 233 516 271 ἐπιδεῖν
539 232 585 269 τὰ
608 230 692 269 τότε
713 233 887 282 γινόμενα
910 236 970 268 καὶ
994 233 1099 270 ουδὲν
1122 246 1235 269 συνει-

145 280 248 317 δέναι
277 277 473 329 γενόμενον
495 280 549 323 τῷ
575 278 787 327 κληρονόμῳ
811 278 1051 327 κακούργημα,
1075 275 1171 314 οὕτω
1195 292 1236 314 τε

148 326 213 371 τὴν
246 327 307 362 ἐπὶ
341 328 415 360 τοῖς
449 323 783 369 καταλελειμμένοις
818 321 888 359 ὑπὸ
918 326 982 359 τοῦ
1014 323 1235 370 διαθεμένου

145 368 352 419 πράγμασιν
381 366 557 417 εὑρίσκειν
587 367 776 413 ἀλήθειαν.
824 369 920 413 πλὴν
944 371 975 404 εἰ
996 369 1047 416 μὴ
1070 369 1179 413 τυχὸν
1199 366 1236 402 οἱ

144 414 322 464 παρόντες
344 417 423 451 τῶν
446 414 467 449 λ
489 419 689 462 γαταρίων,
713 414 846 451 πάντες
869 415 891 459 ἢ
910 428 1015 458 τινες,
1040 413 1234 462 διαμαρτυ-

146 465 223 508 ρίας
253 458 373 496 αὐτοῖς
405 472 468 495 στε
492 459 655 505 λομένης,
688 459 729 495 οὗ
764 459 980 506 βουληθεῖεν
1004 460 1129 495 ἐλθεῖν
1153 458 1237 494 οὗδὲ

144 509 313 554 παρεῖναι
335 507 389 550 τῷ
419 505 639 548 inventaria).
686 507 885 550 τηνικαῦτα
912 505 979 553 γὰρ
1004 504 1107 540 ἄδεια
1131 506 1234 540 ἔσται

143 552 196 596 τῷ
231 550 442 598 κληρονόμῳ
474 554 535 584 καὶ
565 550 615 595 μὴ
646 554 949 599 παραγινομένων
977 552 1057 586 τῶν
1083 550 1234 598 ληγατα-

144 601 242 652 qiam,
251 594 446 651 ἀρκεῖσθαι
465 597 509 644 τῇ
529 597 607 631 τῶν
624 596 1018 649 μαρτύρωνιπαρουσίᾳ
1039 600 1098 629 καὶ
1118 598 1235 631 ποιεῖν

2165 120 2272 168 Nov.
2308 121 2327 166 I
2371 127 2395 166 2

1305 235 1452 277 vidisse,
1484 243 1575 279 quae
1606 236 1694 269 tunc
1725 232 1939 277 agebantur,
1971 237 2007 269 et
2036 233 2074 269 in
2104 234 2204 270 nullo
2232 237 2396 270 conscios:

1305 290 1384 316 esse
1422 280 1541 316 factae
1576 279 1622 314 ab
1658 278 1788 314 herede
1818 279 2065 322 malignitatis,
2103 279 2226 324 sicque
2260 280 2297 314 in
2330 280 2396 322 his,

1329 335 1398 361 uae
1431 325 1556 360 relicta
1588 327 1672 362 sunt
1695 334 1718 360 a
1741 325 1987 369 testatoribus,
2018 324 2177 360 invenire
2200 325 2395 361 veritatem.

1340 370 1383 406 isi
1419 370 1514 406 forte
1549 373 1757 415 praesentes
1793 369 1956 414 legatarii
1994 380 2116 406 omne·
2147 373 2210 406 aut
2253 371 2397 414 quidam

1272 419 1290 451 5
1306 415 1566 452 contestatione
1590 414 1659 450 sibi
1693 414 1803 450 missa
1826 414 2007 450 noluerint
2030 415 2150 451 venire
2180 426 2247 451 nec
2271 416 2397 451 adesse

1304 460 1519 505 inventario;
1551 463 1638 495 tunc
1663 459 1757 495 enim
1781 459 1926 495 licentia
1950 460 2017 494 erit
2040 460 2162 496 heredi
2186 461 2293 496 etiam
2325 472 2397 496 non

1305 506 1574 541 advenientibus
1598 504 1779 550 legatariis
1806 508 2012 540 contentum
2037 516 2116 541 esse
2131 506 2276 541 testium
2291 517 2395 551 prae-

1305 551 1422 587 sentia
1459 555 1495 586 et
1530 551 1652 586 facere
1688 549 1982 595 descriptionem,
2013 551 2172 595 reposito
2205 552 2312 587 etiam
2345 552 2396 587 sic

1304 596 1485 641 legatariis
1517 599 1554 631 et
1575 595 1807 631 iureiurando
1831 595 1971 631 heredis
1996 598 2034 631 et
2058 606 2239 631 servorum
2263 598 2396 632 exami-

143 655 210 696 την
224 654 450 698 απογραφην,
469 640 704 685 ἀποκειμένου
725 645 784 675 καὶ
802 654 898 676 ουτω
917 643 990 675 τοῖς
1007 640 1236 694 ληγαταριόις
1253 644 1291 676 10
1305 642 1460 683 natione,
1485 645 1521 676 et
1544 641 1599 676 his
1624 640 1788 677 omnibus
1813 641 2010 676 observatis
2025 641 2158 677 habere
2177 652 2221 677 ex
2234 642 2397 677 Falcidia

143 700 206 722 του
238 700 279 721 τε
314 700 420 734 ορκου
456 688 519 721 τοῦ
548 686 767 734 κληρονόμου
800 689 859 720 καὶ
891 688 952 728 τῆς
975 700 1053 720 των
1082 687 1235 719 οἰκετων

144 729 313 778 βασάνου,
338 735 397 767 καὶ
421 732 565 766 τούτων
583 730 759 767 ἁπάντων
778 732 1120 777 παρατηρηθέντων
1141 729 1235 772 ἔχειν

145 776 210 821 τὴν
235 779 274 812 ἐκ
296 779 360 813 τοῦ
380 777 563 812 Falcidiov
571 776 774 858 ὃιὲὶοήθειαν.
821 773 917 810 οὕτω
935 776 1004 822 γὰρ
1023 774 1063 810 οὐ
1084 774 1234 819 δόξομεν

143 821 225 858 οὔτε
247 822 290 858 νό
305 819 362 858 ὀν
386 819 500 857 οὕτως
531 820 568 857 εὖ
594 820 819 877 οκιμήσαντα
840 824 951 877 μέχρί
967 823 1034 855 νῦν
1059 820 1235 855 ἐλαττοῦν

1305 686 1530 731 praesidium.
1587 686 1644 721 Sic
1680 686 1773 721 enim
1808 696 1880 721 non
1910 686 2108 721 videbimur
2137 697 2254 731 neque
2284 687 2396 730 legem

1303 733 1355 767 ita
1378 732 1553 767 hactenus
1578 731 1814 777 approbatam
1843 731 2004 766 minuere
2039 741 2156 775 neque
2188 730 2396 767 iniustitiam

1304 777 1425 812 facere
1456 776 1633 812 morienti.

1305 822 1444 867 aliquos
1473 822 1551 857 fieri
1581 821 1731 857 heredes
1759 826 1795 858 et
1817 821 1951 857 habere
1975 821 2155 866 quandam
2181 823 2396 858 consolatio-

142 866 225 902 οὔτε
255 865 278 903 ἀ
302 871 392 903 ικεῖν
427 868 494 902 τὸν
524 867 798 911 τελευτησαντα.
845 879 876 899 ει
911 879 978 912 γαρ
1002 865 1156 918 πάντως
1168 867 1235 910 μὲν
1254 871 1289 902 15
1305 878 1385 903 nem
1417 878 1462 902 ex
1486 878 1551 902 sua
1583 867 1829 911 successione,
1861 869 1898 902 et
1930 867 2129 902 arbitratur
2160 867 2396 902 sufficientem

144 910 244 957 αὐτῷ
267 912 440 959 βούλεταί
461 925 562 948 τινας
582 912 760 968 γενέσθαι
782 910 1031 958 κληρονόμους,
1056 914 1116 945 καὶ
1140 923 1235 952 εχειν

143 957 226 992 τινὰ
249 957 471 1006 παραψυχὴν
494 960 533 992 ἐκ
556 971 616 1002 της
641 958 749 991 αυτοῦ
773 954 950 998 διαδοχῆς,
976 960 1035 990 καὶ
1059 957 1174 990 οἴεταί
1196 968 1236 1002 γε

143 1001 278 1051 αὐτάρκ
326 1007 535 1051 περιουσίαν
557 1002 670 1046 ἔχειν,
703 999 743 1036 οὐ
766 1002 839 1045 μὴν
863 1004 981 1057 τοῦτο)
996 999 1017 1045 ἡ
1035 1003 1098 1036 τοῦ
1123 999 1234 1047 πράγ-

142 1060 254 1102 ματος
277 1048 434 1092 αλήθεια
461 1046 636 1089 δείκνυσι,
653 1045 846 1094 πρόδηλον,
873 1059 921 1082 ως
942 1061 1006 1081 ουκ
1025 1049 1237 1080 ἐναντίωσις

1305 922 1344 948 se
1368 912 1500 948 habere
1525 913 1773 955 substantiam,
1797 923 1870 948 non
1893 916 2013 947 tamen
2031 913 2100 948 hoc
2120 923 2251 948 causae
2268 913 2396 948 veritas

1306 957 1478 1000 ostendit,
1511 960 1650 993 certum
1674 962 1737 1000 est,
1770 958 1855 1003 quia
1878 969 1951 993 non
1974 958 2044 993 hoc
2070 958 2307 993 contrarietas
2331 959 2397 993 erit

1306 1003 1506 1038 sententiae
1537 1003 1737 1045 morientis,
1771 1003 1833 1039 sed
1862 1003 2087 1047 ignorantiae
2118 1003 2257 1048 puritas
2289 1004 2395 1039 illius.

1305 1047 1329 1082 2
1377 1048 1414 1082 Si
1446 1058 1528 1082 vero
1560 1058 1632 1082 non
1668 1048 1792 1083 fecerit
1822 1048 2058 1084 inventarium
2083 1049 2280 1084 secundum
2303 1050 2396 1084 hanc

144 1105 250 1128 εσται
281 1097 388 1130 τοῦτο
418 1095 481 1135 τῆς
511 1095 573 1127 τοῦ
603 1095 855 1137 κατοιχομένου
887 1091 1025 1136 βουλῆς,
1055 1089 1237 1133 ἂλλά.τῆς
1251 1095 1292 1127 20
1305 1093 1465 1137 figuram,
1496 1093 1592 1128 sicut
1615 1093 1867 1137 praediximus,
1901 1105 1972 1129 non
1996 1094 2164 1130 retinebit
2188 1094 2395 1135 Falcidiam,

144 1135 167 1175 ῙΞ
192 1140 216 1176 2
262 1138 406 1187 ἀγνοίας
428 1135 605 1184 κάθαρσις
627 1138 689 1181 τῆς
712 1139 856 1172 ἐκείνου.

143 1183 327 1228 ποιήσειεν
348 1183 571 1220 inventariov
594 1181 686 1217 κατὰ
710 1184 818 1217 τοῦτο
842 1182 884 1218 τὸ
909 1185 1036 1228 σχῆμα,
1062 1179 1235 1226 καθάπερ

143 1229 307 1266 εἰπόντες
336 1226 525 1283 ἔφθῃμεν,
557 1227 597 1263 οὗ
631 1228 881 1275 παρακαθέξει
912 1228 1116 1269 Falcidiuv,
1148 1225 1236 1260 ἀλλὰ

141 1274 325 1329 πληρώσει
361 1285 444 1328 τους
483 1273 730 1330 ληγαταρίους
752 1277 811 1307 καὶ
848 1272 1234 1329 φιδεὶκρμμισσαρίους,

928 1139 974 1172 Εἰ
997 1140 1123 1182 μέντοι
1145 1134 1237 1180 μηδὲ

1305 1137 1369 1173 sed
1400 1138 1593 1182 complebit
1623 1138 1814 1182 legatarios
1846 1141 1883 1174 et
1911 1139 2277 1183 fideicommissarios,
2313 1139 2397 1174 licet

1331 1193 1419 1218 urae
1452 1182 1675 1218 substantiae
1706 1183 1889 1219 morientis
1926 1184 2160 1220 transcendat
2194 1195 2395 1220 mensuram

1318 1231 1501 1273 egatorum
1536 1228 1643 1263 datio.

1303 1278 1453 1309 nuentes
1485 1273 1617 1317 legem,

1691 1228 1742 1264 Et
1772 1229 1840 1264 hoc
1873 1229 2021 1265 dicimus
2051 1241 2125 1265 non
2149 1234 2306 1266 nostram
2330 1231 2394 1265 mi-

1658 1284 1764 1318 quam
1799 1274 1997 1318 posuimus,
2035 1277 2077 1309 ut
2110 1275 2200 1310 nihil
2235 1276 2278 1310 de
2314 1287 2394 1320 pro-

141 1333 208 1355 καν
228 1321 260 1355 εἰ
275 1333 319 1354 το
336 1330 397 1363 της
415 1320 580 1365 καθαρᾶς
605 1323 728 1354 ουσίας
747 1320 808 1353 τοῦ
830 1318 1109 1362 τελευτησαντος
1127 1330 1233 1365 υπερ-
1249 1322 1291 1354 25
1305 1318 1384 1363 prio
1403 1318 1676 1354 damnificentur
1696 1319 1844 1355 heredes
1870 1319 2118 1355 creditoribus.
2165 1321 2346 1364 Dabitque
2363 1322 2395 1356 ei

139 1369 249 1421 βαίνη
267 1368 399 1420 μέτρον
416 1362 531 1408 ἡτῶν
551 1363 717 1412 ληγάτων
738 1362 845 1400 δόσις.
894 1368 967 1398 Καὶ
988 1361 1096 1398 τοῦτό
1115 1377 1236 1409 φαμεν

140 1424 180 1445 ου
204 1424 271 1446 τον
289 1413 460 1455 ημέτεοον
479 1409 711 1445 ἑλαττοῦντες
727 1407 851 1454 νόμον,
877 1407 918 1444 ὃν
935 1410 1153 1454 τεθείκαμεν
1175 1410 1235 1443 ἐπὶ

138 1457 193 1499 τῷ
225 1454 339 1501 μηδὲν
369 1445 519 1491 οἴκοθεν
551 1455 773 1500 ζημιοῦσθαι
796 1455 878 1490 τοὺς
901 1452 1139 1503 κληρονόμους
1162 1457 1235 1488 τοῖς

140 1499 355 1536 δανεισταῖς.
408 1498 520 1536 δώσει
555 1500 623 1548 γὰρ
663 1498 781 1535 αὐτοῖς
815 1502 945 1544 ποινὴν
981 1499 1143 1534 ἑκτιννύς
1173 1500 1235 1542 τῆς

1305 1374 1458 1408 poenam
1487 1364 1628 1399 exactio
1659 1374 1746 1399 suae
1770 1364 2013 1409 malignitatis,
2048 1375 2112 1400 cur
2135 1366 2396 1400 transcenderit

1304 1410 1434 1454 legem,
1473 1419 1517 1444 ex
1547 1409 1676 1454 quibus
1710 1413 1814 1445 caute
1847 1411 1967 1445 omnia
1999 1420 2108 1455 agens
2141 1411 2229 1445 nihil
2254 1414 2396 1455 poterat

1305 1454 1537 1497 damnificari,
1568 1454 1630 1490 sed
1655 1465 1699 1490 ex
1724 1455 1862 1490 diverso
1887 1455 1994 1490 etiam
2019 1466 2109 1500 quae
2134 1460 2220 1491 sunt
2244 1466 2288 1491 ex
2312 1456 2394 1491 Fal-

1304 1500 1399 1535 cidia
1428 1500 1506 1546 lege
1536 1500 1678 1535 lucrarh
1725 1500 1827 1535 Haec
1851 1503 1972 1536 autem
1996 1500 2157 1543 dicimus,
2183 1502 2245 1536 ubi
2271 1512 2394 1537 errans

141 1547 268 1581 ἑαυτοῦ
285 1551 505 1594 κακουργίας,
524 1544 618 1581 διότι
638 1549 779 1592 παρέβη
797 1546 864 1581 τὸν
880 1545 1004 1591 νόμον,
1018 1544 1101 1586 ἐξὸν
1119 1543 1232 1590 ἀσφα-
1247 1549 1290 1581 30
1303 1549 1455 1581 testator
1480 1545 1523 1580 de
1548 1556 1612 1581 sua
1644 1546 1848 1582 substantia
1877 1546 1968 1581 haec
1993 1546 2064 1590 egit
2088 1549 2152 1582 aut
2177 1547 2282 1589 forte,
2316 1558 2395 1582 cum

140 1589 210 1626 λῶς
232 1590 381 1627 ἅπαντα
405 1591 585 1639 πράξαντι
607 1589 722 1636 μηδὲν
742 1592 982 1637 ἐζημιῶσθαι,
1013 1588 1231 1625 τούναντίον

139 1638 207 1680 μὲν
241 1631 306 1671 οῦν
341 1640 401 1671 καὶ
435 1636 482 1672 τὰ
517 1639 555 1670 ἐκ
590 1638 654 1671 τοῦ
690 1637 871 1672 Falcidiov
906 1636 1018 1681 νόμου
1049 1634 1230 1681 κερδᾶναι.

146 1683 266 1716 Ταῦτα
282 1681 322 1717 δὲ
339 1680 383 1726 δή
407 1695 536 1729 φαμεν,
552 1683 651 1716 ἔνθα
669 1682 955 1727 πεπλανημένως
972 1678 991 1716 ὁ
1013 1680 1230 1725 διαθέμενος

140 1731 222 1774 περὶ
253 1729 314 1771 τῆς
344 1728 471 1762 ἑαυτοῦ
503 1731 707 1774 περιουσίας
737 1729 853 1762 ταῦτα
877 1727 1045 1775 ἔπραξεν,
1078 1724 1099 1770 ἢ
1122 1724 1230 1768 τυχὸν

1301 1591 1483 1626 debuisset
1513 1591 1619 1626 etiam
1650 1591 1857 1636 ampliorem
1882 1592 2118 1636 quantitatem
2143 1592 2265 1627 heredi
2287 1593 2394 1627 relin-

1300 1646 1420 1680 quere,
1444 1646 1510 1681 pro
1536 1637 1671 1671 minore
1687 1636 1881 1681 disposuit3
1908 1637 2038 1675 etenim
2064 1637 2171 1672 etiam
2187 1638 2256 1673 hoc
2271 1648 2393 1673 erran-

1299 1681 1346 1716 tis
1379 1681 1579 1717 sententiae
1611 1685 1665 1717 est
1695 1684 1731 1717 et
1754 1692 1826 1717 non
1849 1692 1962 1735 purae
1987 1686 2022 1718 et
2044 1682 2206 1727 integrae
2230 1683 2394 1727 designa-

1298 1727 1417 1762 tionis.
1511 1727 1550 1762 Si
1582 1737 1665 1762 vero
1699 1737 1895 1772 expresslm
1930 1728 2169 1773 designaverit
2201 1739 2273 1763 non
2305 1729 2394 1764 velle

140 1769 222 1807 δέον
251 1776 311 1807 καὶ
341 1771 454 1808 πλείω
486 1773 673 1816 ποσότητα
704 1774 759 1817 τῷ
783 1772 992 1819 κληρονόμῳ
1017 1770 1230 1806 καταλιπεῖν
1243 1776 1283 1808 35
1298 1772 1464 1808 heredem
1496 1773 1651 1807 retinere
1679 1772 1897 1815 Falcidiam,
1931 1773 2173 1808 necessarium
2204 1777 2259 1809 est
2282 1776 2393 1809 testa-

139 1813 229 1864 ὑπὲρ
266 1816 454 1852 ἐλάττονος
489 1816 701 1854 διετύπωσε.
760 1822 819 1852 καὶ
878 1817 923 1865 ἀρ
955 1817 999 1862 δὴ
1027 1821 1088 1851 καὶ
1119 1818 1228 1851 τοῦτο

140 1862 417 1912 πεπλανημένης
426 1863 578 1919 γνώμης
594 1865 706 1906 ἐστίν,
724 1860 796 1898 ἀλλ’
819 1878 859 1898 ου
882 1864 1048 1910 καθαρᾶς
1063 1865 1123 1897 καὶ
1136 1859 1230 1914 ἀκρί-

142 1916 168 1953 ς
198 1910 287 1964 βοῦς
311 1910 546 1953 ἐπισκηψεως.
597 1951 605 1963 ‘
626 1910 672 1943 Εἰ
684 1912 809 1954 μέντοι
821 1910 939 1956 ῥητῶς
956 1906 1083 1952 ἐπισκή
1116 1921 1165 1942 ειε
1183 1920 1231 1952 μη

1297 1818 1387 1853 toris
1410 1818 1528 1853 valere
1553 1818 1777 1860 sententiam,
1810 1822 1846 1853 et
1869 1822 1933 1853 aut
1956 1819 2130 1854 volentem
2162 1828 2244 1854 eum
2268 1830 2392 1864 parere

1300 1865 1485 1905 testatori,
1517 1862 1643 1898 forsan
1675 1863 1781 1898 etiam
1812 1863 1987 1908 quaedam
2015 1864 2112 1898 iusta
2145 1868 2179 1899 et
2204 1866 2263 1909 pia
2288 1865 2394 1900 relin-

1301 1909 1442 1954 quenti,
1478 1908 1620 1944 lucrum
1651 1919 1723 1944 non
1756 1909 1793 1944 in
1816 1909 2058 1955 percipiendo,
2084 1910 2148 1945 sed
2172 1910 2394 1947 solummodo

1681 776 1719 811 Si
1750 777 1844 812 enim
1875 777 2018 812 omnino
2052 777 2194 822 quidem
2223 777 2292 813 sibi
2322 779 2397 812 vult
2453 796 2461 807 ι

140 1952 344 1999 βουλεσθαι
366 1953 433 1989 τὸν
455 1953 679 2002 κληρονομον
710 1957 1005 2002 παρακατασχεῖν
1036 1954 1091 1989 Fa
1107 1953 1230 1993 cidini),

141 1997 277 2046 ἀνάγκη
309 1998 377 2043 τὴν
409 2000 473 2034 τοῦ
505 1997 723 2044 διαθεμένου
753 1999 905 2047 γνώμην
938 2002 1100 2047 κρατεῖν,
1125 2002 1185 2033 καὶ
1209 1999 1232 2043 ἢ
1245 2002 1287 2035 40

139 2044 362 2090 βουλόμενον
384 2042 497 2079 αὐτὸν
519 2042 821 2092 ὑπηρετήσασθαι
845 2045 899 2088 τῷ
915 2043 1125 2090 διαθεμένῳ
1146 2045 1232 2080 ἴσως

140 2094 203 2124 καί
223 2103 308 2124 τινα
330 2087 452 2124 δίκαιά
481 2103 521 2124 τε
545 2093 605 2124 καὶ
628 2089 756 2135 εὐσεβῆ
781 2089 1020 2125 καταλιπόντι
1044 2089 1086 2124 τὸ
1111 2088 1233 2137 κέρδος

141 2192 325 2227 veritatem
356 2192 395 2226 in
425 2191 533 2227 rebus
562 2203 584 2227 a
618 2197 791 2228 testatore
822 2193 959 2228 relictis
991 2194 1161 2229 invenire.
1210 2193 1292 2228 Nisi
1325 2193 1429 2238 forte
1452 2193 1480 2227 ii
1503 2204 1552 2228 ex
1577 2193 1609 2228 le
1637 2194 1786 2237 alariis,
1824 2196 1888 2241 qui
1905 2203 2123 2242 praesentes
2146 2203 2242 2239 sunt,
2268 2209 2392 2232 omnes

141 2236 196 2272 vel
226 2237 394 2272 nonnulli
424 2237 698 2273 denuntiatione
728 2236 802 2272 illis
830 2238 938 2283 facta
970 2238 1090 2274 venire
1119 2242 1155 2274 et
1185 2238 1389 2273 inventario
1415 2238 1590 2283 conficien
1619 2250 1640 2273 ο
1676 2238 1803 2275 adesse
1826 2240 2013 2276 noluerint
2022 2254 2036 2283 ;
2062 2247 2147 2277 tunc
2171 2243 2265 2277 enim
2290 2244 2393 2279 venia

140 2282 210 2317 erit
240 2281 363 2317 heredi
391 2281 448 2318 vel
477 2293 552 2317 non
579 2282 835 2328 praesentibus
867 2283 1058 2329 leqatariis
1090 2282 1231 2318 testium
1259 2283 1475 2329 praesentia
1506 2287 1676 2319 contento
1710 2284 1953 2320 inventarium
1981 2286 2166 2331 faciendi,
2205 2292 2390 2323 reservato

142 2327 196 2362 uti
221 2338 266 2362 ue
290 2326 479 2373 leqatariis
502 2331 538 2362 et
559 2327 799 2362 iureiurando
824 2327 966 2362 heredis
989 2332 1026 2362 et
1050 2331 1229 2362 tormento
1253 2338 1461 2362 servorum:
1484 2327 1601 2373 iisque
1625 2329 1790 2364 omnibus
1814 2330 2013 2366 observatis
2037 2332 2219 2367 auxilium
2242 2344 2292 2368 ex
2315 2333 2393 2380 leqe

142 2371 196 2406 Fa
213 2371 309 2406 cidia
346 2371 486 2406 babeat.
543 2370 604 2406 Ita
635 2372 727 2407 enim
758 2382 873 2416 neque
902 2371 1015 2417 leqem
1046 2371 1220 2406 hactenus
1250 2371 1342 2406 adeo
1374 2371 1574 2417 probatam
1610 2372 1822 2408 imminuere
1860 2386 1976 2419 neque
2007 2376 2181 2411 iniuriam
2214 2377 2391 2424 defuncto

140 2415 270 2460 facere
295 2415 501 2450 videbimur.
550 2415 646 2450 Nam
669 2416 700 2450 si
726 2416 870 2450 omnino
896 2416 1042 2467 aliquos
1064 2415 1134 2450 sibi
1158 2415 1307 2450 heredes
1331 2416 1500 2457 existere,
1532 2421 1568 2450 et
1589 2417 1766 2451 solacium
1790 2418 1974 2463 quoddam
1998 2431 2048 2455 ex
2070 2423 2299 2458 successione
2321 2434 2390 2458 sua

143 2460 274 2495 habere
297 2459 384 2503 vult,
408 2471 518 2506 seque
540 2461 731 2506 sufficiens
748 2460 1014 2507 patrimonium
1066 2460 1226 2495 ossidere
1242 2464 1367 2507 putat,
1392 2470 1458 2495 nec
1484 2464 1601 2495 tamen
1619 2462 1674 2496 rei
1691 2462 1826 2497 veritas
1842 2463 1882 2498 id
1897 2463 2133 2508 demonstrat,
2155 2467 2390 2512 manifestum

142 2505 166 2540 2
212 2509 267 2540 est
296 2504 365 2540 hoc
395 2516 469 2540 non
501 2505 725 2540 contrarium
757 2505 938 2541 voluntati
966 2472 1132 2551 desiincti
1159 2506 1349 2551 futurum,
1379 2504 1445 2540 sed
1468 2505 1600 2551 potius
1630 2506 1880 2552 iqnorantiam
1912 2509 2012 2544 illius
2071 2517 2299 2557 urqaturum.
2349 2512 2391 2547 Si

143 2554 260 2585 tamen
284 2550 524 2585 inventarium
548 2561 590 2585 eo
621 2561 694 2596 quo
725 2554 810 2586 ante
840 2550 1002 2586 diximus
1029 2550 1137 2585 modo
1162 2561 1236 2585 non
1258 2550 1403 2596 fecerit,
1429 2549 1631 2585 Falcidiam
1655 2562 1729 2586 non
1748 2553 1926 2596 retinebit,
1951 2554 2016 2589 sed
2045 2556 2222 2601 eqatariis
2237 2562 2273 2592 et
2286 2557 2390 2602 fidei-

142 2594 400 2630 commissariis
422 2595 639 2641 satisfaciet,
672 2595 837 2641 quamvis
860 2595 1063 2642 leqatorum
1088 2596 1293 2642 praestatio
1318 2594 1464 2630 modum
1487 2606 1594 2630 verae
1616 2595 1840 2633 substantiae
1864 2598 2030 2645 defuncti
2050 2600 2215 2637 excedat.
2266 2602 2320 2637 Ne
2346 2614 2391 2638 ue

141 2639 182 2674 id
204 2638 357 2674 dicimus
381 2639 495 2686 leqem
518 2644 682 2675 nostram
714 2640 963 2676 imminuentes
995 2652 1103 2687 quam
1126 2640 1208 2675 ideo
1235 2639 1391 2681 tulimus,
1405 2651 1451 2675 ne
1472 2639 1562 2686 quid
1581 2639 1730 2677 heredes
1744 2642 1783 2676 in
1802 2642 1908 2678 bonis
1918 2645 2089 2691 propriis
2106 2657 2129 2681 a
2149 2646 2323 2682 creditori
2347 2659 2391 2682 us

139 2684 272 2720 damno
297 2684 538 2731 afficiantur;
565 2685 771 2732 praestabit
800 2686 894 2720 enim
924 2685 998 2721 illis
1022 2697 1185 2732 poenam
1215 2685 1359 2720 solvens
1380 2685 1533 2731 fraudis
1556 2696 1655 2728 suae,
1681 2687 1781 2732 quod
1805 2687 1918 2734 leqem
1944 2693 2195 2736 transqressus
2218 2696 2284 2734 est,
2309 2703 2389 2727 cum

141 2730 173 2765 ei
197 2733 302 2765 caute
327 2731 448 2765 omnia
472 2730 597 2776 aqenti
620 2730 759 2765 nullum
782 2730 952 2766 damnum
975 2732 1067 2778 pati,
1092 2731 1200 2765 immo
1225 2741 1275 2765 ex
1300 2730 1489 2765 contrario
1514 2741 1569 2773 ea,
1595 2742 1689 2776 quae
1713 2743 1763 2768 ex
1783 2732 1862 2785 leqe
1878 2734 2046 2770 Falcidia
2067 2737 2225 2779 veniunt,
2251 2737 2390 2772 lucrari

141 2774 306 2810 licuisset.
355 2774 474 2815 Haec,
496 2786 582 2811 vero
616 2775 785 2818 dicimus,
817 2775 879 2811 ubi
905 2787 973 2823 per
1002 2787 1163 2811 errorem
1196 2778 1348 2810 testator
1379 2774 1424 2809 de
1444 2775 1687 2820 facultatibus
1709 2778 1786 2812 suis
1808 2782 1861 2813 ita
1883 2780 2033 2823 statuit,
2065 2786 2130 2816 aut
2151 2782 2273 2827 forte,
2309 2794 2388 2818 cum

141 2820 314 2855 maiorem
346 2820 454 2855 etiam
488 2821 727 2867 quantitatem
759 2820 882 2856 heredi
913 2821 1117 2867 relinquere
1147 2820 1345 2862 debuisset,
1377 2819 1421 2854 de
1450 2820 1590 2856 minore
1620 2820 1823 2868 disposuit;
1845 2825 1975 2859 etenim
2000 2829 2037 2861 et
2059 2825 2128 2861 hoc
2151 2828 2311 2863 errantis
2334 2834 2389 2863 esc

139 2864 263 2900 iudicii
294 2875 360 2900 nec
391 2876 475 2901 vero
497 2877 617 2912 purae
640 2870 676 2901 et
698 2870 894 2902 accuratae
917 2866 1178 2912 dispositionis.
1228 2864 1308 2899 Iam
1332 2875 1417 2900 vero
1442 2865 1473 2899 si
1496 2876 1671 2912 expresse
1694 2866 1938 2905 declaraverit
1960 2871 2057 2906 nolle
2080 2882 2119 2906 se
2143 2871 2307 2908 heredem
2333 2885 2388 2908 re-

141 2910 254 2946 tinere
277 2909 498 2953 Falcidiam,
530 2921 674 2946 necesse
702 2915 756 2946 est
789 2912 973 2947 testatoris
996 2912 1216 2947 voluntatem
1242 2909 1421 2952 obtinere,
1451 2913 1487 2944 et
1515 2914 1580 2945 aut
1602 2911 1721 2957 ipsum
1744 2913 1920 2949 volentem
1946 2916 2195 2963 obtemperare
2222 2920 2390 2954 testatori

187 3026 202 3058 1
231 3020 418 3069 ἐφιδεῖνΑ
436 3022 447 3066 ΙΙ
464 3024 484 3056 2
508 3023 574 3056 τοῦ
597 3020 818 3077 κληρονόμου
842 3023 904 3077 Ax„
921 3027 940 3059 3
964 3020 1035 3059 ὑπὸ
1060 3024 1123 3058 τοῦ
1149 3021 1225 3057 δια·
1297 3021 1519 3065 ζημιοῦσθαι
1544 3024 1575 3056 Α
1601 3022 1614 3068 ΙΙ
1637 3025 1679 3058 33
1709 3025 1841 3068 Ταῦτα]
1871 3022 1928 3062 εἶθ·-
1957 3027 2077 3073 πλανη
2098 3056 2106 3064 .
2122 3058 2128 3065 .
2144 3055 2152 3064 .
2177 3031 2209 3064 A
2233 3033 2265 3066 in
2289 3045 2349 3075 my.
2375 3030 2388 3077 ss

140 3068 309 3112 θεμένου]
335 3079 354 3101 a
377 3069 590 3101 testatoribus
613 3081 632 3105 ς
650 3068 662 3113 ΙΙ
686 3072 706 3103 4
729 3083 778 3113 μη
801 3080 1051 3111 τυχόν-τινες
1075 3083 1133 3102 om.
1159 3070 1191 3102 L
1214 3068 1227 3112 ΙΙ

140 3116 160 3148 6
184 3111 278 3157 οὐδὲ]
313 3110 380 3147 Οὓς
409 3111 449 3147 δὲ
478 3115 590 3153 (antea
618 3117 758 3157 spatium
789 3128 871 3156 vac„
907 3117 939 3148 in
970 3128 1030 3159 mq.
1056 3119 1095 3150 ἴε
1125 3111 1226 3159 ὅρκος

140 3159 218 3192 τῶν
288 3161 310 3199 .)
336 3160 364 3191 A
382 3158 394 3203 ΙΙ
414 3161 433 3194 8
457 3162 763 3204 παραγενομένων
787 3162 818 3193 A
834 3161 846 3205 Π
865 3161 885 3193 9
910 3163 968 3193 καὶ
984 3163 1147 3204 ποιηταῖς
1165 3159 1226 3201 τῆς

139 3201 348 3255 ἀπογραφῆς
371 3205 401 3237 A
426 3203 438 3247 ΙΙ
467 3208 504 3236 10
536 3206 596 3237 καὶ
628 3200 724 3238 οὕτω
757 3218 815 3239 om.
840 3207 871 3239 A
895 3205 907 3250 ΙΙ
937 3209 973 3240 13
1006 3207 1045 3239 ἐκ
1076 3220 1134 3240 om.
1159 3206 1190 3238 A
1220 3202 1225 3249 Ι

140 3249 279 3281 falcidiu
304 3247 357 3289 M]
384 3245 570 3293 φαλκιδίου
595 3250 696 3283 LAB
720 3259 750 3283 et
772 3252 820 3284 sic
843 3263 966 3294 semper
983 3250 996 3295 ss
1011 3249 1051 3285 οὐ
1076 3265 1139 3285 ονη.’
1159 3250 1191 3283 A

140 3290 310 3336 δόξαιμεν
333 3294 363 3326 A
388 3307 469 3328 corr.
493 3293 498 3337 Ι
521 3297 570 3328 14.
589 3296 626 3328 15
651 3291 888 3329 *οὐδὲ-οῦδὲ
911 3297 987 3330 libri
1001 3297 1013 3340 ΙΙ
1036 3299 1074 3331 15
1098 3296 1158 3337 Εἰ]
1183 3297 1225 3333 ἷέ

140 3340 173 3372 in
197 3352 258 3382 my.
289 3339 319 3371 A
343 3337 356 3383 ΙΙ
390 3341 429 3373 16
454 3339 562 3373 αυτοῦ
587 3342 616 3373 A
638 3341 650 3383 ΙΙ
676 3341 770 3382 ἔχειν
802 3340 897 3383 τινὰ]
929 3336 1059 3395 ἥντινα
1088 3346 1119 3377 Α
1145 3343 1157 3387 ΙΙ
1186 3346 1224 3376 19

140 3380 295 3426 ἀλήθεια
321 3397 379 3417 om.
403 3385 449 3417 A¹
469 3385 480 3429 ΙΙ
505 3387 547 3419 20
571 3386 678 3418 τοῦτο
702 3386 775 3428 τῆς]
800 3387 862 3428 τῆς
885 3398 1013 3420 τουτου
1036 3388 1067 3421 A
1087 3388 1099 3433 ΙΙ
1123 3401 1225 3422 κατο-

139 3430 333 3472 χουμε’νουῖ
357 3429 404 3462 A¹
423 3430 435 3473 ΙΙ
451 3427 630 3475 κάθαρσις
653 3431 713 3473 τῆς
736 3427 881 3477 ἀγνοίας
905 3433 1039 3466 ἐκείνου
1062 3435 1093 3467 Α
1113 3435 1124 3477 ΙΙ
1141 3436 1179 3467 21
1205 3436 1225 3467 ’ὲ

122 3481 225 3527 vML]
243 3478 300 3527 ἷξ-
317 3483 479 3532 λεγάτων
503 3483 591 3519 δ..’.
617 3489 649 3520 in
674 3500 733 3528 mo.
760 3489 788 3520 A
813 3488 825 3531 ΙΙ
850 3486 942 3532 μηδὲ
965 3489 1018 3532 M]
1041 3488 1090 3533 μὴ
1115 3492 1183 3524 LB
1208 3505 1222 3528 ς

141 3544 199 3563 om.
223 3532 254 3564 A
278 3534 289 3574 ΙΙ
315 3533 356 3565 22
391 3528 620 3576 ἰνβεντάριον
654 3533 716 3565 LA
741 3531 753 3576 ΙΙ
781 3531 873 3567 κατὰ
906 3533 948 3568 τὸ
986 3536 1103 3578 σχῆμα
1138 3532 1226 3583 ὅπερ

113 3605 115 3607 .
140 3575 276 3620 ἔφημεν
300 3577 331 3609 A
347 3577 359 3620 ΙΙ
379 3579 421 3610 23
450 3578 527 3610 Post
540 3574 581 3609 οὐ
596 3584 658 3610 tres
673 3579 732 3611 litt.
748 3590 861 3611 erasae
875 3581 907 3612 z‘n
923 3581 953 3613 L
972 3579 984 3625 ΙΙ
1002 3583 1041 3614 25
1055 3577 1226 3628 ὑπερβαί-

141 3632 198 3662 νει4
215 3623 244 3653 Α
261 3621 273 3665 ΙΙ
293 3623 334 3655 28
358 3618 449 3665 μηδὲ
472 3623 501 3655 A
520 3621 531 3666 ΙΙ
557 3624 598 3656 29
623 3619 725 3656 αῦτῶ
747 3623 777 3656 A
803 3636 822 3660 ς
840 3623 851 3668 ΙΙ
868 3624 1009 3668 ποινὴν]
1035 3624 1079 3668 νὴ
1103 3629 1226 3669 iri-ras.

144 3665 217 3710 1:²11
236 3664 368 3708 ποινὴν
391 3663 510 3700 αὐτοῖς
524 3668 557 3700 Β
576 3668 587 3710 ΙΙ
605 3670 646 3701 30
671 3666 766 3709 ἐξὸν]
791 3668 830 3708 ἐξ
854 3667 908 3702 ὡν
921 3671 1007 3703 L²B
1021 3683 1039 3707 ς
1064 3671 1102 3711 ἐξ
1116 3671 1157 3704 οὑ
1172 3674 1201 3705 A
1214 3673 1226 3719 11

142 3705 323 3757 ἀσφαλῶς]
356 3708 429 3748 ἔδει
453 3714 538 3762 add.
571 3713 602 3746 A
639 3716 693 3759 (cf.
720 3715 751 3757 ς)
779 3713 790 3760 ΙΙ
820 3715 859 3749 31
894 3711 1084 3765 πράξαντα
1115 3714 1227 3762 μηδὲν

1302 3067 1421 3119 Ταῦτα
1453 3063 1493 3100 δὲ
1522 3080 1548 3101 e.
1575 3082 1605 3112 q.
1639 3082 1666 3103 s.
1698 3083 1797 3113 usque
1829 3075 1875 3106 ad
1895 3076 2000 3115 finem
2033 3078 2152 3118 capitis
2184 3090 2242 3109 om.
2277 3078 2346 3110 LB
2375 3083 2387 3120 ΙΙ

1295 3109 1339 3153 δη
1353 3125 1410 3144 om.
1424 3113 1455 3145 A
1473 3112 1486 3155 ss
1509 3111 1783 3158 πεπλανημένος
1795 3118 1826 3150 A
1852 3130 1871 3154 ς
1889 3118 1901 3163 11
1919 3122 1959 3153 35
1978 3118 2090 3153 πλέον
2104 3122 2133 3154 Α
2153 3120 2165 3164 ΙΙ
2183 3124 2224 3156 38
2249 3123 2385 3156 ἐπισκέ-

1295 3178 1392 3212 ψεως
1414 3169 1446 3201 Α
1462 3168 1474 3211 ΙΙ
1489 3162 1616 3212 Hm]
1640 3174 1721 3216 περὶ
1745 3174 1809 3205 τοῦ
1835 3172 1909 3219 φαλ
1930 3201 1938 3209 .
1959 3200 1967 3208 .
1989 3201 1998 3209 .
2021 3177 2052 3209 Α
2078 3178 2111 3209 in
2133 3190 2192 3220 τηρ.
2211 3177 2223 3221 ΙΙ
2250 3175 2384 3220 entant]-

1294 3223 1400 3267 Ψοιεν
1413 3214 1449 3266 ΑΙ
1462 3214 1473 3257 ΙΙ
1490 3216 1532 3247 40
1555 3212 1690 3269 ἀνάγκη
1717 3213 1828 3251 αὐτὸν
1850 3218 1917 3262 τὴν
1931 3223 1957 3253 A
1977 3220 1988 3265 ΙΙ
2008 3224 2153 3267 κρατεῖν
2165 3219 2386 3266 βουλόμενον

1293 3259 1596 3336 ἴτσέπηρῗτηῖασθαι
1624 3262 1711 3294 ἱσως
1741 3259 1865 3296 δίκαια
1895 3265 1978 3298 τινά
2001 3278 2041 3299 τε
2064 3267 2096 3299 A
2119 3266 2130 3309 ΙΙ
2157 3269 2199 3301 42
2224 3266 2384 3302 καταλει-

1321 3352 1493 3412 'asic-‘in-
1518 3359 1553 3393 V
1555 3360 1608 3406 ΤΙΙ
1634 3364 1653 3396 5
1679 3356 1897 3398 noluerint}
1916 3367 1927 3404 ΙΙ
1951 3369 1971 3400 6
1996 3369 2077 3408 non]
2103 3378 2122 3399 a
2146 3379 2211 3401 non
2247 3370 2280 3402 V
2296 3362 2385 3413 pru—u

1296 3405 1315 3437 8
1345 3404 1593 3456 discriptionem
1626 3408 1676 3441 Β*
1702 3408 1714 3452 ΙΙ
1741 3411 1885 3452 reposito
1917 3411 1963 3444 V2
1995 3414 2027 3445 in
2051 3421 2137 3456 spat.
2165 3413 2177 3457 ΙΙ
2208 3416 2247 3448 10
2272 3415 2383 3448 obser-

1296 3452 1407 3481 uantis
1439 3450 1479 3483 V¹
1497 3451 1510 3494 ΙΙ
1533 3453 1571 3485 12
1595 3452 1644 3485 ita
1668 3466 1725 3486 om.
1760 3455 1823 3487 VT
1844 3454 1856 3499 ΙΙ
1880 3456 2094 3498 approbatam
2127 3459 2288 3492 hactenus
2320 3462 2350 3493 V
2372 3460 2385 3502 ΙΙ

1300 3497 1337 3527 16
1362 3494 1482 3546 habere
1495 3508 1555 3529 om.
1578 3497 1620 3529 V¹
1637 3497 1650 3542 ΙΙ
1680 3500 1719 3531 17
1743 3499 1818 3539 hoe]
1844 3501 1908 3532 hm
1926 3501 1973 3533 Β·
1997 3502 2057 3534 hec
2074 3502 2119 3535 13²
2138 3503 2150 3547 ΙΙ
2176 3506 2214 3537 18
2229 3505 2383 3547 puritans

1299 3539 1371 3583 3¹1!
1390 3539 1495 3591 illius]
1513 3542 1665 3592 ‘ostendit
1699 3544 1757 3586 Vss
1789 3546 1826 3578 21
1855 3545 1964 3587 legata
1989 3549 2021 3579 et
2043 3547 2295 3582 fideicommissa
2319 3552 2348 3582 V
2371 3551 2382 3592 ΙΙ

1296 3586 1338 3617 24
1364 3587 1402 3616 ut
1426 3595 1461 3636 ln
1487 3586 1594 3618 mehil
1616 3587 1673 3631 VH
1690 3589 1731 3622 25
1756 3588 1914 3631 dabitque
1940 3591 1982 3632 V]
2008 3592 2101 3625 dabit
2120 3594 2190 3627 ΕΤ
2207 3595 2265 3627 sed
2289 3596 2382 3627 (labit

1296 3630 1382 3717 ez]
1401 3629 1465 3706 ἐς
1568 3631 1915 3722 t22¹¹„223<12¹‡2¹3.2¹¹
1935 3637 1975 3669 2¹
2002 3639 2207 3717 rw
2226 3641 2269 3673 ²⁹

1297 3720 1329 3752 et
1349 3731 1407 3753 om.
1422 3719 1499 3767 3¹11
1519 3701 1558 3755 3²7
1585 3721 1670 3755 iuste
1689 3700 1785 3766 ‘piam
1809 3724 1859 3758 R·
1899 3690 1991 3760 ξξξξε
2003 3695 2125 3771 οεζῗ.ρίε
2150 3684 2228 3762 λιίῗὸ
2253 3687 2379 3775 et‘auq
