2618 4010
82 147 410 201 *nummus

139 260 252 295 μασιν
288 247 309 292 ἡ
343 251 568 298 προγαμιαία
604 243 739 295 δωρεά,
778 245 820 283 τὸ
855 250 979 295 τρίτον
1013 249 1078 283 τοῦ
1113 246 1219 285 τόκου

139 297 247 342 μέρος
274 292 531 340 λαμβάνουσαν
560 293 629 338 τὴν
654 296 797 350 μητέρα
820 292 886 329 σὺν
912 294 958 343 τῇ
982 291 1049 338 ἤδη
1073 307 1157 330 νενο
1184 307 1218 329 o-

141 340 327 389 θετημένῃ
357 337 538 386 ἀσφαλείᾳ
566 338 617 385 μὴ
644 341 813 375 απαιτεῖν
844 338 943 388 παρὰ
972 340 1051 375 τῶν
1075 343 1146 375 παί
1167 352 1221 375 ων

140 389 296 432 χρυσίον,
329 383 424 428 πλὴν
447 385 479 419 εἰ
500 384 550 430 μὴ
572 383 735 431 ἄφθονος
758 381 781 428 ἡ
799 385 862 420 τοῦ
886 382 1016 431 ἀνδρὸς
1044 385 1097 429 εἴη
1122 398 1220 432 περι·-

141 434 246 465 ουσία
276 433 336 464 καὶ
366 432 440 474 ἔχοι
469 433 530 464 καὶ
560 433 788 485 χρυσίονῗκαὶ
812 429 966 477 ἄργυρον
995 433 1055 465 καὶ
1079 431 1222 474 ἐσθῆτα

140 478 201 510 καὶ
223 475 260 510 εἴ
285 489 322 510 τι
344 479 685 524 καταγεγραμμένον
708 490 752 519 ην
782 477 827 523 τῇ
858 479 977 523 μητρί.
1025 477 1222 520 τηνικαῦτα

139 522 209 568 γὰρ
231 520 299 564 τὴν
321 519 492 568 ἐπιλογὴν
521 522 566 568 τῇ
589 534 662 566 μητ
685 523 698 554 ἱ
722 519 905 565 δώσομεν,
936 521 972 555 εἴ
989 535 1030 568 γε
1052 520 1222 566 βούλεται

141 564 189 600 τὰ
210 565 406 614 πράγματα
430 565 554 611 λαβεῖν
578 570 638 600 καὶ
684 567 788 600 οὗναι
813 565 880 609 τὴν
904 566 942 607 ἐξ
964 566 1088 614 ἐγγύης
1110 563 1222 613 ἀσφά-

142 609 259 654 λειαν,
285 611 356 646 εἴτε
379 614 440 646 καὶ
462 610 527 646 τὸν
551 612 737 665 εἰρημένον
761 612 977 666 κομίζεσθαι
1001 609 1127 655 τόκον,
1153 611 1222 646 τὸν

140 653 214 691 ἀπὸ
230 660 355 703 τρίτου
378 658 497 711 φαμεν
516 657 716 710 ἑκατοστης,
741 670 832 692 κατα
850 669 890 691 τε
909 655 991 691 τοὺς
1008 657 1222 703 ἔμπροσθεν
1238 661 1276 692 10

139 701 164 737 3
222 702 351 747 νόμους
372 715 466 736 κατα
494 716 535 737 τε
563 716 629 737 τον
652 705 834 748 ημέτερον.
893 703 939 735 Εἰ
964 700 1006 735 δέ
1025 715 1065 748 γε
1088 698 1221 746 ἀναμὶξ

140 746 193 790 εἴη
216 747 263 781 τὰ
285 745 479 794 πράγματα
500 751 560 782 καὶ
583 745 605 791 ἡ
629 746 747 791 δωρεὰ
767 748 810 782 τὸ
832 748 900 791 μὲν
924 748 964 781 ἐν
987 746 1153 792 χρήμασι,
1177 747 1219 782 τὸ

141 790 181 827 δὲ
211 794 251 827 ἐν
275 788 452 836 ἀκινήτοις
475 795 549 836 ἔχοι
573 792 772 840 πράγμασι,
795 791 841 827 τὰ
862 792 934 846 μέν’
953 789 1107 835 ἀκίνητα
1131 791 1218 827 πάν-

140 849 213 872 τως
242 841 366 883 μένειν
397 839 497 884 παρὰ
529 840 585 893 τῇἸ
604 841 712 885 μητρὶ
745 836 806 872 διὰ
834 850 877 871 το
909 835 995 890 τὴν*
1008 834 1220 884 ἀποτροφὴν

1222 131 1295 181 181

1920 133 2027 180 Nov.
2059 134 2188 179 XXII
2218 138 2285 179 45.
2316 138 2369 180 46

1288 251 1426 295 partem
1450 257 1640 285 usurarum
1659 248 1737 284 acci
1763 248 1858 284 iente
1877 250 1992 284 matre
2011 258 2092 284 cum
2111 247 2211 294 prius
2231 247 2371 284 sancita

1289 294 1432 330 cautela
1455 305 1529 331 non
1551 293 1643 338 exigi
1666 304 1689 329 a
1711 259 1793 329 filiis
1817 304 1959 336 aurum,
1991 293 2063 330 nisi
2090 293 2183 330 forte
2214 293 2291 330 sine
2314 293 2370 329 in-

1290 339 1384 376 vidia
1408 340 1456 375 sit
1482 339 1549 376 viri
1571 339 1727 375 facultas
1756 342 1794 375 et
1816 339 1949 375 habeat
1972 349 2100 375 aurum
2124 342 2162 375 et
2184 349 2225 375 ar
2248 341 2371 375 entum

1290 387 1328 421 et
1349 388 1465 421 vestes
1489 389 1525 421 et
1548 384 1720 437 quidquid
1745 385 1987 429 conscriptum
2003 388 2060 420 est
2075 385 2191 420 matri.
2267 394 2371 421 amus

1257 434 1275 466 5
1291 430 1421 467 etenim
1444 433 1533 466 tunc
1555 430 1765 466 electionem
1785 430 1902 472 matri,
1929 430 2001 465 sive
2026 430 2110 465 velit
2133 440 2191 465 res
2206 429 2372 475 accipere

1289 480 1326 511 et
1349 476 1436 512 dare
1459 475 1720 512 fideiussoriam
1750 475 1952 510 cautionem
1983 475 2056 510 sive
2080 475 2284 520 praedictas
2309 485 2370 510 ac-

1290 521 1409 567 cipere
1432 532 1580 566 usuras3
1607 520 1758 556 dicimus
1781 523 1901 555 autem
1925 530 1969 555 ex
1992 520 2099 555 tertia
2123 524 2225 565 parte
2250 523 2382 556 centes

1289 567 1400 603 simae
1430 569 1504 602 tam
1537 567 1733 602 secundum
1764 565 1963 601 anteriores
1998 565 2094 609 leges
2127 576 2235 610 quam
2264 566 2372 602 etiam

1289 612 1488 648 secundum
1511 616 1666 648 nostras.

1288 703 1313 737 3
1370 703 1406 738 Si
1439 713 1521 738 vero
1555 702 1752 748 permixtae
1787 702 1858 737 sint
1888 711 1946 737 res
1985 703 2023 737 et
2054 700 2198 736 donatio
2230 704 2305 736 tam
2334 701 2372 736 in

1289 748 1451 792 pecuniis
1476 758 1582 792 quam
1606 747 1845 783 immobilibus
1864 747 1973 782 rebus
1993 747 2051 788 sit,
2075 746 2274 782 immobiles
2294 747 2371 792 qui-

1289 793 1369 828 dem
1393 793 1535 829 omnino
1560 803 1704 828 manere
1727 792 1823 839 apud
1844 796 1993 827 matrem
2015 793 2162 837 propter
2183 791 2279 836 quod
2306 791 2372 826 ali·

1289 840 1410 873 menta
1434 839 1567 874 habeat
1590 838 1736 880 exinde,
1767 838 1805 873 in
1835 838 1943 872 rebus
1974 847 2058 873 vero
2089 837 2280 873 mobilibus
2311 837 2374 872 illa

140 885 236 925 ἔχειν
271 883 430 925 ἐκεῖθεν,
467 886 527 919 ἐπὶ
563 886 603 918 oe
634 888 707 918 τοῖς
741 885 896 926 κινητοῖς
926 894 1043 917 ταυτα
1074 885 1220 936 epar-etv
1236 886 1274 918 15
1290 887 1410 918 tenere
1435 894 1525 928 quae
1549 884 1686 929 pridem
1709 883 1904 926 sanximus,
1930 883 2003 918 sive
2028 882 2217 927 contigerit
2239 882 2278 917 in
2297 893 2372 917 mo-

140 925 234 976 ἅπερ
269 928 588 974 ἐνομοθετήσαμεν
621 928 850 974 ἔμπροσθεν,
892 927 992 962 εἴπεο
1028 928 1221 974 ἐτυγχανεν

141 976 181 1008 ἐν
205 977 362 1018 κινητοῖς
385 972 507 1009 πάντα
534 973 579 1009 τὰ
613 976 674 1017 τῆς
704 975 944 1026 προγαμιοκιιίας
970 961 1104 1027 δωρεᾶς
1125 973 1217 1006 καθ’·

141 1021 295 1055 εστῶτα.
342 1018 563 1067 προνοούσης
585 1021 646 1063 τῆς
661 1020 831 1073 γαμετῆς,
861 1029 948 1052 ωςτε
969 1032 1019 1063 μη
1041 1031 1218 1064 καταρρα·

140 1065 304 1109 θυμῆσαι
336 1064 370 1109 [ἢ
401 1063 586 1109 ἀμελῆσαι]
622 1078 700 1099 των
736 1061 918 1107 ἀκινήτων
952 1062 1044 1107 μηδὲ
1079 1062 1218 1098 ἐλάττω

140 1111 258 1145 ταῦτα
282 1111 448 1154 ποιῆσαι,
473 1107 553 1144 ἀλλ’
580 1109 707 1156 οἷάπερ
730 1108 861 1154 ἔλαβεν
883 1105 1098 1143 ἀποδοῦναι.

1290 929 1420 964 bilibus
1445 930 1553 964 rebus
1579 930 1699 965 omnia
1721 928 1979 973 antenuptialis
2009 928 2212 964 donationis
2238 927 2372 963 consti-

1287 976 1377 1009 tuta.
1414 974 1602 1009 Provideat
1625 975 1764 1014 mulier,
1789 973 1886 1018 quod
1910 984 1982 1009 non
2005 975 2155 1018 respuat
2176 973 2373 1008 immobilia

1288 1029 1414 1100 pggpaet
1425 1019 1611 1055 imminuta
1634 1021 1726 1056 haec
1748 1020 1880 1062 faciat,
1912 1019 1976 1056 sed
1999 1019 2121 1065 qualia
2152 1019 2293 1064 accepit
2315 1028 2371 1054 re.-

1098 1199 1256 1236 CAPUT
1280 1199 1409 1235 XLVI.

183 1255 378 1292 Ἐντεῦθεν
402 1253 489 1301 ἡμᾶς
516 1259 635 1301 ἕτερος
664 1255 769 1291 καλεῖ
784 1254 884 1303 λόγος
908 1254 927 1291 ὁ
952 1257 1120 1302 περὶτῆς
1142 1258 1221 1291 τῶν

141 1300 286 1337 παίδων
306 1299 483 1345 διαδοχῆς,
513 1299 560 1346 ἣν
583 1299 630 1336 ἄν
653 1300 804 1347 λοίβοιενν
824 1302 861 1335 αἱ
884 1300 1060 1348 δευτέροις
1083 1299 1220 1345 ὁμιλεῖν

138 1345 330 1391 μέλλουσαι
362 1343 495 1404 γάμοις.
538 1345 630 1391 Ἤδη
660 1349 729 1392 μὲν
762 1348 828 1382 οὖν
862 1350 922 1381 καὶ
958 1359 1004 1382 πε
1028 1350 1041 1380 i
1075 1345 1219 1381 τούτων

137 1395 339 1449 γέγραπται
369 1404 477 1447 νομος
507 1389 593 1438 ἡμῖν
623 1392 712 1446 πρὸς
742 1390 976 1446 Ἑρμογένην-
987 1406 1053 1427 τον
1080 1393 1141 1436 τῆς
1164 1395 1218 1427 ἐν·

1343 1256 1437 1292 Hinc
1461 1267 1527 1292 nos
1551 1257 1622 1293 alia
1646 1259 1773 1292 evocat
1799 1257 1893 1293 ratio
1918 1268 2009 1302 quae
2042 1258 2085 1293 de
2108 1257 2264 1293 filiorum
2290 1267 2371 1293 suc-

1291 1302 1453 1338 cessione
1472 1306 1536 1346 est‚
1559 1312 1665 1348 quam
1684 1302 1848 1347 accipere
1861 1313 1952 1348 quae
1970 1303 2017 1338 ad
2038 1303 2213 1338 secundas
2226 1303 2373 1338 veniunt

1289 1348 1445 1393 nuptias.
1493 1349 1568 1383 Iam
1592 1347 1729 1392 pridem
1751 1347 1844 1382 enim
1868 1351 1905 1383 et
1930 1348 1974 1383 de
1998 1348 2053 1383 his
2079 1348 2215 1392 scripta
2239 1352 2293 1382 est
2315 1348 2372 1383 lex

1290 1404 1312 1428 a
1335 1393 1438 1428 nobis
1471 1393 1518 1428 ad
1542 1394 1799 1437 Hermogenem
1830 1393 2006 1438 gloriosae
2038 1394 2229 1429 memoriae
2262 1393 2371 1437 magi-

139 1436 245 1492 δοξον
268 1449 406 1494 μνημης
428 1449 628 1485 μαγιστρον
651 1451 730 1473 των
754 1438 874 1492 θζείων
897 1452 1002 1483 ημων
1024 1435 1219 1485 γενόμενον
1233 1441 1273 1473 25
1289 1441 1404 1473 strum
1441 1449 1627 1474 sacrorum
1662 1442 1867 1474 nostrorum
1903 1438 2039 1474 factum
2080 1438 2281 1473 officiorum
2315 1448 2370 1473 re-

139 1482 279 1523 ταξεων
329 1487 669 1530 αντιγεγραμμένος,
702 1497 794 1518 κατα
824 1482 892 1527 τὴν
915 1482 1130 1530 Βελισαρίου
1154 1484 1217 1518 τοῦ

140 1526 375 1569 ένὸοξοτάτου
407 1527 606 1576 προελθών
636 1527 815 1564 ὑπατείαν
844 1527 911 1572 τὴν
943 1527 1013 1573 πρὸ
1039 1527 1220 1564 δεκαεπτὰ

139 1571 332 1608 καλανδῶν
352 1571 589 1620 Ἀπριλλίων·
615 1571 708 1608 καθ’
732 1571 775 1608 ὃν
798 1575 1049 1618 ἐθεσπίσαμεν
1069 1573 1131 1609 τὰς
1154 1588 1217 1619 μη-

138 1622 242 1666 τέρας
262 1620 321 1654 έπὶ
345 1617 412 1654 τὸν
435 1620 499 1653 τοῦ
524 1617 653 1654 παιδὸς
685 1621 748 1654 τοῦ
782 1619 827 1663 ui]
851 1619 1113 1655 καταλιπόντος
1137 1623 1217 1655 παῖ-

1289 1484 1444 1529 scripta,
1478 1484 1644 1520 Belisarii
1677 1484 1820 1529 gloriosi
1844 1484 2045 1529 procedens
2074 1485 2265 1519 consulatu
2291 1494 2370 1528 sep-

1288 1530 1374 1565 timo
1405 1529 1541 1565 decimo
1573 1530 1746 1565 kalendas
1776 1529 1928 1574 Aprilis,
1962 1540 2027 1574 per
2055 1539 2163 1574 quam
2191 1529 2373 1565 sanximus

1288 1578 1419 1610 matres
1444 1574 1490 1610 ad
1513 1575 1577 1610 filii
1601 1586 1673 1610 non
1697 1575 1928 1620 relinquentis
1954 1575 2087 1610 liberos
2112 1585 2194 1610 cum
2217 1575 2293 1610 eius
2313 1575 2374 1620 qui

1288 1624 1449 1656 mortuus
1476 1625 1531 1656 est
1553 1621 1727 1656 fratribus
1750 1620 1826 1655 sine
1851 1621 2059 1656 causatione
2083 1621 2204 1655 vocari
2229 1630 2373 1655 succes-

139 1662 203 1699 δας
236 1663 327 1708 μετὰ
366 1666 445 1699 τῶν
481 1663 591 1699 αὐτοῦ
627 1666 690 1700 τοῦ
730 1653 1009 1719 τελευτήσαντος
1049 1663 1219 1718 ἀδελφαῖν
1233 1669 1275 1701 30
1287 1667 1434 1708 sionem,
1460 1670 1496 1701 et
1519 1666 1596 1701 eius
1622 1677 1702 1701 cum
1730 1677 1797 1701 usu
1821 1666 1929 1701 etiam
1961 1666 2216 1711 proprietatem
2241 1666 2373 1701 habere

138 1707 380 1757 ἀπραγμόνως
409 1709 603 1745 καλεῖσθαι
635 1710 780 1757 κλῆρον,
809 1713 869 1744 καὶ
895 1723 1021 1745 τουτου
1044 1724 1135 1756 μετα
1158 1722 1219 1754 της

138 1754 294 1801 χρήσεως
317 1757 378 1789 καὶ
401 1754 469 1798 τὴν
494 1753 709 1791 δεσποτείαν
731 1759 825 1799 ἔχειν
850 1759 1019 1800 βεβαίως,
1052 1756 1123 1790 εἴτε
1146 1755 1217 1803 πρὸ

137 1802 201 1834 τοῦ
225 1799 352 1847 κλήρου
383 1801 454 1835 εἴτε
476 1800 567 1846 μετὰ
590 1803 722 1836 τοῦτον
747 1800 921 1848 δευτέροις
946 1798 1133 1846 ὡμίλησαν
1155 1801 1215 1849 γά-

137 1857 233 1890 μοις·
262 1843 451 1881 ἀνελόντες
474 1847 513 1888 ἐξ
536 1849 672 1882 ἐκείνου
701 1845 784 1882 τοὺς
807 1846 935 1892 νόμους
966 1847 1002 1881 οἳ
1031 1850 1113 1894 περὶ
1143 1847 1222 1881 τού-

195 1939 268 1970 cap.
292 1927 365 1961 XL
375 1927 427 1961 VI
447 1929 644 1962 decurtatum
669 1929 795 1962 exhibet
816 1929 866 1962 13⁸
880 1941 917 1972 p.
944 1929 1006 1963 198
1020 1941 1068 1971 sq.
1093 1929 1196 1962 Zach.

138 2027 332 2053 usurarum
354 2020 466 2071 parte
485 2022 637 2063 accepta
658 2028 737 2052 cum
758 2017 928 2053 cautione
946 2018 1020 2053 iam
1039 2018 1118 2064 leqe
1138 2018 1335 2054 constituta
1351 2018 1549 2064 pecuniam
1569 2029 1592 2053 a
1611 2017 1734 2053 liberis
1757 2029 1830 2053 non
1850 2029 1914 2054 ext

1287 1712 1443 1755 firmam,
1487 1712 1561 1748 sive
1596 1712 1698 1756 prius
1741 1721 1846 1756 quam
1889 1711 1993 1746 heres
2036 1711 2260 1756 relinquatur
2301 1711 2373 1746 sive

1287 1761 1415 1801 postea
1446 1757 1492 1792 ad
1525 1758 1702 1792 secundas
1734 1757 1874 1792 venerit
1898 1757 2062 1810 nuptias3
2100 1757 2305 1792 auferentes
2330 1756 2373 1791 de

1285 1802 1355 1839 hoc
1386 1803 1481 1848 leges
1517 1813 1610 1848 quae
1643 1803 1686 1839 de
1721 1802 1777 1838 his
1809 1804 2029 1838 contrarium
2062 1801 2147 1847 quid
2176 1802 2372 1848 praecipie-

1942 2022 1992 2060 at,
2015 2018 2090 2053 nisi
2108 2018 2210 2063 forte
2231 2016 2374 2064 amplae

138 2062 213 2098 sint
238 2062 360 2098 mariti
387 2062 589 2108 facultates
619 2062 818 2109 habeatque
847 2067 883 2098 et
905 2074 1036 2098 aurum
1065 2067 1102 2099 et
1125 2067 1315 2109 arqentum
1340 2067 1376 2098 et
1400 2063 1647 2099 vestimentum
1671 2069 1706 2098 et
1728 2064 1761 2098 si
1784 2063 1874 2109 quid
1893 2029 1996 2098 alliud
2017 2063 2126 2099 matri
2148 2062 2373 2109 assiqnatum

136 2107 264 2154 fuerit.
325 2106 428 2143 Tunc
451 2108 546 2144 enim
569 2109 750 2154 optionem
780 2108 890 2144 matri
913 2108 1096 2151 dabimus,
1132 2108 1207 2144 sive
1229 2119 1288 2144 res
1310 2108 1475 2155 accipere
1499 2114 1534 2143 et
1557 2108 1761 2144 cautionem
1782 2108 2053 2154 fideiussor-iam
2082 2108 2172 2144 dare
2202 2108 2278 2144 vult
2299 2108 2374 2144 sive

138 2153 273 2189 dietam
298 2163 467 2196 usuram,
505 2164 631 2200 nempe
661 2165 756 2200 quae
788 2153 895 2189 tertia
928 2154 1143 2189 centesimae
1177 2154 1351 2199 efficitur,
1389 2158 1462 2189 tam
1497 2153 1692 2188 secundum
1721 2155 1871 2199 priores
1907 2154 2005 2200 leqes
2033 2164 2143 2199 quam
2175 2153 2373 2188 secundum

137 2197 164 2235 3
208 2201 373 2234 nostram
389 2199 549 2245 auferre.
597 2197 735 2241 Quodsi
781 2199 961 2234 ermioetae
980 2199 1055 2234 sint
1073 2210 1133 2234 res
1153 2203 1186 2233 et
1206 2198 1355 2233 donatio
1370 2202 1519 2244 partem
1537 2210 1587 2234 ex
1595 2200 1766 2244 pecuniis
1813 2202 1928 2234 artem
1948 2210 1998 2234 ex
2013 2198 2252 2234 immobilibus
2267 2198 2374 2234 rebus

139 2247 363 2281 constantem
386 2245 583 2286 contineat,
608 2244 749 2279 immobz
766 2244 803 2278 ia
826 2243 970 2289 quidem
992 2244 1137 2278 omnino
1162 2243 1264 2289 apud
1285 2247 1435 2278 matrem
1458 2247 1640 2285 maneant,
1666 2247 1706 2278 ut
1728 2244 1766 2278 in
1794 2255 1813 2279 e
1836 2244 2008 2279 alimenta
2031 2243 2175 2285 habeat,
2200 2242 2244 2279 de
2263 2243 2372 2279 mobi-

139 2288 235 2324 libus
256 2299 341 2324 vero
365 2299 409 2324 ea
432 2289 578 2324 valeant
600 2299 694 2334 quae
717 2291 825 2323 antea
847 2289 1051 2330 sanoeimus,
1075 2287 1116 2322 si-
1149 2291 1228 2323 orte
1252 2299 1301 2323 ex
1320 2287 1511 2322 mobilibus
1536 2292 1612 2323 tota
1633 2292 1718 2323 ante
1738 2289 1887 2335 nuptias
1907 2288 2058 2324 donatio
2080 2291 2230 2323 constet.
2279 2287 2371 2324 Pro—

139 2334 260 2371 videat
283 2338 403 2368 tamen
425 2333 567 2375 mulier,
599 2344 645 2368 ne
669 2337 798 2367 temere
821 2333 992 2378 neqleqat
1014 2333 1119 2367 immo
1145 2332 1209 2367 ilia
1233 2343 1322 2367 neve
1346 2332 1528 2367 deteriora
1551 2331 1684 2368 reddat
1706 2344 1761 2375 ea,
1791 2333 1856 2368 sed
1880 2333 2006 2378 qualia
2029 2333 2171 2379 accepit
2192 2334 2371 2372 restituat.

273 2377 404 2413 XLVI.

140 2423 208 2459 das
238 2423 398 2459 initurae
426 2426 511 2457 sunt
543 2423 700 2469 nuptias.

462 2377 561 2412 Hinc
585 2378 660 2412 alia
684 2388 752 2412 nos
776 2382 883 2413 vocat
905 2377 1003 2412 ratio
1032 2388 1126 2423 quae
1156 2380 1209 2412 est
1244 2376 1289 2412 de
1312 2376 1508 2412 liberorum
1539 2378 1783 2420 successione,
1816 2389 1925 2423 quam
1948 2377 2107 2414 habeant

760 2424 879 2467 Atque
910 2422 954 2458 de
988 2421 1045 2456 his
1076 2432 1219 2468 quoque
1248 2422 1321 2456 iam
1353 2422 1495 2468 quidem
1519 2423 1658 2469 scripta
1690 2427 1744 2458 est
1775 2423 1838 2458 lex
1862 2434 1885 2458 a
1908 2422 2012 2458 nobis
2035 2422 2085 2458 ad

2155 2389 2224 2414 uae
2245 2389 2371 2414 secun-

2146 2434 2372 2469 ermoqenem

140 2468 325 2516 qloriosae
359 2468 554 2503 memoriae
589 2468 802 2514 maqistrum
836 2478 1025 2503 sacrorum
1059 2471 1269 2502 nostrorum
1306 2467 1515 2513 officiorum
1552 2467 1659 2510 data,
1702 2467 1888 2504 Belisario
1923 2467 2188 2514 qloriosissimo
2224 2469 2373 2505 consule

141 2517 226 2550 ante
246 2513 340 2549 diem
359 2522 460 2548 XVII.
485 2513 565 2565 kal..
584 2513 730 2565 Apriles
741 2513 974 2604 sproposita:
1000 2523 1074 2593 ἴεν
1097 2523 1206 2558 quam
1229 2512 1440 2556 sanximus,
1472 2517 1511 2547 ut
1535 2515 1668 2548 matres
1700 2513 1750 2548 ad
1772 2513 2006 2549 hereditatem
2029 2513 2117 2559 filii,
2150 2513 2215 2560 qui
2237 2513 2372 2551 liberos

140 2571 215 2596 non
239 2558 407 2605 reliquit,
440 2569 520 2593 cum
551 2569 563 2593 ι
591 2569 667 2593 stus
698 2557 743 2594 de
764 2558 864 2594 uncti
885 2558 998 2603 fratri

134 2605 330 2652 prietatem
358 2603 514 2649 firmiter

189 2744 205 2776 1
235 2740 278 2775 τὸ
302 2744 429 2796 τρίτον
451 2741 516 2775 τοῦ
540 2738 647 2775 τόκου
669 2743 784 2786 μέρος]
815 2739 882 2775 τὸν
904 2738 977 2775 ἀπὸ
1001 2744 1123 2786 τρίτου
1145 2740 1220 2772 ἑκα-

139 2787 268 2830 τοστῆς
303 2798 412 2820 τοκον
444 2784 560 2830 μόνον
595 2786 645 2820 L2
683 2788 764 2828 (sim.
798 2788 873 2820 Am.
907 2787 1062 2828 Themi),
1100 2785 1221 2819 ἑκατο-

141 2835 284 2867 στιαίσυ
308 2833 415 2875 suppl.
437 2833 626 2866 Zachariae
651 2831 667 2876 ΙΙ
693 2835 711 2865 2
739 2830 1105 2875 νενομοθετημμένην
1128 2832 1175 2864 L¹
1211 2830 1222 2874 ΙΙ

139 2881 161 2913 4
189 2873 211 2919 ἡ
233 2896 280 2903 -
303 2877 368 2919 εἴη]
406 2868 428 2920 ἦ
451 2897 495 2901 -
519 2873 541 2919 ἦ
567 2876 615 2910 L²
641 2876 654 2921 ΙΙ
685 2879 705 2911 5
737 2874 759 2910 ἅ
781 2889 890 2924 γυρον
915 2876 1016 2918 ΜΒῑ]
1052 2873 1073 2910 ἆ
1097 2873 1222 2921 γύριον

140 2923 229 2958 LBf
256 2923 268 2966 ΙΙ
296 2925 316 2958 6
351 2923 673 2969 καταγεγραμμένα
708 2923 740 2956 L
777 2928 782 2964 Ι
810 2925 827 2956 7
864 2919 1043 2965 δώσομεν]
1076 2889 1222 2964 δίδομεν

141 2968 210 3005 Βῑς
226 2968 239 3012 ΙΙ
255 2967 338 3014 εἴγε]
364 2969 423 3012 leq.
439 2967 511 3001 εἴτε
535 2969 590 3011 (cf.
606 2979 626 3004 ς
647 2975 675 3002 et
691 2981 726 3011 p.
747 2969 796 3008 16,
808 2967 884 3008 38)‘?
904 2969 915 3010 ΙΙ
931 2964 1100 3011 βούλεται
1122 2967 1220 3007 MB‘]

141 3011 293 3057 βούλετο
316 3012 364 3046 L¹
389 3010 557 3056 βούλοιτο
577 3012 723 3054 L²Br(;)
742 3012 754 3055 ΙΙ
771 3014 791 3047 8
814 3010 857 3046 τὸ
875 3010 1022 3058 πράγμα
1044 3010 1169 3055 λαβεῖν
1190 3013 1221 3044 L

142 3057 268 3102 λαβεῖν
290 3055 337 3091 τὰ
359 3055 555 3105 πράγματα
579 3054 859 3101 διατετιμημένα
891 3059 926 3090 Β
962 3057 974 3101 ΙΙ
1012 3053 1221 3101 ἀσφάλειαν]

142 3104 329 3137 τουτέστιν
341 3100 569 3142 ἀξιοπίστους
580 3100 758 3158 ἐγγυητάς,
771 3099 829 3137 ὅτι
842 3102 958 3136 ταῦτα
970 3101 1016 3135 τὰ
1027 3100 1223 3148 πράγματα

142 3147 222 3191 ἢτοι
246 3145 314 3203 τὴν
334 3145 542 3191 διατίμησιν
567 3148 691 3182 αυτῶν
714 3145 959 3201 φυλάξειῖτοῖς
983 3148 1020 3200 ⁶⁵5
1044 3148 1108 3180 τοῦ
1135 3159 1221 3194 προ-

142 3193 1122 3284 ἷῧρῖᾎιζῗῖῗιςῗῖἓῖἱᾭέἴῖὶέιΙΙἶιτῗῇιεῖἶὲἒῖῗεῖζᾜ
1144 3191 1223 3281 ἕξει-Ι

142 3281 378 3373 {femin
388 3284 566 3362 Mtte-12¹
576 3286 607 3370 ⁶1³
616 3282 696 3362 “la''
718 3286 754 3361 ’Ξ
772 3282 930 3362 effi*
942 3285 997 3371 t}
1013 3280 1224 3372 resista

147 3377 185 3409 17
210 3330 256 3409 ‘ld
281 3387 338 3408 om.
357 3339 429 3418 ίχΙΙ
465 3375 502 3408 18
527 3340 854 3420 καῖαρραῖθζυμῖῆσαι
878 3354 998 3415 LBfl'
1012 3341 1222 3418 ἔαθυμῆσαι

144 3421 192 3454 Μ
217 3420 230 3463 ΙΙ
261 3421 302 3454 19
331 3414 550 3463 ἣᾶμελῆσαι
574 3419 631 3460 Μ,
664 3432 722 3453 om.
742 3420 834 3455 LBs‘
863 3418 876 3463 ΙΙ
904 3419 945 3452 22
974 3414 1033 3461 ἣν]
1063 3415 1105 3462 ἢ*
1128 3419 1177 3452 L²
1212 3419 1222 3463 ΙΙ

144 3467 187 3500 24
210 3462 330 3508 νόμος]
355 3477 424 3498 nov.
449 3465 494 3498 II
511 3463 525 3508 ΙΙ
548 3459 737 3510 Ἑρμογένη
766 3463 814 3497 Bt
836 3463 848 3507 ΙΙ
876 3465 917 3498 25
942 3459 1029 3507 ἡμῖν
1049 3477 1122 3510 γεν.
1148 3461 1221 3498 δια-

143 3508 283 3551 τάξεων
306 3508 385 3553 Blfl
408 3511 451 3544 26
476 3506 805 3556 ἀντιγεγραμμένην
825 3509 858 3542 L
888 3507 901 3552 ΙΙ
928 3509 969 3543 27
994 3505 1127 3544 ὖπατεί
1149 3511 1221 3551 (sie)

144 3556 192 3589 L*
210 3556 215 3600 Ι
238 3554 318 3598 τὴν]
341 3556 387 3602 τῇ
403 3556 592 3589 Zachariae
610 3556 622 3598 ΙΙ
639 3557 680 3589 29
705 3552 783 3595 τὸν]
805 3551 872 3596 τὴν
883 3553 931 3587 L¹
950 3552 1022 3598 ΙΙ30
1045 3554 1136 3596 τῶν]
1155 3552 1223 3597 τὴν

145 3599 194 3634 L¹
261 3603 304 3635 32
333 3603 395 3643 τῆς
418 3598 629 3635 δεσποτείας
651 3600 683 3633 L
715 3599 727 3644 ΙΙ
754 3600 849 3641 ἔχειν
872 3599 992 3640 L¹B51
1019 3595 1158 3641 ἀνέχειν
1182 3600 1226 3633 Μ

145 3648 304 3689 μετέχειν
328 3645 377 3680 11²
391 3645 404 3691 ΙΙ
421 3647 590 3690 βεβαίως]
615 3645 742 3678 firmam
768 3657 787 3682 ς
805 3644 818 3690 ΙΙ
835 3646 876 3679 33
900 3642 992 3688 μετὰ
1015 3641 1159 3679 τούτων
1183 3645 1230 3679 Μ

146 3688 237 3733 μετὰ
259 3691 374 3725 ταῦτα
397 3692 447 3725 B·
476 3692 491 3734 ΙΙ
516 3688 671 3737 δευτέρω
696 3685 883 3734 αἱμίλησαν
905 3686 1010 3735 γάμω
1034 3690 1082 3723 Bl
1107 3690 1120 3734 ΙΙ
1149 3685 1221 3734 ὅμι-

148 3733 292 3779 λήσαιεν
316 3737 365 3771 B·
381 3735 394 3783 ΙΙ
411 3738 453 3771 34
477 3734 661 3771 ἀνελόντες
684 3733 771 3779 κτλ.]
797 3738 838 3780 ef.
851 3749 886 3781 p.
905 3738 955 3779 14,
972 3740 1080 3780 14sqq.

1023 2569 1068 2604 us
1090 2558 1168 2593 sine
1192 2557 1404 2603 ambaqibus
1426 2562 1611 2600 vocentur,
1644 2558 1792 2605 eiusque
1823 2569 1902 2594 cum
1933 2559 2131 2604 usufructu
2154 2559 2261 2594 etiam
2277 2570 2371 2606 pro-

461 2649 463 2651 *
571 2603 721 2651 abeant,
753 2603 828 2639 sive
857 2605 941 2639 ante
972 2602 1129 2639 delatam
1161 2602 1394 2638 hereditatem
1424 2603 1499 2639 sive
1522 2607 1615 2650 post
1644 2604 1801 2639 delatam
1834 2603 2012 2639 secundas
2034 2604 2183 2640 inierint
2204 2605 2372 2651 nuptias:

140 2649 328 2696 abroqatis
349 2659 419 2695 per
441 2648 542 2683 illam
566 2648 706 2694 leqz'bus
729 2659 824 2694 quae
847 2648 892 2684 de
915 2648 972 2683 his
995 2648 1173 2683 contrarii
1197 2648 1339 2693 aliquid
1361 2648 1576 2683 statuebant.

1625 2648 1730 2685 Haec
1749 2653 1877 2684 nostra
1902 2648 2082 2696 leqislatio
2106 2652 2147 2684 ut
2164 2660 2261 2685 nune
2282 2660 2370 2695 quo-

1335 2742 1356 2774 4
1380 2741 1489 2773 matri.
1515 2741 1651 2782 Damus]
1671 2740 1786 2773 damus
1805 2741 1905 2773 matri
1920 2740 1969 2773 Β*
1994 2740 2109 2773 damus
2123 2742 2233 2774 matri.
2258 2741 2372 2774 damus

1292 2783 1360 2830 1221}
1373 2787 1498 2819 Damus
1512 2786 1634 2819 etenim
1647 2788 1729 2818 tunc
1742 2785 1939 2820 electionem
1949 2786 2050 2818 matri
2063 2799 2121 2821 om.
2132 2785 2201 2832 V¹H
2212 2789 2231 2820 5
2244 2786 2315 2820 siue
2325 2787 2370 2828 V]

1290 2831 1319 2863 si
1332 2832 1364 2864 R
1373 2831 1459 2875 vulp.
1479 2830 1491 2875 ΙΙ
1508 2833 1529 2866 6
1545 2831 1623 2864 fidei
1635 2831 1809 2864 iussoriam
1819 2831 1853 2865 V
1864 2830 1876 2875 ΙΙ
1892 2831 2089 2873 praedictas]
2102 2834 2175 2874 post
2187 2832 2371 2874 praed-ictas

1290 2877 1323 2909 R
1351 2875 1363 2920 ΙΙ
1393 2878 1411 2908 7
1437 2879 1496 2908 aut
1527 2876 1562 2910 V
1580 2876 1592 2919 ΙΙ
1620 2878 1803 2909 centenum
1827 2877 1880 2909 Va
1907 2875 1919 2921 ΙΙ
1950 2878 1969 2911 8
1995 2877 2154 2910 secundas
2174 2877 2209 2910 R
2234 2876 2249 2921 ΙΙ,
2269 2877 2371 2911 etiam

1291 2921 1398 2955 om.R
1412 2920 1424 2965 ΙΙ
1450 2922 1470 2955 9
1496 2920 1656 2954 secundas
1680 2921 1729 2955 R¹
1755 2921 1766 2964 ΙΙ
1786 2923 1823 2955 11
1851 2921 1947 2965 dona!
1972 2923 2039 2955 tam
2061 2922 2095 2956 V
2111 2922 2128 2966 ΙΙ·
2149 2923 2191 2956 12
2212 2933 2311 2964 quam
2334 2924 2370 2955 in

1291 2966 1518 2999 immobilibus
1529 2967 1614 3009 vuly.
1633 2966 1645 3010 ΙΙ
1668 2968 1707 3000 14
1726 2966 1945 2999 inmobilibus
1958 2968 1989 3000 R
2001 2966 2017 3019 ΙΙ
2039 2969 2079 3001 15
2103 2968 2291 3001 sancximus
2307 2968 2342 3000 R
2359 2967 2372 3012 ΙΙ

1290 3013 1370 3053 sive]
1394 3012 1423 3044 si
1441 3022 1522 3044 uero
1541 3011 1592 3054 R²
1615 3012 1644 3044 si
1656 3012 1742 3056 vuly.
1759 3011 1771 3054 ΙΙ
1789 3012 1827 3045 in
1847 3012 2075 3045 immobilibus
2097 3013 2130 3046 T
2143 3011 2160 3057 Ι]
2177 3015 2215 3047 16
2236 3013 2370 3056 nuptia-

1289 3057 1332 3090 lis
1354 3058 1413 3101 ῘῘΙΙ
1437 3057 1630 3097 constituta]
1655 3057 1735 3089 haec
1759 3056 1861 3090 faciat
1884 3059 1962 3091 add.
1985 3058 2038 3091 R⁰
2066 3056 2079 3102 ΙΙ
2112 3060 2147 3091 17
2173 3058 2370 3100 providente

1290 3102 1430 3135 muliere
1447 3103 1532 3146 vulq.
1549 3101 1561 3145 ΙΙ
1581 3103 1620 3135 21
1639 3104 1728 3135 rubr.
1753 3102 1878 3135 Mulier
1898 3113 1982 3144 quae
2001 3102 2160 3136 secundas
2179 3102 2234 3143 (ad
2253 3113 2369 3135 secun-

1291 3148 1348 3180 das
1364 3148 1430 3189 Ra)
1453 3146 1588 3190 nuptias
1611 3147 1816 3180 contraxerit
1834 3148 2109 3190 quemadmodum
2132 3147 2195 3180 filii
2219 3148 2273 3180 sui
2295 3158 2369 3180 suc-

1291 3194 1469 3226 cessionem
1493 3192 1603 3235 capiat
1626 3194 1693 3224 tam
1726 3203 1765 3225 ex
1792 3194 1989 3226 testamento
2018 3203 2117 3235 quam
2146 3193 2188 3225 ab
2211 3193 2369 3225 intestato

1291 3239 1459 3280 Loquitur
1490 3241 1600 3270 autem
1632 3238 1669 3269 in
1701 3238 1814 3270 eodem
1840 3238 1947 3281 capite
1979 3241 2013 3271 et
2034 3238 2074 3271 de
2097 3238 2266 3281 superiore
2289 3238 2368 3280 (fra-

1292 3286 1380 3316 trum
1406 3284 1452 3324 T)
1482 3282 1686 3315 successione
1718 3293 1803 3324 quae
1834 3283 1876 3316 ad
1900 3294 1971 3316 eam
1995 3283 2155 3316 deuoluta
2179 3284 2226 3315 est
2251 3284 2282 3316 R
2306 3296 2368 3327 my.

1292 3330 1373 3370 (sim.
1390 3329 1501 3371 qu.)
1521 3327 1533 3370 ΙΙ
1550 3329 1588 3362 21
1616 3331 1733 3360 euocat
1757 3329 1903 3372 Rvulq]
1926 3331 2025 3362 uocat
2047 3329 2109 3362 VT
2123 3327 2135 3372 ΙΙ
2153 3330 2194 3361 22
2219 3329 2369 3372 accipere

1291 3373 1347 3415 (al.
1372 3383 1524 3416 accepere
1549 3372 1600 3406 R2
1612 3375 1689 3417 my.)
1713 3374 1832 3415 RVT]
1856 3374 2022 3416 accipiant
2046 3374 2149 3416 vulq.;
2179 3373 2370 3416 acciperent

1291 3419 1470 3453 Heimbach
1490 3417 1501 3462 ΙΙ
1518 3419 1615 3460 quae]
1629 3418 1687 3460 qui
1704 3419 1736 3452 R
1757 3429 1822 3460 qu·
1842 3419 1889 3452 V¹
1907 3418 1919 3462 ΙΙ
1938 3421 1982 3453 24
2000 3420 2221 3460 Ermogenem
2237 3416 2370 3463 RVTss

1291 3466 1332 3498 25
1358 3474 1526 3496 sacrorum
1546 3476 1605 3498 om.
1624 3462 1678 3508 Vss
1705 3465 1747 3498 26
1772 3464 1914 3496 bilisarii
1937 3464 2041 3497 RVT
2054 3463 2066 3507 ΙΙ
2082 3463 2264 3506 procedens
2282 3465 2368 3498 Bec-

1290 3511 1374 3550 kius]
1399 3508 1596 3551 praecedens
1617 3509 1694 3542 libri
1708 3508 1720 3552 ΙΙ
1744 3509 1919 3542 consulatu
1932 3509 2063 3550 RV¹TJ
2087 3509 2296 3543 consulatum
2317 3509 2370 3544 V³

1289 3555 1375 3598 vuly.
1396 3553 1408 3598 ΙΙ
1426 3557 1463 3586 27
1488 3554 1614 3587 decimo
1633 3566 1691 3588 om.
1711 3553 1767 3598 Vll
1785 3556 1895 3596 quam]
1913 3564 1994 3596 quas
2015 3554 2048 3587 V
2062 3564 2159 3596 quem
2179 3554 2229 3588 Β*
2244 3554 2259 3599 ΙΙ
2274 3565 2368 3588 sano-

1289 3600 1397 3632 ximus
1417 3598 1515 3642 RVn
1531 3600 1574 3632 28
1597 3598 1734 3641 liberos]
1753 3599 1841 3632 filios
1853 3601 1885 3633 R
1901 3598 1915 3644 ΙΙ
1933 3601 1976 3634 29
1994 3598 2066 3632 siue
2083 3598 2269 3678 V'lluooefi
2283 3600 2333 3633 13¹
2357 3601 2369 3644 ΙΙ

1290 3644 1404 3678 uocari
1420 3644 1656 3684 successionem
1677 3658 1736 3678 om.
1765 3644 1820 3690 Vn
1850 3647 1888 3679 31
1916 3644 2107 3692 relinquam
2181 3644 2196 3695 Β
2222 3646 2265 3681 33
2288 3655 2365 3682 con-

1290 3692 1431 3723 tractum
1460 3690 1495 3722 R
1730 3736 1745 3754 ·
