2586 3990
263 124 369 168 Nov.
385 122 539 167 CXVII
567 125 607 164 4.
625 125 651 164 5

1323 120 1410 168 554

1802 138 1863 170 U'r
1891 138 2054 170 LICEAT
2082 136 2223 168 MATRI
2250 138 2309 168 ΕΤ
2336 137 2474 171 AVIA-n

1246 243 1403 280 CAPUT
1423 243 1485 279 1v.

322 304 467 350 Ἐπειδὴ
491 305 532 341 δὲ
553 305 669 352 νόμον
691 307 819 354 πριύην
843 307 1118 356 ἐξεφωνήσαμεν
1144 307 1335 345 κελεύοντα

258 349 282 396 ἢ
311 353 475 396 προικῷα
507 352 680 398 γίνεσθαι
712 353 917 399 συμβόλαια
951 352 974 397 ἢ
1006 352 1115 388 ἄλλας
1148 355 1335 390 συστάσεις

258 399 422 452 προϊέναι
444 400 634 443 γινομένας
657 398 755 444 παρὰ
778 402 852 434 τοῖς
875 396 1185 443 ἐκκλησιεκδίκοις,
1209 397 1263 433 δι’
1282 392 1336 434 ὧν

1467 309 1559 353 Quia
1581 320 1664 347 vero
1687 311 1801 356 legem
1823 312 1955 350 dudum
1976 315 2187 361 protulimus
2210 316 2391 352 iubentem
2413 320 2477 352 aut

1403 355 1538 390 dotalia
1559 354 1636 391 fieri
1658 355 1871 393 documenta
1897 361 1962 395 aut
1983 360 2072 396 alias
2095 361 2327 405 probationes
2350 372 2475 406 proce-

1405 400 1488 435 dere
1509 400 1627 436 factas
1651 400 1747 445 apud
1769 402 1942 438 ecclesiae
1963 404 2178 449 defensores,
2209 417 2274 451 per
2297 416 2386 451 quas
2409 417 2475 442 nu-

256 452 339 476 τους
368 452 502 487 γαμους
536 441 700 487 προςήκει
735 444 1000 488 βεβαιοῦσθαι,
1034 441 1059 486 ἢ
1088 444 1178 490 γοῦν
1214 440 1236 477 δ’
1259 456 1338 479 κους
1404 444 1499 489 ptias
1516 448 1696 490 competat
1711 446 1922 490 confirmari,
1945 452 2007 484 aut
2023 454 2118 486 certe
2136 454 2357 487 sacramenta
2376 461 2476 496 prae-

257 486 503 541 παρέχεσθαι,
537 489 598 539 ἐπὶ
633 488 698 521 τοῦ
731 487 911 542 παρόντος
945 486 1153 533 συνείδομεν
1187 486 1232 522 κά
1255 487 1336 524 λιον
1371 492 1390 524 5
1405 489 1498 532 beri,
1529 490 1567 526 in
1590 491 1771 535 praesenti
1801 493 2046 536 perspeximus
2074 495 2199 532 melius
2223 496 2411 541 disponere
2434 507 2478 532 ea

257 529 486 566 διατυπῶσαι
516 544 563 566 τα
588 535 670 577 περὶ
693 545 838 568 τουτων
869 532 997 579 πρώην
1021 533 1334 578 νομοθετηθέντα.

256 578 315 610 καὶ
339 573 399 610 διὰ
431 577 539 611 τοῦτο
563 576 751 622 κελεύομεν
781 576 865 613 τοὺς
886 577 1050 625 μεγάλοις
1073 575 1256 623 ἀξιώμασι
1279 592 1334 613 κε-

255 623 495 665 κοσμημένους
530 625 652 678 μέχρις
690 622 925 669 ἰλλουστρίων
965 623 1015 668 μὴ
1055 621 1171 658 ἄλλως
1210 623 1336 670 γάμοις

255 665 482 755 πῗξςομξλεῖν,
508 680 539 701 ει
568 668 618 711 μὴ
644 670 815 721 κπρωὶ-σῷα
850 667 1090 722 συγγράφοιεν
1114 667 1334 723 ’συμβόλαια,

255 723 284 747 π

1404 544 1494 579 quae
1513 535 1558 572 de
1573 535 1627 571 his
1643 536 1781 581 pridem
1802 537 1941 572 sancita
1957 542 2050 573 sunt.
2094 539 2145 575 Et
2166 546 2356 586 propterea
2379 542 2476 577 iube·

1403 590 1482 616 mus
1513 589 1574 616 eos
1607 581 1669 626 qui
1691 582 1850 617 maximis
1875 582 2107 626 dignitatibus
2130 584 2287 622 decorati
2310 590 2394 622 sunt
2417 597 2476 623 us-

1403 634 1472 669 que
1502 625 1547 661 ad
1578 625 1734 662 illustres
1773 638 1845 663 non
1875 627 1978 663 aliter
2014 629 2158 672 nuptias
2194 631 2373 667 celebrare
2408 632 2478 667 nisi

1404 670 1537 710 dotalia
1569 671 1773 707 scribantur
1807 672 2060 716 instrumenta,
2100 674 2170 710 nisi
2197 678 2316 712 tamen
2347 677 2476 721 aliquis

330 724 352 744 ν
373 723 404 745 ει
433 725 484 756 μη
507 723 562 746 τις
583 725 655 758 προ
687 726 752 747 του
776 727 895 756 τυχειν
924 727 1002 749 των
1024 727 1204 749 τοιουτων
1226 713 1334 755 ἀξιω-
1349 717 1390 749 10
1403 717 1592 761 antequam
1619 720 1815 752 mereretur
1838 717 2039 754 huiusmodi
2065 717 2255 762 dignitates
2279 730 2324 756 ex
2346 721 2477 757 affectu

253 755 384 800 μάτων
419 758 458 790 ἐκ
486 756 601 801 μόνης
629 755 829 793 διαθέσεως
859 755 1012 805 ἠγάγετο
1059 760 1205 804 αμετήν.
1254 759 1335 795 τοὺς

253 800 324 848 γὰρ
345 801 530 837 τοιούτους
551 803 684 849 γάμους
705 803 788 838 τοὺς
811 803 883 849 πρὸ
912 805 975 847 τῆς
998 772 1100 845 ἀξίας
1125 808 1335 851 γενομένους

254 849 316 880 καὶ
341 846 433 891 μετὰ
463 847 532 890 τὴν
556 844 665 888 ἀξίαν
696 852 865 893 νομίμους
893 852 1016 893 με’νειν
1043 849 1242 894 κελεύομεν,
1274 853 1334 884 καὶ

253 890 336 925 τοὺς
356 891 396 933 ἐξ
411 887 534 927 αὐτῶν
549 893 746 935 τεχθεντας
765 897 935 938 νομίμους
954 895 1048 930 εἶναι
1063 893 1210 930 παῖδας·
1239 895 1332 937 μετὰ

1403 761 1479 797 solo
1504 762 1605 797 duxit
1627 771 1784 798 uxorem.
1833 762 1940 798 Tales
1963 764 2058 798 enim
2086 764 2232 808 nuptias
2259 770 2342 801 ante
2365 766 2476 811 digni-

1401 807 1512 842 tatem
1547 806 1664 843 factas
1699 810 1735 842 et
1769 811 1852 852 post
1887 807 2092 852 dignitatem
2126 809 2300 852 legitimas
2335 821 2477 846 manere

1401 851 1651 896 praecipimus,
1687 855 1723 887 et
1752 862 1796 888 ex
1826 853 1883 888 his
1912 856 2017 889 natos
2047 853 2223 897 legitimos
2258 864 2337 890 esse
2367 855 2476 896 filios;

1428 899 1591 941 ostquam
1632 906 1714 932 vero
1749 897 1917 934 honorati
1958 898 2091 934 fuerint
2131 899 2240 944 aliqui
2276 899 2479 935 huiusmodi

253 938 379 990 μέντοι
402 936 444 971 τὸ
462 937 670 991 τιμηθῆναί
686 951 788 973 τινας
808 938 990 974 τοιαύταις
1013 936 1129 995 ἀξίαις
1150 940 1200 984 μὴ
1218 938 1335 975 ἄλλως
1349 943 1388 976 15
1427 941 1651 986 ’gnitatibus,
1683 952 1755 978 non
1777 943 1881 979 aliter
1904 943 2034 979 ducere
2056 954 2186 979 uxores
2216 945 2285 979 nisi
2309 955 2389 980 oum
2412 945 2475 981 do-

255 982 413 1028 αγεσθαι
435 994 593 1028 γαμετας
621 982 719 1027 πλὴν
742 984 774 1017 εἰ
795 983 844 1028 μὴ
868 984 960 1029 μετὰ
983 997 1179 1030 προικῳων
1202 989 1333 1030 συμβο-

254 1025 378 1061 λαίων.
425 1026 563 1082 ταύτην
594 1026 634 1062 δὲ
663 1027 733 1072 τὴν
764 1030 827 1063 τοῦ
851 1029 965 1082 νόμου
984 1026 1174 1084 ζἀκρίβειαν
1200 1043 1333 1077 συγχω-

1401 987 1533 1022 talibus
1556 987 1809 1023 instrumentis.
1856 988 1959 1023 Hanc
1982 992 2101 1024 autem
2131 989 2219 1032 legis
2248 990 2476 1025 subtilitatem

1402 1032 1629 1067 concedimus
1666 1032 1835 1068 subiectis
1870 1036 2015 1069 nostrae
2050 1033 2268 1079 reipublicae
2303 1035 2476 1077 barbaris,

254 1073 387 1116 ροῦμεν
429 1075 501 1107 τοῖς
542 1077 841 1128 υποτεταγμένοις
886 1088 930 1129 τῃ
973 1078 1126 1129 ημετέρᾳ
1170 1075 1333 1119 πολιτείᾳ
1400 1076 1484 1112 licet
1508 1077 1739 1120 dignitatibus
1771 1078 1972 1114 huiusmodi
2003 1079 2162 1114 decorati
2185 1079 2274 1122 sint,
2308 1082 2349 1115 ut
2371 1080 2478 1115 etiam

253 1115 468 1162 βαρβάροις,
490 1115 570 1171 (κᾶν
600 1115 782 1163 άξιωμασι
805 1131 981 1154 τοιουτοις
1012 1120 1204 1165 υπάρχοιεν
1234 1134 1331 1155 κεκο-

1401 1121 1497 1157 nudo
1518 1122 1648 1157 affectu
1667 1122 1806 1167 possint
1824 1123 1894 1168 ipsi
1909 1124 2068 1159 volentes
2090 1126 2300 1160 contrahere
2320 1125 2475 1169 nuptias.

253 1164 443 1206 σμημένοι,
475 1174 564 1197 ωςτε
587 1167 646 1197 καὶ
669 1161 835 1199 διαθέσει
867 1163 954 1212 ψιλῇ
987 1163 1173 1200 δύνασθαι
1204 1163 1332 1201 αὐτοὺς
1346 1169 1388 1201 20
1401 1167 1570 1211 Reliquos
1587 1172 1707 1202 autem
1724 1179 1845 1204 omnes
1867 1173 2009 1214 praeter
2025 1179 2086 1205 eos
2110 1170 2171 1214 qui
2186 1170 2358 1213 maximis,
2383 1170 2477 1205 sicut

252 1205 486 1251 βουλομένους
517 1207 777 1244 συναλλάσσειν
808 1210 951 1256 γάμους.
996 1209 1080 1245 τοὺς
1114 1209 1154 1245 δὲ
1187 1210 1333 1246 λοιποὺς
1400 1212 1534 1247 dictum
1553 1216 1618 1254 est,
1644 1213 1874 1257 dignitatibus
1895 1214 2054 1249 decorati
2070 1217 2164 1259 sunt,
2190 1215 2382 1251 cuiuslibet
2405 1216 2477 1250 sint

253 1247 419 1286 ἅπαντας
442 1251 541 1298 παρὰ
563 1251 645 1288 τοὺς
667 1257 744 1289 ταῖς
766 1254 950 1302 μεγάλαις,
975 1252 1023 1290 αἶς
1046 1256 1194 1301 εἴρηται,
1218 1253 1332 1297 ἀξίαις
1400 1257 1580 1301 dignitatis
1604 1261 1667 1293 aut
1690 1258 1836 1294 militiae
1860 1262 1924 1294 aut
1940 1259 2065 1302 studii,
2091 1260 2122 1295 si
2138 1260 2278 1304 quidem
2302 1260 2477 1296 voluerint

252 1300 550 1342 κεκοσμημένους,
581 1297 794 1343 οἱαςδήποτε
816 1300 888 1335 εἷεν
912 1297 1013 1341 ἀξίας
1043 1299 1066 1344 ἢ
1090 1306 1278 1347 στρατείας
1308 1299 1332 1345 ἢ
1399 1307 1463 1337 aut
1494 1303 1694 1347 potuerint,
1729 1314 1802 1339 non
1836 1304 2063 1348 prohibemus
2099 1315 2178 1340 cum
2210 1304 2390 1340 dotalibus
2421 1305 2475 1340 in-

253 1339 530 1386 ἐπιτηδεύσεως,
554 1344 585 1378 εἰ
601 1346 670 1389 μὲν
685 1344 900 1389 βουληθεῖεν
922 1342 944 1389 ἢ
970 1343 1172 1389 δυνηθεῖεν,
1196 1343 1237 1380 οὗ
1261 1360 1331 1380 κω-
1400 1348 1606 1383 strumentis
1629 1348 1759 1384 ducere
1782 1359 1930 1395 uxores3
1971 1349 2003 1384 si
2025 1352 2143 1385 autem
2175 1349 2282 1384 etiam
2313 1351 2382 1385 hoc
2405 1361 2478 1385 non

252 1384 316 1421 λύο
399 1387 489 1433 μετὰ
506 1387 702 1435 προικῴιον
722 1389 954 1435 συμβολαίων
974 1389 1134 1437 ἄγεσθαι
1155 1391 1328 1438 γαμετάς·
1343 1394 1385 1427 25
1400 1393 1651 1436 custodierint,
1687 1396 1724 1429 et
1754 1404 1798 1429 ex
1828 1394 1903 1431 solo
1939 1394 2070 1430 affeetu
2103 1394 2300 1430 celebratas
2331 1396 2476 1441 nuptias

252 1432 284 1467 εἰ
329 1434 347 1466 ὲ
368 1436 429 1467 καὶ
451 1435 559 1468 τοῦτο
588 1434 637 1479 μὴ
668 1434 982 1482 παραφυλάξουσι,
1013 1439 1073 1470 καὶ
1095 1436 1177 1472 τοὺς
1205 1439 1244 1471 ἐκ
1265 1437 1330 1481 μό-
1398 1437 1518 1473 firmas
1543 1448 1620 1474 esse
1644 1439 1834 1483 sancimus,
1866 1444 1901 1476 et
1923 1450 1968 1476 ex
1990 1441 2042 1476 eis
2066 1444 2170 1476 natos
2199 1440 2374 1484 legitimos
2398 1450 2476 1477 esse

251 1488 314 1521 νης
337 1475 538 1514 διαθέσεως
557 1476 876 1526 ἀποδεικνυμένους
896 1479 1030 1527 γάμους
1048 1485 1216 1525 βεβαίους
1239 1482 1331 1517 εἶναι
1399 1483 1491 1520 filios
1513 1483 1686 1521 iubemus.

252 1522 490 1568 θεσπίζομεν,
513 1527 573 1559 καὶ
596 1525 679 1560 τοὺς
703 1526 741 1567 ἐξ
765 1522 889 1561 αὐτῶν
913 1529 1140 1571 τικτομένους
1164 1531 1332 1572 νομίμους

253 1567 346 1603 εἶναι
369 1566 500 1604 παῖδας
523 1568 721 1615 κελεύομεν.

1255 1662 1414 1700 CAPUT
1437 1663 1482 1700 V.

279 1766 286 1777 Ι
320 1722 465 1769 Ἐπειδὴ
495 1725 535 1761 δὲ
557 1727 674 1772 νόμον
706 1726 774 1772 ἤδη
807 1730 1024 1774 τεθείκαμεν
1055 1730 1334 1776 προςτάττοντα,
1348 1734 1390 1766 30
1467 1731 1559 1776 Quia
1580 1740 1663 1767 vero
1687 1731 1799 1776 legem
1822 1732 1953 1766 dudum
1982 1732 2166 1777 posuimus
2190 1733 2473 1779 praecipientem,

253 1766 343 1804 ὡςτε
372 1771 408 1804 εἴ
426 1774 517 1807 ποτε1
537 1785 591 1806 τις
613 1776 763 1818 γυναῖκα
794 1771 875 1816 δίχα
898 1776 1092 1819 προικιρων
1116 1775 1218 1819 λάβοι
1240 1776 1331 1818 μετὰ
1400 1779 1440 1812 ut
1461 1777 1491 1812 si
1507 1776 1586 1821 quis
1609 1786 1755 1811 uxorem
1779 1777 1968 1821 aliquando
1993 1777 2070 1813 sine
2094 1778 2273 1814 dotalibus
2297 1780 2475 1824 acceperit

254 1812 455 1851 διαθέσεως
482 1819 632 1863 γαμικῆς
659 1822 719 1852 καὶ
749 1818 885 1862 ταύτην
918 1823 1025 1865 χωρὶς
1053 1821 1169 1854 αἰτίας
1197 1834 1327 1867 γνωρι-
1397 1832 1477 1857 cum
1512 1821 1644 1856 affectu
1682 1822 1831 1867 nuptiali
1870 1826 1905 1857 et
1939 1822 2033 1858 hanc
2073 1823 2148 1860 Sine
2185 1834 2295 1859 causa
2335 1825 2474 1868 legibus

254 1861 401 1905 ζομένης
423 1865 496 1896 τοῖς
519 1861 642 1906 νόμοις
665 1862 811 1911 ἐκβάλῃ,
842 1863 1044 1909 λαμβάνειν
1069 1862 1181 1909 αὐτὴν
1205 1866 1248 1900 τὸ
1272 1869 1328 1900 τέ·
1398 1866 1518 1911 agnita
1541 1867 1739 1911 proiecerit,
1764 1867 1925 1912 accipere
1949 1877 2026 1902 eam
2046 1872 2209 1913 quartam
2235 1873 2373 1913 partem
2398 1870 2474 1904 eius

321 1952 423 1986 c.1V
437 1953 503 1986 Δεῖ
521 1946 587 1988 οὖν
611 1951 665 1997 (δὲ
677 1955 737 1996 13⁸)
760 1953 844 1988 τοὺς
865 1954 1029 2000 μεγάλοις
1049 1957 1117 1999 μὲν
1140 1952 1321 2000 ἀξιώμασι
1344 1959 1621 2000 κεκοσμημένους
1643 1958 1745 2001 μέχρι
1769 1957 2119 2003 πρωτοσπαθαρίων
2138 1958 2188 2002 μὴ
2213 1957 2327 1993 ἄλλως
2349 1958 2475 2005 γάμοις

254 1995 477 2076 aazia
636 2007 726 2077 2²22-ss
744 2000 893 2078 sse
907 2001 1159 2079 arm
1231 2003 1493 2044 >-

455 2057 535 2077 tunm
611 2058 628 2078 Υ
670 2058 686 2077 Θ
959 2059 975 2078 C
1013 2059 1031 2078 u
1104 2071 1113 2079 0
1150 2065 1193 2070 —
1240 2060 1279 2080 ΘΞ
1762 2072 1767 2078 -
1911 2071 1920 2080 ι

320 2099 347 2121 ο.
369 2087 404 2121 V
416 2090 600 2132 particulas
628 2057 718 2131 (2:55,
743 2070 822 2123 6—7’.
847 2058 966 2132 12-9-25)
996 2091 1092 2123 babet
1114 2091 1294 2125 Procbiron
1318 2093 1351 2133 5,
1373 2099 1389 2125 6
1413 2092 1472 2132 (=
1495 2059 1674 2124 ssrochirou
1699 2099 1825 2125 auctum
1849 2093 1881 2134 6,
1902 2093 1945 2134 5),
1977 2094 2103 2126 easdem
2127 2095 2161 2127 in
2185 2096 2402 2137 compendium
2424 2108 2474 2129 re-

255 2136 370 2169 dactas
390 2141 421 2168 et
441 2146 469 2167 υ.
487 2141 594 2168 27-30
619 2135 825 2178 Epanaqoye
851 2136 903 2176 19,
921 2143 938 2169 9
965 2136 1053 2176 (inde
1075 2136 1256 2169 Proclu'ron
1281 2144 1407 2170 auctum
1431 2138 1463 2177 6,
1486 2138 1526 2179 8).
1572 2136 1698 2169 Eadem
1723 2144 1874 2180 excerpta
1903 2150 1970 2171 cum
1990 2146 2089 2181 parte
2118 2140 2262 2172 novellae
2288 2140 2383 2173 LIII
2401 2153 2428 2175 c.
2454 2141 2476 2173 6

254 2180 473 2215 contaminata
497 2186 606 2212 extant
628 2179 665 2212 B
689 2180 792 2221 28,12
815 2180 998 2221 (decurtata
1023 2182 1056 2213 in
1080 2180 1130 2214 Β*
1152 2182 1188 2214 Γ
1206 2182 1238 2224 5,
1259 2188 1276 2215 2
1296 2194 1332 2225 p.
1347 2182 1410 2216 161
1435 2182 1565 2223 Zeten),
1589 2183 1674 2215 unde
1697 2194 1737 2215 ea
1760 2183 1887 2225 reliqua
1907 2190 2004 2226 parte
2029 2185 2122 2217 huius
2145 2185 2263 2227 capitis
2286 2188 2404 2219 omissa
2426 2198 2475 2219 re—

251 2227 346 2270 petiit
368 2225 410 2258 L.
435 2243 480 2249 —
503 2224 666 2258 Summam
690 2227 816 2258 exhibet
839 2225 971 2258 Nomoc.
986 2225 1087 2259 XIV
1103 2227 1148 2259 tit.
1170 2227 1222 2268 13,
1236 2234 1253 2260 4
1273 2239 1308 2269 p.
1322 2228 1387 2261 615
1413 2227 1517 2260 Pitra.

386 2302 448 2338 IV.
495 2300 673 2345 Quoniam
705 2306 824 2338 autem
854 2302 887 2338 le
912 2313 966 2338 em
997 2314 1115 2349 nuper
1143 2303 1454 2350 promulqavimus
1488 2315 1582 2350 quae
1612 2304 1668 2340 vel
1698 2303 1837 2340 dotalia
1868 2304 2105 2341 instrumenta
2134 2307 2266 2351 confici
2295 2307 2354 2343 vel
2382 2307 2475 2343 alias

252 2347 489 2395 probationes
505 2347 707 2393 procedere
732 2347 834 2394 apud
887 2348 1074 2393 efensores
1096 2348 1267 2384 ecclesiae
1295 2349 1489 2394 faciendas
1511 2349 1625 2392 iubet,
1649 2360 1722 2396 per
1744 2360 1836 2395 quas
1866 2350 2013 2396 nuptias
2043 2351 2254 2396 confirmari
2277 2354 2475 2395 conveniat,

254 2394 310 2430 vel
331 2397 427 2430 certe
449 2393 654 2428 iuramenta
671 2393 878 2439 praestari,
909 2393 948 2428 in
976 2394 1163 2439 praesenti
1190 2393 1409 2430 decrevimus
1437 2394 1564 2430 melius
1594 2394 1811 2430 constituere
1841 2406 1885 2430 ea
1917 2406 2011 2441 quae
2042 2396 2087 2431 de
2117 2396 2173 2432 his
2196 2408 2313 2443 nuper
2334 2399 2476 2434 sancita

252 2442 346 2475 sunt.
395 2439 512 2484 Atque
532 2442 730 2484 propterea
753 2438 924 2481 iubemus,
955 2438 1021 2484 qm·
1046 2439 1190 2484 maqnis
1220 2438 1456 2485 diqnitatibus
1486 2440 1610 2475 ornati
1636 2443 1721 2475 sunt
1749 2450 1862 2485 usque
1892 2439 1942 2475 ad
1963 2440 2133 2484 illustres,
2165 2453 2239 2477 non
2268 2442 2375 2478 aliter
2405 2443 2476 2478 nisi

253 2482 436 2520 dotalibus
457 2482 703 2518 instrumentis
725 2483 941 2530 conscriptis
963 2484 1195 2519 matrimonia
1218 2484 1446 2526 contrahere,
1476 2485 1549 2520 nisi
1569 2485 1602 2519 si
1625 2486 1707 2530 quis
1729 2490 1922 2530 antequam
1944 2486 2117 2521 eiusmodi
2143 2486 2381 2532 dignitatibus
2405 2499 2474 2534 po-

255 2529 342 2565 titus
363 2528 412 2564 sit
433 2539 484 2565 ex
505 2527 586 2564 sola
609 2527 804 2574 affectione
827 2538 980 2564 uxorem
1003 2528 1160 2565 duxerit.
1209 2528 1398 2565 Eiusmodi
1420 2530 1513 2565 enim
1536 2529 1765 2565 matrimonia
1794 2533 1879 2565 ante
1901 2529 2113 2575 diqnitatem
2133 2532 2239 2577 facta
2263 2532 2370 2567 etiam
2388 2537 2476 2579 post

253 2574 467 2621 diynitatem
495 2573 657 2619 legitima
687 2583 833 2609 manere
861 2584 912 2609 ex
941 2573 1058 2620 iisque
1087 2578 1195 2609 natos
1224 2573 1356 2610 liberos
1387 2574 1566 2620 leqitimos
1595 2585 1671 2610 esse
1692 2573 1871 2610 iubemus:
1897 2580 2031 2620 postea
2055 2586 2138 2612 vero
2171 2587 2279 2622 quam
2302 2576 2476 2613 eiusmodi

253 2619 491 2665 dignitatibus
513 2617 660 2664 quidam
683 2617 857 2654 honorati
874 2622 970 2660 sunt,
993 2629 1065 2654 non
1082 2618 1187 2654 aliter
1210 2629 1348 2655 uxores
1370 2619 1506 2655 ducant
1527 2620 1599 2655 nisi
1621 2630 1701 2655 cum
1723 2618 1903 2654 dotalibus
1926 2621 2182 2657 instrumentis.
2229 2621 2338 2657 Hanc
2357 2627 2475 2658 autem

254 2664 345 2711 leqis
366 2664 590 2700 severitatem
611 2663 824 2699 remittimus
846 2662 1012 2700 barbaris
1034 2662 1173 2699 dicioni
1192 2668 1339 2700 nostrae
1361 2664 1540 2707 subiectis,
1567 2664 1729 2710 quamvis
1750 2664 1824 2700 sint
1846 2664 2020 2700 eiusmodi
2043 2665 2279 2711 diqnitatibus
2302 2666 2474 2709 decorati,

253 2715 295 2746 ut
316 2710 424 2746 etiam
446 2707 545 2744 nuda
568 2719 590 2744 a
622 2708 762 2744 ectione
777 2708 927 2755 possint
947 2709 980 2744 si
995 2707 1104 2744 velint
1126 2709 1274 2755 nuptias
1297 2709 1521 2745 contrahere.
1571 2709 1714 2746 Ceteros
1730 2720 1813 2745 vero
1837 2720 1959 2744 omnes
1976 2716 2127 2756 praeter
2150 2722 2212 2746 eos
2236 2713 2301 2757 qui
2321 2712 2474 2757 maqnis,

254 2754 309 2790 uti
332 2754 466 2790 dictum
489 2758 553 2796 est,
603 2753 815 2799 iquitatibus
837 2754 959 2789 ornati
979 2757 1074 2796 sunt,
1098 2754 1351 2805 cuiuscumque
1379 2755 1454 2790 sint
1476 2754 1664 2800 diqnitatis
1687 2760 1752 2790 aut
1774 2753 1923 2790 militiae
1944 2759 2009 2790 aut
2030 2755 2160 2798 studii,
2191 2756 2226 2791 si
2247 2756 2389 2801 quidem
2412 2767 2473 2791 vo-

255 2799 390 2835 luerint
411 2798 468 2834 vel
481 2800 689 2845 potuerint,
712 2809 786 2834 non
806 2798 1039 2844 prohibemus
1069 2808 1150 2834 cum
1179 2797 1361 2835 dotalibus
1391 2799 1637 2835 instrumentis
1666 2809 1803 2835 uxores
1831 2798 1961 2835 ducere
1968 2811 1983 2841 ;
2016 2800 2073 2835 sin
2103 2799 2171 2836 hoc
2202 2811 2276 2836 non
2309 2801 2473 2837 observa-

255 2844 382 2885 verint,
405 2844 583 2896 etiamfx
604 2843 685 2879 sola
709 2843 904 2889 affectione
923 2843 1098 2890 probatas
1120 2844 1268 2891 nuptias
1286 2844 1415 2889 sirmas
1437 2855 1513 2880 esse
1531 2845 1724 2886 sancimus,
1753 2849 1789 2879 et
1811 2844 1876 2890 qui
1895 2855 1946 2880 ex
1968 2844 2014 2880 iis
2029 2849 2277 2891 procreantur
2296 2845 2474 2891 leqitimos

254 2899 331 2926 “a
352 2887 797 2977 hbverosQZ‘oprinas‘autem
828 2932 942 2979 leqem
973 2934 1046 2969 iam
1070 2933 1216 2969 tulimus
1238 2944 1333 2979 quae
1348 2935 1552 2980 praecipit,
1583 2938 1624 2969 ut
1645 2933 1679 2968 si
1701 2933 1847 3013 quando
1871 2934 1952 2986 quis
1982 2934 2116 2979 absque
2139 2934 2319 2986 dotalibus
2341 2935 2474 2970 instru-

254 2980 383 3016 mentis
405 2989 562 3015 uoeorem
583 2978 736 3015 duoeen't
757 2989 837 3013 cum
859 2978 1048 3024 coniuqali
1068 2978 1259 3024 affectione
1282 2989 1431 3024 eamque
1461 2980 1539 3015 sine
1568 2988 1679 3014 causa
1715 2977 1840 3024 eqzbus
1862 2983 1988 3025 aqnzta
2011 2979 2207 3026 depulerit,
2240 2991 2283 3015 ea
2306 2985 2474 3026 quartam

1469 3073 1486 3105 1
1515 3069 1639 3103 dudum
1666 3069 1774 3111 legem
1799 3070 1833 3103 T
1853 3069 1867 3114 ΙΙ
1895 3071 2092 3113 pertulimus
2115 3071 2150 3104 R
2177 3070 2189 3115 ΙΙ
2223 3072 2244 3105 2
2263 3046 2473 3113 probationes

323 3073 337 3106 ι
363 3068 490 3114 νόμον]
515 3082 585 3104 nov.
610 3070 781 3123 L‘XXIV
797 3083 824 3104 c·
846 3071 876 3104 4⁴
903 3072 923 3104 5
944 3069 957 3113 n
984 3072 1003 3103 7
1028 3080 1100 3104 τοις
1121 3070 1152 3103 L
1170 3069 1183 3113 ΙΙ
1206 3071 1227 3105 9
1250 3080 1332 3115 συν-
1401 3115 1484 3149 alias
1504 3115 1538 3149 R
1555 3115 1569 3159 ΙΙ
1591 3114 1704 3147 cedere
1725 3115 1758 3148 T
1765 3116 1775 3135 ¹
1800 3115 1980 3158 producere
2000 3115 2055 3160 Vfl
2080 3118 2102 3150 4
2126 3116 2283 3159 competit
2307 3118 2339 3150 R
2354 3115 2367 3160 ΙΙ
2385 3119 2472 3148 certa

254 3116 428 3163 γράφοιεν
441 3116 499 3157 Μ]
524 3125 770 3162 συγγραψαιεν
794 3116 830 3148 Β
861 3112 1100 3160 συγγράψοιεν
1123 3115 1154 3148 L
1187 3114 1332 3147 scriban-

257 3167 313 3195 tur
327 3173 348 3198 ς
363 3160 377 3204 ΙΙ
397 3162 438 3196 12
452 3160 535 3194 τοὺς
550 3159 620 3205 πρὸ
637 3161 717 3201 LB]
742 3159 813 3204 πρὸ
827 3161 874 3193 Μ
884 3159 896 3199 ΙΙ
911 3161 1117 3205 γινομένους
1131 3160 1177 3194 Μ
1185 3158 1198 3204 ll
1221 3161 1260 3194 13
1275 3171 1333 3193 νο-

255 3209 382 3251 μίμους
397 3208 533 3249 μένειν]
554 3208 724 3249 νομίμους
739 3204 822 3238 τοὺς
837 3203 932 3245 (τοὺς
948 3206 1026 3240 add.
1039 3204 1100 3244 Ll’)
1122 3203 1255 3250 γάμους
1274 3206 1333 3247 με’-

256 3265 335 3285 νειν
347 3252 379 3285 L
402 3253 526 3295 μένειν
545 3253 714 3294 νομίμους
730 3249 782 3283 ΒΤ
802 3252 971 3293 νομίμους
989 3249 1082 3284 εἶναι
1096 3251 1145 3284 B⁸
1166 3252 1335 3294 νομίμους

259 3295 333 3341 Blu
363 3298 402 3330 15
426 3294 642 3340 τιμηθῆναι]
669 3297 726 3328 ul
750 3294 903 3337 τιθῆναι
927 3295 1008 3339 ΕἿ
1031 3291 1214 3329 τοιαύταις
1233 3293 1334 3328 τινὰς

261 3342 307 3374 B·
323 3344 335 3382 ΙΙ
362 3343 403 3375 16
426 3340 519 3374 κατὰ
544 3340 728 3386 προικῶον
751 3338 975 3383 συμβόλαιον
993 3340 1024 3374 L
1053 3340 1147 3374 κατὰ
1171 3339 1335 3384 προικῷα

258 3384 462 3429 συμβόλαια
486 3386 536 3419 B·
553 3386 566 3429 ΙΙ
592 3388 632 3420 19
655 3382 737 3426 κᾶν]
761 3385 793 3417 εἰ
815 3387 875 3418 καὶ
893 3386 943 3418 Β*
956 3398 983 3419 υ.
999 3387 1018 3419 l.
1037 3385 1050 3429 ΙΙ
1065 3382 1300 3429 ὑπάρχειενΕ
1322 3382 1335 3428 ΙΙ

258 3432 531 3474 κεκοσμημένοις
543 3432 595 3464 L⁰
610 3431 624 3468 Ι
641 3432 681 3465 21
698 3429 843 3476 γάμους]
867 3428 949 3464 τούς
970 3430 1104 3476 γάμους
1115 3430 1168 3464 B!
1183 3426 1251 3474 11δὲ
1273 3441 1331 3462 om.

262 3474 311 3507 B!
325 3475 338 3518 u
361 3477 402 3509 22
423 3478 504 3521 περὶ
524 3476 588 3509 τοῦ
605 3477 656 3509 La
678 3474 760 3509 τοὺς
780 3473 879 3518 παρὰ
900 3473 981 3509 τοὺς
1006 3475 1056 3509 B!
1070 3474 1083 3519 ΙΙ
1098 3477 1175 3509 ταῖς
1196 3487 1255 3508 om·
1268 3474 1299 3508 L
1323 3475 1335 3511 ΙΙ

259 3518 434 3608 afflet
451 3535 508 3599 020·
521 3516 746 3599 3212022
754 3515 1020 3599 „stiffi
1035 3519 1109 3597 '12²⁶
1126 3517 1166 3598 {³
1179 3520 1334 3597 00οΞ2ῖεοἑ

261 3608 386 3649 με’νους
408 3623 467 3643 om.
481 3610 543 3643 ΒΤ
562 3610 574 3654 ΙΙ
605 3613 648 3645 30
670 3578 814 3652 Ἐστῖιδὴ
838 3629 879 3634 -
905 3576 1251 3654 555,’5γπζᾶυουσίαζ]
1273 3621 1335 3652 pro

265 3651 314 3683 his
330 3653 363 3684 in
378 3653 409 3685 L
427 3655 570 3687 novellae
583 3656 679 3688 LIII
691 3661 766 3698 cap:
776 3657 796 3689 6
806 3667 857 3698 pr.
873 3656 963 3696 (304,
977 3662 1091 3692 21-36.
1108 3656 1165 3689 ubi
1177 3655 1263 3695 vide)
1287 3655 1335 3686 in-

265 3703 378 3727 sertum
397 3705 442 3728 est
459 3710 495 3730 ex
518 3699 546 3730 B
565 3701 618 3739 28,
635 3699 692 3743 1211
717 3697 843 3742 νόμον]
868 3711 937 3733 nov.
955 3700 1071 3734 XXII
1091 3713 1117 3733 c.
1137 3701 1178 3733 18

1409 3160 1465 3204 ῐῙΙΙ
1482 3162 1503 3195 9
1526 3159 1752 3193 inscribantur
1778 3160 1829 3193 Τ2
1863 3160 2092 3194 inscribuntur
2116 3162 2149 3195 T
2156 3162 2165 3181 ¹
2186 3161 2198 3206 ΙΙ
2214 3162 2261 3194 tffi
2278 3161 2312 3194 R
2329 3161 2342 3205 ΙΙ
2360 3162 2399 3195 10
2422 3159 2471 3191 af-

1384 3205 1505 3238 'fectus
1535 3205 1570 3238 V
1592 3203 1606 3249 ss
1633 3207 1673 3239 11
1698 3204 1767 3237 solo
1791 3224 1833 3229 —
1862 3208 1903 3240 14
1926 3216 2006 3239 uero
2035 3219 2098 3239 scr.
2123 3205 2173 3239 R²
2197 3208 2230 3240 in
2253 3219 2318 3239 ras.
2344 3207 2364 3239 2
2386 3217 2436 3237 vv.
2459 3203 2471 3247 ΙΙ

1401 3251 1534 3284 duxerit
1545 3250 1621 3291 R(²)
1633 3250 1665 3283 T
1678 3248 1692 3294 ΙΙ
1714 3251 1754 3284 12
1778 3253 1851 3292 post
1866 3250 2045 3292 dignitates
2060 3250 2135 3293 R(²)
2148 3252 2231 3295 vulq.
2251 3250 2264 3295 ΙΙ
2282 3252 2323 3284 14
2346 3250 2471 3282 honora

1403 3296 1448 3328 R¹
1473 3295 1486 3339 ss
1516 3297 1558 3329 15
1582 3295 1761 3337 dignitates
1784 3295 1836 3328 Ra
1860 3295 1872 3338 ΙΙ
1897 3297 2015 3329 ducere
2039 3297 2137 3339 vala]
2167 3295 2300 3329 duceret
2317 3294 2349 3327 T
2373 3293 2470 3326 duce-

1402 3343 1476 3373 rent
1496 3341 1530 3374 V
1547 3340 1658 3373 dicent
1682 3339 1731 3372 Β*
1762 3340 1884 3373 ducent
1908 3340 1957 3374 R²
1974 3340 1987 3385 ΙΙ
2005 3343 2044 3375 17
2069 3341 2192 3374 nostris
2216 3339 2273 3382 ΤΕ
2292 3339 2330 3372 18
2355 3338 2469 3371 huius-

1400 3386 1489 3418 modi
1513 3398 1571 3419 om.
1594 3386 1629 3419 V
1647 3384 1660 3429 ΙΙ
1689 3385 1756 3417 sint
1779 3387 1877 3429 vulq]
1910 3391 1988 3418 sunt
2015 3386 2118 3419 RVT
2139 3386 2152 3429 ΙΙ
2183 3386 2223 3419 19
2246 3383 2372 3423 *nudo]
2408 3383 2468 3415 sub

1402 3430 1495 3471 libri,
1527 3430 1599 3464 solo
1627 3430 1856 3474 Osenbruyqen
1882 3430 1895 3472 11
1925 3433 2081 3463 contram
2103 3431 2152 3464 R*
2178 3428 2192 3473 ΙΙ
2219 3429 2261 3479 20
2280 3427 2379 3460 sicuti
2393 3428 2437 3479 ⁸T
2459 3429 2470 3468 ΙΙ

1401 3476 1444 3508 22
1461 3475 1607 3517 dignatis
1622 3475 1656 3509 R
1672 3475 1684 3519 u
1700 3475 1848 3508 studium
1870 3476 1902 3508 T
1911 3475 1922 3496 ¹
1936 3475 1949 3518 ΙΙ
1976 3477 2019 3510 24
2038 3483 2181 3510 uxorem.
2209 3482 2260 3504 sm
2286 3471 2340 3515 ΤΙΙ
2357 3474 2468 3514 etium]

1400 3522 1433 3552 et
1458 3521 1490 3553 T
1506 3519 1518 3563 ΙΙ
1545 3521 1618 3562 hoc]
1643 3520 1724 3553 haee
1749 3521 1787 3561 Τ,
1812 3533 1869 3554 οηι.
1891 3519 1951 3564 Vll
1977 3522 2020 3555 25
2043 3522 2076 3553 et
2098 3531 2156 3552 om.
2171 3516 2221 3550 T¹
2242 3516 2255 3559 ΙΙ
2286 3518 2323 3550 31
2353 3528 2469 3551 uxores

1400 3564 1434 3597 R
1451 3563 1464 3609 ΙΙ
1481 3567 1522 3599 32
1544 3576 1643 3599 causa
1666 3578 1724 3599 om.
1746 3565 1795 3599 V¹
