2618 4010
184 1019 207 1054 [0

183 1336 209 1373 3

229 141 335 185 Nov.
366 139 523 183 LXXV
1724 153 1789 188 nr.
1817 152 2231 186 APPELLA'HOMBUS
2261 151 2450 184 mmmm

1144 147 1294 201 ἦ
1305 134 1392 182 378

1267 336 1412 373 Lxxv.

757 426 877 485 <DE
914 426 1544 484 APPELLATIONIBUS
1592 426 1932 487 SICILIAE.)

869 516 965 552 Idem
989 515 1080 561 Aug.
1107 515 1328 568 'triboniano
1352 517 1531 563 quaestori
1555 518 1649 554 sacri
1671 518 1809 564 palatii.

2197 343 2304 378 Auth.
2324 340 2454 378 LXIII.

364 604 445 644 Tua
476 607 659 654 cognoscit
690 605 888 643 sublimitas
916 608 1044 661 utpote
1076 606 1174 661 operi
1206 608 1410 662 quaestorio
1443 607 1649 654 praeposita
1672 611 1708 644 et
1739 608 1854 645 nostri
1878 608 2017 646 consilii
2040 611 2221 658 particeps
2247 613 2456 656 constituta,

230 653 325 700 quod
347 653 490 690 Siciliae
512 652 716 699 provinciae
740 652 1074 701 secunduminstar
1098 655 1321 697 antiquitatis
1350 658 1553 699 praetorem
1602 653 1830 697 raesecimus,
1868 654 1945 690 eius
1978 659 2019 690 ut
2049 654 2306 700 gubernatione
2338 659 2458 694 omnia

229 698 369 746 privata
391 700 610 745 peragantur
632 702 668 734 et
690 697 859 734 militares
884 703 1063 744 expensae
1086 700 1338 743 procurentur.
1386 698 1478 735 Nam
1501 699 1576 753 pub
1591 699 1666 735 icas
1692 699 1851 736 eiusdem
1874 700 2015 736 insulae
2037 699 2238 739 functiones
2259 704 2326 740 sub
2350 704 2456 745 iuris·

231 745 384 782 dictione
407 745 471 780 viri
494 743 783 781 excellentissimi
807 743 946 779 comitis
979 743 1072 779 sacri
1104 744 1308 788 patrimonii
1338 754 1403 789 per
1432 743 1572 780 Italiam
1605 755 1683 781 esse
1716 745 1863 790 antiqua
1897 745 2118 782 consuetudo
2149 748 2314 794 tradidit,
2352 750 2457 786 cuius

230 790 445 827 auctoritate
460 792 534 826 tam
549 789 688 825 exactio
709 799 815 835 quam
838 789 950 824 illatio
978 798 1100 824 earum
1125 789 1345 834 procederet.
1394 789 1463 825 Sed
1480 791 1563 834 quia
1579 790 1661 826 lites
1681 791 1717 826 in
1734 794 1837 826 tanta
1860 791 2043 836 provincia
2063 791 2196 828 moveri
2218 803 2363 831 necesse
2389 799 2456 839 est,

231 837 391 872 volumus
416 839 467 878 ut,
492 834 678 881 siquando
701 844 747 880 ap
774 835 921 870 ellatum
946 834 1054 869 fuerit
1077 845 1099 870 a
1122 836 1290 879 praetore
1313 835 1369 871 vel
1392 845 1414 870 a
1438 835 1529 871 duce
1553 836 1607 871 vel
1631 836 1676 871 ab
1703 836 1822 880 aliquo
1846 836 1965 872 iudice
1986 836 2140 872 eiusdem
2163 837 2311 881 insulae,
2331 841 2455 886 appel-

230 882 382 918 lationes
407 890 527 918 omnes
551 879 597 916 ad
621 883 721 916 tuum
762 880 927 925 astigium
951 884 1120 925 tuamque
1153 879 1272 916 sedem
1296 881 1542 923 remittantur,
1575 883 1611 916 et
1639 882 1717 926 ipse
1749 882 1875 918 merita
1907 892 2029 918 earum
2061 892 2159 918 more
2184 884 2456 922 consultationis

231 927 401 963 discutias
425 929 462 962 et
484 926 530 962 ad
553 929 713 962 nostram
736 925 873 961 referas
898 925 1094 968 scientiam,
1119 929 1294 971 quatenus
1318 927 1382 962 tua
1405 927 1509 962 nobis
1535 927 1677 972 cognita
1701 927 1935 973 dispositione
1961 937 2004 962 ex
2029 932 2153 963 nostra
2176 929 2389 966 auctoritate
2413 931 2456 967 lis

231 972 427 1015 dirimatur,
452 980 566 1025 neque
589 972 636 1007 ad
661 972 876 1007 anteriorem
900 970 1051 1006 Romam
1074 980 1189 1016 neque
1213 970 1259 1006 ad
1283 971 1390 1006 alium
1414 972 1567 1007 iudicem
1592 972 1697 1008 huius
1722 973 1839 1017 regiae
1862 973 2014 1009 civitatis
2038 977 2159 1017 eatur,
2196 973 2259 1009 sed
2281 974 2359 1020 ipse
2382 976 2458 1012 vice

231 1018 326 1055 sacri
349 1017 542 1062 cognitoris
566 1016 693 1052 audias
725 1020 760 1052 et
788 1016 885 1052 litem
918 1016 1073 1052 dirimas.
1136 1015 1186 1052 Et
1209 1027 1283 1055 non
1307 1017 1423 1053 solum
1453 1017 1542 1053 haec
1571 1022 1669 1053 tuam
1701 1018 1983 1054 iurisdictionem
2015 1019 2192 1064 respicere
2225 1019 2457 1063 decernimus,

230 1062 294 1100 sed
318 1063 424 1099 etiam
448 1062 480 1098 si
503 1061 587 1107 quid
611 1061 707 1098 aliud
732 1061 835 1098 civile
858 1061 1046 1097 ordinatur
1069 1061 1164 1107 quod
1185 1061 1453 1098 confirmatione
1477 1063 1648 1108 indigeat,
1683 1063 1721 1099 id
1745 1067 1800 1099 est
1831 1074 1898 1109 pro
1929 1063 2176 1100 defensoribus
2207 1065 2261 1099 vel
2293 1065 2458 1110 patribus

231 1109 414 1145 civitatum
433 1107 625 1150 decretum,
650 1110 757 1151 [nam]
773 1107 810 1143 id
826 1117 967 1161 quoque
991 1107 1037 1142 ad
1053 1111 1151 1142 tuam
1168 1107 1286 1143 sedem
1309 1108 1451 1151 remitti,
1476 1112 1516 1143 ut
1566 1118 1605 1144 er
1627 1111 1726 1144 tuam
1741 1109 1952 1145 sententiam
1963 1113 2193 1155 nostramque
2208 1111 2459 1146 auctoritatem

229 1154 436 1190 roboretur:
473 1153 556 1198 quia
580 1163 719 1198 semper
742 1152 863 1188 Sicilia
887 1151 990 1198 quasi
1013 1153 1192 1198 peculiare
1223 1153 1358 1198 aliquid
1387 1164 1524 1189 commo
1553 1165 1611 1189 um
1643 1155 1921 1200 imperatoribus
1951 1155 2123 1198 accessit,
2159 1158 2195 1191 et
2226 1159 2369 1201 oportet
2402 1166 2459 1192 res

231 1199 365 1244 civiles,
391 1209 473 1235 cum
494 1198 653 1244 aliquam
678 1198 868 1234 habuerint
891 1197 1170 1241 dubitationem,
1207 1198 1322 1234 nostri
1346 1199 1544 1244 quaestoris
1574 1200 1707 1236 iudicio
1740 1200 1874 1243 dirimi,
1908 1201 2004 1254 quod
2027 1201 2191 1246 accipere
2214 1211 2237 1237 a
2260 1205 2323 1237 tua
2346 1201 2458 1238 subli-

231 1245 355 1282 mitate
378 1253 581 1287 censemus,
617 1253 723 1290 quam
746 1254 812 1279 nos
836 1243 1079 1289 proveximus,
1117 1254 1223 1289 quam
1245 1244 1399 1288 legitimo
1426 1245 1525 1290 operi
1549 1245 1838 1297 praeposuimus,
1876 1256 1978 1282 cuius
2013 1256 2118 1292 opere
2148 1250 2256 1292 atque
2277 1246 2460 1284 industria

232 1290 346 1327 omnis
369 1290 486 1336 legum
510 1289 744 1334 ambiguitas,
769 1289 883 1325 omnis
907 1289 1058 1325 latitudo
1083 1289 1120 1324 in
1144 1294 1367 1334 praesentem
1391 1290 1617 1326 concordiam
1642 1295 1676 1327 et
1698 1291 1887 1337 pulchram
1910 1292 2124 1328 brevitatem
2148 1292 2318 1338 pervenit.

366 1335 465 1381 Quae
487 1335 596 1381 igitur
643 1345 683 1370 er
705 1334 798 1370 hanc
824 1334 977 1370 divinam
998 1335 1110 1379 legem
1134 1338 1260 1371 nostra
1283 1335 1439 1371 decrevit
1462 1336 1668 1380 aeternitas,
1692 1340 1757 1372 tua
1779 1335 1979 1373 sublimitas
2003 1338 2118 1374 sciens
2139 1338 2458 1418 praeceptionibus

232 1381 306 1418 suis
329 1381 520 1417 admoneat
543 1380 602 1416 Sic
630 1380 744 1416 ’enses
768 1379 924 1424 iudices,
960 1382 1137 1424 quatenus
1161 1380 1296 1424 sciant,
1332 1381 1390 1416 cui
1419 1381 1572 1418 debeant
1597 1392 1725 1418 causas
1750 1382 1987 1428 appellatione
2012 1393 2205 1429 suspensas
2230 1393 2268 1419 re
2285 1393 2382 1427 erre,
2419 1387 2460 1419 ut

230 1437 296 1473 per
317 1430 399 1463 tuas
422 1429 635 1472 tuorumque
666 1435 915 1462 successorum
947 1425 1191 1470 suggestiones
1213 1426 1341 1462 ,omnia
1364 1427 1467 1462 nobis
1490 1427 1766 1464 manifestentur
1788 1432 1826 1464 et
1848 1428 2029 1464 videamur
2053 1439 2117 1474 per
2142 1428 2352 1475 semetipsos
2380 1439 2457 1465 eas·

232 1473 311 1508 dem
334 1482 463 1508 causas
486 1481 667 1517 peragere.
714 1471 807 1507 Esse
839 1471 931 1510 enim
961 1481 1034 1506 non
1063 1470 1247 1515 indignum
1279 1472 1495 1517 putavimus,
1528 1473 1602 1519 <ut>
1633 1473 1791 1509 Siciliam
1813 1476 1975 1509 nostrum
1998 1473 2257 1519 quodammodo
2279 1475 2459 1520 peculium

231 1518 465 1554 constitutum
487 1521 692 1553 nostrorum
742 1516 896 1562 articeps
922 1516 1343 1569 consiliorum-quaestor
1367 1517 1434 1553 sub
1458 1518 1706 1555 iurisdictione
1729 1529 1796 1555 sua
1820 1520 2005 1564 suscipiat.

364 1557 464 1610 (Dat.
492 1576 554 1594 u·
580 1562 667 1598 Dec.
691 1561 717 1597 C
750 1589 758 1597 .
784 1562 869 1622 imp.
894 1561 952 1598 dn.
977 1561 1167 1598 Iustiniani
1191 1573 1250 1608 pp.
1276 1563 1367 1607 Aug.
1394 1573 1488 1599 anno
1509 1563 1573 1600 XI.
1598 1575 1633 1610 p.
1658 1575 1689 1601 c.
1714 1564 1876 1600 Belisarii
1900 1575 1954 1601 vc.
1980 1575 2075 1601 anno
2099 1564 2165 1609 ΙΙ.)
2312 1567 2361 1608 [a.
2379 1568 2459 1609 537]

284 1654 368 1690 Nov.
384 1653 494 1688 LXX
502 1654 586 1688 V=
596 1654 748 1688 Authent.
762 1653 900 1687 LXIII
920 1654 1040 1687 Latine
1061 1661 1181 1688 tantum
1213 1653 1337 1698 scripta
1360 1663 1509 1688 servatur
1533 1657 1567 1689 in
1594 1655 1629 1688 V.
1652 1674 1694 1679 ——
1725 1656 1765 1689 In
1791 1669 1925 1701 corpore
1949 1656 2147 1690 novellarum
2173 1658 2220 1690 bis
2243 1659 2353 1700 posita
2370 1660 2459 1702 fuit.

233 1713 264 1734 n.
286 1699 435 1734 LXXV
452 1699 502 1733 De
525 1698 806 1743 appellationibus
827 1698 963 1731 Siciliae
987 1700 1160 1743 eademque
1184 1712 1214 1732 n.
1242 1699 1330 1733 CIV
1347 1700 1396 1733 De
1419 1702 1570 1743 praetore
1595 1700 1738 1734 Siciliae.
1787 1702 1842 1735 Ex
1872 1710 2004 1745 utroque
2038 1702 2106 1735 loco
2138 1710 2327 1745 receperunt
2359 1707 2458 1746 epito-

232 1752 386 1779 mator-es:
420 1744 608 1778 Theodorus
631 1757 661 1778 n.
688 1747 730 1779 75
754 1745 842 1789 Περὶ
866 1744 956 1785 (τῶν
981 1745 1058 1778 add.
1072 1745 1129 1787 M)
1155 1741 1337 1787 ἐκκλήτων
1362 1743 1525 1779 Σικελίας
1550 1747 1636 1786 (inde
1661 1747 1706 1779 M
1723 1745 1834 1792 νεαρὰ
1856 1746 1902 1780 oe'
1929 1755 1957 1781 et
1981 1747 2017 1781 B
2038 1748 2070 1788 9,
2085 1748 2156 1789 2,5)
2180 1755 2210 1780 et
2232 1749 2345 1782 n.104
2369 1751 2458 1794 Περὶ

232 1790 296 1825 τοῦ
319 1792 488 1834 praetorve
511 1789 648 1824 Siciliae
667 1791 755 1831 (inde
780 1790 812 1823 L
835 1787 946 1835 νεαρὰ
969 1785 1053 1835 (ιδ’),
1085 1791 1287 1824 Athanasius
1303 1793 1335 1832 7,
1358 1799 1373 1825 5
1398 1793 1487 1837 Περὶ
1511 1791 1589 1824 τῶν
1613 1788 1796 1834 ἐκκλήτων
1819 1790 1983 1826 Σικελίας
2006 1793 2190 1834 (secundum
2211 1793 2359 1834 indicem,
2384 1807 2457 1827 nam

232 1838 266 1870 in
290 1836 399 1870 codice
421 1836 498 1869 Ath.
525 1837 604 1870 haec
627 1848 748 1869 summa
771 1836 890 1869 omissa
914 1836 971 1877 est)
998 1837 1083 1874 et.4,
1105 1842 1135 1869 21
1161 1837 1250 1881 Περὶ
1267 1836 1331 1869 τοῦ
1351 1838 1558 1883 πραίτωρος
1578 1834 1759 1878 munitam
1782 1837 1931 1872 Iulianus
1947 1845 2045 1872 const.
2066 1837 2240 1871 LXVIII
2259 1838 2320 1879 (De
2344 1839 2457 1882 appel-

232 1881 415 1915 lationibus
437 1881 473 1913 in
497 1879 615 1914 Sicilia
637 1880 811 1924 porrectis)
835 1888 866 1914 et
889 1888 987 1914 const.
1014 1880 1164 1914 XCVII
1183 1881 1246 1921 (De
1270 1881 1380 1915 officio
1404 1882 1613 1924 quaestoris).
1663 1882 1824 1917 Summam
1849 1897 1920 1917 nov.
1944 1884 2037 1924 CIV,
2073 1883 2234 1916 Theodori
2257 1886 2382 1927 opinor,
2405 1897 2456 1918 ex-

234 1928 335 1962 titisse
358 1927 395 1960 B
420 1927 451 1968 6,
466 1933 499 1961 23
522 1927 647 1960 indicat
665 1926 714 1959 Β8
734 1927 766 1959 Α
782 1927 837 1968 66,
856 1934 891 1960 50
913 1938 948 1970 p.
966 1927 1029 1961 112
1045 1926 1149 1960 Zach.
1173 1922 1277 1971 ‘Hspi
1297 1927 1361 1960 τοῦ
1386 1930 1589 1982 πραίτωροε
1606 1926 1769 1962 Σικελίας
1791 1926 1915 1976 ἀνάγν.
1934 1932 1984 1973 βῖι.
2002 1927 2035 1965 ς’
2062 1931 2107 1961 τί.
2126 1923 2207 1975 ιγ”ε
2232 1941 2294 1972 quo
2315 1933 2456 1974 reseren-

233 1973 308 2007 διυ-
331 1973 457 2006 videtur
474 1972 573 2006 schol.
595 1971 643 2005 M
660 1972 699 2005 c'le
724 1984 793 2005 nov.
812 1971 914 2005 CIV:
933 1967 1006 2018 ρὸ’.
1044 1970 1141 2014 ζήτει
1164 1969 1302 2014 ταύτην
1326 1971 1374 2006 εἰς
1396 1985 1438 2006 το
1462 1985 1554 2006 κατα
1578 1975 1764 2015 στοιχεῖον.
2121 1985 2125 1989 ·

289 2132 310 2166 2
333 2131 382 2164 De
405 2128 685 2174 appellationibus
708 2127 855 2170 Siciliae]
879 2130 968 2162 rubr.
993 2141 1051 2163 om.
1075 2128 1113 2170 V,
1143 2128 1193 2162 De
1217 2138 1312 2172 prae-
1332 2163 1335 2165 Α

234 2174 307 2211 tore
329 2175 464 2209 Siciliae
488 2175 574 2219 ναῖς.
589 2175 666 2215 (vid.
679 2175 795 2217 supra)
819 2173 832 2217 11
860 2175 879 2207 3
904 2173 997 2206 Idem
1021 2183 1097 2215 aug.
1116 2173 1313 2207 tribuniano

235 2221 402 2265 quaestori
424 2220 510 2254 sacri
529 2219 647 2263 palatii
674 2219 719 2260 V]
741 2215 787 2252 ’Ὁ
811 2214 916 2252 αὐτὸς
937 2216 1103 2261 βασιλεὺς
1132 2219 1186 2262 τῷ
1212 2216 1312 2261 αὐτῷ

235 2270 271 2310 (i.
284 2279 312 2302 e.
325 2267 495 2301 secundum
510 2278 549 2299 ea
563 2277 646 2308 quae
658 2265 859 2308 praecedunt
878 2261 1029 2311 Ἰωάννῃ
1047 2261 1190 2308 ἐπάρχῳ
1208 2277 1312 2312 πραι-

234 2312 492 2360 τωρίων),ΔιΙι.
518 2312 556 2351 4,
581 2318 613 2344 21
638 2311 695 2351 (=
719 2322 790 2344 nov.
822 2310 921 2352 CIV)
954 2322 1063 2343 errore
1093 2322 1155 2343 non
1184 2311 1312 2344 insolito

235 2361 290 2404 (cs.
316 2360 412 2392 inscr.
438 2369 508 2390 nov.
533 2356 700 2398 XLIII),
737 2357 819 2390 idem
844 2357 942 2389 verba
967 2356 1112 2389 initialia
1137 2357 1314 2400 adscripsit

238 2405 283 2438 ad
295 2404 527 2438 Tribonianum
547 2403 721 2445 reserenda
739 2401 813 2434 Tua
828 2400 997 2443 cognoscit
1017 2400 1214 2434 sublimitas.
1245 2401 1313 2435 Ne-

236 2462 297 2494 que
317 2450 398 2483 enim
414 2448 632 2492 probabiliter
645 2459 684 2481 eoe
703 2448 766 2481 ista
782 2449 992 2490 inscriptione
1005 2447 1194 2480 Zachariae
1206 2448 1313 2490 suspi-

237 2502 329 2529 catur
353 2495 484 2528 eandem
504 2494 754 2527 constitutionem
780 2500 809 2525 et
833 2493 879 2524 ad
899 2492 1132 2526 Tribonianum
1155 2500 1185 2525 et
1205 2494 1314 2526 verbis

237 2541 359 2575 scilicet
385 2541 509 2583 passim
538 2539 669 2572 mutatis
701 2539 748 2571 ad
774 2537 952 2573 Iohannem
985 2538 1095 2571 datam
1128 2549 1195 2571 esse
1224 2539 1313 2571 inde-

237 2599 298 2630 que
320 2587 450 2629 sactum
477 2591 512 2618 ut
541 2585 574 2617 in
599 2584 782 2617 collectione
806 2583 1003 2617 novellarum
1037 2584 1085 2616 bis
1105 2590 1280 2627 poneretur
1303 2582 1331 2627 11

238 2634 259 2665 4
284 2629 452 2673 cognoscit
471 2630 600 2671 VAth.]
623 2627 757 2674 γνώσει
781 2629 815 2668 (ι’.
830 2642 855 2661 e.
882 2627 1093 2670 cognoscet?)
1119 2629 1170 2661 cit.
1193 2629 1313 2662 Theod.

239 2678 304 2712 104
326 2676 340 2720 11
369 2677 390 2710 6
413 2674 564 2719 publicas
585 2674 690 2715 Beck]
719 2673 854 2717 publice
877 2674 909 2706 V
932 2674 945 2718 11
973 2676 990 2706 7
1016 2673 1218 2716 patronomii
1240 2674 1275 2707 V
1302 2673 1315 2717 11

239 2724 259 2756 8
281 2722 361 2764 quia
379 2721 455 2754 lites
479 2721 605 2754 Biener
629 2720 742 2754 Gesch.
758 2720 789 2752 d.
803 2719 887 2753 Nov.
905 2731 940 2762 p.
956 2720 1034 2759 498]
1056 2718 1235 2760 qualitates
1257 2719 1290 2752 V
1303 2719 1314 2761 11

240 2770 282 2802 10
306 2777 420 2800 earnm
444 2765 549 2807 Beck]
574 2775 688 2798 eorum
709 2764 765 2807 Vn
790 2764 1048 2797 consultationis
1073 2765 1209 2805 Biener]
1236 2775 1312 2797 con-

238 2812 403 2846 sulatione
420 2810 475 2856 Vu
496 2813 532 2846 11
551 2812 696 2844 referans
717 2811 766 2844 Va
777 2809 790 2854 11
803 2811 961 2852 quatinus
980 2810 1073 2851 Vtid.
1086 2811 1140 2851 21)
1160 2809 1173 2854 ΙΙ
1192 2811 1231 2844 12
1247 2810 1312 2843 dri-

1381 2132 1493 2164 matur
1512 2140 1619 2172 neque
1637 2140 1745 2172 neque
1764 2130 1806 2164 ad
1818 2132 1891 2174 (sic)
1911 2131 1946 2165 V
1964 2130 1977 2176 11
2003 2132 2043 2166 13
2057 2131 2172 2164 audias
2187 2132 2321 2174 Biener]
2345 2133 2460 2166 audiat

1390 2176 1424 2208 V
1435 2176 1447 2216 11
1464 2175 1503 2208 ed
1519 2186 1587 2208 non
1609 2176 1642 2209 V
1654 2175 1666 2220 11
1690 2178 1731 2210 14
1747 2178 1796 2209 set
1812 2177 1911 2209 etiam
1928 2176 1991 2209 etsi
2012 2176 2068 2221 711
2093 2177 2186 2210 aliud
2202 2178 2306 2219 Beck]
2330 2178 2459 2220 aliquid

1390 2221 1421 2254 V
1435 2219 1448 2265 11
1463 2221 1640 2254 ordinatur
1653 2221 1790 2263 Biener]
1815 2225 1953 2255 ornatur
1975 2221 2030 2265 1711
2060 2224 2099 2256 15
2124 2233 2199 2255 nam
2224 2224 2285 2256 del.
2300 2223 2426 2258 Biener
2448 2224 2460 2267 11

1385 2267 1426 2300 16
1449 2266 1563 2299 sccilia
1584 2267 1637 2300 V‘
1667 2265 1680 2311 11
1707 2266 1845 2309 aliquod
1863 2267 1958 2301 Beck
1987 2266 1999 2311 11
2029 2269 2068 2301 17
2093 2268 2182 2309 quod
2199 2269 2335 2310 Biener]
2360 2279 2458 2311 quam

1390 2311 1424 2344 V
1440 2310 1453 2356 11
1481 2313 1522 2346 18
1547 2322 1646 2354 quam
1659 2312 1797 2354 Biener]
1823 2323 1888 2355 qua
1909 2313 1943 2347 V
1958 2313 1971 2356 11
2000 2314 2040 2347 19
2064 2312 2209 2347 latitudo
2222 2313 2359 2355 Biener]
2383 2314 2458 2347 alti-

2504 661 2523 691 5

2484 888 2524 920 10

2486 1113 2526 1145 15

2484 1337 2526 1371 20

2485 1564 2526 1597 25

1382 2357 1464 2390 tudo
1484 2357 1519 2391 V
1540 2358 1552 2400 11
1583 2359 1624 2393 21
1650 2357 1772 2391 referre
1790 2358 1927 2400 Biener]
1960 2359 2126 2401 praeferre
2147 2359 2181 2393 V
2203 2359 2350 2402 proferre
2365 2360 2460 2394 Beck
2531 2381 2534 2384 ·

1382 2402 1527 2445 perferre
1541 2403 1729 2437 Zachariae
1757 2403 1769 2447 11
1800 2404 1842 2438 22
1866 2403 2037 2436 videamur
2051 2404 2187 2446 Biener]
2213 2405 2385 2438 uideamus
2406 2405 2459 2449 Vss

1382 2449 1574 2491 semetipsos
1595 2449 1642 2490 V]
1666 2451 1796 2482 nosmet
1820 2449 1908 2492 ipsos
1934 2450 2068 2491 Biener,
2088 2450 2177 2493 ναῖς.
2196 2449 2209 2494 11
2235 2451 2276 2484 23
2294 2452 2333 2482 ut
2350 2452 2458 2495 suppl.

1377 2494 1508 2527 'Biener
1526 2494 1538 2537 11
1560 2494 1708 2526 scciliam
1730 2495 1784 2528 V‘l
1801 2494 1813 2538 11
1837 2496 1878 2529 25
1902 2497 2021 2528 subscr.
2040 2508 2096 2547 ⁰⁷3¹·
2120 2495 2159 2537 V,
2183 2497 2368 2539 suppeditat
2383 2497 2457 2530 Ath.

1384 2535 1520 2586 ἐγράφη
1550 2536 1735 2582 βασιλείας
1756 2535 2009 2573 Ἰουστινιανοῦ
2041 2553 2084 2573 ’το
2109 2538 2162 2572 ια’
2187 2554 2224 2584 μ.
2250 2541 2458 2587 Δεκεμβρίῳ

1381 2582 1472 2628 μετὰ
1500 2583 1568 2626 τὴν
1591 2582 1769 2617 ὑπατείαν
1793 2583 2005 2630 Βελισαρίου
2034 2584 2076 2618 τὸ
2100 2584 2153 2628 β’;
2193 2586 2311 2620 Theod.
2338 2600 2367 2619 n.
2397 2588 2459 2621 104

1383 2629 1598 2688 ἐξεφωνὴιῖη
1624 2631 1718 2683 ’μηνὶ
1751 2627 1948 2684 δεκεμρρίῳ
1982 2629 2086 2687 percit,
2103 2628 2282 2688 ὑπατείαν
2312 2629 2458 2685 Βελισα-

1383 2687 1469 2720 ριου,
1503 2689 1533 2707 n.
1556 2674 1938 2732 ι5(ιᾱεηι1έξ,εφω1νηθη
1962 2688 2048 2718 μηνι
2073 2688 2196 2729 ιουνιςρ
2221 2678 2292 2710 ἔτει
2318 2679 2358 2729 ιβ
2394 2688 2459 2731 ,της

1381 2718 1742 2808 ἄξιλέγξιαςεῖἱξῒῖῗᾳ
1771 2723 1930 2755 Ιωαννου
1961 2722 2044 2755 male
2069 2729 2205 2764 repetita
2234 2735 2272 2756 ea:
2290 2725 2458 2764 ρνιονιὸιιε
