2580 4022
180 150 239 179 DE
269 148 510 181 s'rmumum
539 148 811 180 Anlssc'monm
1978 134 2086 178 Nov.
2115 133 2288 176 CLXVI
2318 146 2377 188 pr,
2406 137 2423 174 l

1262 283 1344 324 ΡΞς

805 350 984 403 ΠΕΡΙ
1036 347 1345 402 ΑΠΟΡῼΝ
1394 347 1797 400 ΕΠΙΒΟΛΗΣ.

181 428 340 473 Φλάβιος
377 425 566 475 Θεόδωρος
601 431 737 475 Πέτρος
772 428 1026 474 Δημοσθένης,
1062 426 1082 462 ὁ
1119 425 1503 474 μεγαλοπρεπέστατος
1534 427 1687 472 ἔπαρχος
1721 427 1799 461 τῶν
1833 426 1943 471 ἱερῶν
1977 428 2217 473 πραιτωρίων
2251 427 2312 458 καὶ
2347 421 2423 460 άπὸ

179 472 351 520 ἐπάρχων
381 474 445 517 τῆς
475 472 660 518 βασιλίδος
690 473 832 509 πόλεως
859 477 919 508 καὶ
953 472 1028 509 ἀπὸ
1063 470 1227 515 ὑπάτων,
1262 472 1420 516 Φλάβιος
1445 472 1611 506 Φαῦστος
1642 475 1702 506 καὶ
1728 469 1887 517 Φλάβιος
1910 473 2096 516 Στέφανος
2122 470 2274 515 Φλαβίῳ
2298 469 2423 516 Ὡρτα-

908 517 997 562 λίνῳ
1021 519 1074 562 τῷ
1100 516 1346 563 λαμπροτάτῳ
1371 517 1541 559 ὑπατικῷ
1559 515 1708 552 Λυδίας.
2449 520 2468 552 5

313 586 612 631 (Προοίμιον.)
646 583 792 630 Ἐπειδὴ
814 586 880 632 χρὴ
904 586 952 620 τὰ
975 588 1048 620 τοῖς
1071 584 1195 628 νόμοις
1218 588 1278 619 καὶ
1301 586 1374 619 τοῖς
1391 584 1518 619 τύποις
1540 585 1619 618 τῶν
1639 581 1825 629 ἡμετέρων
1841 580 1998 627 θρόνων
2012 581 2278 629 διατεταγμένα
2297 582 2425 624 καλῶς,

178 631 279 665 εἵπου
303 629 476 675 δεήσειεν,
498 634 571 666 τοῖς
594 628 806 666 ὑποτελέσιν
831 633 1036 676 σαφέστερα
1059 631 1248 665 καθιστᾶν
1271 629 1362 674 πρὸς
1381 629 1457 675 (τὸ)
1473 627 1652 673 μηδεμίαν
1677 626 1796 663 αὐτοῖς
1820 628 2027 673 ἐγείρεσθαι
2051 627 2200 671 ζήτησιν
2224 629 2266 662 ἔν
2287 641 2329 662 τε
2352 631 2425 662 τοῖς

179 675 296 710 ἄλλοις
327 676 368 710 ἔν
398 690 438 710 τε
466 679 543 710 ταῖς
575 678 653 711 τῶν
676 674 831 722 ἀπόρων
854 675 1048 719 ἐπιβολαῖς,
1075 676 1154 710 τῶν
1176 676 1340 719 μὲν,τοῖς
1363 676 1401 708 ἐκ
1424 675 1487 718 τῆς
1512 672 1620 717 αὐτῆς
1643 677 1848 719 περιουσίας
1866 673 2002 717 εὔπορα
2026 675 2261 717 κτησαμένοις
2284 674 2423 719 ἐγγυτέ-

178 732 252 767 ροις
282 724 342 755 καὶ
373 724 562 767 προσεχέσι
593 721 728 756 ταύτας
759 721 966 768 ἐπάγεσθαι
997 719 1250 762 δικαιούντων,
1283 721 1362 754 τῶν
1394 717 1434 753 δὲ
1463 719 1554 763 πρὸς
1584 719 1648 754 τὰς
1667 716 1841 764 ἀνωτέρω
1865 720 1925 751 καὶ
1949 716 2186 763 παλαιοτέρας
2209 715 2424 762 ὁμοδούλους

179 766 318 809 κτήσεις
343 765 558 811 ἀναβαίνειν
588 768 828 811 βιαζομένων,
860 767 938 801 τῶν
969 764 1007 800 δὲ
1037 763 1090 812 ἐφ’
1121 762 1289 800 ἅπαντας
1316 763 1392 809 ἅμα
1414 765 1497 799 τοὺς
1517 767 1605 810 πρὶν
1628 766 1870 808 κτησαμένους
1891 760 2107 807 ἆδιακρίτως
2129 760 2361 808 χωρούντων,
2386 763 2425 804 ἐξ
2451 768 2492 800 10

180 810 303 845 αὐτῶν
335 808 431 855 ἡμεῖς
462 812 675 855 κινηθέντες
703 812 781 846 τῶν
803 809 1031 858 πραγμάτων
1055 813 1116 845 ἐπὶ
1139 810 1208 853 τὴν
1228 807 1351 857 ὀρθὴν
1374 812 1433 844 καὶ
1458 808 1602 844 δικαίαν
1624 807 1770 844 τούτων
1793 806 1974 854 διάκρισιν
1998 806 2123 842 ἐλθεῖν
2148 805 2424 852 ἐδοκιμάσαμεν,

179 857 278 902 σαφῆ
301 858 418 891 ταῦτα
441 861 501 891 καὶ
522 855 731 902 εὐδιάκριτα
754 860 827 891 τοῖς
844 853 1056 892 ὑποτελέσιν
1079 855 1367 902 (καθιστάντες).

1205 957 1362 993 CAPUT
1382 957 1411 992 1.

314 1026 395 1072 (Εἴ
421 1037 512 1062 ποτε
539 1031 664 1061 τοίνυν
694 1038 747 1061 τις
777 1027 872 1061 κατά
903 1039 987 1061 τινα
1018 1026 1071 1069 τῷ
1106 1022 1208 1069 νόμῳ
1239 1023 1425 1071 γνώριμον
1454 1024 1575 1058 αἰτίαν
1606 1022 1852 1068 ἐκποιήσειεν)
1877 1019 1992 1070 ἀγρὸν
2023 1020 2047 1067 ἢ
2069 1026 2203 1069 χωρίον
2223 1021 2247 1067 ἢ
2269 1020 2378 1079 γῇδια
2402 1019 2424 1066 ἢ

180 1071 376 1118 σύγκτησιν
399 1068 499 1115 ὅλην,
524 1072 602 1106 εἶτα
625 1070 837 1116 τελευτήσας
860 1068 1014 1118 ὕστερον
1037 1074 1210 1117 παραπέμ
1244 1084 1292 1104 ειε
1315 1070 1384 1114 τὴν
1409 1068 1520 1105 αὐτοῦ
1547 1073 1758 1115 περιουσίαν
1781 1070 1829 1103 εἰς
1853 1068 2043 1109 ἐξωτικούς
2058 1067 2081 1112 ἢ
2100 1066 2242 1111 παῖδας,
2266 1071 2424 1102 κακεῖνοι

179 1116 248 1151 τὸν
278 1116 360 1151 ἴσον
392 1117 530 1161 τρόπον
561 1117 793 1161 ἐκποιήσειαν
822 1118 884 1160 τῆς
907 1129 953 1152 πε
977 1119 1123 1155 ιουσίας,
1155 1108 1192 1159 ἧς
1240 1113 1434 1157 ιεδέξαντο,
1462 1118 1596 1160 χωρίον
1619 1112 1642 1158 ἢ
1668 1113 1783 1161 ἀγρὸν
1807 1110 1829 1158 ἢ
1850 1112 1960 1160 γήδια
1979 1112 2003 1170 ἢ
2025 1112 2223 1161 σύγκτησίν
2246 1127 2341 1156 τινα,
2362 1116 2423 1147 καὶ
2450 1118 2491 1152 15

179 1162 222 1196 τὸ
250 1161 351 1207 παραὶ
384 1163 461 1196 τῶν
494 1160 678 1205 διαδόχων
709 1163 909 1206 ἐκποιηθὲν
941 1174 989 1196 εις
1012 1158 1169 1209 ἀπορίαν
1193 1160 1314 1204 έλάση,
1347 1157 1443 1195 ὥστε
1466 1158 1589 1205 χώραν
1609 1160 1784 1206 γενέσθαι
1807 1161 1852 1206 τῇ
1876 1160 1954 1193 τῶν
1978 1158 2130 1207 απόρων
2154 1158 2317 1203 ἐπιβολὴ,
2341 1158 2424 1192 οὔτε

178 1203 254 1250 ἅμα
284 1208 377 1241 πᾶσι
403 1210 475 1241 τοῖς
504 1211 812 1253 προκτησαμένοις
842 1206 925 1242 οὔτε
956 1208 1057 1252 παρὰ
1085 1206 1155 1250 τὴν
1185 1207 1248 1250 τῆς
1295 1204 1439 1249 ιαδοχῆς
1463 1206 1570 1246 τάξιν
1594 1205 1802 1251 ἐπάγεσθαι
1824 1204 1867 1238 τὸ
1893 1202 2003 1248 βάρος
2026 1207 2087 1247 τῆς
2110 1206 2188 1238 τῶν
2211 1201 2276 1248 ὁμο
2302 1202 2424 1238 ούλων

180 1250 332 1297 ἀπορίας
361 1251 559 1295 κελεύομεν,
590 1251 684 1286 ἀλλὰ
714 1252 894 1299 πρότερον
923 1254 991 1297 μὲν
1022 1251 1089 1286 τὸν
1118 1251 1218 1296 παρὰ
1249 1252 1327 1285 τῶν
1360 1252 1497 1285 ἐκείνου
1524 1248 1672 1285 παίδων
1692 1247 1715 1293 ἢ
1741 1247 1926 1291 διαδόχων
1949 1249 2136 1290 ἐξαιτικιῦν
2158 1251 2268 1284 τοῦτο
2291 1248 2423 1292 κτησά-

178 1310 301 1340 μενον,
325 1293 348 1330 δ
370 1298 439 1331 νῦν
463 1298 510 1331 εἰς
531 1293 689 1343 ἀπορίαν
713 1296 834 1341 ἤλασε,
859 1301 919 1331 καὶ
937 1297 1007 1341 τὴν
1031 1295 1204 1338 ἀκίνητον
1227 1294 1337 1330 αὐτοῦ
1363 1299 1575 1342 περιουσίαν
1597 1295 1665 1337 τὴν
1683 1294 1858 1339 επιβολὴν
1875 1293 2058 1337 δέχεσθαι,
2084 1291 2222 1342 οἷπόρου
2239 1292 2278 1329 δὲ
2294 1295 2422 1329 τούτου

179 1344 354 1388 φανέντος
385 1344 446 1375 καὶ
476 1343 538 1384 τῆς
561 1341 666 1386 οὔσης
698 1342 798 1386 αὐτῷ
828 1343 985 1386 κτήσεως
1016 1344 1077 1378 ἐπὶ
1106 1342 1187 1376 τοὺς
1215 1342 1262 1376 εἰς
1294 1338 1409 1375 αὐτὸν
1430 1343 1748 1387 παραπέμψαντας
1772 1341 1951 1385 φέρεσθαι
1974 1340 2017 1374 τὸ
2042 1338 2164 1386 βάρος.
2211 1340 2242 1374 εἰ
2271 1338 2310 1374 δὲ
2332 1337 2423 1383 μηδὲ
2448 1344 2490 1377 20

180 1386 219 1420 αἱ
249 1384 394 1421 τούτων
425 1386 564 1430 κτήσεις
595 1387 685 1433 πρὸς
708 1388 776 1432 τὴν
799 1386 978 1433 ἐπιφορὰν
1001 1389 1063 1431 τῆς
1087 1386 1290 1422 συντελείας
1314 1384 1504 1432 ἄρκέσωσι,
1528 1385 1614 1420 τότε
1634 1383 1773 1428 ταύτην
1791 1387 1852 1420 ἐπὶ
1875 1384 1944 1419 τὸν
1967 1387 2116 1431 πρῶτον
2139 1385 2261 1429 κύριον
2283 1385 2352 1419 τὸν
2376 1385 2424 1418 εἰς

179 1431 262 1466 τοὺς
287 1429 419 1467 παῖδας
449 1429 473 1476 ἢ
504 1432 588 1467 τούς
613 1432 803 1474 ἐξωτικοὺς
831 1435 939 1468 τοῖτο
971 1435 1272 1487 παραπέμψαντα
1302 1431 1372 1486 την
1400 1430 1514 1476 ἀρχὴν
1545 1434 1605 1464 καὶ
1637 1430 1705 1474 τὴν
1735 1428 1908 1474 ἀκίνητον
1932 1431 2067 1464 ἐκείνου
2091 1431 2231 1474 κτὶσιν,
2260 1431 2292 1463 εἰ
2316 1431 2423 1464 τοῦτο

180 1476 318 1519 δέχοιτο
342 1474 364 1520 ἧ
389 1478 524 1512 ἐκείνου
549 1482 747 1524 περιουσία,
772 1480 974 1519 ἐπανιέναι,
1000 1477 1095 1512 οὕτω
1115 1491 1155 1512 τε
1174 1479 1212 1511 ἐκ
1233 1478 1297 1520 τῆς
1320 1475 1498 1511 απάντων
1523 1473 1677 1521 ἀπορίας
1700 1476 1747 1510 εἰς
1771 1476 1838 1509 τὸν
1862 1475 1962 1521 παρὰ
1986 1476 2051 1510 τοῦ
2076 1474 2223 1523 πρώτου
2243 1473 2424 1510 δεσπότου

179 1522 222 1556 τὸ
236 1563 246 1577 ²
254 1525 389 1575 χωρίον
420 1519 442 1564 ἢ
470 1523 539 1557 τὸν
562 1523 675 1570 ἀγρὸν
699 1521 721 1567 ἢ
745 1523 792 1578 τά
812 1522 920 1570 γήδια
944 1521 1272 1578 ὠνησάμενονὶτὴν
1294 1519 1408 1578 ἀρχὴν
1430 1519 1453 1565 ἢ
1477 1519 1572 1555 καθ’
1599 1519 1817 1564 οἱανδήποτε
1841 1517 1996 1576 νόμιμον
2021 1521 2143 1574 αἰτίαν
2162 1519 2422 1566 παρειληφότα.

865 1570 875 1581 2

179 1580 318 1601 ταυτον
350 1565 390 1601 δὲ
422 1565 470 1602 ἄν
501 1568 554 1612 εἴη
587 1567 714 1615 λεγειν,
746 1582 814 1603 καν
845 1582 875 1603 ει
906 1567 1038 1604 πολλαὶ
1066 1568 1201 1613 μεταξύ
1233 1579 1442 1610 τυγχανοιεν
1474 1564 1640 1609 διαδοχαὶ
1671 1558 1787 1600 οὖσαι.
1834 1567 1902 1600 ἕως
1930 1578 1998 1613 γαρ
2029 1579 2076 1600 αν
2108 1579 2129 1599 ο
2154 1569 2423 1612 προςεχέστερος
2447 1568 2490 1601 25

315 1659 400 1693 Νου.
424 1659 581 1694 CLXVI
607 1662 690 1694 inter
722 1661 829 1694 edicta
854 1662 965 1704 praefi
985 1667 1090 1703 praet.
1120 1661 1260 1703 primum
1289 1659 1462 1692 secundum
1492 1659 1628 1692 indicem
1660 1658 1834 1691 Marciani
1869 1658 1925 1701 (cf.
1955 1657 2055 1690 schol.
2080 1658 2128 1690 ad
2156 1669 2229 1690 nov.
2253 1656 2425 1697 CLXIII)

183 1703 309 1738 Graece
341 1711 463 1738 tantum
496 1712 584 1738 extat
614 1706 648 1739 in
675 1706 696 1738 l.
720 1718 793 1749 cap.
809 1706 835 1739 I
862 1713 893 1739 et
924 1706 1070 1749 epiloqus
1084 1706 1156 1748 fuit
1179 1706 1212 1738 in
1238 1705 1274 1737 B
1291 1705 1345 1746 56,
1358 1711 1433 1744 20,1
1458 1705 1630 1737 secundum
1657 1703 1771 1746 Tipue.
1797 1709 1827 1736 et
1850 1703 1917 1736 ind.
1941 1703 2093 1745 reqinae,
2124 1702 2208 1735 unde
2234 1702 2316 1734 libro
2341 1713 2426 1734 nunc

180 1750 345 1792 deperdito
377 1762 453 1783 usus
481 1751 531 1784 ed.
561 1751 714 1784 Cuiacius
738 1763 846 1794 expos.
865 1752 940 1785 136.
966 1768 1009 1774 —
1033 1751 1125 1793 Epit.
1152 1762 1246 1782 anon.
1273 1749 1375 1782 Bodl.
1397 1750 1431 1782 in
1455 1749 1639 1782 collectione
1663 1749 1836 1781 edictorum
1861 1748 2103 1791 eparchicorum
2125 1747 2151 1780 Ι
2164 1759 2201 1790 p.
2218 1747 2284 1781 266
2308 1746 2424 1789 Zach„

169 1796 243 1837 fuit
274 1795 366 1838 apud
387 1795 510 1829 Theod.
530 1796 605 1838 166,
630 1796 691 1829 sed
708 1796 840 1829 rubrica
863 1802 985 1829 tantum
1009 1802 1039 1828 et
1062 1796 1227 1828 exordium
1244 1801 1428 1838 supersunt.

775 2017 880 2068 DE
919 2017 1137 2069 STERJ
1131 2017 1218 2068 LI
1218 1948 1505 2067 [CZPIVZDI
1499 2014 1676 2067 EOTJ
1676 2015 1826 2067 ΘΝΕ.

180 2106 331 2143 Flavius
354 2106 564 2143 Theodorus
587 2105 722 2142 Petrus
743 2106 1013 2148 Demosthenes,
1044 2106 1421 2153 maqnificentissimus
1437 2116 1534 2151 prae
1555 2109 1655 2141 ectus
1677 2115 1867 2140 sacrorum
1892 2105 2170 2152 praetoriorum
2201 2107 2237 2140 et
2266 2113 2424 2151 exprae-

179 2153 279 2198 fecto
310 2152 435 2199 reqiae
466 2152 567 2188 urbis
597 2155 631 2187 et
663 2163 713 2188 ex
741 2152 905 2195 consule,
929 2151 1079 2187 Flavius
1101 2151 1274 2231 Fax-{ZZ-
1291 2150 1500 2242 eLtyIZlZpius
1549 2149 1727 2197 tephanus
1750 2149 1880 2185 Flavio
1907 2148 2074 2186 Ortalino
2106 2149 2309 2185 clarissimo
2339 2159 2424 2185 con-

317 2264 587 2310 Praefatio.
635 2264 723 2300 Cum
758 2266 926 2311 oporteat
959 2263 1100 2310 leqibus
1133 2267 1171 2299 et
1195 2264 1409 2315 praeceptis
1446 2266 1656 2299 nostrarum
1694 2261 1832 2298 sedium
1868 2262 1956 2298 bene
1983 2261 2171 2305 ordinata,
2210 2263 2246 2298 si
2273 2262 2422 2309 quando

182 2320 325 2346 necesse
356 2310 422 2351 sit,
454 2309 607 2344 subditis
636 2309 894 2354 manifestiora
925 2309 1089 2351 reddere,
1115 2319 1161 2344 ne
1191 2308 1269 2344 ulla
1299 2319 1352 2344 eis
1383 2312 1558 2343 nascatur
1588 2308 1751 2353 quaestio
1783 2318 1863 2342 cum
1886 2307 1931 2342 de
1954 2307 2038 2343 aliis
2069 2311 2142 2343 tum
2174 2307 2220 2343 de
2247 2307 2424 2343 sterilium

182 2355 455 2396 adiectionibus,
488 2355 660 2399 quoniam
689 2354 754 2388 alii
781 2357 927 2390 censent
957 2355 1020 2396 eis,
1053 2353 1117 2399 qui
1148 2364 1198 2389 ex
1228 2352 1351 2389 eadem
1375 2353 1578 2389 substantia
1595 2353 1739 2397 fertilia
1761 2353 2002 2399 possederint,
2020 2353 2261 2398 propioribus
2283 2356 2318 2387 et
2341 2363 2425 2388 con-

184 2400 295 2446 tiquis
323 2410 386 2436 eas
416 2399 625 2434 adiciendos
656 2409 751 2440 esse,
783 2398 847 2434 alii
873 2409 956 2434 vero
988 2398 1038 2434 ad
1066 2399 1276 2444 superiores
1303 2402 1338 2433 et
1369 2398 1594 2443 antiquiores
1615 2408 1811 2434 conservas
1828 2398 2079 2444 possessiones
2102 2397 2324 2433 redeundum
2347 2407 2425 2432 esse

181 2447 326 2490 urqent,
358 2444 423 2479 alii
454 2444 608 2489 denique
639 2443 688 2479 ad
711 2447 860 2479 cunctos
882 2443 1000 2486 simul,
1032 2443 1095 2489 qui
1118 2446 1202 2479 ante
1223 2442 1463 2490 possederint,
1486 2443 1564 2478 sine
1584 2441 1791 2477 discrimine
1814 2442 1978 2477 veniunt:
2001 2443 2017 2477 i
2041 2442 2092 2477 sis
2115 2453 2182 2477 nos
2204 2441 2313 2477 rebus
2334 2442 2425 2477 moti

183 2490 232 2525 ad
254 2492 391 2526 rectam
414 2493 450 2524 et
472 2489 604 2523 iustam
627 2489 704 2524 eius
723 2489 778 2523 rei
801 2488 1015 2524 decisionem
1031 2489 1227 2535 pervenire
1250 2487 1439 2530 voluimus,
1465 2487 1567 2522 clara
1591 2487 1680 2522 haec
1702 2497 1746 2522 ac
1769 2486 1940 2522 distincta
1963 2454 2116 2522 subjditis
2138 2486 2339 2522 reddentes.

318 2534 345 2569 Ι.
393 2534 435 2569 Si
464 2534 545 2579 quis
575 2534 687 2579 iqitur
718 2533 863 2579 quando
893 2543 943 2569 ex
973 2543 1084 2568 causa
1115 2533 1253 2579 leqibus
1277 2533 1424 2578 coqnita
1455 2532 1667 2568 alienaverit
1697 2543 1826 2578 aqrum
1857 2531 1914 2567 vel
1928 2532 2124 2578 praedium
2147 2532 2205 2567 vel
2227 2536 2345 2567 terras
2367 2532 2426 2568 vel

183 2579 412 2626 complexum
429 2580 703 2625 possessionum
727 2582 852 2620 totum,
873 2582 908 2613 et
922 2581 1056 2624 postea
1080 2578 1237 2613 moriens
1259 2577 1496 2614 substantiam
1520 2587 1623 2624 suam
1646 2576 1695 2612 ad
1718 2581 1914 2612 eaetraneos
1937 2577 1993 2612 vel
2015 2577 2148 2612 liberos
2171 2578 2424 2620 transmiserit,

182 2625 308 2670 illique
333 2625 424 2671 pari
452 2623 559 2659 modo
583 2634 632 2659 ex
655 2623 869 2665 substantia,
901 2623 940 2657 in
964 2633 1072 2669 quam
1095 2626 1354 2665 successerunt,
1405 2622 1533 2657 raedia
1557 2621 1613 2657 vel
1635 2625 1754 2657 terras
1775 2621 1832 2658 vel
1855 2632 1985 2667 aqrum
2009 2622 2066 2658 vel
2084 2621 2314 2668 complexum
2330 2632 2422 2675 pos-

183 2670 382 2704 sessionum
416 2669 573 2714 aliquem
596 2668 845 2710 alienaverint,
869 2671 903 2703 et
925 2667 975 2710 id,
1006 2667 1106 2713 quod
1127 2678 1151 2702 a
1173 2667 1373 2703 successori
1396 2678 1440 2702 us
1464 2667 1660 2702 alienatum
1679 2670 1743 2709 est,
1767 2665 1818 2702 ad
1838 2667 2066 2702 sterilitatem
2090 2667 2277 2713 delapsum
2306 2672 2355 2702 sit
2383 2670 2424 2702 ut

182 2714 357 2750 sterilium
380 2713 578 2749 adiectioni
593 2713 695 2748 locus
717 2714 776 2756 sit,
799 2723 915 2758 neque
934 2711 1042 2747 simul
1065 2712 1229 2748 omnibus
1277 2713 1315 2747 ui
1337 2716 1421 2747 ante
1438 2711 1695 2757 possederunt,
1719 2722 1835 2757 neque
1858 2715 1986 2747 contra
2008 2711 2169 2747 ordinem
2184 2712 2424 2747 successionis

185 2770 278 2794 onus
299 2758 504 2795 sterilitatis
528 2768 783 2794 conservorum
797 2756 1036 2804 praediorum
1060 2757 1196 2802 imponi
1219 2757 1257 2792 iu
1282 2768 1391 2800 emus,
1415 2756 1480 2791 sed
1495 2756 1606 2802 prius
1628 2767 1708 2792 eum
1729 2757 1793 2802 qui
1815 2756 1866 2799 id,
1890 2756 1990 2803 quod
2011 2767 2108 2792 nunc
2131 2755 2182 2792 ad
2195 2757 2422 2792 sterilitatem

183 2804 371 2839 redactum
406 2807 476 2845 est,
512 2802 556 2838 ab
586 2803 685 2838 illius
716 2802 838 2838 liberis
868 2806 933 2838 aut
962 2802 1150 2838 extraneis
1180 2802 1446 2838 successoribus
1477 2801 1736 2847 acquisiverat,
1772 2804 1806 2837 et
1836 2801 2051 2837 immobilem
2081 2802 2159 2837 eius
2184 2801 2423 2838 substantiam

184 2848 420 2885 adiectionem
443 2849 626 2894 suscipere
633 2860 649 2889 ;
679 2848 713 2883 si
734 2858 818 2884 vero
842 2848 874 2883 is
896 2847 1005 2892 inops
1024 2851 1206 2893 appareat
1226 2852 1262 2882 et
1285 2857 1378 2893 quae
1401 2847 1436 2881 ei
1457 2849 1511 2881 est
1526 2846 1723 2892 possessio,
1748 2856 1840 2881 onus
1860 2846 1910 2881 ad
1931 2857 1993 2882 eos
2016 2846 2225 2892 transferri,
2249 2847 2314 2892 qui
2331 2846 2425 2882 illud

184 2893 234 2928 ad
256 2904 336 2929 eum
360 2894 637 2928 transmiserant
644 2905 659 2934 ;
682 2893 740 2927 sin
764 2896 884 2928 autem
908 2902 952 2927 ne
973 2891 1100 2926 horum
1121 2890 1263 2937 quidem
1281 2890 1532 2937 possessiones
1555 2890 1605 2926 ad
1627 2890 1837 2926 inlationem
1861 2891 2137 2927 contributionis
2160 2891 2314 2933 valeant,
2337 2896 2424 2927 tunc

183 2949 263 2973 eam
286 2938 336 2973 ad
356 2939 514 2984 primum
538 2937 732 2978 dominum,
757 2937 820 2982 qui
843 2936 935 2971 illud
957 2937 1062 2971 initio
1086 2938 1136 2971 ad
1153 2935 1283 2971 liberos
1300 2941 1365 2971 aut
1379 2939 1577 2971 extraneos
1592 2935 1854 2978 transmiserat,
1873 2940 1909 2972 et
1922 2936 2134 2972 immobilem
2146 2937 2422 2982 possessionem,

183 2984 217 3017 si
247 2983 315 3016 ltoc
344 2983 522 3017 sustineat
546 2983 624 3017 eius
653 2981 873 3023 substantia,
904 2981 1041 3022 redire,
1073 2984 1109 3016 et
1138 2981 1191 3016 sic
1220 2980 1374 3027 denique
1403 2990 1453 3015 ex
1477 2980 1634 3016 omnium
1658 2981 1783 3027 inopia
1806 2980 1856 3016 ad
1877 2991 1971 3024 eum,
2001 2981 2065 3027 qui
2088 2992 2112 3017 a
2123 2982 2250 3027 primo
2274 2981 2421 3016 domino

178 3026 374 3073 praedium
405 3026 463 3063 vel
490 3036 620 3072 aqrum
651 3026 708 3061 vel
737 3029 856 3061 terras
879 3026 983 3061 initio
1011 3025 1097 3061 emit
1119 3029 1184 3061 aut
1207 3031 1333 3072 quavis
1351 3025 1511 3071 leqitima
1533 3026 1676 3061 ratione
1698 3026 1847 3072 accepit.
1895 3024 1998 3061 Idem
2020 3036 2105 3062 vero
2128 3025 2319 3062 dicendum
2341 3026 2421 3068 erit,

230 3186 251 3218 2
283 3186 371 3217 rubr.
396 3185 479 3228 περὶ
510 3180 695 3226 ἐπιβολῶν
720 3183 732 3214 l
755 3183 821 3216 ind.
847 3183 891 3225 L,
923 3178 1061 3216 ἴδικτον
1084 3185 1167 3230 περὶ
1191 3183 1266 3217 ἐπι-

184 3228 307 3273 βολῶν
326 3230 392 3262 ind.
419 3229 469 3270 M,
501 3230 584 3273 περὶ
615 3224 800 3270 ἐπιβολῶν
830 3224 985 3272 ἀπόρων
1016 3224 1038 3268 ἦ
1063 3223 1129 3270 ὅλη
1153 3225 1266 3272 νεαρά

185 3275 253 3309 ind.
281 3274 380 3307 Coisl.
405 3274 488 3316 περὶ
514 3268 668 3316 ἀπόρων
691 3269 859 3315 ἐπιβολῆς
880 3275 946 3307 ind.
972 3285 1039 3314 req.
1063 3270 1175 3307 τύπος
1199 3275 1268 3315 Δη-

184 3317 387 3363 μοσθένους
421 3319 505 3362 περὶ
540 3315 710 3361 ἐπιβολῆς
747 3313 902 3362 ἀπόρων
939 3309 1100 3361 (ἀνδρῶν
1131 3319 1201 3351 cod.
1235 3320 1269 3351 in

186 3366 269 3405 ind.)
295 3376 391 3397 anon.
417 3363 531 3404 Boon„
558 3360 696 3408 γενικὰς
726 3359 838 3395 τύπος
861 3364 944 3405 περὶ
968 3358 1124 3406 ἀπόρων
1147 3364 1268 3406 ἐπιβο-

185 3407 246 3451 λῆς
277 3405 482 3452 (ἐπιβουλῆς
504 3409 587 3449 cod.)
616 3409 762 3452 γραφεὶς
784 3406 1015 3450 Δημοσθένει
1044 3408 1098 3450 τῷ
1130 3404 1269 3447 ἐνδοξο-

185 3451 288 3496 τάτῳ
310 3454 431 3487 Theod.
450 3453 463 3496 ΙΙ
491 3454 510 3486 3
535 3447 693 3507 ὕπαρχος
708 3453 730 3493 Ι,
746 3455 874 3486 correxi
898 3452 911 3496 ΙΙ
936 3455 1161 3497 πραιτορίων
1178 3454 1190 3486 l
1209 3453 1222 3497 ΙΙ
1248 3455 1269 3486 4

186 3496 362 3544 ὑπάρχων
380 3500 400 3539 Ι,
426 3499 553 3532 correxi
572 3497 584 3541 ΙΙ
611 3495 813 3540 οορταλίνω
833 3498 844 3530 l
868 3496 881 3542 ΙΙ
903 3498 922 3530 5
949 3495 1087 3530 λυδείας
1104 3500 1116 3532 l
1131 3498 1144 3542 ΙΙ
1167 3499 1187 3532 6
1212 3498 1268 3532 ἐπ.

238 3542 247 3552 “
283 3542 330 3577 τὰ
361 3545 434 3576 τοῖς
456 3542 533 3576 τῶν
556 3540 701 3587 χρόνων
725 3543 780 3576 cit.
807 3542 930 3577 Theod.
957 3543 1008 3575 hic
1033 3544 1181 3576 desinens
1207 3542 1220 3587 ΙΙ
1250 3545 1268 3576 7

186 3600 230 3622 το
257 3590 335 3622 add.
358 3588 538 3622 Heimbach
557 3589 606 3631 118
631 3589 704 3621 τοῖς
728 3582 839 3620 αὐτοῦ
861 3589 1096 3632 περιουσίαςῖ
1118 3589 1151 3622 in
1174 3595 1270 3630 textu,

188 3634 227 3666 ἐκ
257 3633 351 3676 τῆςῖ
374 3635 406 3667 in
431 3646 533 3677 marq.
558 3634 651 3676 siyno
680 3639 814 3676 utroque
842 3635 909 3666 loco
939 3634 1047 3676 posito
1078 3634 1271 3676 siqnisicans

189 3685 263 3712 ante
289 3674 399 3712 αὐτοῦ
425 3681 504 3713 haec
527 3680 624 3712 verba
650 3678 822 3712 inserenda
846 3689 923 3712 esse.
969 3678 1060 3711 Corr.
1083 3679 1271 3712 Zachariae

255 3744 307 3772 111.

1334 3170 1348 3217 ΙΙ
1366 3172 1604 3214 κτησαμένων
1620 3172 1642 3213 l,
1666 3184 1748 3205 corr.
1766 3171 1976 3216 Heimbachss
1995 3174 2016 3206 9
2039 3171 2114 3214 τὰς]
2138 3171 2186 3205 τὰ
2204 3173 2232 3206 l.-
2256 3173 2344 3216 quod
2389 3174 2426 3206 ui

1337 3218 1524 3260 defendunt,
1547 3215 1660 3261 (τὰς>
1684 3214 1922 3262 παλαιοτέρας
1946 3218 2040 3251 edere
2063 3219 2177 3252 debent
2206 3217 2218 3261 ΙΙ
2248 3219 2289 3251 12
2312 3185 2393 3250 καθ
2407 3235 2423 3242 -·

1337 3259 1488 3295 στάντες
1504 3262 1582 3295 add.
1599 3262 1780 3295 Heimbach
1798 3261 1810 3305 ΙΙ
1830 3263 1870 3296 13
1894 3261 2017 3295 εἴποτε
2041 3264 2104 3296 inc.
2121 3263 2157 3296 B
2184 3261 2198 3307 ῙΙ
2226 3261 2263 3295 εἴ
2282 3273 2424 3317 ποτε-,-

1337 3326 1561 3371 ἐκποιήσειεν
1585 3341 1643 3362 om.
1663 3330 1676 3362 l
1690 3329 1702 3373 ΙΙ
1723 3330 1764 3363 14
1787 3325 1986 3372 σύνκτησιν
2002 3330 2015 3363 l
2029 3330 2042 3374 ΙΙ
2060 3325 2182 3363 αύτῶν
2201 3329 2239 3372 ΙΙΙ
2260 3332 2302 3364 15
2325 3320 2379 3371 χω
2400 3331 2422 3369 Ι,

1336 3377 1451 3418 χωρία
1463 3375 1551 3418 vulq.
1567 3373 1580 3418 ss
1598 3369 1621 3416 ἢ
1640 3370 1755 3420 ἀγρὸν
1770 3370 1793 3416 ἢ
1808 3372 1916 3420 γήδια
1931 3376 1979 3417 Β,
1993 3388 2088 3409 anon.
2103 3375 2219 3415 Bodl]
2235 3371 2260 3416 ἢ
2274 3372 2382 3419 γήδια
2400 3372 2425 3417 ἢ

1337 3417 1453 3507 ἀγρῗῆ
1463 3418 1507 3498 '1ss
1522 3419 1732 3507 ἶῖἷτιῆἿιἝῖ
1734 3427 1806 3497 8ξῖ
1809 3419 1939 3498 ἶίἶῖῗ
1937 3444 1950 3498 ι’
1964 3420 2270 3509 13²”i’8‘B‘33‘ssl'1022'2
2289 3417 2423 3505 2¹¹3ssssss

1337 3475 1427 3585 ἵιῗτὲε
1444 3508 1500 3566 Ιβ
1530 3509 1542 3552 ΙΙ
1570 3476 1608 3543 ἕὶ
1636 3476 1821 3563 denegem?
1838 3510 1886 3551 B,
1911 3522 2006 3544 anon.
2034 3476 2150 3551 deiiyl]
2176 3489 2393 3565 ἄρκεσουσι]
2411 3509 2423 3554 ΙΙ

1339 3555 1410 3651 ἷξες
1423 3554 2007 3652 ”522320⁰}⁸<‘¹r¹5'1²11⁶}231¹{5z13³5?ssss
2024 3568 2090 3654 4⁰3}
2115 3554 2171 3633 fs?
2178 3554 2394 3634 lnffnffiossz‘i
2411 3556 2424 3643 ἦ

1338 3644 1679 3734 ’ἒῖῗτίταεηῗῃξὲᾱὲξ
1692 3655 1755 3723 τὲἰ
1769 3656 1848 3724 ἴων
1864 3645 1900 3678 Β
1915 3646 1928 3690 ss
1947 3647 1991 3680 24
2008 3646 2255 3688 ωνησαμένων
2271 3645 2283 3678 l
2299 3644 2313 3689 ΙΙ
2327 3642 2422 3678 οἱον-

2099 3747 2140 3781 95
