2580 4022
234 142 339 185 Nov.
360 141 569 184 CXLVIII
600 152 660 194 pr.
687 143 723 182 1.
745 141 770 179 2
1299 135 1385 183 722
2063 155 2123 185 m:
2150 154 2457 187 1NDULGENT1A

1295 284 1395 329 W&

526 359 704 413 ΠΕΡΙ
754 358 1278 413 ΣΥΓΧῼΡΗΣΕῼΣ
1326 359 1713 414 ΛΟΙΠΑΔΩΝ
1763 363 2159 417 ΔΗΜΟΣΙῼΝ.

1026 434 1230 483 <Ἶουστῖνος
1253 436 1461 484 Αἴγουστος
1485 437 1526 473 ἔδ
1527 454 1536 473 ι
1541 440 1660 484 κτον.)

361 504 664 559 <Προοίμιον.>
703 503 815 548 ’Όσην
851 509 934 549 περὶ
965 504 1011 540 τὰ
1040 505 1143 540 κοινοὶ
1175 506 1253 540 τῶν
1282 506 1511 552 πραγμάτων
1542 504 1654 542 εὐθὺς
1685 508 1724 541 ἐκ
1754 511 1956 553 προοιμίων
1984 509 2046 551 τῆς
2076 507 2244 555 ἡμετέρας
2274 507 2456 553 βανσιλείας

229 551 483 595 ἐποιησαμεθα
513 549 693 595 πρόνοιάν
723 563 763 584 τε
794 554 854 585 καὶ
883 548 1046 594 σπουδὴν
1076 551 1139 594 τῆς
1170 549 1440 596 παραδοθείσης
1470 549 1557 594 ἡμῖν
1587 553 1625 586 ἐκ
1659 553 1746 586 θεοῦ
1779 551 1958 587 πολιτείας
1988 551 2196 598 κηδόμενοι,
2233 554 2270 594 ἐξ
2302 553 2355 588 ὠν
2387 553 2454 596 ἤδη
2503 559 2522 590 5

228 594 464 640 πεπράχαμεν
497 595 657 641 φανερὸν
686 594 958 639 κατεστήσαμεν
982 592 1108 630 ἅπασι.
1155 595 1197 630 τὸ
1220 596 1290 642 γὰρ
1315 594 1489 640 δημόσιον
1510 599 1627 642 χρέεσι
1646 595 1787 631 πολλοῖς
1810 601 2187 643 καταπεφορτισμένον
2211 596 2372 644 εὑρόντες
2396 602 2455 631 καὶ

229 639 316 685 πρὸς
337 640 407 683 τὴν
431 639 586 683 ἐσχάτην
611 637 768 686 ἀπορίαν
789 639 923 675 ἐλάσαν
947 641 994 675 εἰς
1017 639 1164 674 ἑαυτοὺς
1187 637 1284 684 ἡμεῖς
1308 638 1559 684 ἀνεδεξάμεθα
1583 641 1625 676 τὸ
1650 640 1805 688 ὄφλημα,
1829 641 1960 687 βάρους
1980 655 2019 676 τε
2039 646 2098 676 καὶ
2115 641 2306 688 δυςχερείας
2324 642 2455 686 πολλῆς

228 684 500 725 ἀπαλλάξαντες
531 685 650 720 τοῦτο.
698 688 757 718 καὶ
787 685 830 719 τὸ
857 685 1119 731 στρατιωτικὸν
1143 683 1184 718 δὲ
1205 688 1410 732 παραρρυὲν
1434 684 1502 729 ἤδη
1526 688 1569 729 τῆ
1597 687 1673 721 τῶν
1697 684 1907 733 ἀναγκαίων
1940 683 2086 733 ἀπορίᾳ,
2119 685 2167 722 οὖς
2190 690 2233 722 τὸ
2258 687 2455 731 πολίτευμα

227 733 304 764 ταῖς
334 731 413 764 ταῖν
444 730 645 775 βαρβάρων
678 728 820 775 ἐφόδοις
853 743 893 764 τε
923 733 984 764 καὶ
1006 728 1214 775 ἐπιδρομαῖς
1239 728 1402 777 ἀμέτροις
1425 721 1765 775 καταβλάπτεσθαι,
1790 729 1883 765 καθ’
1910 728 1998 766 ὅσον
2020 735 2165 778 γέγονεν
2188 731 2273 776 ἡμῖν
2298 730 2455 767 δυνατὸν

227 775 290 818 τῆς
320 772 464 818 δεούσης
495 772 787 820 ἐπανορθώσεως
818 773 999 819 ἀξιοῦμεν.
1046 774 1142 818 πλὴν
1173 771 1254 809 ἀλλ’
1282 772 1345 809 οὐκ
1377 774 1458 821 ἄχρι
1482 777 1624 811 τούτων
1648 779 1706 809 καὶ
1730 775 1856 820 μόνων
1879 775 1954 811 δεῖν
1978 775 2156 822 ᾠήθημεν
2179 778 2247 821 τὴν
2271 780 2352 823 περὶ
2375 777 2456 811 τοὺς
2484 783 2523 814 10

227 817 403 863 ὑπηκόους
428 821 559 863 στῆναι
582 819 772 863 βοήθειαν,
798 818 889 854 ἀλλὰ
910 824 973 854 καί
993 831 1090 855 τινος
1114 818 1221 863 ἄλλης
1241 817 1463 864 μεταδοῦναι
1486 820 1752 867 φιλανθρώπου
1767 822 1911 867 γνώμης
1926 825 1998 856 τοῖς
2017 819 2203 857 ὑποτελέσι
2219 825 2457 867 νενομίκαμεν

226 865 355 910 χρῆναι
379 863 649 910 ἐλευθεροῦντες
674 863 803 900 αὐτοὺς
826 867 902 900 τῶν
925 863 1009 913 παρ’
1037 861 1160 899 αὐτῶν
1185 863 1431 910 ἐλλειμμάτων
1456 861 1701 912 ὄφειλομένων
1724 867 1778 909 τῷ
1799 864 1971 911 δημοσίῳ.

1241 954 1396 991 CAPUT
1420 955 1447 990 Ι.

362 1021 500 1065 Κοινὴν
531 1024 655 1057 τοίνυν
685 1025 745 1056 καὶ
776 1020 914 1064 ταύτην
943 1021 1049 1066 ἡμῶν
1080 1021 1149 1066 τὴν
1180 1019 1385 1068 εὐεργεσίαν
1418 1022 1465 1056 εἰς
1489 1018 1654 1056 ἅπαντας
1674 1024 1937 1058 ἐπεκτείνοντες
1960 1024 2211 1070 συγχωροῦμεν
2235 1025 2299 1058 τοῦ
2324 1021 2457 1070 προλα-

226 1064 358 1112 βόντος
377 1067 504 1110 χρόνου
526 1069 629 1113 μέχρι
652 1068 714 1110 τῆς
734 1069 878 1102 octavas
904 1065 1144 1110 ἐπινεμήσεως
1168 1071 1227 1101 καὶ
1252 1065 1360 1110 αὐτῆς
1384 1068 1447 1101 τοῦ
1472 1068 1667 1102 ἐνεστῶτος
1689 1066 1816 1101 κύκλου
1837 1067 1883 1102 τὰ
1905 1065 2120 1113 ὀφειλόμενα
2147 1067 2247 1112 παρὰ
2272 1069 2348 1103 τῶν
2371 1066 2457 1102 ὑπο-

227 1111 345 1147 τελῶν
376 1110 593 1156 ἐλλείμματα
622 1113 677 1154 τῷ
709 1110 879 1156 δημοσίῳ,
912 1115 971 1146 καὶ
999 1112 1223 1157 θεσπίζομεν
1246 1110 1424 1157 μηδεμίαν
1448 1111 1628 1157 εἵςπραξιν
1651 1113 1825 1154 γενέσθαι
1848 1114 1925 1147 τῶν
1950 1115 1989 1147 ἐν
2013 1111 2185 1148 λοιπάσιν
2209 1111 2455 1160 ὀφειλομένων
2483 1119 2521 1150 15

228 1156 310 1202 ἄχρι
340 1158 402 1212 τῆς
431 1157 612 1202 εἰρημένης
644 1154 894 1200 ἐπινεμήσεοις,
926 1157 997 1191 εἴτε
1028 1156 1096 1201 τὴν
1119 1157 1263 1204 γενικὴν
1287 1158 1358 1192 εἴτε
1380 1156 1448 1200 τὴν
1472 1155 1590 1199 ἱδικὴν
1614 1155 1799 1202 τράπεζαν
1822 1159 1884 1201 τῆς
1908 1159 1970 1201 σῆς
1994 1157 2225 1201 ἑνδοξότητος
2248 1159 2365 1192 ταῦτα
2389 1157 2455 1203 ὁρᾷ

227 1199 248 1245 ἢ
272 1201 340 1246 τὴν
364 1200 473 1246 αρχὴν
493 1202 570 1236 τῶν
594 1202 694 1247 παρὰ
714 1200 890 1248 Ἰλλυριοῖς
913 1201 1020 1247 ἱερῶν
1044 1206 1280 1248 πραιτωρίων
1303 1202 1326 1246 ἢ
1348 1203 1412 1236 τοῦ
1438 1200 1671 1242 ἑνδοξοτάτου
1692 1200 1945 1237 Ἰουστινιανοῦ
1971 1202 2126 1248 ἐπάρχου
2150 1204 2226 1237 τῶν
2243 1205 2303 1238 ἐπὶ
2320 1203 2456 1236 Μυσίας

226 1250 285 1281 καὶ
312 1246 473 1281 Σκυθίας
505 1248 779 1294 στρατιωτικῶν
810 1246 1022 1293 καταλόγων
1053 1245 1075 1290 ἢ
1098 1251 1157 1281 καὶ
1177 1248 1255 1282 τῶν
1279 1248 1397 1282 θείων
1420 1245 1525 1291 ἡμῶν
1548 1247 1751 1293 θησαυρῶν
1770 1245 1793 1290 ἢ
1811 1248 1874 1282 τοῦ
1900 1247 2097 1292 ἱερωτάτου
2121 1244 2226 1292 ἡμῶν
2249 1251 2409 1291 ταμιείου
2433 1245 2455 1289 ἢ

227 1293 291 1326 τοῦ
319 1292 423 1326 θείου
453 1295 690 1336 πατριμονίου
721 1288 743 1335 ἢ
774 1293 839 1327 τοῦ
865 1291 1248 1338 μεγαλοπρεπεστάτου
1271 1291 1496 1340 κουράτωρος
1519 1292 1595 1326 τῶν
1619 1292 1759 1326 οἰκιῶν·
1785 1288 1876 1326 ἀλλὰ
1902 1294 1978 1327 πᾶν
2002 1289 2090 1328 ὅσον
2114 1295 2153 1326 ἔν
2177 1306 2215 1327 τε
2239 1296 2372 1338 χρυσίῳ
2397 1294 2455 1326 καὶ

227 1333 367 1383 ἀργύρῳ
399 1340 459 1371 καὶ
489 1337 622 1383 ἑτέροις
654 1335 764 1371 εἴδεσι
794 1340 1105 1383 κεχρεωστημένον
1136 1338 1200 1381 εἴη,
1231 1339 1338 1372 τοῦτο
1370 1338 1461 1372 πᾶσι
1485 1339 1558 1371 τοῖς
1581 1335 1762 1383 ὀφείλουσι
1786 1338 2055 1383 συγχωρείσθω,
2080 1335 2174 1372 ὥστε
2198 1337 2282 1372 οὔτε
2303 1340 2456 1384 γεωργοὶ
2479 1343 2521 1375 20

227 1386 310 1422 οὔτε
338 1387 529 1432 μισθωταὶ
560 1385 644 1421 οὔτε
664 1388 880 1434 έμφυτευταὶ
903 1386 987 1422 οὔτε
1009 1388 1083 1433 μὴν
1105 1388 1142 1422 οἱ
1163 1390 1370 1432 κεκτημένοι
1393 1387 1723 1433 εἰςπραχθήσονται
1746 1387 1792 1423 τὰ
1815 1386 2034 1433 ὄφειλόμενα
2058 1390 2111 1432 τῷ
2135 1386 2295 1433 δημοσίῳ
2322 1386 2456 1432 ἐλλείμ-

376 1433 391 1440 ¹-
448 1431 463 1442 ὶΙ
1209 1430 1218 1443 >
1248 1434 1264 1441 —a
1362 1430 1370 1442 Ι

225 1445 323 1477 ματα
346 1445 416 1467 των
438 1445 520 1478 αχρι
543 1433 604 1475 τῆς
627 1433 809 1478 εἰρημένης
832 1434 1073 1478 ἐπινεμήσεως
1093 1436 1152 1467 καὶ
1177 1444 1283 1476 αυτης
1306 1446 1459 1478 χρονων.

1232 1522 1387 1559 CAPUT
1412 1522 1457 1558 11.

358 1588 587 1635 Ἑξαιροῦμεν
612 1588 651 1624 δὲ
673 1589 806 1633 ταύτης
829 1589 935 1635 ἡμῶν
958 1593 1019 1635 τῆς
1043 1589 1246 1637 φιλοτιμίας
1269 1589 1333 1625 τάς
1355 1604 1394 1625 τε
1418 1589 1679 1636 στρατιωτικὰς
1694 1594 1752 1624 καὶ
1771 1587 2019 1636 φοιδερατικάς
2038 1591 2288 1627 discussionem.
2326 1591 2457 1625 ταύτας

226 1635 293 1682 γὰρ
316 1636 393 1670 τῶν
416 1633 602 1670 ὑποτελῶν
626 1631 709 1668 οὐδὲ
731 1631 823 1670 ὅλως
847 1636 1113 1671 καθάπτεσθαι
1137 1639 1340 1680 συμβαίνει,
1365 1633 1447 1669 ἀλλ’
1474 1638 1623 1669 ἐκείνων
1643 1639 1702 1669 καὶ
1725 1634 1852 1680 μόνων
1876 1638 1952 1670 τῶν
1970 1637 2009 1670 ἐκ
2026 1638 2089 1671 τοῦ
2108 1634 2278 1679 δημοσίου
2290 1635 2455 1680 χρήματα

227 1681 516 1725 χορηγηθέντων,
548 1680 595 1714 εἰς
628 1678 747 1725 κέρδος
773 1693 812 1714 τε
842 1682 973 1715 οἰκεῖον
1005 1680 1306 1727 ἀπενεγκαμένων
1334 1680 1380 1715 τὰ
1412 1683 1483 1714 τοῖς
1507 1683 1778 1726 στρατιωτικοῖς
1801 1678 1984 1738 τάγμασιν
2007 1679 2030 1724 ἢ
2055 1680 2314 1727 φοιδερατικοῖς
2338 1679 2453 1715 έπιδο-
2480 1678 2520 1710 25

228 1724 347 1760 θέντα
378 1724 477 1771 παρὰ
509 1725 573 1758 τοῦ
606 1722 785 1768 δημοσίου.
833 1727 864 1759 εἰ
895 1724 934 1760 δὲ
964 1730 1027 1760 καί
1051 1739 1135 1760 τινα
1166 1725 1266 1772 παρὰ
1289 1728 1362 1760 τοῖς
1386 1724 1585 1771 λεγομένοις
1609 1722 1820 1760 ὕποδέκταις
1840 1740 1861 1769 η
1886 1722 2103 1769 άπαιτηταῖς
2126 1724 2149 1769 ἢ
2173 1724 2409 1771 ἐκλήπτορσιν
2432 1722 2456 1768 ἢ

227 1815 503 1894 ΑιῆΝουὲΟΟέζΙᾷ
514 1815 604 1849 VIII
621 1815 743 1850 Iustina·
767 1815 892 1850 Graece
911 1822 1031 1849 tantum
1055 1823 1142 1850 extat
1165 1817 1198 1850 in
1215 1815 1255 1849 M
1276 1816 1321 1859 (fi
1339 1817 1404 1850 410
1428 1817 1510 1850 inter
1533 1815 1654 1850 Iustini
1676 1816 1818 1850 novellas
1836 1816 1959 1858 prima)
1984 1822 2015 1850 et
2029 1816 2071 1849 L.
2085 1817 2231 1860 —Epii
2251 1816 2371 1849 Theod.
2392 1817 2456 1850 148

294 1873 347 1894 an.
413 1885 421 1902 ‚
460 1884 468 1893 .

229 1928 2162 1936 *Q*

506 2074 607 2127 DE
648 2074 1133 2127 INDULGE'NTIA
1181 2006 1649 2137 RL'XLLZIZORUM
1696 2075 2165 2128 PUBLICORUM.

1034 2164 1216 2212 <Iustinus
1238 2165 1424 2212 Auqustus
1447 2164 1629 2211 edictum.)

360 2232 627 2280 Praefatio.
674 2231 855 2276 Quantum
877 2232 1133 2314 providentiae
1164 2235 1198 2268 et
1228 2231 1342 2268 studii
1369 2232 1407 2267 in
1438 2243 1497 2269 res
1527 2242 1731 2268 communes
1753 2232 1873 2268 statim
1897 2244 1921 2269 a
1940 2233 2152 2279 primordiis
2175 2234 2316 2283 imperii
2339 2236 2456 2270 nostri

227 2279 491 2322 contulerimus,
525 2278 609 2313 dum
642 2278 799 2314 traditae
829 2289 875 2314 no
899 2278 932 2313 is
962 2289 984 2313 a
1015 2277 1082 2313 deo
1105 2278 1160 2314 rei
1187 2277 1327 2313 ublicae
1350 2287 1474 2312 curam
1497 2277 1716 2318 adhibemus,
1746 2288 1796 2313 ex
1818 2278 1864 2313 iis
1887 2289 1981 2324 quae
2003 2279 2074 2313 iam
2098 2279 2272 2324 ⁸cessimus
2295 2280 2458 2315 omnibus

225 2325 457 2371 manifestum
485 2323 650 2369 fecimus.
699 2323 843 2359 Fiscum
872 2323 965 2360 enim
989 2333 1068 2358 cum
1092 2334 1150 2358 mu
1168 2323 1214 2358 tis
1236 2322 1363 2358 debitis
1388 2326 1576 2358 oneratum
1599 2326 1634 2358 et
1656 2322 1706 2357 ad
1727 2326 1925 2359 extremam
1950 2323 2111 2369 inopiam
2134 2323 2302 2359 adactum
2325 2325 2457 2360 inveni-

225 2380 354 2412 remus,
378 2370 415 2404 in
436 2379 504 2404 nos
521 2369 621 2415 ipsos
644 2378 728 2404 aere
752 2368 868 2404 alieno
892 2371 1038 2414 recepto
1063 2378 1171 2404 onere
1194 2370 1303 2413 atque
1326 2366 1546 2412 difficultate
1569 2378 1702 2413 maqna
1726 2367 1962 2404 liberavimus.
2009 2368 2148 2403 Deinde
2170 2379 2244 2405 rem
2268 2369 2458 2405 militarem

225 2426 345 2451 rerum
375 2414 659 2449 necessariarum
686 2414 843 2460 penuria
874 2413 947 2448 iam
978 2412 1166 2459 dilapsam,
1197 2412 1250 2448 ita
1281 2415 1322 2448 ut
1344 2422 1402 2447 res
1423 2411 1570 2458 publica
1594 2412 1832 2448 barbarorum
1855 2412 2102 2449 invasionibus
2125 2413 2458 2460 irruptionibusque

225 2459 376 2505 infinitis
399 2458 696 2504 labefactaretur,
721 2458 845 2504 quoad
866 2459 944 2494 eius
964 2458 1093 2503 facere
1109 2457 1308 2504 potuimus,
1331 2456 1464 2493 idonea
1488 2457 1735 2493 emendatione
1758 2457 1962 2503 diqnamur.
1998 2456 2221 2504 Quamquam
2244 2469 2317 2493 non
2340 2458 2378 2493 in
2402 2458 2459 2493 his

227 2509 365 2541 tantum
398 2514 501 2550 opem
529 2502 695 2539 subiectis
724 2502 984 2549 praestandam
1007 2502 1198 2538 subsistere
1222 2504 1389 2548 oportere
1409 2502 1627 2549 putavimus,
1651 2502 1716 2538 sed
1737 2502 1842 2537 etiam
1867 2502 2018 2537 alterius
2041 2501 2226 2538 cuiusdam
2251 2503 2457 2539 clementiae

219 2549 423 2628 participes
442 2548 636 2593 faciendos
658 2547 836 2584 subiectos
859 2547 1031 2583 arbitrati
1051 2557 1185 2588 sumus,
1210 2552 1248 2582 ut
1272 2557 1333 2582 ecs
1357 2558 1381 2582 a
1403 2546 1554 2592 reliquis
1573 2547 1665 2592 fisco
1690 2546 1817 2582 debitis
1841 2546 2084 2582 liberaremus.

378 2620 387 2629 .
438 2592 626 2628 Commune
650 2593 763 2638 igitur
786 2592 853 2628 hoc
876 2603 1018 2638 quoque
1039 2591 1245 2636 beneficium
1263 2594 1426 2627 nostrum
1450 2592 1486 2627 in
1511 2602 1633 2627 omnes
1655 2591 1887 2627 extendentes
1905 2591 2098 2637 praeteriti
2122 2591 2292 2638 temporis
2314 2592 2456 2638 reliqua

225 2650 339 2685 usque
363 2637 412 2673 ad
434 2641 598 2674 octavam
621 2642 655 2673 et
679 2638 795 2683 ipsam
811 2638 1018 2684 praesentis
1042 2637 1135 2683 cycli
1154 2635 1384 2672 indictionem
1408 2648 1431 2671 a
1454 2636 1620 2672 subiectis
1640 2637 1731 2681 fisco
1756 2636 1875 2671 debita
1897 2637 2120 2679 remittimus,
2145 2641 2254 2682 atque
2275 2637 2457 2672 sancimus

225 2684 361 2719 nullam
381 2682 463 2727 fieri
485 2682 713 2718 exactionem
736 2693 860 2718 eorum
885 2693 977 2728 quae
1000 2682 1039 2717 in
1061 2681 1212 2728 reliquis
1234 2691 1346 2727 usque
1370 2681 1419 2716 ad
1441 2680 1548 2716 modo
1572 2680 1705 2716 dictam
1728 2681 1958 2716 indictionem
1991 2680 2175 2724 debentur,
2207 2681 2280 2717 sive
2302 2692 2454 2727 qenera-

226 2729 292 2764 lem
324 2728 399 2764 sive
430 2737 449 2762 s
475 2727 621 2763 ecialem
651 2737 808 2762 mensam
838 2727 980 2779 gloriae
1013 2730 1094 2762 tuae
1124 2729 1288 2772 spectant
1312 2726 1367 2761 vel
1386 2725 1658 2772 praefecturam
1681 2725 1780 2760 sacri
1802 2725 1904 2771 apud
1926 2723 2077 2771 Illyrios
2095 2726 2277 2771 praetorii
2300 2726 2355 2762 vel
2376 2726 2456 2772 qlo-

224 2773 415 2808 riosissimi
460 2772 635 2807 ustiniani
660 2772 842 2818 praefecti
874 2782 1105 2808 numerorum
1135 2770 1343 2806 militarium
1371 2771 1408 2806 in
1432 2770 1571 2806 Moesia
1595 2773 1630 2806 et
1652 2769 1804 2816 Scythia
1828 2769 1883 2805 vel
1905 2770 2012 2805 etiam
2035 2780 2224 2805 sacrorum
2248 2774 2456 2805 nostrorum

226 2817 476 2853 thesaurorum
506 2816 562 2852 vel
591 2816 808 2852 sanctissimi
838 2817 956 2852 nostri
984 2816 1120 2852 aerarii
1149 2815 1206 2852 vel
1233 2815 1331 2850 sacri
1353 2815 1571 2861 patrimonii
1601 2814 1657 2850 vel
1681 2814 2025 2859 maqnificentissimi
2047 2815 2238 2854 ,curatoris
2268 2814 2455 2849 domuum:

225 2873 346 2899 verum
376 2861 554 2907 quidquid
585 2866 656 2896 tam
687 2861 724 2895 in
748 2872 840 2897 auro
866 2872 973 2907 quam
992 2864 1146 2907 arqento
1170 2860 1321 2906 aliisque
1343 2860 1528 2906 speciebus
1550 2859 1704 2895 debitum
1727 2859 1843 2904 fuerit
1865 2858 1905 2893 id
1929 2869 2032 2895 omne
2056 2858 2216 2894 omnibus
2236 2858 2455 2895 debitoribus

225 2907 440 2948 remittatur,
473 2910 513 2941 ut
544 2916 659 2952 neque
689 2917 712 2940 a
741 2906 880 2942 colonis
910 2917 1024 2951 neque
1054 2917 1078 2941 a
1101 2905 1378 2941 conductoribus
1400 2915 1515 2956 neque
1538 2903 1582 2939 ab
1607 2903 1844 2950 emphyteutis
1867 2913 1981 2949 neque
2004 2903 2120 2949 maqis
2143 2914 2166 2939 a
2183 2903 2455 2949 possessoribus

225 2952 366 2997 reliqua
386 2951 477 2995 fisco
501 2950 621 2986 debita
638 2961 713 2997 pro
740 2955 900 2997 tempore
948 2950 1021 2986 uod
1042 2954 1096 2986 est
1118 2961 1231 3002 usque
1254 2949 1304 2985 ad
1323 2950 1548 2996 praedictam
1571 2948 1801 2984 indictionem
1825 2951 1860 2984 et
1882 2949 1998 2994 ipsam
2021 2949 2231 2994 exiqantur.

358 2996 405 3032 ΙΙ.
455 2994 672 3042 Excipimus
701 2999 820 3031 autem
852 2996 896 3031 ab
956 3006 999 3031 ac
1025 2995 1240 3031 liberalitate
1262 2998 1387 3030 nostra
1411 2994 1585 3029 militares
1606 2997 1642 3029 et
1663 2993 1936 3039 foederatorum
1957 2993 2208 3029 discussiones.
2256 2992 2338 3028 Hae
2361 2992 2455 3028 enim

224 3041 401 3078 subiectos
432 3041 576 3076 omnino
607 3050 680 3075 non
712 3041 914 3086 attinqunt,
945 3051 1067 3077 verum
1097 3040 1180 3075 illos
1207 3039 1307 3075 solos
1339 3040 1467 3085 quibus
1498 3049 1522 3073 a
1550 3038 1640 3082 fisco
1673 3038 1924 3085 suppeditatae
1954 3041 2038 3073 sunt
2063 3037 2243 3084 pecuniae
2273 3040 2310 3073 et
2332 3037 2396 3088 qui
2417 3037 2455 3071 in

226 3087 363 3122 lucrum
380 3096 454 3132 pro
481 3086 576 3121 rium
600 3089 854 3121 converterunt
877 3096 969 3131 quae
991 3084 1207 3120 militaribus
1230 3084 1287 3121 vel
1305 3083 1583 3130 foederatorum
1607 3082 1794 3119 ordinibus
1817 3082 1905 3118 data
1928 3086 2014 3118 sunt
2036 3093 2060 3118 a
2080 3082 2179 3127 fisco.
2215 3081 2288 3117 Sed
2309 3091 2340 3116 sz
2362 3092 2456 3126 quae

226 3132 332 3167 etiam
363 3096 479 3178 apud7
494 3141 556 3166 eos
585 3130 648 3176 qui
677 3129 849 3166 dicuntur
879 3133 1108 3176 susceptores
1139 3129 1196 3166 vel
1225 3132 1419 3165 exactores
1446 3128 1503 3164 vel
1532 3131 1741 3174 acceptores
1770 3128 1845 3164 sive
1876 3128 1914 3163 in
1945 3138 2037 3162 auro
2071 3127 2143 3164 sive
2166 3127 2204 3162 in
2227 3129 2379 3172 arqento
2402 3125 2458 3161 vel

272 3278 291 3310 2
317 3279 403 3310 rubr.
421 3277 508 3321 Περὶ
531 3272 784 3320 συγχωρήσεως
808 3272 994 3317 δημοσίων
1009 3276 1097 3318 Ath.,
1121 3277 1210 3320 Περὶ
1234 3272 1302 3307 λοι·
1375 3271 1506 3316 ταύτης
1530 3275 1561 3306 L
1579 3273 1591 3317 ΙΙ
1611 3275 1650 3308 16
1677 3269 1762 3318 ὃρᾶς
1787 3274 1832 3307 Μ
1842 3273 1854 3317 ΙΙ
1875 3276 1912 3307 17
1940 3273 2028 3314 τῶν]
2058 3271 2126 3314 τὴν
2152 3273 2180 3305 L
2200 3271 2212 3316 ΙΙ
2229 3270 2392 3318 ἰλλυρίοις
2412 3272 2454 3313 L,

227 3318 357 3354 πάδων
385 3322 504 3354 Theod.
534 3320 546 3364 11
577 3321 595 3354 3
621 3322 717 3354 inser.
745 3332 802 3353 om.
828 3321 912 3362 ML,
937 3321 1059 3354 inserui
1081 3333 1118 3354 ex
1143 3321 1217 3353 Ath.
1247 3319 1258 3362 ΙΙ
1284 3321 1305 3353 4
1376 3316 1562 3362 ἰλλυρικοῖς
1587 3319 1634 3352 Μ
1656 3318 1668 3362 ΙΙ
1702 3321 1740 3351 de
1772 3320 1829 3351 hoc
1858 3320 2026 3361 praefecto
2058 3320 2100 3361 cf.
2126 3330 2196 3350 nov.
2222 3318 2315 3350 XLI
2336 3325 2366 3350 et
2389 3317 2420 3349 L
2441 3315 2455 3359 ΙΙ

220 3361 309 3398 Ὅσα
334 3367 384 3399 cit.
412 3366 532 3398 Theod.
560 3364 571 3408 ΙΙ
605 3366 623 3398 7
655 3362 789 3397 ἐλάσαν
815 3365 872 3406 Μ]
897 3361 1056 3398 ἐλάσσαν
1079 3365 1122 3406 L,
1147 3362 1306 3397 ἐλασθὲν
1377 3364 1417 3396 18
1443 3362 1466 3405 ἢ
1489 3366 1549 3396 καὶ
1572 3363 1636 3396 τοῦ
1663 3361 1858 3407 ἱερωτάτου
1876 3364 1906 3395 L
1924 3362 1936 3406 ΙΙ
1957 3364 1996 3397 19
2021 3362 2146 3395 οἰκιῶν
2164 3364 2207 3395 Μ
2218 3361 2297 3401 (τὸν
2313 3359 2453 3414 κόζιητα

228 3422 295 3442 cum
322 3411 515 3443 Haloandro
540 3410 624 3452 vuly.
653 3408 665 3452 H
687 3410 706 3443 8
732 3410 915 3453 παραρυὲν
939 3409 1006 3452 Mn
1030 3410 1074 3454 τῇ
1100 3422 1157 3442 om.
1183 3410 1214 3442 L
1234 3409 1245 3452 ΙΙ
1264 3410 1304 3443 10
1374 3407 1451 3440 τῶν
1481 3407 1606 3441 οἰκιῶν
1629 3408 1732 3449 ΑιΙι.)]
1765 3408 1908 3441 οἰκείων
1935 3408 1964 3440 L
1991 3407 2002 3449 ΙΙ
2033 3409 2074 3441 20
2089 3420 2139 3450 sq,
2165 3402 2277 3439 *οὐδὲ
2292 3425 2312 3429 -
2328 3401 2412 3437 ουδὲ
2428 3423 2451 3428 -

227 3450 395 3496 ἠξιοῦμεν
420 3455 604 3487 Zachariae
619 3453 631 3497 ΙΙ
660 3451 754 3496 πλὴν
775 3452 815 3486 δὲ
838 3450 918 3487 ἀλλ’
946 3455 977 3487 L
995 3454 1007 3497 ΙΙ
1029 3457 1064 3488 11
1092 3450 1303 3499 φιλανθρώ-
1374 3448 1456 3484 οἶδὲ
1471 3453 1569 3495 MLn
1589 3454 1627 3487 21
1644 3452 1870 3496 μισθωτοὶΕ
1888 3452 1899 3495 ΙΙ
1918 3453 2089 3497 φυτευταὶ
2102 3452 2152 3484 La
2167 3450 2179 3494 ΙΙ
2199 3452 2240 3484 22
2253 3451 2312 3482 καὶ
2326 3462 2384 3481 om.
2398 3447 2453 3493 Lu

227 3509 295 3530 που
327 3495 547 3540 μεταδοῦναι
573 3499 603 3530 L
638 3497 650 3542 ΙΙ
682 3500 723 3532 12
757 3496 1064 3543 *ἐλευθεροῦντες]
1099 3497 1305 3543 ἐλευθέρους
1375 3498 1416 3530 23
1435 3496 1656 3530 ᾶὶςεαςείοηες
1672 3498 1702 3531 L
1721 3494 2027 3530 δυσκουσίοναςΜ
2040 3493 2272 3529 δισουεείονας
2287 3493 2360 3526 ΑεῘι.
2381 3495 2449 3527 cod.

228 3542 299 3574 ML
320 3540 484 3584 (ποιήσας
504 3550 578 3584 post
602 3539 761 3584 δημοσίῳ
788 3545 864 3577 add.
891 3557 958 3577 cum
984 3545 1180 3577 Haloandro
1204 3544 1303 3586 vuly.)
1374 3542 1417 3575 24
1440 3536 1568 3582 *άλλἿ
1593 3538 1617 3584 ἢ
1642 3543 1724 3583 ML,
1749 3540 1844 3584 πλὴν
1871 3542 2065 3584 Homberyk,
2090 3539 2122 3572 εἰ
2143 3536 2192 3582 μὴ
2221 3538 2450 3580 Osenbriiqqen

226 3582 238 3627 ΙΙ
261 3583 485 3629 ἐλειμμάτων
518 3588 561 3627 (et
591 3589 638 3620 sic
668 3589 810 3629 saepius)
845 3589 894 3629 M,
931 3585 1152 3632 έλλειμάτων
1185 3589 1227 3629 (et
1256 3589 1304 3621 sic
1372 3587 1428 3629 (cfi
1443 3588 1518 3628 720,
1531 3589 1580 3628 35)
1597 3587 1609 3630 ΙΙ
1628 3587 1669 3620 25
1693 3585 1944 3632 χορηγηθέντα
1968 3586 1998 3618 L
2016 3585 2029 3628 ΙΙ
2046 3583 2225 3618 ἐπιθέντα
2251 3582 2306 3614 Ma
2323 3581 2335 3626 ΙΙ
2354 3583 2395 3616 26
2420 3581 2451 3616 εἰ

224 3629 421 3671 plerumque)
446 3631 476 3663 L
496 3629 516 3680 ,ΙΙ
549 3632 589 3663 14
620 3632 771 3663 octausas
795 3633 837 3674 L,
873 3645 929 3665 om.
949 3633 995 3666 M
1018 3635 1051 3667 in
1084 3634 1143 3666 lac.
1171 3633 1302 3666 12—15
1374 3628 1414 3664 δὲ
1437 3633 1500 3664 καί
1521 3643 1604 3664 τινα
1626 3633 1655 3664 L
1680 3633 1767 3672 Am]
1792 3631 1958 3676 εἰρημένα
1982 3631 2044 3661 καί
2062 3638 2145 3661 τινα
2171 3626 2216 3659 Μ

228 3673 287 3708 liet.
315 3672 328 3717 fl
358 3674 607 3716 έπινεμησεως]
641 3676 661 3708 i.
688 3688 712 3708 e.
740 3688 835 3718 usque
869 3678 915 3709 ad
938 3678 1003 3710 kal.
1031 3678 1121 3719 Sept.
1149 3690 1178 3710 a.
1203 3678 1266 3711 560
1290 3675 1301 3721 Η
