2618 4010
286 148 394 192 Nov.
426 147 653 191 LXXXIX
682 149 792 190 4-6
1351 143 1379 191 4

285 259 332 293 εἰς
354 257 423 300 τὴν
447 258 597 292 ἐκείνων
615 252 805 310 ἓιαδοχήν,
835 255 905 299 τὴν
928 255 1011 298 ἴσην
1033 258 1093 290 καὶ
1118 252 1218 300 αὐτῷ
1243 254 1365 291 διδόν-

285 313 341 337 τες
364 305 577 346 προνομίαν,
601 312 690 336 ωςτε
714 299 886 346 καθάπερ
910 297 1017 335 αὐτὸς
1039 302 1184 335 ἐκείνοις
1206 299 1248 335 οὐ
1272 307 1364 348 γίνε-

285 359 345 381 ται
369 344 548 389 διάδοχος,
573 343 670 381 οὕτω
687 343 778 391 μηδὲ
793 347 944 381 ἐκείνους
967 346 1015 380 εἰς
1035 345 1102 388 τὴν
1120 343 1230 380 αὐτοῦ
1251 345 1365 381 καλεῖ-

1410 143 1438 191 4
1889 160 2050 199 anus
2079 158 2215 191 uoms
2242 157 2507 191 mmmm

1434 257 1531 301 pium
1552 255 1598 292 ad
1618 256 1761 292 illorum
1780 251 2222 304 successionemaequum
2242 258 2348 297 etiam
2367 257 2400 293 si
2419 257 2507 294 dan·
2539 248 2541 251 ¹

1433 306 1488 336 tes
1514 301 1749 346 privilegium,
1774 304 1814 337 ut
1845 305 1939 338 sieut
1961 313 2027 340 nec
2054 305 2123 340 illis
2152 304 2193 338 fit
2219 303 2288 338 iste
2310 311 2507 346 successor,

1434 356 1502 381 nec
1535 346 1588 381 illi
1618 347 1664 382 ad
1696 346 1774 382 eius
1806 350 1976 383 vocentur
2006 350 2287 390 successionem,
2319 347 2389 383 nisi
2417 348 2508 383 forte

284 391 378 444 σθαι
394 389 580 446 «ξιαὸοχήν,
605 390 703 435 πλὴν
724 391 755 425 εἰ
773 390 824 436 μὴ
844 390 1014 438 γράψειεν
1038 388 1061 433 ἢ
1075 387 1193 443 ,αὐτὸς
1216 392 1369 426 ἐκείνους
1437 390 1622 435 scripserit
1651 395 1714 426 aut
1736 391 1814 436 ipse
1835 391 1916 428 illos
1946 397 2009 429 aut
2037 394 2083 430 ab
2105 395 2174 430 illis
2198 394 2386 429 scribatur.
2434 392 2508 427 Soli

284 449 306 479 η
325 448 400 481 παρ
425 437 585 490 ’ἐκείνων
606 439 772 483 γραφείη.
818 436 922 480 μόνῳ
945 435 1016 482 γὰρ
1039 447 1091 489 τιῳ
1116 438 1229 481 πατρὶ
1251 440 1371 483 γίνον·
1407 439 1427 471 5
1441 436 1533 471 enim
1557 435 1651 480 patri
1673 435 1766 472 finnt
1786 436 1929 482 legitimi
1958 440 1996 474 et
2025 439 2166 485 cognati
2199 449 2279 476 esse
2302 437 2507 474 creduntur.

285 493 347 515 ται
367 492 509 527 γνησιοι
530 484 590 516 καὶ
616 483 797 528 συγγενεῖς
820 480 913 515 εἶναι
937 491 1179 516 πιστευονται.

1294 569 1450 606 CAPUT
1471 569 1513 606 V.

344 637 626 682 Νομοθετητέον
649 636 690 673 δὲ
713 641 806 673 τίνες
834 640 908 673 τοῖς
938 633 1037 673 οὕτω
1058 639 1262 692 γενομένοις
1284 651 1368 684 γνη-

287 684 376 716 σίοις
400 679 664 718 ἀποτελοῦνται
688 680 858 726 διάδοχοι.
903 683 936 717 εἴ
950 684 1019 727 μὲν
1033 696 1104 737 γαρ
1119 686 1221 735 ,σχοίη
1237 681 1370 718 παῖδας

1493 637 1587 683 Ergo
1613 636 1841 673 sanciendum
1865 639 1930 679 est,
1963 638 2023 683 qni
2045 637 2150 674 factis
2172 639 2224 675 ita
2245 639 2408 684 legitimis
2430 638 2510 674 effi-

1439 683 1579 718 ciantur
1604 693 1841 718 successores.
1890 683 1929 718 Si
1960 682 2099 728 quidem
2130 683 2296 720 habuerit
2325 684 2418 719 filios
2450 683 2511 729 qui

286 725 307 760 ὁ
332 729 490 781 ‘rocci-nos
513 726 537 772 ἢ
561 728 724 775 ἐγγόνους
748 726 822 763 ἀπὸ
847 732 1010 779 γνησίων
1038 740 1135 770 αυτῳ
1160 731 1369 775 γενομένους
1437 728 1519 763 talis
1553 732 1610 763 est
1643 731 1707 763 aut
1742 731 1890 780 nepotes
1925 728 1970 764 de
2002 727 2166 772 legitimis
2200 729 2268 765 sibi
2303 736 2510 775 procreatos

286 785 466 819 γαμετων,
486 776 546 807 καὶ
563 773 711 808 εἰκότως
727 777 786 808 καὶ
803 773 996 818 βουλευτὰς
1011 773 1259 814 καθεστῶτας,
1276 771 1366 809 πάν·
1383 776 1423 809 10
1437 773 1619 815 uxoribus,
1652 776 1687 808 et
1710 776 1836 808 merito
1868 773 1974 808 etiam
1999 772 2150 808 curiales
2181 774 2404 814 constitutos,
2436 784 2509 809 mo-

286 828 359 851 τως
383 814 497 852 αὐτὸν
521 816 837 861 διαδεχέσθωσαν·
863 822 902 852 τί
921 817 992 865 γὰρ
1012 817 1261 864 νομιμώτερον
1284 831 1366 865 γνη-

288 866 366 896 σίου
390 861 520 898 παιδὸς
550 864 641 910 πρὸς
664 863 842 910 πατρῴαν
867 861 1063 906 διαδοχὴν;
1097 864 1128 896 εἰ
1153 861 1195 897 δι’
1222 877 1262 911 γε
1286 867 1367 898 παῖ-

288 904 352 942 δας
381 909 455 950 ἔχοι
485 908 534 952 μὴ
565 907 760 953 βουλευτὰς
789 906 986 951 ὁτεδηποτε
1015 911 1225 955 γενομένους
1255 908 1368 952 αὐτῷ,

287 954 486 996 τηνικαῦτα
516 954 560 988 τὸ
574 953 737 1009 ’νόμιμον
766 957 898 999 μέτρον
929 954 977 987 εἰς
999 953 1068 998 τὴν
1091 951 1227 998 βουλήν
1251 968 1289 989 τε
1310 957 1369 988 καὶ

1437 818 1491 854 dis
1523 818 1688 854 omnibus
1724 818 1757 853 ei
1788 818 1999 854 succedant:
2037 817 2120 863 quid
2151 818 2243 854 enim
2273 818 2420 863 legalius
2456 821 2512 854 est

1436 864 1582 944 groprio
1616 863 1690 898 filio
1728 862 1775 898 ad
1808 865 1995 908 paternam
2026 862 2310 899 successionem?
2356 864 2395 899 Si
2425 874 2509 899 vero

1463 909 1528 945 lios
1553 908 1719 944 habuerit
1740 919 1813 944 non
1837 908 1987 944 curiales
2021 908 2233 953 quandoque
2255 908 2323 944 sibi
2345 909 2509 953 progeni-

1438 957 1511 996 tos,
1542 956 1630 989 tunc
1652 953 1808 998 legitima
1837 963 2004 989 mensura
2027 953 2145 988 veniat
2172 952 2217 988 ad
2241 952 2366 989 fiscum
2387 956 2424 989 et
2447 964 2510 989 cu·

288 998 331 1032 τὸ
358 996 533 1043 δημόσιον
563 999 806 1044 αφικνείσθω,
838 997 880 1033 τὸ
904 997 1035 1034 λοιπὸν
1067 996 1107 1032 δὲ
1130 995 1219 1034 ὅσον
1239 997 1284 1033 ιῗν
1315 999 1367 1042 εἴη
1384 1003 1424 1034 15
1438 1001 1537 1042 riam,
1567 999 1706 1043 reliqua
1730 1009 1823 1042 vero,
1855 1000 2111 1044 quantumcum
2136 1008 2180 1034 ue
2202 997 2326 1038 fuerit.
2358 998 2404 1034 ad
2431 998 2510 1034 illos

288 1043 336 1077 εἰς
360 1045 511 1077 ἐκείνους
534 1044 617 1078 τοὺς
639 1042 770 1079 παῖδας
800 1043 882 1078 τοὺς
910 1043 959 1088 μὴ
983 1041 1218 1088 βουλεύοντας
1242 1042 1366 1088 ἡκέτω.

288 1089 320 1122 εἰ
351 1086 390 1122 δὲ
420 1086 584 1123 καθόλου
617 1087 772 1133 μηδεμία
807 1101 859 1124 τις
888 1086 988 1132 αὐτῷ
1020 1087 1240 1132 καθεστήκοι
1268 1087 1367 1137 γονή.

288 1131 508 1177 τελευτήσειε
533 1132 572 1168 δὲ
591 1131 796 1176 ἀδιάθετος,
820 1134 862 1169 τὸ
884 1136 950 1176 μὲν
970 1133 1203 1182 ἐνναούγκιον
1219 1132 1240 1178 ἡ
1255 1134 1367 1179 βουλὴ

289 1181 348 1211 καὶ
371 1178 426 1233 τὸ(
441 1176 617 1223 δημόσιον
641 1182 822 1223 ἐχέτωσαν
853 1179 945 1214 κατὰ
974 1179 1017 1214 τὸ
1042 1177 1171 1225 πρώην
1194 1178 1237 1223 δὴ
1261 1181 1368 1214 τοῦτο

1438 1045 1530 1080 filios
1556 1044 1616 1089 qui
1641 1043 1794 1079 curiales
1818 1055 1890 1080 non
1921 1047 2005 1079 sunt
2028 1054 2092 1079 acc
2138 1045 2186 1078 at.
2236 1043 2274 1079 Si
2297 1053 2379 1078 vero
2406 1043 2511 1078 etiam

1436 1089 1650 1134 generaliter
1672 1089 1772 1124 nulla
1790 1089 1823 1125 ei
1844 1089 1890 1124 sit
1910 1089 2041 1134 proles,
2065 1093 2100 1124 et
2119 1088 2292 1124 moriatur
2311 1088 2510 1132 intestatus,

1437 1145 1562 1170 novem
1585 1134 1727 1179 quidem
1750 1135 1874 1170 uncias
1899 1134 1999 1169 curia
2030 1136 2068 1169 et
2089 1133 2198 1169 fiscus
2223 1134 2353 1169 habeat
2385 1142 2511 1169 secun-

1437 1180 1519 1215 dum
1556 1179 1650 1225 quod
1686 1180 1818 1216 dudum
1854 1180 2029 1215 sancitum
2064 1189 2086 1214 a
2120 1178 2223 1214 nobis
2258 1182 2330 1220 est,
2364 1178 2400 1213 in
2431 1178 2512 1213 reli-

289 1235 365 1267 παρ
381 1265 389 1277 '
408 1225 512 1267 ημῶν
543 1225 888 1269 νενομοθετημένον,
923 1225 971 1259 εἰς
1005 1222 1044 1259 δὲ
1078 1225 1119 1260 τὸ
1153 1224 1369 1270 λειπόμενον
1383 1228 1423 1261 20
1437 1226 1516 1270 quis
1540 1229 1661 1260 autem
1684 1225 1802 1260 tribus
1823 1225 1937 1260 unciis
1962 1225 2023 1270 qui
2047 1235 2089 1259 ex
2114 1224 2190 1269 lege
2205 1230 2378 1259 vocantur
2401 1222 2512 1259 omni-

288 1280 495 1315 τριουγκιον
518 1269 555 1303 οἷ
576 1271 614 1303 ἐκ
637 1271 700 1304 τοῦ
725 1269 839 1315 νόμου
864 1268 1077 1312 καλούμενοι
1109 1271 1244 1305 πάντες
1267 1267 1368 1314 ἥξου-

290 1324 361 1356 σιν,
397 1311 421 1357 ἢ
451 1314 551 1360 εἴπερ
583 1313 751 1349 διάθυιτο
782 1317 842 1350 ἐπὶ
873 1315 954 1349 τοὺς
976 1315 1156 1362 γραπτοὺς
1186 1312 1368 1350 ἐλεύσεται

289 1357 536 1404 κληρονόμους.
584 1356 685 1401 ἅπαξ
715 1360 785 1407 γὰρ
810 1357 923 1394 αὐτὸν
953 1359 1151 1406 γενόμενον
1173 1359 1369 1405 βουλευτὴν

290 1400 309 1436 ὁ
342 1403 449 1484 νόέιος
477 1401 611 1461 λαβὼν,
638 1409 698 1459 καὶ
730 1405 912 1461 ἐγγροὶψας
946 1406 1000 1448 τῷ
1031 1405 1272 1460 ἕουλευτηρίῳ
1310 1408 1368 1438 καὶ

1437 1271 1504 1306 bus
1527 1270 1641 1305 modis
1665 1270 1815 1313 venient,
1841 1274 1904 1306 aut
1927 1270 1957 1305 si
1981 1272 2133 1304 testatus
2157 1269 2266 1304 fuerit
2289 1268 2335 1303 ad
2359 1269 2512 1313 scriptos

1438 1315 1653 1351 descendent
1681 1315 1841 1351 heredes.
1889 1315 2004 1350 Semel
2028 1319 2147 1350 autem
2176 1315 2311 1350 factum
2343 1313 2513 1349 curialem

1437 1362 1494 1397 lex
1526 1361 1723 1406 suscipiens
1753 1364 1789 1396 et
1818 1360 2017 1396 inscribens
2052 1360 2173 1395 curiae
2204 1363 2240 1395 et
2268 1360 2512 1395 successiones

1438 1410 1473 1442 et
1495 1406 1602 1441 aliam
1626 1415 1764 1441 omnem
1789 1405 1987 1441 ordinatam
2013 1405 2110 1441 dedit
2137 1405 2231 1440 vitae
2251 1405 2512 1440 successionem

291 1448 354 1483 τὰς
401 1448 546 1493 ιαδοχὰς
570 1463 678 1485 αυτου
702 1454 762 1485 καὶ
793 1464 861 1494 την
885 1449 999 1494 ἄλλην
1025 1463 1176 1486 απασαν
1199 1453 1367 1498 τεταγμέ-
1383 1453 1424 1486 25
1438 1454 1473 1487 et
1497 1454 1694 1497 quaestum.
1742 1451 1780 1486 Si
1805 1451 1884 1496 quis
1908 1454 2027 1486 autem
2058 1450 2113 1485 vel
2144 1460 2188 1486 ex
2216 1460 2344 1494 genere
2374 1450 2428 1484 vel
2452 1459 2511 1484 ex-

289 1506 358 1537 νην
380 1492 495 1529 ἔδωκε
524 1496 589 1530 τοῦ
613 1499 695 1540 βίου
717 1493 887 1550 διαδοχήν
918 1508 958 1530 τε
983 1499 1043 1529 καὶ
1067 1500 1227 1542 πορείαν.
1275 1497 1306 1530 εἰ
1330 1494 1372 1529 δέ

290 1550 344 1573 τις
375 1539 398 1583 ἢ
429 1542 506 1574 τῶν
536 1542 574 1574 ἐκ
606 1542 690 1596 τοῦ*
703 1544 824 1588 γε’νους
854 1555 875 1583 η
905 1544 964 1574 καὶ
995 1541 1153 1584 ἔξωθεν,
1185 1539 1208 1584 ἢ
1232 1544 1291 1575 καὶ
1314 1554 1369 1587 γε·

1437 1499 1596 1539 traneus,
1622 1497 1778 1548 scriptus
1802 1498 1926 1532 forsan
1949 1500 2012 1530 aut
2036 1495 2142 1530 etiam
2166 1506 2237 1530 non
2262 1495 2428 1540 scriptus,
2452 1504 2512 1529 vo·

1437 1542 1544 1577 luerit
1567 1541 1666 1577 adire
1689 1541 1874 1586 imperium
1897 1545 1933 1576 et
1957 1546 2067 1576 semet
2089 1541 2204 1585 ipsum
2229 1540 2356 1575 offerre
2380 1539 2512 1580 curiae,

289 1588 489 1630 γραμμένος
522 1586 633 1628 τυχὸν
667 1600 689 1629 η
725 1589 785 1620 καὶ
819 1586 868 1630 μὴ
899 1589 1138 1632 γεγραμμένος
1171 1586 1368 1630 βουληθείη
1435 1587 1613 1622 licentiam
1644 1587 1777 1622 haheat
1807 1588 1875 1622 hoc
1899 1587 2045 1630 agendi,
2077 1591 2112 1621 et
2138 1586 2364 1620 distributam
2393 1585 2513 1619 curiae

292 1630 504 1683 ‘gnossi-9⁸32»
519 1632 564 1678 τῇ
575 1630 741 1676 βασιλείᾳ
756 1634 815 1665 καὶ
832 1631 962 1665 ἑαυτὸν
979 1630 1168 1665 ἐπιδοῦναι
1184 1633 1228 1678 τῇ
1245 1631 1367 1678 βουλῇ,
1463 1636 1575 1668 artem
1598 1632 1777 1677 accipiens
1801 1632 1877 1666 fieri
1901 1632 2044 1667 curialis
2069 1635 2103 1666 et
2123 1634 2196 1666 tam
2219 1631 2384 1666 fortunae
2407 1639 2512 1673 quam

291 1663 417 1710 αδειαν
448 1677 557 1718 ἐχέτω
589 1678 696 1711 τοῦτο
727 1675 913 1722 πράττειν,
947 1679 1007 1710 καὶ
1037 1676 1080 1710 τὸ
1113 1674 1257 1722 ἇφωρισ
1287 1680 1369 1711 ε’νον
1383 1680 1424 1711 30
1454 1678 1659 1713 unctionum
1683 1687 1882 1721 successor,
1907 1677 1937 1712 si
1960 1677 2028 1713 hoc-
2051 1676 2236 1722 imperium
2260 1675 2436 1711 annuerit.

291 1722 345 1764 τῴ
369 1720 609 1767 βουλευτηρίῳ
640 1724 743 1769 μέρος
766 1720 966 1766 λαμβάνων
989 1721 1163 1767 γενέσθαι
1179 1691 1370 1766 βουλιὲυτὴς

291 1769 351 1800 καὶ
381 1767 445 1810 τῆς
474 1779 514 1801 τε
543 1766 647 1810 τύχης
678 1769 756 1801 τῶν
788 1780 827 1800 τε
850 1765 1166 1814 λειτουργημάτων
1196 1765 1370 1810 διάδοχος,

291 1811 325 1845 εἴ
347 1811 454 1846 τοῦτο
477 1809 499 1855 ἡ
523 1811 690 1856 βασιλεία
714 1810 945 1847 ἐπινεύσειεν.

1287 1901 1444 1938 CAPUT
1468 1901 1529 1938 VI.

337 1970 383 2004 Εἰ
407 1967 446 2004 δέ
468 1980 522 2004 τις
543 1973 709 2016 γνησίους
730 1971 798 2013 μὲν
821 1967 952 2004 παῖδας
982 1967 1046 2004 οὐκ
1070 1971 1161 2012 ἔχοι,
1196 1969 1308 2004 νόθοι
1331 1968 1371 2004 δὲ
1496 1969 1533 2003 Si
1557 1969 1635 2014 quis
1659 1972 1777 2004 autem
1801 1967 1974 2013 legitimos
2000 1967 2138 2012 quidem
2162 1968 2254 2003 filios
2277 1979 2348 2004 non
2369 1968 2511 2009 habeat,

293 2012 393 2057 αὐτῷ
429 2018 490 2048 καὶ
517 2013 621 2057 μόνοι
652 2015 890 2056 καθεστᾶσιν,
927 2015 1060 2056 ἐξέστω
1090 2015 1181 2059 μετὰ
1213 2016 1276 2049 τοῦ
1307 2017 1370 2058 τῆς
1384 2018 1425 2050 35
1438 2018 1621 2049 naturales
1651 2018 1770 2049 autem
1794 2014 1826 2049 ei
1849 2014 2068 2049 solummodo
2093 2014 2181 2055 sint,
2213 2014 2320 2048 liceat
2344 2014 2376 2049 ei
2399 2014 2514 2060 (cnm)

291 2058 420 2115 βουλῇς
450 2059 586 2102 ἄχθους
621 2057 720 2102 αὐτῷ
749 2057 903 2106 γράφειν
933 2059 1080 2094 τούτους
1111 2059 1366 2105 κληρονόμους·
1437 2060 1558 2095 curiae
1581 2069 1687 2094 onere
1712 2059 1868 2094 scribere
1897 2069 1959 2094 eos
1980 2059 2146 2103 heredes3
2181 2062 2217 2093 et
2240 2059 2417 2104 scriptura
2447 2070 2513 2105 pro

291 2108 351 2139 καὶ
375 2119 397 2149 η
425 2103 544 2152 γραφή
574 2118 615 2151 γε
638 2102 721 2139 ἀντὶ
751 2105 865 2149 πάσης
889 2104 1084 2139 ἐπιδόσεως
1106 2106 1213 2145 serm,
1238 2108 1297 2138 καὶ
1320 2106 1370 2149 μὴ
1438 2104 1532 2140 omni
1556 2104 1738 2139 oblatione
1762 2104 1936 2139 consistat
1967 2107 2004 2139 et
2034 2115 2104 2139 non
2128 2107 2230 2148 egeat
2258 2104 2325 2140 hoc
2349 2105 2512 2150 antiqua-

349 2208 376 2230 ο.
396 2196 446 2230 VI
467 2197 525 2239 (-
549 2197 689 2237 435,88)
704 2197 781 2239 sere
805 2198 970 2239 repetitum
997 2203 1044 2229 est
1066 2208 1106 2229 ex
1129 2208 1201 2229 nov.
1221 2195 1441 2229 XXXVIII
1461 2208 1487 2229 c.
1503 2197 1533 2230 1.
1559 2196 1578 2228 2
1601 2196 1692 2237 (249,
1709 2196 1864 2236 8—250,
1877 2195 1924 2236 10)

288 2307 420 2355 patris,
443 2317 530 2343 neve
551 2307 590 2342 in
615 2306 759 2342 illorum
782 2306 1008 2342 successione
1031 2306 1143 2341 ullam
1162 2311 1309 2352 partem
1333 2305 1480 2348 habeat,
1512 2306 1663 2352 aequale
1679 2305 1913 2352 privile-oium
1945 2309 1982 2340 et
2010 2304 2084 2352 ipsi
2105 2304 2243 2347 dantes,
2275 2309 2316 2340 ut
2346 2305 2513 2351 quemad-

291 2353 434 2389 modum
457 2353 536 2400 ipse
566 2352 639 2387 illis
661 2362 736 2387 non
757 2351 802 2395 fit
823 2362 1022 2394 successor,
1053 2352 1106 2387 ita
1130 2362 1175 2387 ne
1199 2351 1252 2387 illi
1275 2350 1420 2397 quidem
1451 2351 1501 2386 ad
1530 2352 1607 2386 eius
1628 2351 1885 2386 successionem
1914 2355 2097 2392 vocentur,
2129 2349 2200 2384 nisi
2229 2353 2294 2385 aut
2324 2350 2401 2396 ipse
2431 2350 2515 2386 illos

291 2397 439 2435 heredes
461 2397 598 2433 scribat
619 2401 685 2433 aut
707 2398 753 2434 ab
776 2397 849 2432 illis
871 2397 1063 2432 scribatur.
1112 2395 1191 2431 Soli
1215 2398 1307 2432 enim
1323 2397 1433 2443 patri
1450 2397 1547 2442 fiunt
1569 2396 1719 2442 sequimi
1742 2400 1851 2442 atque
1873 2395 2020 2442 coqnati
2042 2406 2119 2431 esse
2141 2395 2345 2430 creduntur.

426 2443 469 2480 V.
517 2441 761 2478 Sanciendum
791 2445 910 2478 autem
939 2445 1009 2484 est,
1042 2442 1190 2488 quinam
1221 2441 1266 2477 iis
1296 2443 1361 2487 qui
1392 2441 1461 2477 hoc
1488 2441 1596 2476 modo
1628 2441 1782 2487 legitimi
1808 2442 1904 2486 facti
1927 2444 2011 2475 sunt
2040 2449 2265 2476 successores
2292 2440 2513 2491 efficiantur.

291 2491 410 2535 Atque
441 2488 475 2524 si
505 2488 587 2534 quis
615 2498 741 2524 eorum
773 2487 906 2524 liberos
937 2487 993 2524 vel
1020 2491 1170 2534 nepotes
1203 2486 1334 2522 habeat
1364 2497 1415 2522 ex
1446 2486 1615 2532 leyicimis
1646 2486 1859 2532 coniuqibus
1881 2485 1914 2520 ei
1936 2489 2055 2528 natos,
2087 2486 2221 2531 quique
2251 2490 2376 2520 merito
2407 2486 2514 2521 etiam

292 2534 448 2571 curiales
470 2534 560 2576 sint,
591 2533 737 2569 omnino
759 2533 773 2568 i
799 2533 832 2568 si
854 2532 1069 2568 succedant:
1104 2532 1187 2578 quis
1209 2532 1303 2568 enim
1326 2532 1461 2568 rectius
1489 2542 1540 2567 ex
1571 2531 1649 2577 leqe
1680 2531 1730 2566 ad
1755 2535 1948 2578 paternam
1979 2530 2237 2566 successionem
2261 2534 2412 2565 vocatur
2436 2531 2514 2575 filio

293 2579 475 2626 leqitimo?
522 2578 589 2614 Sin
612 2582 731 2614 autem
780 2578 849 2614 lios
872 2577 1003 2613 habeat
1032 2577 1096 2623 qui
1118 2577 1274 2613 curiales
1302 2588 1377 2613 non
1406 2578 1480 2612 sint
1504 2581 1622 2612 utcum
1650 2587 1694 2611 ue
1717 2576 1753 2611 ei
1773 2580 1896 2617 natos,
1934 2580 2018 2611 tunc
2049 2575 2208 2620 leqitima
2233 2576 2360 2621 portio
2383 2574 2433 2610 ad
2454 2586 2514 2610 cu—

291 2626 383 2661 riam
407 2628 442 2660 et
462 2624 591 2670 fiscum
607 2627 817 2671 pervemat,
848 2623 1027 2669 reliquum
1051 2633 1135 2659 vero
1158 2626 1486 2668 quantumcumque
1509 2626 1563 2657 est
1585 2633 1608 2656 a
1657 2621 1788 2656 liberos
1809 2621 1892 2656 illos
1916 2621 1978 2665 qui
2002 2620 2157 2656 curiales
2183 2631 2254 2655 non
2278 2625 2362 2655 sunt
2385 2620 2513 2656 veniat.

292 2669 430 2714 Quodsi
450 2679 607 2716 prorsus
629 2668 730 2704 nulla
752 2669 786 2704 ei
801 2668 932 2716 proles
953 2668 1014 2710 sit,
1046 2672 1082 2703 et
1104 2668 1296 2703 intestatus
1316 2667 1518 2709 decesserit,
1551 2677 1674 2702 novem
1698 2666 1840 2712 quidem
1871 2666 1998 2700 uncias
2021 2666 2124 2701 curia
2156 2670 2192 2701 et
2218 2665 2331 2710 fiscus
2360 2664 2515 2701 habeant

291 2714 486 2751 secundum
508 2714 548 2750 id
569 2713 670 2760 quod
691 2725 809 2761 nuper
830 2725 854 2750 a
877 2712 982 2749 nobis
1003 2713 1182 2748 sancitum
1205 2716 1271 2755 est,
1302 2713 1352 2748 ad
1374 2713 1534 2759 requuas
1553 2722 1638 2748 vero
1664 2715 1736 2747 tres
1758 2711 1884 2746 uncias
1908 2721 2030 2746 omnes
2052 2711 2191 2746 venient
2220 2710 2283 2755 qui
2306 2720 2329 2745 a
2354 2710 2431 2756 leqe
2453 2720 2513 2745 vo-

293 2764 436 2803 cantur,
459 2759 515 2796 vel
535 2759 710 2806 siquidem
736 2762 984 2795 testamentum
1002 2758 1148 2811 fecerit,
1172 2757 1258 2793 illae
1281 2758 1331 2793 ad
1351 2758 1510 2804 scriptos
1532 2756 1680 2792 heredes
1704 2756 1918 2792 transibunt.
1967 2754 2048 2791 Lex
2072 2756 2165 2791 enim
2196 2765 2275 2790 cum
2298 2765 2378 2789 eum
2407 2754 2516 2790 semel

293 2805 464 2842 curialem
485 2805 628 2851 factum
650 2805 850 2851 susceperit
871 2809 908 2840 et
930 2808 1055 2839 curtae
1078 2803 1331 2850 adscripserit,
1362 2809 1397 2838 ec
1420 2802 1663 2838 successiones
1685 2801 1761 2836 eius
1791 2805 1828 2837 et
1849 2801 2027 2847 reliquum
2059 2811 2195 2835 omnem
2229 2800 2323 2835 vitae
2351 2798 2513 2835 ordinem

293 2855 402 2897 atque
433 2861 578 2886 cursum
608 2849 708 2886 dedit
738 2849 981 2885 constitutum.
1028 2847 1071 2884 Si
1101 2848 1184 2901 quis
1214 2859 1298 2884 vero
1328 2852 1393 2883 aut
1423 2858 1473 2884 ex
1503 2847 1550 2882 iis
1579 2847 1644 2893 qui
1672 2857 1722 2882 ex
1749 2846 1894 2892 familia
1923 2850 1986 2880 aut
2017 2845 2080 2891 qui
2111 2845 2280 2880 extranei
2308 2849 2409 2885 sunt,
2441 2844 2514 2880 sive

293 2896 452 2943 scriptus
471 2896 574 2941 forte
595 2895 669 2931 sive
691 2905 766 2931 non
788 2894 948 2941 scriptus
979 2893 1082 2930 heres
1105 2897 1360 2940 imperatorem
1391 2893 1494 2928 adire
1522 2902 1632 2938 seque
1654 2892 1733 2938 ipse
1763 2891 1887 2927 curiae
1908 2890 2042 2936 offerre
2065 2890 2227 2931 voluerit,
2261 2889 2367 2924 liceat
2390 2889 2423 2925 ei
2447 2889 2515 2925 noc

292 2942 436 2987 facere,
472 2945 507 2976 et
518 2945 688 3022 a‘doeepta
720 2944 829 2987 parte
864 2939 987 2975 curiae
1020 2938 1201 2975 destinata
1231 2939 1316 2984 fieri
1350 2938 1481 2974 curiali
1515 2942 1551 2973 et
1582 2937 1760 2982 fortunae
1795 2941 1904 2982 atque
1939 2946 2124 2970 munerum
2158 2935 2379 2976 successori,
2413 2934 2445 2969 si
2477 2934 2516 2969 id

295 2987 343 3022 im
370 2990 496 3022 erutor
567 2985 698 3021 nuerit.
2481 2993 2485 2997 “

340 2997 368 3034 p
428 3030 490 3067 VI.
539 3029 581 3066 Si
610 3031 692 3077 quis
722 3034 842 3066 autem
873 3029 1053 3075 leqitimos
1085 3028 1216 3064 liberos
1245 3038 1319 3063 non
1342 3026 1490 3070 habeat,
1521 3026 1587 3063 sed
1609 3027 1796 3063 naturales
1829 3025 1863 3062 ei
1884 3026 1958 3061 sint
1980 3024 2067 3066 soli,
2099 3024 2206 3060 liceat
2235 3024 2269 3060 ei
2300 3033 2381 3059 cum
2405 3034 2515 3060 onere

293 3076 419 3113 cure'ae
441 3075 507 3112 hos
529 3075 677 3112 heredes
699 3075 867 3118 scribere,
896 3079 932 3111 et
953 3074 1139 3121 scriptura
1171 3072 1314 3120 quidem
1340 3083 1411 3119 pro
1435 3073 1533 3108 omni
1554 3072 1738 3108 oblatione
1760 3071 1824 3114 sit,
1857 3081 1942 3107 neve
1964 3069 2040 3106 ulla
2072 3069 2123 3112 (id
2145 3069 2244 3115 quod
2265 3080 2316 3105 ex
2339 3069 2515 3105 veteribus

1439 3184 1523 3217 alios
1544 3183 1624 3217 VT³
1639 3183 1652 3228 ΙΙ
1669 3183 1858 3216 scribantur
1878 3182 1935 3227 Vss
1952 3185 1971 3217 5
1996 3183 2098 3215 fucrit
2121 3182 2198 3224 13¹1!
2217 3185 2236 3216 ’1
2257 3189 2333 3225 post
2355 3181 2513 3223 legitimis

1439 3231 1578 3273 spatium
1603 3241 1672 3262 vac.
1690 3230 1820 3262 10—12
1842 3230 1900 3262 litt.
1916 3229 1946 3260 R
1964 3228 1976 3271 ΙΙ
1994 3227 2184 3260 efficiuntur
2207 3227 2240 3259 R
2258 3228 2270 3270 Ι
2295 3229 2333 3261 11
2361 3227 2391 3259 ei
2414 3226 2511 3270 only]

1439 3275 1486 3307 eis
1511 3274 1617 3308 RVT
1634 3274 1647 3318 ΙΙ
1671 3273 1852 3307 subcedant
1874 3273 1905 3306 Τ
1924 3272 1937 3316 fl
1960 3273 2048 3314 quod
2076 3272 2155 3306 VT¹
2178 3272 2191 3316 fl
2214 3272 2350 3314 proprio
2371 3270 2440 3303 filio
2464 3273 2512 3302 est

1444 3320 1476 3352 T
1495 3319 1508 3364 ΙΙ
1536 3320 1576 3353 12
1601 3319 1653 3360 ad]
1684 3319 1806 3352 habers
1838 3319 1871 3352 V
1892 3318 1905 3362 ΙΙ
1936 3319 1974 3351 13
2000 3317 2198 3360 quandoque
2222 3317 2283 3350 del.
2301 3314 2350 3349 Κ*
2415 3316 2454 3347 14
2478 3317 2511 3346 et

1440 3378 1498 3397 om.
1513 3365 1559 3398 Β·
1577 3364 1591 3407 fl
1607 3375 1743 3397 cur-am
1770 3364 1846 3407 T¹fl
1868 3365 1908 3397 15
1932 3362 2063 3405 reliqua
2083 3363 2159 3403 VT]
2182 3361 2343 3402 reliquam
2399 3357 2410 3378 ²
2432 3358 2510 3391 reli-

1439 3420 1540 3451 quum
1554 3409 1605 3442 1³²
1617 3410 1701 3453 vulq.
1719 3409 1732 3453 Ι
1749 3411 2015 3451 quantacumque
2030 3409 2062 3442 T
2074 3407 2087 3452 Ι
2107 3408 2148 3442 16
2163 3406 2248 3439 filio·
2267 3416 2325 3438 om.
2347 3402 2403 3446 V}
2419 3413 2509 3436 scoe-

1440 3455 1520 3487 dant
1541 3455 1593 3488 V⁰
1610 3454 1623 3498 ΙΙ
1642 3456 1682 3489 17
1704 3455 1735 3488 ei
1755 3467 1812 3488 om.
1831 3453 1887 3498 V!
1907 3454 1947 3488 18
1968 3453 2100 3495 quidem
2124 3464 2181 3485 οηι.
2203 3448 2257 3492 V!
2275 3447 2417 3500 habeant
2442 3449 2484 3481 al.

1443 3502 1482 3534 19
1506 3510 1526 3532 s
1548 3499 1644 3532 nobis
1666 3499 1830 3533 sancitum
1857 3499 1981 3542 Tvuly.
2007 3497 2021 3542 fl
2049 3499 2097 3530 est
2120 3507 2179 3529 οιιι.
2199 3493 2234 3526 R
2255 3491 2343 3580 flaui]
2375 3495 2413 3525 ut
2443 3493 2475 3526 V

1439 3547 1481 3579 22
1507 3544 1682 3578 desoedent
1701 3545 1735 3578 V
1756 3544 1930 3577 descendet
1952 3543 1985 3576 R
2015 3540 2187 3575 descendat
2212 3537 2244 3570 Τ
2300 3537 2398 3569 simul
2425 3537 2474 3570 V¹
2498 3537 2510 3580 ΙΙ

1439 3592 1481 3624 25
1500 3589 1551 3622 vel
1570 3592 1621 3631 ex]
1641 3589 1693 3623 vel
1714 3603 1771 3623 om.
1786 3589 1834 3622 12¹
1851 3589 1864 3632 Ι
1886 3589 1929 3623 26
1942 3589 2051 3621 antem
2065 3585 2111 3619 R·
2127 3583 2141 3627 Ι
2157 3582 2303 3616 noluerit
2316 3582 2365 3614 1³²
2388 3581 2510 3616 nolunt

1439 3635 1514 3677 13¹·ss
1534 3636 1576 3669 28
1592 3635 1716 3676 curiae]
1739 3634 1776 3667 in
1793 3634 1905 3666 euriae
1927 3632 1975 3666 V·
1991 3632 2005 3674 Ι
2022 3632 2064 3665 29
2082 3629 2172 3662 sortu
2194 3626 2243 3661 T¹
2259 3625 2272 3671 ΙΙ
2297 3627 2340 3661 30
2365 3627 2509 3661 functio-

1438 3680 1490 3713 nis
1511 3680 1567 3723 V!
1584 3681 1626 3713 :35
1641 3682 1750 3712 sutem
1767 3690 1826 3712 om.
1843 3677 1902 3722 R.
1919 3686 1993 3710 oum
2005 3674 2082 3709 add.
2092 3673 2186 3707 Beck
2202 3671 2216 3717 Ι
2231 3672 2275 3706 36
2287 3682 2387 3706 onere
2401 3673 2508 3716 Beck]

1439 3726 1564 3758 honore
1587 3725 1667 3759 libri

363 3191 383 3224 3
405 3184 503 3222 οὕτω
526 3185 617 3232 μηδὲ
642 3188 697 3228 Μ]
725 3186 822 3221 οὕτω
845 3187 929 3220 nal?
956 3187 1002 3220 12¹
1037 3183 1121 3220 οὔτε
1145 3185 1193 3219 L²
1227 3195 1287 3218 noo
1310 3196 1330 3221 ς
1360 3184 1372 3229 ΙΙ

296 3237 315 3269 5
339 3233 459 3282 γραφῆ
479 3233 510 3267 L
540 3233 554 3278 Ι
583 3235 603 3268 8
626 3231 694 3277 γὰρ
718 3246 776 3266 om.
791 3244 810 3268 ς
833 3231 846 3276 fl
875 3234 896 3266 9
921 3227 1044 3265 αὐτῶν
1068 3231 1116 3264 L¹
1139 3231 1152 3275 ΙΙ
1184 3232 1221 3265 11
1248 3226 1372 3263 αὐτῶν

297 3281 328 3313 L
343 3279 357 3325 u
380 3282 476 3322 14sq.
489 3278 537 3312 εἷς
551 3298 590 3303 -
606 3275 793 3320 δημόσιον]
817 3277 859 3310 ad
879 3277 991 3311 fiscum
1013 3279 1046 3310 et
1066 3276 1192 3309 curiam
1217 3287 1235 3312 ς
1253 3275 1266 3318 fl
1284 3276 1323 3308 17
1341 3274 1373 3308 εἰ

297 3322 348 3367 δὲ]
372 3324 401 3357 si
425 3334 502 3357 vero
525 3324 622 3356 etiam
648 3334 667 3359 ς
690 3323 703 3366 ΙΙ
732 3324 771 3357 18
797 3318 1007 3368 ἐναοόγκιον
1032 3322 1062 3355 L
1094 3323 1137 3362 (et
1158 3322 1206 3355 sic
1229 3321 1330 3364 infra)
1361 3320 1373 3363 ΙΙ

298 3372 340 3404 20
364 3368 711 3413 νενομοθετημένον]
736 3381 806 3402 nov.
821 3368 939 3402 XXX
948 3367 1040 3401 VIII
1054 3379 1080 3400 c.
1100 3368 1116 3402 1
1135 3366 1148 3410 fl
1165 3367 1203 3400 21
1228 3363 1371 3406 πάντες]

297 3414 451 3448 omnibus
465 3413 572 3447 modis
582 3416 617 3454 (ι’.
627 3426 652 3446 e.
667 3411 828 3455 πάντως)
844 3425 864 3450 ς
878 3412 891 3451 11
910 3413 954 3447 23
971 3409 1085 3446 αὐτὸν
1100 3424 1159 3445 om.
1173 3422 1193 3448 ς
1210 3410 1222 3454 ΙΙ
1238 3411 1281 3444 26
1295 3407 1371 3443 δια-

298 3456 418 3501 δοχήν]
445 3461 505 3503 leq.
529 3454 736 3505 Baaywyr'yv?
753 3458 766 3501 ΙΙ
795 3459 836 3492 27
859 3455 882 3500 ἢ
905 3458 965 3491 καὶ
986 3458 1236 3504 γεγραμμένος]
1266 3452 1289 3498 ἢ
1313 3456 1372 3488 καὶ

299 3516 356 3536 om.
370 3507 416 3545 ςΙΙ
436 3506 473 3538 31
501 3503 673 3549 γίνισθαι
695 3500 891 3547 βουλευτὴν
914 3502 973 3548 Lu
994 3505 1036 3537 33
1059 3499 1093 3544 ἡ]
1120 3502 1151 3535 σι’
1165 3502 1208 3535 M
1221 3502 1233 3545 Ι
1249 3502 1292 3535 34
1308 3496 1372 3534 οὐκ

299 3548 371 3587 ἔχοι
391 3546 522 3582 παῖδας
538 3549 568 3582 L
584 3550 596 3592 ΙΙ
615 3550 657 3583 35
681 3547 917 3582 καθεστῶσιν
935 3548 1012 3590 249,
1026 3555 1043 3582 ⁹
1061 3547 1074 3591 ΙΙ
1092 3548 1134 3582 36
1153 3544 1299 3581 τούτους
1314 3545 1371 3586 Μ]

300 3588 427 3626 αὐτοὺς
444 3594 504 3636 L}
528 3594 569 3627 37
594 3605 634 3638 ys
660 3594 715 3634 M]
742 3590 782 3626 δι’
805 3593 836 3626 L

354 3724 370 3757 1
396 3723 493 3756 etiam
518 3737 575 3758 om.
591 3725 648 3769 T}
669 3728 691 3760 4
714 3726 906 3769 scripserint
926 3726 975 3760 Β*
993 3727 1005 3769 ῃ
1020 3726 1091 3769 ipse
1114 3738 1173 3760 om.
1191 3725 1235 3759 R·
1252 3724 1266 3770 ΙΙ
1282 3723 1370 3768 illos]
