2612 4016
243 167 333 199 mx
362 167 449 199 PRO
479 168 775 202 DEBITORIBUS

1325 155 1407 204 803

2144 161 2254 216 App.
2270 159 2381 204 VIII.
2413 160 2474 204 IX

241 359 377 407 LEX
414 359 600 418 QUAE
636 360 827 410 DATA
863 361 996 412 EST
1030 362 1163 413 PRO
1198 293 1658 414 DEgiI'iORIBUS
1695 364 1769 414 IN
1803 363 2040 414 ITALIA
2076 365 2166 413 ET
2204 363 2468 415 SICILIA.

240 435 283 471 In
310 435 453 471 nomine
483 435 616 472 domini
646 437 759 473 nostri
789 437 872 474 Iesu
904 439 1038 475 Christi
1069 439 1268 485 Imperator
1298 439 1431 476 Caesar
1460 440 1606 477 Flavius
1631 440 1850 477 lastinianus
1874 441 2130 478 Alamannicus
2155 441 2329 477 Gothicus
2353 441 2468 477 Fran-

241 480 339 516 cicus
370 481 604 518 Germanicus
637 482 812 526 <Anticus
844 484 1040 525 Alanicus>
1074 484 1319 522 Uuandalicus
1351 485 1549 522 Africanus
1584 486 1663 532 pius
1697 486 1784 522 felix
1818 486 1974 532 inclytus
2011 487 2125 522 victor
2156 496 2198 522 ac
2228 486 2469 531 triumphator

863 530 1045 574 (semper)
1069 530 1254 574 Augustus
1277 530 1385 567 Narsi
1408 530 1603 568 Panfronio
1628 534 1664 567 et
1686 532 1839 568 senatui.

375 594 464 629 Cum
496 603 570 630 sem
598 603 635 629 er
667 593 831 631 decursio
864 595 1044 632 barbarici
1072 597 1243 642 temporis
1270 597 1308 633 in
1340 608 1511 634 novarum
1542 608 1661 634 rerum
1687 613 1703 630 ιι
1717 613 1734 630 0
1749 613 1766 630 ο

1794 602 1830 634 et
1859 599 2038 634 veteribus
2072 598 2210 643 legibus
2242 599 2468 635 occasionem

238 638 410 684 praebeat
440 649 567 683 promu
581 639 719 684 gaudis,
752 640 976 685 generalibus
1001 642 1181 678 hominum
1207 642 1481 679 difficultatibus
1503 643 1680 679 communi
1704 644 1858 680 remedio
1883 644 2072 680 subvenire
2095 654 2241 680 necesse
2265 646 2330 679 est.
2382 644 2466 680 Uni-

237 694 362 720 versae
393 684 533 730 quidem
556 683 683 720 Italiae
713 694 780 721 nos
811 686 954 722 oblatae
985 697 1112 732 preces
1135 688 1349 732 generaliter
1373 691 1649 733 commoverunt,
1680 688 1898 725 feneraticiis
1923 689 2085 734 pecuniis
2109 689 2296 724 reddendis
2320 689 2467 734 aliquod

237 729 310 765 iam
334 739 493 766 annuere
516 729 741 774 postulantes
765 731 969 774 remedium,
994 742 1039 768 ne
1063 742 1129 778 per
1152 742 1357 769 communes
1381 733 1605 770 calamitates
1630 736 1666 769 et
1689 734 1864 770 reditibus
1888 734 2042 779 propriis
2065 734 2277 770 fraudentur
2301 738 2337 769 et
2357 733 2468 769 debiti

237 774 436 819 inpossibili
459 774 627 810 solutioni
651 776 899 811 succumbant.
949 776 1097 813 Talibus
1129 777 1251 822 itaque
1275 779 1443 824 precibus
1468 782 1666 814 annuentes
1688 779 1800 825 (per)
1823 782 2047 825 praesentem
2070 780 2183 824 legem
2207 779 2398 821 sancimus,
2422 782 2460 814 ut
2492 782 2533 815 10

238 830 304 864 per
324 820 527 856 universam
550 819 693 855 Italiam
716 823 825 865 atque
850 821 1008 857 Siciliam
1031 833 1097 867 pro
1121 823 1255 858 mutuis
1279 824 1448 868 pecuniis,
1474 834 1566 868 quae
1589 834 1703 869 usque
1727 825 1773 860 ad
1797 834 1911 869 nuper
1933 825 2067 860 factam
2090 824 2328 860 incursionem
2353 824 2382 859 F
2384 834 2465 859 ran-

238 875 360 901 corum
391 864 497 901 datae
526 867 736 908 noscuntur,
773 868 858 910 post
880 867 1056 903 redditam
1081 868 1279 912 perfectam
1301 878 1427 914 pacem
1452 869 1575 905 ltaliae
1599 869 1740 914 expleto
1766 869 2019 915 quinquennio,
2044 871 2131 904 tunc
2154 871 2218 905 aut
2241 869 2356 904 media
2380 879 2465 914 pars

238 911 396 946 creditae
427 910 534 946 sortis
567 909 804 946 creditoribus
837 911 1028 953 offeratur,
1063 915 1127 948 aut
1158 913 1384 949 medietatem
1410 924 1498 950 suae
1530 914 1771 957 substantiae,
1808 915 1839 950 si
1869 915 1938 950 hoc
1971 914 2114 959 elegerit
2145 914 2305 958 debitor,
2338 916 2465 950 offerat

237 954 420 998 creditori,
451 965 563 991 usura
589 954 754 990 videlicet
784 966 807 991 a
838 956 895 992 die
928 957 1053 993 crediti
1086 967 1200 1003 usque
1230 959 1277 993 ad
1310 959 1526 1004 completum
1557 959 1838 1004 quinquennium
1869 959 1947 1012 <in>
1977 960 2056 995 istis
2089 959 2336 996 contractibus
2368 960 2466 995 omni

236 1000 340 1036 modo
365 1003 541 1036 cessante.
589 1000 627 1035 Si
652 1009 744 1044 quae
768 1004 887 1037 autem
911 1003 1061 1048 pignora
1084 1013 1150 1048 pro
1174 1003 1294 1039 debito
1320 1004 1405 1040 data
1428 1014 1494 1050 per
1518 1004 1638 1040 clades
1662 1004 1788 1041 Italiae
1811 1006 2006 1049 perierunt,
2038 1004 2091 1040 rei
2116 1015 2336 1040 communem
2359 1014 2462 1040 even·
2491 1007 2531 1039 15

235 1047 312 1080 tum
342 1047 415 1080 tam
446 1045 586 1080 debitor
616 1055 722 1090 quam
754 1046 909 1082 creditor
939 1047 1082 1091 sentiat,
1113 1050 1152 1084 ut
1182 1058 1248 1084 nec
1283 1049 1438 1085 creditor
1457 1059 1523 1095 pro
1547 1049 1681 1085 mutuis
1702 1049 1864 1094 pecuniis
1890 1050 2078 1085 convenire
2101 1060 2168 1085 nec
2192 1050 2331 1085 debitor
2351 1051 2465 1094 possit

235 1090 398 1126 actiones
432 1099 599 1126 exercere
631 1090 894 1135 pigneraticias.
943 1092 982 1128 Si
1012 1102 1096 1128 vero
1129 1093 1164 1138 pi
1190 1103 1278 1129 nora
1309 1096 1468 1137 exstant,
1506 1095 1649 1130 debitae
1685 1095 1791 1130 etiam
1829 1096 1934 1130 sortis
1971 1106 2035 1140 pro
2071 1095 2217 1138 integris
2253 1095 2462 1140 pignoribus

235 1136 366 1172 solutio
392 1135 604 1171 celebretur.

652 1135 787 1179 Quodsi
809 1146 894 1181 pars
919 1138 1108 1182 pignorum
1133 1148 1172 1173 sa
1188 1148 1230 1174 va
1254 1139 1467 1182 inveniatur,
1499 1150 1564 1185 pro
1589 1143 1670 1175 rata
1693 1140 1857 1185 portione
1881 1140 1988 1176 sortis
2012 1140 2118 1175 etiam
2143 1150 2227 1185 pars
2253 1140 2464 1176 creditorem

234 1182 418 1234 sequatur.
466 1180 506 1216 Si
535 1180 614 1225 quis
646 1190 730 1216 vero
763 1181 928 1234 datorum
960 1183 1148 1235 pignorum
1172 1184 1447 1238 magnitudinem
1472 1185 1663 1238 occasione
1687 1185 1866 1238 barbarici
1882 1185 2105 1238 fitemporis)
2128 1185 2219 1220 lucri
2243 1195 2354 1221 causa
2376 1196 2463 1230 sup·

234 1235 391 1306 flumem
415 1227 479 1261 aut
503 1226 621 1261 celare
644 1225 796 1261 voluerit
819 1230 856 1262 et
879 1227 949 1263 hoc
974 1237 996 1262 a
1021 1228 1181 1264 deb1tore
1207 1239 1285 1264 com
1311 1231 1434 1265 robari
1456 1233 1623 1275 potuerit,
1655 1239 1789 1266 amisso
1810 1230 1931 1266 debito
1956 1240 2106 1275 pignora
2129 1230 2279 1266 reddere
2304 1231 2460 1275 compel·
2487 1233 2531 1266 20

272 1274 340 1307 tur.
388 1270 436 1306 Hi
458 1280 554 1314 vero,
578 1270 640 1315 qui
663 1271 916 1308 necessitatem
940 1273 1050 1309 debiti
1071 1273 1262 1309 facientem

1311 1275 1461 1310 eneficia
1484 1276 1540 1311 vel
1559 1285 1687 1311 usuras
1707 1275 1745 1310 in
1770 1275 1888 1320 capite
1912 1275 2023 1311 debiti
2046 1275 2220 1319 redigunt,
2246 1276 2340 1320 quod
2357 1276 2464 1310 etiam

235 1316 338 1352 bonis
368 1316 591 1361 temporibus
622 1315 701 1351 fieri
731 1316 827 1360 leges
859 1317 1001 1353 minime
1033 1318 1229 1364 patiuntur,
1263 1329 1327 1364 per
1356 1320 1452 1355 hanc
1482 1319 1702 1356 sanctionem
1727 1320 1930 1358 huiusmodi
1953 1321 2166 1356 fraudentur
2188 1323 2389 1365 augmento,
2414 1321 2464 1356 ita

233 1361 408 1406 videlicet,
432 1364 484 1406 ut,
505 1360 676 1406 quidquid
700 1362 807 1397 etiam
830 1361 874 1399 de
895 1363 1013 1399 usuris
1036 1365 1073 1400 et
1097 1363 1280 1400 beneficiis
1305 1365 1444 1401 confert
1468 1380 1485 1397 ι
1499 1379 1516 1397 ι
1533 1380 1550 1397 ι

1317 1543 1380 1578 lX.

233 1610 323 1655 Imp.
341 1608 396 1645 Fl.
415 1607 639 1644 Iustinianus
655 1607 912 1644 Alamannicus
939 1609 1113 1646 Gothicus
1139 1610 1337 1648 Francicus
1363 1611 1600 1647 Germanicus
1623 1611 1776 1648 Anticus
1799 1612 1973 1649 Alanicus
1999 1612 2242 1649 Uuandalicus
2266 1612 2461 1649 Africanus
2487 1620 2530 1652 25

476 1654 558 1699 pius
581 1652 667 1688 felix
689 1653 835 1689 inclitus
859 1654 973 1690 victor
997 1665 1040 1690 ac
1063 1656 1303 1701 triumphator
1325 1666 1465 1702 semper
1487 1659 1674 1702 Augustus
1698 1657 1850 1693 Iohanni
1867 1669 1927 1703 pp.
1953 1667 2017 1703 per
2036 1658 2207 1694 Africam.

369 1720 559 1766 Cognitum
590 1720 694 1757 nobis
718 1724 773 1756 est
796 1720 892 1767 quod
916 1722 1060 1767 quidam
1081 1722 1120 1758 in
1142 1723 1326 1768 provincia
1348 1724 1523 1760 Africana
1546 1735 1619 1760 non
1643 1724 1876 1761 adtendentes
1901 1725 2077 1761 iussiones
2101 1728 2255 1768 nostras,
2280 1736 2370 1770 quas
2394 1737 2461 1770 pro

232 1766 443 1812 repetitione
474 1765 624 1802 fecimus
655 1766 883 1809 rusticorum,
917 1767 1132 1803 calumniam
1163 1777 1329 1804 exercere
1360 1779 1433 1804 non
1457 1773 1610 1812 cessant,
1638 1773 1841 1815 repetentes
1867 1771 2015 1806 colonos
2036 1769 2091 1806 vel
2108 1771 2265 1806 rusticos
2288 1772 2343 1806 vel
2366 1770 2459 1807 filios

232 1822 371 1854 eorum,
404 1811 465 1856 qui
495 1820 541 1845 ex
570 1810 727 1855 propriis
758 1811 865 1846 rebus
898 1814 983 1847 ante
1012 1813 1204 1849 adventum
1231 1813 1426 1848 felicissimi
1456 1814 1637 1850 exercitus
1670 1815 1786 1850 exisse
1808 1818 2071 1860 monstrantur3
2106 1816 2169 1852 sed
2192 1819 2228 1850 et
2253 1815 2401 1851 clericos
2425 1816 2463 1851 in

231 1856 360 1894 officiis
384 1854 637 1892 ecclesiasticis
661 1855 878 1891 constitutos
902 1865 947 1891 ex
969 1857 1048 1892 iure
1073 1857 1259 1893 colonatus
1282 1858 1476 1894 sollicitare
1497 1869 1570 1894 non
1594 1861 1747 1895 cessant.
1797 1859 1936 1895 Scimus
1957 1860 2050 1896 enim
2073 1870 2141 1897 nos
2163 1870 2230 1905 pro
2255 1861 2325 1896 hac
2351 1871 2462 1897 causa
2487 1867 2530 1900 30

231 1912 354 1939 sacros
384 1901 506 1946 apices
536 1900 782 1945 promulgasse
814 1900 943 1946 quibus
976 1901 1211 1945 definivimus,
1242 1906 1402 1948 tempore
1433 1914 1478 1938 ex
1501 1914 1571 1948 quo
1598 1904 1770 1940 deberent
1793 1905 2025 1950 repetitiones
2048 1904 2127 1941 fieri
2150 1905 2366 1941 rusticorum
2390 1907 2462 1942 sive

230 1947 457 1983 rusticarum.
504 1946 672 1981 Iubemus
696 1956 780 1990 ergo
805 1946 1084 1989 magnitudinem
1107 1951 1206 1983 tuam
1230 1949 1296 1984 has
1322 1949 1517 1984 calumnias
1540 1949 1765 1994 repetitionis
1784 1951 1898 1985 modis
1916 1950 2079 1986 omnibus
2095 1950 2134 1986 in
2150 1951 2329 1987 Africanis
2347 1953 2461 1996 regio-

231 1992 337 2027 nibus
361 1993 549 2043 amputare
573 1993 609 2025 et
630 1990 767 2025 nullum
790 1991 1026 2035 permittimus
1052 1992 1261 2027 colonorum
1285 1995 1419 2028 statum
1458 1993 1555 2038 tam>
1578 1994 1616 2028 in
1639 1995 1723 2029 viris
1748 2004 1853 2038 quam
1876 1995 1914 2030 in
1938 1995 2146 2030 mulieribus
2169 1996 2224 2030 vel
2239 1995 2323 2031 filiis
2339 2006 2462 2032 eorum

231 2037 373 2073 sibimet
403 2034 585 2071 vindicare
618 2035 687 2070 nisi
719 2045 763 2069 ex
795 2038 965 2079 tempore,
1001 2046 1071 2080 quo
1102 2036 1197 2071 sicut
1229 2037 1381 2072 diximus
1405 2037 1424 2072 f
1457 2037 1634 2073 ‘cissimus
1658 2042 1781 2073 noster
1804 2039 1985 2074 exercitus
2009 2038 2219 2075 Africanam
2242 2041 2460 2084 provinciam

231 2081 427 2118 auxiliante
457 2079 525 2114 deo
556 2082 680 2114 nostro
711 2079 860 2123 imperio
891 2079 1101 2124 vindicavit3
1134 2080 1345 2116 clericorum
1375 2083 1495 2116 autem
1525 2082 1755 2126 repetitiones
1787 2094 1857 2127 quo
1890 2093 1913 2118 a
1942 2087 2102 2128 tempore
2131 2085 2264 2120 nostris
2296 2086 2459 2130 apicibus
2484 2091 2526 2124 35

231 2125 422 2163 statuimus
451 2124 532 2160 fieri
562 2123 726 2159 iubemus
754 2133 821 2159 nec
854 2123 1004 2159 ulterius
1029 2124 1191 2170 dilatari3
1216 2129 1423 2162 veternosas
1444 2126 1538 2161 enim
1560 2127 1642 2162 lites
1666 2130 1703 2162 et
1727 2127 1973 2164 contentiones
1996 2138 2069 2164 non

231 2171 408 2217 Quoniam
438 2173 558 2205 autem
590 2168 818 2214 cognovimus
848 2169 944 2204 viros
973 2169 1280 2214 eloquentissimos
1314 2171 1540 2216 supradictas
1571 2172 1747 2208 iussiones
1780 2175 1924 2208 nostras
1958 2183 2067 2217 gener

2119 2129 2251 2164 atimur
2274 2131 2457 2173 protelari.

2119 2175 2184 2209 bus
2218 2174 2357 2219 legibus
2386 2186 2459 2211 non

230 2215 432 2262 praeferre,
463 2214 627 2250 iubemus
658 2217 734 2248 tam
765 2213 979 2258 praeteritas
1010 2214 1187 2251 iussiones
1219 2226 1308 2260 quas
1340 2226 1407 2261 pro
1436 2216 1506 2251 hac
1531 2225 1642 2252 causa
1664 2217 1965 2262 promulgavimus
1989 2228 2096 2264 quam
2114 2219 2208 2254 hanc
2231 2225 2457 2264 praesentem

231 2261 426 2298 iussionem
450 2259 487 2295 in
513 2258 693 2294 Africanis
714 2258 919 2302 regionibus
943 2258 1031 2303 legis
1055 2260 1167 2295 vicem
1190 2261 1353 2296 obtinere
1376 2262 1412 2296 et
1435 2261 1535 2296 nulla
1554 2262 1835 2308 praescriptione
1858 2262 1975 2315 legum
1995 2264 2213 2308 generalium
2237 2265 2456 2311 submoveri3

234 2307 298 2343 sed
330 2304 456 2341 edictis
488 2314 510 2339 a
542 2306 607 2339 tua
636 2303 881 2347 magnitudine
913 2304 1108 2349 propositis
1131 2305 1372 2350 innotescere,
1396 2309 1437 2341 ut
1460 2306 1577 2342 sciant
1600 2317 1721 2343 omnes
1745 2307 1910 2343 Africam
1932 2308 2074 2354 populi,
2099 2310 2166 2345 sub
2191 2319 2261 2354 qua
2284 2311 2455 2356 temporis
2481 2317 2525 2350 40

231 2351 374 2388 cautela
403 2360 488 2386 suas
520 2349 676 2385 debeant
705 2358 771 2393 pro
803 2348 1015 2393 repetitione
1050 2349 1258 2386 colonorum
1286 2351 1343 2387 vel
1375 2351 1582 2387 colonatum
1613 2351 1686 2388 sive
1719 2353 1929 2388 clericorum
1958 2362 2123 2390 exercere
2147 2355 2318 2398 actiones,
2340 2366 2458 2401 poena

231 2397 387 2441 quinque
416 2393 590 2430 librarum
620 2393 699 2429 auri
731 2393 793 2438 qui
825 2396 953 2429 contra
982 2394 1078 2430 hanc
1103 2394 1297 2431 iussionem
1329 2396 1449 2431 venire
1479 2396 1732 2442 temptaverint
1763 2397 1944 2433 feriendis.
1994 2398 2170 2434 Divinitas
2194 2403 2230 2435 te
2254 2402 2370 2436 servet
2391 2411 2458 2445 per

231 2442 362 2478 multos
387 2449 512 2475 annos.
559 2439 642 2474 Dat.
667 2438 711 2473 X.
733 2439 769 2473 k.
795 2438 961 2475 Octobris
986 2438 1211 2476 Chalcedone
1242 2440 1325 2486 imp.
1350 2441 1407 2476 dn.
1429 2440 1619 2477 Iustiniani
1643 2443 1745 2488 (pp.)
1769 2443 1861 2487 Aug.
1888 2453 1982 2479 anno
2005 2443 2155 2479 XXXII.
2181 2455 2235 2489 pc.
2259 2445 2316 2481 Fl.
2333 2446 2460 2482 Basilii

233 2498 288 2523 vc.
312 2495 407 2522 anno
430 2483 545 2520 XVII.
569 2483 641 2519 ind.
655 2483 734 2520 VII.

2295 2492 2342 2532 [a.
2369 2493 2458 2532 558]

366 2566 454 2608 App.
487 2563 580 2598 VIII
589 2571 676 2597 extat
693 2565 726 2597 in
747 2564 886 2597 Vindob.
900 2564 987 2598 2160
1002 2565 1036 2598 in
1049 2565 1229 2608 appendice
1244 2565 1381 2607 Iuliani,
1399 2578 1438 2599 ez·
1454 2577 1516 2609 quo
1536 2566 1638 2599 edidit
1652 2566 1777 2600 Biener
1789 2566 1948 2601 Zeitschr.
1961 2569 1995 2612 f.
2009 2569 2116 2612 yeech.
2130 2569 2458 2604 Rechtsw.V352es.

365 2611 453 2654 App.
478 2609 538 2642 IX
558 2615 645 2642 extat
666 2609 699 2642 in
723 2609 849 2643 Iuliani
871 2609 979 2643 codice
1001 2607 1190 2654 Utinensis:
1207 2611 1268 2644 92*
1286 2617 1363 2655 post
1385 2617 1484 2644 const.
1506 2610 1565 2653 VI,
1589 2622 1627 2644 ex
1645 2622 1708 2654 quo
1723 2612 1827 2645 edidit
1842 2613 1974 2646 Haenel
1988 2613 2070 2647 Ber.
2089 2614 2120 2647 d.
2137 2614 2254 2650 Siichs.
2275 2615 2349 2650 Ges.
2369 2616 2457 2650 1852

227 2670 263 2702 p.
283 2657 324 2690 75
349 2662 379 2689 et
402 2655 525 2688 Iulian.
546 2666 581 2698 p.
599 2655 672 2688 225.

229 2789 449 2880 guffnldxalssggg
465 2788 535 2867 cliui.
553 2833 565 2876 11
583 2834 604 2867 6
619 2833 668 2874 in]
682 2832 810 2865 intuitu
823 2832 1029 2871 Zachariae;
1048 2832 1196 2866 lacunam
1208 2840 1309 2867 statur

257 2880 426 2914 veteribus
449 2880 525 2919 (non
541 2880 682 2918 sanum)]
700 2878 820 2910 veteris
839 2876 926 2910 iuris
942 2877 1129 2911 Zachariae
1144 2876 1157 2922 11
1176 2879 1195 2911 7
1212 2888 1308 2921 prae-

229 2883 332 2959 meant
355 2926 423 2957 cod.
443 2923 455 2966 11
473 2924 492 2957 8
517 2924 589 2963 nos]
614 2921 710 2954 nobis
725 2922 914 2955 Zachariae
931 2920 944 2965 ΙΙ
961 2921 1072 2955 oblate
1089 2923 1158 2957 cod.
1174 2921 1187 2967 11
1206 2925 1226 2957 9
1250 2933 1309 2955 an-

230 2979 333 3004 nuere
349 2969 462 3009 Kroll]
485 2976 625 3000 renuere
645 2967 714 3001 cod.
741 2966 893 2999 invenire
909 2967 1050 3001 Skutsch
1067 2966 1080 3011 11
1096 2967 1243 3000 reditum
1264 2986 1307 2993 -

230 3014 406 3048 fraudetur
426 3031 468 3037 —
488 3011 689 3045 solutionem
713 3011 925 3044 succumbeat
948 3012 1018 3045 cod.
1044 3011 1057 3055 11
1084 3013 1123 3046 11
1143 3022 1204 3056 per
1227 3013 1306 3046 add.

230 3060 335 3099 Beck,
359 3059 531 3101 praesente
555 3056 627 3099 lege
650 3055 837 3090 Zachariae
853 3056 866 3099 11
887 3057 927 3090 12
957 3056 1034 3089 data
1053 3058 1124 3092 cod.
1141 3060 1153 3100 11
1175 3058 1215 3092 13
1239 3067 1305 3090 me-

230 3103 366 3139 dietatis
391 3103 475 3144 ccd.,
499 3114 584 3135 corr.
599 3101 787 3134 Zachariae
813 3102 1067 3145 interpunctione
1088 3109 1162 3136 ante
1185 3103 1215 3135 si
1233 3105 1306 3136 sub-

231 3151 301 3184 lata
318 3149 331 3192 11
351 3149 392 3183 14
415 3157 533 3181 usuras
558 3147 626 3179 cod.
644 3146 657 3189 11
674 3155 694 3178 a
713 3145 767 3178 die
791 3145 990 3187 Zachariae]
1015 3145 1130 3180 audiet
1152 3148 1222 3180 cod.
1241 3147 1253 3191 11
1270 3148 1305 3180 in

231 3195 309 3229 add.
326 3193 515 3226 Zachariae
529 3192 542 3234 11
563 3193 604 3224 15
627 3193 807 3224 cessantem
832 3191 902 3224 cod.
921 3189 933 3234 ΙΙ
951 3191 981 3223 si
1004 3201 1070 3232 qua
1093 3193 1205 3224 utrum
1224 3193 1305 3232 cod.‚

231 3252 314 3273 corr.
341 3237 435 3271 Beck
457 3235 470 3280 11
503 3237 544 3269 16
568 3234 742 3268 conueniri
766 3236 836 3269 cod.
861 3235 874 3277 ΙΙ
903 3237 942 3270 17
967 3237 1107 3278 pignera
1131 3237 1199 3270 cod.
1226 3236 1239 3280 ΙΙ
1266 3239 1306 3271 18

229 3282 348 3317 solatio
365 3282 434 3316 cod.
452 3281 465 3324 11
481 3281 658 3323 pignerum
683 3282 752 3314 cod.
770 3280 783 3324 11
799 3282 904 3313 ratam
926 3280 1113 3324 portionem
1125 3299 1168 3306 —
1181 3282 1306 3324 partem

230 3329 301 3363 cod.
325 3327 338 3371 11
365 3328 405 3362 19
429 3326 582 3359 datorum
606 3325 805 3366 Zachariae]
830 3328 979 3358 actorum
1000 3327 1068 3358 cod.
1093 3326 1105 3368 11
1131 3325 1306 3369 pignerum

230 3373 300 3407 cod.
318 3372 331 3415 11
349 3371 553 3404 occasionem
573 3371 642 3404 cod.
659 3369 671 3414 11
691 3370 850 3413 temporis
865 3371 993 3412 addidi,
1017 3370 1207 3403 barbaricae
1230 3370 1304 3416 (in-

231 3414 420 3460 cursionis)
444 3415 631 3449 Zachariae
649 3415 662 3457 11
679 3425 891 3458 suppremere
908 3416 978 3449 cod.
998 3414 1010 3459 11
1027 3416 1068 3449 20
1094 3416 1306 3459 comprobare

230 3463 301 3496 cod.
317 3461 329 3505 11
347 3461 486 3504 pignera
501 3461 572 3493 cod.
588 3459 600 3504 ΙΙ
621 3460 661 3494 21
680 3459 874 3493 necessitate
887 3479 929 3485 —
943 3460 1084 3494 faciente
1097 3460 1285 3495 Zachariae
1292 3473 1305 3502 ;

231 3519 273 3540 an
298 3507 527 3540 necessitatem
541 3524 579 3529 —
595 3504 782 3546 augentes?
805 3504 817 3548 11
841 3515 944 3538 usura
967 3506 1036 3538 cod.
1054 3505 1067 3549 11
1085 3506 1128 3540 22
1142 3516 1304 3549 augmen-

230 3553 301 3585 tum
326 3552 396 3585 cod.
421 3555 435 3595 11
464 3550 505 3584 23
532 3551 612 3584 data
635 3556 682 3583 est
704 3551 755 3584 Iex
775 3550 876 3594 paulo
897 3558 971 3594 post
996 3550 1189 3584 Francorum
1214 3554 1304 3585 inva-

523 2789 543 2822 3
568 2787 806 2821 Alamannicus
829 2787 947 2828 Kroll]
972 2786 1122 2820 alanicus
1146 2788 1216 2822 cod.
1244 2787 1257 2832 11
1287 2790 1309 2823 4

1377 2790 1546 2867 {ittam
1549 2790 1870 2876 “2251‘2‘1‘321552'13035‘
1875 2790 1951 2869 {0¹11
1958 2791 2171 2870 23βῖῗέῗί
2187 2793 2263 2879 ,ῗέἤῑ
2278 2792 2456 2872 έὲξίζῖἰξ

1378 2880 1447 2911 cod.
1474 2879 1486 2920 11
1512 2880 1554 2912 26
1578 2878 1771 2914 triumfator
1793 2882 1863 2914 cod.
1888 2880 1901 2924 11
1923 2861 2029 2915 africa,
2052 2883 2122 2915 cod.
2140 2884 2153 2926 11
2172 2883 2213 2917 28
2241 2883 2456 2926 repetitiones

1377 2924 1449 2957 cod.
1477 2922 1491 2967 11
1521 2923 1656 2958 colonas
1687 2924 1743 2958 uel
1766 2925 1908 2959 rusticas
1932 2928 2016 2967 cod.‚
2047 2929 2154 2970 possis
2178 2928 2272 2961 etiam
2295 2928 2454 2972 <colonos

1376 2968 1429 3001 vel
1459 2968 1627 3013 rusticos>
1658 2970 1710 3002 vel
1735 2970 1869 3004 colonas
1894 2971 1945 3004 vel
1970 2971 2110 3005 rusticas
2143 2972 2154 3014 11
2188 2973 2230 3006 29
2249 2976 2454 3007 monstratur

1376 3013 1446 3046 cod.
1467 3013 1536 3055 1131
1563 3024 1673 3048 sacros
1697 3016 1818 3058 apices]
1844 3023 1890 3049 est
1913 3029 1990 3060 app.
2012 3017 2064 3050 VI
2076 3017 2088 3059 ΙΙ
2112 3016 2324 3059 promulgare
2348 3021 2418 3051 cod.
2441 3018 2454 3064 Ι

1376 3057 1494 3091 debere
1517 3060 1587 3094 cod.
1617 3059 1630 3102 ΙΙ
1658 3061 1854 3093 tusticorum
1878 3063 1948 3094 cod.
1971 3061 2016 3094 m¹
2038 3061 2050 3105 11
2078 3063 2120 3095 32
2151 3061 2320 3095 affricanis
2348 3065 2417 3096 cod.
2441 3066 2454 3107 11

1377 3104 1418 3137 33
1451 3102 1580 3137 nullam
1604 3105 1687 3146 cod.‚
1719 3104 1807 3137 nulli
1830 3105 2019 3139 Zachariae
2048 3105 2061 3150 11
2087 3108 2154 3138 tam
2185 3106 2222 3139 in
2246 3107 2328 3141 viris
2352 3118 2453 3149 quam

1377 3148 1494 3189 Kroll]
1518 3147 1555 3181 in
1579 3147 1663 3181 uiris
1686 3151 1754 3182 tam
1778 3151 1862 3192 cod.‚
1896 3150 1932 3182 in
1955 3150 2036 3184 viris
2061 3153 2121 3184 aut
2139 3150 2329 3185 Zachariae
2361 3153 2374 3196 11
2407 3154 2448 3187 35

1375 3192 1448 3233 deo]
1471 3192 1605 3226 domino
1629 3195 1700 3226 cod.
1724 3194 1736 3237 11
1764 3204 1830 3237 quo
1854 3205 1872 3228 a
1895 3197 2042 3239 tempore
2066 3197 2186 3237 Kroll]
2219 3196 2298 3238 quia
2322 3199 2452 3241 tempus

1375 3238 1459 3278 cod.‚
1483 3247 1549 3279 quo
1569 3240 1716 3280 tempore
1731 3239 1919 3274 Zachariae
1935 3240 1948 3284 ΙΙ
1966 3242 2007 3274 36
2033 3240 2179 3284 protelas
2195 3243 2265 3274 cod.
2286 3241 2298 3285 11
2315 3243 2357 3276 39
2373 3242 2451 3275 nul-

1374 3281 1443 3315 lam
1465 3283 1739 3326 prescriptionem
1763 3286 1831 3318 cod.
1850 3285 1923 3328 1140
1947 3285 2015 3326 sed]
2039 3286 2095 3319 sed
2120 3287 2153 3318 et
2175 3285 2364 3321 Zachariae
2388 3300 2451 3322 non

1375 3327 1457 3360 male
1481 3330 1494 3370 11
1519 3329 1559 3362 41
1581 3329 1795 3371 repetitiones
1818 3331 1888 3363 cod.
1906 3329 1918 3374 11
1944 3331 1987 3364 42
2011 3330 2152 3363 feriendi
2173 3332 2254 3371 cod.‚
2279 3344 2363 3365 corr.
2382 3332 2451 3366 Za-

1375 3373 1536 3416 chariaefl
1553 3374 1597 3408 43
1620 3375 1742 3407 subscr.
1767 3374 1916 3408 octubris
1941 3375 2117 3408 calcedona
2140 3375 2221 3419 imp.
2243 3376 2333 3411 donfi
2353 3376 2449 3410 iusti-

1374 3416 1476 3450 niano
1499 3419 1568 3452 cod.
1599 3417 1611 3455 ΙΙ
1647 3417 1788 3453 XXXII
1818 3419 2018 3460 Zachariae]
2049 3419 2180 3454 XXII?
2213 3422 2284 3454 cod.
2309 3447 2329 3462 ‚,
2356 3423 2451 3457 alluit

1374 3463 1542 3540 Quiritem?
1564 3461 1577 3507 ΙΙ
1606 3465 1671 3506 po.]
1695 3474 1784 3498 cons.
1809 3466 1878 3498 cod.
1908 3464 1921 3508 11
1948 3464 2047 3499 basili
2070 3475 2123 3498 uc.
2144 3475 2232 3498 anno
2258 3466 2319 3500 XV
2359 3466 2448 3501 indc.

1464 3519 1500 3541 co
1526 3532 1534 3540 .

2149 3771 2244 3804 101*
