2618 4010
158 169 458 203 EFFIGIUNTUR
487 170 559 202 SUI

159 272 234 304 τοῖς
267 267 441 316 δευτέροις
471 273 600 305 παισὶν
616 267 797 316 υοῖφορμὴν
828 273 890 314 τῆς
914 268 1065 318 ὕστερον
1094 269 1239 319 γνησιό-

159 327 280 357 τητος·
320 312 409 350 ὥςτε
438 313 579 350 ἄτοπον
609 318 654 358 ἠν
685 316 753 359 τὴν
785 313 932 363 ἀγαθὴν
964 317 1162 363 πρόφασιν,
1194 315 1240 361 ἣν

159 360 195 394 οἱ
213 360 304 404 μετὰ
329 362 445 394 ταῦτα
470 358 594 395 παῖδες
618 361 760 406 ἐξεῦρον
791 364 828 395 ἐκ
852 364 929 396 τῶν
959 366 1147 409 προτέρων
1178 362 1238 396 λα-

160 403 304 459 βόντές,
335 403 471 448 ταύτην
501 405 550 450 μὴ
581 410 640 439 καὶ
670 411 742 441 τοῖς
775 408 986 453 ὲμπροσθεν
1017 408 1059 442 τὸ
1090 406 1241 454 γνήσιόν

159 465 198 484 τε
230 464 306 494 αμα
334 455 394 485 καὶ
418 448 718 496 ἀσυκοφάντητον
754 456 836 500 περὶ
867 453 931 487 τὰς
962 455 1039 487 τῶν
1069 457 1239 498 πατέρων

160 494 285 531 δοῦναι
314 494 497 538 διαδοχάς·
535 495 718 542 πρόδηλον
748 496 802 539 ὅν,
835 495 882 532 αἶς
913 499 949 532 οἱ
977 501 1044 543 μὲν
1068 497 1238 544 νεώτεροι

160 539 284 576 παῖδες
314 543 352 575 ἐκ
382 543 445 575 τοῦ
476 540 589 586 νόμου
611 541 781 589 γεγόνασι
810 541 949 590 γνήσιοι
981 545 1043 578 τοῦ
1067 545 1110 578 τὸ
1136 557 1237 590 προι-

159 588 255 629 κῴον
273 587 538 631 αἰσχυνομένου,
555 587 597 621 τὸ
617 586 655 622 δὲ
672 587 714 632 δὴ
733 590 916 636 προικῷον
934 586 1022 622 αὐτὸ
1040 588 1108 632 τὴν
1125 586 1237 636 ἀρχὴν

159 634 218 664 καὶ
242 631 310 685 τὴν
334 631 525 687 πρόφασιν)
553 635 591 666 ἐκ
616 635 677 677 τῆς
702 634 914 678 ἔμπροσθεν
943 636 1045 676 ἔσχεν
1068 633 1237 677 οἰκειότη-

1228 156 1314 205 437

1898 160 2004 204 Nov.
2035 159 2262 203 LXXXIX
2292 161 2329 202 8.
2357 162 2383 202 9

1309 271 1433 306 cundis
1458 271 1541 307 filiis
1566 271 1806 313 occasionem,
1832 271 1892 316 qui
1916 275 2041 316 postea
2066 271 2141 307 nati
2165 274 2266 314 sunt,
2299 271 2383 315 legi-

1309 317 1385 352 timi
1407 317 1507 353 iuris.
1556 317 1780 362 Quapropter
1804 317 1998 353 absurdum
2017 319 2095 352 erat
2115 318 2301 362 benignam
2321 327 2382 352 oc-

1308 362 1498 404 casionem,
1530 372 1635 407 quam
1660 362 1793 407 posteri
1817 362 1880 397 filii
1904 363 2113 398 invenerunt
2138 373 2180 398 ex
2205 362 2383 407 prioribus

1310 411 1507 451 sumentes,
1543 418 1620 443 eam
1652 418 1723 442 non
1754 407 1859 443 etiam
1891 408 2068 453 prioribus
2103 408 2296 452 legitimum
2327 408 2382 443 ius

1276 458 1294 489 5
1309 453 1412 489 simul
1437 457 1473 488 et
1495 453 1572 489 sine
1596 452 1775 488 calumnia
1800 453 1896 488 circa
1917 457 2058 497 patrum
2079 453 2164 488 dare
2184 452 2382 488 successio-

1307 509 1389 534 nes:
1422 499 1541 543 palam
1564 499 1656 533 enim
1681 501 1735 533 est
1758 498 1841 542 quia
1865 498 2020 534 iuniores
2044 498 2109 533 filii
2132 509 2175 534 ex
2197 499 2274 543 lege
2296 498 2384 533 facti

1307 548 1391 579 sunt
1414 544 1486 585 sui,
1519 544 1588 579 hoc
1610 543 1748 578 initium
1773 543 1950 579 dotalibus
1974 544 2239 588 praebentibus.
2288 543 2382 587 Qua-

1306 592 1453 634 propter
1476 600 1586 624 unum
1611 589 1795 623 amborum
1827 588 1976 624 fecimus
2010 588 2166 623 ordinem
2200 591 2236 623 et
2260 589 2303 623 de
2328 598 2383 623 ce-

1306 638 1383 670 tero
1409 634 1603 669 calumnias
1628 634 1789 678 plurimis
1820 634 2031 668 abstulimus
2057 633 2382 677 constitutionibus,

159 688 227 710 τος.
275 688 364 711 ωςτε
393 682 479 722 μίαν
505 683 722 724 αμφοτέρων
754 679 1005 733 ἐποιησάμεθα
1030 679 1146 723 τάξιν,
1178 683 1237 713 καὶ
1254 679 1392 715 10illud
1418 679 1586 720 dicentes,
1619 682 1659 714 ut
1690 679 1743 714 vel
1775 679 1806 713 si
1837 690 1909 713 non
1941 678 2108 713 habuerit
2136 678 2228 714 filios
2256 682 2383 723 postea

159 722 223 755 τὰς
247 723 372 769 ἐφεξῆς
396 729 635 768 συκοφαντίας
660 723 719 758 διὰ
745 723 926 759 πλειόνων
950 723 1137 768 ανείλομεν
1161 722 1237 758 δια-

159 764 308 818 τάξεων,
331 770 444 802 ἐκεῖνο
461 768 650 814 φήσαντες,
673 768 720 804 ὠς
735 768 803 802 κᾶν
824 770 855 802 εἰ
871 769 919 813 μὴ
943 767 1236 811 παιδοποιήσειεν

158 808 310 858 ὕστερον
333 811 352 847 ὁ
378 815 507 859 πατήρ,
534 816 697 860 προικῷα
721 813 761 849 δὲ
780 811 876 859 ὅμως
897 815 1004 848 θοῖτο
1021 813 1236 859 συμβόλαια,

158 861 218 890 καὶ
249 855 364 893 οὕτως
393 856 498 893 οὐδὲν
528 860 639 903 ἡττον
658 864 836 915 ,γνησίους
871 860 941 900 ἕξει
978 858 1059 893 τοὺς
1094 857 1234 894 παῖδας.

1306 728 1418 769 pater,
1452 723 1585 758 dotalia
1607 725 1726 758 tamen
1758 724 1965 768 exposuerit
1988 723 2241 766 instrumenta,
2277 724 2384 758 etiam

1305 770 1356 804 sic
1381 768 1609 803 nihilominus
1641 779 1725 803 suos
1756 769 1888 803 habeat
1921 768 2023 803 filios.
2073 768 2119 804 Ut
2144 769 2235 803 enim
2259 779 2382 804 nasce-

1305 818 1428 849 rentur
1452 814 1483 848 ei
1507 813 1570 848 filii
1593 813 1671 856 alii,
1697 823 1802 848 casus
1827 813 1971 858 quidam
1996 813 2088 849 forte
2111 816 2325 858 potestatem
2350 818 2385 849 et

1304 859 1485 894 licentiam
1510 859 1646 899 habuit,
1672 858 1766 893 sicut
1789 859 1896 893 etiam
1920 861 2025 894 natos
2050 859 2200 901 auferre,
2225 860 2384 894 affectio-

158 905 221 936 τοῦ
246 904 420 951 γενέσθαι
444 907 510 949 μὲν
533 919 599 951 γαρ
625 919 723 948 αυτῳ
757 903 887 939 παῖδας
910 906 1048 950 ἑτέρους
1071 902 1159 947 τύχη
1183 916 1235 937 τις
1252 907 1290 939 15
1304 905 1358 939 nis
1391 914 1474 939 vero
1507 903 1752 948 probationem
1788 914 1880 949 quae
1912 904 1948 938 in
1980 904 2158 949 prioribus
2190 905 2258 940 fuit
2291 905 2384 939 natis

158 948 244 983 ἴσως
274 949 343 993 τὴν
375 951 540 991 ἐξουσίαν
571 964 610 984 τε
638 954 696 983 καὶ
726 950 795 993 τὴν
824 948 951 983 ἄδειαν
981 950 1082 992 εἶχεν,
1119 948 1235 995 ὥςπερ

159 998 217 1027 καὶ
238 999 445 1041 γενομένους
467 993 678 1041 ἀφελέσθαι,
702 995 771 1038 τὴν
790 993 830 1028 δὲ
847 996 908 1038 τῆς
929 993 1129 1028 διαθέσεως
1145 991 1232 1028 ἀπό-

160 1037 272 1080 δειξιν
295 1041 363 1083 τὴν
386 1044 458 1074 τοῖς
482 1041 691 1087 «ἔμπροσθεν
714 1043 916 1086 γενομένοις
945 1042 1076 1086 (φαμὲν
1100 1038 1139 1074 δὲ
1162 1039 1233 1087 πρὸ

160 1088 236 1119 τῶν
260 1087 453 1132 προικῴων
478 1085 722 1138 συμβολαίων)
753 1086 1012 1140 πμρασχοῦσαν
1040 1085 1108 1129 τὴν
1140 1082 1176 1119 εὖ
1201 1087 1233 1118 ε’-

1304 949 1387 991 (hoc
1411 953 1465 984 est
1489 951 1572 984 ante
1605 949 1738 984 dotalia
1758 949 2005 991 instrumenta)
2037 950 2267 993 praebentem
2298 950 2383 993 legi-

1303 995 1428 1075 {ilrppipi
1457 995 1511 1030 ius
1544 994 1631 1029 nihil
1661 994 1733 1029 tale
1764 994 1832 1029 suit
1864 996 1959 1040 quod
1987 995 2130 1031 auferre
2154 995 2296 1030 omnino
2320 1005 2384 1041 po-

160 1144 261 1165 νειαν
278 1128 382 1165 οὐδὲν
399 1134 444 1174 ἦν
460 1133 624 1165 τοιοῦτον
648 1144 739 1176 οπερ
762 1145 807 1164 αν
824 1129 1027 1176 αφελέσθαι
1048 1144 1164 1165 παντε
1188 1131 1235 1164 ὥς
1249 1133 1290 1165 20

159 1178 179 1211 1
226 1173 394 1219 ἠδύνατο.
449 1180 509 1210 καὶ
534 1177 586 1210 ἔτι
602 1175 737 1218 μᾶλλον
762 1176 801 1216 ἐξ
817 1173 976 1222 εὐλόγων
999 1177 1107 1210 τοῦτο
1132 1187 1233 1222 προς-

159 1221 324 1255 τέθειται
349 1220 539 1268 λογισμῶν,
572 1219 619 1255 αἶς
642 1222 672 1254 εἰ
704 1221 774 1267 πρὸ
808 1222 885 1255 τῶν
913 1220 1108 1267 προικιρων
1140 1223 1235 1255 ἐκυο-

161 1270 303 1311 φορεῖτο
333 1269 401 1311 μὲν
425 1264 443 1301 ὁ
476 1270 576 1308 παῖς,
608 1267 739 1310 ἐτέχθη
771 1265 811 1300 δὲ
840 1267 932 1309 μετὰ
964 1267 1006 1301 τὸ
1041 1268 1235 1311 προικῷον,

160 1312 299 1356 βοηθὸς
315 1313 430 1355 ἑαυτῷ
452 1316 590 1358 γίνεται
614 1308 636 1346 ὅ
659 1315 781 1365 γείκαὶ
803 1315 876 1346 τοῖς
900 1312 971 1357 πρὸ
997 1308 1107 1346 αὐτοῦ
1127 1313 1235 1346 τοῦτο

1303 1179 1324 1213 1
1372 1177 1522 1222 Insuper
1546 1175 1652 1211 etiam
1676 1185 1719 1210 ex
1742 1174 2016 1211 rationabilibus
2040 1175 2110 1211 hoc
2131 1175 2309 1211 adiectum
2331 1177 2386 1210 est

1306 1222 1441 1265 causis,
1479 1221 1562 1266 quia
1595 1221 1625 1255 si
1656 1224 1739 1256 ante
1772 1220 1905 1255 dotalia
1937 1225 2133 1266 conceptus
2166 1221 2306 1265 quidem
2330 1225 2385 1256 est

1305 1268 1415 1311 filius,
1451 1274 1557 1302 natus
1589 1268 1708 1301 autem
1740 1270 1822 1310 post
1845 1266 1998 1310 dotalia,
2032 1267 2223 1302 auxiliator
2254 1266 2309 1302 sui
2332 1266 2383 1309 fit,

1306 1313 1366 1358 qui
1391 1313 1497 1347 etiam
1522 1312 1701 1358 prioribus
1730 1311 1798 1346 hoc
1822 1311 1942 1346 facere
1966 1313 2092 1356 potuit.
2140 1312 2190 1346 Et
2213 1311 2384 1355 quaedam

160 1361 276 1391 ποιεῖν
301 1356 501 1411 ὃυνῗὶμενος.
518 1399 526 1410 <
549 1361 611 1391 καί
624 1369 677 1411 τις
700 1361 785 1400 ημῖν
809 1361 867 1391 καὶ
885 1357 1073 1392 κανονικὸς
1097 1357 1235 1402 ἑξεύρη-
1250 1360 1290 1392 25
1306 1369 1327 1393 a
1360 1358 1463 1393 nobis
1495 1358 1684 1393 adinventa
1720 1359 1775 1392 est
1805 1357 1897 1392 ratio
1929 1357 2102 1401 regularis
2138 1357 2269 1402 optime
2301 1367 2384 1391 nar-

158 1416 219 1436 ται
236 1402 483 1449 λόγοςάριστα
508 1415 750 1449 υφηγουμενος
768 1403 814 1437 τὰ
836 1406 917 1448 περὶ
940 1404 1002 1446 τῆς
1021 1404 1099 1437 τῶν
1118 1416 1236 1437 τικτο-

158 1451 280 1491 μένων
299 1447 562 1482 καταστάσεως.
605 1450 888 1492 στασιαζομένου
903 1447 982 1494 γάρ,
1008 1447 1162 1494 πότερον
1184 1446 1239 1482 δεῖ

159 1495 211 1536 τῷ
242 1494 305 1535 τῆς
340 1492 446 1536 συλλή
481 1505 546 1527 εως
581 1491 602 1536 ἢ
637 1494 689 1536 τῷ
728 1495 790 1536 τῆς
824 1493 1022 1548 γεννήσεως
1057 1497 1237 1539 προςέχειν

158 1540 284 1582 καιρῷ,
301 1536 444 1582 διενομο
477 1538 666 1582 ετήσαμεν,
687 1535 774 1573 disere
789 1553 836 1583 μη
853 1539 920 1573 τὸν
936 1539 1063 1585 καιρὸν
1079 1541 1141 1582 τῆς
1157 1538 1237 1573 συλ-

1305 1415 1390 1439 rans
1427 1404 1470 1440 de
1503 1403 1624 1439 ordine
1659 1402 1891 1438 nascentium.
1943 1402 2030 1437 Cum
2062 1403 2155 1438 enim
2191 1402 2384 1443 dubitetur,

1305 1452 1425 1484 utrum
1451 1450 1616 1494 oporteat
1641 1450 1835 1492 conceptus
1860 1458 1907 1482 an
1927 1451 2053 1492 partus
2077 1447 2209 1493 respici
2233 1450 2384 1492 tempus,

1307 1495 1488 1530 sancimus
1520 1498 1560 1529 ut
1591 1504 1663 1529 non
1693 1497 1832 1537 tempus
1858 1496 2064 1538 conceptus,
2098 1494 2158 1529 sed
2183 1498 2307 1538 partus
2331 1493 2385 1527 in-

1307 1540 1481 1585 spiciatur
1510 1542 1658 1584 propter
1688 1538 1841 1574 filiorum
1864 1538 2073 1574 utilitatem:
2110 1539 2140 1574 si
2163 1549 2245 1574 vero
2272 1538 2385 1574 conti-

159 1582 309 1628 λήψεως,
335 1581 425 1617 ἀλλὰ
447 1584 514 1618 τὸν
530 1585 595 1617 τοῦ
616 1597 763 1618 τοκετου
781 1584 1001 1618 σκοπεῖσθαι
1023 1582 1083 1618 διὰ
1099 1584 1142 1618 τὸ
1160 1586 1237 1618 τῶν
1252 1588 1292 1620 30
1306 1586 1395 1630 gerit
1418 1586 1507 1620 tales
1533 1585 1672 1630 aliquas
1694 1584 1894 1628 excogitare
1916 1584 2203 1620 circumstantias
2226 1594 2384 1626 casuum,

159 1626 305 1663 παίδων
329 1632 526 1675 συμφέρον·
563 1627 611 1663 αἷς
634 1629 669 1663 εἴ
685 1643 726 1676 γε
749 1633 907 1674 συμβαίη
939 1630 1108 1664 τοιαύτας
1137 1630 1237 1664 τινας

159 1675 404 1718 ἐπινοηθῆναι
436 1678 660 1720 περιπετείας
691 1675 880 1719 θεμάτων,
912 1677 953 1709 ἐν
982 1675 1033 1709 οἷς
1063 1674 1236 1709 λυσιτελέ-

159 1719 282 1765 στερός
314 1722 413 1754 ἐστιν
437 1716 457 1753 ὁ
481 1721 544 1763 τῆς
568 1719 774 1766 συλλήψεως
803 1721 925 1764 καιρὸς
956 1721 1055 1766 παρὰ
1081 1721 1149 1754 τὸν
1171 1722 1235 1754 τοῦ

1306 1632 1343 1666 in
1364 1631 1492 1676 quibus
1518 1630 1639 1666 utilius
1664 1633 1719 1665 est
1742 1630 1986 1674 conceptionis
2011 1634 2150 1674 tempus
2176 1639 2281 1674 quam
2304 1639 2387 1674 par-

1306 1680 1365 1711 tus
1401 1679 1560 1721 tempus,
1596 1675 1683 1710 illud
1717 1675 1835 1710 valere
1869 1676 1982 1719 magiis
2017 1675 2256 1721 praecipimus
2292 1674 2387 1720 quod

1307 1722 1429 1757 utilius
1454 1722 1500 1757 sit
1523 1720 1695 1758 nascenti.

158 1766 304 1799 τοκετοῦ
328 1764 470 1811 χρόνον,
495 1767 630 1799 ἐκεῖνον
654 1769 798 1810 κρατεῖν
821 1765 958 1810 μᾶλλον
981 1765 1237 1811 παρεκελευσά-

158 1811 258 1853 μεθα
283 1807 320 1845 ὃς
344 1810 616 1856 συμφορώτερος
639 1813 694 1854 τῷ
719 1811 888 1854 τεχθέντι
910 1811 1110 1858 γενήσεται.

1253 1815 1294 1847 35

1153 1902 1310 1938 CAPUT
1335 1902 1398 1937 IX.

218 1955 372 1990 Κάκεῖνο
395 1960 518 2002 μέντοι
543 1954 633 2002 παρ’
660 1955 765 2001 ἡμῶν
789 1959 1093 2002 νενομοθέτηται,
1127 1959 1186 1993 ἵνα
1210 1960 1245 1992 εἴ
1364 1958 1457 1994 Illud
1481 1961 1600 1994 tamen
1624 1968 1646 1993 a
1671 1958 1774 1994 nobis
1800 1956 1976 1993 sancitum
2000 1959 2070 2001 est,
2102 1959 2143 1993 ut
2167 1957 2197 1992 Si
2222 1958 2302 2002 quis
2327 1969 2386 1993 VO-

160 2014 212 2036 τις
236 2001 402 2046 βούλοιτο
425 2006 579 2048 γνησίαν
610 2003 677 2046 τὴν
702 2003 831 2037 ἑαυτοῦ
863 2006 1087 2048 καταστῆσαι
1115 2004 1238 2051 γονήν,
1308 2005 1415 2039 luerit
1435 2004 1626 2047 legitimam
1647 2014 1747 2039 suam
1764 2003 1884 2038 facere
1901 2002 2058 2038 sobolem
2080 2007 2116 2037 et
2134 2013 2206 2038 non
2223 2003 2389 2038 habuerit

160 2047 221 2080 οὐκ
246 2045 413 2092 εὖποροίη
445 2046 484 2081 δὲ
504 2050 658 2094 γαμετῆς
690 2049 752 2091 τῆς
784 2050 862 2082 τῶν
887 2049 1063 2084 τοιούτων
1092 2048 1239 2085 παίδων
1308 2060 1456 2085 uxorem
1487 2050 1611 2084 talium
1643 2049 1794 2085 filiorum
1826 2051 1994 2092 matrem,
2029 2052 2092 2083 aut
2122 2048 2214 2083 filios
2247 2048 2387 2092 quidem

160 2091 310 2140 μητρός,
341 2092 365 2136 ἢ
387 2093 468 2128 τοὺς
496 2095 563 2137 μὲν
594 2091 724 2127 παῖδας
755 2091 1013 2140 ὑπεραγαπῶν,
1045 2095 1092 2129 τὰ
1117 2093 1156 2129 δὲ
1178 2096 1240 2138 τῆς
1310 2095 1411 2130 valde
1448 2094 1588 2139 diligat,
1624 2095 1750 2130 mulier
1784 2098 1903 2130 autem
1939 2103 2010 2128 11011
2047 2094 2123 2129 sine
2158 2099 2307 2139 peccato
2343 2094 2389 2129 Sit

163 2184 304 2229 copiam
328 2182 426 2217 dedit
449 2183 687 2227 leqitimorum
711 2183 801 2217 iuris
818 2188 951 2228 postea
974 2184 1206 2229 acquirendi:
1242 2183 1336 2218 unde
1367 2182 1562 2218 absurdum
1593 2187 1684 2218 esset
1713 2182 1844 2218 bonam
1877 2182 2118 2225 occasionem,
2150 2194 2259 2229 quam
2285 2183 2388 2219 liberi

161 2233 290 2274 postea
313 2228 393 2262 nati
414 2228 625 2263 invenerunt
649 2239 671 2262 a
694 2228 880 2272 prioribus
903 2234 1104 2273 acceptam,
1137 2228 1285 2264 eandem
1317 2239 1389 2263 non
1415 2227 1604 2273 prioribus
1635 2239 1780 2273 quoque
1805 2228 2043 2273 leqitimorum
2075 2228 2131 2263 ius
2153 2228 2263 2263 simul
2276 2240 2386 2275 prae-

163 2278 261 2308 stare
284 2273 450 2317 omnique
473 2283 535 2307 eos
559 2272 739 2307 calumnia
764 2273 802 2307 in
820 2276 971 2318 patrum
994 2273 1278 2308 successionibus
1302 2272 1476 2314 liberare‚·
1506 2283 1586 2307 cum
1610 2273 1842 2317 manifestum
1866 2273 1914 2308 sit
1930 2273 2158 2319 posteriores
2182 2273 2315 2309 liberos
2338 2285 2388 2310 ex

165 2318 242 2364 leqe
274 2317 453 2363 leqitimos
483 2328 558 2352 esse
588 2317 724 2363 factOS,
757 2329 850 2362 quae
878 2317 1000 2352 dotale
1028 2318 1301 2353 instrumentum
1330 2321 1507 2359 vereatur,
1539 2317 1657 2362 ipsum
1682 2329 1765 2352 vero
1791 2318 1913 2352 dotale
1942 2318 2216 2353 instrumentum
2247 2319 2387 2354 initium

165 2368 199 2399 et
222 2373 368 2398 causam
392 2373 441 2398 ex
457 2362 586 2409 priore
611 2362 866 2397 consuetudine
890 2362 1066 2397 habuisse.
1114 2362 1344 2409 Quapropter
1369 2373 1477 2397 unum
1508 2366 1743 2407 utrorumque
1775 2363 1960 2407 effecimus
1983 2362 2165 2407 ordinem,
2196 2367 2232 2398 et
2255 2364 2385 2399 calum-

166 2409 246 2443 nias
281 2408 448 2453 deinceps
487 2412 588 2442 ortas
622 2419 693 2454 per
729 2407 856 2454 plures
892 2408 1166 2442 constitutiones
1203 2407 1429 2449 sustulimus,
1500 2407 1536 2440 ui
1573 2406 1665 2442 illud
1702 2407 1862 2442 diximus
1894 2411 2039 2453 patrem
2079 2407 2220 2443 etiamsi
2256 2414 2386 2454 postea

167 2453 296 2489 liberos
326 2464 398 2488 non
428 2453 642 2498 susceperit,
679 2457 719 2487 at
745 2453 778 2487 si
809 2452 946 2488 dotalia
977 2453 1215 2488 instrumenta
1244 2452 1392 2497 fecerit,
1429 2452 1467 2486 ni
1494 2452 1661 2487 ilominus
1690 2453 1743 2487 sic
1774 2463 1846 2498 quo
1874 2464 1918 2487 ue
1950 2452 2129 2497 leqitimos
2156 2453 2256 2497 filios
2287 2453 2385 2488 liabi-

167 2503 285 2534 turum
309 2509 395 2534 esse.
445 2497 539 2533 Nam
563 2502 603 2533 ut
626 2497 692 2532 alii
713 2498 746 2532 ei
768 2502 1004 2533 nascerentur
1024 2498 1111 2541 filii,
1146 2497 1195 2533 ad
1215 2498 1389 2542 fortunae
1409 2497 1491 2542 fere
1512 2499 1727 2543 potestatem
1750 2503 1785 2533 et
1808 2508 1852 2532 ar
1877 2497 1997 2532 itrium
2018 2497 2232 2543 pertinebat,
2291 2509 2385 2534 uem-

166 2543 358 2579 admodum
387 2544 494 2579 etiam
527 2548 566 2577 ut
596 2543 673 2578 nati
703 2543 940 2589 eriperentur,
974 2542 1126 2588 affectus
1157 2554 1240 2579 vero
1263 2542 1537 2589 probationem,
1571 2553 1663 2587 quae
1687 2547 1795 2578 antea
1825 2542 1923 2578 natis
1954 2542 2119 2582 (dicimus
2142 2547 2225 2578 ante
2274 2543 2386 2579 otalia

165 2592 186 2625 1
233 2590 481 2630 instrumenta)
506 2588 762 2634 inqenuitatem
781 2588 971 2635 praebuit,
1003 2587 1093 2622 niliil
1116 2591 1195 2622 erat
1218 2587 1317 2633 quod
1340 2588 1479 2634 eripere
1504 2588 1649 2622 omnino
1667 2591 1803 2633 posset.
1935 2588 1988 2623 Ac
2011 2588 2127 2633 maqis
2151 2588 2258 2623 etiam
2281 2589 2387 2624 iustis

166 2645 214 2670 ex
238 2634 357 2669 causis
380 2633 472 2668 illud
494 2633 671 2668 adiectum
694 2637 758 2675 est,
779 2633 895 2678 silium
918 2634 952 2668 si
974 2637 1058 2669 ante
1081 2632 1221 2668 dotalia
1244 2633 1482 2668 instrumenta
1506 2632 1649 2678 quidem
1673 2636 1877 2679 conceptuS,
1896 2638 1986 2678 post
2008 2633 2144 2668 dotalia
2168 2645 2252 2669 vero
2278 2638 2387 2670 natus

165 2680 224 2721 sit,
254 2679 323 2714 sibi
354 2678 473 2725 ipsum
504 2678 646 2714 auxilio
679 2689 765 2720 esse,
797 2678 931 2724 quippe
955 2678 1018 2724 qui
1041 2678 1086 2712 iis
1110 2689 1254 2724 quoque
1284 2678 1346 2723 qui
1370 2682 1453 2713 ante
1476 2688 1555 2712 eum
1580 2677 1658 2712 nati
1688 2677 1761 2713 sint
1792 2677 1859 2713 lzoc
1880 2682 2072 2724 praestare
2090 2679 2221 2724 possit.
2269 2680 2386 2731 Atque

165 2730 219 2760 est
242 2724 344 2759 nobis
367 2724 475 2759 etiam
498 2724 594 2759 ratio
619 2723 796 2768 quaedam
820 2725 937 2759 instar
960 2723 1107 2769 requlae
1130 2723 1286 2764 inventa,
1311 2733 1403 2768 quae
1418 2734 1461 2758 ea
1478 2733 1571 2768 quae
1591 2722 1640 2757 ad
1653 2726 1787 2757 statum
1812 2724 2033 2758 nascentium
2046 2723 2235 2769 pertinent
2255 2729 2387 2770 optime

166 2770 340 2816 eoeplicat.
391 2769 476 2805 Cum
499 2770 592 2804 enim
616 2769 854 2812 dubitaretur,
885 2773 1005 2804 utrum
1030 2768 1274 2814 conceptionis
1297 2778 1344 2802 an
1367 2771 1499 2813 partus
1524 2772 1660 2813 tempus
1683 2768 1945 2814 respiciendum
1969 2772 2072 2809 esset,
2096 2768 2289 2804 sanximus
2312 2781 2385 2804 non

168 2819 306 2860 tempus
330 2814 583 2860 conceptioniS,
606 2813 670 2849 sed
689 2818 822 2860 partus
844 2825 920 2849 esse
943 2813 1177 2859 spectandum
1196 2817 1354 2859 propter
1377 2812 1566 2847 utilitatem
1592 2812 1804 2847 liberorum:
1826 2812 2124 2859 quemadmodum
2147 2814 2180 2848 si
2200 2814 2264 2860 qui
2284 2815 2387 2860 forte

167 2860 342 2896 eiusmodi
372 2870 492 2894 rerum
517 2870 622 2894 casus
645 2859 909 2904 excoqitentur,
940 2859 978 2893 in
1003 2858 1131 2904 quibus
1153 2862 1288 2904 tempus
1311 2857 1557 2904 conceptionis
1588 2858 1713 2892 utilius
1742 2858 1791 2893 sit
1814 2869 1922 2903 quam
1952 2863 2084 2904 partus
2116 2863 2263 2905 tempus,
2295 2859 2388 2894 illud

165 2906 290 2952 potius
312 2904 432 2940 valere
481 2904 703 2955 raecepimus
727 2904 827 2949 quod
848 2908 934 2939 nato
961 2904 1203 2950 opportunius
1223 2903 1391 2948 futurum
1414 2903 1472 2937 sit.

301 2950 364 2985 IX.
422 2915 550 2984 Virum
583 2949 674 2983 illud
705 2959 846 2994 quoque
870 2960 893 2983 a
916 2949 1020 2983 nobis
1049 2949 1225 2983 sancitum
1248 2952 1317 2989 est,
1350 2951 1390 2982 ut
1413 2947 1444 2981 Si
1468 2947 1549 2992 quis
1572 2946 1766 2998 leqitimam
1799 2946 1949 2983 reddere
1973 2948 2057 2983 velit
2087 2948 2246 2983 subolem
2270 2959 2385 2989 suam,

168 3007 283 3040 neque
305 3005 388 3030 vero
412 3005 564 3029 uxorem
589 2993 719 3029 habeat
743 2993 916 3029 eiusmodi
936 2994 1094 3038 fitiorum
1119 2999 1285 3035 matrem,
1308 2992 1382 3028 sive
1397 2991 1529 3026 liberos
1552 2992 1693 3037 quidem
1717 2991 1821 3027 valde
1841 2992 1982 3037 diliqut,
2007 2993 2167 3029 mulieris
2190 2998 2308 3029 autem
2329 3005 2388 3029 res

215 3088 230 3119 1
258 3085 320 3127 τῆς
343 3081 506 3137 ὕστερον]
531 3085 589 3126 qui
612 3087 726 3136 postea
750 3084 820 3116 nati
844 3086 921 3116 sunt
946 3086 981 3125 (i.
999 3097 1023 3116 e.
1044 3086 1116 3117 τοῖς
1140 3081 1239 3117 ὕστε-
1371 3085 1385 3116 1
1412 3081 1570 3124 legitimis
1592 3081 1642 3114 V¹
1673 3080 1685 3125 Η
1713 3083 1732 3115 2
1757 3083 1838 3121 erat]
1871 3084 1920 3114 est
1949 3083 1980 3114 T
2000 3083 2012 3125 Η
2042 3084 2063 3115 4
2088 3082 2186 3114 etiam
2213 3085 2274 3116 del.
2297 3083 2345 3116 R²
2376 3082 2387 3128 Η

169 3132 245 3175 ρον)
271 3141 290 3166 ς’
306 3129 318 3172 Η
344 3132 363 3162 5
388 3142 427 3163 τε
451 3132 538 3173 αμα]
562 3141 601 3162 τε
624 3126 698 3171 ἃμα
721 3141 760 3161 τε
785 3129 830 3161 Bt
850 3130 859 3169 Η
877 3128 1210 3174 συκοφοὶντητονῇι
1232 3129 1243 3173 Η

171 3178 188 3209 7
213 3175 277 3209 τοῦ
301 3173 343 3207 τὸ
368 3175 551 3219 προικῷον
575 3194 619 3198 ——-
643 3176 663 3207 9
688 3171 913 3215 οἰκειότητος]
944 3175 1005 3206 hoc
1027 3175 1161 3206 initium
1187 3175 1243 3207 do-

169 3221 293 3254 talibus
315 3220 548 3262 praebentibus
573 3231 591 3255 ς
615 3219 626 3262 Η
652 3221 671 3253 8
697 3214 784 3252 αὐτὸ
806 3220 858 3259 Μ]
886 3215 993 3252 αὐτὸς
1007 3219 1053 3252 L¹
1074 3215 1170 3261 αὐτῷ
1186 3218 1244 3263 ΒΗ

172 3269 191 3300 9
216 3267 319 3306 ἔσχεν
339 3266 376 3297 ἐκ
392 3264 455 3306 τῆς
471 3263 682 3308 ἔμπροσθεν
699 3265 729 3296 L
747 3264 759 3306 Η
787 3265 823 3297 11
847 3261 1061 3304 διατάξεων]
1086 3277 1155 3297 nov.
1170 3265 1249 3297 XII

170 3325 195 3345 c.
211 3313 241 3345 4.
267 3311 368 3344 ΧΙΧ.
387 3311 587 3342 LXXIVc.
605 3312 632 3343 1.
649 3311 667 3343 2
685 3309 696 3352 Η
718 3311 757 3342 12
771 3307 951 3353 φήσαντος
964 3311 1014 3342 La
1031 3310 1043 3352 Η
1060 3306 1129 3342 κᾶν
1142 3310 1243 3350 ΕΒς]

170 3353 234 3389 οὐκ
258 3352 304 3388 ἂν
331 3356 375 3388 M
393 3355 405 3398 Η
433 3357 473 3389 13
499 3354 603 3387 θεῖτο
628 3368 693 3388 cum
709 3355 989 3397 Serimyerovulq.
1007 3355 1086 3396 (ΒΓ)
1103 3355 1115 3397 Η
1143 3356 1182 3389 16
1205 3367 1243 3388 τε

171 3415 228 3435 om.
244 3402 279 3434 B
294 3400 306 3445 Η
328 3402 368 3434 18
384 3402 579 3446 γενομένην
593 3401 623 3433 L
641 3399 652 3442 Η
670 3396 720 3440 δὲ]
738 3397 781 3442 δὴ
794 3400 829 3432 Β
854 3395 893 3432 δὲ
906 3398 975 3442 τὴν
989 3399 1036 3432 L²
1051 3398 1064 3444 Η
1084 3401 1122 3433 21
1143 3411 1244 3444 προς-

171 3446 317 3480 τίθεται
332 3447 365 3478 Β
384 3450 395 3487 Η
413 3447 452 3479 23
469 3443 604 3487 ἐτάχθη
623 3446 668 3477 La
685 3445 697 3487 Η
716 3446 756 3478 27
771 3445 1054 3487 στασιαζομένου
1068 3445 1139 3485 Μς]
1159 3456 1244 3478 στα-

171 3492 396 3534 σιαζομένων
413 3491 496 3524 LBf
514 3488 799 3534 στασιαζόμενον
817 3491 970 3529 (ultimum
987 3501 1006 3522 ο
1024 3492 1055 3523 in
1073 3492 1153 3530 ras.)
1172 3491 1218 3523 Bt
1234 3490 1246 3534 Η

173 3538 214 3570 28
237 3538 406 3581 γενέσεως
428 3537 458 3569 L
477 3535 488 3578 Η
514 3537 554 3569 29
580 3532 948 3578 διενομοθετήσαμεν]
975 3531 1049 3568 δεῖν
1073 3534 1244 3578 ἐνομοθε-

172 3579 330 3624 τήσαμεν
345 3581 390 3614 Bl
411 3578 806 3623 (διεθεσμοθετήσαμεν
819 3581 1027 3622 Zachariae).
1058 3582 1244 3615 Constitutio

174 3638 235 3659 non
249 3635 334 3660 extat
352 3626 363 3669 ΙΙ
381 3628 421 3661 30
436 3625 503 3659 τὸν
523 3639 579 3659 οιη.
591 3626 622 3658 L
638 3625 650 3669 Η
670 3628 708 3660 31
726 3622 775 3659 ὥς
791 3624 887 3670 εἴγε]
909 3625 938 3658 si
954 3636 1030 3658 vero
1047 3637 1066 3662 ς
1084 3625 1096 3668 Η
1112 3627 1154 3660 33
1170 3626 1243 3668 τῆς]

173 3670 217 3713 τῆ
243 3671 289 3704 L¹
313 3671 325 3715 Η
356 3673 399 3705 34
423 3672 557 3705 ἐκείνου
583 3671 634 3704 B!
653 3671 665 3713 Η
696 3673 737 3705 35
763 3669 1029 3715 συμφερώτερος
1053 3672 1138 3712 libri,
1163 3684 1244 3705 corr.

175 3715 338 3760 Scrimqer
352 3716 365 3761 Η
385 3719 424 3751 37
447 3713 664 3759 καταστήσει
684 3716 731 3749 L¹
755 3714 993 3758 καταστήσειν
1011 3715 1058 3748 L²

1313 3132 1331 3163 5
1349 3129 1425 3161 dare
1447 3140 1504 3160 om.
1522 3126 1570 3159 T¹
1589 3126 1600 3169 Η
1620 3129 1637 3159 7
1655 3126 1883 3169 praesentibus
1901 3127 1948 3159 R¹
1967 3127 1978 3169 Η
1997 3129 2037 3160 10
2054 3127 2152 3168 illud]
2175 3130 2213 3160 ut
2231 3128 2318 3160 illud
2332 3129 2364 3161 T
2376 3133 2386 3171 Η

1315 3176 1351 3208 11
1367 3175 1496 3205 tantum
1510 3172 1607 3214 RVn
1630 3173 1668 3204 12
1681 3172 1740 3212 sic]
1758 3172 1784 3203 si
1804 3171 1846 3203 Τι
1865 3170 1877 3214 Η
1898 3173 1936 3204 13
1951 3172 2084 3212 quidam
2102 3174 2233 3215 Tvuly]
2253 3173 2383 3214 quidem

1312 3218 1410 3261 RVu
1430 3219 1471 3251 14
1495 3217 1634 3249 aufferre
1657 3217 1719 3249 VT
1732 3216 1743 3259 Η
1761 3216 1901 3248 actionis
1922 3217 1970 3249 V¹
1988 3216 2000 3259 Η
2025 3219 2064 3250 15
2086 3217 2280 3260 probatione
2303 3218 2352 3250 V³
2376 3217 2387 3262 Η

1315 3266 1354 3298 16
1378 3265 1438 3295 hec
1459 3263 1515 3304 ῘῙΗ
1530 3261 1707 3304 praebente
1732 3261 1786 3305 ΤΗ
1815 3263 1852 3295 17
1878 3261 1981 3293 fuerit
2001 3261 2051 3294 R2
2070 3262 2081 3305 Η
2098 3263 2213 3295 offerre
2233 3263 2386 3303 (aufferre

1321 3309 1383 3350 V3)
1407 3307 1542 3341 omnino
1566 3307 1598 3339 V
1616 3307 1750 3338 omnino
1771 3306 1887 3338 offerre
1914 3307 1946 3339 T
1960 3305 1972 3350 Η
1989 3308 2028 3341 21
2051 3317 2149 3350 super
2174 3308 2242 3340 ΒΤ
2258 3307 2270 3349 Η
2285 3307 2386 3340 ratio-

1313 3354 1478 3387 nabilibus
1500 3353 1577 3392 VT]
1602 3351 1822 3384 rationalibus
1850 3351 1978 3394 Rvulq.
2004 3351 2015 3393 ΙΙ
2048 3353 2090 3385 22
2116 3353 2195 3393 quia
2219 3352 2259 3392 si]
2292 3353 2386 3394 quasi

1315 3400 1416 3432 RVT
1428 3398 1440 3441 Η
1460 3399 1501 3431 23
1520 3397 1644 3429 dotalia
1663 3396 1789 3428 auxilia
1809 3395 1988 3428 auxiliator
2008 3397 2040 3429 V
2053 3397 2064 3440 Η
2081 3397 2130 3438 fit]
2154 3397 2197 3429 sit
2224 3397 2272 3430 Τ2
2295 3398 2386 3430 fuit?

1318 3446 1348 3477 T
1354 3445 1363 3464 ¹
1383 3444 1395 3487 Η
1414 3445 1455 3477 24
1472 3442 1652 3485 prioribus]
1679 3441 1976 3474 constitutionibus
1995 3443 2071 3474 add.
2088 3443 2120 3475 Τ
2126 3443 2139 3461 ²
2158 3441 2169 3485 Η
2187 3443 2228 3476 25
2248 3442 2387 3475 inuenta

1321 3490 1352 3522 V
1366 3488 1377 3533 Η
1395 3490 1436 3522 26
1462 3488 1655 3520 dubitentur
1672 3487 1722 3519 T‘²
1741 3486 1753 3530 Η
1777 3488 1816 3519 27
1839 3490 1995 3528 concept*
2023 3487 2070 3519 V¹
2094 3487 2247 3529 concepti
2267 3488 2357 3521 V³T
2375 3487 2386 3531 Η

1313 3546 1355 3567 an
1382 3547 1438 3566 om.
1462 3533 1580 3566 V¹RT
1601 3531 1613 3576 Η
1637 3534 1767 3575 partum
1790 3532 1839 3564 Va
1866 3534 1877 3572 Η
1902 3533 1944 3566 28
1971 3533 2029 3573 leq.
2055 3532 2280 3564 sancivimus?
2298 3532 2310 3576 Η
2338 3536 2386 3574 ut]

1313 3580 1425 3620 itaque
1446 3580 1484 3610 ut
1506 3579 1539 3611 V
1561 3577 1572 3620 Η
1603 3579 1643 3611 29
1668 3577 1870 3618 contingerit
1894 3577 1926 3609 R
1953 3576 1965 3620 Η
1995 3577 2037 3610 30
2064 3578 2244 3618 excogitari
2267 3578 2354 3620 vulq.
2376 3581 2387 3621 Η

1314 3627 1351 3658 31
1373 3622 1626 3666 contemptionis
1645 3623 1677 3654 R
1694 3622 1706 3665 Η
1724 3624 1865 3663 tempus]
1890 3624 1939 3654 est
1955 3625 2085 3665 tempus
2103 3623 2147 3655 R¹
2165 3622 2177 3665 ΙΙ
2194 3623 2236 3656 32
2257 3625 2387 3666 tempus

1315 3671 1374 3702 del.
1386 3668 1435 3701 12³
1450 3668 1463 3713 Η
1489 3670 1531 3702 33
1548 3678 1755 3700 nascentem*
1781 3667 1828 3700 V¹
1845 3667 1857 3710 Η
1881 3668 1923 3700 36
1940 3669 2070 3699 tantum
2086 3668 2118 3700 R
2129 3668 2159 3701 V
2173 3667 2185 3711 Η
2201 3671 2239 3699 ut
2255 3669 2288 3708 (a
2304 3681 2385 3700 corr.

1322 3715 1381 3756 V³)
1406 3714 1502 3747 nobis
1526 3713 1688 3746 sancitum
1723 3714 1772 3745 cst
1801 3725 1862 3745 scr.
1892 3712 1939 3745 V2
1963 3714 1995 3745 in
2020 3726 2086 3747 ras.
2115 3712 2128 3756 Η
2157 3714 2196 3746 37
2221 3712 2387 3754 legitimas

1314 3771 1389 3794 suas
1410 3760 1517 3792 faeere
1537 3758 1664 3791 soboles
1684 3758 1716 3791 V
1728 3757 1740 3801 Η
1758 3759 1801 3791 39
1819 3756 1931 3799 diligit
1952 3758 1984 3791 V
