<?xml version="1.0" encoding="UTF-8"?>
<!DOCTYPE html PUBLIC "-//W3C//DTD XHTML 1.0 Transitional//EN"
    "http://www.w3.org/TR/xhtml1/DTD/xhtml1-transitional.dtd">
<html xmlns="http://www.w3.org/1999/xhtml" xml:lang="en" lang="en">
 <head>
  <title>
</title>
<meta http-equiv="Content-Type" content="text/html;charset=utf-8" />
  <meta name='ocr-system' content='tesseract 3.04.00' />
  <meta name='ocr-capabilities' content='ocr_page ocr_carea ocr_par ocr_line ocrx_word'/>
</head>
<body>
  <div class='ocr_page' id='page_1' title='image "./corpusiuriscivil03krueuoft_0552.png"; bbox 0 0 2586 3990; ppageno 0'>
   <div class='ocr_carea' id='block_1_1' title="bbox 271 110 639 166">
    <p class='ocr_par' dir='ltr' id='par_1_1' title="bbox 271 110 639 166">
     <span class='ocr_line' id='line_1_1' title="bbox 271 110 639 166; baseline -0.005 -11"><span class='ocrx_word' id='word_1_1' title='bbox 271 110 494 155; x_wconf 83' lang='lat' dir='ltr'><strong>Nov.OX1</strong></span> <span class='ocrx_word' id='word_1_2' title='bbox 524 124 584 166; x_wconf 87' lang='lat' dir='ltr'><strong>pr.</strong></span> <span class='ocrx_word' id='word_1_3' title='bbox 619 114 639 153; x_wconf 92' lang='lat'>1</span> 
     </span>
    </p>
   </div>
   <div class='ocr_carea' id='block_1_2' title="bbox 267 215 1350 667">
    <p class='ocr_par' dir='ltr' id='par_1_2' title="bbox 267 215 1350 667">
     <span class='ocr_line' id='line_1_2' title="bbox 269 215 1344 264; baseline -0.002 -10"><span class='ocrx_word' id='word_1_4' title='bbox 269 220 351 255; x_wconf 77' lang='grc' dir='ltr'><strong><em>τοῦς</em></strong></span> <span class='ocrx_word' id='word_1_5' title='bbox 380 221 442 262; x_wconf 82' lang='grc' dir='ltr'><strong>τῆς</strong></span> <span class='ocrx_word' id='word_1_6' title='bbox 471 218 710 264; x_wconf 73' lang='grc' dir='ltr'><em>παραγραφῆς</em></span> <span class='ocrx_word' id='word_1_7' title='bbox 741 215 892 262; x_wconf 87' lang='grc' dir='ltr'><strong><em>δρόμους</em></strong></span> <span class='ocrx_word' id='word_1_8' title='bbox 922 219 1214 254; x_wconf 65' lang='grc' dir='ltr'><strong><em>ἐπεκτείνεσθαι·</em></strong></span> <span class='ocrx_word' id='word_1_9' title='bbox 1250 215 1344 252; x_wconf 79' lang='grc' dir='ltr'><strong><em>καθ’</em></strong></span> 
     </span>
     <span class='ocr_line' id='line_1_3' title="bbox 268 262 1346 307; baseline 0 -9"><span class='ocrx_word' id='word_1_10' title='bbox 268 262 315 307; x_wconf 74' lang='grc' dir='ltr'><strong>ἣν</strong></span> <span class='ocrx_word' id='word_1_11' title='bbox 337 262 462 297; x_wconf 80' lang='grc' dir='ltr'><strong><em>ἄδειαν</em></strong></span> <span class='ocrx_word' id='word_1_12' title='bbox 492 264 554 305; x_wconf 84' lang='grc' dir='ltr'><strong>τῆς</strong></span> <span class='ocrx_word' id='word_1_13' title='bbox 577 262 743 305; x_wconf 74' lang='grc' dir='ltr'><strong><em>τοιαύτης</em></strong></span> <span class='ocrx_word' id='word_1_14' title='bbox 772 263 991 306; x_wconf 76' lang='grc' dir='ltr'><strong><em>νομοθεσίας</em></strong></span> <span class='ocrx_word' id='word_1_15' title='bbox 1022 262 1151 298; x_wconf 75' lang='grc' dir='ltr'><strong><em>πολλαὶ</em></strong></span> <span class='ocrx_word' id='word_1_16' title='bbox 1181 264 1249 307; x_wconf 72' lang='grc' dir='ltr'><strong>μὲν</strong></span> <span class='ocrx_word' id='word_1_17' title='bbox 1278 262 1346 307; x_wconf 81' lang='grc' dir='ltr'><strong>ἤδη</strong></span> 
     </span>
     <span class='ocr_line' id='line_1_4' title="bbox 269 303 1348 353; baseline 0.001 -11"><span class='ocrx_word' id='word_1_18' title='bbox 269 312 472 350; x_wconf 82' lang='grc' dir='ltr'><strong><em>κεκίνηνται</em></strong></span> <span class='ocrx_word' id='word_1_19' title='bbox 495 306 703 349; x_wconf 63' lang='grc' dir='ltr'><strong><em>ὑποθέσεις,</em></strong></span> <span class='ocrx_word' id='word_1_20' title='bbox 727 310 787 341; x_wconf 75' lang='grc' dir='ltr'><strong><em>καὶ</em></strong></span> <span class='ocrx_word' id='word_1_21' title='bbox 811 303 927 353; x_wconf 66' lang='grc' dir='ltr'><strong><em>α’)’ςπερ</em></strong></span> <span class='ocrx_word' id='word_1_22' title='bbox 950 305 1112 352; x_wconf 79' lang='grc' dir='ltr'><strong><em>ἀρχαίων</em></strong></span> <span class='ocrx_word' id='word_1_23' title='bbox 1128 307 1348 353; x_wconf 78' lang='grc' dir='ltr'><em>τραυμάτων</em></span> 
     </span>
     <span class='ocr_line' id='line_1_5' title="bbox 268 349 1347 398; baseline 0.001 -12"><span class='ocrx_word' id='word_1_24' title='bbox 268 352 308 387; x_wconf 80' lang='grc' dir='ltr'><strong>αι’</strong></span> <span class='ocrx_word' id='word_1_25' title='bbox 330 351 636 398; x_wconf 79' lang='grc' dir='ltr'><strong><em>ἐπικαλυφθεῖσαι</em></strong></span> <span class='ocrx_word' id='word_1_26' title='bbox 658 349 805 386; x_wconf 71' lang='grc' dir='ltr'><strong><em>ὠτειλαί</em></strong></span> <span class='ocrx_word' id='word_1_27' title='bbox 824 352 937 387; x_wconf 86' lang='grc' dir='ltr'><strong><em>πάλιν</em></strong></span> <span class='ocrx_word' id='word_1_28' title='bbox 961 351 1204 396; x_wconf 79' lang='grc' dir='ltr'><strong><em>ἡπλώθησαν,</em></strong></span> <span class='ocrx_word' id='word_1_29' title='bbox 1236 355 1296 387; x_wconf 82' lang='grc' dir='ltr'><strong>καὶ</strong></span> <span class='ocrx_word' id='word_1_30' title='bbox 1325 350 1347 397; x_wconf 83' lang='grc' dir='ltr'><em>ἡ</em></span> 
     </span>
     <span class='ocr_line' id='line_1_6' title="bbox 267 394 1349 442; baseline 0.001 -11"><span class='ocrx_word' id='word_1_31' title='bbox 267 397 411 431; x_wconf 80' lang='grc' dir='ltr'><strong><em>τούτων</em></strong></span> <span class='ocrx_word' id='word_1_32' title='bbox 431 396 614 441; x_wconf 77' lang='grc' dir='ltr'><strong>θεραπεία</strong></span> <span class='ocrx_word' id='word_1_33' title='bbox 634 396 829 442; x_wconf 74' lang='grc' dir='ltr'><strong><em>προελθεῖν</em></strong></span> <span class='ocrx_word' id='word_1_34' title='bbox 850 395 915 431; x_wconf 77' lang='grc' dir='ltr'><strong><em>οὐκ</em></strong></span> <span class='ocrx_word' id='word_1_35' title='bbox 930 394 1097 441; x_wconf 81' lang='grc' dir='ltr'><strong><em>ἠδυνήθη</em></strong></span> <span class='ocrx_word' id='word_1_36' title='bbox 1118 395 1254 441; x_wconf 83' lang='grc' dir='ltr'><strong><em>δηλαδὴ</em></strong></span> <span class='ocrx_word' id='word_1_37' title='bbox 1271 401 1349 432; x_wconf 86' lang='grc' dir='ltr'><strong><em>ταῖς</em></strong></span> 
     </span>
     <span class='ocr_line' id='line_1_7' title="bbox 269 438 1349 486; baseline 0.001 -11"><span class='ocrx_word' id='word_1_38' title='bbox 269 440 462 476; x_wconf 79' lang='grc' dir='ltr'><strong><em>δυςκολίαις</em></strong></span> <span class='ocrx_word' id='word_1_39' title='bbox 484 443 562 475; x_wconf 80' lang='grc' dir='ltr'><strong>τῶν</strong></span> <span class='ocrx_word' id='word_1_40' title='bbox 577 438 798 483; x_wconf 80' lang='grc' dir='ltr'><strong><em>ἀποδείξεων</em></strong></span> <span class='ocrx_word' id='word_1_41' title='bbox 821 439 1105 486; x_wconf 77' lang='grc' dir='ltr'><strong><em>ἐμποδισθεῖσα,</em></strong></span> <span class='ocrx_word' id='word_1_42' title='bbox 1139 440 1263 486; x_wconf 72' lang='grc' dir='ltr'><strong><em>ἐπειδὴ</em></strong></span> <span class='ocrx_word' id='word_1_43' title='bbox 1287 440 1349 477; x_wconf 85' lang='grc' dir='ltr'><strong>διὰ</strong></span> 
     </span>
     <span class='ocr_line' id='line_1_8' title="bbox 267 483 1348 533; baseline 0 -13"><span class='ocrx_word' id='word_1_44' title='bbox 267 485 440 520; x_wconf 81' lang='grc' dir='ltr'><strong><em>τοσούτου</em></strong></span> <span class='ocrx_word' id='word_1_45' title='bbox 471 483 712 530; x_wconf 86' lang='grc' dir='ltr'><strong><em>διαστήματος</em></strong></span> <span class='ocrx_word' id='word_1_46' title='bbox 741 488 805 520; x_wconf 79' lang='grc' dir='ltr'><strong>τοῦ</strong></span> <span class='ocrx_word' id='word_1_47' title='bbox 836 488 966 522; x_wconf 80' lang='grc' dir='ltr'><strong><em>αἰῶνος</em></strong></span> <span class='ocrx_word' id='word_1_48' title='bbox 994 486 1134 532; x_wconf 83' lang='grc' dir='ltr'><strong><em>μᾶλλον</em></strong></span> <span class='ocrx_word' id='word_1_49' title='bbox 1164 486 1256 533; x_wconf 82' lang='grc' dir='ltr'><strong><em>ἥπερ</em></strong></span> <span class='ocrx_word' id='word_1_50' title='bbox 1284 489 1348 522; x_wconf 82' lang='grc' dir='ltr'><strong>τοῦ</strong></span> 
     </span>
     <span class='ocr_line' id='line_1_9' title="bbox 267 528 1350 576; baseline 0.001 -11"><span class='ocrx_word' id='word_1_51' title='bbox 267 532 395 575; x_wconf 83' lang='grc' dir='ltr'><strong><em>χρόνον</em></strong></span> <span class='ocrx_word' id='word_1_52' title='bbox 433 529 518 566; x_wconf 76' lang='grc' dir='ltr'><strong><em>οὔτε</em></strong></span> <span class='ocrx_word' id='word_1_53' title='bbox 552 528 574 574; x_wconf 82' lang='grc' dir='ltr'><em>ἡ</em></span> <span class='ocrx_word' id='word_1_54' title='bbox 610 529 818 576; x_wconf 79' lang='grc' dir='ltr'><strong><em>ἀκεραιότης</em></strong></span> <span class='ocrx_word' id='word_1_55' title='bbox 851 533 929 566; x_wconf 86' lang='grc' dir='ltr'><strong>τῶν</strong></span> <span class='ocrx_word' id='word_1_56' title='bbox 964 529 1190 573; x_wconf 77' lang='grc' dir='ltr'><strong><em>ἀποδείξεων</em></strong></span> <span class='ocrx_word' id='word_1_57' title='bbox 1221 529 1350 575; x_wconf 79' lang='grc' dir='ltr'><strong><em>οὕτεὴ</em></strong></span> 
     </span>
     <span class='ocr_line' id='line_1_10' title="bbox 269 574 1350 622; baseline 0.002 -13"><span class='ocrx_word' id='word_1_58' title='bbox 269 579 388 610; x_wconf 80' lang='grc' dir='ltr'><strong><em>πίστις</em></strong></span> <span class='ocrx_word' id='word_1_59' title='bbox 417 577 494 610; x_wconf 88' lang='grc' dir='ltr'><strong>τῶν</strong></span> <span class='ocrx_word' id='word_1_60' title='bbox 518 579 786 622; x_wconf 76' lang='grc' dir='ltr'><strong>πεπραγμένων</strong></span> <span class='ocrx_word' id='word_1_61' title='bbox 817 574 903 611; x_wconf 79' lang='grc' dir='ltr'><strong><em>οὔτε</em></strong></span> <span class='ocrx_word' id='word_1_62' title='bbox 932 575 954 620; x_wconf 84' lang='grc' dir='ltr'><strong><em>ἡ</em></strong></span> <span class='ocrx_word' id='word_1_63' title='bbox 980 575 1100 621; x_wconf 79' lang='grc' dir='ltr'><em>ἡλικία</em></span> <span class='ocrx_word' id='word_1_64' title='bbox 1131 578 1243 620; x_wconf 82' lang='grc' dir='ltr'><strong><em>ἰσχύει</em></strong></span> <span class='ocrx_word' id='word_1_65' title='bbox 1265 580 1350 622; x_wconf 87' lang='grc' dir='ltr'><strong><em>βοη-</em></strong></span> 
     </span>
     <span class='ocr_line' id='line_1_11' title="bbox 269 620 692 667; baseline 0 -13"><span class='ocrx_word' id='word_1_66' title='bbox 269 620 386 664; x_wconf 80' lang='grc' dir='ltr'><strong><em>θῆσαι</em></strong></span> <span class='ocrx_word' id='word_1_67' title='bbox 408 624 482 656; x_wconf 84' lang='grc' dir='ltr'><strong><em>τοῖς</em></strong></span> <span class='ocrx_word' id='word_1_68' title='bbox 503 622 692 667; x_wconf 82' lang='grc' dir='ltr'><strong><em>μάρτυσιν.</em></strong></span> 
     </span>
    </p>
   </div>
   <div class='ocr_carea' id='block_1_3' title="bbox 1336 105 1421 154">
    <p class='ocr_par' dir='ltr' id='par_1_3' title="bbox 1336 105 1421 154">
     <span class='ocr_line' id='line_1_12' title="bbox 1336 105 1421 154; baseline 0 0"><span class='ocrx_word' id='word_1_69' title='bbox 1336 105 1421 154; x_wconf 82' lang='grc'><strong>522</strong></span> 
     </span>
    </p>
   </div>
   <div class='ocr_carea' id='block_1_4' title="bbox 1820 123 2486 157">
    <p class='ocr_par' dir='ltr' id='par_1_4' title="bbox 1820 123 2486 157">
     <span class='ocr_line' id='line_1_13' title="bbox 1820 123 2486 157; baseline 0.003 -2"><span class='ocrx_word' id='word_1_70' title='bbox 1820 123 1942 156; x_wconf 78' lang='lat' dir='ltr'>HAEC</span> <span class='ocrx_word' id='word_1_71' title='bbox 1971 124 2261 157; x_wconf 68' lang='lat' dir='ltr'><strong>cons&#39;rrm&#39;rlo</strong></span> <span class='ocrx_word' id='word_1_72' title='bbox 2289 123 2486 157; x_wconf 67' lang='lat' dir='ltr'><strong>nmovsw</strong></span> 
     </span>
    </p>
   </div>
   <div class='ocr_carea' id='block_1_5' title="bbox 1415 217 2489 410">
    <p class='ocr_par' dir='ltr' id='par_1_5' title="bbox 1415 217 2489 410">
     <span class='ocr_line' id='line_1_14' title="bbox 1415 217 2486 269; baseline 0.007 -17"><span class='ocrx_word' id='word_1_73' title='bbox 1415 217 1605 260; x_wconf 80' lang='lat' dir='ltr'><strong>curricula,</strong></span> <span class='ocrx_word' id='word_1_74' title='bbox 1627 228 1694 263; x_wconf 86' lang='lat' dir='ltr'><strong>per</strong></span> <span class='ocrx_word' id='word_1_75' title='bbox 1714 220 1816 256; x_wconf 88' lang='lat' dir='ltr'><strong>cuius</strong></span> <span class='ocrx_word' id='word_1_76' title='bbox 1835 221 2013 259; x_wconf 88' lang='lat' dir='ltr'><strong>licentiam</strong></span> <span class='ocrx_word' id='word_1_77' title='bbox 2033 223 2227 259; x_wconf 78' lang='lat' dir='ltr'><strong>sanctionis</strong></span> <span class='ocrx_word' id='word_1_78' title='bbox 2247 222 2389 269; x_wconf 81' lang='lat' dir='ltr'><strong>negotia</strong></span> <span class='ocrx_word' id='word_1_79' title='bbox 2408 223 2486 268; x_wconf 89' lang='lat' dir='ltr'><strong>qui·</strong></span> 
     </span>
     <span class='ocr_line' id='line_1_15' title="bbox 1416 262 2487 313; baseline 0.007 -17"><span class='ocrx_word' id='word_1_80' title='bbox 1416 262 1496 297; x_wconf 86' lang='lat' dir='ltr'><strong>dem</strong></span> <span class='ocrx_word' id='word_1_81' title='bbox 1524 263 1638 298; x_wconf 77' lang='lat' dir='ltr'><strong>multa</strong></span> <span class='ocrx_word' id='word_1_82' title='bbox 1671 269 1845 301; x_wconf 62' lang='lat' dir='ltr'><strong>commota</strong></span> <span class='ocrx_word' id='word_1_83' title='bbox 1867 270 1952 303; x_wconf 86' lang='lat' dir='ltr'><strong>sunt</strong></span> <span class='ocrx_word' id='word_1_84' title='bbox 1977 270 2023 311; x_wconf 65' lang='lat' dir='ltr'><strong>et,</strong></span> <span class='ocrx_word' id='word_1_85' title='bbox 2036 268 2133 304; x_wconf 86' lang='lat' dir='ltr'><strong>velut</strong></span> <span class='ocrx_word' id='word_1_86' title='bbox 2163 268 2388 313; x_wconf 80' lang='lat' dir='ltr'><strong>antiquorum</strong></span> <span class='ocrx_word' id='word_1_87' title='bbox 2411 268 2487 303; x_wconf 86' lang='lat' dir='ltr'><strong>vul-</strong></span> 
     </span>
     <span class='ocr_line' id='line_1_16' title="bbox 1415 307 2489 366; baseline 0.007 -25"><span class='ocrx_word' id='word_1_88' title='bbox 1415 317 1540 342; x_wconf 89' lang='lat' dir='ltr'><strong>nerum</strong></span> <span class='ocrx_word' id='word_1_89' title='bbox 1573 307 1751 361; x_wconf 74' lang='lat' dir='ltr'><strong>obductae</strong></span> <span class='ocrx_word' id='word_1_90' title='bbox 1785 313 1977 354; x_wconf 77' lang='lat' dir='ltr'><strong>patuerunt</strong></span> <span class='ocrx_word' id='word_1_91' title='bbox 2015 313 2144 349; x_wconf 71' lang='lat' dir='ltr'><strong>iterum</strong></span> <span class='ocrx_word' id='word_1_92' title='bbox 2181 313 2380 366; x_wconf 68' lang='lat' dir='ltr'><strong>cicatrices,</strong></span> <span class='ocrx_word' id='word_1_93' title='bbox 2425 312 2489 348; x_wconf 82' lang='lat' dir='ltr'><strong>sed</strong></span> 
     </span>
     <span class='ocr_line' id='line_1_17' title="bbox 1416 355 2488 410; baseline 0.007 -24"><span class='ocrx_word' id='word_1_94' title='bbox 1416 361 1540 387; x_wconf 88' lang='lat' dir='ltr'><strong>eorum</strong></span> <span class='ocrx_word' id='word_1_95' title='bbox 1578 356 1714 388; x_wconf 82' lang='lat' dir='ltr'><strong>sanitas</strong></span> <span class='ocrx_word' id='word_1_96' title='bbox 1753 355 1939 398; x_wconf 85' lang='lat' dir='ltr'><strong>provenire</strong></span> <span class='ocrx_word' id='word_1_97' title='bbox 1975 367 2048 410; x_wconf 74' lang='lat' dir='ltr'><strong>uon</strong></span> <span class='ocrx_word' id='word_1_98' title='bbox 2082 359 2199 404; x_wconf 88' lang='lat' dir='ltr'><strong>potuit</strong></span> <span class='ocrx_word' id='word_1_99' title='bbox 2238 358 2488 403; x_wconf 78' lang='lat' dir='ltr'><strong>probationum</strong></span> 
     </span>
    </p>
   </div>
   <div class='ocr_carea' id='block_1_6' title="bbox 1384 396 2488 448">
    <p class='ocr_par' dir='ltr' id='par_1_6' title="bbox 1384 396 2488 448">
     <span class='ocr_line' id='line_1_18' title="bbox 1384 396 2488 448; baseline 0.004 -15"><span class='ocrx_word' id='word_1_100' title='bbox 1384 402 1403 433; x_wconf 84' lang='lat'>5</span> <span class='ocrx_word' id='word_1_101' title='bbox 1416 396 1554 432; x_wconf 88' lang='lat' dir='ltr'><strong>scilicet</strong></span> <span class='ocrx_word' id='word_1_102' title='bbox 1576 396 1847 435; x_wconf 82' lang='lat' dir='ltr'><strong>difficultatibus</strong></span> <span class='ocrx_word' id='word_1_103' title='bbox 1870 400 2048 446; x_wconf 69' lang='lat' dir='ltr'><strong>impedita,</strong></span> <span class='ocrx_word' id='word_1_104' title='bbox 2074 404 2242 448; x_wconf 85' lang='lat' dir='ltr'><strong>quoniam</strong></span> <span class='ocrx_word' id='word_1_105' title='bbox 2263 413 2327 448; x_wconf 86' lang='lat' dir='ltr'><strong>per</strong></span> <span class='ocrx_word' id='word_1_106' title='bbox 2349 405 2488 438; x_wconf 82' lang='lat' dir='ltr'><strong>tautum</strong></span> 
     </span>
    </p>
   </div>
   <div class='ocr_carea' id='block_1_7' title="bbox 1417 441 2487 492">
    <p class='ocr_par' dir='ltr' id='par_1_7' title="bbox 1417 441 2487 492">
     <span class='ocr_line' id='line_1_19' title="bbox 1417 441 2487 492; baseline 0.006 -16"><span class='ocrx_word' id='word_1_107' title='bbox 1417 441 1551 477; x_wconf 84' lang='lat' dir='ltr'><strong>saeculi</strong></span> <span class='ocrx_word' id='word_1_108' title='bbox 1574 442 1686 487; x_wconf 82' lang='lat' dir='ltr'><strong>magis</strong></span> <span class='ocrx_word' id='word_1_109' title='bbox 1712 454 1816 487; x_wconf 82' lang='lat' dir='ltr'><strong>quam</strong></span> <span class='ocrx_word' id='word_1_110' title='bbox 1840 449 1909 479; x_wconf 88' lang='lat' dir='ltr'><strong>tem</strong></span> <span class='ocrx_word' id='word_1_111' title='bbox 1937 445 2009 482; x_wconf 85' lang='lat' dir='ltr'><strong>oris</strong></span> <span class='ocrx_word' id='word_1_112' title='bbox 2031 449 2187 492; x_wconf 87' lang='lat' dir='ltr'><strong>spatium</strong></span> <span class='ocrx_word' id='word_1_113' title='bbox 2211 458 2277 483; x_wconf 87' lang='lat' dir='ltr'><strong>nec</strong></span> <span class='ocrx_word' id='word_1_114' title='bbox 2300 448 2487 483; x_wconf 90' lang='lat' dir='ltr'><strong>documen-</strong></span> 
     </span>
    </p>
   </div>
   <div class='ocr_carea' id='block_1_8' title="bbox 1416 486 2489 576">
    <p class='ocr_par' dir='ltr' id='par_1_8' title="bbox 1416 486 2489 576">
     <span class='ocr_line' id='line_1_20' title="bbox 1416 486 2489 576; baseline 0.007 -55"><span class='ocrx_word' id='word_1_115' title='bbox 1416 486 1670 576; x_wconf 53' lang='lat' dir='ltr'><strong>{igffilnatgegrqitas</strong></span> <span class='ocrx_word' id='word_1_116' title='bbox 1693 498 1760 524; x_wconf 85' lang='lat' dir='ltr'><strong>nec</strong></span> <span class='ocrx_word' id='word_1_117' title='bbox 1782 490 1872 525; x_wconf 86' lang='lat' dir='ltr'><strong>actis</strong></span> <span class='ocrx_word' id='word_1_118' title='bbox 1922 491 1983 525; x_wconf 89' lang='lat' dir='ltr'><strong>des</strong></span> <span class='ocrx_word' id='word_1_119' title='bbox 2009 501 2075 527; x_wconf 90' lang='lat' dir='ltr'><strong>nec</strong></span> <span class='ocrx_word' id='word_1_120' title='bbox 2100 497 2198 529; x_wconf 89' lang='lat' dir='ltr'><strong>aetas</strong></span> <span class='ocrx_word' id='word_1_121' title='bbox 2222 493 2315 530; x_wconf 85' lang='lat' dir='ltr'><strong>valet</strong></span> <span class='ocrx_word' id='word_1_122' title='bbox 2337 492 2489 529; x_wconf 86' lang='lat' dir='ltr'><strong>testibus</strong></span> 
     </span>
    </p>
   </div>
   <div class='ocr_carea' id='block_1_9' title="bbox 1366 623 1407 656">
    <p class='ocr_par' dir='ltr' id='par_1_9' title="bbox 1366 623 1407 656">
     <span class='ocr_line' id='line_1_21' title="bbox 1366 623 1407 656; baseline 0 0"><span class='ocrx_word' id='word_1_123' title='bbox 1366 623 1407 656; x_wconf 88' lang='lat'><strong>10</strong></span> 
     </span>
    </p>
   </div>
   <div class='ocr_carea' id='block_1_10' title="bbox 1267 732 1477 770">
    <p class='ocr_par' dir='ltr' id='par_1_10' title="bbox 1267 732 1477 770">
     <span class='ocr_line' id='line_1_22' title="bbox 1267 732 1477 770; baseline 0.005 -1"><span class='ocrx_word' id='word_1_124' title='bbox 1267 732 1423 770; x_wconf 86' lang='lat' dir='ltr'>CAPUT</span> <span class='ocrx_word' id='word_1_125' title='bbox 1445 733 1477 770; x_wconf 88' lang='lat'><strong>1.</strong></span> 
     </span>
    </p>
   </div>
   <div class='ocr_carea' id='block_1_11' title="bbox 268 795 1348 1015">
    <p class='ocr_par' dir='ltr' id='par_1_11' title="bbox 268 795 1348 1015">
     <span class='ocr_line' id='line_1_23' title="bbox 317 795 1348 847; baseline 0 -12"><span class='ocrx_word' id='word_1_126' title='bbox 317 795 434 835; x_wconf 56' lang='lat' dir='ltr'><strong>‘&#39;Oba-v</strong></span> <span class='ocrx_word' id='word_1_127' title='bbox 458 798 581 844; x_wconf 79' lang='grc' dir='ltr'><strong><em>ἐπειδὴ</em></strong></span> <span class='ocrx_word' id='word_1_128' title='bbox 605 800 650 847; x_wconf 81' lang='grc' dir='ltr'><strong>τῇ</strong></span> <span class='ocrx_word' id='word_1_129' title='bbox 672 796 825 846; x_wconf 80' lang='grc' dir='ltr'><em>ἡμετέρᾳ</em></span> <span class='ocrx_word' id='word_1_130' title='bbox 850 798 1038 847; x_wconf 77' lang='grc' dir='ltr'><strong><em>φιλοτιμίᾳ</em></strong></span> <span class='ocrx_word' id='word_1_131' title='bbox 1059 797 1102 835; x_wconf 79' lang='grc' dir='ltr'><strong><em>οὗ</em></strong></span> <span class='ocrx_word' id='word_1_132' title='bbox 1126 798 1348 846; x_wconf 76' lang='grc' dir='ltr'><strong><em>συνέδραμεν</em></strong></span> 
     </span>
     <span class='ocr_line' id='line_1_24' title="bbox 268 841 1348 891; baseline 0.001 -12"><span class='ocrx_word' id='word_1_133' title='bbox 268 841 290 888; x_wconf 81' lang='grc' dir='ltr'><em>ἡ</em></span> <span class='ocrx_word' id='word_1_134' title='bbox 313 847 391 879; x_wconf 82' lang='grc' dir='ltr'><strong>τῶν</strong></span> <span class='ocrx_word' id='word_1_135' title='bbox 414 843 633 880; x_wconf 74' lang='grc' dir='ltr'><strong>ὑποθέσεων</strong></span> <span class='ocrx_word' id='word_1_136' title='bbox 664 845 850 890; x_wconf 79' lang='grc' dir='ltr'><strong>στενότης,</strong></span> <span class='ocrx_word' id='word_1_137' title='bbox 881 845 972 890; x_wconf 81' lang='grc' dir='ltr'><strong><em>μετὰ</em></strong></span> <span class='ocrx_word' id='word_1_138' title='bbox 1002 844 1172 891; x_wconf 75' lang='grc' dir='ltr'><strong>λογισμοῦ</strong></span> <span class='ocrx_word' id='word_1_139' title='bbox 1203 842 1280 890; x_wconf 77' lang='grc' dir='ltr'><strong>ἅμα</strong></span> <span class='ocrx_word' id='word_1_140' title='bbox 1309 859 1348 880; x_wconf 87' lang='grc' dir='ltr'><strong>τε</strong></span> 
     </span>
     <span class='ocr_line' id='line_1_25' title="bbox 268 887 1348 938; baseline 0.003 -15"><span class='ocrx_word' id='word_1_141' title='bbox 268 893 328 923; x_wconf 81' lang='grc' dir='ltr'><strong>καὶ</strong></span> <span class='ocrx_word' id='word_1_142' title='bbox 352 887 539 934; x_wconf 80' lang='grc' dir='ltr'><strong><em>ὁσιότητος</em></strong></span> <span class='ocrx_word' id='word_1_143' title='bbox 567 891 843 935; x_wconf 83' lang='grc' dir='ltr'><strong><em>τρακταΐζοντες</em></strong></span> <span class='ocrx_word' id='word_1_144' title='bbox 870 891 913 925; x_wconf 85' lang='grc' dir='ltr'><strong>τὸ</strong></span> <span class='ocrx_word' id='word_1_145' title='bbox 938 891 1125 938; x_wconf 80' lang='grc' dir='ltr'><strong>εἰρημένον</strong></span> <span class='ocrx_word' id='word_1_146' title='bbox 1149 892 1348 936; x_wconf 84' lang='grc' dir='ltr'><strong><em>προνόμιον</em></strong></span> 
     </span>
     <span class='ocr_line' id='line_1_26' title="bbox 268 932 1347 1015; baseline 0.002 -47"><span class='ocrx_word' id='word_1_147' title='bbox 268 937 369 980; x_wconf 80' lang='grc' dir='ltr'><strong><em>μέχρι</em></strong></span> <span class='ocrx_word' id='word_1_148' title='bbox 394 935 456 970; x_wconf 78' lang='grc' dir='ltr'><strong>τοῦ</strong></span> <span class='ocrx_word' id='word_1_149' title='bbox 482 932 638 969; x_wconf 78' lang='grc' dir='ltr'><strong><em>δυνατοῦ</em></strong></span> <span class='ocrx_word' id='word_1_150' title='bbox 662 938 791 1015; x_wconf 52' lang='grc' dir='ltr'><strong><em>μέτρεου</em></strong></span> <span class='ocrx_word' id='word_1_151' title='bbox 814 933 961 989; x_wconf 54' lang='grc' dir='ltr'><strong><em>ἀγαγεῖν</em></strong></span> <span class='ocrx_word' id='word_1_152' title='bbox 991 937 1030 969; x_wconf 81' lang='grc' dir='ltr'><strong>ἐκ</strong></span> <span class='ocrx_word' id='word_1_153' title='bbox 1052 936 1117 978; x_wconf 79' lang='grc' dir='ltr'><strong>τῆς</strong></span> <span class='ocrx_word' id='word_1_154' title='bbox 1138 939 1262 981; x_wconf 86' lang='grc' dir='ltr'><strong><em>πείρας</em></strong></span> <span class='ocrx_word' id='word_1_155' title='bbox 1287 937 1347 970; x_wconf 88' lang='grc' dir='ltr'><strong>αύ-</strong></span> 
     </span>
    </p>
   </div>
   <div class='ocr_carea' id='block_1_12' title="bbox 1415 799 2489 983">
    <p class='ocr_par' dir='ltr' id='par_1_12' title="bbox 1415 799 2489 983">
     <span class='ocr_line' id='line_1_27' title="bbox 1459 799 2489 846; baseline 0.007 -11"><span class='ocrx_word' id='word_1_156' title='bbox 1459 799 1562 836; x_wconf 85' lang='lat' dir='ltr'><strong>Unde</strong></span> <span class='ocrx_word' id='word_1_157' title='bbox 1586 800 1668 846; x_wconf 84' lang='lat' dir='ltr'><strong>quia</strong></span> <span class='ocrx_word' id='word_1_158' title='bbox 1684 801 1841 846; x_wconf 85' lang='lat' dir='ltr'><strong>largitati</strong></span> <span class='ocrx_word' id='word_1_159' title='bbox 1864 807 2008 840; x_wconf 79' lang='lat' dir='ltr'><strong>nostrae</strong></span> <span class='ocrx_word' id='word_1_160' title='bbox 2033 814 2222 841; x_wconf 86' lang='lat' dir='ltr'><strong>causarum</strong></span> <span class='ocrx_word' id='word_1_161' title='bbox 2244 815 2317 842; x_wconf 90' lang='lat' dir='ltr'><strong>non</strong></span> <span class='ocrx_word' id='word_1_162' title='bbox 2335 807 2489 842; x_wconf 86' lang='lat' dir='ltr'><strong>occurrit</strong></span> 
     </span>
     <span class='ocr_line' id='line_1_28' title="bbox 1415 846 2488 895; baseline 0.007 -16"><span class='ocrx_word' id='word_1_163' title='bbox 1415 846 1596 891; x_wconf 82' lang='lat' dir='ltr'><strong>angustia,</strong></span> <span class='ocrx_word' id='word_1_164' title='bbox 1628 856 1708 882; x_wconf 88' lang='lat' dir='ltr'><strong>cum</strong></span> <span class='ocrx_word' id='word_1_165' title='bbox 1731 848 1869 884; x_wconf 85' lang='lat' dir='ltr'><strong>ratione</strong></span> <span class='ocrx_word' id='word_1_166' title='bbox 1900 849 2003 884; x_wconf 91' lang='lat' dir='ltr'><strong>simul</strong></span> <span class='ocrx_word' id='word_1_167' title='bbox 2035 859 2079 885; x_wconf 85' lang='lat' dir='ltr'><strong>ac</strong></span> <span class='ocrx_word' id='word_1_168' title='bbox 2101 849 2269 895; x_wconf 82' lang='lat' dir='ltr'>religione</span> <span class='ocrx_word' id='word_1_169' title='bbox 2292 855 2488 887; x_wconf 77' lang='lat' dir='ltr'><strong>tractantes</strong></span> 
     </span>
     <span class='ocr_line' id='line_1_29' title="bbox 1415 891 2489 947; baseline 0.007 -23"><span class='ocrx_word' id='word_1_170' title='bbox 1415 891 1636 935; x_wconf 84' lang='lat' dir='ltr'><strong>praedictum</strong></span> <span class='ocrx_word' id='word_1_171' title='bbox 1658 891 1880 945; x_wconf 67' lang='lat' dir='ltr'><strong>privilegium</strong></span> <span class='ocrx_word' id='word_1_172' title='bbox 1910 903 2023 947; x_wconf 87' lang='lat' dir='ltr'><strong>usque</strong></span> <span class='ocrx_word' id='word_1_173' title='bbox 2053 894 2100 931; x_wconf 84' lang='lat' dir='ltr'><strong>ad</strong></span> <span class='ocrx_word' id='word_1_174' title='bbox 2121 895 2324 940; x_wconf 87' lang='lat' dir='ltr'><strong>possibilem</strong></span> <span class='ocrx_word' id='word_1_175' title='bbox 2347 896 2489 932; x_wconf 89' lang='lat' dir='ltr'><strong>modum</strong></span> 
     </span>
     <span class='ocr_line' id='line_1_30' title="bbox 1418 936 2489 983; baseline 0.006 -13"><span class='ocrx_word' id='word_1_176' title='bbox 1418 936 1548 971; x_wconf 88' lang='lat' dir='ltr'><strong>ducere</strong></span> <span class='ocrx_word' id='word_1_177' title='bbox 1571 940 1812 981; x_wconf 83' lang='lat' dir='ltr'><strong>expenmento</strong></span> <span class='ocrx_word' id='word_1_178' title='bbox 1845 941 2069 982; x_wconf 80' lang='lat' dir='ltr'><strong>retraximus,</strong></span> <span class='ocrx_word' id='word_1_179' title='bbox 2102 944 2137 974; x_wconf 89' lang='lat' dir='ltr'><strong>et</strong></span> <span class='ocrx_word' id='word_1_180' title='bbox 2161 940 2335 983; x_wconf 90' lang='lat' dir='ltr'><strong>iubemus,</strong></span> <span class='ocrx_word' id='word_1_181' title='bbox 2366 941 2403 976; x_wconf 86' lang='lat' dir='ltr'><strong>in</strong></span> <span class='ocrx_word' id='word_1_182' title='bbox 2426 951 2489 977; x_wconf 90' lang='lat' dir='ltr'><strong>ne-</strong></span> 
     </span>
    </p>
   </div>
   <div class='ocr_carea' id='block_1_13' title="bbox 269 979 2488 1036">
    <p class='ocr_par' dir='ltr' id='par_1_13' title="bbox 269 979 2488 1036">
     <span class='ocr_line' id='line_1_31' title="bbox 269 979 2488 1036; baseline 0.003 -22"><span class='ocrx_word' id='word_1_183' title='bbox 269 981 332 1023; x_wconf 76' lang='grc' dir='ltr'><strong><em>τῆς</em></strong></span> <span class='ocrx_word' id='word_1_184' title='bbox 354 979 577 1034; x_wconf 45' lang='lat' dir='ltr'><strong>eil-‘gebennen</strong></span> <span class='ocrx_word' id='word_1_185' title='bbox 607 982 669 1033; x_wconf 58' lang='grc' dir='ltr'><strong><em>ιιαὶ</em></strong></span> <span class='ocrx_word' id='word_1_186' title='bbox 691 994 730 1036; x_wconf 70' lang='lat'><strong>“¹3</strong></span> <span class='ocrx_word' id='word_1_187' title='bbox 771 981 891 1023; x_wconf 78' lang='grc' dir='ltr'><strong><em>ύομεν,</em></strong></span> <span class='ocrx_word' id='word_1_188' title='bbox 920 991 1009 1015; x_wconf 72' lang='lat' dir='ltr'><strong>mcv·</strong></span> <span class='ocrx_word' id='word_1_189' title='bbox 1031 982 1092 1014; x_wconf 80' lang='grc' dir='ltr'><strong><em>ἐπὶ</em></strong></span> <span class='ocrx_word' id='word_1_190' title='bbox 1115 982 1193 1015; x_wconf 82' lang='grc' dir='ltr'><strong>τῶν</strong></span> <span class='ocrx_word' id='word_1_191' title='bbox 1211 979 1531 1026; x_wconf 65' lang='lat' dir='ltr'><strong>1521095-15gotiis,</strong></span> <span class='ocrx_word' id='word_1_192' title='bbox 1556 991 1646 1025; x_wconf 81' lang='lat' dir='ltr'><strong>quae</strong></span> <span class='ocrx_word' id='word_1_193' title='bbox 1666 983 1817 1019; x_wconf 84' lang='lat' dir='ltr'><strong>antehac</strong></span> <span class='ocrx_word' id='word_1_194' title='bbox 1839 984 1984 1028; x_wconf 83' lang='lat' dir='ltr'><strong>triginta</strong></span> <span class='ocrx_word' id='word_1_195' title='bbox 2006 995 2180 1020; x_wconf 88' lang='lat' dir='ltr'><strong>annorum</strong></span> <span class='ocrx_word' id='word_1_196' title='bbox 2203 986 2406 1021; x_wconf 83' lang='lat' dir='ltr'>removebat</span> <span class='ocrx_word' id='word_1_197' title='bbox 2427 996 2488 1021; x_wconf 85' lang='lat' dir='ltr'><strong>ex-</strong></span> 
     </span>
    </p>
   </div>
   <div class='ocr_carea' id='block_1_14' title="bbox 268 1024 1347 1213">
    <p class='ocr_par' dir='ltr' id='par_1_14' title="bbox 268 1024 1347 1213">
     <span class='ocr_line' id='line_1_32' title="bbox 269 1024 1347 1071; baseline 0.003 -13"><span class='ocrx_word' id='word_1_198' title='bbox 269 1036 364 1059; x_wconf 87' lang='grc' dir='ltr'><strong><em>σεων</em></strong></span> <span class='ocrx_word' id='word_1_199' title='bbox 393 1037 434 1059; x_wconf 88' lang='grc' dir='ltr'><strong>ας</strong></span> <span class='ocrx_word' id='word_1_200' title='bbox 457 1025 528 1070; x_wconf 85' lang='grc' dir='ltr'><strong><em>πρὸ</em></strong></span> <span class='ocrx_word' id='word_1_201' title='bbox 551 1038 682 1060; x_wconf 88' lang='grc' dir='ltr'><strong><em>τουτου</em></strong></span> <span class='ocrx_word' id='word_1_202' title='bbox 709 1040 731 1069; x_wconf 89' lang='grc' dir='ltr'><strong><em>η</em></strong></span> <span class='ocrx_word' id='word_1_203' title='bbox 756 1027 834 1060; x_wconf 85' lang='grc' dir='ltr'><strong>τῶν</strong></span> <span class='ocrx_word' id='word_1_204' title='bbox 859 1024 1054 1071; x_wconf 84' lang='grc' dir='ltr'><strong><em>τριάκοντα</em></strong></span> <span class='ocrx_word' id='word_1_205' title='bbox 1077 1027 1255 1061; x_wconf 79' lang='grc' dir='ltr'><strong><em>ἐνιαυτῶν</em></strong></span> <span class='ocrx_word' id='word_1_206' title='bbox 1278 1025 1347 1061; x_wconf 82' lang='grc' dir='ltr'><strong><em>ἀπ-</em></strong></span> 
     </span>
     <span class='ocr_line' id='line_1_33' title="bbox 270 1070 1347 1116; baseline 0.002 -13"><span class='ocrx_word' id='word_1_207' title='bbox 270 1073 378 1104; x_wconf 82' lang='grc' dir='ltr'><strong><em>εκίνει</em></strong></span> <span class='ocrx_word' id='word_1_208' title='bbox 409 1070 640 1116; x_wconf 84' lang='grc' dir='ltr'><strong><em>παραγραφή,</em></strong></span> <span class='ocrx_word' id='word_1_209' title='bbox 675 1072 743 1105; x_wconf 78' lang='grc' dir='ltr'><strong>νῦν</strong></span> <span class='ocrx_word' id='word_1_210' title='bbox 773 1073 851 1105; x_wconf 88' lang='grc' dir='ltr'><strong><em>ταῖς</em></strong></span> <span class='ocrx_word' id='word_1_211' title='bbox 881 1074 1029 1105; x_wconf 87' lang='grc' dir='ltr'><strong><em>σεπταῖς</em></strong></span> <span class='ocrx_word' id='word_1_212' title='bbox 1059 1070 1258 1114; x_wconf 79' lang='grc' dir='ltr'><strong><em>ἐκκλησίαις</em></strong></span> <span class='ocrx_word' id='word_1_213' title='bbox 1288 1074 1347 1106; x_wconf 81' lang='grc' dir='ltr'><strong>καὶ</strong></span> 
     </span>
     <span class='ocr_line' id='line_1_34' title="bbox 268 1112 1346 1163; baseline 0.003 -15"><span class='ocrx_word' id='word_1_214' title='bbox 268 1119 519 1160; x_wconf 86' lang='grc' dir='ltr'><strong><em>μοναστηρίοις</em></strong></span> <span class='ocrx_word' id='word_1_215' title='bbox 542 1118 602 1149; x_wconf 77' lang='grc' dir='ltr'><strong>καὶ</strong></span> <span class='ocrx_word' id='word_1_216' title='bbox 626 1115 791 1158; x_wconf 80' lang='grc' dir='ltr'><strong><em>ξενῶσιν,</em></strong></span> <span class='ocrx_word' id='word_1_217' title='bbox 815 1117 869 1150; x_wconf 75' lang='grc' dir='ltr'><strong>ἔτι</strong></span> <span class='ocrx_word' id='word_1_218' title='bbox 891 1129 932 1162; x_wconf 85' lang='grc' dir='ltr'><strong>γε</strong></span> <span class='ocrx_word' id='word_1_219' title='bbox 954 1115 1028 1160; x_wconf 85' lang='grc' dir='ltr'><strong>μὴν</strong></span> <span class='ocrx_word' id='word_1_220' title='bbox 1050 1119 1111 1149; x_wconf 79' lang='grc' dir='ltr'><strong>καὶ</strong></span> <span class='ocrx_word' id='word_1_221' title='bbox 1127 1112 1346 1163; x_wconf 86' lang='grc' dir='ltr'><strong><em>όρφανοτρο-</em></strong></span> 
     </span>
     <span class='ocr_line' id='line_1_35' title="bbox 269 1159 1346 1213; baseline 0.002 -19"><span class='ocrx_word' id='word_1_222' title='bbox 269 1163 380 1213; x_wconf 60' lang='grc' dir='ltr'><strong><em>φείοις</em></strong></span> <span class='ocrx_word' id='word_1_223' title='bbox 403 1163 463 1194; x_wconf 78' lang='grc' dir='ltr'><strong>καὶ</strong></span> <span class='ocrx_word' id='word_1_224' title='bbox 485 1164 777 1206; x_wconf 80' lang='grc' dir='ltr'><strong><em>βρεφοτροφείοις</em></strong></span> <span class='ocrx_word' id='word_1_225' title='bbox 799 1164 859 1194; x_wconf 80' lang='grc' dir='ltr'><strong>καὶ</strong></span> <span class='ocrx_word' id='word_1_226' title='bbox 876 1164 1064 1204; x_wconf 86' lang='grc' dir='ltr'><strong><em>πτωχείοις</em></strong></span> <span class='ocrx_word' id='word_1_227' title='bbox 1087 1159 1109 1204; x_wconf 86' lang='grc' dir='ltr'><strong><em>ἡ</em></strong></span> <span class='ocrx_word' id='word_1_228' title='bbox 1128 1163 1206 1196; x_wconf 86' lang='grc' dir='ltr'><strong>τῶν</strong></span> <span class='ocrx_word' id='word_1_229' title='bbox 1220 1173 1346 1196; x_wconf 87' lang='grc' dir='ltr'><strong><em>τεσσα-</em></strong></span> 
     </span>
    </p>
   </div>
   <div class='ocr_carea' id='block_1_15' title="bbox 1415 1026 2490 1218">
    <p class='ocr_par' dir='ltr' id='par_1_15' title="bbox 1415 1026 2490 1218">
     <span class='ocr_line' id='line_1_36' title="bbox 1417 1026 2489 1075; baseline 0.006 -15"><span class='ocrx_word' id='word_1_230' title='bbox 1417 1026 1544 1071; x_wconf 87' lang='lat' dir='ltr'><strong>ceptio,</strong></span> <span class='ocrx_word' id='word_1_231' title='bbox 1577 1037 1675 1062; x_wconf 88' lang='lat' dir='ltr'><strong>nunc</strong></span> <span class='ocrx_word' id='word_1_232' title='bbox 1697 1029 1955 1065; x_wconf 81' lang='lat' dir='ltr'><strong>venerabilibus</strong></span> <span class='ocrx_word' id='word_1_233' title='bbox 1980 1029 2139 1066; x_wconf 87' lang='lat' dir='ltr'><strong>ecclesiis</strong></span> <span class='ocrx_word' id='word_1_234' title='bbox 2170 1030 2240 1075; x_wconf 82' lang='lat' dir='ltr'><strong>(et)</strong></span> <span class='ocrx_word' id='word_1_235' title='bbox 2265 1030 2489 1066; x_wconf 84' lang='lat' dir='ltr'><strong>monasteriis</strong></span> 
     </span>
     <span class='ocr_line' id='line_1_37' title="bbox 1416 1071 2489 1124; baseline 0.005 -19"><span class='ocrx_word' id='word_1_236' title='bbox 1416 1075 1452 1106; x_wconf 89' lang='lat' dir='ltr'><strong>et</strong></span> <span class='ocrx_word' id='word_1_237' title='bbox 1482 1071 1681 1124; x_wconf 74' lang='lat' dir='ltr'><strong>xenonibus</strong></span> <span class='ocrx_word' id='word_1_238' title='bbox 1718 1083 1784 1108; x_wconf 88' lang='lat' dir='ltr'><strong>nec</strong></span> <span class='ocrx_word' id='word_1_239' title='bbox 1813 1084 1885 1109; x_wconf 90' lang='lat' dir='ltr'><strong>non</strong></span> <span class='ocrx_word' id='word_1_240' title='bbox 1914 1074 2228 1120; x_wconf 84' lang='lat' dir='ltr'><strong>orphanotrophiis</strong></span> <span class='ocrx_word' id='word_1_241' title='bbox 2260 1085 2304 1110; x_wconf 85' lang='lat' dir='ltr'><strong>ac</strong></span> <span class='ocrx_word' id='word_1_242' title='bbox 2335 1075 2489 1120; x_wconf 90' lang='lat' dir='ltr'><strong>brepho-</strong></span> 
     </span>
     <span class='ocr_line' id='line_1_38' title="bbox 1415 1116 2489 1165; baseline 0.006 -15"><span class='ocrx_word' id='word_1_243' title='bbox 1415 1116 1567 1161; x_wconf 89' lang='lat' dir='ltr'><strong>trophus</strong></span> <span class='ocrx_word' id='word_1_244' title='bbox 1592 1120 1628 1151; x_wconf 91' lang='lat' dir='ltr'><strong>et</strong></span> <span class='ocrx_word' id='word_1_245' title='bbox 1650 1118 1803 1162; x_wconf 81' lang='lat' dir='ltr'><strong>ptochiis</strong></span> <span class='ocrx_word' id='word_1_246' title='bbox 1835 1119 2069 1164; x_wconf 85' lang='lat' dir='ltr'><strong>quadraginta</strong></span> <span class='ocrx_word' id='word_1_247' title='bbox 2099 1130 2275 1156; x_wconf 85' lang='lat' dir='ltr'><strong>annorum</strong></span> <span class='ocrx_word' id='word_1_248' title='bbox 2301 1120 2489 1165; x_wconf 84' lang='lat' dir='ltr'><strong>protelatio</strong></span> 
     </span>
     <span class='ocr_line' id='line_1_39' title="bbox 1416 1161 2490 1218; baseline 0.005 -23"><span class='ocrx_word' id='word_1_249' title='bbox 1416 1161 1638 1206; x_wconf 84' lang='lat' dir='ltr'><strong>conferatur,</strong></span> <span class='ocrx_word' id='word_1_250' title='bbox 1682 1163 1780 1199; x_wconf 81' lang='lat' dir='ltr'><strong>salva</strong></span> <span class='ocrx_word' id='word_1_251' title='bbox 1814 1164 1950 1200; x_wconf 89' lang='lat' dir='ltr'><strong>scilicet</strong></span> <span class='ocrx_word' id='word_1_252' title='bbox 1989 1165 2085 1200; x_wconf 87' lang='lat' dir='ltr'><strong>circa</strong></span> <span class='ocrx_word' id='word_1_253' title='bbox 2122 1165 2232 1218; x_wconf 42' lang='lat' dir='ltr'><strong>alias·</strong></span> <span class='ocrx_word' id='word_1_254' title='bbox 2246 1175 2419 1210; x_wconf 80' lang='lat' dir='ltr'><strong>personas</strong></span> <span class='ocrx_word' id='word_1_255' title='bbox 2454 1170 2490 1201; x_wconf 89' lang='lat' dir='ltr'><strong>et</strong></span> 
     </span>
    </p>
   </div>
   <div class='ocr_carea' id='block_1_16' title="bbox 269 1204 2487 1260">
    <p class='ocr_par' dir='ltr' id='par_1_16' title="bbox 269 1204 2487 1260">
     <span class='ocr_line' id='line_1_40' title="bbox 269 1204 2487 1260; baseline 0.004 -22"><span class='ocrx_word' id='word_1_256' title='bbox 269 1217 428 1251; x_wconf 75' lang='grc' dir='ltr'><strong><em>ραιιοντα</em></strong></span> <span class='ocrx_word' id='word_1_257' title='bbox 448 1207 628 1240; x_wconf 77' lang='grc' dir='ltr'><strong><em>ἐνιαυτῶν</em></strong></span> <span class='ocrx_word' id='word_1_258' title='bbox 642 1207 831 1240; x_wconf 77' lang='grc' dir='ltr'><strong><em>ἐπέκτασις</em></strong></span> <span class='ocrx_word' id='word_1_259' title='bbox 846 1206 1055 1260; x_wconf 62' lang='grc' dir='ltr'><strong><em>ἐπειγέσθω,</em></strong></span> <span class='ocrx_word' id='word_1_260' title='bbox 1076 1204 1196 1253; x_wconf 77' lang='grc' dir='ltr'><strong>ὑγιοῦς</strong></span> <span class='ocrx_word' id='word_1_261' title='bbox 1211 1204 1347 1250; x_wconf 87' lang='grc' dir='ltr'><strong><em>δηλαδὴ</em></strong></span> <span class='ocrx_word' id='word_1_262' title='bbox 1361 1208 1401 1241; x_wconf 86' lang='grc'><strong>20</strong></span> <span class='ocrx_word' id='word_1_263' title='bbox 1416 1215 1544 1241; x_wconf 80' lang='lat' dir='ltr'><strong>causas</strong></span> <span class='ocrx_word' id='word_1_264' title='bbox 1576 1206 1706 1242; x_wconf 83' lang='lat' dir='ltr'><strong>virtute</strong></span> <span class='ocrx_word' id='word_1_265' title='bbox 1740 1217 1846 1252; x_wconf 69' lang='lat' dir='ltr'><strong>quam</strong></span> <span class='ocrx_word' id='word_1_266' title='bbox 1880 1219 2020 1254; x_wconf 83' lang='lat' dir='ltr'><strong>semper</strong></span> <span class='ocrx_word' id='word_1_267' title='bbox 2048 1210 2253 1246; x_wconf 70' lang='lat' dir='ltr'><strong>tricennalis</strong></span> <span class='ocrx_word' id='word_1_268' title='bbox 2287 1210 2355 1246; x_wconf 84' lang='lat' dir='ltr'><strong>sibi</strong></span> <span class='ocrx_word' id='word_1_269' title='bbox 2384 1220 2487 1256; x_wconf 76' lang='lat' dir='ltr'><strong>prae-</strong></span> 
     </span>
    </p>
   </div>
   <div class='ocr_carea' id='block_1_17' title="bbox 267 1249 1348 1396">
    <p class='ocr_par' dir='ltr' id='par_1_17' title="bbox 267 1249 1348 1396">
     <span class='ocr_line' id='line_1_41' title="bbox 268 1249 1348 1298; baseline 0.003 -15"><span class='ocrx_word' id='word_1_270' title='bbox 268 1253 350 1294; x_wconf 77' lang='grc' dir='ltr'><strong><em>περὶ</em></strong></span> <span class='ocrx_word' id='word_1_271' title='bbox 372 1249 419 1284; x_wconf 82' lang='grc' dir='ltr'><strong>τὰ</strong></span> <span class='ocrx_word' id='word_1_272' title='bbox 442 1249 533 1284; x_wconf 79' lang='grc' dir='ltr'><strong><em>ἄλλα</em></strong></span> <span class='ocrx_word' id='word_1_273' title='bbox 556 1251 732 1298; x_wconf 84' lang='grc' dir='ltr'><strong><em>πρόςωποί</em></strong></span> <span class='ocrx_word' id='word_1_274' title='bbox 763 1264 803 1285; x_wconf 86' lang='grc' dir='ltr'><strong>τε</strong></span> <span class='ocrx_word' id='word_1_275' title='bbox 832 1254 892 1285; x_wconf 79' lang='grc' dir='ltr'><strong>καὶ</strong></span> <span class='ocrx_word' id='word_1_276' title='bbox 915 1264 1113 1298; x_wconf 87' lang='grc' dir='ltr'><strong><em>πραγματα</em></strong></span> <span class='ocrx_word' id='word_1_277' title='bbox 1142 1252 1204 1295; x_wconf 79' lang='grc' dir='ltr'><strong>τῆς</strong></span> <span class='ocrx_word' id='word_1_278' title='bbox 1231 1251 1348 1294; x_wconf 81' lang='grc' dir='ltr'><strong><em>ἰσχύος</em></strong></span> 
     </span>
     <span class='ocr_line' id='line_1_42' title="bbox 267 1292 1345 1342; baseline 0.001 -13"><span class='ocrx_word' id='word_1_279' title='bbox 267 1294 441 1340; x_wconf 81' lang='grc' dir='ltr'><strong><em>μενούσης</em></strong></span> <span class='ocrx_word' id='word_1_280' title='bbox 459 1292 592 1338; x_wconf 79' lang='grc' dir='ltr'><strong><em>ἥντινα</em></strong></span> <span class='ocrx_word' id='word_1_281' title='bbox 615 1294 660 1339; x_wconf 84' lang='grc' dir='ltr'><strong>δὴ</strong></span> <span class='ocrx_word' id='word_1_282' title='bbox 683 1295 705 1339; x_wconf 83' lang='grc' dir='ltr'><em>ἡ</em></span> <span class='ocrx_word' id='word_1_283' title='bbox 723 1297 800 1330; x_wconf 81' lang='grc' dir='ltr'><strong>τῶν</strong></span> <span class='ocrx_word' id='word_1_284' title='bbox 816 1295 1013 1342; x_wconf 81' lang='grc' dir='ltr'><strong><em>τριάκοντα</em></strong></span> <span class='ocrx_word' id='word_1_285' title='bbox 1035 1298 1214 1331; x_wconf 81' lang='grc' dir='ltr'><strong><em>ἐνιαυτῶν</em></strong></span> <span class='ocrx_word' id='word_1_286' title='bbox 1237 1295 1345 1337; x_wconf 81' lang='grc' dir='ltr'><strong><em>ἐξεδί-</em></strong></span> 
     </span>
     <span class='ocr_line' id='line_1_43' title="bbox 268 1339 1346 1396; baseline 0.001 -22"><span class='ocrx_word' id='word_1_287' title='bbox 268 1351 352 1383; x_wconf 81' lang='grc' dir='ltr'><strong><em>κησε</em></strong></span> <span class='ocrx_word' id='word_1_288' title='bbox 373 1341 605 1396; x_wconf 74' lang='grc' dir='ltr'><strong><em>παραγραφή,</em></strong></span> <span class='ocrx_word' id='word_1_289' title='bbox 629 1339 753 1384; x_wconf 75' lang='grc' dir='ltr'><strong><em>ἐπειδὴ</em></strong></span> <span class='ocrx_word' id='word_1_290' title='bbox 769 1342 906 1394; x_wconf 77' lang='grc' dir='ltr'><strong><em>ταύτην</em></strong></span> <span class='ocrx_word' id='word_1_291' title='bbox 930 1341 998 1385; x_wconf 83' lang='grc' dir='ltr'><strong>τὴν</strong></span> <span class='ocrx_word' id='word_1_292' title='bbox 1021 1343 1098 1376; x_wconf 90' lang='grc' dir='ltr'><strong>τῶν</strong></span> <span class='ocrx_word' id='word_1_293' title='bbox 1121 1340 1207 1376; x_wconf 77' lang='grc' dir='ltr'><strong><em>δέκα</em></strong></span> <span class='ocrx_word' id='word_1_294' title='bbox 1231 1344 1346 1376; x_wconf 82' lang='grc' dir='ltr'><strong><em>ἐνιαυ-</em></strong></span> 
     </span>
    </p>
   </div>
   <div class='ocr_carea' id='block_1_18' title="bbox 1415 1251 2490 1390">
    <p class='ocr_par' dir='ltr' id='par_1_18' title="bbox 1415 1251 2490 1390">
     <span class='ocr_line' id='line_1_44' title="bbox 1415 1251 2488 1298; baseline 0.005 -13"><span class='ocrx_word' id='word_1_295' title='bbox 1415 1251 1563 1296; x_wconf 85' lang='lat' dir='ltr'><strong>scriptio</strong></span> <span class='ocrx_word' id='word_1_296' title='bbox 1593 1251 1812 1296; x_wconf 79' lang='lat' dir='ltr'><strong>vindicabat,</strong></span> <span class='ocrx_word' id='word_1_297' title='bbox 1845 1254 2010 1298; x_wconf 87' lang='lat' dir='ltr'><strong>quoniam</strong></span> <span class='ocrx_word' id='word_1_298' title='bbox 2040 1255 2134 1290; x_wconf 88' lang='lat' dir='ltr'><strong>hanc</strong></span> <span class='ocrx_word' id='word_1_299' title='bbox 2158 1255 2192 1290; x_wconf 92' lang='lat' dir='ltr'><strong>X</strong></span> <span class='ocrx_word' id='word_1_300' title='bbox 2228 1265 2402 1291; x_wconf 89' lang='lat' dir='ltr'><strong>annorum</strong></span> <span class='ocrx_word' id='word_1_301' title='bbox 2426 1255 2488 1290; x_wconf 89' lang='lat' dir='ltr'><strong>ad-</strong></span> 
     </span>
     <span class='ocr_line' id='line_1_45' title="bbox 1415 1297 2488 1345; baseline 0.004 -15"><span class='ocrx_word' id='word_1_302' title='bbox 1415 1297 1601 1331; x_wconf 90' lang='lat' dir='ltr'><strong>iectionem</strong></span> <span class='ocrx_word' id='word_1_303' title='bbox 1626 1297 1711 1332; x_wconf 89' lang='lat' dir='ltr'><strong>solis</strong></span> <span class='ocrx_word' id='word_1_304' title='bbox 1743 1301 1783 1333; x_wconf 90' lang='lat' dir='ltr'><strong>ut</strong></span> <span class='ocrx_word' id='word_1_305' title='bbox 1806 1299 1940 1334; x_wconf 89' lang='lat' dir='ltr'><strong>dictum</strong></span> <span class='ocrx_word' id='word_1_306' title='bbox 1963 1302 2019 1335; x_wconf 90' lang='lat' dir='ltr'><strong>est</strong></span> <span class='ocrx_word' id='word_1_307' title='bbox 2041 1300 2213 1345; x_wconf 81' lang='lat' dir='ltr'><strong>religiosis</strong></span> <span class='ocrx_word' id='word_1_308' title='bbox 2237 1301 2324 1336; x_wconf 88' lang='lat' dir='ltr'><strong>locis</strong></span> <span class='ocrx_word' id='word_1_309' title='bbox 2348 1310 2488 1336; x_wconf 87' lang='lat' dir='ltr'><strong>eorum-</strong></span> 
     </span>
     <span class='ocr_line' id='line_1_46' title="bbox 1417 1341 2490 1390; baseline 0.005 -15"><span class='ocrx_word' id='word_1_310' title='bbox 1417 1351 1485 1386; x_wconf 88' lang='lat' dir='ltr'><strong>que</strong></span> <span class='ocrx_word' id='word_1_311' title='bbox 1507 1341 1576 1376; x_wconf 90' lang='lat' dir='ltr'><strong>iuri</strong></span> <span class='ocrx_word' id='word_1_312' title='bbox 1599 1342 1654 1377; x_wconf 88' lang='lat' dir='ltr'><strong>vel</strong></span> <span class='ocrx_word' id='word_1_313' title='bbox 1671 1344 1913 1380; x_wconf 86' lang='lat' dir='ltr'><strong>contractibus</strong></span> <span class='ocrx_word' id='word_1_314' title='bbox 1938 1345 2170 1390; x_wconf 86' lang='lat' dir='ltr'><strong>indulgemus,</strong></span> <span class='ocrx_word' id='word_1_315' title='bbox 2195 1348 2236 1380; x_wconf 90' lang='lat' dir='ltr'><strong>ut</strong></span> <span class='ocrx_word' id='word_1_316' title='bbox 2260 1345 2397 1390; x_wconf 85' lang='lat' dir='ltr'><strong>sopitae</strong></span> <span class='ocrx_word' id='word_1_317' title='bbox 2420 1345 2490 1380; x_wconf 89' lang='lat' dir='ltr'><strong>hoc</strong></span> 
     </span>
    </p>
   </div>
   <div class='ocr_carea' id='block_1_19' title="bbox 268 1386 2489 1470">
    <p class='ocr_par' dir='ltr' id='par_1_19' title="bbox 268 1386 2489 1470">
     <span class='ocr_line' id='line_1_47' title="bbox 268 1386 2489 1470; baseline 0.003 -51"><span class='ocrx_word' id='word_1_318' title='bbox 268 1386 345 1419; x_wconf 81' lang='grc' dir='ltr'><strong>τῶν</strong></span> <span class='ocrx_word' id='word_1_319' title='bbox 379 1386 591 1431; x_wconf 77' lang='grc' dir='ltr'><strong><em>προςθηκην</em></strong></span> <span class='ocrx_word' id='word_1_320' title='bbox 624 1386 750 1431; x_wconf 81' lang='grc' dir='ltr'><strong><em>μόνοις</em></strong></span> <span class='ocrx_word' id='word_1_321' title='bbox 772 1397 831 1441; x_wconf 54' lang='grc' dir='ltr'><strong>ἲως</strong></span> <span class='ocrx_word' id='word_1_322' title='bbox 862 1387 997 1432; x_wconf 76' lang='grc' dir='ltr'><strong><em>εἴρηται</em></strong></span> <span class='ocrx_word' id='word_1_323' title='bbox 1032 1389 1106 1421; x_wconf 82' lang='grc' dir='ltr'><strong><em>τοῖς</em></strong></span> <span class='ocrx_word' id='word_1_324' title='bbox 1140 1398 1181 1420; x_wconf 84' lang='grc' dir='ltr'><strong><em>σε</em></strong></span> <span class='ocrx_word' id='word_1_325' title='bbox 1208 1391 1348 1431; x_wconf 82' lang='grc' dir='ltr'><strong><em>ασμίοις</em></strong></span> <span class='ocrx_word' id='word_1_326' title='bbox 1415 1387 1585 1432; x_wconf 89' lang='lat' dir='ltr'><strong>temporis</strong></span> <span class='ocrx_word' id='word_1_327' title='bbox 1610 1388 1724 1431; x_wconf 87' lang='lat' dir='ltr'><strong>spatio</strong></span> <span class='ocrx_word' id='word_1_328' title='bbox 1756 1392 1829 1423; x_wconf 88' lang='lat' dir='ltr'><strong>tam</strong></span> <span class='ocrx_word' id='word_1_329' title='bbox 1851 1390 2058 1434; x_wconf 83' lang='lat' dir='ltr'><strong>personales</strong></span> <span class='ocrx_word' id='word_1_330' title='bbox 2082 1401 2188 1435; x_wconf 80' lang='lat' dir='ltr'><strong>quam</strong></span> <span class='ocrx_word' id='word_1_331' title='bbox 2211 1390 2489 1470; x_wconf 59' lang='lat' dir='ltr'><strong>hffihecariae</strong></span> 
     </span>
    </p>
   </div>
   <div class='ocr_carea' id='block_1_20' title="bbox 268 1428 2191 1487">
    <p class='ocr_par' dir='ltr' id='par_1_20' title="bbox 268 1428 2191 1487">
     <span class='ocr_line' id='line_1_48' title="bbox 268 1428 2191 1487; baseline 0.003 -23"><span class='ocrx_word' id='word_1_332' title='bbox 268 1431 394 1465; x_wconf 79' lang='grc' dir='ltr'><strong><em>τόποις</em></strong></span> <span class='ocrx_word' id='word_1_333' title='bbox 423 1433 483 1464; x_wconf 75' lang='grc' dir='ltr'><strong><em>καὶ</em></strong></span> <span class='ocrx_word' id='word_1_334' title='bbox 506 1432 560 1474; x_wconf 77' lang='grc' dir='ltr'><strong><em>τῷ</em></strong></span> <span class='ocrx_word' id='word_1_335' title='bbox 586 1428 714 1475; x_wconf 79' lang='grc' dir='ltr'><strong><em>δικαίῳ</em></strong></span> <span class='ocrx_word' id='word_1_336' title='bbox 739 1433 862 1466; x_wconf 82' lang='grc' dir='ltr'><strong><em>αυτῶν</em></strong></span> <span class='ocrx_word' id='word_1_337' title='bbox 891 1434 952 1466; x_wconf 76' lang='grc' dir='ltr'><strong><em>καὶ</em></strong></span> <span class='ocrx_word' id='word_1_338' title='bbox 980 1435 1054 1465; x_wconf 79' lang='grc' dir='ltr'><strong><em>τοῖς</em></strong></span> <span class='ocrx_word' id='word_1_339' title='bbox 1076 1442 1167 1466; x_wconf 70' lang='lat' dir='ltr'><strong>cvm</strong></span> <span class='ocrx_word' id='word_1_340' title='bbox 1190 1430 1347 1487; x_wconf 68' lang='grc' dir='ltr'><strong><em>λάγμασι</em></strong></span> <span class='ocrx_word' id='word_1_341' title='bbox 1360 1433 1403 1466; x_wconf 83' lang='grc'><strong>25</strong></span> <span class='ocrx_word' id='word_1_342' title='bbox 1415 1432 1573 1467; x_wconf 85' lang='lat' dir='ltr'><strong>actiones</strong></span> <span class='ocrx_word' id='word_1_343' title='bbox 1608 1432 1645 1467; x_wconf 91' lang='lat' dir='ltr'><strong>in</strong></span> <span class='ocrx_word' id='word_1_344' title='bbox 1677 1437 1888 1478; x_wconf 88' lang='lat' dir='ltr'><strong>perpetuum</strong></span> <span class='ocrx_word' id='word_1_345' title='bbox 1920 1435 2191 1480; x_wconf 81' lang='lat' dir='ltr'><strong>conquiescant:</strong></span> 
     </span>
    </p>
   </div>
   <div class='ocr_carea' id='block_1_21' title="bbox 268 1475 1346 1659">
    <p class='ocr_par' dir='ltr' id='par_1_21' title="bbox 268 1475 1346 1659">
     <span class='ocr_line' id='line_1_49' title="bbox 290 1475 1346 1522; baseline 0.001 -13"><span class='ocrx_word' id='word_1_346' title='bbox 290 1475 513 1520; x_wconf 83' lang='grc' dir='ltr'><strong><em>αριζόμεθα,</em></strong></span> <span class='ocrx_word' id='word_1_347' title='bbox 548 1476 608 1510; x_wconf 82' lang='grc' dir='ltr'><strong>ἴνα</strong></span> <span class='ocrx_word' id='word_1_348' title='bbox 642 1475 884 1519; x_wconf 84' lang='grc' dir='ltr'><strong><em>σχολάσαντος</em></strong></span> <span class='ocrx_word' id='word_1_349' title='bbox 916 1477 981 1511; x_wconf 86' lang='grc' dir='ltr'><strong>τοῦ</strong></span> <span class='ocrx_word' id='word_1_350' title='bbox 1017 1479 1182 1522; x_wconf 76' lang='grc' dir='ltr'><strong><em>χρονικοῦ</em></strong></span> <span class='ocrx_word' id='word_1_351' title='bbox 1217 1490 1346 1511; x_wconf 86' lang='grc' dir='ltr'><strong><em>τουτου</em></strong></span> 
     </span>
     <span class='ocr_line' id='line_1_50' title="bbox 268 1489 1346 1566; baseline 0.002 -12"><span class='ocrx_word' id='word_1_352' title='bbox 268 1489 511 1565; x_wconf 62' lang='grc' dir='ltr'><strong><em>διαστήματος</em></strong></span> <span class='ocrx_word' id='word_1_353' title='bbox 539 1523 648 1555; x_wconf 83' lang='grc' dir='ltr'><strong><em>τοῦτο</em></strong></span> <span class='ocrx_word' id='word_1_354' title='bbox 676 1523 743 1566; x_wconf 80' lang='grc' dir='ltr'><strong>μὲν</strong></span> <span class='ocrx_word' id='word_1_355' title='bbox 767 1521 807 1556; x_wconf 84' lang='grc' dir='ltr'><strong>αἱ</strong></span> <span class='ocrx_word' id='word_1_356' title='bbox 827 1520 1062 1566; x_wconf 81' lang='grc' dir='ltr'><strong><em>περσονάλιαι</em></strong></span> <span class='ocrx_word' id='word_1_357' title='bbox 1092 1523 1201 1556; x_wconf 79' lang='grc' dir='ltr'><strong><em>τοῦτο</em></strong></span> <span class='ocrx_word' id='word_1_358' title='bbox 1225 1520 1265 1555; x_wconf 80' lang='grc' dir='ltr'><strong>δὲ</strong></span> <span class='ocrx_word' id='word_1_359' title='bbox 1287 1525 1346 1556; x_wconf 76' lang='grc' dir='ltr'><strong>καὶ</strong></span> 
     </span>
     <span class='ocr_line' id='line_1_51' title="bbox 270 1563 1346 1614; baseline 0.001 -15"><span class='ocrx_word' id='word_1_360' title='bbox 270 1565 309 1599; x_wconf 86' lang='grc' dir='ltr'><strong>αἱ</strong></span> <span class='ocrx_word' id='word_1_361' title='bbox 335 1563 582 1614; x_wconf 78' lang='grc' dir='ltr'><strong><em>ὑποθηκάριαι</em></strong></span> <span class='ocrx_word' id='word_1_362' title='bbox 613 1563 637 1599; x_wconf 81' lang='grc' dir='ltr'>ἀ</span> <span class='ocrx_word' id='word_1_363' title='bbox 661 1570 754 1613; x_wconf 86' lang='grc' dir='ltr'><strong><em>ωγαὶ</em></strong></span> <span class='ocrx_word' id='word_1_364' title='bbox 784 1567 832 1601; x_wconf 78' lang='grc' dir='ltr'><strong>εἰς</strong></span> <span class='ocrx_word' id='word_1_365' title='bbox 863 1567 905 1601; x_wconf 84' lang='grc' dir='ltr'><strong>τὸ</strong></span> <span class='ocrx_word' id='word_1_366' title='bbox 932 1564 1086 1610; x_wconf 77' lang='grc' dir='ltr'><strong><em>διηνεκὲς</em></strong></span> <span class='ocrx_word' id='word_1_367' title='bbox 1117 1566 1346 1613; x_wconf 83' lang='grc' dir='ltr'><strong><em>ἐφησυχάσω-</em></strong></span> 
     </span>
     <span class='ocr_line' id='line_1_52' title="bbox 269 1608 1346 1659; baseline 0.001 -14"><span class='ocrx_word' id='word_1_368' title='bbox 269 1622 346 1645; x_wconf 87' lang='grc' dir='ltr'><strong><em>σιν·</em></strong></span> <span class='ocrx_word' id='word_1_369' title='bbox 384 1608 491 1645; x_wconf 76' lang='grc' dir='ltr'><strong><em>οὐδὲν</em></strong></span> <span class='ocrx_word' id='word_1_370' title='bbox 514 1623 631 1646; x_wconf 85' lang='grc' dir='ltr'><strong><em>παντε</em></strong></span> <span class='ocrx_word' id='word_1_371' title='bbox 654 1613 701 1646; x_wconf 89' lang='grc' dir='ltr'><strong>ῶς</strong></span> <span class='ocrx_word' id='word_1_372' title='bbox 731 1613 808 1646; x_wconf 84' lang='grc' dir='ltr'><strong>τῶν</strong></span> <span class='ocrx_word' id='word_1_373' title='bbox 831 1609 953 1646; x_wconf 77' lang='grc' dir='ltr'><strong><em>ἄλλων</em></strong></span> <span class='ocrx_word' id='word_1_374' title='bbox 982 1613 1234 1659; x_wconf 83' lang='grc' dir='ltr'><strong><em>παραγραφῶν</em></strong></span> <span class='ocrx_word' id='word_1_375' title='bbox 1257 1610 1346 1646; x_wconf 81' lang='grc' dir='ltr'><strong><em>ἄπο-</em></strong></span> 
     </span>
    </p>
   </div>
   <div class='ocr_carea' id='block_1_22' title="bbox 1414 1435 2489 1660">
    <p class='ocr_par' dir='ltr' id='par_1_22' title="bbox 1414 1435 2489 1660">
     <span class='ocr_line' id='line_1_53' title="bbox 2372 1435 2489 1471; baseline -0.009 0"><span class='ocrx_word' id='word_1_376' title='bbox 2372 1435 2489 1471; x_wconf 85' lang='lat' dir='ltr'><strong>enitus</strong></span> 
     </span>
     <span class='ocr_line' id='line_1_54' title="bbox 1415 1446 2489 1529; baseline 0.004 -18"><span class='ocrx_word' id='word_1_377' title='bbox 1415 1476 1493 1529; x_wconf 74' lang='lat' dir='ltr'><strong>aliis</strong></span> <span class='ocrx_word' id='word_1_378' title='bbox 1518 1477 1786 1522; x_wconf 84' lang='lat' dir='ltr'><strong>exceptionibus</strong></span> <span class='ocrx_word' id='word_1_379' title='bbox 1810 1478 2031 1524; x_wconf 84' lang='lat' dir='ltr'><strong>derogantes,</strong></span> <span class='ocrx_word' id='word_1_380' title='bbox 2060 1480 2123 1515; x_wconf 83' lang='lat' dir='ltr'><strong>sed</strong></span> <span class='ocrx_word' id='word_1_381' title='bbox 2145 1483 2218 1515; x_wconf 85' lang='lat' dir='ltr'><strong>tam</strong></span> <span class='ocrx_word' id='word_1_382' title='bbox 2241 1446 2370 1515; x_wconf 54' lang='lat' dir='ltr'><strong>annal}&gt;</strong></span> <span class='ocrx_word' id='word_1_383' title='bbox 2384 1490 2489 1525; x_wconf 85' lang='lat' dir='ltr'><strong>quam</strong></span> 
     </span>
     <span class='ocr_line' id='line_1_55' title="bbox 1414 1522 2489 1570; baseline 0.005 -14"><span class='ocrx_word' id='word_1_384' title='bbox 1414 1522 1559 1557; x_wconf 80' lang='lat' dir='ltr'><strong>triennii</strong></span> <span class='ocrx_word' id='word_1_385' title='bbox 1575 1536 1682 1554; x_wconf 65' lang='lat' dir='ltr'><strong>nu·</strong></span> <span class='ocrx_word' id='word_1_386' title='bbox 1701 1523 1770 1558; x_wconf 88' lang='lat' dir='ltr'><strong>vim</strong></span> <span class='ocrx_word' id='word_1_387' title='bbox 1788 1525 1966 1570; x_wconf 85' lang='lat' dir='ltr'><strong>roburque</strong></span> <span class='ocrx_word' id='word_1_388' title='bbox 1987 1525 2201 1560; x_wconf 88' lang='lat' dir='ltr'><strong>tenentibus.</strong></span> <span class='ocrx_word' id='word_1_389' title='bbox 2249 1525 2291 1560; x_wconf 93' lang='lat' dir='ltr'><strong>In</strong></span> <span class='ocrx_word' id='word_1_390' title='bbox 2305 1525 2374 1560; x_wconf 90' lang='lat' dir='ltr'><strong>illis</strong></span> <span class='ocrx_word' id='word_1_391' title='bbox 2390 1535 2489 1560; x_wconf 88' lang='lat' dir='ltr'><strong>nam-</strong></span> 
     </span>
     <span class='ocr_line' id='line_1_56' title="bbox 1415 1567 2488 1616; baseline 0.005 -15"><span class='ocrx_word' id='word_1_392' title='bbox 1415 1577 1500 1610; x_wconf 85' lang='lat' dir='ltr'><strong>que,</strong></span> <span class='ocrx_word' id='word_1_393' title='bbox 1532 1570 1573 1602; x_wconf 88' lang='lat' dir='ltr'><strong>ut</strong></span> <span class='ocrx_word' id='word_1_394' title='bbox 1595 1567 1729 1603; x_wconf 88' lang='lat' dir='ltr'><strong>dictum</strong></span> <span class='ocrx_word' id='word_1_395' title='bbox 1753 1571 1824 1613; x_wconf 86' lang='lat' dir='ltr'><strong>est,</strong></span> <span class='ocrx_word' id='word_1_396' title='bbox 1854 1574 1994 1605; x_wconf 83' lang='lat' dir='ltr'><strong>tantum</strong></span> <span class='ocrx_word' id='word_1_397' title='bbox 2017 1570 2167 1616; x_wconf 86' lang='lat' dir='ltr'><strong>negotiis</strong></span> <span class='ocrx_word' id='word_1_398' title='bbox 2196 1569 2379 1615; x_wconf 84' lang='lat' dir='ltr'><strong>religiosos</strong></span> <span class='ocrx_word' id='word_1_399' title='bbox 2405 1579 2488 1605; x_wconf 82' lang='lat' dir='ltr'><strong>oon-</strong></span> 
     </span>
     <span class='ocr_line' id='line_1_57' title="bbox 1414 1614 2489 1660; baseline 0.004 -14"><span class='ocrx_word' id='word_1_400' title='bbox 1414 1614 1552 1647; x_wconf 86' lang='lat' dir='ltr'><strong>tractus</strong></span> <span class='ocrx_word' id='word_1_401' title='bbox 1585 1617 1779 1649; x_wconf 87' lang='lat' dir='ltr'><strong>memorato</strong></span> <span class='ocrx_word' id='word_1_402' title='bbox 1820 1615 2055 1659; x_wconf 86' lang='lat' dir='ltr'><strong>quadraginta</strong></span> <span class='ocrx_word' id='word_1_403' title='bbox 2094 1625 2268 1651; x_wconf 87' lang='lat' dir='ltr'><strong>annorum</strong></span> <span class='ocrx_word' id='word_1_404' title='bbox 2307 1615 2489 1660; x_wconf 84' lang='lat' dir='ltr'><strong>privilegio</strong></span> 
     </span>
    </p>
   </div>
   <div class='ocr_carea' id='block_1_23' title="bbox 268 1653 2489 1704">
    <p class='ocr_par' dir='ltr' id='par_1_23' title="bbox 268 1653 2489 1704">
     <span class='ocr_line' id='line_1_58' title="bbox 268 1653 2489 1704; baseline 0.002 -14"><span class='ocrx_word' id='word_1_405' title='bbox 268 1656 467 1701; x_wconf 80' lang='grc' dir='ltr'><strong><em>μειοῦντες,</em></strong></span> <span class='ocrx_word' id='word_1_406' title='bbox 491 1653 581 1690; x_wconf 80' lang='grc' dir='ltr'><strong><em>ἀλλὰ</em></strong></span> <span class='ocrx_word' id='word_1_407' title='bbox 605 1657 713 1691; x_wconf 78' lang='grc' dir='ltr'><strong><em>τοῦτο</em></strong></span> <span class='ocrx_word' id='word_1_408' title='bbox 736 1658 802 1701; x_wconf 83' lang='grc' dir='ltr'><strong><em>μὲν</em></strong></span> <span class='ocrx_word' id='word_1_409' title='bbox 825 1658 871 1703; x_wconf 82' lang='grc' dir='ltr'><strong><em>τῇ</em></strong></span> <span class='ocrx_word' id='word_1_410' title='bbox 894 1659 1096 1700; x_wconf 57' lang='lat' dir='ltr'><strong>§memorata</strong></span> <span class='ocrx_word' id='word_1_411' title='bbox 1127 1660 1186 1691; x_wconf 82' lang='grc' dir='ltr'><strong><em>καὶ</em></strong></span> <span class='ocrx_word' id='word_1_412' title='bbox 1217 1658 1261 1704; x_wconf 83' lang='grc' dir='ltr'><strong><em>τῇ</em></strong></span> <span class='ocrx_word' id='word_1_413' title='bbox 1286 1658 1347 1700; x_wconf 76' lang='grc' dir='ltr'><strong>τῆς</strong></span> <span class='ocrx_word' id='word_1_414' title='bbox 1360 1658 1401 1691; x_wconf 87' lang='grc'><strong>30</strong></span> <span class='ocrx_word' id='word_1_415' title='bbox 1415 1657 1576 1693; x_wconf 89' lang='lat' dir='ltr'><strong>volumus</strong></span> <span class='ocrx_word' id='word_1_416' title='bbox 1610 1658 1766 1703; x_wconf 83' lang='lat' dir='ltr'><strong>perfrui,</strong></span> <span class='ocrx_word' id='word_1_417' title='bbox 1807 1660 1844 1694; x_wconf 91' lang='lat' dir='ltr'><strong>in</strong></span> <span class='ocrx_word' id='word_1_418' title='bbox 1880 1661 2008 1704; x_wconf 84' lang='lat' dir='ltr'><strong>quibus</strong></span> <span class='ocrx_word' id='word_1_419' title='bbox 2049 1661 2100 1696; x_wconf 88' lang='lat' dir='ltr'><strong>eis</strong></span> <span class='ocrx_word' id='word_1_420' title='bbox 2140 1664 2281 1696; x_wconf 86' lang='lat' dir='ltr'><strong>centum</strong></span> <span class='ocrx_word' id='word_1_421' title='bbox 2315 1670 2489 1695; x_wconf 86' lang='lat' dir='ltr'><strong>annorum</strong></span> 
     </span>
    </p>
   </div>
   <div class='ocr_carea' id='block_1_24' title="bbox 268 1700 1346 1880">
    <p class='ocr_par' dir='ltr' id='par_1_24' title="bbox 268 1700 1346 1880">
     <span class='ocr_line' id='line_1_59' title="bbox 269 1700 1345 1748; baseline 0.001 -13"><span class='ocrx_word' id='word_1_422' title='bbox 269 1705 425 1746; x_wconf 81' lang='grc' dir='ltr'><strong><em>τριετίας</em></strong></span> <span class='ocrx_word' id='word_1_423' title='bbox 447 1703 667 1748; x_wconf 77' lang='grc' dir='ltr'><em>παραγραφῇ</em></span> <span class='ocrx_word' id='word_1_424' title='bbox 691 1705 750 1735; x_wconf 78' lang='grc' dir='ltr'><strong>καὶ</strong></span> <span class='ocrx_word' id='word_1_425' title='bbox 773 1705 851 1736; x_wconf 92' lang='grc' dir='ltr'><strong><em>ταῖς</em></strong></span> <span class='ocrx_word' id='word_1_426' title='bbox 874 1700 1013 1744; x_wconf 77' lang='grc' dir='ltr'><strong><em>ἄλλαις,</em></strong></span> <span class='ocrx_word' id='word_1_427' title='bbox 1046 1703 1177 1737; x_wconf 84' lang='grc' dir='ltr'><strong><em>αἵτινες</em></strong></span> <span class='ocrx_word' id='word_1_428' title='bbox 1199 1703 1247 1736; x_wconf 83' lang='grc' dir='ltr'><strong>εἰς</strong></span> <span class='ocrx_word' id='word_1_429' title='bbox 1269 1706 1345 1746; x_wconf 87' lang='grc' dir='ltr'><strong><em>μεί-</em></strong></span> 
     </span>
     <span class='ocr_line' id='line_1_60' title="bbox 271 1744 1346 1792; baseline 0.002 -13"><span class='ocrx_word' id='word_1_430' title='bbox 271 1748 375 1788; x_wconf 85' lang='grc' dir='ltr'><strong><em>ζονας</em></strong></span> <span class='ocrx_word' id='word_1_431' title='bbox 396 1744 419 1788; x_wconf 86' lang='grc' dir='ltr'><em>ἢ</em></span> <span class='ocrx_word' id='word_1_432' title='bbox 442 1745 636 1781; x_wconf 77' lang='grc' dir='ltr'><strong><em>ἐλάττονας</em></strong></span> <span class='ocrx_word' id='word_1_433' title='bbox 658 1745 824 1781; x_wconf 76' lang='grc' dir='ltr'><strong><em>ἕλκονται</em></strong></span> <span class='ocrx_word' id='word_1_434' title='bbox 846 1748 1004 1792; x_wconf 84' lang='grc' dir='ltr'><strong><em>χρόνους,</em></strong></span> <span class='ocrx_word' id='word_1_435' title='bbox 1027 1747 1096 1791; x_wconf 85' lang='grc' dir='ltr'><strong>τὴν</strong></span> <span class='ocrx_word' id='word_1_436' title='bbox 1119 1745 1218 1781; x_wconf 81' lang='grc' dir='ltr'><em>ἰδίαν</em></span> <span class='ocrx_word' id='word_1_437' title='bbox 1241 1745 1346 1781; x_wconf 80' lang='grc' dir='ltr'><strong><em>δύνα-</em></strong></span> 
     </span>
     <span class='ocr_line' id='line_1_61' title="bbox 268 1790 1346 1839; baseline 0.001 -14"><span class='ocrx_word' id='word_1_438' title='bbox 268 1804 334 1835; x_wconf 91' lang='grc' dir='ltr'><strong>μιν</strong></span> <span class='ocrx_word' id='word_1_439' title='bbox 362 1794 423 1825; x_wconf 79' lang='grc' dir='ltr'><strong>καὶ</strong></span> <span class='ocrx_word' id='word_1_440' title='bbox 453 1791 495 1826; x_wconf 87' lang='grc' dir='ltr'><strong>τὸ</strong></span> <span class='ocrx_word' id='word_1_441' title='bbox 519 1791 646 1836; x_wconf 80' lang='grc' dir='ltr'><strong><em>κράτος</em></strong></span> <span class='ocrx_word' id='word_1_442' title='bbox 677 1793 847 1834; x_wconf 79' lang='grc' dir='ltr'><strong><em>ἐχόντων.</em></strong></span> <span class='ocrx_word' id='word_1_443' title='bbox 895 1795 955 1826; x_wconf 84' lang='grc' dir='ltr'><strong>καὶ</strong></span> <span class='ocrx_word' id='word_1_444' title='bbox 978 1791 1047 1837; x_wconf 82' lang='grc' dir='ltr'><em>γὰρ</em></span> <span class='ocrx_word' id='word_1_445' title='bbox 1077 1790 1126 1826; x_wconf 65' lang='grc' dir='ltr'><strong>οἷς</strong></span> <span class='ocrx_word' id='word_1_446' title='bbox 1147 1792 1283 1839; x_wconf 84' lang='grc' dir='ltr'><strong><em>εἴρηται</em></strong></span> <span class='ocrx_word' id='word_1_447' title='bbox 1305 1793 1346 1826; x_wconf 81' lang='grc' dir='ltr'><strong>ἐν</strong></span> 
     </span>
     <span class='ocr_line' id='line_1_62' title="bbox 268 1832 1344 1880; baseline 0 -10"><span class='ocrx_word' id='word_1_448' title='bbox 268 1836 398 1880; x_wconf 87' lang='grc' dir='ltr'><strong><em>μόναις</em></strong></span> <span class='ocrx_word' id='word_1_449' title='bbox 419 1839 498 1871; x_wconf 84' lang='grc' dir='ltr'><strong><em>ταῖς</em></strong></span> <span class='ocrx_word' id='word_1_450' title='bbox 520 1832 743 1871; x_wconf 70' lang='grc' dir='ltr'><strong><em>ὑποθέσεσιν</em></strong></span> <span class='ocrx_word' id='word_1_451' title='bbox 764 1839 843 1870; x_wconf 88' lang='grc' dir='ltr'><strong>τῶν</strong></span> <span class='ocrx_word' id='word_1_452' title='bbox 865 1838 1013 1871; x_wconf 83' lang='grc' dir='ltr'><strong><em>σεπτῶν</em></strong></span> <span class='ocrx_word' id='word_1_453' title='bbox 1035 1836 1164 1871; x_wconf 86' lang='grc' dir='ltr'><strong><em>τόπων</em></strong></span> <span class='ocrx_word' id='word_1_454' title='bbox 1186 1837 1232 1872; x_wconf 82' lang='grc' dir='ltr'><strong>τοὶ</strong></span> <span class='ocrx_word' id='word_1_455' title='bbox 1257 1837 1344 1871; x_wconf 79' lang='grc' dir='ltr'><strong><em>θεῖα</em></strong></span> 
     </span>
    </p>
   </div>
   <div class='ocr_carea' id='block_1_25' title="bbox 1414 1704 2488 1840">
    <p class='ocr_par' dir='ltr' id='par_1_25' title="bbox 1414 1704 2488 1840">
     <span class='ocr_line' id='line_1_63' title="bbox 1415 1704 2488 1749; baseline 0.003 -12"><span class='ocrx_word' id='word_1_456' title='bbox 1415 1704 1696 1747; x_wconf 86' lang='lat' dir='ltr'><strong>praerogativam</strong></span> <span class='ocrx_word' id='word_1_457' title='bbox 1721 1705 1926 1741; x_wconf 89' lang='lat' dir='ltr'><strong>constitutio</strong></span> <span class='ocrx_word' id='word_1_458' title='bbox 1947 1709 2070 1741; x_wconf 89' lang='lat' dir='ltr'><strong>nostra</strong></span> <span class='ocrx_word' id='word_1_459' title='bbox 2090 1705 2302 1741; x_wconf 82' lang='lat' dir='ltr'><strong>contulerat.</strong></span> <span class='ocrx_word' id='word_1_460' title='bbox 2341 1705 2379 1740; x_wconf 91' lang='lat' dir='ltr'><strong>Si</strong></span> <span class='ocrx_word' id='word_1_461' title='bbox 2399 1715 2488 1749; x_wconf 80' lang='lat' dir='ltr'><strong>quas</strong></span> 
     </span>
     <span class='ocr_line' id='line_1_64' title="bbox 1414 1747 2488 1791; baseline 0.003 -10"><span class='ocrx_word' id='word_1_462' title='bbox 1414 1747 1520 1791; x_wconf 84' lang='lat' dir='ltr'><strong>plane</strong></span> <span class='ocrx_word' id='word_1_463' title='bbox 1551 1757 1677 1783; x_wconf 85' lang='lat' dir='ltr'><strong>causas</strong></span> <span class='ocrx_word' id='word_1_464' title='bbox 1709 1753 1793 1784; x_wconf 87' lang='lat' dir='ltr'><strong>ante</strong></span> <span class='ocrx_word' id='word_1_465' title='bbox 1824 1749 1917 1785; x_wconf 86' lang='lat' dir='ltr'><strong>hanc</strong></span> <span class='ocrx_word' id='word_1_466' title='bbox 1941 1755 2099 1785; x_wconf 86' lang='lat' dir='ltr'><strong>nostram</strong></span> <span class='ocrx_word' id='word_1_467' title='bbox 2131 1750 2419 1786; x_wconf 85' lang='lat' dir='ltr'><strong>constitutionem</strong></span> <span class='ocrx_word' id='word_1_468' title='bbox 2442 1750 2488 1784; x_wconf 84' lang='lat' dir='ltr'><strong>ab</strong></span> 
     </span>
     <span class='ocr_line' id='line_1_65' title="bbox 1414 1792 2488 1840; baseline 0.004 -13"><span class='ocrx_word' id='word_1_469' title='bbox 1414 1792 1572 1829; x_wconf 87' lang='lat' dir='ltr'><strong>ecclesiis</strong></span> <span class='ocrx_word' id='word_1_470' title='bbox 1596 1793 1797 1838; x_wconf 84' lang='lat' dir='ltr'><strong>ceterisque</strong></span> <span class='ocrx_word' id='word_1_471' title='bbox 1820 1795 1933 1831; x_wconf 84' lang='lat' dir='ltr'><strong>sacris</strong></span> <span class='ocrx_word' id='word_1_472' title='bbox 1952 1795 2041 1831; x_wconf 91' lang='lat' dir='ltr'><strong>locis</strong></span> <span class='ocrx_word' id='word_1_473' title='bbox 2061 1795 2275 1840; x_wconf 87' lang='lat' dir='ltr'><strong>ubicumque</strong></span> <span class='ocrx_word' id='word_1_474' title='bbox 2294 1799 2488 1831; x_wconf 82' lang='lat' dir='ltr'><strong>commotas</strong></span> 
     </span>
    </p>
   </div>
   <div class='ocr_carea' id='block_1_26' title="bbox 269 1880 1397 1938">
    <p class='ocr_par' dir='ltr' id='par_1_26' title="bbox 269 1880 1397 1938">
     <span class='ocr_line' id='line_1_66' title="bbox 269 1880 1397 1938; baseline 0.001 -23"><span class='ocrx_word' id='word_1_475' title='bbox 269 1880 549 1934; x_wconf 60' lang='grc' dir='ltr'><strong><em>συναλλαγματα</em></strong></span> <span class='ocrx_word' id='word_1_476' title='bbox 584 1882 637 1924; x_wconf 80' lang='grc' dir='ltr'><strong>τῷ</strong></span> <span class='ocrx_word' id='word_1_477' title='bbox 668 1882 958 1926; x_wconf 81' lang='grc' dir='ltr'><strong><em>μνημονευθέντι</em></strong></span> <span class='ocrx_word' id='word_1_478' title='bbox 988 1886 1174 1938; x_wconf 68' lang='grc' dir='ltr'><strong><em>προνρμίῳ</em></strong></span> <span class='ocrx_word' id='word_1_479' title='bbox 1205 1883 1283 1916; x_wconf 83' lang='grc' dir='ltr'><strong>τῶν</strong></span> <span class='ocrx_word' id='word_1_480' title='bbox 1305 1882 1342 1927; x_wconf 90' lang='grc' dir='ltr'><strong>μ’</strong></span> <span class='ocrx_word' id='word_1_481' title='bbox 1354 1883 1397 1916; x_wconf 83' lang='grc'><strong>35</strong></span> 
     </span>
    </p>
   </div>
   <div class='ocr_carea' id='block_1_27' title="bbox 269 1924 1345 2116">
    <p class='ocr_par' dir='ltr' id='par_1_27' title="bbox 269 1924 1345 2116">
     <span class='ocr_line' id='line_1_67' title="bbox 270 1924 1340 1973; baseline 0.002 -14"><span class='ocrx_word' id='word_1_482' title='bbox 270 1928 448 1961; x_wconf 71' lang='grc' dir='ltr'><strong><em>ἐνιαυτων</em></strong></span> <span class='ocrx_word' id='word_1_483' title='bbox 470 1925 681 1971; x_wconf 78' lang='grc' dir='ltr'><strong><em>βουλόμεθα</em></strong></span> <span class='ocrx_word' id='word_1_484' title='bbox 707 1924 956 1968; x_wconf 79' lang='grc' dir='ltr'><strong><em>ἐναπολαύειν,</em></strong></span> <span class='ocrx_word' id='word_1_485' title='bbox 987 1928 1043 1973; x_wconf 70' lang='grc' dir='ltr'><strong>ἐφ’</strong></span> <span class='ocrx_word' id='word_1_486' title='bbox 1065 1941 1118 1962; x_wconf 85' lang='grc' dir='ltr'><strong>ων</strong></span> <span class='ocrx_word' id='word_1_487' title='bbox 1149 1924 1268 1962; x_wconf 81' lang='grc' dir='ltr'><strong><em>αὐτοῖς</em></strong></span> <span class='ocrx_word' id='word_1_488' title='bbox 1298 1927 1340 1961; x_wconf 86' lang='grc' dir='ltr'><strong>τὸ</strong></span> 
     </span>
     <span class='ocr_line' id='line_1_68' title="bbox 269 1969 1342 2018; baseline 0 -12"><span class='ocrx_word' id='word_1_489' title='bbox 269 1973 348 2006; x_wconf 83' lang='grc' dir='ltr'><strong>τῶν</strong></span> <span class='ocrx_word' id='word_1_490' title='bbox 370 1970 401 2018; x_wconf 84' lang='grc' dir='ltr'><em>ρ’</em></span> <span class='ocrx_word' id='word_1_491' title='bbox 426 1973 603 2006; x_wconf 78' lang='grc' dir='ltr'><strong><em>ἐνιαυτῶν</em></strong></span> <span class='ocrx_word' id='word_1_492' title='bbox 631 1969 829 2017; x_wconf 82' lang='grc' dir='ltr'><strong><em>προνόμιον</em></strong></span> <span class='ocrx_word' id='word_1_493' title='bbox 857 1970 878 2015; x_wconf 82' lang='grc' dir='ltr'><em>ἡ</em></span> <span class='ocrx_word' id='word_1_494' title='bbox 904 1969 1065 2012; x_wconf 81' lang='grc' dir='ltr'><strong><em>διάταξις</em></strong></span> <span class='ocrx_word' id='word_1_495' title='bbox 1086 1969 1192 2016; x_wconf 79' lang='grc' dir='ltr'><strong><em>ἡμῶν</em></strong></span> <span class='ocrx_word' id='word_1_496' title='bbox 1214 1970 1342 2006; x_wconf 80' lang='grc' dir='ltr'><strong><em>ἐδίδου.</em></strong></span> 
     </span>
     <span class='ocr_line' id='line_1_69' title="bbox 270 2013 1344 2072; baseline 0.001 -22"><span class='ocrx_word' id='word_1_497' title='bbox 270 2014 557 2072; x_wconf 58' lang='grc' dir='ltr'><strong><em>ὁμολογηθέντος</em></strong></span> <span class='ocrx_word' id='word_1_498' title='bbox 599 2014 647 2051; x_wconf 80' lang='grc' dir='ltr'><strong>ὠς</strong></span> <span class='ocrx_word' id='word_1_499' title='bbox 679 2017 715 2051; x_wconf 85' lang='grc' dir='ltr'><strong><em>εἴ</em></strong></span> <span class='ocrx_word' id='word_1_500' title='bbox 745 2028 846 2051; x_wconf 88' lang='grc' dir='ltr'><strong><em>τινας</em></strong></span> <span class='ocrx_word' id='word_1_501' title='bbox 880 2013 1073 2052; x_wconf 77' lang='grc' dir='ltr'><strong><em>ὑποθέσεις</em></strong></span> <span class='ocrx_word' id='word_1_502' title='bbox 1106 2017 1177 2063; x_wconf 87' lang='grc' dir='ltr'><strong><em>πρὸ</em></strong></span> <span class='ocrx_word' id='word_1_503' title='bbox 1214 2017 1344 2060; x_wconf 83' lang='grc' dir='ltr'><strong><em>ταύτης</em></strong></span> 
     </span>
     <span class='ocr_line' id='line_1_70' title="bbox 269 2059 1345 2116; baseline 0.001 -21"><span class='ocrx_word' id='word_1_504' title='bbox 269 2063 376 2106; x_wconf 89' lang='grc' dir='ltr'><strong><em>ημῶν</em></strong></span> <span class='ocrx_word' id='word_1_505' title='bbox 395 2063 459 2106; x_wconf 85' lang='grc' dir='ltr'><strong>τῆς</strong></span> <span class='ocrx_word' id='word_1_506' title='bbox 473 2059 669 2116; x_wconf 71' lang='grc' dir='ltr'><strong><em>διατάξεως</em></strong></span> <span class='ocrx_word' id='word_1_507' title='bbox 691 2059 764 2096; x_wconf 74' lang='grc' dir='ltr'><strong>ὑπὸ</strong></span> <span class='ocrx_word' id='word_1_508' title='bbox 787 2063 864 2096; x_wconf 84' lang='grc' dir='ltr'><strong>τῶν</strong></span> <span class='ocrx_word' id='word_1_509' title='bbox 883 2061 1081 2105; x_wconf 83' lang='grc' dir='ltr'><strong><em>ἐκκλησιῶν</em></strong></span> <span class='ocrx_word' id='word_1_510' title='bbox 1103 2065 1164 2096; x_wconf 81' lang='grc' dir='ltr'><strong>καὶ</strong></span> <span class='ocrx_word' id='word_1_511' title='bbox 1182 2063 1260 2097; x_wconf 85' lang='grc' dir='ltr'><strong>τῶν</strong></span> <span class='ocrx_word' id='word_1_512' title='bbox 1275 2061 1345 2096; x_wconf 86' lang='grc' dir='ltr'><strong><em>λοι-</em></strong></span> 
     </span>
    </p>
   </div>
   <div class='ocr_carea' id='block_1_28' title="bbox 270 2104 1401 2152">
    <p class='ocr_par' dir='ltr' id='par_1_28' title="bbox 270 2104 1401 2152">
     <span class='ocr_line' id='line_1_71' title="bbox 270 2104 1401 2152; baseline -0.002 -10"><span class='ocrx_word' id='word_1_513' title='bbox 270 2119 355 2142; x_wconf 83' lang='grc' dir='ltr'><strong>πων</strong></span> <span class='ocrx_word' id='word_1_514' title='bbox 378 2106 485 2152; x_wconf 81' lang='grc' dir='ltr'><strong><em>ἱερῶν</em></strong></span> <span class='ocrx_word' id='word_1_515' title='bbox 507 2119 637 2142; x_wconf 82' lang='grc' dir='ltr'><strong><em>τοπων</em></strong></span> <span class='ocrx_word' id='word_1_516' title='bbox 667 2104 897 2148; x_wconf 85' lang='grc' dir='ltr'><strong><em>ὁπουδήποτε</em></strong></span> <span class='ocrx_word' id='word_1_517' title='bbox 919 2107 1132 2150; x_wconf 79' lang='grc' dir='ltr'><strong><em>κινηθείσας</em></strong></span> <span class='ocrx_word' id='word_1_518' title='bbox 1157 2104 1344 2149; x_wconf 83' lang='grc' dir='ltr'><strong><em>δικαστικὴ</em></strong></span> <span class='ocrx_word' id='word_1_519' title='bbox 1358 2109 1401 2141; x_wconf 88' lang='grc'><strong>40</strong></span> 
     </span>
    </p>
   </div>
   <div class='ocr_carea' id='block_1_29' title="bbox 270 2194 2487 2335">
    <p class='ocr_par' dir='ltr' id='par_1_29' title="bbox 270 2194 2487 2335">
     <span class='ocr_line' id='line_1_72' title="bbox 271 2194 2486 2243; baseline 0.001 -11"><span class='ocrx_word' id='word_1_520' title='bbox 271 2197 353 2232; x_wconf 83' lang='lat' dir='ltr'><strong>cula</strong></span> <span class='ocrx_word' id='word_1_521' title='bbox 372 2196 597 2243; x_wconf 76' lang='lat' dir='ltr'><strong>exceptionis</strong></span> <span class='ocrx_word' id='word_1_522' title='bbox 620 2195 787 2231; x_wconf 84' lang='lat' dir='ltr'><strong>extendi:</strong></span> <span class='ocrx_word' id='word_1_523' title='bbox 817 2205 867 2230; x_wconf 89' lang='lat' dir='ltr'><strong>ex</strong></span> <span class='ocrx_word' id='word_1_524' title='bbox 882 2205 955 2240; x_wconf 84' lang='lat' dir='ltr'><strong>qua</strong></span> <span class='ocrx_word' id='word_1_525' title='bbox 976 2195 1120 2230; x_wconf 86' lang='lat' dir='ltr'><strong>licentia</strong></span> <span class='ocrx_word' id='word_1_526' title='bbox 1143 2195 1319 2230; x_wconf 82' lang='lat' dir='ltr'><strong>eiusmodi</strong></span> <span class='ocrx_word' id='word_1_527' title='bbox 1343 2194 1420 2240; x_wconf 66' lang='lat' dir='ltr'><strong>leae</strong></span> <span class='ocrx_word' id='word_1_528' title='bbox 1443 2194 1531 2230; x_wconf 90' lang='lat' dir='ltr'><strong>data</strong></span> <span class='ocrx_word' id='word_1_529' title='bbox 1554 2195 1687 2230; x_wconf 86' lang='lat' dir='ltr'><strong>multae</strong></span> <span class='ocrx_word' id='word_1_530' title='bbox 1709 2196 1782 2231; x_wconf 86' lang='lat' dir='ltr'><strong>iam</strong></span> <span class='ocrx_word' id='word_1_531' title='bbox 1806 2207 1937 2232; x_wconf 85' lang='lat' dir='ltr'><strong>causae</strong></span> <span class='ocrx_word' id='word_1_532' title='bbox 1959 2202 2077 2234; x_wconf 87' lang='lat' dir='ltr'><strong>motae</strong></span> <span class='ocrx_word' id='word_1_533' title='bbox 2096 2203 2191 2240; x_wconf 83' lang='lat' dir='ltr'><strong>sunt,</strong></span> <span class='ocrx_word' id='word_1_534' title='bbox 2214 2203 2251 2235; x_wconf 87' lang='lat' dir='ltr'><strong>et</strong></span> <span class='ocrx_word' id='word_1_535' title='bbox 2263 2200 2373 2235; x_wconf 83' lang='lat' dir='ltr'><strong>veluti</strong></span> <span class='ocrx_word' id='word_1_536' title='bbox 2395 2200 2486 2234; x_wconf 83' lang='lat' dir='ltr'><strong>anti-</strong></span> 
     </span>
     <span class='ocr_line' id='line_1_73' title="bbox 271 2238 2487 2290; baseline 0.001 -14"><span class='ocrx_word' id='word_1_537' title='bbox 271 2252 425 2288; x_wconf 82' lang='lat' dir='ltr'><strong>quorum</strong></span> <span class='ocrx_word' id='word_1_538' title='bbox 448 2241 633 2276; x_wconf 83' lang='lat' dir='ltr'><strong>vulnerum</strong></span> <span class='ocrx_word' id='word_1_539' title='bbox 657 2238 832 2275; x_wconf 88' lang='lat' dir='ltr'><strong>obductae</strong></span> <span class='ocrx_word' id='word_1_540' title='bbox 854 2240 1041 2275; x_wconf 76' lang='lat' dir='ltr'><strong>cicatrices</strong></span> <span class='ocrx_word' id='word_1_541' title='bbox 1062 2250 1190 2275; x_wconf 86' lang='lat' dir='ltr'><strong>rursus</strong></span> <span class='ocrx_word' id='word_1_542' title='bbox 1210 2243 1420 2286; x_wconf 87' lang='lat' dir='ltr'><strong>patuerunt,</strong></span> <span class='ocrx_word' id='word_1_543' title='bbox 1445 2250 1560 2285; x_wconf 81' lang='lat' dir='ltr'><strong>neque</strong></span> <span class='ocrx_word' id='word_1_544' title='bbox 1574 2250 1699 2276; x_wconf 88' lang='lat' dir='ltr'><strong>eorum</strong></span> <span class='ocrx_word' id='word_1_545' title='bbox 1722 2241 1866 2276; x_wconf 85' lang='lat' dir='ltr'><strong>sanatio</strong></span> <span class='ocrx_word' id='word_1_546' title='bbox 1882 2243 2070 2279; x_wconf 79' lang='lat' dir='ltr'><strong>succedere</strong></span> <span class='ocrx_word' id='word_1_547' title='bbox 2087 2244 2211 2290; x_wconf 84' lang='lat' dir='ltr'><strong>potuit</strong></span> <span class='ocrx_word' id='word_1_548' title='bbox 2230 2244 2487 2290; x_wconf 84' lang='lat' dir='ltr'><strong>probationum</strong></span> 
     </span>
     <span class='ocr_line' id='line_1_74' title="bbox 270 2284 2487 2335; baseline 0.001 -13"><span class='ocrx_word' id='word_1_549' title='bbox 270 2287 406 2322; x_wconf 87' lang='lat' dir='ltr'><strong>scilicet</strong></span> <span class='ocrx_word' id='word_1_550' title='bbox 428 2285 492 2331; x_wconf 77' lang='lat' dir='ltr'><strong>dis</strong></span> <span class='ocrx_word' id='word_1_551' title='bbox 513 2284 706 2321; x_wconf 75' lang='lat' dir='ltr'><strong>calcatibus</strong></span> <span class='ocrx_word' id='word_1_552' title='bbox 730 2284 919 2331; x_wconf 85' lang='lat' dir='ltr'><strong>impedita,</strong></span> <span class='ocrx_word' id='word_1_553' title='bbox 953 2284 1124 2331; x_wconf 77' lang='lat' dir='ltr'><strong>qnoniam</strong></span> <span class='ocrx_word' id='word_1_554' title='bbox 1150 2295 1220 2331; x_wconf 87' lang='lat' dir='ltr'><strong>per</strong></span> <span class='ocrx_word' id='word_1_555' title='bbox 1251 2288 1388 2320; x_wconf 82' lang='lat' dir='ltr'><strong>tantum</strong></span> <span class='ocrx_word' id='word_1_556' title='bbox 1420 2285 1577 2331; x_wconf 85' lang='lat' dir='ltr'><strong>spatium</strong></span> <span class='ocrx_word' id='word_1_557' title='bbox 1608 2285 1748 2321; x_wconf 85' lang='lat' dir='ltr'><strong>saeculi</strong></span> <span class='ocrx_word' id='word_1_558' title='bbox 1773 2287 1890 2332; x_wconf 71' lang='lat' dir='ltr'><strong>maqis</strong></span> <span class='ocrx_word' id='word_1_559' title='bbox 1921 2297 2029 2332; x_wconf 85' lang='lat' dir='ltr'><strong>quam</strong></span> <span class='ocrx_word' id='word_1_560' title='bbox 2061 2288 2232 2335; x_wconf 83' lang='lat' dir='ltr'><strong>temporis</strong></span> <span class='ocrx_word' id='word_1_561' title='bbox 2261 2299 2375 2335; x_wconf 81' lang='lat' dir='ltr'><strong>neque</strong></span> <span class='ocrx_word' id='word_1_562' title='bbox 2398 2291 2487 2325; x_wconf 84' lang='lat' dir='ltr'><strong>inte-</strong></span> 
     </span>
    </p>
   </div>
   <div class='ocr_carea' id='block_1_30' title="bbox 270 2332 479 2413">
    <p class='ocr_par' dir='ltr' id='par_1_30' title="bbox 270 2332 479 2413">
     <span class='ocr_line' id='line_1_75' title="bbox 270 2332 479 2413; baseline -0.005 -46"><span class='ocrx_word' id='word_1_563' title='bbox 270 2332 389 2377; x_wconf 64' lang='lat' dir='ltr'><strong>ffltas</strong></span> <span class='ocrx_word' id='word_1_564' title='bbox 405 2342 479 2413; x_wconf 55' lang='lat' dir='ltr'><strong>fro</strong></span> 
     </span>
    </p>
   </div>
   <div class='ocr_carea' id='block_1_31' title="bbox 486 2329 2488 2427">
    <p class='ocr_par' dir='ltr' id='par_1_31' title="bbox 486 2329 2488 2427">
     <span class='ocr_line' id='line_1_76' title="bbox 504 2329 1895 2377; baseline 0 -11"><span class='ocrx_word' id='word_1_565' title='bbox 504 2330 666 2366; x_wconf 75' lang='lat' dir='ltr'><strong>alionum</strong></span> <span class='ocrx_word' id='word_1_566' title='bbox 689 2341 734 2365; x_wconf 91' lang='lat' dir='ltr'><strong>ne</strong></span> <span class='ocrx_word' id='word_1_567' title='bbox 761 2341 804 2365; x_wconf 84' lang='lat' dir='ltr'><strong>ue</strong></span> <span class='ocrx_word' id='word_1_568' title='bbox 824 2329 916 2375; x_wconf 80' lang='lat' dir='ltr'><strong>fides</strong></span> <span class='ocrx_word' id='word_1_569' title='bbox 938 2334 1102 2365; x_wconf 86' lang='lat' dir='ltr'><strong>actorum</strong></span> <span class='ocrx_word' id='word_1_570' title='bbox 1125 2340 1241 2376; x_wconf 84' lang='lat' dir='ltr'><strong>neque</strong></span> <span class='ocrx_word' id='word_1_571' title='bbox 1263 2334 1365 2365; x_wconf 86' lang='lat' dir='ltr'><strong>aetas</strong></span> <span class='ocrx_word' id='word_1_572' title='bbox 1389 2329 1537 2365; x_wconf 85' lang='lat' dir='ltr'><strong>testibus</strong></span> <span class='ocrx_word' id='word_1_573' title='bbox 1558 2330 1746 2366; x_wconf 85' lang='lat' dir='ltr'><strong>subvenire</strong></span> <span class='ocrx_word' id='word_1_574' title='bbox 1762 2336 1895 2377; x_wconf 84' lang='lat' dir='ltr'><strong>potest.</strong></span> 
     </span>
     <span class='ocr_line' id='line_1_77' title="bbox 486 2374 2488 2427; baseline 0.002 -17"><span class='ocrx_word' id='word_1_575' title='bbox 486 2374 584 2427; x_wconf 73' lang='lat' dir='ltr'><strong>Unde</strong></span> <span class='ocrx_word' id='word_1_576' title='bbox 606 2375 693 2427; x_wconf 82' lang='lat' dir='ltr'><strong>quia</strong></span> <span class='ocrx_word' id='word_1_577' title='bbox 717 2375 745 2410; x_wconf 86' lang='lat' dir='ltr'><strong>li</strong></span> <span class='ocrx_word' id='word_1_578' title='bbox 766 2374 927 2410; x_wconf 85' lang='lat' dir='ltr'><strong>eralitati</strong></span> <span class='ocrx_word' id='word_1_579' title='bbox 948 2379 1095 2410; x_wconf 86' lang='lat' dir='ltr'><strong>nostrae</strong></span> <span class='ocrx_word' id='word_1_580' title='bbox 1125 2385 1200 2410; x_wconf 91' lang='lat' dir='ltr'><strong>non</strong></span> <span class='ocrx_word' id='word_1_581' title='bbox 1223 2375 1406 2410; x_wconf 83' lang='lat' dir='ltr'><strong>concurrit</strong></span> <span class='ocrx_word' id='word_1_582' title='bbox 1427 2385 1619 2410; x_wconf 86' lang='lat' dir='ltr'><strong>causarum</strong></span> <span class='ocrx_word' id='word_1_583' title='bbox 1643 2376 1831 2422; x_wconf 60' lang='lat' dir='ltr'><strong>angustia,</strong></span> <span class='ocrx_word' id='word_1_584' title='bbox 1863 2387 1942 2411; x_wconf 88' lang='lat' dir='ltr'><strong>cum</strong></span> <span class='ocrx_word' id='word_1_585' title='bbox 1966 2377 2108 2412; x_wconf 86' lang='lat' dir='ltr'><strong>ratione</strong></span> <span class='ocrx_word' id='word_1_586' title='bbox 2129 2377 2236 2412; x_wconf 88' lang='lat' dir='ltr'><strong>simul</strong></span> <span class='ocrx_word' id='word_1_587' title='bbox 2257 2382 2291 2413; x_wconf 88' lang='lat' dir='ltr'><strong>et</strong></span> <span class='ocrx_word' id='word_1_588' title='bbox 2313 2377 2488 2423; x_wconf 75' lang='lat' dir='ltr'><strong>reliqione</strong></span> 
     </span>
    </p>
   </div>
   <div class='ocr_carea' id='block_1_32' title="bbox 269 2419 2487 2474">
    <p class='ocr_par' dir='ltr' id='par_1_32' title="bbox 269 2419 2487 2474">
     <span class='ocr_line' id='line_1_78' title="bbox 269 2419 2487 2474; baseline 0 -16"><span class='ocrx_word' id='word_1_589' title='bbox 269 2421 494 2474; x_wconf 75' lang='lat' dir='ltr'><strong>praedictum</strong></span> <span class='ocrx_word' id='word_1_590' title='bbox 521 2420 749 2467; x_wconf 71' lang='lat' dir='ltr'><strong>privileqium</strong></span> <span class='ocrx_word' id='word_1_591' title='bbox 777 2419 827 2455; x_wconf 89' lang='lat' dir='ltr'><strong>ad</strong></span> <span class='ocrx_word' id='word_1_592' title='bbox 855 2420 1024 2456; x_wconf 86' lang='lat' dir='ltr'><strong>idoneum</strong></span> <span class='ocrx_word' id='word_1_593' title='bbox 1055 2419 1197 2455; x_wconf 87' lang='lat' dir='ltr'><strong>modum</strong></span> <span class='ocrx_word' id='word_1_594' title='bbox 1226 2419 1459 2466; x_wconf 77' lang='lat' dir='ltr'><strong>rediqendum</strong></span> <span class='ocrx_word' id='word_1_595' title='bbox 1482 2425 1650 2455; x_wconf 81' lang='lat' dir='ltr'><strong>curantes</strong></span> <span class='ocrx_word' id='word_1_596' title='bbox 1680 2431 1730 2456; x_wconf 89' lang='lat' dir='ltr'><strong>ex</strong></span> <span class='ocrx_word' id='word_1_597' title='bbox 1752 2421 1834 2467; x_wconf 87' lang='lat' dir='ltr'><strong>ipsa</strong></span> <span class='ocrx_word' id='word_1_598' title='bbox 1864 2422 2091 2468; x_wconf 75' lang='lat' dir='ltr'><strong>experientia</strong></span> <span class='ocrx_word' id='word_1_599' title='bbox 2110 2422 2348 2465; x_wconf 70' lang='lat' dir='ltr'><strong>retraximus,</strong></span> <span class='ocrx_word' id='word_1_600' title='bbox 2377 2427 2487 2474; x_wconf 76' lang='lat' dir='ltr'><strong>atque</strong></span> 
     </span>
    </p>
   </div>
   <div class='ocr_carea' id='block_1_33' title="bbox 269 2465 2487 2515">
    <p class='ocr_par' dir='ltr' id='par_1_33' title="bbox 269 2465 2487 2515">
     <span class='ocr_line' id='line_1_79' title="bbox 269 2465 2487 2515; baseline 0 -13"><span class='ocrx_word' id='word_1_601' title='bbox 269 2477 524 2515; x_wconf 71' lang='lat' dir='ltr'><strong>praecipimus,</strong></span> <span class='ocrx_word' id='word_1_602' title='bbox 556 2469 596 2501; x_wconf 91' lang='lat' dir='ltr'><strong>ut</strong></span> <span class='ocrx_word' id='word_1_603' title='bbox 617 2466 656 2500; x_wconf 88' lang='lat' dir='ltr'><strong>in</strong></span> <span class='ocrx_word' id='word_1_604' title='bbox 680 2466 809 2508; x_wconf 86' lang='lat' dir='ltr'><strong>causis,</strong></span> <span class='ocrx_word' id='word_1_605' title='bbox 841 2475 934 2511; x_wconf 83' lang='lat' dir='ltr'><strong>quas</strong></span> <span class='ocrx_word' id='word_1_606' title='bbox 957 2469 1064 2500; x_wconf 88' lang='lat' dir='ltr'><strong>antea</strong></span> <span class='ocrx_word' id='word_1_607' title='bbox 1090 2466 1241 2510; x_wconf 75' lang='lat' dir='ltr'><strong>triqtnta</strong></span> <span class='ocrx_word' id='word_1_608' title='bbox 1271 2475 1450 2500; x_wconf 86' lang='lat' dir='ltr'><strong>annorum</strong></span> <span class='ocrx_word' id='word_1_609' title='bbox 1478 2475 1568 2501; x_wconf 86' lang='lat' dir='ltr'><strong>exce</strong></span> <span class='ocrx_word' id='word_1_610' title='bbox 1596 2465 1645 2500; x_wconf 89' lang='lat' dir='ltr'><strong>tio</strong></span> <span class='ocrx_word' id='word_1_611' title='bbox 1678 2466 1896 2509; x_wconf 84' lang='lat' dir='ltr'><strong>removebat,</strong></span> <span class='ocrx_word' id='word_1_612' title='bbox 1926 2477 2021 2501; x_wconf 85' lang='lat' dir='ltr'><strong>nunc</strong></span> <span class='ocrx_word' id='word_1_613' title='bbox 2044 2466 2302 2503; x_wconf 85' lang='lat' dir='ltr'><strong>venerabilibus</strong></span> <span class='ocrx_word' id='word_1_614' title='bbox 2329 2468 2487 2503; x_wconf 73' lang='lat' dir='ltr'><strong>ecclesiis</strong></span> 
     </span>
    </p>
   </div>
   <div class='ocr_carea' id='block_1_34' title="bbox 271 2509 2485 2591">
    <p class='ocr_par' dir='ltr' id='par_1_34' title="bbox 271 2509 2485 2591">
     <span class='ocr_line' id='line_1_80' title="bbox 271 2509 2485 2563; baseline -0 -15"><span class='ocrx_word' id='word_1_615' title='bbox 271 2517 307 2549; x_wconf 89' lang='lat' dir='ltr'><strong>et</strong></span> <span class='ocrx_word' id='word_1_616' title='bbox 329 2511 556 2547; x_wconf 83' lang='lat' dir='ltr'><strong>monasteriis</strong></span> <span class='ocrx_word' id='word_1_617' title='bbox 578 2514 614 2546; x_wconf 92' lang='lat' dir='ltr'><strong>et</strong></span> <span class='ocrx_word' id='word_1_618' title='bbox 634 2509 839 2546; x_wconf 78' lang='lat' dir='ltr'><strong>xenonibus</strong></span> <span class='ocrx_word' id='word_1_619' title='bbox 861 2520 906 2545; x_wconf 88' lang='lat' dir='ltr'><strong>ac</strong></span> <span class='ocrx_word' id='word_1_620' title='bbox 929 2513 1120 2556; x_wconf 85' lang='lat' dir='ltr'><strong>praeterea</strong></span> <span class='ocrx_word' id='word_1_621' title='bbox 1141 2509 1468 2562; x_wconf 74' lang='lat' dir='ltr'><strong>orphanotrophiis</strong></span> <span class='ocrx_word' id='word_1_622' title='bbox 1498 2515 1534 2545; x_wconf 91' lang='lat' dir='ltr'><strong>et</strong></span> <span class='ocrx_word' id='word_1_623' title='bbox 1577 2509 1848 2563; x_wconf 76' lang='lat' dir='ltr'><strong>repbotroplziis</strong></span> <span class='ocrx_word' id='word_1_624' title='bbox 1870 2516 1907 2547; x_wconf 87' lang='lat' dir='ltr'><strong>et</strong></span> <span class='ocrx_word' id='word_1_625' title='bbox 1926 2511 2084 2558; x_wconf 78' lang='lat' dir='ltr'><strong>ptochiis</strong></span> <span class='ocrx_word' id='word_1_626' title='bbox 2106 2511 2248 2558; x_wconf 87' lang='lat' dir='ltr'><strong>quadra</strong></span> <span class='ocrx_word' id='word_1_627' title='bbox 2286 2516 2351 2547; x_wconf 89' lang='lat' dir='ltr'><strong>nta</strong></span> <span class='ocrx_word' id='word_1_628' title='bbox 2373 2523 2485 2547; x_wconf 70' lang='lat' dir='ltr'><strong>antio-</strong></span> 
     </span>
     <span class='ocr_line' id='line_1_81' title="bbox 2221 2567 2230 2591; baseline 0 0"><span class='ocrx_word' id='word_1_629' title='bbox 2221 2567 2230 2591; x_wconf 78' lang='grc' dir='ltr'><strong>ι</strong></span> 
     </span>
    </p>
   </div>
   <div class='ocr_carea' id='block_1_35' title="bbox 271 2554 2248 2739">
    <p class='ocr_par' dir='ltr' id='par_1_35' title="bbox 271 2554 2233 2646">
     <span class='ocr_line' id='line_1_82' title="bbox 271 2554 2233 2637; baseline -0.001 -44"><span class='ocrx_word' id='word_1_630' title='bbox 271 2568 352 2593; x_wconf 87' lang='lat' dir='ltr'><strong>rum</strong></span> <span class='ocrx_word' id='word_1_631' title='bbox 367 2556 553 2604; x_wconf 87' lang='lat' dir='ltr'><strong>porrectio</strong></span> <span class='ocrx_word' id='word_1_632' title='bbox 577 2555 804 2601; x_wconf 83' lang='lat' dir='ltr'><strong>conferatur,</strong></span> <span class='ocrx_word' id='word_1_633' title='bbox 826 2555 930 2590; x_wconf 82' lang='lat' dir='ltr'><strong>salva</strong></span> <span class='ocrx_word' id='word_1_634' title='bbox 952 2554 1090 2590; x_wconf 86' lang='lat' dir='ltr'><strong>scilicet</strong></span> <span class='ocrx_word' id='word_1_635' title='bbox 1112 2565 1210 2590; x_wconf 73' lang='lat' dir='ltr'><strong>circa</strong></span> <span class='ocrx_word' id='word_1_636' title='bbox 1232 2554 1394 2601; x_wconf 85' lang='lat' dir='ltr'><strong>reliquas</strong></span> <span class='ocrx_word' id='word_1_637' title='bbox 1417 2559 1452 2591; x_wconf 87' lang='lat' dir='ltr'><strong>et</strong></span> <span class='ocrx_word' id='word_1_638' title='bbox 1466 2565 1650 2601; x_wconf 83' lang='lat' dir='ltr'><strong>personas</strong></span> <span class='ocrx_word' id='word_1_639' title='bbox 1671 2559 1705 2591; x_wconf 84' lang='lat' dir='ltr'><strong>et</strong></span> <span class='ocrx_word' id='word_1_640' title='bbox 1724 2566 1784 2592; x_wconf 85' lang='lat' dir='ltr'><strong>res</strong></span> <span class='ocrx_word' id='word_1_641' title='bbox 1806 2567 1839 2592; x_wconf 77' lang='lat' dir='ltr'><strong>vi</strong></span> <span class='ocrx_word' id='word_1_642' title='bbox 1860 2562 2022 2592; x_wconf 85' lang='lat' dir='ltr'><strong>manente</strong></span> <span class='ocrx_word' id='word_1_643' title='bbox 2045 2567 2153 2602; x_wconf 84' lang='lat' dir='ltr'><strong>quam</strong></span> <span class='ocrx_word' id='word_1_644' title='bbox 2149 2557 2233 2637; x_wconf 53' lang='grc' dir='ltr'><strong><em>ἄρα·</em></strong></span> 
     </span>
     <span class='ocr_line' id='line_1_83' title="bbox 501 2599 2187 2646; baseline 0.001 -11"><span class='ocrx_word' id='word_1_645' title='bbox 501 2601 714 2646; x_wconf 79' lang='lat' dir='ltr'><strong>raescriptio</strong></span> <span class='ocrx_word' id='word_1_646' title='bbox 737 2600 808 2635; x_wconf 85' lang='lat' dir='ltr'><strong>sibi</strong></span> <span class='ocrx_word' id='word_1_647' title='bbox 828 2599 1038 2642; x_wconf 82' lang='lat' dir='ltr'><strong>vindicavit,</strong></span> <span class='ocrx_word' id='word_1_648' title='bbox 1061 2600 1233 2646; x_wconf 82' lang='lat' dir='ltr'><strong>quoniam</strong></span> <span class='ocrx_word' id='word_1_649' title='bbox 1256 2599 1350 2635; x_wconf 75' lang='lat' dir='ltr'><strong>banc</strong></span> <span class='ocrx_word' id='word_1_650' title='bbox 1373 2599 1491 2636; x_wconf 87' lang='lat' dir='ltr'><strong>decem</strong></span> <span class='ocrx_word' id='word_1_651' title='bbox 1512 2610 1689 2635; x_wconf 86' lang='lat' dir='ltr'><strong>annorum</strong></span> <span class='ocrx_word' id='word_1_652' title='bbox 1711 2600 1946 2637; x_wconf 82' lang='lat' dir='ltr'><strong>adiectionem</strong></span> <span class='ocrx_word' id='word_1_653' title='bbox 1965 2601 2065 2643; x_wconf 85' lang='lat' dir='ltr'><strong>solis,</strong></span> <span class='ocrx_word' id='word_1_654' title='bbox 2090 2606 2130 2636; x_wconf 85' lang='lat' dir='ltr'><strong>ut</strong></span> <span class='ocrx_word' id='word_1_655' title='bbox 2173 2603 2187 2636; x_wconf 79' lang='lat' dir='ltr'><strong>i</strong></span> 
     </span>
    </p>

    <p class='ocr_par' dir='ltr' id='par_1_36' title="bbox 271 2612 2248 2692">
     <span class='ocr_line' id='line_1_84' title="bbox 271 2612 2248 2692; baseline -0.001 -9"><span class='ocrx_word' id='word_1_656' title='bbox 271 2647 446 2684; x_wconf 79' lang='lat' dir='ltr'><strong>rabilibus</strong></span> <span class='ocrx_word' id='word_1_657' title='bbox 469 2612 565 2682; x_wconf 49' lang='lat' dir='ltr'><strong>focis</strong></span> <span class='ocrx_word' id='word_1_658' title='bbox 595 2655 790 2691; x_wconf 87' lang='lat' dir='ltr'><strong>eorumque</strong></span> <span class='ocrx_word' id='word_1_659' title='bbox 819 2645 893 2680; x_wconf 86' lang='lat' dir='ltr'><strong>iuri</strong></span> <span class='ocrx_word' id='word_1_660' title='bbox 921 2649 957 2680; x_wconf 89' lang='lat' dir='ltr'><strong>et</strong></span> <span class='ocrx_word' id='word_1_661' title='bbox 986 2644 1230 2680; x_wconf 85' lang='lat' dir='ltr'><strong>contractibus</strong></span> <span class='ocrx_word' id='word_1_662' title='bbox 1262 2645 1448 2691; x_wconf 75' lang='lat' dir='ltr'><strong>larqimur,</strong></span> <span class='ocrx_word' id='word_1_663' title='bbox 1479 2649 1520 2680; x_wconf 88' lang='lat' dir='ltr'><strong>ut</strong></span> <span class='ocrx_word' id='word_1_664' title='bbox 1542 2651 1703 2681; x_wconf 84' lang='lat' dir='ltr'><strong>cessante</strong></span> <span class='ocrx_word' id='word_1_665' title='bbox 1732 2645 1802 2681; x_wconf 78' lang='lat' dir='ltr'><strong>noc</strong></span> <span class='ocrx_word' id='word_1_666' title='bbox 1826 2652 1892 2682; x_wconf 88' lang='lat' dir='ltr'><strong>tem</strong></span> <span class='ocrx_word' id='word_1_667' title='bbox 1921 2647 1996 2682; x_wconf 86' lang='lat' dir='ltr'><strong>oris</strong></span> <span class='ocrx_word' id='word_1_668' title='bbox 2024 2647 2145 2692; x_wconf 84' lang='lat' dir='ltr'><strong>spatio</strong></span> <span class='ocrx_word' id='word_1_669' title='bbox 2176 2652 2248 2682; x_wconf 88' lang='lat' dir='ltr'><strong>tam</strong></span> 
     </span>
    </p>

    <p class='ocr_par' dir='ltr' id='par_1_37' title="bbox 272 2689 2239 2739">
     <span class='ocr_line' id='line_1_85' title="bbox 272 2689 2239 2739; baseline -0.001 -11"><span class='ocrx_word' id='word_1_670' title='bbox 272 2703 380 2739; x_wconf 84' lang='lat' dir='ltr'><strong>quam</strong></span> <span class='ocrx_word' id='word_1_671' title='bbox 403 2690 686 2738; x_wconf 75' lang='lat' dir='ltr'><strong>hypothecariae</strong></span> <span class='ocrx_word' id='word_1_672' title='bbox 707 2689 867 2726; x_wconf 86' lang='lat' dir='ltr'><strong>actiones</strong></span> <span class='ocrx_word' id='word_1_673' title='bbox 889 2690 927 2725; x_wconf 89' lang='lat' dir='ltr'><strong>in</strong></span> <span class='ocrx_word' id='word_1_674' title='bbox 949 2693 1162 2737; x_wconf 85' lang='lat' dir='ltr'><strong>perpetuum</strong></span> <span class='ocrx_word' id='word_1_675' title='bbox 1185 2690 1390 2736; x_wconf 84' lang='lat' dir='ltr'><strong>quiescant:</strong></span> <span class='ocrx_word' id='word_1_676' title='bbox 1420 2700 1499 2725; x_wconf 84' lang='lat' dir='ltr'><strong>cum</strong></span> <span class='ocrx_word' id='word_1_677' title='bbox 1518 2690 1668 2736; x_wconf 79' lang='lat' dir='ltr'><strong>reliquis</strong></span> <span class='ocrx_word' id='word_1_678' title='bbox 1689 2692 1893 2737; x_wconf 77' lang='lat' dir='ltr'><strong>exceptioni</strong></span> <span class='ocrx_word' id='word_1_679' title='bbox 1919 2701 1961 2726; x_wconf 83' lang='lat' dir='ltr'><strong>us</strong></span> <span class='ocrx_word' id='word_1_680' title='bbox 1983 2690 2075 2726; x_wconf 79' lang='lat' dir='ltr'><strong>nibil</strong></span> <span class='ocrx_word' id='word_1_681' title='bbox 2096 2694 2239 2726; x_wconf 78' lang='lat' dir='ltr'><strong>omnino</strong></span> 
     </span>
    </p>
   </div>
   <div class='ocr_carea' id='block_1_36' title="bbox 272 2613 450 2638">
    <p class='ocr_par' dir='ltr' id='par_1_38' title="bbox 272 2613 450 2638">
     <span class='ocr_line' id='line_1_86' title="bbox 272 2613 450 2638; baseline -0.011 0"><span class='ocrx_word' id='word_1_682' title='bbox 272 2613 450 2638; x_wconf 73' lang='lat' dir='ltr'><strong><em>annorum</em></strong></span> 
     </span>
    </p>
   </div>
   <div class='ocr_carea' id='block_1_37' title="bbox 2187 2557 2488 2738">
    <p class='ocr_par' dir='ltr' id='par_1_39' title="bbox 2187 2557 2488 2683">
     <span class='ocr_line' id='line_1_87' title="bbox 2336 2557 2487 2603; baseline 0.007 -11"><span class='ocrx_word' id='word_1_683' title='bbox 2336 2557 2487 2603; x_wconf 65' lang='lat' dir='ltr'><strong>trtyinta</strong></span> 
     </span>
     <span class='ocr_line' id='line_1_88' title="bbox 2187 2606 2487 2644; baseline 0.007 -7"><span class='ocrx_word' id='word_1_684' title='bbox 2187 2607 2280 2637; x_wconf 87' lang='lat' dir='ltr'><strong>ctum</strong></span> <span class='ocrx_word' id='word_1_685' title='bbox 2298 2606 2362 2644; x_wconf 85' lang='lat' dir='ltr'><strong>est,</strong></span> <span class='ocrx_word' id='word_1_686' title='bbox 2386 2613 2487 2638; x_wconf 84' lang='lat' dir='ltr'><strong>vene-</strong></span> 
     </span>
     <span class='ocr_line' id='line_1_89' title="bbox 2306 2647 2488 2683; baseline 0 -1"><span class='ocrx_word' id='word_1_687' title='bbox 2306 2647 2488 2683; x_wconf 83' lang='lat' dir='ltr'><strong>crsouales</strong></span> 
     </span>
    </p>

    <p class='ocr_par' dir='ltr' id='par_1_40' title="bbox 2328 2702 2486 2738">
     <span class='ocr_line' id='line_1_90' title="bbox 2328 2702 2486 2738; baseline -0.006 -11"><span class='ocrx_word' id='word_1_688' title='bbox 2328 2702 2486 2738; x_wconf 78' lang='lat' dir='ltr'><strong>oqemus,</strong></span> 
     </span>
    </p>
   </div>
   <div class='ocr_carea' id='block_1_38' title="bbox 270 2734 2487 2905">
    <p class='ocr_par' dir='ltr' id='par_1_41' title="bbox 270 2734 2487 2905">
     <span class='ocr_line' id='line_1_91' title="bbox 271 2734 2487 2787; baseline -0.002 -13"><span class='ocrx_word' id='word_1_689' title='bbox 271 2737 336 2774; x_wconf 86' lang='lat' dir='ltr'><strong>sed</strong></span> <span class='ocrx_word' id='word_1_690' title='bbox 359 2743 431 2773; x_wconf 86' lang='lat' dir='ltr'><strong>tam</strong></span> <span class='ocrx_word' id='word_1_691' title='bbox 455 2735 581 2772; x_wconf 85' lang='lat' dir='ltr'><strong>annali</strong></span> <span class='ocrx_word' id='word_1_692' title='bbox 603 2746 710 2781; x_wconf 85' lang='lat' dir='ltr'><strong>quam</strong></span> <span class='ocrx_word' id='word_1_693' title='bbox 739 2735 884 2771; x_wconf 82' lang='lat' dir='ltr'><strong>triennii</strong></span> <span class='ocrx_word' id='word_1_694' title='bbox 901 2735 1189 2787; x_wconf 85' lang='lat' dir='ltr'><strong>praescriptioni</strong></span> <span class='ocrx_word' id='word_1_695' title='bbox 1217 2735 1414 2781; x_wconf 84' lang='lat' dir='ltr'><strong>ceterisque</strong></span> <span class='ocrx_word' id='word_1_696' title='bbox 1443 2745 1537 2781; x_wconf 83' lang='lat' dir='ltr'><strong>quae</strong></span> <span class='ocrx_word' id='word_1_697' title='bbox 1566 2734 1616 2770; x_wconf 87' lang='lat' dir='ltr'><strong>ad</strong></span> <span class='ocrx_word' id='word_1_698' title='bbox 1644 2735 1786 2771; x_wconf 85' lang='lat' dir='ltr'><strong>maiora</strong></span> <span class='ocrx_word' id='word_1_699' title='bbox 1809 2736 1866 2772; x_wconf 84' lang='lat' dir='ltr'><strong>vel</strong></span> <span class='ocrx_word' id='word_1_700' title='bbox 1885 2736 2027 2771; x_wconf 86' lang='lat' dir='ltr'><strong>minora</strong></span> <span class='ocrx_word' id='word_1_701' title='bbox 2057 2740 2219 2782; x_wconf 87' lang='lat' dir='ltr'><strong>tempora</strong></span> <span class='ocrx_word' id='word_1_702' title='bbox 2242 2736 2487 2772; x_wconf 86' lang='lat' dir='ltr'><strong>extenduntur</strong></span> 
     </span>
     <span class='ocr_line' id='line_1_92' title="bbox 270 2778 2487 2830; baseline -0.001 -12"><span class='ocrx_word' id='word_1_703' title='bbox 270 2783 426 2830; x_wconf 84' lang='lat' dir='ltr'><strong>propria</strong></span> <span class='ocrx_word' id='word_1_704' title='bbox 457 2782 510 2818; x_wconf 80' lang='lat' dir='ltr'><strong>vis</strong></span> <span class='ocrx_word' id='word_1_705' title='bbox 539 2791 585 2816; x_wconf 90' lang='lat' dir='ltr'><strong>ac</strong></span> <span class='ocrx_word' id='word_1_706' title='bbox 613 2780 727 2816; x_wconf 86' lang='lat' dir='ltr'><strong>robur</strong></span> <span class='ocrx_word' id='word_1_707' title='bbox 755 2784 925 2816; x_wconf 89' lang='lat' dir='ltr'><strong>servetur.</strong></span> <span class='ocrx_word' id='word_1_708' title='bbox 974 2778 1135 2822; x_wconf 75' lang='lat' dir='ltr'><strong>Etenim,</strong></span> <span class='ocrx_word' id='word_1_709' title='bbox 1165 2779 1272 2816; x_wconf 84' lang='lat' dir='ltr'><strong>sicuti</strong></span> <span class='ocrx_word' id='word_1_710' title='bbox 1295 2780 1428 2815; x_wconf 83' lang='lat' dir='ltr'><strong>dictum</strong></span> <span class='ocrx_word' id='word_1_711' title='bbox 1451 2784 1522 2822; x_wconf 88' lang='lat' dir='ltr'><strong>est,</strong></span> <span class='ocrx_word' id='word_1_712' title='bbox 1553 2780 1591 2815; x_wconf 85' lang='lat' dir='ltr'><strong>in</strong></span> <span class='ocrx_word' id='word_1_713' title='bbox 1621 2781 1709 2816; x_wconf 83' lang='lat' dir='ltr'><strong>solis</strong></span> <span class='ocrx_word' id='word_1_714' title='bbox 1739 2781 1859 2816; x_wconf 82' lang='lat' dir='ltr'><strong>causis</strong></span> <span class='ocrx_word' id='word_1_715' title='bbox 1887 2780 2139 2817; x_wconf 85' lang='lat' dir='ltr'><strong>venerabilium</strong></span> <span class='ocrx_word' id='word_1_716' title='bbox 2170 2780 2331 2816; x_wconf 82' lang='lat' dir='ltr'><strong>locorum</strong></span> <span class='ocrx_word' id='word_1_717' title='bbox 2359 2790 2487 2815; x_wconf 87' lang='lat' dir='ltr'><strong>sacros</strong></span> 
     </span>
     <span class='ocr_line' id='line_1_93' title="bbox 273 2824 2485 2905; baseline -0.001 -42"><span class='ocrx_word' id='word_1_718' title='bbox 273 2831 482 2863; x_wconf 86' lang='lat' dir='ltr'><strong>contractus</strong></span> <span class='ocrx_word' id='word_1_719' title='bbox 510 2825 703 2877; x_wconf 77' lang='lat' dir='ltr'><strong>privileqio</strong></span> <span class='ocrx_word' id='word_1_720' title='bbox 737 2835 850 2871; x_wconf 87' lang='lat' dir='ltr'><strong>supra</strong></span> <span class='ocrx_word' id='word_1_721' title='bbox 885 2830 1082 2861; x_wconf 88' lang='lat' dir='ltr'><strong>memorato</strong></span> <span class='ocrx_word' id='word_1_722' title='bbox 1104 2824 1364 2905; x_wconf 43' lang='lat' dir='ltr'><strong>‹quadra-qima</strong></span> <span class='ocrx_word' id='word_1_723' title='bbox 1394 2835 1573 2860; x_wconf 88' lang='lat' dir='ltr'><strong>annorum</strong></span> <span class='ocrx_word' id='word_1_724' title='bbox 1605 2825 1754 2872; x_wconf 80' lang='lat' dir='ltr'><strong>perfrui</strong></span> <span class='ocrx_word' id='word_1_725' title='bbox 1783 2825 1961 2878; x_wconf 70' lang='lat' dir='ltr'><strong>voluntas,</strong></span> <span class='ocrx_word' id='word_1_726' title='bbox 1999 2825 2037 2860; x_wconf 87' lang='lat' dir='ltr'><strong>in</strong></span> <span class='ocrx_word' id='word_1_727' title='bbox 2068 2825 2198 2872; x_wconf 83' lang='lat' dir='ltr'><strong>quibus</strong></span> <span class='ocrx_word' id='word_1_728' title='bbox 2227 2826 2317 2871; x_wconf 86' lang='lat' dir='ltr'><strong>ipsis</strong></span> <span class='ocrx_word' id='word_1_729' title='bbox 2345 2829 2485 2861; x_wconf 78' lang='lat' dir='ltr'><strong>centum</strong></span> 
     </span>
    </p>
   </div>
   <div class='ocr_carea' id='block_1_39' title="bbox 272 2870 1080 2919">
    <p class='ocr_par' dir='ltr' id='par_1_42' title="bbox 272 2870 1080 2919">
     <span class='ocr_line' id='line_1_94' title="bbox 272 2870 1080 2919; baseline -0.004 -11"><span class='ocrx_word' id='word_1_730' title='bbox 272 2883 449 2908; x_wconf 88' lang='lat' dir='ltr'><strong>annorum</strong></span> <span class='ocrx_word' id='word_1_731' title='bbox 466 2871 697 2919; x_wconf 73' lang='lat' dir='ltr'><strong>privileqmm</strong></span> <span class='ocrx_word' id='word_1_732' title='bbox 721 2870 930 2906; x_wconf 85' lang='lat' dir='ltr'><strong>constitutio</strong></span> <span class='ocrx_word' id='word_1_733' title='bbox 952 2875 1080 2905; x_wconf 86' lang='lat' dir='ltr'><strong>nostra</strong></span> 
     </span>
    </p>
   </div>
   <div class='ocr_carea' id='block_1_40' title="bbox 1129 2870 2484 2923">
    <p class='ocr_par' dir='ltr' id='par_1_43' title="bbox 1129 2870 2484 2923">
     <span class='ocr_line' id='line_1_95' title="bbox 1129 2870 2484 2923; baseline -0.001 -17"><span class='ocrx_word' id='word_1_734' title='bbox 1129 2870 1263 2906; x_wconf 88' lang='lat' dir='ltr'><strong>ederat.</strong></span> <span class='ocrx_word' id='word_1_735' title='bbox 1313 2870 1473 2905; x_wconf 87' lang='lat' dir='ltr'><strong>Ceterum</strong></span> <span class='ocrx_word' id='word_1_736' title='bbox 1496 2870 1535 2904; x_wconf 87' lang='lat' dir='ltr'><strong>in</strong></span> <span class='ocrx_word' id='word_1_737' title='bbox 1558 2871 1725 2916; x_wconf 82' lang='lat' dir='ltr'><strong>confesso</strong></span> <span class='ocrx_word' id='word_1_738' title='bbox 1749 2875 1818 2913; x_wconf 85' lang='lat' dir='ltr'><strong>est,</strong></span> <span class='ocrx_word' id='word_1_739' title='bbox 1849 2881 1882 2923; x_wconf 63' lang='lat' dir='ltr'><strong>st</strong></span> <span class='ocrx_word' id='word_1_740' title='bbox 1904 2881 1996 2917; x_wconf 80' lang='lat' dir='ltr'><strong>quas</strong></span> <span class='ocrx_word' id='word_1_741' title='bbox 2018 2880 2149 2906; x_wconf 88' lang='lat' dir='ltr'><strong>causas</strong></span> <span class='ocrx_word' id='word_1_742' title='bbox 2178 2876 2262 2905; x_wconf 86' lang='lat' dir='ltr'><strong>ante</strong></span> <span class='ocrx_word' id='word_1_743' title='bbox 2285 2870 2379 2906; x_wconf 78' lang='lat' dir='ltr'><strong>hanc</strong></span> <span class='ocrx_word' id='word_1_744' title='bbox 2402 2881 2484 2906; x_wconf 88' lang='lat' dir='ltr'><strong>con—</strong></span> 
     </span>
    </p>
   </div>
   <div class='ocr_carea' id='block_1_41' title="bbox 271 2914 2485 2961">
    <p class='ocr_par' dir='ltr' id='par_1_44' title="bbox 271 2914 2485 2961">
     <span class='ocr_line' id='line_1_96' title="bbox 271 2914 2485 2961; baseline -0.002 -7"><span class='ocrx_word' id='word_1_745' title='bbox 271 2918 494 2954; x_wconf 84' lang='lat' dir='ltr'><strong>stitutionem</strong></span> <span class='ocrx_word' id='word_1_746' title='bbox 524 2922 685 2951; x_wconf 84' lang='lat' dir='ltr'><strong>nostram</strong></span> <span class='ocrx_word' id='word_1_747' title='bbox 719 2915 764 2951; x_wconf 88' lang='lat' dir='ltr'><strong>ab</strong></span> <span class='ocrx_word' id='word_1_748' title='bbox 795 2914 953 2950; x_wconf 87' lang='lat' dir='ltr'><strong>ecclesiis</strong></span> <span class='ocrx_word' id='word_1_749' title='bbox 988 2915 1186 2961; x_wconf 70' lang='lat' dir='ltr'><strong>ceterisque</strong></span> <span class='ocrx_word' id='word_1_750' title='bbox 1215 2915 1331 2950; x_wconf 87' lang='lat' dir='ltr'><strong>sacris</strong></span> <span class='ocrx_word' id='word_1_751' title='bbox 1362 2915 1450 2950; x_wconf 84' lang='lat' dir='ltr'><strong>locis</strong></span> <span class='ocrx_word' id='word_1_752' title='bbox 1479 2915 1692 2961; x_wconf 80' lang='lat' dir='ltr'><strong>ubicumque</strong></span> <span class='ocrx_word' id='word_1_753' title='bbox 1722 2922 1838 2952; x_wconf 84' lang='lat' dir='ltr'><strong>motas</strong></span> <span class='ocrx_word' id='word_1_754' title='bbox 1868 2915 2048 2951; x_wconf 73' lang='lat' dir='ltr'><strong>iudicialis</strong></span> <span class='ocrx_word' id='word_1_755' title='bbox 2080 2916 2256 2950; x_wconf 82' lang='lat' dir='ltr'><strong>sententia</strong></span> <span class='ocrx_word' id='word_1_756' title='bbox 2283 2915 2343 2951; x_wconf 86' lang='lat' dir='ltr'><strong>vel</strong></span> <span class='ocrx_word' id='word_1_757' title='bbox 2369 2919 2485 2951; x_wconf 84' lang='lat' dir='ltr'><strong>trans-</strong></span> 
     </span>
    </p>
   </div>
   <div class='ocr_carea' id='block_1_42' title="bbox 330 3001 2486 3058">
    <p class='ocr_par' dir='ltr' id='par_1_45' title="bbox 330 3001 2486 3058">
     <span class='ocr_line' id='line_1_97' title="bbox 330 3001 2486 3058; baseline -0.001 -17"><span class='ocrx_word' id='word_1_758' title='bbox 330 3009 351 3042; x_wconf 87' lang='grc'><strong>2</strong></span> <span class='ocrx_word' id='word_1_759' title='bbox 372 3004 500 3041; x_wconf 78' lang='grc' dir='ltr'><strong><em>ἄδειαν</em></strong></span> <span class='ocrx_word' id='word_1_760' title='bbox 513 3007 711 3046; x_wconf 79' lang='lat' dir='ltr'><strong>Zachariae]</strong></span> <span class='ocrx_word' id='word_1_761' title='bbox 735 3002 839 3038; x_wconf 81' lang='grc' dir='ltr'><strong><em>ἄδεια</em></strong></span> <span class='ocrx_word' id='word_1_762' title='bbox 864 3005 914 3046; x_wconf 85' lang='lat' dir='ltr'><strong>M,</strong></span> <span class='ocrx_word' id='word_1_763' title='bbox 951 3001 1054 3047; x_wconf 77' lang='grc' dir='ltr'><strong><em>ἀδείᾳ</em></strong></span> <span class='ocrx_word' id='word_1_764' title='bbox 1078 3019 1146 3039; x_wconf 86' lang='lat' dir='ltr'><strong>cum</strong></span> <span class='ocrx_word' id='word_1_765' title='bbox 1165 3006 1348 3049; x_wconf 75' lang='lat' dir='ltr'><strong>Scrimyero</strong></span> <span class='ocrx_word' id='word_1_766' title='bbox 1416 3004 1495 3038; x_wconf 79' lang='lat' dir='ltr'><strong>tatis</strong></span> <span class='ocrx_word' id='word_1_767' title='bbox 1514 3005 1598 3047; x_wconf 81' lang='lat' dir='ltr'><strong>libri,</strong></span> <span class='ocrx_word' id='word_1_768' title='bbox 1612 3018 1693 3040; x_wconf 89' lang='lat' dir='ltr'><strong>corr.</strong></span> <span class='ocrx_word' id='word_1_769' title='bbox 1706 3006 1792 3050; x_wconf 77' lang='lat' dir='ltr'><strong>vulq.</strong></span> <span class='ocrx_word' id='word_1_770' title='bbox 1810 3005 1823 3050; x_wconf 75' lang='grc' dir='ltr'><strong>ΙΙ</strong></span> <span class='ocrx_word' id='word_1_771' title='bbox 1843 3006 1883 3039; x_wconf 83' lang='grc'><strong>12</strong></span> <span class='ocrx_word' id='word_1_772' title='bbox 1899 3007 1949 3047; x_wconf 77' lang='lat' dir='ltr'><strong>ac]</strong></span> <span class='ocrx_word' id='word_1_773' title='bbox 1974 3005 2034 3038; x_wconf 77' lang='lat' dir='ltr'><strong>hac</strong></span> <span class='ocrx_word' id='word_1_774' title='bbox 2055 3004 2111 3048; x_wconf 73' lang='lat' dir='ltr'><strong>Vll</strong></span> <span class='ocrx_word' id='word_1_775' title='bbox 2131 3006 2171 3039; x_wconf 86' lang='lat'><strong>14</strong></span> <span class='ocrx_word' id='word_1_776' title='bbox 2186 3004 2234 3045; x_wconf 87' lang='lat' dir='ltr'><strong>in]</strong></span> <span class='ocrx_word' id='word_1_777' title='bbox 2255 3005 2344 3038; x_wconf 84' lang='lat' dir='ltr'><strong>utin</strong></span> <span class='ocrx_word' id='word_1_778' title='bbox 2359 3006 2486 3058; x_wconf 73' lang='lat' dir='ltr'><strong>B⁶⁶k‚fl</strong></span> 
     </span>
    </p>
   </div>
   <div class='ocr_carea' id='block_1_43' title="bbox 273 3048 1351 3452">
    <p class='ocr_par' dir='ltr' id='par_1_46' title="bbox 273 3048 1351 3452">
     <span class='ocr_line' id='line_1_98' title="bbox 273 3048 1348 3095; baseline -0.003 -9"><span class='ocrx_word' id='word_1_779' title='bbox 273 3054 359 3095; x_wconf 72' lang='lat' dir='ltr'><strong>vulq.</strong></span> <span class='ocrx_word' id='word_1_780' title='bbox 376 3054 389 3095; x_wconf 86' lang='grc' dir='ltr'><strong>ΙΙ</strong></span> <span class='ocrx_word' id='word_1_781' title='bbox 406 3055 428 3087; x_wconf 81' lang='lat'>4</span> <span class='ocrx_word' id='word_1_782' title='bbox 452 3049 566 3087; x_wconf 82' lang='grc' dir='ltr'><strong><em>πάλαι</em></strong></span> <span class='ocrx_word' id='word_1_783' title='bbox 591 3051 635 3085; x_wconf 87' lang='lat' dir='ltr'><em>M</em></span> <span class='ocrx_word' id='word_1_784' title='bbox 638 3051 684 3094; x_wconf 72' lang='lat' dir='ltr'><strong>“fl</strong></span> <span class='ocrx_word' id='word_1_785' title='bbox 703 3052 722 3084; x_wconf 85' lang='lat'>5</span> <span class='ocrx_word' id='word_1_786' title='bbox 747 3048 971 3095; x_wconf 73' lang='grc' dir='ltr'><strong><em>*προελθεῖν</em></strong></span> <span class='ocrx_word' id='word_1_787' title='bbox 993 3052 1113 3094; x_wconf 70' lang='lat' dir='ltr'><strong>scripsi</strong></span> <span class='ocrx_word' id='word_1_788' title='bbox 1127 3063 1166 3084; x_wconf 80' lang='grc' dir='ltr'><strong>ετ</strong></span> <span class='ocrx_word' id='word_1_789' title='bbox 1185 3052 1216 3093; x_wconf 84' lang='grc' dir='ltr'><strong><em>ς]</em></strong></span> <span class='ocrx_word' id='word_1_790' title='bbox 1240 3060 1348 3095; x_wconf 82' lang='grc' dir='ltr'><strong><em>προσ-</em></strong></span> 
     </span>
     <span class='ocr_line' id='line_1_99' title="bbox 273 3092 1351 3141; baseline -0.003 -10"><span class='ocrx_word' id='word_1_791' title='bbox 273 3097 398 3131; x_wconf 87' lang='grc' dir='ltr'><strong><em>ελθεῖν</em></strong></span> <span class='ocrx_word' id='word_1_792' title='bbox 423 3098 467 3131; x_wconf 88' lang='grc' dir='ltr'><em>Μ</em></span> <span class='ocrx_word' id='word_1_793' title='bbox 489 3098 502 3141; x_wconf 68' lang='grc' dir='ltr'><strong>ΙΙ</strong></span> <span class='ocrx_word' id='word_1_794' title='bbox 530 3099 550 3131; x_wconf 86' lang='grc'><strong>6</strong></span> <span class='ocrx_word' id='word_1_795' title='bbox 573 3092 698 3138; x_wconf 75' lang='grc' dir='ltr'><strong><em>ἐπειδὴ</em></strong></span> <span class='ocrx_word' id='word_1_796' title='bbox 726 3096 909 3140; x_wconf 75' lang='lat' dir='ltr'><strong>Homberyk</strong></span> <span class='ocrx_word' id='word_1_797' title='bbox 933 3107 972 3128; x_wconf 74' lang='lat' dir='ltr'><strong>ez·</strong></span> <span class='ocrx_word' id='word_1_798' title='bbox 995 3097 1026 3136; x_wconf 77' lang='grc' dir='ltr'><strong><em>ς]</em></strong></span> <span class='ocrx_word' id='word_1_799' title='bbox 1065 3093 1189 3138; x_wconf 79' lang='grc' dir='ltr'><strong><em>ἐπειδὴ</em></strong></span> <span class='ocrx_word' id='word_1_800' title='bbox 1214 3092 1253 3129; x_wconf 79' lang='grc' dir='ltr'><strong>δὲ</strong></span> <span class='ocrx_word' id='word_1_801' title='bbox 1277 3095 1320 3128; x_wconf 83' lang='grc' dir='ltr'><em>Μ</em></span> <span class='ocrx_word' id='word_1_802' title='bbox 1339 3095 1351 3138; x_wconf 83' lang='grc' dir='ltr'><strong>ΙΙ</strong></span> 
     </span>
     <span class='ocr_line' id='line_1_100' title="bbox 274 3135 1348 3184; baseline -0.003 -7"><span class='ocrx_word' id='word_1_803' title='bbox 274 3147 295 3179; x_wconf 87' lang='grc'>9</span> <span class='ocrx_word' id='word_1_804' title='bbox 318 3139 428 3177; x_wconf 74' lang='grc' dir='ltr'><strong><em>*οὐδὲ</em></strong></span> <span class='ocrx_word' id='word_1_805' title='bbox 451 3143 521 3181; x_wconf 65' lang='lat' dir='ltr'><strong>Mil</strong></span> <span class='ocrx_word' id='word_1_806' title='bbox 538 3142 580 3176; x_wconf 84' lang='lat'><strong>12</strong></span> <span class='ocrx_word' id='word_1_807' title='bbox 600 3136 702 3184; x_wconf 74' lang='grc' dir='ltr'><strong><em>*ἅμα</em></strong></span> <span class='ocrx_word' id='word_1_808' title='bbox 722 3142 774 3181; x_wconf 87' lang='grc' dir='ltr'><strong>τε]</strong></span> <span class='ocrx_word' id='word_1_809' title='bbox 799 3135 875 3184; x_wconf 75' lang='grc' dir='ltr'><strong>ἅμα</strong></span> <span class='ocrx_word' id='word_1_810' title='bbox 899 3137 939 3173; x_wconf 75' lang='grc' dir='ltr'><strong>δὲ</strong></span> <span class='ocrx_word' id='word_1_811' title='bbox 958 3141 1026 3183; x_wconf 83' lang='grc' dir='ltr'><strong>ΜΙΙ</strong></span> <span class='ocrx_word' id='word_1_812' title='bbox 1047 3143 1084 3175; x_wconf 79' lang='grc' dir='ltr'><strong><em>1”ι</em></strong></span> <span class='ocrx_word' id='word_1_813' title='bbox 1111 3142 1258 3175; x_wconf 82' lang='grc' dir='ltr'><strong><em>σεπταῖς</em></strong></span> <span class='ocrx_word' id='word_1_814' title='bbox 1280 3140 1348 3174; x_wconf 73' lang='grc' dir='ltr'><strong><em>Ζα-</em></strong></span> 
     </span>
     <span class='ocr_line' id='line_1_101' title="bbox 274 3182 1350 3238; baseline -0.005 -15"><span class='ocrx_word' id='word_1_815' title='bbox 274 3190 406 3223; x_wconf 81' lang='lat' dir='ltr'><strong>chariae</strong></span> <span class='ocrx_word' id='word_1_816' title='bbox 430 3200 468 3221; x_wconf 79' lang='lat' dir='ltr'><strong>ex</strong></span> <span class='ocrx_word' id='word_1_817' title='bbox 491 3189 522 3228; x_wconf 82' lang='grc' dir='ltr'><strong><em>ς]</em></strong></span> <span class='ocrx_word' id='word_1_818' title='bbox 557 3188 617 3220; x_wconf 73' lang='grc' dir='ltr'><strong><em>ἐπὶ</em></strong></span> <span class='ocrx_word' id='word_1_819' title='bbox 645 3187 722 3220; x_wconf 87' lang='grc' dir='ltr'><strong><em>ταῖς</em></strong></span> <span class='ocrx_word' id='word_1_820' title='bbox 747 3186 792 3219; x_wconf 89' lang='grc' dir='ltr'><em>Μ</em></span> <span class='ocrx_word' id='word_1_821' title='bbox 813 3186 827 3229; x_wconf 85' lang='grc' dir='ltr'><strong>ΙΙ</strong></span> <span class='ocrx_word' id='word_1_822' title='bbox 859 3186 900 3220; x_wconf 86' lang='grc'><strong>28</strong></span> <span class='ocrx_word' id='word_1_823' title='bbox 932 3186 992 3220; x_wconf 75' lang='grc' dir='ltr'><strong><em>ἐπὶ</em></strong></span> <span class='ocrx_word' id='word_1_824' title='bbox 1016 3182 1245 3238; x_wconf 51' lang='grc' dir='ltr'><strong><em>ἡσυζάσωσιν</em></strong></span> <span class='ocrx_word' id='word_1_825' title='bbox 1269 3184 1314 3218; x_wconf 89' lang='grc' dir='ltr'><em>Μ</em></span> <span class='ocrx_word' id='word_1_826' title='bbox 1338 3184 1350 3229; x_wconf 85' lang='grc' dir='ltr'><strong>ΙΙ</strong></span> 
     </span>
     <span class='ocr_line' id='line_1_102' title="bbox 275 3227 1349 3276; baseline -0.004 -9"><span class='ocrx_word' id='word_1_827' title='bbox 275 3235 317 3267; x_wconf 85' lang='grc'><strong>33</strong></span> <span class='ocrx_word' id='word_1_828' title='bbox 342 3232 514 3275; x_wconf 79' lang='grc' dir='ltr'><strong><em>ἐχόντων]</em></strong></span> <span class='ocrx_word' id='word_1_829' title='bbox 550 3239 716 3275; x_wconf 71' lang='lat' dir='ltr'><strong>exspectas</strong></span> <span class='ocrx_word' id='word_1_830' title='bbox 739 3230 929 3276; x_wconf 81' lang='grc' dir='ltr'><strong><em>τηροῦντες</em></strong></span> <span class='ocrx_word' id='word_1_831' title='bbox 953 3232 1003 3264; x_wconf 82' lang='lat' dir='ltr'><strong>vel</strong></span> <span class='ocrx_word' id='word_1_832' title='bbox 1024 3227 1184 3264; x_wconf 83' lang='grc' dir='ltr'><strong><em>διδοντες</em></strong></span> <span class='ocrx_word' id='word_1_833' title='bbox 1212 3231 1349 3274; x_wconf 75' lang='grc' dir='ltr'><strong><em>(νέμον-</em></strong></span> 
     </span>
     <span class='ocr_line' id='line_1_103' title="bbox 273 3276 1350 3364; baseline -0.003 -52"><span class='ocrx_word' id='word_1_834' title='bbox 273 3289 330 3312; x_wconf 88' lang='grc' dir='ltr'><strong>τες</strong></span> <span class='ocrx_word' id='word_1_835' title='bbox 346 3278 666 3364; x_wconf 44' lang='grc' dir='ltr'><strong><em>ρνιῖρ..ΖαοΙ.ιανιίι-εε)11,</em></strong></span> <span class='ocrx_word' id='word_1_836' title='bbox 686 3278 799 3355; x_wconf 47' lang='grc' dir='ltr'><strong><em>ἔειάἑιι(</em></strong></span> <span class='ocrx_word' id='word_1_837' title='bbox 809 3277 1099 3356; x_wconf 46' lang='grc' dir='ltr'><strong><em>ΡῖνίονΜίΙἯιεΒξοᾷἰιὲε</em></strong></span> <span class='ocrx_word' id='word_1_838' title='bbox 1118 3276 1350 3354; x_wconf 52' lang='grc' dir='ltr'><strong><em>υὲῗιιηιθζξῖἕξὲ</em></strong></span> 
     </span>
     <span class='ocr_line' id='line_1_104' title="bbox 276 3331 1349 3408; baseline -0.005 -7"><span class='ocrx_word' id='word_1_839' title='bbox 276 3331 392 3401; x_wconf 41' lang='lat' dir='ltr'><strong>&amp;gxi</strong></span> <span class='ocrx_word' id='word_1_840' title='bbox 401 3331 620 3401; x_wconf 52' lang='grc' dir='ltr'><strong><em>’ΐιίἴιιιυςεῆηέζ</em></strong></span> <span class='ocrx_word' id='word_1_841' title='bbox 637 3376 718 3408; x_wconf 85' lang='lat' dir='ltr'><strong>quas</strong></span> <span class='ocrx_word' id='word_1_842' title='bbox 741 3333 898 3408; x_wconf 54' lang='lat' dir='ltr'><strong>plgfilevst.</strong></span> <span class='ocrx_word' id='word_1_843' title='bbox 912 3379 937 3400; x_wconf 89' lang='lat' dir='ltr'><strong>e.</strong></span> <span class='ocrx_word' id='word_1_844' title='bbox 949 3361 1063 3399; x_wconf 86' lang='grc' dir='ltr'><strong><em>Ὄλως</em></strong></span> <span class='ocrx_word' id='word_1_845' title='bbox 1085 3333 1151 3400; x_wconf 53' lang='grc' dir='ltr'><strong><em>ἴυξν</em></strong></span> <span class='ocrx_word' id='word_1_846' title='bbox 1167 3333 1349 3406; x_wconf 49' lang='lat' dir='ltr'><strong>ginand)</strong></span> 
     </span>
     <span class='ocr_line' id='line_1_105' title="bbox 278 3407 1032 3452; baseline -0.005 -4"><span class='ocrx_word' id='word_1_847' title='bbox 278 3426 312 3452; x_wconf 85' lang='grc' dir='ltr'><strong><em>ς;</em></strong></span> <span class='ocrx_word' id='word_1_848' title='bbox 339 3414 521 3447; x_wconf 83' lang='lat' dir='ltr'><strong>desiderari</strong></span> <span class='ocrx_word' id='word_1_849' title='bbox 543 3407 590 3445; x_wconf 73' lang='grc' dir='ltr'><strong>ὥς</strong></span> <span class='ocrx_word' id='word_1_850' title='bbox 615 3413 678 3445; x_wconf 80' lang='lat' dir='ltr'><strong>iam</strong></span> <span class='ocrx_word' id='word_1_851' title='bbox 703 3411 890 3445; x_wconf 77' lang='lat' dir='ltr'><strong>Zachariae</strong></span> <span class='ocrx_word' id='word_1_852' title='bbox 913 3413 1032 3445; x_wconf 78' lang='lat' dir='ltr'><strong>monuit</strong></span> 
     </span>
    </p>
   </div>
   <div class='ocr_carea' id='block_1_44' title="bbox 281 3543 1350 3723">
    <p class='ocr_par' dir='ltr' id='par_1_47' title="bbox 281 3543 1350 3723">
     <span class='ocr_line' id='line_1_106' title="bbox 327 3543 1350 3591; baseline 0 -14"><span class='ocrx_word' id='word_1_853' title='bbox 327 3547 341 3578; x_wconf 87' lang='lat'><em>1</em></span> <span class='ocrx_word' id='word_1_854' title='bbox 363 3545 512 3578; x_wconf 87' lang='lat' dir='ltr'><strong>curicula</strong></span> <span class='ocrx_word' id='word_1_855' title='bbox 531 3544 587 3591; x_wconf 78' lang='grc' dir='ltr'><strong>ΤΙΙ</strong></span> <span class='ocrx_word' id='word_1_856' title='bbox 605 3546 705 3578; x_wconf 87' lang='lat' dir='ltr'><strong>buius</strong></span> <span class='ocrx_word' id='word_1_857' title='bbox 722 3543 782 3589; x_wconf 68' lang='lat' dir='ltr'><strong>Ru</strong></span> <span class='ocrx_word' id='word_1_858' title='bbox 806 3546 826 3578; x_wconf 82' lang='lat'><strong>3</strong></span> <span class='ocrx_word' id='word_1_859' title='bbox 850 3546 1054 3588; x_wconf 84' lang='lat' dir='ltr'><strong>putruerunt</strong></span> <span class='ocrx_word' id='word_1_860' title='bbox 1067 3544 1162 3578; x_wconf 87' lang='lat' dir='ltr'><strong>intus</strong></span> <span class='ocrx_word' id='word_1_861' title='bbox 1181 3543 1350 3577; x_wconf 81' lang='lat' dir='ltr'><strong>cicatrices</strong></span> 
     </span>
     <span class='ocr_line' id='line_1_107' title="bbox 285 3588 1349 3634; baseline 0 -13"><span class='ocrx_word' id='word_1_862' title='bbox 285 3590 339 3631; x_wconf 77' lang='grc' dir='ltr'><strong>Τῃ</strong></span> <span class='ocrx_word' id='word_1_863' title='bbox 361 3590 428 3630; x_wconf 83' lang='lat' dir='ltr'><strong>sed]</strong></span> <span class='ocrx_word' id='word_1_864' title='bbox 453 3594 485 3622; x_wconf 90' lang='lat' dir='ltr'><strong>et</strong></span> <span class='ocrx_word' id='word_1_865' title='bbox 507 3592 592 3634; x_wconf 76' lang='lat' dir='ltr'><strong>vulq.</strong></span> <span class='ocrx_word' id='word_1_866' title='bbox 611 3590 624 3634; x_wconf 78' lang='grc' dir='ltr'>Ι</span> <span class='ocrx_word' id='word_1_867' title='bbox 648 3593 668 3624; x_wconf 83' lang='grc'>4</span> <span class='ocrx_word' id='word_1_868' title='bbox 692 3600 830 3633; x_wconf 84' lang='lat' dir='ltr'><strong>prcuere</strong></span> <span class='ocrx_word' id='word_1_869' title='bbox 857 3589 889 3622; x_wconf 90' lang='lat' dir='ltr'><em>T</em></span> <span class='ocrx_word' id='word_1_870' title='bbox 897 3590 907 3610; x_wconf 91' lang='lat'><strong>¹</strong></span> <span class='ocrx_word' id='word_1_871' title='bbox 931 3589 943 3632; x_wconf 91' lang='grc' dir='ltr'><strong>ΙΙ</strong></span> <span class='ocrx_word' id='word_1_872' title='bbox 968 3592 988 3624; x_wconf 87' lang='grc'>5</span> <span class='ocrx_word' id='word_1_873' title='bbox 1012 3589 1154 3633; x_wconf 85' lang='lat' dir='ltr'><strong>inpediti</strong></span> <span class='ocrx_word' id='word_1_874' title='bbox 1181 3589 1229 3623; x_wconf 76' lang='lat' dir='ltr'><strong>T·</strong></span> <span class='ocrx_word' id='word_1_875' title='bbox 1246 3588 1259 3632; x_wconf 88' lang='grc' dir='ltr'>Ι</span> <span class='ocrx_word' id='word_1_876' title='bbox 1274 3591 1349 3621; x_wconf 74' lang='lat' dir='ltr'><strong>tan—</strong></span> 
     </span>
     <span class='ocr_line' id='line_1_108' title="bbox 282 3634 1348 3678; baseline 0.003 -14"><span class='ocrx_word' id='word_1_877' title='bbox 282 3636 350 3664; x_wconf 86' lang='lat' dir='ltr'><strong>tum</strong></span> <span class='ocrx_word' id='word_1_878' title='bbox 375 3635 509 3674; x_wconf 82' lang='lat' dir='ltr'><strong>saeculi]</strong></span> <span class='ocrx_word' id='word_1_879' title='bbox 534 3638 642 3667; x_wconf 87' lang='lat' dir='ltr'><strong>tamen</strong></span> <span class='ocrx_word' id='word_1_880' title='bbox 665 3635 791 3667; x_wconf 84' lang='lat' dir='ltr'><strong>scilicet</strong></span> <span class='ocrx_word' id='word_1_881' title='bbox 814 3634 861 3667; x_wconf 63' lang='lat'><strong>12¹</strong></span> <span class='ocrx_word' id='word_1_882' title='bbox 886 3634 899 3678; x_wconf 80' lang='grc' dir='ltr'><strong>ΙΙ</strong></span> <span class='ocrx_word' id='word_1_883' title='bbox 923 3635 944 3668; x_wconf 88' lang='grc'><strong>6</strong></span> <span class='ocrx_word' id='word_1_884' title='bbox 968 3635 1124 3678; x_wconf 84' lang='lat' dir='ltr'><strong>temporis</strong></span> <span class='ocrx_word' id='word_1_885' title='bbox 1145 3635 1196 3668; x_wconf 84' lang='lat' dir='ltr'><strong>V⁸</strong></span> <span class='ocrx_word' id='word_1_886' title='bbox 1218 3635 1252 3668; x_wconf 85' lang='lat' dir='ltr'><strong>in</strong></span> <span class='ocrx_word' id='word_1_887' title='bbox 1269 3645 1348 3674; x_wconf 61' lang='lat' dir='ltr'><strong>raa,</strong></span> 
     </span>
     <span class='ocr_line' id='line_1_109' title="bbox 281 3677 1348 3723; baseline 0.002 -14"><span class='ocrx_word' id='word_1_888' title='bbox 281 3677 492 3710; x_wconf 76' lang='lat' dir='ltr'><strong>seculi-bus?</strong></span> <span class='ocrx_word' id='word_1_889' title='bbox 516 3679 560 3711; x_wconf 78' lang='lat' dir='ltr'><strong>V·</strong></span> <span class='ocrx_word' id='word_1_890' title='bbox 578 3679 592 3723; x_wconf 78' lang='lat'><strong>1}</strong></span> <span class='ocrx_word' id='word_1_891' title='bbox 607 3682 625 3713; x_wconf 79' lang='lat'><strong>7</strong></span> <span class='ocrx_word' id='word_1_892' title='bbox 640 3690 699 3712; x_wconf 87' lang='lat' dir='ltr'><strong>nec</strong></span> <span class='ocrx_word' id='word_1_893' title='bbox 721 3693 778 3713; x_wconf 86' lang='lat' dir='ltr'><strong>om.</strong></span> <span class='ocrx_word' id='word_1_894' title='bbox 793 3679 840 3711; x_wconf 66' lang='lat'><strong>13¹</strong></span> <span class='ocrx_word' id='word_1_895' title='bbox 857 3678 871 3722; x_wconf 82' lang='grc' dir='ltr'><strong>ΙΙ</strong></span> <span class='ocrx_word' id='word_1_896' title='bbox 891 3681 927 3713; x_wconf 84' lang='grc'><strong>11</strong></span> <span class='ocrx_word' id='word_1_897' title='bbox 947 3678 1037 3720; x_wconf 83' lang='lat' dir='ltr'><strong>quia]</strong></span> <span class='ocrx_word' id='word_1_898' title='bbox 1059 3689 1157 3721; x_wconf 88' lang='lat' dir='ltr'><strong>quam</strong></span> <span class='ocrx_word' id='word_1_899' title='bbox 1173 3679 1206 3712; x_wconf 88' lang='lat' dir='ltr'><em>T</em></span> <span class='ocrx_word' id='word_1_900' title='bbox 1218 3677 1232 3723; x_wconf 74' lang='lat' dir='ltr'>fl</span> <span class='ocrx_word' id='word_1_901' title='bbox 1246 3677 1348 3720; x_wconf 73' lang='lat' dir='ltr'><strong>largi-</strong></span> 
     </span>
    </p>
   </div>
   <div class='ocr_carea' id='block_1_45' title="bbox 1394 3049 2485 3724">
    <p class='ocr_par' dir='ltr' id='par_1_48' title="bbox 1394 3049 2485 3724">
     <span class='ocr_line' id='line_1_110' title="bbox 1419 3049 2485 3093; baseline 0 -9"><span class='ocrx_word' id='word_1_902' title='bbox 1419 3051 1458 3084; x_wconf 87' lang='grc'><strong>16</strong></span> <span class='ocrx_word' id='word_1_903' title='bbox 1471 3052 1504 3084; x_wconf 87' lang='lat' dir='ltr'><strong>et</strong></span> <span class='ocrx_word' id='word_1_904' title='bbox 1520 3051 1597 3084; x_wconf 84' lang='lat' dir='ltr'><strong>add.</strong></span> <span class='ocrx_word' id='word_1_905' title='bbox 1609 3051 1703 3084; x_wconf 82' lang='lat' dir='ltr'><strong>Beck</strong></span> <span class='ocrx_word' id='word_1_906' title='bbox 1713 3051 1726 3093; x_wconf 82' lang='grc' dir='ltr'>Η</span> <span class='ocrx_word' id='word_1_907' title='bbox 1740 3053 1778 3085; x_wconf 82' lang='lat'><strong>17</strong></span> <span class='ocrx_word' id='word_1_908' title='bbox 1793 3054 1826 3083; x_wconf 85' lang='lat' dir='ltr'><strong>et</strong></span> <span class='ocrx_word' id='word_1_909' title='bbox 1838 3049 2033 3091; x_wconf 80' lang='lat' dir='ltr'><strong>xenonibus]</strong></span> <span class='ocrx_word' id='word_1_910' title='bbox 2056 3051 2090 3082; x_wconf 85' lang='lat' dir='ltr'><strong>et</strong></span> <span class='ocrx_word' id='word_1_911' title='bbox 2104 3049 2308 3083; x_wconf 84' lang='lat' dir='ltr'><strong>xenobusR¹</strong></span> <span class='ocrx_word' id='word_1_912' title='bbox 2331 3060 2485 3084; x_wconf 83' lang='lat' dir='ltr'><strong>exenom·</strong></span> 
     </span>
     <span class='ocr_line' id='line_1_111' title="bbox 1416 3094 2484 3139; baseline 0.002 -12"><span class='ocrx_word' id='word_1_913' title='bbox 1416 3095 1478 3128; x_wconf 89' lang='lat' dir='ltr'><strong>bus</strong></span> <span class='ocrx_word' id='word_1_914' title='bbox 1503 3095 1536 3128; x_wconf 89' lang='lat' dir='ltr'><em>T</em></span> <span class='ocrx_word' id='word_1_915' title='bbox 1563 3095 1748 3128; x_wconf 83' lang='lat' dir='ltr'><strong>xenonibus</strong></span> <span class='ocrx_word' id='word_1_916' title='bbox 1772 3096 1922 3138; x_wconf 79' lang='lat' dir='ltr'><strong>(erasum)</strong></span> <span class='ocrx_word' id='word_1_917' title='bbox 1945 3094 2008 3139; x_wconf 66' lang='lat' dir='ltr'><strong>VR</strong></span> <span class='ocrx_word' id='word_1_918' title='bbox 2036 3094 2284 3137; x_wconf 85' lang='lat' dir='ltr'><strong>bephotrophiis</strong></span> <span class='ocrx_word' id='word_1_919' title='bbox 2305 3095 2340 3129; x_wconf 83' lang='lat' dir='ltr'><strong><em>R</em></strong></span> <span class='ocrx_word' id='word_1_920' title='bbox 2374 3096 2484 3129; x_wconf 84' lang='lat' dir='ltr'><strong>retho-</strong></span> 
     </span>
     <span class='ocr_line' id='line_1_112' title="bbox 1416 3139 2485 3184; baseline 0.002 -12"><span class='ocrx_word' id='word_1_921' title='bbox 1416 3140 1558 3182; x_wconf 87' lang='lat' dir='ltr'><strong>trophiis</strong></span> <span class='ocrx_word' id='word_1_922' title='bbox 1579 3140 1614 3173; x_wconf 83' lang='lat' dir='ltr'><strong><em>V</em></strong></span> <span class='ocrx_word' id='word_1_923' title='bbox 1634 3140 1831 3184; x_wconf 85' lang='lat' dir='ltr'><strong>brest⁰phiis</strong></span> <span class='ocrx_word' id='word_1_924' title='bbox 1857 3140 1890 3174; x_wconf 92' lang='lat' dir='ltr'><em>T</em></span> <span class='ocrx_word' id='word_1_925' title='bbox 1910 3140 1923 3184; x_wconf 74' lang='lat' dir='ltr'>u</span> <span class='ocrx_word' id='word_1_926' title='bbox 1956 3141 1996 3174; x_wconf 89' lang='lat'><strong>18</strong></span> <span class='ocrx_word' id='word_1_927' title='bbox 2017 3141 2050 3172; x_wconf 83' lang='lat' dir='ltr'><strong>et</strong></span> <span class='ocrx_word' id='word_1_928' title='bbox 2073 3152 2131 3173; x_wconf 86' lang='lat' dir='ltr'><strong>om.</strong></span> <span class='ocrx_word' id='word_1_929' title='bbox 2155 3141 2187 3174; x_wconf 88' lang='lat' dir='ltr'><em>T</em></span> <span class='ocrx_word' id='word_1_930' title='bbox 2208 3141 2221 3184; x_wconf 78' lang='lat' dir='ltr'>ss</span> <span class='ocrx_word' id='word_1_931' title='bbox 2250 3140 2397 3184; x_wconf 74' lang='lat' dir='ltr'><strong>ptochiis</strong></span> <span class='ocrx_word' id='word_1_932' title='bbox 2422 3139 2485 3183; x_wconf 64' lang='lat' dir='ltr'><strong>Tu</strong></span> 
     </span>
     <span class='ocr_line' id='line_1_113' title="bbox 1415 3183 2484 3228; baseline 0 -10"><span class='ocrx_word' id='word_1_933' title='bbox 1415 3185 1592 3227; x_wconf 87' lang='lat' dir='ltr'><strong>protelatio</strong></span> <span class='ocrx_word' id='word_1_934' title='bbox 1623 3186 1813 3220; x_wconf 84' lang='lat' dir='ltr'><strong>conferatur</strong></span> <span class='ocrx_word' id='word_1_935' title='bbox 1846 3183 1945 3226; x_wconf 79' lang='lat' dir='ltr'><strong>salva]</strong></span> <span class='ocrx_word' id='word_1_936' title='bbox 1984 3184 2172 3218; x_wconf 81' lang='lat' dir='ltr'><strong>conferatur</strong></span> <span class='ocrx_word' id='word_1_937' title='bbox 2206 3185 2299 3218; x_wconf 83' lang='lat' dir='ltr'><strong>salua</strong></span> <span class='ocrx_word' id='word_1_938' title='bbox 2331 3184 2484 3228; x_wconf 81' lang='lat' dir='ltr'><strong>probatio</strong></span> 
     </span>
     <span class='ocr_line' id='line_1_114' title="bbox 1416 3229 2482 3275; baseline -0.002 -12"><span class='ocrx_word' id='word_1_939' title='bbox 1416 3229 1605 3272; x_wconf 87' lang='lat' dir='ltr'><strong>(protelatio</strong></span> <span class='ocrx_word' id='word_1_940' title='bbox 1620 3230 1682 3272; x_wconf 77' lang='lat' dir='ltr'><strong>T’,</strong></span> <span class='ocrx_word' id='word_1_941' title='bbox 1707 3230 1801 3264; x_wconf 83' lang='lat' dir='ltr'><strong>salua</strong></span> <span class='ocrx_word' id='word_1_942' title='bbox 1815 3242 1842 3264; x_wconf 78' lang='lat' dir='ltr'><strong>s.</strong></span> <span class='ocrx_word' id='word_1_943' title='bbox 1854 3242 1883 3263; x_wconf 83' lang='lat' dir='ltr'><strong>v.</strong></span> <span class='ocrx_word' id='word_1_944' title='bbox 1898 3231 2011 3273; x_wconf 77' lang='lat' dir='ltr'><strong>repetit</strong></span> <span class='ocrx_word' id='word_1_945' title='bbox 2024 3229 2088 3271; x_wconf 56' lang='grc' dir='ltr'><strong>ΤΒ)</strong></span> <span class='ocrx_word' id='word_1_946' title='bbox 2112 3231 2143 3263; x_wconf 90' lang='grc' dir='ltr'><em>Τ</em></span> <span class='ocrx_word' id='word_1_947' title='bbox 2157 3230 2170 3275; x_wconf 87' lang='grc' dir='ltr'><strong>ΙΙ</strong></span> <span class='ocrx_word' id='word_1_948' title='bbox 2188 3232 2228 3265; x_wconf 83' lang='grc'><strong>19</strong></span> <span class='ocrx_word' id='word_1_949' title='bbox 2244 3229 2369 3263; x_wconf 81' lang='lat' dir='ltr'><strong>scilicet</strong></span> <span class='ocrx_word' id='word_1_950' title='bbox 2383 3231 2482 3270; x_wconf 85' lang='lat' dir='ltr'><strong>circa]</strong></span> 
     </span>
     <span class='ocr_line' id='line_1_115' title="bbox 1416 3274 2455 3319; baseline 0 -12"><span class='ocrx_word' id='word_1_951' title='bbox 1416 3275 1504 3308; x_wconf 84' lang='lat' dir='ltr'><strong>circa</strong></span> <span class='ocrx_word' id='word_1_952' title='bbox 1527 3278 1561 3307; x_wconf 85' lang='lat' dir='ltr'><strong>et</strong></span> <span class='ocrx_word' id='word_1_953' title='bbox 1583 3274 1711 3308; x_wconf 86' lang='lat' dir='ltr'><strong>scilicet</strong></span> <span class='ocrx_word' id='word_1_954' title='bbox 1730 3275 1792 3319; x_wconf 71' lang='lat' dir='ltr'><strong>V}</strong></span> <span class='ocrx_word' id='word_1_955' title='bbox 1813 3276 1856 3309; x_wconf 83' lang='lat'><strong>20</strong></span> <span class='ocrx_word' id='word_1_956' title='bbox 1872 3277 1981 3316; x_wconf 78' lang='lat' dir='ltr'><strong>quam]</strong></span> <span class='ocrx_word' id='word_1_957' title='bbox 2007 3285 2103 3316; x_wconf 89' lang='lat' dir='ltr'><strong>quem</strong></span> <span class='ocrx_word' id='word_1_958' title='bbox 2124 3275 2157 3307; x_wconf 90' lang='lat' dir='ltr'><strong><em>V</em></strong></span> <span class='ocrx_word' id='word_1_959' title='bbox 2174 3285 2240 3316; x_wconf 88' lang='lat' dir='ltr'><strong>qua</strong></span> <span class='ocrx_word' id='word_1_960' title='bbox 2254 3275 2304 3308; x_wconf 84' lang='lat' dir='ltr'><strong>R¹</strong></span> <span class='ocrx_word' id='word_1_961' title='bbox 2326 3274 2405 3316; x_wconf 81' lang='lat' dir='ltr'><strong>quia</strong></span> <span class='ocrx_word' id='word_1_962' title='bbox 2422 3274 2455 3307; x_wconf 91' lang='lat' dir='ltr'><em>T</em></span> 
     </span>
     <span class='ocr_line' id='line_1_116' title="bbox 1416 3318 2454 3364; baseline -0.001 -12"><span class='ocrx_word' id='word_1_963' title='bbox 1416 3320 1585 3353; x_wconf 80' lang='lat' dir='ltr'><strong>tricenalis</strong></span> <span class='ocrx_word' id='word_1_964' title='bbox 1609 3320 1738 3364; x_wconf 72' lang='lat' dir='ltr'><strong><em>RVTu</em></strong></span> <span class='ocrx_word' id='word_1_965' title='bbox 1754 3321 1795 3355; x_wconf 82' lang='lat'><strong>21</strong></span> <span class='ocrx_word' id='word_1_966' title='bbox 1820 3319 2018 3353; x_wconf 85' lang='lat' dir='ltr'><strong>uendicabat</strong></span> <span class='ocrx_word' id='word_1_967' title='bbox 2041 3319 2244 3362; x_wconf 82' lang='lat' dir='ltr'><strong>(nendicabit</strong></span> <span class='ocrx_word' id='word_1_968' title='bbox 2266 3318 2327 3360; x_wconf 71' lang='lat' dir='ltr'><strong>R1)</strong></span> <span class='ocrx_word' id='word_1_969' title='bbox 2349 3318 2454 3351; x_wconf 76' lang='lat' dir='ltr'><strong>RVT</strong></span> 
     </span>
     <span class='ocr_line' id='line_1_117' title="bbox 1417 3363 2483 3409; baseline 0.001 -12"><span class='ocrx_word' id='word_1_970' title='bbox 1417 3366 1458 3397; x_wconf 84' lang='lat'><strong>22</strong></span> <span class='ocrx_word' id='word_1_971' title='bbox 1482 3375 1595 3399; x_wconf 87' lang='lat' dir='ltr'><strong>eorum</strong></span> <span class='ocrx_word' id='word_1_972' title='bbox 1619 3365 1680 3409; x_wconf 67' lang='lat' dir='ltr'><strong>Vn</strong></span> <span class='ocrx_word' id='word_1_973' title='bbox 1705 3366 1747 3399; x_wconf 83' lang='lat'><strong>23</strong></span> <span class='ocrx_word' id='word_1_974' title='bbox 1771 3365 1856 3398; x_wconf 82' lang='lat' dir='ltr'><strong>iuris</strong></span> <span class='ocrx_word' id='word_1_975' title='bbox 1879 3364 1929 3397; x_wconf 86' lang='lat' dir='ltr'><strong>R¹</strong></span> <span class='ocrx_word' id='word_1_976' title='bbox 1974 3364 2152 3407; x_wconf 85' lang='lat' dir='ltr'><strong>indulgens</strong></span> <span class='ocrx_word' id='word_1_977' title='bbox 2178 3363 2254 3408; x_wconf 68' lang='lat' dir='ltr'><strong>T¹fl</strong></span> <span class='ocrx_word' id='word_1_978' title='bbox 2280 3364 2322 3398; x_wconf 79' lang='lat'><strong>24</strong></span> <span class='ocrx_word' id='word_1_979' title='bbox 2344 3363 2483 3406; x_wconf 74' lang='lat' dir='ltr'><strong>ypothe-</strong></span> 
     </span>
     <span class='ocr_line' id='line_1_118' title="bbox 1416 3407 2481 3455; baseline -0.002 -14"><span class='ocrx_word' id='word_1_980' title='bbox 1416 3410 1492 3443; x_wconf 68' lang='lat' dir='ltr'><strong>cace</strong></span> <span class='ocrx_word' id='word_1_981' title='bbox 1515 3411 1561 3444; x_wconf 81' lang='grc' dir='ltr'><strong>Υι</strong></span> <span class='ocrx_word' id='word_1_982' title='bbox 1580 3410 1593 3455; x_wconf 79' lang='grc' dir='ltr'><strong>ΙΙ</strong></span> <span class='ocrx_word' id='word_1_983' title='bbox 1609 3411 1651 3444; x_wconf 85' lang='grc'><strong>25</strong></span> <span class='ocrx_word' id='word_1_984' title='bbox 1675 3410 1914 3453; x_wconf 81' lang='lat' dir='ltr'><strong>imperpetuum</strong></span> <span class='ocrx_word' id='word_1_985' title='bbox 1981 3409 2036 3454; x_wconf 79' lang='lat' dir='ltr'><strong>Vfl</strong></span> <span class='ocrx_word' id='word_1_986' title='bbox 2054 3411 2097 3444; x_wconf 81' lang='lat'><strong>26</strong></span> <span class='ocrx_word' id='word_1_987' title='bbox 2120 3408 2234 3443; x_wconf 83' lang='lat' dir='ltr'><strong>annali</strong></span> <span class='ocrx_word' id='word_1_988' title='bbox 2252 3407 2420 3448; x_wconf 69' lang='lat' dir='ltr'><strong>lvlrbroeus]</strong></span> <span class='ocrx_word' id='word_1_989' title='bbox 2445 3408 2481 3440; x_wconf 88' lang='lat' dir='ltr'><strong>in</strong></span> 
     </span>
     <span class='ocr_line' id='line_1_119' title="bbox 1394 3451 2482 3498; baseline -0.002 -12"><span class='ocrx_word' id='word_1_990' title='bbox 1394 3454 1489 3496; x_wconf 57' lang='lat' dir='ltr'><strong>„aliis</strong></span> <span class='ocrx_word' id='word_1_991' title='bbox 1507 3456 1583 3489; x_wconf 80' lang='lat' dir='ltr'><strong>libri</strong></span> <span class='ocrx_word' id='word_1_992' title='bbox 1601 3454 1860 3498; x_wconf 80' lang='lat' dir='ltr'><strong>(exceptionibus</strong></span> <span class='ocrx_word' id='word_1_993' title='bbox 1881 3454 2072 3496; x_wconf 83' lang='lat' dir='ltr'><strong>derogantes</strong></span> <span class='ocrx_word' id='word_1_994' title='bbox 2089 3455 2164 3488; x_wconf 82' lang='lat' dir='ltr'><strong>add.</strong></span> <span class='ocrx_word' id='word_1_995' title='bbox 2176 3452 2238 3495; x_wconf 74' lang='lat'><strong>12¹)</strong></span> <span class='ocrx_word' id='word_1_996' title='bbox 2253 3452 2267 3495; x_wconf 90' lang='grc' dir='ltr'>Ι</span> <span class='ocrx_word' id='word_1_997' title='bbox 2283 3452 2325 3486; x_wconf 86' lang='grc'><strong>27</strong></span> <span class='ocrx_word' id='word_1_998' title='bbox 2341 3451 2482 3485; x_wconf 71' lang='lat' dir='ltr'><strong>triennii</strong></span> 
     </span>
     <span class='ocr_line' id='line_1_120' title="bbox 1418 3499 2484 3543; baseline 0 -11"><span class='ocrx_word' id='word_1_999' title='bbox 1418 3499 1521 3540; x_wconf 83' lang='lat' dir='ltr'><strong>Beck]</strong></span> <span class='ocrx_word' id='word_1_1000' title='bbox 1551 3499 1698 3533; x_wconf 81' lang='lat' dir='ltr'><strong>triennio</strong></span> <span class='ocrx_word' id='word_1_1001' title='bbox 1719 3500 1897 3541; x_wconf 86' lang='lat' dir='ltr'><strong>(tricennio</strong></span> <span class='ocrx_word' id='word_1_1002' title='bbox 1920 3500 1966 3540; x_wconf 84' lang='lat' dir='ltr'><strong>R)</strong></span> <span class='ocrx_word' id='word_1_1003' title='bbox 1990 3500 2067 3534; x_wconf 80' lang='lat' dir='ltr'><strong>libri</strong></span> <span class='ocrx_word' id='word_1_1004' title='bbox 2078 3500 2092 3543; x_wconf 58' lang='grc' dir='ltr'><strong><em>ἢ</em></strong></span> <span class='ocrx_word' id='word_1_1005' title='bbox 2116 3499 2261 3533; x_wconf 71' lang='lat' dir='ltr'><strong>laeum</strong></span> <span class='ocrx_word' id='word_1_1006' title='bbox 2285 3508 2347 3530; x_wconf 82' lang='lat' dir='ltr'><strong>non</strong></span> <span class='ocrx_word' id='word_1_1007' title='bbox 2371 3505 2484 3532; x_wconf 78' lang='lat' dir='ltr'><strong>notant</strong></span> 
     </span>
     <span class='ocr_line' id='line_1_121' title="bbox 1416 3540 2482 3590; baseline -0.002 -14"><span class='ocrx_word' id='word_1_1008' title='bbox 1416 3544 1501 3586; x_wconf 82' lang='lat' dir='ltr'><strong>libri,</strong></span> <span class='ocrx_word' id='word_1_1009' title='bbox 1526 3555 1625 3586; x_wconf 88' lang='lat' dir='ltr'><strong>quam</strong></span> <span class='ocrx_word' id='word_1_1010' title='bbox 1646 3544 1786 3578; x_wconf 85' lang='lat' dir='ltr'><strong>triennii</strong></span> <span class='ocrx_word' id='word_1_1011' title='bbox 1807 3544 2016 3590; x_wconf 86' lang='lat' dir='ltr'><strong>&lt;exceptione</strong></span> <span class='ocrx_word' id='word_1_1012' title='bbox 2038 3546 2072 3577; x_wconf 83' lang='lat' dir='ltr'><strong>ct</strong></span> <span class='ocrx_word' id='word_1_1013' title='bbox 2092 3542 2168 3577; x_wconf 69' lang='lat' dir='ltr'><strong>aliis</strong></span> <span class='ocrx_word' id='word_1_1014' title='bbox 2189 3550 2272 3583; x_wconf 80' lang='lat' dir='ltr'><strong>quae</strong></span> <span class='ocrx_word' id='word_1_1015' title='bbox 2295 3540 2332 3574; x_wconf 87' lang='lat' dir='ltr'><strong>in</strong></span> <span class='ocrx_word' id='word_1_1016' title='bbox 2356 3542 2482 3576; x_wconf 87' lang='lat' dir='ltr'><strong>maiora</strong></span> 
     </span>
     <span class='ocr_line' id='line_1_122' title="bbox 1414 3586 2481 3664; baseline 0 -44"><span class='ocrx_word' id='word_1_1017' title='bbox 1414 3588 1466 3621; x_wconf 83' lang='lat' dir='ltr'><strong>vel</strong></span> <span class='ocrx_word' id='word_1_1018' title='bbox 1489 3590 1617 3623; x_wconf 88' lang='lat' dir='ltr'><strong>minora</strong></span> <span class='ocrx_word' id='word_1_1019' title='bbox 1639 3590 1820 3623; x_wconf 87' lang='lat' dir='ltr'><strong>trahuntur</strong></span> <span class='ocrx_word' id='word_1_1020' title='bbox 1841 3592 2000 3634; x_wconf 81' lang='lat' dir='ltr'><strong>tempora,</strong></span> <span class='ocrx_word' id='word_1_1021' title='bbox 2022 3595 2113 3622; x_wconf 68' lang='lat' dir='ltr'><strong>sunm</strong></span> <span class='ocrx_word' id='word_1_1022' title='bbox 2151 3586 2219 3618; x_wconf 76' lang='lat' dir='ltr'><strong>vim</strong></span> <span class='ocrx_word' id='word_1_1023' title='bbox 2231 3586 2352 3664; x_wconf 56' lang='lat' dir='ltr'>BeCkg&#39;</span> <span class='ocrx_word' id='word_1_1024' title='bbox 2371 3588 2412 3621; x_wconf 87' lang='lat'><strong>28</strong></span> <span class='ocrx_word' id='word_1_1025' title='bbox 2429 3589 2481 3620; x_wconf 85' lang='lat' dir='ltr'><strong>ta-</strong></span> 
     </span>
     <span class='ocr_line' id='line_1_123' title="bbox 1414 3629 2481 3679; baseline 0 -14"><span class='ocrx_word' id='word_1_1026' title='bbox 1414 3643 1487 3666; x_wconf 86' lang='lat' dir='ltr'><strong>men</strong></span> <span class='ocrx_word' id='word_1_1027' title='bbox 1512 3634 1544 3666; x_wconf 83' lang='lat' dir='ltr'><em>R</em></span> <span class='ocrx_word' id='word_1_1028' title='bbox 1559 3633 1572 3679; x_wconf 81' lang='grc' dir='ltr'><strong>ΙΙ</strong></span> <span class='ocrx_word' id='word_1_1029' title='bbox 1598 3636 1797 3676; x_wconf 83' lang='lat' dir='ltr'><strong>contractus]</strong></span> <span class='ocrx_word' id='word_1_1030' title='bbox 1820 3636 2010 3668; x_wconf 85' lang='lat' dir='ltr'><strong>contractus</strong></span> <span class='ocrx_word' id='word_1_1031' title='bbox 2031 3633 2080 3666; x_wconf 72' lang='lat' dir='ltr'><strong>cst</strong></span> <span class='ocrx_word' id='word_1_1032' title='bbox 2134 3629 2176 3674; x_wconf 61' lang='grc' dir='ltr'>Ἰ</span> <span class='ocrx_word' id='word_1_1033' title='bbox 2200 3632 2242 3664; x_wconf 84' lang='grc'><strong>29</strong></span> <span class='ocrx_word' id='word_1_1034' title='bbox 2267 3641 2331 3672; x_wconf 87' lang='lat' dir='ltr'><strong>qua</strong></span> <span class='ocrx_word' id='word_1_1035' title='bbox 2354 3632 2481 3674; x_wconf 80' lang='lat' dir='ltr'><strong>riginta</strong></span> 
     </span>
     <span class='ocr_line' id='line_1_124' title="bbox 1419 3676 2485 3724; baseline 0.001 -13"><span class='ocrx_word' id='word_1_1036' title='bbox 1419 3678 1475 3723; x_wconf 76' lang='grc' dir='ltr'><strong>ΤΙΙ</strong></span> <span class='ocrx_word' id='word_1_1037' title='bbox 1489 3680 1532 3712; x_wconf 79' lang='grc'><strong>30</strong></span> <span class='ocrx_word' id='word_1_1038' title='bbox 1556 3680 1592 3712; x_wconf 87' lang='lat' dir='ltr'><strong>in</strong></span> <span class='ocrx_word' id='word_1_1039' title='bbox 1616 3679 1668 3713; x_wconf 78' lang='lat' dir='ltr'><strong>his</strong></span> <span class='ocrx_word' id='word_1_1040' title='bbox 1692 3679 1812 3722; x_wconf 89' lang='lat' dir='ltr'><strong>quibus</strong></span> <span class='ocrx_word' id='word_1_1041' title='bbox 1832 3680 1888 3716; x_wconf 74' lang='grc' dir='ltr'><strong>Τ·</strong></span> <span class='ocrx_word' id='word_1_1042' title='bbox 1903 3679 1919 3724; x_wconf 69' lang='lat' dir='ltr'>fl</span> <span class='ocrx_word' id='word_1_1043' title='bbox 1933 3679 2003 3712; x_wconf 84' lang='lat' dir='ltr'><strong>eius</strong></span> <span class='ocrx_word' id='word_1_1044' title='bbox 2027 3676 2111 3720; x_wconf 69' lang='lat' dir='ltr'><strong>T⁸1</strong></span> <span class='ocrx_word' id='word_1_1045' title='bbox 2132 3676 2170 3709; x_wconf 86' lang='lat'><strong>31</strong></span> <span class='ocrx_word' id='word_1_1046' title='bbox 2198 3679 2426 3718; x_wconf 82' lang='lat' dir='ltr'><strong>praerogatam</strong></span> <span class='ocrx_word' id='word_1_1047' title='bbox 2453 3677 2485 3712; x_wconf 87' lang='lat' dir='ltr'><em>T</em></span> 
     </span>
    </p>
   </div>
   <div class='ocr_carea' id='block_1_46' title="bbox 2471 3273 2476 3361">
    <p class='ocr_par' dir='ltr' id='par_1_49' title="bbox 2471 3273 2476 3361">
     <span class='ocr_line' id='line_1_125' title="bbox 2471 3273 2476 3361; baseline 0 0"><span class='ocrx_word' id='word_1_1048' title='bbox 2471 3273 2476 3361; x_wconf 95' lang='lat' dir='ltr'><strong> </strong></span> 
     </span>
    </p>
   </div>
  </div>
 </body>
</html>
