2618 4010
257 92 366 138 Nov.
396 91 535 138 XLIX
567 96 584 136 1

259 207 320 238 καὶ
344 202 436 237 κατὰ
459 206 584 247 κυρίαν
604 200 836 246 εἰςελθοῦσιν,
860 200 901 236 οὗ
920 200 993 247 μὴν
1012 203 1067 236 ἔτι
1085 201 1154 246 τὴν
1172 199 1334 250 ἀγωνίαν

259 246 482 283 ὑπειςελθεῖν
505 246 742 292 βουλομένοις,
768 246 790 290 ἢ
812 249 872 281 καὶ
896 248 936 282 ἐν
956 250 1077 293 με’σοις
1099 249 1172 281 τοῖς
1194 244 1335 294 ἀγῶσιν

259 290 516 328 ἀπολείπουσιν
540 289 664 335 αὐτήν,
698 294 758 326 καὶ
782 289 843 326 διὰ
864 293 971 327 τοῦτο
995 292 1135 338 σμικρῷ
1156 303 1231 327 τινι
1253 291 1335 328 τοὺς

259 333 488 378 νενικηκότας
510 334 742 371 ἑλαττοῦντες
763 337 1038 382 στοχασαίμεθα
1061 333 1107 371 ἂν
1129 335 1247 372 καλῶς
1269 338 1334 372 τοῦ

260 379 503 427 προςήκοντος.
537 379 747 426 βουλόμεθα
792 381 838 430 ἀρ
861 383 926 417 τὸν
945 379 1176 428 κρατήσαντα
1198 382 1260 425 τῆς
1283 380 1333 416 δί·

259 437 335 469 κης,
367 427 398 460 εἰ
426 423 593 471 βούλοιτο
623 429 699 461 ταῖς
727 424 749 461 ἀ
797 427 915 462 θείαις
937 426 1149 472 κυρωθῆναι
1177 425 1244 470 τὴν
1267 429 1334 473 ψῆ-

259 483 339 516 φον,
363 468 426 505 οὐκ
450 471 489 512 ἐξ
511 469 705 518 ἐπιδρομῆς
727 470 768 506 οὗ
793 474 811 506 ἑ
834 474 872 507 ἐκ
898 469 1027 518 χρόνον
1049 470 1156 514 τινός,
1186 468 1267 505 ἀλλ’
1295 471 1334 512 ἐξ

260 511 366 558 αὐτῆς
388 516 449 560 τῆς
468 516 546 551 τῶν
565 515 790 564 πραγμάτων
812 514 984 560 ἀληθείας
1005 518 1066 550 καὶ
1086 511 1332 560 ἀπολιμπάνο-

258 562 367 604 μένου
389 562 453 595 τοῦ
475 560 543 605 τὴν
565 564 691 608 ἔφεσιν
714 560 938 597 ἐπιδιδόντος
962 559 1134 595 εἰςελθεῖν
1163 564 1222 595 καὶ
1247 558 1333 595 αὐτὸ

1329 89 1410 138 290

1837 107 1896 138 nn
1924 106 1999 139 ms
2027 106 2106 146 Qm
2133 96 2471 140 molismum

1403 202 1484 238 dem
1507 205 1543 255 et
1562 212 1628 255 per
1650 203 1795 240 fatalem
1814 205 2070 251 ingrediuntur,
2095 215 2167 241 non
2184 207 2301 241 tamen
2321 204 2470 242 ulterius
2523 207 2525 209 ’

1402 249 1697 300 examinationem
1725 249 1845 286 subire
1872 251 2011 295 volunt,
2047 254 2111 287 aut
2142 250 2248 286 etiam
2282 250 2319 285 in
2348 250 2471 286 mediis

1403 292 1655 328 certamlmbus
1677 293 1880 338 relinquunt
1900 305 1997 338 eam,
2057 299 2220 341 ropterea
2276 305 2359 331 arvo
2406 306 2470 331 uo·

1401 337 1483 373 dam
1513 336 1666 374 victores
1696 338 1894 376 minuentes
1925 341 2025 377 consi
2049 341 2226 376 orabimus
2287 349 2351 375 ene
2395 342 2472 376 orte

1369 386 1387 417 5
1402 382 1497 427 quod
1519 381 1630 418 decet.
1673 382 1846 419 Volumus
1869 385 1999 421 etenim
2020 396 2101 422 eum
2125 386 2185 429 qui
2207 385 2291 421 vicit
2314 394 2472 429 causam,

1402 427 1432 462 si
1452 427 1604 462 voluerit
1634 437 1700 472 pro
1732 427 1881 464 veritate
1912 429 2046 466 firmari
2076 431 2304 472 sententiam,
2336 441 2408 466 non
2428 440 2471 465 ex

1403 471 1703 524 circumventione
1726 482 1793 508 nec
1815 482 1860 508 ex
1878 476 2035 519 tempore
2058 476 2220 520 quodam,
2245 475 2307 511 sed
2331 485 2374 511 ex
2394 475 2473 520 ipsa

1401 525 1519 552 rerum
1539 520 1688 568 veritate
1710 517 1816 553 etiam
1844 517 2027 555 deserente
2049 529 2091 556 eo
2114 521 2174 565 qni
2199 521 2472 566 appellationem

1401 561 1532 606 optulit
1562 561 1699 606 ingredi
1730 566 1766 598 et
1797 562 1868 615 hoe
1895 563 2011 608 ipsum
2039 574 2212 601 accusare
2243 569 2280 602 et
2303 575 2472 610 quaerere

259 606 374 662 τοῦτο,
389 606 609 662 μέμψασθαι
632 610 692 661 καὶ
715 608 864 660 ζητῆσαι
891 605 957 659 τόν
980 602 1333 651 οἷπολιμπανόμενον,
1351 609 1388 640 10
1402 605 1635 648 desertorem,
1668 610 1705 642 et
1734 607 1807 643 sive
1836 608 1993 644 Invenire
2022 618 2100 645 eum
2129 611 2279 646 valuerit
2310 611 2382 646 sive
2413 610 2473 645 ille

259 653 318 684 καὶ
338 664 409 685 ειτε
426 655 541 698 ευρεῖν
562 665 675 686 αυτον
694 652 869 695 ι’σχυσειεν
889 652 959 685 εὶτε
978 652 1109 684 ἐκεῖνος
1131 649 1172 684 οὗ
1193 655 1333 696 φανείη,

258 694 303 730 τὰ
335 696 463 730 ἑαυτοῦ
494 694 615 731 δίκαια
647 699 768 742 φέρειν
797 697 844 730 εἰς
871 698 993 740 μέσον,
1027 693 1163 739 δηλαδὴ
1192 697 1253 739 τῆς
1284 695 1334 731 δι-

259 743 355 775 ετίας
384 742 615 786 ἐνισταμένης
636 745 701 784 ἔτι,
732 740 819 787 πρὸς
849 742 904 784 τῷ
927 743 1057 797 πέρατι
1079 743 1214 785 μέντοι,
1246 737 1334 776 ὥςτε

258 787 324 819 ἕνα
354 785 461 830 τυχὸν
483 785 803 831 ὖπολιμπάνεσθαι
834 787 888 829 τῷ
913 799 1100 840 πραγματι
1123 787 1238 830 μῆνα·
1274 789 1333 820 καὶ

1403 661 1475 687 οοο
1494 654 1679 696 appareat,
1701 662 1785 688 suas
1805 652 2036 696 allegationes
2057 654 2230 691 deducere
2246 655 2293 691 ad
2307 655 2471 696 medium,

1426 695 1536 741 uippe
1556 696 1699 732 biennio
1720 697 1887 740 instante,
1908 697 1955 733 ad
1974 696 2080 734 finem
2095 702 2225 742 tamen,
2249 701 2301 736 ita
2321 704 2362 735 ut
2380 711 2473 735 unus

1417 744 1493 777 orte
1516 742 1672 786 supersit
1695 743 1840 787 negotio,
1859 742 2008 787 mensis3
2039 745 2075 778 et
2096 745 2126 780 si
2149 745 2289 789 quidem
2313 745 2474 790 superior

1401 786 1617 840 apparuerit,
1651 787 1787 822 firmam
1811 797 1888 823 esse
1912 787 2138 831 sententiam,
2169 791 2201 825 si
2223 800 2304 826 vero
2328 790 2474 826 inferior

258 831 290 865 εἰ
312 833 379 876 μὲν
402 829 603 876 εὗδοκιμων
626 835 919 886 φανείη,)κυριάν
940 831 1033 865 εἶναι
1056 845 1122 884 την
1146 842 1278 886 φηφον,
1303 833 1334 865 εἰ
1351 834 1387 866 15
1402 841 1499 867 eirca
1526 833 1737 874 certamina,
1770 832 1875 868 etiam
1899 842 1942 868 eo
1967 833 2027 878 qui
2050 833 2320 878 appellationem
2345 835 2474 881 optulit

259 873 300 910 δὲ
322 874 506 912 ἐλαττοῖτο
538 880 620 923 περὶ
652 888 733 911 τους
760 877 918 923 αγῶνας,
949 878 1009 910 καὶ
1032 889 1096 910 του
1120 889 1187 919 την
1210 878 1334 922 ἔφεσιν

258 919 446 956 ἐπιδόντος
473 925 532 955 καὶ
567 920 660 955 κατὰ
691 925 818 967 κυρίαν
852 919 1117 964 εἰςεληλυθότος
1147 922 1198 964 μὴ
1233 933 1333 965 προς-

258 964 463 1012 εδρεύοντος
492 965 535 1001 τὸ
567 967 715 1013 πρᾶγμα
745 965 813 1009 τὴν
844 967 882 999 ἐκ
912 966 977 1000 τοῦ
1001 964 1140 1000 δικαίου
1161 964 1333 1010 δέχεσθαι

258 1011 393 1057 ψῆφον.
435 1013 569 1045 ἐκείνου
588 1010 699 1065 μόνου
716 1011 1000 1065 προςτίθεμένου
1022 1013 1086 1045 τοῦ
1111 1010 1178 1046 κᾶν
1199 1012 1231 1046 εἰ
1250 1025 1332 1058 κρα-

1402 880 1437 912 et
1467 876 1613 912 fatalem
1643 877 1824 921 ingressus
1856 881 1912 913 est
1942 888 2014 914 non
2037 878 2247 915 observante
2274 890 2384 916 eausa
2414 890 2473 915 su-

1402 921 1530 966 scipiat
1561 932 1605 957 ex
1636 923 1713 957 iure
1738 923 1936 958 decretum:
1972 923 2034 958 illo
2061 925 2303 960 tantummodo
2334 925 2473 960 adiecto

1401 970 1458 1010 ut,
1491 967 1564 1002 sive
1598 967 1758 1012 optineat
1790 978 1935 1003 causam
1967 968 1998 1004 is
2033 969 2093 1013 qui
2125 968 2231 1003 etiam
2260 969 2360 1014 prius
2390 970 2475 1005 vicit

1400 1012 1473 1047 sive
1497 1012 1594 1047 circa
1617 1022 1695 1048 eam
1723 1013 1839 1048 minor
1867 1013 2077 1056 inveniatur,
2110 1023 2283 1058 expensas
2306 1014 2339 1049 ei
2360 1015 2475 1050 modis

257 1055 377 1099 τῆσειε
404 1057 472 1109 ,τῆς
506 1054 601 1100 δίκης
632 1070 651 1090 o
683 1059 743 1090 καὶ
774 1068 952 1109 προτερον
979 1056 1171 1100 νενικηκὼς
1204 1054 1271 1091 κᾶν
1302 1058 1333 1091 εἰ
1346 1058 1387 1090 20
1400 1057 1563 1092 omnibus
1587 1061 1669 1102 post
1688 1058 1938 1103 appellationis
1961 1059 2160 1103 ingressum
2183 1058 2299 1094 factas
2315 1058 2474 1095 desertor

258 1104 341 1147 περὶ
372 1114 484 1144 αυτην
515 1100 756 1144 ἐλαττωθείη,
793 1112 855 1135 τας
879 1100 1042 1136 δαπάνας
1066 1099 1164 1145 αὐτῷ
1187 1100 1333 1137 πάντως

257 1149 336 1180 τῶν
367 1145 459 1189 μετὰ
492 1145 559 1189 τὴν
594 1148 719 1191 ἔφεσιν
754 1144 900 1181 εἰςόδων
935 1146 1000 1181 τὸν
1030 1143 1333 1192 ἀπολελειμμένον

258 1189 394 1225 δοῦναι.
437 1191 508 1226 εἴτε
528 1189 597 1238 γὰρ
627 1190 814 1237 κρατήσειε
844 1192 905 1234 τῆς
935 1190 1033 1235 δίκης
1063 1190 1240 1237 προφάσει
1272 1194 1333 1236 τῆς

257 1233 436 1279 δαπάνης,
471 1234 555 1270 κατ’
591 1233 678 1271 αὐτὸ
707 1237 814 1270 τοῦτο
843 1233 934 1271 καθ’
961 1233 982 1271 ὅ
1002 1249 1038 1271 τι
1066 1241 1251 1280 νενίκηκεν
1274 1235 1331 1283 ὄρ-

1399 1104 1569 1147 praestet.
1625 1103 1705 1138 Sive
1736 1113 1888 1149 namque
1919 1105 2080 1148 optineat
2111 1113 2256 1139 causam
2288 1103 2476 1139 occasione

1401 1157 1648 1192 expensarum,
1673 1148 1865 1184 seeundum
1885 1148 1955 1184 hoc
1979 1149 2095 1194 ipsum
2120 1149 2214 1193 quod
2237 1148 2344 1184 etiam
2366 1149 2478 1183 vincit

1401 1194 1499 1228 recte
1521 1193 1652 1228 iustum
1677 1197 1731 1228 est
1752 1194 1857 1229 etiam
1877 1204 2053 1238 expensas
2074 1194 2247 1238 accipere,
2271 1194 2344 1230 sive
2361 1193 2477 1229 minor

1401 1237 1612 1282 inveniatur,
1644 1248 1686 1274 eo
1711 1239 1805 1284 quod
1828 1239 1969 1275 omnino
2001 1239 2059 1274 ille
2083 1239 2239 1275 deseruit
2271 1242 2307 1274 et
2330 1238 2477 1282 contigit

258 1281 350 1323 θῶς,
375 1279 510 1316 δίκαιος
529 1278 575 1316 ἂν
593 1282 645 1324 εἴη
669 1279 730 1315 καὶ
748 1280 815 1324 τὴν
833 1279 1003 1325 δαπάνην
1024 1281 1159 1326 λαβεῖν,
1184 1283 1255 1316 εἴτε
1274 1285 1333 1316 καὶ
1347 1283 1388 1316 25
1402 1292 1481 1317 eum
1498 1283 1604 1318 etiam
1622 1284 1838 1320 deserentem
1854 1285 2004 1328 vincere,
2026 1294 2200 1336 expensas
2215 1284 2356 1328 quidem
2371 1294 2475 1329 prae·

259 1325 501 1369 ἐλαττωθείη,
541 1325 635 1361 διότι
666 1339 734 1374 περ
757 1323 848 1360 ὅλως
879 1329 1008 1361 ἐκεῖνος
1035 1325 1242 1373 ἀπελείφθη
1274 1330 1334 1361 καὶ

256 1374 404 1418 γέγονεν
423 1367 522 1415 αὐτῷ
539 1375 599 1406 καὶ
614 1368 905 1416 ἀπολελειμμένῳ
926 1373 1080 1415 νικῆσαι,
1103 1371 1165 1406 τὰς
1185 1374 1252 1416 μὲν
1272 1370 1333 1406 δα-

258 1414 374 1451 πάνας
403 1417 748 1470 κατατιθέτω,”τῆς
777 1415 899 1470 Ψήφου
917 1414 972 1472 ,δὲ
1002 1415 1207 1470 ἀπολαύσας
1229 1414 1333 1462 χάριν

1402 1330 1489 1370 stet,
1525 1328 1701 1363 sententia
1736 1339 1820 1364 vero
1856 1329 1998 1364 fruatur
2031 1333 2163 1374 granas
2243 1339 2307 1364 ens
2341 1329 2408 1364 deo
2440 1330 2477 1364 et

1401 1373 1581 1416 praesenti
1615 1374 1683 1417 legi
1712 1374 1763 1408 ita
1786 1374 1957 1409 iustitiam
1989 1374 2056 1410 sibi
2082 1376 2238 1410 servanti
2261 1376 2298 1409 et
2319 1377 2475 1409 tantum-

1400 1417 1504 1452 modo
1528 1417 1564 1452 in
1587 1427 1760 1463 expensas
1785 1418 2038 1462 damnfficanti,
2069 1419 2198 1464 quibus
2222 1430 2294 1454 non
2315 1419 2384 1462 lex,
2412 1418 2474 1454 sed

257 1463 348 1496 ἴστω
372 1462 426 1505 τῷ
445 1462 526 1505 θεῷ
550 1465 609 1495 καὶ
632 1475 686 1505 τῳ
707 1474 862 1516 παροντι
885 1475 986 1506 νομῳ
1011 1475 1106 1496 ουτω
1130 1461 1172 1497 τὸ
1193 1459 1334 1496 δίκαιον
1400 1461 1479 1506 ipse
1497 1462 1570 1508 (se)
1593 1463 1723 1498 absens
1749 1463 1998 1502 damnificavit.
2036 1463 2073 1499 Si
2093 1473 2174 1500 vero
2198 1467 2324 1499 neuter
2348 1473 2473 1500 occur-

259 1504 358 1561 ιέὗτῷ
389 1505 586 1563 φυλάξαντι
620 1509 682 1561 καὶ,
709 1520 803 1550 μονη
841 1506 1064 1561 ζημιώσαντι
1100 1508 1145 1554 τῇ
1176 1505 1331 1554 δαπάνῃ,
1347 1508 1387 1540 30
1400 1506 1506 1551 rerit,
1538 1518 1583 1543 ne

257 1565 350 1600 ῃπερ
371 1564 436 1594 ουχ
459 1565 478 1585 ο
494 1563 616 1596 νομος,
641 1551 746 1586 αυτὸς
769 1541 808 1586 δὲ
827 1552 957 1586 ἑαυτον
985 1566 1091 1587 απων
1122 1554 1331 1597 ἐζημίωσεν.

235 1596 304 1631 Ἐἰ
334 1600 458 1641 με’ντοι
492 1594 682 1642 μηδέτερος
712 1594 939 1639 ἀπαντήσειε,
968 1596 1058 1641 μήτε
1089 1596 1109 1631 ὁ
1140 1596 1333 1641 νενικηκώς

256 1641 346 1686 μήτε
375 1639 394 1676 ὁ
416 1645 658 1685 νενικημένος,
690 1639 727 1676 ὅς
748 1656 789 1689 γε
812 1645 871 1675 καὶ
899 1641 990 1676 κατὰ
1010 1645 1136 1686 κυρίαν
1159 1641 1332 1677 εἰςελθών

256 1687 335 1722 εἶτα
369 1683 591 1733 ἀπελείφθη,
626 1685 648 1730 ἡ
714 1687 800 1732 ἦφος
837 1688 902 1721 τοῦ
934 1688 1160 1730 νενικηκότος
1192 1691 1331 1732 μενέτω

257 1735 372 1778 κυρία.
407 1730 560 1766 πάντων
582 1733 658 1766 τῶν

257 1780 474 1824 γραμμένων
504 1776 629 1821 νόμων
658 1791 700 1811 xv
725 1780 793 1812 ίων
821 1776 952 1820 ὄντων,
985 1778 1062 1812 τῶν
1092 1791 1132 1812 τε
1163 1780 1224 1813 ἐπὶ
1253 1780 1332 1813 ταῖς

258 1822 499 1867 προθεσμίαις
517 1823 595 1856 τῶν
614 1835 654 1856 τε
674 1821 696 1856 ἅ
719 1821 803 1858 λων.
839 1823 969 1857 τοῦτον
986 1822 1055 1869 γὰρ
1075 1821 1119 1866 δὴ
1134 1822 1201 1858 τὸν
1217 1821 1331 1867 νόμον

259 1868 375 1912 ῥητῶς
404 1869 464 1902 ἐπὶ
495 1871 568 1902 τοῖς
622 1866 685 1901 ετὰ
715 1867 782 1911 τὴν
811 1866 945 1902 εἵςοδον
972 1867 1039 1911 τὴν
1070 1869 1130 1903 ἐπὶ
1160 1869 1205 1915 τῇ
1228 1871 1332 1915 κυρίᾳ

255 1915 452 1968 γενομένην
472 1909 585 1968 ἀπολε
625 1915 781 1966 ιμμένοις
799 1913 962 1968 τίθεμεν,
986 1910 1090 1947 οὐδὲν
1112 1914 1191 1948 τῶν
1211 1911 1332 1947 ἄλλων

257 1971 384 2002 νομων
398 1971 421 2001 η
435 1970 576 2003 χρονων
595 1970 674 1992 των
693 1958 869 2003 ἐφετικῶν
893 1971 975 1992 ουτε
995 1956 1225 2005 ἀναιροῦντες
1248 1956 1330 1992 οὔτε
1342 1960 1385 1992 40

256 2001 343 2047 ἀμεί
365 2014 474 2044 οντες,
505 2006 641 2050 κυρίους
662 2005 729 2046 μὲν
749 1996 813 2037 οὖν
836 2001 961 2038 αὐτοὺς
984 2006 1044 2037 καὶ
1068 2001 1126 2037 διὰ
1149 2001 1255 2038 τοῦδε
1278 2016 1330 2037 τι-

256 2050 278 2084 1
357 2050 454 2083 ε’ντες
480 2048 544 2082 τοῦ
572 2047 693 2091 νόμον.
753 2045 905 2083 Κάκεῖνο
935 2051 1059 2092 μέντοι
1089 2061 1118 2084 π
1141 2047 1332 2095 οςδιορίσα-

258 2093 352 2128 σθαι
377 2092 487 2128 καλὸν
510 2088 598 2128 aiere
621 2094 652 2126 εἰ
674 2094 741 2138 μὲν
764 2092 799 2126 οἱ
820 2093 1040 2137 νενικηκότες
1068 2096 1114 2140 ἔφ
1148 2106 1243 2128 ασαν
1265 2091 1332 2136 ἤδη

1585 1517 1654 1587 que
1684 1509 1798 1560 victor
1828 1519 1942 1554 neque
1970 1509 2103 1551 victus,
2135 1509 2195 1553 qui
2218 1509 2325 1544 etiam
2348 1518 2474 1560 secun-

1401 1552 1484 1632 ἀρε
1611 1563 1665 1588 ⁶¹³
1698 1554 2267 1635 retrusissent
2294 1558 2475 1634 {eruta

1400 1607 1767 1689 {ggiggiguglaglcegptis
1790 1626 1927 1688 leg’ibus
1950 1644 2093 1690 (firmis)
2122 1610 2359 1680 {xistentlibus
2374 1609 2423 1678 ἓξ
2438 1644 2475 1678 in

1399 1688 1524 1732 spatiis
1548 1691 1745 1733 temporum
1769 1691 1805 1725 et
1827 1689 1864 1724 in
1887 1690 1976 1725 aliis.
2013 1690 2117 1724 Hanc
2140 1690 2233 1724 enim
2256 1690 2368 1733 legem
2393 1699 2473 1733 spe-

721 1733 818 1767 ιπῶν
837 1733 915 1767 τῶν
935 1734 996 1767 ἐπὶ
1019 1735 1096 1767 ταῖς
1115 1735 1257 1779 ἐφέσεσι
1276 1745 1330 1780 γε-
1345 1733 1386 1766 35
1401 1733 1537 1768 cialiter
1566 1744 1675 1779 super
1698 1734 1753 1770 his
1784 1734 1845 1779 qui
1866 1737 1948 1780 post
1970 1735 2166 1779 ingressum
2194 1734 2315 1770 fatalis
2338 1734 2473 1769 factum

1400 1777 1567 1814 deserunt
1588 1778 1773 1823 ponimus,
1807 1780 1893 1815 nihil
1924 1780 2073 1815 aliarum
2101 1780 2217 1825 legum
2249 1782 2314 1815 aut
2336 1783 2472 1823 tempo-

1399 1833 1478 1858 rum
1501 1824 1795 1869 appellativorum
1819 1834 1932 1870 neque
1954 1826 2168 1870 perimentes
2192 1835 2308 1870 neque
2331 1834 2472 1869 permu-

1399 1869 1534 1959 ῗὲιὲιὲῗο,
1563 1868 1686 1906 fimas
1716 1870 1824 1915 igitur
1852 1880 1913 1906 eas
1945 1870 2052 1906 etiam
2083 1880 2148 1915 per
2178 1870 2272 1906 hanc
2300 1872 2473 1915 ponentes

1401 2050 1422 2084 1
1468 2048 1561 2084 Illud
1585 2059 1726 2094 quoque
1745 2049 1980 2084 determinare
2003 2050 2176 2094 optimum
2197 2052 2261 2093 est,
2287 2050 2318 2085 si
2336 2050 2475 2095 quidem

1399 2093 1552 2129 victores
1589 2094 1737 2138 contigit
1771 2094 1843 2129 iam
1878 2095 2087 2130 sententiam
2127 2096 2321 2140 promereri
2353 2095 2474 2130 firmas

258 2182 400 2230 quidem
429 2183 700 2229 interponerent
730 2187 763 2217 et
790 2182 903 2228 fatali
926 2181 983 2217 die
1007 2189 1259 2234 comparerent
1288 2193 1353 2216 nec
1384 2193 1467 2217 vero
1498 2189 1677 2217 certamen
1700 2183 1835 2218 diutius
1860 2183 1979 2219 subire
2002 2183 2142 2226 vellent,
2174 2184 2229 2219 vel
2247 2185 2352 2219 etiam
2377 2185 2415 2219 id
2436 2185 2474 2219 in

258 2227 374 2264 media
398 2227 458 2263 lite
478 2227 693 2270 desererent,
710 2231 913 2274 propterea
936 2227 1043 2262 etiam
1061 2230 1216 2261 victores
1238 2225 1407 2262 nonnihil
1427 2225 1670 2262 deminuentes
1692 2227 1778 2262 bene
1801 2226 1842 2262 id
1886 2227 1959 2263 uod
1976 2227 2078 2263 decet
2095 2228 2322 2264 sectabimur.
2366 2229 2473 2265 Volu-

258 2284 336 2308 mus
358 2273 450 2308 enim
474 2283 553 2308 eum
584 2273 649 2318 qui
676 2282 823 2307 causam
854 2271 1063 2313 obtinuerit,
1095 2271 1128 2306 si
1156 2282 1196 2306 re
1226 2283 1311 2307 vera
1343 2271 1553 2323 confirmari
1581 2272 1793 2307 sententiam
1816 2283 1857 2308 ve
1871 2273 1918 2315 it,
1950 2283 2024 2308 non
2052 2284 2101 2309 ex
2123 2274 2171 2308 im
2199 2277 2257 2308 etu
2287 2284 2403 2320 neque
2425 2285 2475 2310 ex

259 2318 431 2364 temporis
452 2317 574 2363 spatio
598 2317 736 2363 elapso,
765 2316 830 2353 sed
852 2327 901 2352 ex
925 2317 1006 2363 ipsa
1029 2327 1150 2351 rerum
1174 2317 1333 2358 veritate,
1365 2323 1472 2351 etiam
1502 2317 1535 2351 si
1550 2321 1705 2362 praesto
1734 2328 1808 2352 non
1831 2319 1880 2353 sit
1909 2318 1942 2353 is
1971 2318 2034 2369 qui
2064 2329 2159 2365 appe
2175 2319 2344 2354 lationem
2366 2319 2474 2355 inter-

251 2363 391 2410 posuit,
414 2363 554 2397 intrare
577 2366 687 2414 atque
708 2361 748 2397 id
769 2362 887 2408 ipsum
910 2373 1067 2408 arquere
1089 2365 1126 2397 et
1146 2360 1363 2397 desertorem
1388 2372 1575 2407 quaerere,
1604 2365 1641 2397 et
1662 2363 1736 2398 sive
1758 2373 1838 2398 eum
1860 2363 2020 2399 invenire
2036 2365 2203 2410 potuerit
2223 2365 2297 2400 sive
2319 2363 2380 2400 ille
2402 2375 2475 2400 non

257 2412 447 2455 appareat,
472 2407 708 2453 acleqatwnes
729 2418 817 2443 suas
839 2407 877 2442 in
900 2407 1052 2442 medium
1070 2407 1259 2460 proferre,
1281 2406 1419 2442 scilicet
1441 2406 1594 2442 durante
1617 2407 1724 2442 etiam
1748 2407 1901 2450 biennio,
1926 2408 2024 2443 eirca
2043 2408 2153 2454 finem
2177 2413 2292 2444 tamen
2312 2409 2399 2453 eius,
2422 2410 2474 2445 ita

259 2460 297 2489 ut
320 2464 414 2489 unus
441 2453 605 2499 sortasse
634 2452 764 2488 mensis
785 2452 944 2499 supersit
965 2457 1132 2498 neqotio:
1166 2455 1202 2487 et
1223 2451 1399 2498 siquidem
1428 2451 1557 2488 bonam
1581 2462 1727 2487 causam
1757 2451 1889 2488 nabere
1911 2452 2087 2496 videatur,
2119 2454 2331 2490 sententiam
2354 2458 2474 2490 ratam

257 2510 345 2540 esse,
375 2499 411 2534 si
430 2508 514 2534 vero
537 2497 695 2543 inferior
725 2497 774 2533 sit
796 2497 834 2532 in
859 2497 931 2539 lite,
963 2498 1126 2543 quamvis
1156 2497 1219 2542 qui
1242 2509 1265 2532 a
1286 2497 1521 2544 pellationem
1544 2497 1600 2533 int
1667 2499 1764 2533 osuit
1793 2502 1828 2533 et
1847 2498 1962 2544 fatali
1993 2498 2050 2534 die
2072 2498 2301 2534 introductus
2322 2504 2377 2535 est
2399 2510 2473 2535 non

255 2547 470 2590 perseveret,
502 2552 649 2578 causam
671 2542 848 2578 sententia
876 2542 950 2578 iuri
973 2553 1137 2589 conqrua
1160 2542 1240 2578 deci
1265 2544 1298 2584 i;
1331 2541 1396 2577 illo
1422 2546 1618 2578 tantummo
1647 2553 1668 2577 o
1698 2542 1837 2579 adiecto
1861 2547 1912 2585 ut,
1945 2543 2019 2579 sive
2043 2554 2188 2579 causam
2220 2543 2381 2580 obtineat
2411 2545 2474 2591 qui

255 2589 361 2636 prius
383 2598 527 2635 quoque
549 2587 685 2623 vicerat
704 2588 779 2624 sive
799 2588 839 2622 in
862 2598 905 2623 ea
925 2587 1084 2632 inferior
1108 2586 1281 2630 discedat,
1310 2588 1492 2634 impensas
1517 2587 1662 2623 omnino
1686 2598 1817 2623 causae
1839 2588 2065 2624 introductae
2075 2593 2172 2640 post
2194 2589 2473 2635 appellationem

257 2634 420 2670 desertor
450 2634 484 2668 ei
507 2637 685 2679 praestet.
741 2631 823 2669 Sive
852 2633 947 2668 enim
977 2642 1123 2668 causam
1155 2632 1310 2668 obtinuit
1339 2633 1582 2679 impensarum
1613 2643 1745 2675 causa,
1775 2632 1969 2668 secundum
1999 2632 2040 2668 id
2068 2644 2185 2679 ipsum
2216 2633 2317 2679 quod
2344 2634 2471 2669 merito

258 2679 351 2719 vicit,
375 2679 475 2714 decet
497 2689 575 2714 eum
599 2678 706 2713 etiam
721 2678 903 2724 impensas
924 2677 1099 2724 accipere,
1121 2677 1195 2713 sive
1216 2678 1374 2723 inferior
1397 2677 1531 2722 extitit,
1555 2678 1726 2723 quoniam
1750 2677 1843 2713 alter
1866 2678 2010 2713 omnino
2033 2677 2154 2723 abfuit
2174 2678 2278 2724 eique
2296 2677 2386 2714 adeo
2410 2679 2471 2714 ab·

256 2725 349 2760 senti
374 2724 513 2760 vincere
536 2723 698 2774 contiqit,
722 2722 816 2758 idem
838 2723 1022 2775 impensas
1043 2722 1186 2770 quidem
1208 2723 1338 2766 solvat,
1368 2722 1544 2758 sententia
1568 2726 1686 2758 autem
1702 2723 1847 2769 potitus
1869 2722 1935 2758 deo
1959 2726 1995 2758 et
2013 2723 2199 2769 praesenti
2222 2723 2295 2769 leyi
2315 2723 2471 2769 qratiam

258 2769 399 2812 habeat,
423 2779 517 2815 quae
538 2768 592 2803 ita
614 2779 646 2803 ei
671 2769 728 2803 ius
751 2767 961 2804 custodierit
984 2772 1093 2814 atque
1115 2767 1197 2803 sola
1219 2768 1382 2814 impensa
1405 2778 1485 2803 eum
1507 2767 1721 2810 multaverit,
1747 2779 1821 2814 qua
1843 2766 1985 2814 quidem
2008 2778 2082 2803 non
2106 2768 2181 2810 lex,
2211 2767 2276 2804 sed
2297 2769 2374 2815 ipse
2395 2779 2472 2804 sese

258 2814 385 2850 absens
407 2813 580 2849 multavit.
635 2811 772 2856 Quodsi
795 2817 920 2849 neuter
943 2817 1164 2860 compareat,
1194 2824 1310 2859 neque
1333 2813 1449 2848 victor
1479 2823 1524 2848 ne
1549 2823 1594 2848 ue
1616 2813 1742 2856 victus,
1777 2813 1840 2858 qui
1863 2812 2003 2859 quidem
2024 2812 2138 2858 fatali
2161 2812 2219 2849 die
2242 2812 2473 2849 introductus

257 2859 385 2895 deinde
406 2863 558 2905 praesto
590 2869 664 2893 non
684 2858 811 2903 fuerit,
841 2858 1018 2894 sententia
1041 2857 1176 2894 victrix
1199 2862 1282 2894 rata
1305 2861 1459 2893 maneat.
1542 2861 1662 2893 eterae
1692 2862 1810 2894 autem
1841 2868 1963 2894 omnes
1985 2869 2079 2904 quae
2101 2857 2146 2894 de
2167 2857 2472 2905 appellationibus

257 2904 416 2950 scriptae
443 2907 528 2938 sunt
557 2902 653 2949 leqes
666 2903 810 2983 AErmae
838 2904 929 2945 sint,
962 2908 996 2938 et
1019 2914 1113 2949 quae
1142 2903 1192 2938 ad
1216 2908 1379 2950 tempora
1411 2914 1434 2938 a
1450 2902 1696 2954 pellationum
1725 2907 1762 2939 et
1783 2914 1877 2949 quae
1907 2902 1957 2938 ad
1979 2902 2121 2949 reliqua
2142 2906 2316 2950 spectant.
2364 2902 2471 2938 Hanc

257 2949 350 2985 enim
374 2948 487 2995 leqem
511 2947 643 2984 diserte
731 2948 777 2983 iis
798 2948 953 2993 ferimus
976 2949 1040 2994 qui
1089 2952 1147 2984 ost
1170 2959 1316 2983 causam
1345 2948 1430 2993 fata
1480 2947 1538 2984 die
1559 2947 1802 2984 introductam
1856 2951 1976 2983 racsto
1999 2958 2074 2983 non
2094 2948 2253 2992 fuerint,
2284 2958 2350 2984 nec
2373 2948 2470 2993 quic-

257 3005 366 3040 quam
396 3004 445 3029 ex
471 2993 599 3028 ceteris
630 2993 767 3039 leqibus
796 2999 860 3029 aut
891 2993 1045 3041 tempori
1067 3004 1111 3028 us
1141 2993 1428 3040 appellationum
1458 2992 1515 3028 vel
1545 2992 1763 3039 abroqamus
1791 3005 1832 3030 ve
1873 2993 2112 3035 immutamus,
2144 2992 2249 3028 immo
2279 2997 2382 3028 ratas
2410 3004 2472 3028 eas

257 3042 278 3075 1
323 3038 417 3075 hanc
441 3048 583 3084 quoque
600 3049 671 3085 per
694 3039 806 3085 leqem
825 3038 1018 3074 reddimus,
1094 3038 1223 3074 Verum
1245 3037 1338 3074 illud
1356 3048 1499 3084 quoque
1515 3042 1712 3084 praeterea
1735 3038 1950 3075 constituere
1973 3042 2098 3084 aptum
2116 3042 2180 3080 est,
2207 3042 2249 3073 ut
2271 3038 2303 3073 si
2328 3037 2471 3084 quidem

313 3132 334 3164 2
358 3127 583 3163 ὑπειςελθεῖν
608 3129 664 3170 Μ]
699 3126 875 3164 ὑπελθεῖν
906 3127 1095 3171 (maweu
1119 3131 1182 3171 La)
1216 3129 1284 3162 LB
1320 3128 1332 3173 ΙΙ

258 3178 277 3210 3
289 3171 548 3209 ἀπολείπωσιν
562 3174 715 3215 ΜΕΒΓς]
742 3172 983 3209 ἀπολιποῦσιν
997 3175 1047 3207 Bc
1056 3176 1127 3207 Ecl.
1150 3174 1162 3219 ΙΙ
1185 3175 1244 3207 καὶ
1261 3186 1299 3207 ex
1312 3186 1330 3210 ς

258 3222 320 3254 del.
333 3220 521 3254 Zachariae
537 3219 550 3258 ΙΙ
566 3218 681 3263 μικρῷ
705 3221 754 3253 3⁶
772 3220 784 3263 ΙΙ
807 3222 827 3253 4
848 3230 912 3252 στο
936 3218 1103 3261 ασόμεθα
1123 3221 1171 3253 B‘
1189 3221 1202 3263 ΙΙ
1225 3221 1244 3253 5
1263 3216 1331 3260 τὴν

258 3262 360 3307 δίκην
385 3265 436 3298 B‘
469 3263 514 3310 τῇ
538 3261 618 3310 δίκῃ
642 3265 715 3298 Ecl.
748 3264 761 3308 ΙΙ
799 3266 819 3298 9
844 3265 904 3298 ἐπι
929 3261 1032 3297 ὄντος
1055 3265 1128 3297 Ecl.
1163 3264 1177 3309 ΙΙ
1218 3265 1257 3298 12
1286 3261 1332 3297 τὰ

256 3308 337 3352 (τὴν
349 3309 411 3350 L2)
431 3308 557 3342 ἑαυτοῦ
578 3306 650 3342 &aa
666 3310 696 3342 L
720 3310 798 3351 (τὴν
820 3309 947 3342 ἑαυτοῦ
967 3306 1071 3351 δίκην
1088 3309 1296 3351 Haloander)
1319 3308 1332 3352 ΙΙ

262 3358 300 3388 13
324 3355 379 3388 &a
403 3367 461 3388 om.
476 3366 495 3391 ς
509 3353 522 3398 ΙΙ
550 3356 590 3388 14
613 3350 934 3396 ἀπολιμπάνεσθαι
949 3355 1019 3387 Ecl.
1036 3353 1049 3398 ΙΙ
1075 3356 1118 3389 20
1141 3352 1208 3397 τὴν
1228 3350 1331 3396 δίκην

259 3400 308 3432 B‘
322 3401 380 3439 (id.
394 3398 477 3455 23)[1
504 3400 542 3433 21
567 3396 719 3432 πάντων
732 3399 783 3432 B⁶
797 3398 810 3443 ss
830 3401 870 3433 22
890 3396 1233 3442 ἀπολιμπανόμενον
1245 3399 1297 3433 B⁶
1318 3398 1331 3439 ΙΙ

258 3445 300 3476 24
318 3441 408 3477 καθ’
431 3442 519 3477 αυτὸ
538 3445 569 3477 L
583 3445 653 3478 Ecl.
671 3444 684 3487 ll
703 3445 800 3487 24sq.
820 3441 944 3488 ὀρθῶς
963 3446 1023 3476 καὶ
1040 3441 1185 3477 δικαίως
1204 3440 1251 3477 ἃν
1265 3445 1296 3478 L
1319 3444 1329 3486 Γ

260 3490 301 3520 20
325 3488 377 3529 τῷ
399 3488 490 3531 θεῷ]
516 3488 597 3532 θεῷ
614 3489 716 3533 Ed„
738 3491 797 3521 καὶ
820 3489 886 3531 τῷ]
911 3489 965 3531 τῷ
990 3502 1048 3523 om.
1062 3489 1113 3523 Bc
1136 3489 1148 3533 ΙΙ
1173 3491 1211 3523 31
1237 3479 1329 3534 ᾗπερ

261 3531 343 3572 13⁶5]
360 3532 457 3577 εἴπερ
472 3534 673 3568 MLBrEcl.
693 3538 706 3579 ΙΙ
727 3535 769 3569 32
782 3535 849 3577 μέν
864 3546 900 3566 τι
915 3534 944 3567 L
964 3533 976 3578 ΙΙ
999 3535 1041 3567 35
1055 3535 1073 3566 ἐ
1101 3536 1220 3568 ε’σεσιν
1237 3535 1329 3581 ἑγγε·

259 3578 841 3666 {streuva-13:¹¹
864 3578 970 3657 ³225
995 3547 1099 3658 ⁰⁷2}
1114 3579 1189 3658 tt?
1209 3574 1329 3668 ἦμες

262 3676 321 3698 om.
336 3663 385 3696 L·
408 3664 421 3707 fl
449 3667 491 3698 43
516 3667 557 3707 εἰ]
581 3667 616 3701 οἱ
628 3638 689 3702 '11⁰
714 3636 741 3712 ΙΙρ
753 3666 790 3702 οἱ
807 3681 864 3703 om.
880 3635 1014 3703 Eoi-pm,

1444 3132 1463 3162 3
1488 3130 1629 3171 quodam
1649 3141 1753 3173 paruo
1775 3131 1807 3163 R
1825 3129 1838 3173 ΙΙ
1859 3131 1879 3163 4
1899 3128 2206 3161 *eonsiderauimus
2225 3129 2302 3162 libri
2314 3128 2326 3171 ΙΙ
2353 3131 2372 3163 5
2393 3128 2469 3161 uin-

1398 3174 1444 3206 cit
1464 3174 1534 3207 VT
1548 3175 1559 3218 ΙΙ
1584 3176 1604 3209 9
1621 3175 1739 3208 intulit
1755 3173 1804 3208 R⁶
1823 3173 1835 3218 ΙΙ
1862 3175 1902 3208 14
1913 3186 1960 3216 sq.
1978 3174 2066 3206 eirca
2082 3174 2263 3206 certamina
2278 3173 2416 3206 inferior
2431 3184 2469 3206 eo

1398 3219 1496 3251 etiam
1509 3220 1544 3252 R
1561 3220 1574 3264 ΙΙ
1600 3222 1640 3254 15
1660 3220 1851 3260 certamina]
1876 3221 2041 3252 certamen
2059 3221 2168 3250 tamen
2190 3219 2250 3261 Vl}
2279 3219 2319 3252 16
2338 3228 2467 3250 oausam

1397 3265 1482 3308 vuly.
1503 3264 1515 3307 ΙΙ
1539 3267 1580 3299 18
1605 3266 1656 3298 his
1680 3266 1738 3307 qui
1764 3265 1861 3298 etiam
1882 3265 1917 3297 V
1933 3264 2031 3296 etiam
2054 3263 2083 3296 is
2106 3264 2164 3305 qui
2187 3263 2236 3296 R¹
2260 3262 2274 3307 ΙΙ
2300 3264 2343 3297 20
2365 3262 2468 3294 factas

1399 3311 1446 3342 bis
1468 3322 1530 3342 scr.
1553 3309 1629 3354 V¹11
1655 3312 1693 3344 21
1722 3310 1923 3344 occasionem
1943 3309 1976 3342 V
1995 3307 2008 3353 ΙΙ
2032 3310 2074 3342 22
2097 3308 2288 3348 seeundum]
2311 3308 2360 3339 set
2381 3306 2430 3339 R¹
2452 3307 2464 3349 Η

1397 3355 1440 3387 24
1465 3355 1601 3388 omnino
1620 3355 1690 3396 ille]
1714 3356 1772 3389 ille
1793 3355 1928 3388 omnino
1949 3353 2038 3398 VT„
2061 3353 2226 3395 contingit
2245 3351 2301 3394 Vss
2326 3352 2368 3385 26
2391 3361 2465 3391 gra-

1397 3399 1484 3431 tians
1506 3400 1556 3432 V⁰
1585 3400 1597 3444 ΙΙ
1626 3402 1667 3435 28
1691 3401 1727 3434 in
1752 3400 1857 3435 om.R
1884 3399 1896 3444 ΙΙ
1930 3400 1972 3433 29
1996 3409 2029 3431 se
2054 3411 2112 3432 om.
2138 3399 2228 3439 libri,
2254 3402 2331 3439 poet
2352 3395 2467 3428 absens

1397 3445 1474 3476 add.
1488 3446 1572 3489 vulq·
1597 3446 1610 3489 ΙΙ
1638 3446 1737 3479 abens
1757 3446 1791 3480 V
1812 3445 1825 3489 ΙΙ
1854 3447 1895 3478 30
1916 3445 2081 3477 uictorum
2102 3443 2137 3476 V
2158 3442 2172 3486 Ι
2198 3441 2240 3475 33
2259 3439 2363 3473 firmis
2388 3442 2464 3473 add.

1401 3489 1629 3535 Osenbru'qqen
1647 3491 1661 3536 fl
1685 3493 1727 3526 36
1745 3490 1890 3524 deseriut
1908 3488 1964 3534 Vss
1988 3490 2031 3524 38
2051 3488 2162 3528 etiam]
2186 3488 2219 3519 et
2238 3485 2295 3529 Vll
2318 3486 2362 3519 43
2386 3495 2463 3518 oon-

1395 3534 1499 3576 tingit
1521 3535 1555 3568 R
