<?xml version="1.0" encoding="UTF-8"?>
<!DOCTYPE html PUBLIC "-//W3C//DTD XHTML 1.0 Transitional//EN"
    "http://www.w3.org/TR/xhtml1/DTD/xhtml1-transitional.dtd">
<html xmlns="http://www.w3.org/1999/xhtml" xml:lang="en" lang="en">
 <head>
  <title>
</title>
<meta http-equiv="Content-Type" content="text/html;charset=utf-8" />
  <meta name='ocr-system' content='tesseract 3.04.00' />
  <meta name='ocr-capabilities' content='ocr_page ocr_carea ocr_par ocr_line ocrx_word'/>
</head>
<body>
  <div class='ocr_page' id='page_1' title='image "./corpusiuriscivil03krueuoft_0463.png"; bbox 0 0 2618 4010; ppageno 0'>
   <div class='ocr_carea' id='block_1_1' title="bbox 109 150 511 184">
    <p class='ocr_par' dir='ltr' id='par_1_1' title="bbox 109 150 511 184">
     <span class='ocr_line' id='line_1_1' title="bbox 109 150 511 184; baseline -0.007 0"><span class='ocrx_word' id='word_1_1' title='bbox 109 152 409 184; x_wconf 84' lang='lat' dir='ltr'>EFFICIUNTUR</span> <span class='ocrx_word' id='word_1_2' title='bbox 439 150 511 182; x_wconf 87' lang='lat' dir='ltr'><strong>SUI</strong></span> 
     </span>
    </p>
   </div>
   <div class='ocr_carea' id='block_1_2' title="bbox 110 245 1194 660">
    <p class='ocr_par' dir='ltr' id='par_1_2' title="bbox 110 245 1194 660">
     <span class='ocr_line' id='line_1_2' title="bbox 111 245 1190 293; baseline -0.005 -6"><span class='ocrx_word' id='word_1_3' title='bbox 111 253 150 293; x_wconf 77' lang='grc' dir='ltr'><strong>ἐξ</strong></span> <span class='ocrx_word' id='word_1_4' title='bbox 173 249 370 287; x_wconf 82' lang='grc' dir='ltr'><strong><em>ἀδιαθέτου</em></strong></span> <span class='ocrx_word' id='word_1_5' title='bbox 394 248 559 292; x_wconf 83' lang='grc' dir='ltr'><strong><em>διάδοχος</em></strong></span> <span class='ocrx_word' id='word_1_6' title='bbox 589 253 649 283; x_wconf 83' lang='grc' dir='ltr'><strong>καὶ</strong></span> <span class='ocrx_word' id='word_1_7' title='bbox 674 250 711 283; x_wconf 81' lang='grc' dir='ltr'><strong>ἐκ</strong></span> <span class='ocrx_word' id='word_1_8' title='bbox 735 246 953 293; x_wconf 83' lang='grc' dir='ltr'><strong><em>βουλήσεως,</em></strong></span> <span class='ocrx_word' id='word_1_9' title='bbox 986 245 1092 282; x_wconf 73' lang='grc' dir='ltr'><strong><em>οὐδὲν</em></strong></span> <span class='ocrx_word' id='word_1_10' title='bbox 1123 246 1190 283; x_wconf 82' lang='grc' dir='ltr'><strong><em>ἀπ-</em></strong></span> 
     </span>
     <span class='ocr_line' id='line_1_3' title="bbox 111 291 1191 344; baseline -0.006 -11"><span class='ocrx_word' id='word_1_11' title='bbox 111 298 232 332; x_wconf 80' lang='grc' dir='ltr'><strong><em>εοικιὸς</em></strong></span> <span class='ocrx_word' id='word_1_12' title='bbox 254 298 331 331; x_wconf 78' lang='grc' dir='ltr'><strong>τῶν</strong></span> <span class='ocrx_word' id='word_1_13' title='bbox 352 299 524 344; x_wconf 75' lang='grc' dir='ltr'><em>γνησίων,</em></span> <span class='ocrx_word' id='word_1_14' title='bbox 556 298 616 328; x_wconf 81' lang='grc' dir='ltr'><strong>καὶ</strong></span> <span class='ocrx_word' id='word_1_15' title='bbox 640 296 679 328; x_wconf 79' lang='grc' dir='ltr'><strong>ἐκ</strong></span> <span class='ocrx_word' id='word_1_16' title='bbox 703 293 837 340; x_wconf 77' lang='grc' dir='ltr'><strong><em>δωρεᾶς</em></strong></span> <span class='ocrx_word' id='word_1_17' title='bbox 861 293 1060 338; x_wconf 76' lang='grc' dir='ltr'><strong><em>λαμβάνειν</em></strong></span> <span class='ocrx_word' id='word_1_18' title='bbox 1085 291 1191 328; x_wconf 82' lang='grc' dir='ltr'><strong><em>δυνά-</em></strong></span> 
     </span>
     <span class='ocr_line' id='line_1_4' title="bbox 111 336 1193 384; baseline -0.006 -6"><span class='ocrx_word' id='word_1_19' title='bbox 111 344 197 377; x_wconf 89' lang='grc' dir='ltr'><strong>σθω</strong></span> <span class='ocrx_word' id='word_1_20' title='bbox 228 343 293 377; x_wconf 79' lang='grc' dir='ltr'><strong>τοῦ</strong></span> <span class='ocrx_word' id='word_1_21' title='bbox 323 339 476 384; x_wconf 85' lang='grc' dir='ltr'><strong><em>πατρός,</em></strong></span> <span class='ocrx_word' id='word_1_22' title='bbox 509 336 605 374; x_wconf 72' lang='grc' dir='ltr'><strong><em>οὕτω</em></strong></span> <span class='ocrx_word' id='word_1_23' title='bbox 629 343 752 384; x_wconf 83' lang='grc' dir='ltr'><strong><em>μέντοι</em></strong></span> <span class='ocrx_word' id='word_1_24' title='bbox 783 337 871 374; x_wconf 75' lang='grc' dir='ltr'><strong><em>ὤςτε</em></strong></span> <span class='ocrx_word' id='word_1_25' title='bbox 894 339 942 384; x_wconf 84' lang='grc' dir='ltr'><strong><em>μὴ</em></strong></span> <span class='ocrx_word' id='word_1_26' title='bbox 967 338 1077 375; x_wconf 88' lang='grc' dir='ltr'><strong><em>πλεόν</em></strong></span> <span class='ocrx_word' id='word_1_27' title='bbox 1099 342 1193 382; x_wconf 81' lang='grc' dir='ltr'><strong><em>ἔχειν</em></strong></span> 
     </span>
     <span class='ocr_line' id='line_1_5' title="bbox 110 383 1192 433; baseline -0.005 -10"><span class='ocrx_word' id='word_1_28' title='bbox 110 390 188 423; x_wconf 78' lang='grc' dir='ltr'><strong>τῶν</strong></span> <span class='ocrx_word' id='word_1_29' title='bbox 224 388 262 429; x_wconf 81' lang='grc' dir='ltr'><strong>ἐξ</strong></span> <span class='ocrx_word' id='word_1_30' title='bbox 296 384 402 433; x_wconf 63' lang='grc' dir='ltr'><strong><em>ἀρχῆς</em></strong></span> <span class='ocrx_word' id='word_1_31' title='bbox 435 389 597 433; x_wconf 89' lang='grc' dir='ltr'><strong><em>γνησίων</em></strong></span> <span class='ocrx_word' id='word_1_32' title='bbox 633 386 711 420; x_wconf 82' lang='grc' dir='ltr'><strong><em>ἑνὸς</em></strong></span> <span class='ocrx_word' id='word_1_33' title='bbox 745 387 810 419; x_wconf 80' lang='grc' dir='ltr'><strong>τοῦ</strong></span> <span class='ocrx_word' id='word_1_34' title='bbox 847 385 890 420; x_wconf 87' lang='grc' dir='ltr'><strong>τὸ</strong></span> <span class='ocrx_word' id='word_1_35' title='bbox 927 384 1081 420; x_wconf 85' lang='grc' dir='ltr'><strong><em>πάντων</em></strong></span> <span class='ocrx_word' id='word_1_36' title='bbox 1114 383 1192 418; x_wconf 78' lang='grc' dir='ltr'><strong><em>ἑλά-</em></strong></span> 
     </span>
     <span class='ocr_line' id='line_1_6' title="bbox 110 428 1194 486; baseline -0.004 -18"><span class='ocrx_word' id='word_1_37' title='bbox 110 446 233 476; x_wconf 88' lang='grc' dir='ltr'><strong><em>χιστον</em></strong></span> <span class='ocrx_word' id='word_1_38' title='bbox 257 434 406 475; x_wconf 75' lang='grc' dir='ltr'><strong><em>ἔχοντος.</em></strong></span> <span class='ocrx_word' id='word_1_39' title='bbox 448 428 549 472; x_wconf 76' lang='grc' dir='ltr'><strong><em>ἅπαξ</em></strong></span> <span class='ocrx_word' id='word_1_40' title='bbox 569 429 609 465; x_wconf 78' lang='grc' dir='ltr'><strong><em>δὲ</em></strong></span> <span class='ocrx_word' id='word_1_41' title='bbox 626 429 933 474; x_wconf 80' lang='grc' dir='ltr'><strong><em>καταδεξαμένους</em></strong></span> <span class='ocrx_word' id='word_1_42' title='bbox 955 432 1108 464; x_wconf 78' lang='grc' dir='ltr'><strong><em>ἐκείνους</em></strong></span> <span class='ocrx_word' id='word_1_43' title='bbox 1127 430 1194 486; x_wconf 73' lang='grc' dir='ltr'><strong>την</strong></span> 
     </span>
     <span class='ocr_line' id='line_1_7' title="bbox 112 474 1193 523; baseline -0.003 -12"><span class='ocrx_word' id='word_1_44' title='bbox 112 476 274 513; x_wconf 77' lang='grc' dir='ltr'><strong><em>ἐπίδοσιν</em></strong></span> <span class='ocrx_word' id='word_1_45' title='bbox 303 480 362 511; x_wconf 85' lang='grc' dir='ltr'><strong>καὶ</strong></span> <span class='ocrx_word' id='word_1_46' title='bbox 395 474 455 511; x_wconf 83' lang='grc' dir='ltr'><strong>διὰ</strong></span> <span class='ocrx_word' id='word_1_47' title='bbox 487 478 596 511; x_wconf 76' lang='grc' dir='ltr'><strong><em>τοῦτο</em></strong></span> <span class='ocrx_word' id='word_1_48' title='bbox 626 477 673 510; x_wconf 81' lang='grc' dir='ltr'><strong>εἰς</strong></span> <span class='ocrx_word' id='word_1_49' title='bbox 696 480 862 523; x_wconf 78' lang='grc' dir='ltr'><strong><em>γνησίους</em></strong></span> <span class='ocrx_word' id='word_1_50' title='bbox 892 474 1102 521; x_wconf 78' lang='grc' dir='ltr'><strong><em>ἀναβάντας</em></strong></span> <span class='ocrx_word' id='word_1_51' title='bbox 1130 488 1193 509; x_wconf 86' lang='grc' dir='ltr'><strong>ουκ</strong></span> 
     </span>
     <span class='ocr_line' id='line_1_8' title="bbox 112 520 1191 569; baseline -0.003 -12"><span class='ocrx_word' id='word_1_52' title='bbox 112 526 255 569; x_wconf 81' lang='grc' dir='ltr'><strong><em>ἐφίεμεν</em></strong></span> <span class='ocrx_word' id='word_1_53' title='bbox 276 521 541 557; x_wconf 65' lang='grc' dir='ltr'><strong><em>αὺείὶἰηατεύειν</em></strong></span> <span class='ocrx_word' id='word_1_54' title='bbox 563 522 709 556; x_wconf 76' lang='grc' dir='ltr'><strong><em>ἑαυτοὺς</em></strong></span> <span class='ocrx_word' id='word_1_55' title='bbox 733 523 794 565; x_wconf 82' lang='grc' dir='ltr'><strong>τῆς</strong></span> <span class='ocrx_word' id='word_1_56' title='bbox 818 523 895 556; x_wconf 79' lang='grc' dir='ltr'><strong>τῶν</strong></span> <span class='ocrx_word' id='word_1_57' title='bbox 919 524 1090 567; x_wconf 79' lang='grc' dir='ltr'><strong><em>πατέρων</em></strong></span> <span class='ocrx_word' id='word_1_58' title='bbox 1113 520 1191 564; x_wconf 82' lang='grc' dir='ltr'><strong><em>κλη-</em></strong></span> 
     </span>
     <span class='ocr_line' id='line_1_9' title="bbox 111 565 1193 614; baseline -0.001 -13"><span class='ocrx_word' id='word_1_59' title='bbox 111 571 293 614; x_wconf 80' lang='grc' dir='ltr'><strong><em>ρονομίας,</em></strong></span> <span class='ocrx_word' id='word_1_60' title='bbox 318 566 342 611; x_wconf 81' lang='grc' dir='ltr'><em>ἢ</em></span> <span class='ocrx_word' id='word_1_61' title='bbox 366 566 483 602; x_wconf 81' lang='grc' dir='ltr'><strong><em>δοκεῖν</em></strong></span> <span class='ocrx_word' id='word_1_62' title='bbox 508 565 625 610; x_wconf 73' lang='grc' dir='ltr'><strong><em>δῆθεν</em></strong></span> <span class='ocrx_word' id='word_1_63' title='bbox 649 568 717 611; x_wconf 87' lang='grc' dir='ltr'><strong>τὴν</strong></span> <span class='ocrx_word' id='word_1_64' title='bbox 742 565 884 612; x_wconf 82' lang='grc' dir='ltr'><strong><em>δωρεὰν</em></strong></span> <span class='ocrx_word' id='word_1_65' title='bbox 907 566 976 610; x_wconf 84' lang='grc' dir='ltr'><strong>τὴν</strong></span> <span class='ocrx_word' id='word_1_66' title='bbox 1001 567 1048 600; x_wconf 87' lang='grc' dir='ltr'><strong>εἰς</strong></span> <span class='ocrx_word' id='word_1_67' title='bbox 1064 565 1193 600; x_wconf 76' lang='grc' dir='ltr'><strong><em>αὐτοὺς</em></strong></span> 
     </span>
     <span class='ocr_line' id='line_1_10' title="bbox 110 609 1192 660; baseline -0.003 -13"><span class='ocrx_word' id='word_1_68' title='bbox 110 615 305 660; x_wconf 79' lang='grc' dir='ltr'><strong><em>γενομένην</em></strong></span> <span class='ocrx_word' id='word_1_69' title='bbox 333 616 393 647; x_wconf 83' lang='grc' dir='ltr'><strong>καὶ</strong></span> <span class='ocrx_word' id='word_1_70' title='bbox 426 613 666 659; x_wconf 74' lang='grc' dir='ltr'><strong><em>στερχθεῖσαν</em></strong></span> <span class='ocrx_word' id='word_1_71' title='bbox 698 610 765 647; x_wconf 72' lang='grc' dir='ltr'><strong>ὑπ’</strong></span> <span class='ocrx_word' id='word_1_72' title='bbox 800 610 924 646; x_wconf 77' lang='grc' dir='ltr'><strong><em>αὐτῶν</em></strong></span> <span class='ocrx_word' id='word_1_73' title='bbox 955 609 1102 658; x_wconf 77' lang='grc' dir='ltr'><strong><em>οἶφιεναι</em></strong></span> <span class='ocrx_word' id='word_1_74' title='bbox 1133 615 1192 645; x_wconf 85' lang='grc' dir='ltr'><strong>καὶ</strong></span> 
     </span>
    </p>
   </div>
   <div class='ocr_carea' id='block_1_3' title="bbox 218 656 328 669">
    <p class='ocr_par' dir='ltr' id='par_1_3' title="bbox 218 656 328 669">
     <span class='ocr_line' id='line_1_11' title="bbox 218 656 328 669; baseline 0.009 -1"><span class='ocrx_word' id='word_1_75' title='bbox 218 656 226 668; x_wconf 79' lang='grc' dir='ltr'><em>Ι</em></span> <span class='ocrx_word' id='word_1_76' title='bbox 317 656 328 669; x_wconf 65' lang='lat'><em>5</em></span> 
     </span>
    </p>
   </div>
   <div class='ocr_carea' id='block_1_4' title="bbox 1173 131 1260 179">
    <p class='ocr_par' dir='ltr' id='par_1_4' title="bbox 1173 131 1260 179">
     <span class='ocr_line' id='line_1_12' title="bbox 1173 131 1260 179; baseline 0 0"><span class='ocrx_word' id='word_1_77' title='bbox 1173 131 1260 179; x_wconf 86' lang='lat'><strong>433</strong></span> 
     </span>
    </p>
   </div>
   <div class='ocr_carea' id='block_1_5' title="bbox 1850 131 2340 177">
    <p class='ocr_par' dir='ltr' id='par_1_5' title="bbox 1850 131 2340 177">
     <span class='ocr_line' id='line_1_13' title="bbox 1850 131 2340 177; baseline -0.008 0"><span class='ocrx_word' id='word_1_78' title='bbox 1850 133 1957 177; x_wconf 88' lang='lat' dir='ltr'><strong>Nov.</strong></span> <span class='ocrx_word' id='word_1_79' title='bbox 1989 131 2215 175; x_wconf 90' lang='lat' dir='ltr'>LXXXIX</span> <span class='ocrx_word' id='word_1_80' title='bbox 2245 134 2283 174; x_wconf 83' lang='lat'><strong>3.</strong></span> <span class='ocrx_word' id='word_1_81' title='bbox 2314 134 2340 173; x_wconf 88' lang='grc'>4</span> 
     </span>
    </p>
   </div>
   <div class='ocr_carea' id='block_1_6' title="bbox 1231 242 2340 654">
    <p class='ocr_par' dir='ltr' id='par_1_6' title="bbox 1231 242 2340 654">
     <span class='ocr_line' id='line_1_14' title="bbox 1261 242 2339 288; baseline -0.004 -6"><span class='ocrx_word' id='word_1_82' title='bbox 1261 256 1450 283; x_wconf 84' lang='lat' dir='ltr'><strong>successor</strong></span> <span class='ocrx_word' id='word_1_83' title='bbox 1480 249 1517 282; x_wconf 87' lang='lat' dir='ltr'><strong>et</strong></span> <span class='ocrx_word' id='word_1_84' title='bbox 1548 256 1591 282; x_wconf 87' lang='lat' dir='ltr'><strong>ex</strong></span> <span class='ocrx_word' id='word_1_85' title='bbox 1615 246 1814 287; x_wconf 88' lang='lat' dir='ltr'><strong>voluntate,</strong></span> <span class='ocrx_word' id='word_1_86' title='bbox 1847 244 1936 280; x_wconf 87' lang='lat' dir='ltr'><strong>nihil</strong></span> <span class='ocrx_word' id='word_1_87' title='bbox 1957 244 2137 279; x_wconf 89' lang='lat' dir='ltr'><strong>dissimilis</strong></span> <span class='ocrx_word' id='word_1_88' title='bbox 2163 242 2339 288; x_wconf 80' lang='lat' dir='ltr'><strong>legitimis,</strong></span> 
     </span>
     <span class='ocr_line' id='line_1_15' title="bbox 1261 289 2340 336; baseline -0.005 -8"><span class='ocrx_word' id='word_1_89' title='bbox 1261 296 1297 328; x_wconf 90' lang='lat' dir='ltr'><strong>et</strong></span> <span class='ocrx_word' id='word_1_90' title='bbox 1328 302 1372 327; x_wconf 86' lang='lat' dir='ltr'><strong>ex</strong></span> <span class='ocrx_word' id='word_1_91' title='bbox 1403 292 1595 328; x_wconf 82' lang='lat' dir='ltr'><strong>donatione</strong></span> <span class='ocrx_word' id='word_1_92' title='bbox 1619 292 1803 336; x_wconf 85' lang='lat' dir='ltr'><strong>percipere</strong></span> <span class='ocrx_word' id='word_1_93' title='bbox 1830 290 1963 335; x_wconf 90' lang='lat' dir='ltr'><strong>poterit</strong></span> <span class='ocrx_word' id='word_1_94' title='bbox 1986 289 2117 334; x_wconf 89' lang='lat' dir='ltr'><strong>patris,</strong></span> <span class='ocrx_word' id='word_1_95' title='bbox 2148 290 2199 324; x_wconf 88' lang='lat' dir='ltr'><strong>ita</strong></span> <span class='ocrx_word' id='word_1_96' title='bbox 2220 292 2340 323; x_wconf 87' lang='lat' dir='ltr'><strong>tamen</strong></span> 
     </span>
     <span class='ocr_line' id='line_1_16' title="bbox 1260 334 2340 383; baseline -0.005 -10"><span class='ocrx_word' id='word_1_97' title='bbox 1260 340 1303 373; x_wconf 91' lang='lat' dir='ltr'><strong>ut</strong></span> <span class='ocrx_word' id='word_1_98' title='bbox 1322 348 1394 373; x_wconf 89' lang='lat' dir='ltr'><strong>non</strong></span> <span class='ocrx_word' id='word_1_99' title='bbox 1413 337 1565 383; x_wconf 87' lang='lat' dir='ltr'><strong>amplius</strong></span> <span class='ocrx_word' id='word_1_100' title='bbox 1590 337 1722 372; x_wconf 89' lang='lat' dir='ltr'><strong>habeat</strong></span> <span class='ocrx_word' id='word_1_101' title='bbox 1747 346 1817 372; x_wconf 91' lang='lat' dir='ltr'><strong>uno</strong></span> <span class='ocrx_word' id='word_1_102' title='bbox 1837 338 1963 371; x_wconf 89' lang='lat' dir='ltr'><strong>horum</strong></span> <span class='ocrx_word' id='word_1_103' title='bbox 1987 335 2047 380; x_wconf 91' lang='lat' dir='ltr'><strong>qui</strong></span> <span class='ocrx_word' id='word_1_104' title='bbox 2067 335 2112 370; x_wconf 88' lang='lat' dir='ltr'><strong>ab</strong></span> <span class='ocrx_word' id='word_1_105' title='bbox 2132 335 2232 370; x_wconf 90' lang='lat' dir='ltr'><strong>initio</strong></span> <span class='ocrx_word' id='word_1_106' title='bbox 2256 334 2340 378; x_wconf 86' lang='lat' dir='ltr'><strong>legi-</strong></span> 
     </span>
     <span class='ocr_line' id='line_1_17' title="bbox 1261 378 2340 419; baseline -0.004 -1"><span class='ocrx_word' id='word_1_107' title='bbox 1261 383 1339 418; x_wconf 86' lang='lat' dir='ltr'><strong>timi</strong></span> <span class='ocrx_word' id='word_1_108' title='bbox 1364 388 1447 418; x_wconf 88' lang='lat' dir='ltr'><strong>sunt</strong></span> <span class='ocrx_word' id='word_1_109' title='bbox 1470 386 1507 419; x_wconf 91' lang='lat' dir='ltr'><strong>et</strong></span> <span class='ocrx_word' id='word_1_110' title='bbox 1525 383 1618 418; x_wconf 89' lang='lat' dir='ltr'><strong>inter</strong></span> <span class='ocrx_word' id='word_1_111' title='bbox 1643 392 1763 418; x_wconf 89' lang='lat' dir='ltr'><strong>omnes</strong></span> <span class='ocrx_word' id='word_1_112' title='bbox 1787 382 1901 416; x_wconf 90' lang='lat' dir='ltr'><strong>minus</strong></span> <span class='ocrx_word' id='word_1_113' title='bbox 1924 381 2089 416; x_wconf 82' lang='lat' dir='ltr'>habente.</span> <span class='ocrx_word' id='word_1_114' title='bbox 2128 380 2216 415; x_wconf 89' lang='lat' dir='ltr'><strong>Cum</strong></span> <span class='ocrx_word' id='word_1_115' title='bbox 2233 378 2340 414; x_wconf 88' lang='lat' dir='ltr'><strong>semel</strong></span> 
     </span>
     <span class='ocr_line' id='line_1_18' title="bbox 1231 424 2340 473; baseline -0.005 -9"><span class='ocrx_word' id='word_1_116' title='bbox 1231 432 1382 465; x_wconf 84' lang='lat' dir='ltr'><strong>5autem</strong></span> <span class='ocrx_word' id='word_1_117' title='bbox 1418 429 1470 463; x_wconf 94' lang='lat' dir='ltr'><strong>illi</strong></span> <span class='ocrx_word' id='word_1_118' title='bbox 1502 428 1723 473; x_wconf 81' lang='lat' dir='ltr'><strong>susceperint</strong></span> <span class='ocrx_word' id='word_1_119' title='bbox 1759 427 1972 462; x_wconf 89' lang='lat' dir='ltr'><strong>oblationem</strong></span> <span class='ocrx_word' id='word_1_120' title='bbox 2008 429 2045 461; x_wconf 89' lang='lat' dir='ltr'><strong>et</strong></span> <span class='ocrx_word' id='word_1_121' title='bbox 2075 429 2266 470; x_wconf 86' lang='lat' dir='ltr'><strong>propterea</strong></span> <span class='ocrx_word' id='word_1_122' title='bbox 2293 424 2340 459; x_wconf 88' lang='lat' dir='ltr'><strong>ad</strong></span> 
     </span>
     <span class='ocr_line' id='line_1_19' title="bbox 1261 469 2340 518; baseline -0.004 -9"><span class='ocrx_word' id='word_1_123' title='bbox 1261 474 1317 509; x_wconf 90' lang='lat' dir='ltr'><strong>ius</strong></span> <span class='ocrx_word' id='word_1_124' title='bbox 1342 474 1579 518; x_wconf 89' lang='lat' dir='ltr'><strong>legitimorum</strong></span> <span class='ocrx_word' id='word_1_125' title='bbox 1603 473 1840 514; x_wconf 86' lang='lat' dir='ltr'><strong>ascenderint,</strong></span> <span class='ocrx_word' id='word_1_126' title='bbox 1874 483 1946 507; x_wconf 92' lang='lat' dir='ltr'><strong>non</strong></span> <span class='ocrx_word' id='word_1_127' title='bbox 1971 471 2120 507; x_wconf 84' lang='lat' dir='ltr'><strong>sinimus</strong></span> <span class='ocrx_word' id='word_1_128' title='bbox 2143 481 2205 506; x_wconf 89' lang='lat' dir='ltr'><strong>eos</strong></span> <span class='ocrx_word' id='word_1_129' title='bbox 2229 469 2340 505; x_wconf 87' lang='lat' dir='ltr'><strong>absti-</strong></span> 
     </span>
     <span class='ocr_line' id='line_1_20' title="bbox 1262 515 2339 565; baseline -0.006 -10"><span class='ocrx_word' id='word_1_130' title='bbox 1262 530 1347 555; x_wconf 91' lang='lat' dir='ltr'><strong>nere</strong></span> <span class='ocrx_word' id='word_1_131' title='bbox 1372 530 1410 555; x_wconf 91' lang='lat' dir='ltr'><strong>se</strong></span> <span class='ocrx_word' id='word_1_132' title='bbox 1433 522 1575 565; x_wconf 84' lang='lat' dir='ltr'><strong>patrum</strong></span> <span class='ocrx_word' id='word_1_133' title='bbox 1601 519 1798 554; x_wconf 89' lang='lat' dir='ltr'><strong>hereditate</strong></span> <span class='ocrx_word' id='word_1_134' title='bbox 1829 521 1892 553; x_wconf 89' lang='lat' dir='ltr'><strong>aut</strong></span> <span class='ocrx_word' id='word_1_135' title='bbox 1915 517 2026 552; x_wconf 90' lang='lat' dir='ltr'><strong>videri</strong></span> <span class='ocrx_word' id='word_1_136' title='bbox 2050 516 2152 561; x_wconf 83' lang='lat' dir='ltr'><strong>quasi</strong></span> <span class='ocrx_word' id='word_1_137' title='bbox 2179 515 2339 551; x_wconf 85' lang='lat' dir='ltr'><strong>donatio-</strong></span> 
     </span>
     <span class='ocr_line' id='line_1_21' title="bbox 1261 560 2340 600; baseline -0.005 0"><span class='ocrx_word' id='word_1_138' title='bbox 1261 576 1341 600; x_wconf 87' lang='lat' dir='ltr'><strong>nem</strong></span> <span class='ocrx_word' id='word_1_139' title='bbox 1370 566 1406 600; x_wconf 91' lang='lat' dir='ltr'><strong>in</strong></span> <span class='ocrx_word' id='word_1_140' title='bbox 1440 575 1477 600; x_wconf 86' lang='lat' dir='ltr'><strong>se</strong></span> <span class='ocrx_word' id='word_1_141' title='bbox 1508 565 1643 600; x_wconf 84' lang='lat' dir='ltr'><strong>factam</strong></span> <span class='ocrx_word' id='word_1_142' title='bbox 1676 567 1712 599; x_wconf 91' lang='lat' dir='ltr'><strong>et</strong></span> <span class='ocrx_word' id='word_1_143' title='bbox 1742 567 1857 598; x_wconf 90' lang='lat' dir='ltr'><strong>ratam</strong></span> <span class='ocrx_word' id='word_1_144' title='bbox 1889 563 2048 597; x_wconf 83' lang='lat' dir='ltr'><strong>habitam</strong></span> <span class='ocrx_word' id='word_1_145' title='bbox 2080 562 2125 596; x_wconf 88' lang='lat' dir='ltr'><strong>ab</strong></span> <span class='ocrx_word' id='word_1_146' title='bbox 2158 561 2208 597; x_wconf 91' lang='lat' dir='ltr'><strong>eis</strong></span> <span class='ocrx_word' id='word_1_147' title='bbox 2234 560 2340 595; x_wconf 90' lang='lat' dir='ltr'><strong>relin-</strong></span> 
     </span>
     <span class='ocr_line' id='line_1_22' title="bbox 1263 606 2340 654; baseline -0.004 -9"><span class='ocrx_word' id='word_1_148' title='bbox 1263 621 1371 654; x_wconf 89' lang='lat' dir='ltr'><strong>quere</strong></span> <span class='ocrx_word' id='word_1_149' title='bbox 1395 613 1431 646; x_wconf 89' lang='lat' dir='ltr'><strong>et</strong></span> <span class='ocrx_word' id='word_1_150' title='bbox 1454 611 1600 646; x_wconf 85' lang='lat' dir='ltr'><strong>fortuna</strong></span> <span class='ocrx_word' id='word_1_151' title='bbox 1624 609 1805 645; x_wconf 89' lang='lat' dir='ltr'><strong>recedere:</strong></span> <span class='ocrx_word' id='word_1_152' title='bbox 1839 610 2023 643; x_wconf 89' lang='lat' dir='ltr'><strong>manentes</strong></span> <span class='ocrx_word' id='word_1_153' title='bbox 2047 607 2168 650; x_wconf 87' lang='lat' dir='ltr'><strong>itaque</strong></span> <span class='ocrx_word' id='word_1_154' title='bbox 2189 606 2340 641; x_wconf 89' lang='lat' dir='ltr'><strong>curiales</strong></span> 
     </span>
    </p>
   </div>
   <div class='ocr_carea' id='block_1_7' title="bbox 109 651 2340 712">
    <p class='ocr_par' dir='ltr' id='par_1_7' title="bbox 109 651 2340 712">
     <span class='ocr_line' id='line_1_23' title="bbox 109 651 2340 712; baseline -0.003 -20"><span class='ocrx_word' id='word_1_155' title='bbox 109 670 170 701; x_wconf 85' lang='grc' dir='ltr'><strong>της</strong></span> <span class='ocrx_word' id='word_1_156' title='bbox 185 670 290 701; x_wconf 85' lang='grc' dir='ltr'><strong><em>τυχης</em></strong></span> <span class='ocrx_word' id='word_1_157' title='bbox 306 661 524 704; x_wconf 83' lang='grc' dir='ltr'><strong><em>αναχωρεῖν·</em></strong></span> <span class='ocrx_word' id='word_1_158' title='bbox 556 662 724 702; x_wconf 84' lang='grc' dir='ltr'><strong><em>μένοντες</em></strong></span> <span class='ocrx_word' id='word_1_159' title='bbox 746 660 814 702; x_wconf 77' lang='grc' dir='ltr'><strong>μὲν</strong></span> <span class='ocrx_word' id='word_1_160' title='bbox 836 657 906 711; x_wconf 74' lang='grc' dir='ltr'><strong><em>γοὶρ</em></strong></span> <span class='ocrx_word' id='word_1_161' title='bbox 936 656 1127 712; x_wconf 62' lang='grc' dir='ltr'><strong><em>βουλευταὶ</em></strong></span> <span class='ocrx_word' id='word_1_162' title='bbox 1150 657 1191 690; x_wconf 82' lang='grc' dir='ltr'><strong>τὸ</strong></span> <span class='ocrx_word' id='word_1_163' title='bbox 1208 660 1248 691; x_wconf 85' lang='lat'><strong>10</strong></span> <span class='ocrx_word' id='word_1_164' title='bbox 1261 656 1420 691; x_wconf 79' lang='lat' dir='ltr'><strong>relictam</strong></span> <span class='ocrx_word' id='word_1_165' title='bbox 1444 658 1507 690; x_wconf 82' lang='lat' dir='ltr'><strong>aut</strong></span> <span class='ocrx_word' id='word_1_166' title='bbox 1530 655 1717 697; x_wconf 79' lang='lat' dir='ltr'><strong>donatam,</strong></span> <span class='ocrx_word' id='word_1_167' title='bbox 1743 653 1850 689; x_wconf 84' lang='lat' dir='ltr'><strong>sicuti</strong></span> <span class='ocrx_word' id='word_1_168' title='bbox 1874 653 2007 688; x_wconf 88' lang='lat' dir='ltr'><strong>dudum</strong></span> <span class='ocrx_word' id='word_1_169' title='bbox 2031 661 2054 686; x_wconf 83' lang='grc'><strong>8,</strong></span> <span class='ocrx_word' id='word_1_170' title='bbox 2078 652 2181 687; x_wconf 83' lang='lat' dir='ltr'><strong>nobis</strong></span> <span class='ocrx_word' id='word_1_171' title='bbox 2207 651 2340 686; x_wconf 81' lang='lat' dir='ltr'><strong>dictum</strong></span> 
     </span>
    </p>
   </div>
   <div class='ocr_carea' id='block_1_8' title="bbox 109 701 1192 892">
    <p class='ocr_par' dir='ltr' id='par_1_8' title="bbox 109 701 1192 892">
     <span class='ocr_line' id='line_1_24' title="bbox 109 701 1192 750; baseline -0.002 -13"><span class='ocrx_word' id='word_1_172' title='bbox 109 702 432 748; x_wconf 73' lang='grc' dir='ltr'><strong><em>καταλελειμμένον</em></strong></span> <span class='ocrx_word' id='word_1_173' title='bbox 460 703 481 746; x_wconf 80' lang='grc' dir='ltr'><em>ἢ</em></span> <span class='ocrx_word' id='word_1_174' title='bbox 515 701 763 750; x_wconf 77' lang='grc' dir='ltr'><strong><em>δεδωρημένον</em></strong></span> <span class='ocrx_word' id='word_1_175' title='bbox 786 716 877 737; x_wconf 83' lang='grc' dir='ltr'><strong><em>κατα</em></strong></span> <span class='ocrx_word' id='word_1_176' title='bbox 912 715 954 736; x_wconf 92' lang='grc' dir='ltr'><strong>το</strong></span> <span class='ocrx_word' id='word_1_177' title='bbox 980 702 1192 746; x_wconf 68' lang='grc' dir='ltr'><strong><em>ἔμπροσθεν</em></strong></span> 
     </span>
     <span class='ocr_line' id='line_1_25' title="bbox 109 744 1190 796; baseline -0.006 -12"><span class='ocrx_word' id='word_1_178' title='bbox 109 751 130 784; x_wconf 92' lang='grc'>1</span> <span class='ocrx_word' id='word_1_179' title='bbox 172 746 257 793; x_wconf 79' lang='grc' dir='ltr'><strong><em>ἡμῖν</em></strong></span> <span class='ocrx_word' id='word_1_180' title='bbox 277 751 464 796; x_wconf 78' lang='grc' dir='ltr'><strong><em>εἰρημένον</em></strong></span> <span class='ocrx_word' id='word_1_181' title='bbox 483 749 599 790; x_wconf 77' lang='grc' dir='ltr'><strong><em>ἕξουσι</em></strong></span> <span class='ocrx_word' id='word_1_182' title='bbox 615 753 755 795; x_wconf 81' lang='grc' dir='ltr'><strong><em>μέτρον.</em></strong></span> <span class='ocrx_word' id='word_1_183' title='bbox 819 749 850 782; x_wconf 87' lang='grc' dir='ltr'><strong>εἰ</strong></span> <span class='ocrx_word' id='word_1_184' title='bbox 872 750 996 792; x_wconf 80' lang='grc' dir='ltr'><strong><em>μέντοι</em></strong></span> <span class='ocrx_word' id='word_1_185' title='bbox 1015 760 1054 793; x_wconf 87' lang='grc' dir='ltr'><strong>γε</strong></span> <span class='ocrx_word' id='word_1_186' title='bbox 1075 747 1113 786; x_wconf 78' lang='grc' dir='ltr'><strong>ἐξ</strong></span> <span class='ocrx_word' id='word_1_187' title='bbox 1133 744 1190 792; x_wconf 77' lang='grc' dir='ltr'><strong>ἆρ-</strong></span> 
     </span>
     <span class='ocr_line' id='line_1_26' title="bbox 109 792 1190 839; baseline -0.004 -11"><span class='ocrx_word' id='word_1_188' title='bbox 109 796 170 837; x_wconf 77' lang='grc' dir='ltr'><strong><em>χῆς</em></strong></span> <span class='ocrx_word' id='word_1_189' title='bbox 205 798 443 839; x_wconf 80' lang='grc' dir='ltr'><strong><em>παραιτοῖντο</em></strong></span> <span class='ocrx_word' id='word_1_190' title='bbox 477 795 545 837; x_wconf 80' lang='grc' dir='ltr'><strong>τὴν</strong></span> <span class='ocrx_word' id='word_1_191' title='bbox 577 793 742 828; x_wconf 76' lang='grc' dir='ltr'><strong><em>ἐπίδοσιν</em></strong></span> <span class='ocrx_word' id='word_1_192' title='bbox 777 793 820 828; x_wconf 84' lang='grc' dir='ltr'><strong>τὸ</strong></span> <span class='ocrx_word' id='word_1_193' title='bbox 849 796 972 838; x_wconf 77' lang='grc' dir='ltr'><strong><em>μένειν</em></strong></span> <span class='ocrx_word' id='word_1_194' title='bbox 1005 792 1190 836; x_wconf 81' lang='grc' dir='ltr'><strong><em>ἐλεύθεροι</em></strong></span> 
     </span>
     <span class='ocr_line' id='line_1_27' title="bbox 110 836 1189 892; baseline -0.003 -20"><span class='ocrx_word' id='word_1_195' title='bbox 110 838 177 873; x_wconf 69' lang='grc' dir='ltr'><strong>κᾶν</strong></span> <span class='ocrx_word' id='word_1_196' title='bbox 196 841 236 873; x_wconf 81' lang='grc' dir='ltr'><strong>ἐν</strong></span> <span class='ocrx_word' id='word_1_197' title='bbox 255 841 387 883; x_wconf 83' lang='grc' dir='ltr'><strong><em>νοθείᾳ</em></strong></span> <span class='ocrx_word' id='word_1_198' title='bbox 410 841 473 873; x_wconf 80' lang='grc' dir='ltr'><strong>τοῦ</strong></span> <span class='ocrx_word' id='word_1_199' title='bbox 490 840 665 887; x_wconf 77' lang='grc' dir='ltr'><strong><em>γενέσθαι</em></strong></span> <span class='ocrx_word' id='word_1_200' title='bbox 688 839 951 892; x_wconf 52' lang='grc' dir='ltr'><strong>πλουσιώτεροιι</strong></span> <span class='ocrx_word' id='word_1_201' title='bbox 968 840 1026 870; x_wconf 83' lang='grc' dir='ltr'><strong>καὶ</strong></span> <span class='ocrx_word' id='word_1_202' title='bbox 1047 836 1189 880; x_wconf 84' lang='grc' dir='ltr'><strong><em>βουλευ-</em></strong></span> 
     </span>
    </p>
   </div>
   <div class='ocr_carea' id='block_1_9' title="bbox 1259 701 2341 878">
    <p class='ocr_par' dir='ltr' id='par_1_9' title="bbox 1261 701 1774 746">
     <span class='ocr_line' id='line_1_28' title="bbox 1261 701 1774 746; baseline -0.004 -10"><span class='ocrx_word' id='word_1_203' title='bbox 1261 705 1326 746; x_wconf 91' lang='lat' dir='ltr'><strong>est,</strong></span> <span class='ocrx_word' id='word_1_204' title='bbox 1350 701 1536 735; x_wconf 89' lang='lat' dir='ltr'><strong>habebunt</strong></span> <span class='ocrx_word' id='word_1_205' title='bbox 1559 710 1774 735; x_wconf 88' lang='lat' dir='ltr'><strong>mensuram.</strong></span> 
     </span>
    </p>

    <p class='ocr_par' dir='ltr' id='par_1_10' title="bbox 1259 743 2341 878">
     <span class='ocr_line' id='line_1_29' title="bbox 1259 743 2341 785; baseline -0.005 -4"><span class='ocrx_word' id='word_1_206' title='bbox 1259 748 1276 781; x_wconf 88' lang='lat'>1</span> <span class='ocrx_word' id='word_1_207' title='bbox 1326 746 1365 780; x_wconf 90' lang='lat' dir='ltr'><strong>Si</strong></span> <span class='ocrx_word' id='word_1_208' title='bbox 1387 756 1470 781; x_wconf 85' lang='lat' dir='ltr'><strong>vero</strong></span> <span class='ocrx_word' id='word_1_209' title='bbox 1495 745 1542 780; x_wconf 85' lang='lat' dir='ltr'><strong>ab</strong></span> <span class='ocrx_word' id='word_1_210' title='bbox 1562 745 1663 780; x_wconf 88' lang='lat' dir='ltr'><strong>initio</strong></span> <span class='ocrx_word' id='word_1_211' title='bbox 1686 744 1919 780; x_wconf 81' lang='lat' dir='ltr'><strong>refutaverint</strong></span> <span class='ocrx_word' id='word_1_212' title='bbox 1939 743 2172 785; x_wconf 87' lang='lat' dir='ltr'><strong>oblationem,</strong></span> <span class='ocrx_word' id='word_1_213' title='bbox 2196 752 2341 777; x_wconf 89' lang='lat' dir='ltr'><strong>manere</strong></span> 
     </span>
     <span class='ocr_line' id='line_1_30' title="bbox 1259 787 2339 835; baseline -0.003 -9"><span class='ocrx_word' id='word_1_214' title='bbox 1259 791 1390 826; x_wconf 89' lang='lat' dir='ltr'><strong>liberos</strong></span> <span class='ocrx_word' id='word_1_215' title='bbox 1415 794 1677 835; x_wconf 90' lang='lat' dir='ltr'><strong>praeponentes</strong></span> <span class='ocrx_word' id='word_1_216' title='bbox 1702 790 1786 824; x_wconf 90' lang='lat' dir='ltr'><strong>licet</strong></span> <span class='ocrx_word' id='word_1_217' title='bbox 1806 790 1989 824; x_wconf 83' lang='lat' dir='ltr'><strong>naturales</strong></span> <span class='ocrx_word' id='word_1_218' title='bbox 2016 798 2122 833; x_wconf 92' lang='lat' dir='ltr'><strong>quam</strong></span> <span class='ocrx_word' id='word_1_219' title='bbox 2141 787 2217 822; x_wconf 92' lang='lat' dir='ltr'><strong>fieri</strong></span> <span class='ocrx_word' id='word_1_220' title='bbox 2236 787 2339 823; x_wconf 90' lang='lat' dir='ltr'><strong>ditio-</strong></span> 
     </span>
     <span class='ocr_line' id='line_1_31' title="bbox 1260 833 2341 878; baseline -0.004 -7"><span class='ocrx_word' id='word_1_221' title='bbox 1260 847 1317 871; x_wconf 91' lang='lat' dir='ltr'><strong>res</strong></span> <span class='ocrx_word' id='word_1_222' title='bbox 1341 839 1377 871; x_wconf 92' lang='lat' dir='ltr'><strong>et</strong></span> <span class='ocrx_word' id='word_1_223' title='bbox 1398 836 1561 878; x_wconf 89' lang='lat' dir='ltr'><strong>curiales,</strong></span> <span class='ocrx_word' id='word_1_224' title='bbox 1587 835 1712 870; x_wconf 92' lang='lat' dir='ltr'><strong>deinde</strong></span> <span class='ocrx_word' id='word_1_225' title='bbox 1733 834 1917 870; x_wconf 85' lang='lat' dir='ltr'><strong>videantur</strong></span> <span class='ocrx_word' id='word_1_226' title='bbox 1938 836 2063 878; x_wconf 85' lang='lat' dir='ltr'><strong>postea</strong></span> <span class='ocrx_word' id='word_1_227' title='bbox 2086 836 2150 868; x_wconf 90' lang='lat' dir='ltr'><strong>aut</strong></span> <span class='ocrx_word' id='word_1_228' title='bbox 2168 833 2205 868; x_wconf 89' lang='lat' dir='ltr'><strong>in</strong></span> <span class='ocrx_word' id='word_1_229' title='bbox 2226 834 2341 868; x_wconf 90' lang='lat' dir='ltr'><strong>totum</strong></span> 
     </span>
    </p>
   </div>
   <div class='ocr_carea' id='block_1_10' title="bbox 110 878 2340 931">
    <p class='ocr_par' dir='ltr' id='par_1_11' title="bbox 110 878 2340 931">
     <span class='ocr_line' id='line_1_32' title="bbox 110 878 2340 931; baseline -0.003 -13"><span class='ocrx_word' id='word_1_230' title='bbox 110 888 170 918; x_wconf 81' lang='grc' dir='ltr'><strong>ταὶ</strong></span> <span class='ocrx_word' id='word_1_231' title='bbox 192 889 460 931; x_wconf 77' lang='grc' dir='ltr'><strong><em>προκρίνοντες,</em></strong></span> <span class='ocrx_word' id='word_1_232' title='bbox 486 885 563 919; x_wconf 83' lang='grc' dir='ltr'><strong><em>εἶτα</em></strong></span> <span class='ocrx_word' id='word_1_233' title='bbox 587 889 733 930; x_wconf 76' lang='grc' dir='ltr'><strong><em>φανεῖεν</em></strong></span> <span class='ocrx_word' id='word_1_234' title='bbox 756 897 907 927; x_wconf 82' lang='grc' dir='ltr'><strong><em>υστερον</em></strong></span> <span class='ocrx_word' id='word_1_235' title='bbox 931 897 951 926; x_wconf 83' lang='grc' dir='ltr'><strong><em>η</em></strong></span> <span class='ocrx_word' id='word_1_236' title='bbox 975 884 1022 916; x_wconf 74' lang='grc' dir='ltr'><strong>εἰς</strong></span> <span class='ocrx_word' id='word_1_237' title='bbox 1043 879 1189 924; x_wconf 76' lang='grc' dir='ltr'><strong><em>όλόκλη-</em></strong></span> <span class='ocrx_word' id='word_1_238' title='bbox 1206 885 1244 917; x_wconf 82' lang='grc'><strong>15</strong></span> <span class='ocrx_word' id='word_1_239' title='bbox 1260 885 1323 916; x_wconf 90' lang='lat' dir='ltr'><strong>aut</strong></span> <span class='ocrx_word' id='word_1_240' title='bbox 1347 892 1390 916; x_wconf 87' lang='lat' dir='ltr'><strong>ex</strong></span> <span class='ocrx_word' id='word_1_241' title='bbox 1414 885 1517 926; x_wconf 86' lang='lat' dir='ltr'><strong>parte</strong></span> <span class='ocrx_word' id='word_1_242' title='bbox 1541 880 1727 925; x_wconf 87' lang='lat' dir='ltr'><strong>possidere</strong></span> <span class='ocrx_word' id='word_1_243' title='bbox 1751 890 1809 915; x_wconf 90' lang='lat' dir='ltr'><strong>res</strong></span> <span class='ocrx_word' id='word_1_244' title='bbox 1834 880 1984 915; x_wconf 85' lang='lat' dir='ltr'><strong>donatas</strong></span> <span class='ocrx_word' id='word_1_245' title='bbox 2017 882 2079 914; x_wconf 91' lang='lat' dir='ltr'><strong>aut</strong></span> <span class='ocrx_word' id='word_1_246' title='bbox 2103 878 2247 914; x_wconf 87' lang='lat' dir='ltr'><strong>relictas</strong></span> <span class='ocrx_word' id='word_1_247' title='bbox 2272 878 2340 912; x_wconf 92' lang='lat' dir='ltr'><strong>sibi</strong></span> 
     </span>
    </p>
   </div>
   <div class='ocr_carea' id='block_1_11' title="bbox 110 926 1190 1121">
    <p class='ocr_par' dir='ltr' id='par_1_12' title="bbox 110 926 1190 1121">
     <span class='ocr_line' id='line_1_33' title="bbox 110 926 1189 978; baseline -0.005 -14"><span class='ocrx_word' id='word_1_248' title='bbox 110 943 174 975; x_wconf 90' lang='grc' dir='ltr'><strong>ρον</strong></span> <span class='ocrx_word' id='word_1_249' title='bbox 199 929 221 974; x_wconf 86' lang='grc' dir='ltr'><em>ἢ</em></span> <span class='ocrx_word' id='word_1_250' title='bbox 246 932 283 964; x_wconf 80' lang='grc' dir='ltr'><strong>ἐκ</strong></span> <span class='ocrx_word' id='word_1_251' title='bbox 307 933 432 978; x_wconf 82' lang='grc' dir='ltr'><strong><em>μέρους</em></strong></span> <span class='ocrx_word' id='word_1_252' title='bbox 456 930 644 975; x_wconf 86' lang='grc' dir='ltr'><strong><em>νεμόμενοι</em></strong></span> <span class='ocrx_word' id='word_1_253' title='bbox 666 929 710 964; x_wconf 80' lang='grc' dir='ltr'><strong>τὰ</strong></span> <span class='ocrx_word' id='word_1_254' title='bbox 737 927 955 975; x_wconf 82' lang='grc' dir='ltr'><strong><em>δωρηθέντα</em></strong></span> <span class='ocrx_word' id='word_1_255' title='bbox 983 926 1004 971; x_wconf 88' lang='grc' dir='ltr'><em>ἢ</em></span> <span class='ocrx_word' id='word_1_256' title='bbox 1028 926 1189 961; x_wconf 84' lang='grc' dir='ltr'><strong><em>καταλει-</em></strong></span> 
     </span>
     <span class='ocr_line' id='line_1_34' title="bbox 111 973 1190 1022; baseline -0.002 -13"><span class='ocrx_word' id='word_1_257' title='bbox 111 976 257 1021; x_wconf 71' lang='grc' dir='ltr'><strong><em>φθέντα</em></strong></span> <span class='ocrx_word' id='word_1_258' title='bbox 283 973 400 1010; x_wconf 73' lang='grc' dir='ltr'><strong><em>αὐτοῖς</em></strong></span> <span class='ocrx_word' id='word_1_259' title='bbox 424 975 520 1022; x_wconf 84' lang='grc' dir='ltr'><strong><em>πράγ</em></strong></span> <span class='ocrx_word' id='word_1_260' title='bbox 549 989 619 1010; x_wconf 89' lang='grc' dir='ltr'><strong>ατα</strong></span> <span class='ocrx_word' id='word_1_261' title='bbox 641 974 663 1019; x_wconf 86' lang='grc' dir='ltr'><em>ἢ</em></span> <span class='ocrx_word' id='word_1_262' title='bbox 680 978 739 1009; x_wconf 79' lang='grc' dir='ltr'><strong>καὶ</strong></span> <span class='ocrx_word' id='word_1_263' title='bbox 765 974 1028 1017; x_wconf 80' lang='grc' dir='ltr'><strong><em>ἐκποιήσαντες,</em></strong></span> <span class='ocrx_word' id='word_1_264' title='bbox 1053 973 1190 1013; x_wconf 80' lang='grc' dir='ltr'><strong><em>ἐνέξον-</em></strong></span> 
     </span>
     <span class='ocr_line' id='line_1_35' title="bbox 110 1016 1188 1068; baseline -0.004 -13"><span class='ocrx_word' id='word_1_265' title='bbox 110 1035 171 1055; x_wconf 86' lang='grc' dir='ltr'><strong>ται</strong></span> <span class='ocrx_word' id='word_1_266' title='bbox 197 1021 342 1056; x_wconf 85' lang='grc' dir='ltr'><strong><em>πάντως</em></strong></span> <span class='ocrx_word' id='word_1_267' title='bbox 373 1022 416 1068; x_wconf 80' lang='grc' dir='ltr'><strong>τῇ</strong></span> <span class='ocrx_word' id='word_1_268' title='bbox 440 1025 506 1066; x_wconf 84' lang='grc' dir='ltr'><strong>βου</strong></span> <span class='ocrx_word' id='word_1_269' title='bbox 530 1022 648 1068; x_wconf 82' lang='grc' dir='ltr'><strong><em>ευτικῇ</em></strong></span> <span class='ocrx_word' id='word_1_270' title='bbox 671 1020 757 1067; x_wconf 80' lang='grc' dir='ltr'><strong><em>τύχῃ</em></strong></span> <span class='ocrx_word' id='word_1_271' title='bbox 782 1023 840 1053; x_wconf 85' lang='grc' dir='ltr'><strong>καὶ</strong></span> <span class='ocrx_word' id='word_1_272' title='bbox 866 1018 1027 1061; x_wconf 83' lang='grc' dir='ltr'><strong><em>ἄκοντες,</em></strong></span> <span class='ocrx_word' id='word_1_273' title='bbox 1057 1019 1116 1052; x_wconf 85' lang='grc' dir='ltr'><strong>ἴνα</strong></span> <span class='ocrx_word' id='word_1_274' title='bbox 1139 1016 1188 1062; x_wconf 79' lang='grc' dir='ltr'><strong><em>μὴ</em></strong></span> 
     </span>
     <span class='ocr_line' id='line_1_36' title="bbox 111 1063 1190 1121; baseline -0.004 -21"><span class='ocrx_word' id='word_1_275' title='bbox 111 1064 327 1100; x_wconf 74' lang='grc' dir='ltr'><strong><em>νοθεύοντες</em></strong></span> <span class='ocrx_word' id='word_1_276' title='bbox 345 1065 437 1121; x_wconf 46' lang='grc' dir='ltr'><strong><em>’ἡμῖν</em></strong></span> <span class='ocrx_word' id='word_1_277' title='bbox 462 1070 608 1112; x_wconf 82' lang='grc' dir='ltr'><strong><em>φανεῖεν</em></strong></span> <span class='ocrx_word' id='word_1_278' title='bbox 631 1066 699 1119; x_wconf 70' lang='grc' dir='ltr'><strong>τὴν</strong></span> <span class='ocrx_word' id='word_1_279' title='bbox 722 1065 959 1109; x_wconf 80' lang='grc' dir='ltr'><strong><em>νομοθεσίαν,</em></strong></span> <span class='ocrx_word' id='word_1_280' title='bbox 983 1066 1042 1097; x_wconf 81' lang='grc' dir='ltr'><strong><em>καὶ</em></strong></span> <span class='ocrx_word' id='word_1_281' title='bbox 1061 1063 1106 1097; x_wconf 83' lang='grc' dir='ltr'><strong>τὰ</strong></span> <span class='ocrx_word' id='word_1_282' title='bbox 1125 1065 1190 1105; x_wconf 84' lang='grc' dir='ltr'><strong>μὲν</strong></span> 
     </span>
    </p>
   </div>
   <div class='ocr_carea' id='block_1_12' title="bbox 1258 923 2343 1106">
    <p class='ocr_par' dir='ltr' id='par_1_13' title="bbox 1258 923 2343 1106">
     <span class='ocr_line' id='line_1_37' title="bbox 1259 923 2340 967; baseline -0.004 -6"><span class='ocrx_word' id='word_1_283' title='bbox 1259 930 1322 961; x_wconf 86' lang='lat' dir='ltr'><strong>aut</strong></span> <span class='ocrx_word' id='word_1_284' title='bbox 1354 926 1461 961; x_wconf 87' lang='lat' dir='ltr'><strong>etiam</strong></span> <span class='ocrx_word' id='word_1_285' title='bbox 1495 925 1666 967; x_wconf 86' lang='lat' dir='ltr'><strong>alienare,</strong></span> <span class='ocrx_word' id='word_1_286' title='bbox 1699 925 1917 960; x_wconf 88' lang='lat' dir='ltr'><strong>tenebuntur</strong></span> <span class='ocrx_word' id='word_1_287' title='bbox 1941 925 2084 960; x_wconf 91' lang='lat' dir='ltr'><strong>omnino</strong></span> <span class='ocrx_word' id='word_1_288' title='bbox 2118 923 2244 959; x_wconf 84' lang='lat' dir='ltr'><strong>curiali</strong></span> <span class='ocrx_word' id='word_1_289' title='bbox 2267 923 2340 959; x_wconf 88' lang='lat' dir='ltr'><strong>for-</strong></span> 
     </span>
     <span class='ocr_line' id='line_1_38' title="bbox 1259 969 2343 1013; baseline -0.003 -7"><span class='ocrx_word' id='word_1_290' title='bbox 1259 974 1347 1007; x_wconf 83' lang='lat' dir='ltr'><strong>tuna</strong></span> <span class='ocrx_word' id='word_1_291' title='bbox 1370 971 1476 1007; x_wconf 87' lang='lat' dir='ltr'><strong>etiam</strong></span> <span class='ocrx_word' id='word_1_292' title='bbox 1500 971 1617 1013; x_wconf 91' lang='lat' dir='ltr'><strong>inviti,</strong></span> <span class='ocrx_word' id='word_1_293' title='bbox 1649 972 1690 1006; x_wconf 87' lang='lat' dir='ltr'><strong>ut</strong></span> <span class='ocrx_word' id='word_1_294' title='bbox 1713 981 1785 1006; x_wconf 89' lang='lat' dir='ltr'><strong>non</strong></span> <span class='ocrx_word' id='word_1_295' title='bbox 1809 971 2004 1006; x_wconf 88' lang='lat' dir='ltr'><strong>adulterari</strong></span> <span class='ocrx_word' id='word_1_296' title='bbox 2027 969 2132 1005; x_wconf 89' lang='lat' dir='ltr'><strong>nobis</strong></span> <span class='ocrx_word' id='word_1_297' title='bbox 2156 969 2343 1004; x_wconf 90' lang='lat' dir='ltr'><strong>videantur</strong></span> 
     </span>
     <span class='ocr_line' id='line_1_39' title="bbox 1258 1016 2341 1062; baseline -0.003 -10"><span class='ocrx_word' id='word_1_298' title='bbox 1258 1017 1518 1062; x_wconf 85' lang='lat' dir='ltr'><strong>legislationem</strong></span> <span class='ocrx_word' id='word_1_299' title='bbox 1556 1021 1591 1052; x_wconf 88' lang='lat' dir='ltr'><strong>et</strong></span> <span class='ocrx_word' id='word_1_300' title='bbox 1626 1016 1727 1051; x_wconf 84' lang='lat' dir='ltr'><strong>lucra</strong></span> <span class='ocrx_word' id='word_1_301' title='bbox 1764 1016 1907 1060; x_wconf 88' lang='lat' dir='ltr'><strong>quidem</strong></span> <span class='ocrx_word' id='word_1_302' title='bbox 1942 1019 2115 1051; x_wconf 89' lang='lat' dir='ltr'><strong>venentur</strong></span> <span class='ocrx_word' id='word_1_303' title='bbox 2155 1025 2246 1060; x_wconf 88' lang='lat' dir='ltr'><strong>quae</strong></span> <span class='ocrx_word' id='word_1_304' title='bbox 2281 1024 2341 1050; x_wconf 90' lang='lat' dir='ltr'><strong>oc-</strong></span> 
     </span>
     <span class='ocr_line' id='line_1_40' title="bbox 1260 1061 2341 1106; baseline -0.003 -9"><span class='ocrx_word' id='word_1_305' title='bbox 1260 1064 1403 1098; x_wconf 87' lang='lat' dir='ltr'><strong>casione</strong></span> <span class='ocrx_word' id='word_1_306' title='bbox 1435 1062 1626 1097; x_wconf 87' lang='lat' dir='ltr'><strong>oblationis</strong></span> <span class='ocrx_word' id='word_1_307' title='bbox 1659 1065 1759 1103; x_wconf 86' lang='lat' dir='ltr'><strong>sunt,</strong></span> <span class='ocrx_word' id='word_1_308' title='bbox 1797 1062 1975 1106; x_wconf 88' lang='lat' dir='ltr'><strong>repellant</strong></span> <span class='ocrx_word' id='word_1_309' title='bbox 2007 1064 2125 1096; x_wconf 89' lang='lat' dir='ltr'><strong>autem</strong></span> <span class='ocrx_word' id='word_1_310' title='bbox 2161 1061 2341 1095; x_wconf 85' lang='lat' dir='ltr'><strong>fortunam</strong></span> 
     </span>
    </p>
   </div>
   <div class='ocr_carea' id='block_1_13' title="bbox 111 1105 2341 1165">
    <p class='ocr_par' dir='ltr' id='par_1_14' title="bbox 111 1105 2341 1165">
     <span class='ocr_line' id='line_1_41' title="bbox 111 1105 2341 1165; baseline -0.002 -20"><span class='ocrx_word' id='word_1_311' title='bbox 111 1110 215 1158; x_wconf 78' lang='grc' dir='ltr'><strong><em>κέρδη</em></strong></span> <span class='ocrx_word' id='word_1_312' title='bbox 247 1112 457 1165; x_wconf 70' lang='grc' dir='ltr'><strong><em>θηρωμενοι</em></strong></span> <span class='ocrx_word' id='word_1_313' title='bbox 488 1112 532 1145; x_wconf 86' lang='grc' dir='ltr'><strong><em>τὰ</em></strong></span> <span class='ocrx_word' id='word_1_314' title='bbox 565 1123 741 1165; x_wconf 58' lang='grc' dir='ltr'><strong><em>προφᾳσει</em></strong></span> <span class='ocrx_word' id='word_1_315' title='bbox 773 1112 834 1153; x_wconf 79' lang='grc' dir='ltr'><strong>τῆς</strong></span> <span class='ocrx_word' id='word_1_316' title='bbox 864 1108 1075 1151; x_wconf 79' lang='grc' dir='ltr'><strong><em>ἐπιδόσεως,</em></strong></span> <span class='ocrx_word' id='word_1_317' title='bbox 1100 1107 1188 1143; x_wconf 79' lang='grc' dir='ltr'><strong><em>ἀπο·</em></strong></span> <span class='ocrx_word' id='word_1_318' title='bbox 1204 1110 1245 1142; x_wconf 83' lang='grc'><strong>20</strong></span> <span class='ocrx_word' id='word_1_319' title='bbox 1259 1111 1409 1153; x_wconf 87' lang='lat' dir='ltr'><strong>propter</strong></span> <span class='ocrx_word' id='word_1_320' title='bbox 1439 1117 1545 1152; x_wconf 90' lang='lat' dir='ltr'><strong>quam</strong></span> <span class='ocrx_word' id='word_1_321' title='bbox 1578 1107 1680 1142; x_wconf 89' lang='lat' dir='ltr'><strong>lucra</strong></span> <span class='ocrx_word' id='word_1_322' title='bbox 1712 1110 1997 1152; x_wconf 89' lang='lat' dir='ltr'><strong>promeruerunt.</strong></span> <span class='ocrx_word' id='word_1_323' title='bbox 2045 1106 2095 1141; x_wconf 88' lang='lat' dir='ltr'><strong>Et</strong></span> <span class='ocrx_word' id='word_1_324' title='bbox 2124 1106 2215 1141; x_wconf 88' lang='lat' dir='ltr'><strong>haec</strong></span> <span class='ocrx_word' id='word_1_325' title='bbox 2245 1105 2341 1140; x_wconf 86' lang='lat' dir='ltr'><strong>simi-</strong></span> 
     </span>
    </p>
   </div>
   <div class='ocr_carea' id='block_1_14' title="bbox 111 1152 1189 1348">
    <p class='ocr_par' dir='ltr' id='par_1_15' title="bbox 111 1152 1189 1348">
     <span class='ocr_line' id='line_1_42' title="bbox 111 1152 1188 1201; baseline -0.002 -11"><span class='ocrx_word' id='word_1_326' title='bbox 111 1158 290 1201; x_wconf 87' lang='grc' dir='ltr'><strong><em>σειόμενοι</em></strong></span> <span class='ocrx_word' id='word_1_327' title='bbox 315 1155 354 1191; x_wconf 78' lang='grc' dir='ltr'><strong><em>δὲ</em></strong></span> <span class='ocrx_word' id='word_1_328' title='bbox 370 1171 437 1200; x_wconf 86' lang='grc' dir='ltr'><strong>την</strong></span> <span class='ocrx_word' id='word_1_329' title='bbox 452 1156 560 1199; x_wconf 76' lang='grc' dir='ltr'><strong><em>τύχην</em></strong></span> <span class='ocrx_word' id='word_1_330' title='bbox 578 1153 628 1190; x_wconf 73' lang='grc' dir='ltr'><strong>δι’</strong></span> <span class='ocrx_word' id='word_1_331' title='bbox 652 1154 699 1199; x_wconf 79' lang='grc' dir='ltr'><strong>ἦν</strong></span> <span class='ocrx_word' id='word_1_332' title='bbox 714 1158 792 1191; x_wconf 82' lang='grc' dir='ltr'><strong>τῶν</strong></span> <span class='ocrx_word' id='word_1_333' title='bbox 807 1154 947 1201; x_wconf 81' lang='grc' dir='ltr'><strong><em>κερδῶν</em></strong></span> <span class='ocrx_word' id='word_1_334' title='bbox 964 1152 1188 1197; x_wconf 67' lang='grc' dir='ltr'><strong><em>ἠξιώθησαν.</em></strong></span> 
     </span>
     <span class='ocr_line' id='line_1_43' title="bbox 111 1197 1186 1246; baseline -0.002 -11"><span class='ocrx_word' id='word_1_335' title='bbox 111 1206 170 1235; x_wconf 86' lang='grc' dir='ltr'><strong>καὶ</strong></span> <span class='ocrx_word' id='word_1_336' title='bbox 195 1204 310 1237; x_wconf 81' lang='grc' dir='ltr'><strong><em>ταῦτα</em></strong></span> <span class='ocrx_word' id='word_1_337' title='bbox 334 1201 465 1246; x_wconf 85' lang='grc' dir='ltr'><strong><em>ὁμοίως</em></strong></span> <span class='ocrx_word' id='word_1_338' title='bbox 488 1202 759 1246; x_wconf 77' lang='grc' dir='ltr'><strong><em>νομοθετοῦμεν</em></strong></span> <span class='ocrx_word' id='word_1_339' title='bbox 783 1202 846 1236; x_wconf 79' lang='grc' dir='ltr'><strong>ἐπί</strong></span> <span class='ocrx_word' id='word_1_340' title='bbox 868 1214 907 1235; x_wconf 89' lang='grc' dir='ltr'><strong>τε</strong></span> <span class='ocrx_word' id='word_1_341' title='bbox 927 1197 1089 1245; x_wconf 73' lang='grc' dir='ltr'><strong><em>ἀρρένων</em></strong></span> <span class='ocrx_word' id='word_1_342' title='bbox 1113 1202 1186 1235; x_wconf 79' lang='grc' dir='ltr'><strong><em>ἑπι-</em></strong></span> 
     </span>
     <span class='ocr_line' id='line_1_44' title="bbox 113 1245 1189 1295; baseline -0.003 -14"><span class='ocrx_word' id='word_1_343' title='bbox 113 1246 316 1292; x_wconf 84' lang='grc' dir='ltr'><strong><em>δεδομένων</em></strong></span> <span class='ocrx_word' id='word_1_344' title='bbox 339 1249 383 1295; x_wconf 82' lang='grc' dir='ltr'><strong>τῇ</strong></span> <span class='ocrx_word' id='word_1_345' title='bbox 408 1247 517 1294; x_wconf 80' lang='grc' dir='ltr'><strong><em>βουλῇ</em></strong></span> <span class='ocrx_word' id='word_1_346' title='bbox 543 1249 607 1282; x_wconf 80' lang='grc' dir='ltr'><strong>ἐπί</strong></span> <span class='ocrx_word' id='word_1_347' title='bbox 627 1259 667 1280; x_wconf 83' lang='grc' dir='ltr'><strong>τε</strong></span> <span class='ocrx_word' id='word_1_348' title='bbox 690 1249 768 1281; x_wconf 78' lang='grc' dir='ltr'><strong>τῶν</strong></span> <span class='ocrx_word' id='word_1_349' title='bbox 785 1260 831 1293; x_wconf 91' lang='grc' dir='ltr'><strong>γα</strong></span> <span class='ocrx_word' id='word_1_350' title='bbox 842 1249 1023 1289; x_wconf 84' lang='grc' dir='ltr'><strong><em>ιουμένων</em></strong></span> <span class='ocrx_word' id='word_1_351' title='bbox 1047 1245 1189 1290; x_wconf 84' lang='grc' dir='ltr'><strong><em>βουλευ-</em></strong></span> 
     </span>
     <span class='ocr_line' id='line_1_45' title="bbox 112 1261 1187 1348; baseline -0.004 -21"><span class='ocrx_word' id='word_1_352' title='bbox 112 1297 189 1348; x_wconf 61' lang='grc' dir='ltr'><strong><em>ταῖς</em></strong></span> <span class='ocrx_word' id='word_1_353' title='bbox 219 1293 452 1340; x_wconf 76' lang='grc' dir='ltr'><strong><em>θυγατέρων·</em></strong></span> <span class='ocrx_word' id='word_1_354' title='bbox 488 1290 652 1337; x_wconf 76' lang='grc' dir='ltr'><strong><em>οὐδεμιᾶς</em></strong></span> <span class='ocrx_word' id='word_1_355' title='bbox 684 1291 789 1336; x_wconf 75' lang='grc' dir='ltr'><strong><em>οὔσης</em></strong></span> <span class='ocrx_word' id='word_1_356' title='bbox 821 1261 1010 1338; x_wconf 61' lang='grc' dir='ltr'><strong><em>διαφορᾶς,</em></strong></span> <span class='ocrx_word' id='word_1_357' title='bbox 1040 1291 1110 1325; x_wconf 84' lang='grc' dir='ltr'><strong><em>εἴτε</em></strong></span> <span class='ocrx_word' id='word_1_358' title='bbox 1136 1288 1187 1324; x_wconf 74' lang='grc' dir='ltr'><strong>δι’</strong></span> 
     </span>
    </p>
   </div>
   <div class='ocr_carea' id='block_1_15' title="bbox 1259 1150 2343 1335">
    <p class='ocr_par' dir='ltr' id='par_1_16' title="bbox 1259 1150 2343 1335">
     <span class='ocr_line' id='line_1_46' title="bbox 1259 1150 2342 1189; baseline -0.003 -1"><span class='ocrx_word' id='word_1_359' title='bbox 1259 1154 1341 1188; x_wconf 90' lang='lat' dir='ltr'><strong>liter</strong></span> <span class='ocrx_word' id='word_1_360' title='bbox 1373 1154 1555 1189; x_wconf 85' lang='lat' dir='ltr'><strong>sancimus</strong></span> <span class='ocrx_word' id='word_1_361' title='bbox 1589 1157 1623 1188; x_wconf 89' lang='lat' dir='ltr'><strong>et</strong></span> <span class='ocrx_word' id='word_1_362' title='bbox 1655 1153 1693 1187; x_wconf 89' lang='lat' dir='ltr'><strong>in</strong></span> <span class='ocrx_word' id='word_1_363' title='bbox 1724 1153 1892 1189; x_wconf 89' lang='lat' dir='ltr'><strong>masculis</strong></span> <span class='ocrx_word' id='word_1_364' title='bbox 1922 1152 2052 1188; x_wconf 88' lang='lat' dir='ltr'><strong>oblatis</strong></span> <span class='ocrx_word' id='word_1_365' title='bbox 2086 1152 2206 1187; x_wconf 89' lang='lat' dir='ltr'><strong>curiae</strong></span> <span class='ocrx_word' id='word_1_366' title='bbox 2238 1155 2275 1186; x_wconf 89' lang='lat' dir='ltr'><strong>et</strong></span> <span class='ocrx_word' id='word_1_367' title='bbox 2306 1150 2342 1186; x_wconf 91' lang='lat' dir='ltr'><strong>in</strong></span> 
     </span>
     <span class='ocr_line' id='line_1_47' title="bbox 1259 1196 2340 1235; baseline -0.003 -1"><span class='ocrx_word' id='word_1_368' title='bbox 1259 1199 1402 1235; x_wconf 86' lang='lat' dir='ltr'><strong>filiabus</strong></span> <span class='ocrx_word' id='word_1_369' title='bbox 1427 1198 1646 1234; x_wconf 89' lang='lat' dir='ltr'><strong>nubentibus</strong></span> <span class='ocrx_word' id='word_1_370' title='bbox 1669 1198 1884 1234; x_wconf 88' lang='lat' dir='ltr'><strong>curialibus:</strong></span> <span class='ocrx_word' id='word_1_371' title='bbox 1918 1199 2019 1233; x_wconf 91' lang='lat' dir='ltr'><strong>nulla</strong></span> <span class='ocrx_word' id='word_1_372' title='bbox 2041 1197 2217 1232; x_wconf 88' lang='lat' dir='ltr'><strong>existente</strong></span> <span class='ocrx_word' id='word_1_373' title='bbox 2241 1196 2340 1231; x_wconf 86' lang='lat' dir='ltr'><strong>diffe-</strong></span> 
     </span>
     <span class='ocr_line' id='line_1_48' title="bbox 1259 1241 2343 1289; baseline -0.004 -9"><span class='ocrx_word' id='word_1_374' title='bbox 1259 1245 1390 1286; x_wconf 88' lang='lat' dir='ltr'><strong>rentia,</strong></span> <span class='ocrx_word' id='word_1_375' title='bbox 1432 1244 1506 1280; x_wconf 87' lang='lat' dir='ltr'><strong>sive</strong></span> <span class='ocrx_word' id='word_1_376' title='bbox 1541 1254 1605 1289; x_wconf 91' lang='lat' dir='ltr'><strong>per</strong></span> <span class='ocrx_word' id='word_1_377' title='bbox 1640 1244 1818 1279; x_wconf 86' lang='lat' dir='ltr'><strong>masculos</strong></span> <span class='ocrx_word' id='word_1_378' title='bbox 1855 1243 2030 1289; x_wconf 83' lang='lat' dir='ltr'><strong>quispiam</strong></span> <span class='ocrx_word' id='word_1_379' title='bbox 2067 1243 2187 1277; x_wconf 90' lang='lat' dir='ltr'><strong>curiae</strong></span> <span class='ocrx_word' id='word_1_380' title='bbox 2222 1241 2343 1277; x_wconf 85' lang='lat' dir='ltr'><strong>munia</strong></span> 
     </span>
     <span class='ocr_line' id='line_1_49' title="bbox 1261 1288 2342 1335; baseline -0.004 -9"><span class='ocrx_word' id='word_1_381' title='bbox 1261 1293 1344 1335; x_wconf 86' lang='lat' dir='ltr'><strong>agat</strong></span> <span class='ocrx_word' id='word_1_382' title='bbox 1367 1290 1440 1326; x_wconf 89' lang='lat' dir='ltr'><strong>sive</strong></span> <span class='ocrx_word' id='word_1_383' title='bbox 1463 1300 1527 1335; x_wconf 90' lang='lat' dir='ltr'><strong>per</strong></span> <span class='ocrx_word' id='word_1_384' title='bbox 1550 1299 1700 1333; x_wconf 86' lang='lat' dir='ltr'><strong>generos</strong></span> <span class='ocrx_word' id='word_1_385' title='bbox 1727 1289 1862 1324; x_wconf 85' lang='lat' dir='ltr'><strong>curiam</strong></span> <span class='ocrx_word' id='word_1_386' title='bbox 1894 1290 1930 1324; x_wconf 90' lang='lat' dir='ltr'><strong>in</strong></span> <span class='ocrx_word' id='word_1_387' title='bbox 1953 1288 2097 1323; x_wconf 88' lang='lat' dir='ltr'><strong>filiabus</strong></span> <span class='ocrx_word' id='word_1_388' title='bbox 2128 1298 2258 1332; x_wconf 87' lang='lat' dir='ltr'><strong>augere</strong></span> <span class='ocrx_word' id='word_1_389' title='bbox 2282 1298 2342 1322; x_wconf 90' lang='lat' dir='ltr'><strong>vo-</strong></span> 
     </span>
    </p>
   </div>
   <div class='ocr_carea' id='block_1_16' title="bbox 113 1333 2342 1383">
    <p class='ocr_par' dir='ltr' id='par_1_17' title="bbox 113 1333 2342 1383">
     <span class='ocr_line' id='line_1_50' title="bbox 113 1333 2342 1383; baseline -0.001 -13"><span class='ocrx_word' id='word_1_390' title='bbox 113 1341 274 1383; x_wconf 86' lang='grc' dir='ltr'><strong><em>αρρε’νων</em></strong></span> <span class='ocrx_word' id='word_1_391' title='bbox 304 1350 357 1373; x_wconf 85' lang='grc' dir='ltr'><strong>τις</strong></span> <span class='ocrx_word' id='word_1_392' title='bbox 380 1337 543 1382; x_wconf 75' lang='grc' dir='ltr'><strong><em>βουλεύοι</em></strong></span> <span class='ocrx_word' id='word_1_393' title='bbox 575 1336 721 1372; x_wconf 84' lang='grc' dir='ltr'><strong><em>παίδων</em></strong></span> <span class='ocrx_word' id='word_1_394' title='bbox 753 1352 823 1372; x_wconf 83' lang='grc' dir='ltr'><strong><em>ειτε</em></strong></span> <span class='ocrx_word' id='word_1_395' title='bbox 848 1336 907 1371; x_wconf 84' lang='grc' dir='ltr'><strong>διὰ</strong></span> <span class='ocrx_word' id='word_1_396' title='bbox 931 1351 1008 1371; x_wconf 88' lang='grc' dir='ltr'><strong>των</strong></span> <span class='ocrx_word' id='word_1_397' title='bbox 1033 1337 1092 1371; x_wconf 78' lang='grc' dir='ltr'><strong><em>ἐπὶ</em></strong></span> <span class='ocrx_word' id='word_1_398' title='bbox 1116 1340 1192 1370; x_wconf 84' lang='grc' dir='ltr'><strong><em>ταῖς</em></strong></span> <span class='ocrx_word' id='word_1_399' title='bbox 1206 1338 1247 1371; x_wconf 82' lang='lat'><strong>25</strong></span> <span class='ocrx_word' id='word_1_400' title='bbox 1261 1336 1368 1371; x_wconf 77' lang='lat' dir='ltr'><strong>luerit</strong></span> <span class='ocrx_word' id='word_1_401' title='bbox 1399 1338 1435 1370; x_wconf 79' lang='lat' dir='ltr'><strong>et</strong></span> <span class='ocrx_word' id='word_1_402' title='bbox 1464 1345 1529 1380; x_wconf 86' lang='lat' dir='ltr'><strong>per</strong></span> <span class='ocrx_word' id='word_1_403' title='bbox 1552 1335 1692 1370; x_wconf 88' lang='lat' dir='ltr'><strong>illorum</strong></span> <span class='ocrx_word' id='word_1_404' title='bbox 1724 1335 1818 1370; x_wconf 78' lang='lat' dir='ltr'><strong>filios</strong></span> <span class='ocrx_word' id='word_1_405' title='bbox 1850 1345 1961 1371; x_wconf 82' lang='lat' dir='ltr'><strong>novos</strong></span> <span class='ocrx_word' id='word_1_406' title='bbox 1993 1335 2134 1370; x_wconf 82' lang='lat' dir='ltr'><strong>adicere</strong></span> <span class='ocrx_word' id='word_1_407' title='bbox 2160 1333 2342 1378; x_wconf 79' lang='lat' dir='ltr'><strong>prioribus</strong></span> 
     </span>
    </p>
   </div>
   <div class='ocr_carea' id='block_1_17' title="bbox 112 1381 1193 1553">
    <p class='ocr_par' dir='ltr' id='par_1_18' title="bbox 112 1381 1193 1553">
     <span class='ocr_line' id='line_1_51' title="bbox 112 1381 1192 1431; baseline -0.002 -14"><span class='ocrx_word' id='word_1_408' title='bbox 112 1382 318 1431; x_wconf 80' lang='grc' dir='ltr'><strong><em>θυγατράσι</em></strong></span> <span class='ocrx_word' id='word_1_409' title='bbox 341 1385 518 1430; x_wconf 78' lang='grc' dir='ltr'><strong><em>γαμβρῶν</em></strong></span> <span class='ocrx_word' id='word_1_410' title='bbox 541 1383 583 1417; x_wconf 88' lang='grc' dir='ltr'><strong>τὸ</strong></span> <span class='ocrx_word' id='word_1_411' title='bbox 601 1382 856 1428; x_wconf 82' lang='grc' dir='ltr'><strong><em>βουλευτήριον</em></strong></span> <span class='ocrx_word' id='word_1_412' title='bbox 881 1381 1003 1423; x_wconf 74' lang='grc' dir='ltr'><strong><em>αὔξειν</em></strong></span> <span class='ocrx_word' id='word_1_413' title='bbox 1023 1381 1192 1425; x_wconf 80' lang='grc' dir='ltr'><strong><em>βούλοιτο</em></strong></span> 
     </span>
     <span class='ocr_line' id='line_1_52' title="bbox 112 1425 1192 1475; baseline -0.002 -12"><span class='ocrx_word' id='word_1_414' title='bbox 112 1433 170 1463; x_wconf 85' lang='grc' dir='ltr'><strong>καὶ</strong></span> <span class='ocrx_word' id='word_1_415' title='bbox 195 1428 237 1463; x_wconf 86' lang='grc' dir='ltr'><strong>τό</strong></span> <span class='ocrx_word' id='word_1_416' title='bbox 267 1443 307 1475; x_wconf 90' lang='grc' dir='ltr'><strong>γε</strong></span> <span class='ocrx_word' id='word_1_417' title='bbox 340 1426 401 1463; x_wconf 73' lang='grc' dir='ltr'><strong><em>ἐπ’</em></strong></span> <span class='ocrx_word' id='word_1_418' title='bbox 431 1428 527 1471; x_wconf 77' lang='grc' dir='ltr'><strong><em>αὐτῷ</em></strong></span> <span class='ocrx_word' id='word_1_419' title='bbox 562 1426 621 1462; x_wconf 74' lang='grc' dir='ltr'><strong>διὰ</strong></span> <span class='ocrx_word' id='word_1_420' title='bbox 652 1430 729 1463; x_wconf 83' lang='grc' dir='ltr'><strong>τῶν</strong></span> <span class='ocrx_word' id='word_1_421' title='bbox 754 1431 904 1463; x_wconf 83' lang='grc' dir='ltr'><strong><em>ἐκείνων</em></strong></span> <span class='ocrx_word' id='word_1_422' title='bbox 935 1425 1081 1463; x_wconf 82' lang='grc' dir='ltr'><strong><em>παίδων</em></strong></span> <span class='ocrx_word' id='word_1_423' title='bbox 1118 1441 1192 1461; x_wconf 85' lang='grc' dir='ltr'><strong><em>και-</em></strong></span> 
     </span>
     <span class='ocr_line' id='line_1_53' title="bbox 112 1472 1193 1531; baseline 0 -24"><span class='ocrx_word' id='word_1_424' title='bbox 112 1474 193 1508; x_wconf 82' lang='grc' dir='ltr'><strong><em>νοὺς</em></strong></span> <span class='ocrx_word' id='word_1_425' title='bbox 216 1475 450 1531; x_wconf 26' lang='grc' dir='ltr'><strong><em>προνςτιθέναι</em></strong></span> <span class='ocrx_word' id='word_1_426' title='bbox 481 1477 554 1508; x_wconf 87' lang='grc' dir='ltr'><strong><em>τοῖς</em></strong></span> <span class='ocrx_word' id='word_1_427' title='bbox 578 1478 762 1521; x_wconf 77' lang='grc' dir='ltr'><strong><em>προτέροις</em></strong></span> <span class='ocrx_word' id='word_1_428' title='bbox 785 1472 978 1519; x_wconf 80' lang='grc' dir='ltr'><strong><em>βουλευτὰς</em></strong></span> <span class='ocrx_word' id='word_1_429' title='bbox 1002 1473 1083 1507; x_wconf 75' lang='grc' dir='ltr'><strong><em>τοὺς</em></strong></span> <span class='ocrx_word' id='word_1_430' title='bbox 1107 1474 1193 1507; x_wconf 82' lang='grc' dir='ltr'><strong><em>ἐκεί-</em></strong></span> 
     </span>
     <span class='ocr_line' id='line_1_54' title="bbox 113 1531 317 1553; baseline 0 0"><span class='ocrx_word' id='word_1_431' title='bbox 113 1533 191 1553; x_wconf 85' lang='grc' dir='ltr'><strong>νων</strong></span> <span class='ocrx_word' id='word_1_432' title='bbox 214 1531 317 1553; x_wconf 87' lang='grc' dir='ltr'><strong><em>υιους.</em></strong></span> 
     </span>
    </p>
   </div>
   <div class='ocr_carea' id='block_1_18' title="bbox 1262 1381 1729 1417">
    <p class='ocr_par' dir='ltr' id='par_1_19' title="bbox 1262 1381 1729 1417">
     <span class='ocr_line' id='line_1_55' title="bbox 1262 1381 1729 1417; baseline -0.002 -1"><span class='ocrx_word' id='word_1_433' title='bbox 1262 1381 1455 1417; x_wconf 88' lang='lat' dir='ltr'><strong>curialibus</strong></span> <span class='ocrx_word' id='word_1_434' title='bbox 1479 1381 1571 1417; x_wconf 89' lang='lat' dir='ltr'><strong>filios</strong></span> <span class='ocrx_word' id='word_1_435' title='bbox 1596 1391 1729 1416; x_wconf 91' lang='lat' dir='ltr'><strong>eorum.</strong></span> 
     </span>
    </p>
   </div>
   <div class='ocr_carea' id='block_1_19' title="bbox 1100 1619 1346 1656">
    <p class='ocr_par' dir='ltr' id='par_1_20' title="bbox 1100 1619 1346 1656">
     <span class='ocr_line' id='line_1_56' title="bbox 1100 1619 1346 1656; baseline -0.004 0"><span class='ocrx_word' id='word_1_436' title='bbox 1100 1619 1259 1656; x_wconf 84' lang='lat' dir='ltr'>CAPUT</span> <span class='ocrx_word' id='word_1_437' title='bbox 1283 1619 1346 1656; x_wconf 88' lang='lat' dir='ltr'><strong>1v.</strong></span> 
     </span>
    </p>
   </div>
   <div class='ocr_carea' id='block_1_20' title="bbox 186 1697 1249 1747">
    <p class='ocr_par' dir='ltr' id='par_1_21' title="bbox 186 1697 1249 1747">
     <span class='ocr_line' id='line_1_57' title="bbox 186 1697 1249 1747; baseline 0.002 -15"><span class='ocrx_word' id='word_1_438' title='bbox 186 1700 253 1733; x_wconf 80' lang='grc' dir='ltr'><strong>Τὸν</strong></span> <span class='ocrx_word' id='word_1_439' title='bbox 286 1697 325 1732; x_wconf 80' lang='grc' dir='ltr'><strong><em>δὲ</em></strong></span> <span class='ocrx_word' id='word_1_440' title='bbox 360 1701 451 1733; x_wconf 81' lang='grc' dir='ltr'><strong><em>κατὰ</em></strong></span> <span class='ocrx_word' id='word_1_441' title='bbox 484 1700 658 1744; x_wconf 76' lang='grc' dir='ltr'><strong><em>τοιαύτην</em></strong></span> <span class='ocrx_word' id='word_1_442' title='bbox 694 1701 816 1734; x_wconf 83' lang='grc' dir='ltr'><strong><em>αἰτίαν</em></strong></span> <span class='ocrx_word' id='word_1_443' title='bbox 851 1699 1118 1745; x_wconf 82' lang='grc' dir='ltr'><strong><em>εἰςποιούμενον</em></strong></span> <span class='ocrx_word' id='word_1_444' title='bbox 1149 1701 1192 1747; x_wconf 77' lang='grc' dir='ltr'><strong>τῇ</strong></span> <span class='ocrx_word' id='word_1_445' title='bbox 1207 1702 1249 1734; x_wconf 83' lang='grc'><strong>30</strong></span> 
     </span>
    </p>
   </div>
   <div class='ocr_carea' id='block_1_21' title="bbox 111 1744 1194 1928">
    <p class='ocr_par' dir='ltr' id='par_1_22' title="bbox 111 1744 1194 1928">
     <span class='ocr_line' id='line_1_58' title="bbox 111 1744 1194 1791; baseline 0 -13"><span class='ocrx_word' id='word_1_446' title='bbox 111 1745 318 1791; x_wconf 82' lang='grc' dir='ltr'><strong><em>γνησιότητι</em></strong></span> <span class='ocrx_word' id='word_1_447' title='bbox 351 1744 464 1779; x_wconf 82' lang='grc' dir='ltr'><strong><em>παῖδα</em></strong></span> <span class='ocrx_word' id='word_1_448' title='bbox 499 1744 597 1789; x_wconf 59' lang='lat' dir='ltr'><strong>atino</strong></span> <span class='ocrx_word' id='word_1_449' title='bbox 628 1744 732 1790; x_wconf 82' lang='grc' dir='ltr'><strong><em>μόνῳ</em></strong></span> <span class='ocrx_word' id='word_1_450' title='bbox 765 1747 817 1788; x_wconf 76' lang='grc' dir='ltr'><strong>τῷ</strong></span> <span class='ocrx_word' id='word_1_451' title='bbox 850 1745 1008 1791; x_wconf 80' lang='grc' dir='ltr'><strong><em>φύσαντι</em></strong></span> <span class='ocrx_word' id='word_1_452' title='bbox 1036 1745 1194 1790; x_wconf 88' lang='grc' dir='ltr'><strong><em>νόμιμον</em></strong></span> 
     </span>
     <span class='ocr_line' id='line_1_59' title="bbox 113 1788 1194 1840; baseline 0 -16"><span class='ocrx_word' id='word_1_453' title='bbox 113 1788 368 1834; x_wconf 75' lang='grc' dir='ltr'><strong><em>ἀποτελοῦμεν,</em></strong></span> <span class='ocrx_word' id='word_1_454' title='bbox 401 1789 442 1824; x_wconf 75' lang='grc' dir='ltr'><strong><em>οὐ</em></strong></span> <span class='ocrx_word' id='word_1_455' title='bbox 467 1792 540 1835; x_wconf 79' lang='grc' dir='ltr'><strong>μὴν</strong></span> <span class='ocrx_word' id='word_1_456' title='bbox 572 1795 631 1824; x_wconf 85' lang='grc' dir='ltr'><strong>καὶ</strong></span> <span class='ocrx_word' id='word_1_457' title='bbox 662 1792 706 1838; x_wconf 78' lang='grc' dir='ltr'><strong>τῇ</strong></span> <span class='ocrx_word' id='word_1_458' title='bbox 732 1795 835 1838; x_wconf 82' lang='grc' dir='ltr'><strong><em>τρίτῃ</em></strong></span> <span class='ocrx_word' id='word_1_459' title='bbox 856 1789 974 1840; x_wconf 59' lang='grc' dir='ltr'><strong><em>ταύτῃ</em></strong></span> <span class='ocrx_word' id='word_1_460' title='bbox 1008 1795 1194 1838; x_wconf 78' lang='grc' dir='ltr'><strong><em>συγγενείᾳ</em></strong></span> 
     </span>
     <span class='ocr_line' id='line_1_60' title="bbox 111 1835 1194 1893; baseline -0.001 -23"><span class='ocrx_word' id='word_1_461' title='bbox 111 1837 175 1870; x_wconf 82' lang='grc' dir='ltr'><strong>τοῦ</strong></span> <span class='ocrx_word' id='word_1_462' title='bbox 201 1836 338 1893; x_wconf 84' lang='grc' dir='ltr'><strong><em>πατρὸς</em></strong></span> <span class='ocrx_word' id='word_1_463' title='bbox 369 1838 500 1882; x_wconf 82' lang='grc' dir='ltr'><strong><em>(φαμὲν</em></strong></span> <span class='ocrx_word' id='word_1_464' title='bbox 532 1835 571 1870; x_wconf 83' lang='grc' dir='ltr'><strong><em>δὲ</em></strong></span> <span class='ocrx_word' id='word_1_465' title='bbox 601 1838 679 1870; x_wconf 81' lang='grc' dir='ltr'><strong>τῶν</strong></span> <span class='ocrx_word' id='word_1_466' title='bbox 710 1850 750 1871; x_wconf 88' lang='grc' dir='ltr'><strong>τε</strong></span> <span class='ocrx_word' id='word_1_467' title='bbox 779 1837 816 1876; x_wconf 77' lang='grc' dir='ltr'><strong>ἐξ</strong></span> <span class='ocrx_word' id='word_1_468' title='bbox 841 1837 894 1870; x_wconf 80' lang='grc' dir='ltr'><strong>ιὺν</strong></span> <span class='ocrx_word' id='word_1_469' title='bbox 919 1839 1048 1871; x_wconf 80' lang='grc' dir='ltr'><strong><em>ἐκεῖνος</em></strong></span> <span class='ocrx_word' id='word_1_470' title='bbox 1071 1840 1194 1883; x_wconf 77' lang='grc' dir='ltr'><strong><em>γέγονε</em></strong></span> 
     </span>
     <span class='ocr_line' id='line_1_61' title="bbox 114 1881 1192 1928; baseline 0.002 -14"><span class='ocrx_word' id='word_1_471' title='bbox 114 1882 187 1914; x_wconf 78' lang='grc' dir='ltr'><strong>τῶν</strong></span> <span class='ocrx_word' id='word_1_472' title='bbox 210 1894 250 1915; x_wconf 87' lang='grc' dir='ltr'><strong>τε</strong></span> <span class='ocrx_word' id='word_1_473' title='bbox 274 1882 504 1927; x_wconf 79' lang='grc' dir='ltr'><strong><em>εκατέρωθεν</em></strong></span> <span class='ocrx_word' id='word_1_474' title='bbox 537 1883 613 1916; x_wconf 78' lang='grc' dir='ltr'><strong>τῶν</strong></span> <span class='ocrx_word' id='word_1_475' title='bbox 644 1895 682 1916; x_wconf 91' lang='grc' dir='ltr'><strong>τε</strong></span> <span class='ocrx_word' id='word_1_476' title='bbox 715 1882 753 1922; x_wconf 79' lang='grc' dir='ltr'><strong>ἐξ</strong></span> <span class='ocrx_word' id='word_1_477' title='bbox 777 1881 888 1916; x_wconf 77' lang='grc' dir='ltr'><strong><em>αὐτοῦ</em></strong></span> <span class='ocrx_word' id='word_1_478' title='bbox 914 1882 1192 1928; x_wconf 79' lang='grc' dir='ltr'><strong><em>προελθόντων)</em></strong></span> 
     </span>
    </p>
   </div>
   <div class='ocr_carea' id='block_1_22' title="bbox 1261 1696 2344 1925">
    <p class='ocr_par' dir='ltr' id='par_1_23' title="bbox 1261 1696 2344 1925">
     <span class='ocr_line' id='line_1_62' title="bbox 1322 1696 2343 1743; baseline -0.001 -11"><span class='ocrx_word' id='word_1_479' title='bbox 1322 1698 1452 1732; x_wconf 89' lang='lat' dir='ltr'><strong>Filium</strong></span> <span class='ocrx_word' id='word_1_480' title='bbox 1476 1708 1558 1733; x_wconf 90' lang='lat' dir='ltr'><strong>vero</strong></span> <span class='ocrx_word' id='word_1_481' title='bbox 1583 1708 1649 1743; x_wconf 89' lang='lat' dir='ltr'><strong>per</strong></span> <span class='ocrx_word' id='word_1_482' title='bbox 1672 1696 1876 1732; x_wconf 88' lang='lat' dir='ltr'><strong>huiusmodi</strong></span> <span class='ocrx_word' id='word_1_483' title='bbox 1900 1707 2045 1732; x_wconf 87' lang='lat' dir='ltr'><strong>causam</strong></span> <span class='ocrx_word' id='word_1_484' title='bbox 2068 1696 2205 1732; x_wconf 84' lang='lat' dir='ltr'><strong>factum</strong></span> <span class='ocrx_word' id='word_1_485' title='bbox 2227 1696 2343 1740; x_wconf 87' lang='lat' dir='ltr'><strong>legiti-</strong></span> 
     </span>
     <span class='ocr_line' id='line_1_63' title="bbox 1261 1743 2343 1788; baseline -0.002 -10"><span class='ocrx_word' id='word_1_486' title='bbox 1261 1755 1356 1778; x_wconf 92' lang='lat' dir='ltr'><strong>mum</strong></span> <span class='ocrx_word' id='word_1_487' title='bbox 1380 1744 1449 1788; x_wconf 90' lang='lat' dir='ltr'><strong>ipsi</strong></span> <span class='ocrx_word' id='word_1_488' title='bbox 1473 1743 1539 1778; x_wconf 92' lang='lat' dir='ltr'><strong>soli</strong></span> <span class='ocrx_word' id='word_1_489' title='bbox 1563 1744 1712 1788; x_wconf 88' lang='lat' dir='ltr'><strong>genitori</strong></span> <span class='ocrx_word' id='word_1_490' title='bbox 1736 1743 1929 1787; x_wconf 86' lang='lat' dir='ltr'><strong>legitimum</strong></span> <span class='ocrx_word' id='word_1_491' title='bbox 1953 1743 2115 1785; x_wconf 90' lang='lat' dir='ltr'><strong>facimus,</strong></span> <span class='ocrx_word' id='word_1_492' title='bbox 2143 1753 2214 1777; x_wconf 92' lang='lat' dir='ltr'><strong>non</strong></span> <span class='ocrx_word' id='word_1_493' title='bbox 2238 1744 2343 1777; x_wconf 89' lang='lat' dir='ltr'><strong>etiam</strong></span> 
     </span>
     <span class='ocr_line' id='line_1_64' title="bbox 1263 1788 2344 1833; baseline -0.002 -9"><span class='ocrx_word' id='word_1_494' title='bbox 1263 1794 1455 1824; x_wconf 85' lang='lat' dir='ltr'><strong>extraneae</strong></span> <span class='ocrx_word' id='word_1_495' title='bbox 1491 1790 1696 1833; x_wconf 79' lang='lat' dir='ltr'><strong>cognationi</strong></span> <span class='ocrx_word' id='word_1_496' title='bbox 1731 1789 1844 1833; x_wconf 88' lang='lat' dir='ltr'><strong>patris</strong></span> <span class='ocrx_word' id='word_1_497' title='bbox 1879 1788 2040 1831; x_wconf 86' lang='lat' dir='ltr'><strong>(dicimus</strong></span> <span class='ocrx_word' id='word_1_498' title='bbox 2075 1791 2196 1822; x_wconf 89' lang='lat' dir='ltr'><strong>autem</strong></span> <span class='ocrx_word' id='word_1_499' title='bbox 2231 1791 2266 1823; x_wconf 86' lang='lat' dir='ltr'><strong>et</strong></span> <span class='ocrx_word' id='word_1_500' title='bbox 2300 1798 2344 1822; x_wconf 85' lang='lat' dir='ltr'><strong>ex</strong></span> 
     </span>
     <span class='ocr_line' id='line_1_65' title="bbox 1262 1833 2344 1880; baseline -0.001 -11"><span class='ocrx_word' id='word_1_501' title='bbox 1262 1835 1392 1880; x_wconf 88' lang='lat' dir='ltr'><strong>quibus</strong></span> <span class='ocrx_word' id='word_1_502' title='bbox 1423 1835 1482 1869; x_wconf 89' lang='lat' dir='ltr'><strong>ille</strong></span> <span class='ocrx_word' id='word_1_503' title='bbox 1506 1838 1612 1870; x_wconf 89' lang='lat' dir='ltr'><strong>natus</strong></span> <span class='ocrx_word' id='word_1_504' title='bbox 1638 1838 1692 1870; x_wconf 90' lang='lat' dir='ltr'><strong>est</strong></span> <span class='ocrx_word' id='word_1_505' title='bbox 1724 1838 1760 1868; x_wconf 90' lang='lat' dir='ltr'><strong>et</strong></span> <span class='ocrx_word' id='word_1_506' title='bbox 1784 1834 1844 1879; x_wconf 92' lang='lat' dir='ltr'><strong>qui</strong></span> <span class='ocrx_word' id='word_1_507' title='bbox 1869 1844 1912 1869; x_wconf 85' lang='lat' dir='ltr'><strong>ex</strong></span> <span class='ocrx_word' id='word_1_508' title='bbox 1936 1838 2087 1879; x_wconf 90' lang='lat' dir='ltr'><strong>utroque</strong></span> <span class='ocrx_word' id='word_1_509' title='bbox 2111 1836 2195 1868; x_wconf 90' lang='lat' dir='ltr'><strong>sunt</strong></span> <span class='ocrx_word' id='word_1_510' title='bbox 2225 1834 2262 1868; x_wconf 87' lang='lat' dir='ltr'><strong>et</strong></span> <span class='ocrx_word' id='word_1_511' title='bbox 2284 1833 2344 1877; x_wconf 79' lang='lat' dir='ltr'><strong>qui</strong></span> 
     </span>
     <span class='ocr_line' id='line_1_66' title="bbox 1262 1879 2344 1925; baseline -0.003 -9"><span class='ocrx_word' id='word_1_512' title='bbox 1262 1892 1306 1916; x_wconf 82' lang='lat' dir='ltr'><strong>ex</strong></span> <span class='ocrx_word' id='word_1_513' title='bbox 1330 1891 1371 1916; x_wconf 92' lang='lat' dir='ltr'><strong>eo</strong></span> <span class='ocrx_word' id='word_1_514' title='bbox 1395 1883 1661 1925; x_wconf 90' lang='lat' dir='ltr'><strong>processerunt)</strong></span> <span class='ocrx_word' id='word_1_515' title='bbox 1692 1880 1844 1915; x_wconf 88' lang='lat' dir='ltr'><strong>facimus</strong></span> <span class='ocrx_word' id='word_1_516' title='bbox 1877 1890 1957 1914; x_wconf 90' lang='lat' dir='ltr'><strong>eum</strong></span> <span class='ocrx_word' id='word_1_517' title='bbox 1989 1880 2086 1915; x_wconf 86' lang='lat' dir='ltr'><strong>velut</strong></span> <span class='ocrx_word' id='word_1_518' title='bbox 2118 1889 2161 1914; x_wconf 85' lang='lat' dir='ltr'><strong>ex</strong></span> <span class='ocrx_word' id='word_1_519' title='bbox 2191 1879 2344 1923; x_wconf 90' lang='lat' dir='ltr'><strong>quadam</strong></span> 
     </span>
    </p>
   </div>
   <div class='ocr_carea' id='block_1_23' title="bbox 113 1924 2343 1975">
    <p class='ocr_par' dir='ltr' id='par_1_24' title="bbox 113 1924 2343 1975">
     <span class='ocr_line' id='line_1_67' title="bbox 113 1924 2343 1975; baseline -0.001 -14"><span class='ocrx_word' id='word_1_520' title='bbox 113 1928 286 1971; x_wconf 81' lang='grc' dir='ltr'><strong><em>ποιοῦμεν</em></strong></span> <span class='ocrx_word' id='word_1_521' title='bbox 322 1925 436 1961; x_wconf 81' lang='grc' dir='ltr'><strong><em>αὐτὸν</em></strong></span> <span class='ocrx_word' id='word_1_522' title='bbox 468 1925 516 1961; x_wconf 67' lang='grc' dir='ltr'><strong>αἷς</strong></span> <span class='ocrx_word' id='word_1_523' title='bbox 547 1930 585 1962; x_wconf 82' lang='grc' dir='ltr'><strong>ἔκ</strong></span> <span class='ocrx_word' id='word_1_524' title='bbox 614 1939 713 1962; x_wconf 84' lang='grc' dir='ltr'><strong><em>τινος</em></strong></span> <span class='ocrx_word' id='word_1_525' title='bbox 743 1927 998 1972; x_wconf 81' lang='grc' dir='ltr'><strong><em>μηχανήματος</em></strong></span> <span class='ocrx_word' id='word_1_526' title='bbox 1031 1929 1192 1975; x_wconf 78' lang='grc' dir='ltr'><strong><em>συγγενῆ.</em></strong></span> <span class='ocrx_word' id='word_1_527' title='bbox 1209 1930 1249 1962; x_wconf 85' lang='grc'><strong>35</strong></span> <span class='ocrx_word' id='word_1_528' title='bbox 1262 1926 1525 1961; x_wconf 79' lang='lat' dir='ltr'><strong>machinatione</strong></span> <span class='ocrx_word' id='word_1_529' title='bbox 1544 1930 1744 1970; x_wconf 79' lang='lat' dir='ltr'><strong>cognatum.</strong></span> <span class='ocrx_word' id='word_1_530' title='bbox 1792 1924 1978 1960; x_wconf 73' lang='lat' dir='ltr'><strong>sancimus</strong></span> <span class='ocrx_word' id='word_1_531' title='bbox 1996 1925 2088 1960; x_wconf 85' lang='lat' dir='ltr'><strong>enim</strong></span> <span class='ocrx_word' id='word_1_532' title='bbox 2104 1925 2264 1959; x_wconf 79' lang='lat' dir='ltr'><strong>obla-tum</strong></span> <span class='ocrx_word' id='word_1_533' title='bbox 2282 1935 2343 1959; x_wconf 82' lang='lat' dir='ltr'><strong>cu-</strong></span> 
     </span>
    </p>
   </div>
   <div class='ocr_carea' id='block_1_24' title="bbox 113 1970 1196 2164">
    <p class='ocr_par' dir='ltr' id='par_1_25' title="bbox 113 1970 1196 2164">
     <span class='ocr_line' id='line_1_68' title="bbox 113 1970 1193 2019; baseline 0 -13"><span class='ocrx_word' id='word_1_534' title='bbox 113 1972 339 2017; x_wconf 81' lang='grc' dir='ltr'><strong><em>θεσπίζομεν</em></strong></span> <span class='ocrx_word' id='word_1_535' title='bbox 362 1973 430 2019; x_wconf 85' lang='grc' dir='ltr'><strong>γὰρ</strong></span> <span class='ocrx_word' id='word_1_536' title='bbox 455 1970 541 2007; x_wconf 74' lang='grc' dir='ltr'><strong><em>ὥςτε</em></strong></span> <span class='ocrx_word' id='word_1_537' title='bbox 565 1973 632 2007; x_wconf 84' lang='grc' dir='ltr'><strong>τὸν</strong></span> <span class='ocrx_word' id='word_1_538' title='bbox 657 1971 912 2017; x_wconf 81' lang='grc' dir='ltr'><strong><em>ἐπιδεδομένον</em></strong></span> <span class='ocrx_word' id='word_1_539' title='bbox 931 1976 984 2018; x_wconf 78' lang='grc' dir='ltr'><strong>τῷ</strong></span> <span class='ocrx_word' id='word_1_540' title='bbox 1004 1973 1193 2019; x_wconf 82' lang='grc' dir='ltr'><strong><em>βουλευτη-</em></strong></span> 
     </span>
     <span class='ocr_line' id='line_1_69' title="bbox 113 2017 1193 2066; baseline 0 -15"><span class='ocrx_word' id='word_1_541' title='bbox 113 2022 179 2061; x_wconf 83' lang='grc' dir='ltr'><strong>ρίῳ</strong></span> <span class='ocrx_word' id='word_1_542' title='bbox 205 2018 358 2064; x_wconf 81' lang='grc' dir='ltr'><strong><em>φυσικὸν</em></strong></span> <span class='ocrx_word' id='word_1_543' title='bbox 382 2018 463 2052; x_wconf 85' lang='grc' dir='ltr'><strong><em>υἱὸν</em></strong></span> <span class='ocrx_word' id='word_1_544' title='bbox 486 2017 589 2063; x_wconf 86' lang='grc' dir='ltr'><strong><em>μόνῳ</em></strong></span> <span class='ocrx_word' id='word_1_545' title='bbox 622 2020 674 2061; x_wconf 77' lang='grc' dir='ltr'><strong>τῷ</strong></span> <span class='ocrx_word' id='word_1_546' title='bbox 701 2022 811 2063; x_wconf 86' lang='grc' dir='ltr'><strong><em>πατρὶ</em></strong></span> <span class='ocrx_word' id='word_1_547' title='bbox 843 2018 992 2065; x_wconf 82' lang='grc' dir='ltr'><strong><em>γνήσιον</em></strong></span> <span class='ocrx_word' id='word_1_548' title='bbox 1021 2019 1193 2066; x_wconf 83' lang='grc' dir='ltr'><strong><em>γίνεσθαι</em></strong></span> 
     </span>
     <span class='ocr_line' id='line_1_70' title="bbox 114 2061 1196 2108; baseline 0.002 -12"><span class='ocrx_word' id='word_1_549' title='bbox 114 2061 295 2105; x_wconf 81' lang='grc' dir='ltr'><strong><em>διάδοχον,</em></strong></span> <span class='ocrx_word' id='word_1_550' title='bbox 332 2062 511 2107; x_wconf 81' lang='grc' dir='ltr'><strong><em>μηδεμίαν</em></strong></span> <span class='ocrx_word' id='word_1_551' title='bbox 541 2067 665 2108; x_wconf 77' lang='grc' dir='ltr'><strong><em>μέντοι</em></strong></span> <span class='ocrx_word' id='word_1_552' title='bbox 695 2068 889 2108; x_wconf 87' lang='grc' dir='ltr'><strong><em>μετουσίαν</em></strong></span> <span class='ocrx_word' id='word_1_553' title='bbox 920 2066 1013 2107; x_wconf 71' lang='grc' dir='ltr'><strong><em>ἔχειν</em></strong></span> <span class='ocrx_word' id='word_1_554' title='bbox 1045 2066 1093 2099; x_wconf 86' lang='grc' dir='ltr'><strong>εἰς</strong></span> <span class='ocrx_word' id='word_1_555' title='bbox 1116 2064 1196 2098; x_wconf 74' lang='grc' dir='ltr'><strong><em>τοὺς</em></strong></span> 
     </span>
     <span class='ocr_line' id='line_1_71' title="bbox 115 2106 1192 2164; baseline 0.002 -22"><span class='ocrx_word' id='word_1_556' title='bbox 115 2106 287 2142; x_wconf 80' lang='grc' dir='ltr'><strong><em>ἀνιόντας</em></strong></span> <span class='ocrx_word' id='word_1_557' title='bbox 311 2107 333 2151; x_wconf 83' lang='grc' dir='ltr'><em>ἢ</em></span> <span class='ocrx_word' id='word_1_558' title='bbox 357 2108 548 2143; x_wconf 81' lang='grc' dir='ltr'><strong><em>κατιόντας</em></strong></span> <span class='ocrx_word' id='word_1_559' title='bbox 573 2107 595 2152; x_wconf 82' lang='grc' dir='ltr'><em>ἢ</em></span> <span class='ocrx_word' id='word_1_560' title='bbox 620 2108 835 2164; x_wconf 45' lang='grc' dir='ltr'><strong><em>ἐκ’πλὶιγίου</em></strong></span> <span class='ocrx_word' id='word_1_561' title='bbox 860 2113 1036 2156; x_wconf 74' lang='grc' dir='ltr'><strong><em>συγγενεῖς</em></strong></span> <span class='ocrx_word' id='word_1_562' title='bbox 1059 2110 1192 2154; x_wconf 82' lang='lat' dir='ltr'><strong>adgna-</strong></span> 
     </span>
    </p>
   </div>
   <div class='ocr_carea' id='block_1_25' title="bbox 1263 1969 2344 2153">
    <p class='ocr_par' dir='ltr' id='par_1_26' title="bbox 1263 1969 2344 2153">
     <span class='ocr_line' id='line_1_72' title="bbox 1264 1969 2344 2016; baseline -0.002 -10"><span class='ocrx_word' id='word_1_563' title='bbox 1264 1973 1336 2007; x_wconf 88' lang='lat' dir='ltr'><strong>riae</strong></span> <span class='ocrx_word' id='word_1_564' title='bbox 1354 1972 1554 2007; x_wconf 84' lang='lat' dir='ltr'><strong>naturalem</strong></span> <span class='ocrx_word' id='word_1_565' title='bbox 1574 1972 1684 2006; x_wconf 86' lang='lat' dir='ltr'><strong>filium</strong></span> <span class='ocrx_word' id='word_1_566' title='bbox 1701 1971 1922 2007; x_wconf 89' lang='lat' dir='ltr'><strong>solummodo</strong></span> <span class='ocrx_word' id='word_1_567' title='bbox 1940 1971 2034 2016; x_wconf 91' lang='lat' dir='ltr'><strong>patri</strong></span> <span class='ocrx_word' id='word_1_568' title='bbox 2054 1970 2248 2014; x_wconf 86' lang='lat' dir='ltr'><strong>legitimum</strong></span> <span class='ocrx_word' id='word_1_569' title='bbox 2266 1969 2344 2004; x_wconf 89' lang='lat' dir='ltr'><strong>fieri</strong></span> 
     </span>
     <span class='ocr_line' id='line_1_73' title="bbox 1263 2014 2344 2061; baseline -0.003 -8"><span class='ocrx_word' id='word_1_570' title='bbox 1263 2027 1528 2061; x_wconf 86' lang='lat' dir='ltr'><strong>successorem,</strong></span> <span class='ocrx_word' id='word_1_571' title='bbox 1562 2018 1698 2052; x_wconf 90' lang='lat' dir='ltr'><strong>nullum</strong></span> <span class='ocrx_word' id='word_1_572' title='bbox 1728 2021 1847 2051; x_wconf 86' lang='lat' dir='ltr'><strong>tamen</strong></span> <span class='ocrx_word' id='word_1_573' title='bbox 1879 2017 2011 2052; x_wconf 83' lang='lat' dir='ltr'><strong>habere</strong></span> <span class='ocrx_word' id='word_1_574' title='bbox 2042 2015 2271 2061; x_wconf 88' lang='lat' dir='ltr'><strong>participium</strong></span> <span class='ocrx_word' id='word_1_575' title='bbox 2299 2014 2344 2050; x_wconf 90' lang='lat' dir='ltr'><strong>ad</strong></span> 
     </span>
     <span class='ocr_line' id='line_1_74' title="bbox 1265 2062 2343 2105; baseline -0.002 -7"><span class='ocrx_word' id='word_1_576' title='bbox 1265 2063 1499 2099; x_wconf 85' lang='lat' dir='ltr'><strong>ascendentes</strong></span> <span class='ocrx_word' id='word_1_577' title='bbox 1531 2066 1594 2098; x_wconf 87' lang='lat' dir='ltr'><strong>aut</strong></span> <span class='ocrx_word' id='word_1_578' title='bbox 1617 2062 1872 2098; x_wconf 86' lang='lat' dir='ltr'><strong>descendentes</strong></span> <span class='ocrx_word' id='word_1_579' title='bbox 1904 2066 1967 2097; x_wconf 88' lang='lat' dir='ltr'><strong>aut</strong></span> <span class='ocrx_word' id='word_1_580' title='bbox 1991 2072 2035 2097; x_wconf 84' lang='lat' dir='ltr'><strong>ex</strong></span> <span class='ocrx_word' id='word_1_581' title='bbox 2058 2062 2170 2096; x_wconf 88' lang='lat' dir='ltr'><strong>latere</strong></span> <span class='ocrx_word' id='word_1_582' title='bbox 2194 2062 2343 2105; x_wconf 87' lang='lat' dir='ltr'><strong>agnatos</strong></span> 
     </span>
     <span class='ocr_line' id='line_1_75' title="bbox 1264 2106 2342 2153; baseline -0.003 -9"><span class='ocrx_word' id='word_1_583' title='bbox 1264 2109 1318 2144; x_wconf 91' lang='lat' dir='ltr'><strong>vel</strong></span> <span class='ocrx_word' id='word_1_584' title='bbox 1343 2112 1512 2153; x_wconf 89' lang='lat' dir='ltr'><strong>cognatos</strong></span> <span class='ocrx_word' id='word_1_585' title='bbox 1538 2109 1662 2153; x_wconf 87' lang='lat' dir='ltr'><strong>patris,</strong></span> <span class='ocrx_word' id='word_1_586' title='bbox 1694 2112 1757 2143; x_wconf 88' lang='lat' dir='ltr'><strong>aut</strong></span> <span class='ocrx_word' id='word_1_587' title='bbox 1779 2107 1859 2143; x_wconf 90' lang='lat' dir='ltr'><strong>illos</strong></span> <span class='ocrx_word' id='word_1_588' title='bbox 1884 2107 2018 2153; x_wconf 87' lang='lat' dir='ltr'><strong>aliquid</strong></span> <span class='ocrx_word' id='word_1_589' title='bbox 2041 2107 2173 2142; x_wconf 86' lang='lat' dir='ltr'><strong>habere</strong></span> <span class='ocrx_word' id='word_1_590' title='bbox 2197 2106 2342 2152; x_wconf 85' lang='lat' dir='ltr'><strong>partici-</strong></span> 
     </span>
    </p>
   </div>
   <div class='ocr_carea' id='block_1_26' title="bbox 114 2152 1245 2199">
    <p class='ocr_par' dir='ltr' id='par_1_27' title="bbox 114 2152 1245 2199">
     <span class='ocr_line' id='line_1_76' title="bbox 114 2152 1245 2199; baseline 0.001 -12"><span class='ocrx_word' id='word_1_591' title='bbox 114 2157 187 2188; x_wconf 72' lang='grc' dir='ltr'><strong><em>ίῑους</em></strong></span> <span class='ocrx_word' id='word_1_592' title='bbox 210 2152 230 2196; x_wconf 85' lang='grc' dir='ltr'><em>ἢ</em></span> <span class='ocrx_word' id='word_1_593' title='bbox 255 2158 442 2198; x_wconf 69' lang='lat' dir='ltr'><strong>cognatovs</strong></span> <span class='ocrx_word' id='word_1_594' title='bbox 465 2156 530 2188; x_wconf 84' lang='grc' dir='ltr'><strong>τοῦ</strong></span> <span class='ocrx_word' id='word_1_595' title='bbox 555 2166 702 2199; x_wconf 82' lang='grc' dir='ltr'><strong><em>πατρος,</em></strong></span> <span class='ocrx_word' id='word_1_596' title='bbox 727 2169 748 2197; x_wconf 88' lang='grc' dir='ltr'><strong><em>η</em></strong></span> <span class='ocrx_word' id='word_1_597' title='bbox 773 2168 857 2188; x_wconf 87' lang='grc' dir='ltr'><strong><em>τινα</em></strong></span> <span class='ocrx_word' id='word_1_598' title='bbox 881 2158 975 2196; x_wconf 78' lang='grc' dir='ltr'><strong><em>ἐχειν</em></strong></span> <span class='ocrx_word' id='word_1_599' title='bbox 997 2159 1190 2199; x_wconf 84' lang='grc' dir='ltr'><strong><em>μετουσίαν</em></strong></span> <span class='ocrx_word' id='word_1_600' title='bbox 1203 2157 1245 2188; x_wconf 85' lang='grc'><strong>40</strong></span> 
     </span>
    </p>
   </div>
   <div class='ocr_carea' id='block_1_27' title="bbox 114 2264 2344 3080">
    <p class='ocr_par' dir='ltr' id='par_1_28' title="bbox 114 2264 2344 2855">
     <span class='ocr_line' id='line_1_77' title="bbox 115 2264 2344 2313; baseline -0.001 -12"><span class='ocrx_word' id='word_1_601' title='bbox 115 2270 232 2302; x_wconf 87' lang='lat' dir='ltr'><strong>mento</strong></span> <span class='ocrx_word' id='word_1_602' title='bbox 257 2266 358 2302; x_wconf 79' lang='lat' dir='ltr'><strong>heres</strong></span> <span class='ocrx_word' id='word_1_603' title='bbox 382 2267 439 2309; x_wconf 90' lang='lat' dir='ltr'><strong>sit,</strong></span> <span class='ocrx_word' id='word_1_604' title='bbox 471 2267 572 2302; x_wconf 89' lang='lat' dir='ltr'><strong>nullo</strong></span> <span class='ocrx_word' id='word_1_605' title='bbox 597 2271 709 2313; x_wconf 82' lang='lat' dir='ltr'><strong>pacto</strong></span> <span class='ocrx_word' id='word_1_606' title='bbox 742 2266 924 2301; x_wconf 82' lang='lat' dir='ltr'><strong>dissimilis</strong></span> <span class='ocrx_word' id='word_1_607' title='bbox 949 2266 1127 2312; x_wconf 71' lang='lat' dir='ltr'><strong>leyz&#39;timis,</strong></span> <span class='ocrx_word' id='word_1_608' title='bbox 1160 2270 1267 2310; x_wconf 84' lang='lat' dir='ltr'><strong>atque</strong></span> <span class='ocrx_word' id='word_1_609' title='bbox 1299 2275 1348 2299; x_wconf 71' lang='lat' dir='ltr'><strong>ecc</strong></span> <span class='ocrx_word' id='word_1_610' title='bbox 1377 2264 1572 2299; x_wconf 80' lang='lat' dir='ltr'><strong>donatione</strong></span> <span class='ocrx_word' id='word_1_611' title='bbox 1596 2265 1721 2309; x_wconf 82' lang='lat' dir='ltr'><strong>patris</strong></span> <span class='ocrx_word' id='word_1_612' title='bbox 1751 2275 1882 2310; x_wconf 80' lang='lat' dir='ltr'><strong>capere</strong></span> <span class='ocrx_word' id='word_1_613' title='bbox 1902 2264 2039 2310; x_wconf 79' lang='lat' dir='ltr'><strong>possit,</strong></span> <span class='ocrx_word' id='word_1_614' title='bbox 2071 2265 2123 2299; x_wconf 84' lang='lat' dir='ltr'><strong>ila</strong></span> <span class='ocrx_word' id='word_1_615' title='bbox 2157 2268 2274 2299; x_wconf 89' lang='lat' dir='ltr'><strong>tamen</strong></span> <span class='ocrx_word' id='word_1_616' title='bbox 2305 2268 2344 2298; x_wconf 89' lang='lat' dir='ltr'><strong>ut</strong></span> 
     </span>
     <span class='ocr_line' id='line_1_78' title="bbox 117 2308 2341 2358; baseline -0.001 -12"><span class='ocrx_word' id='word_1_617' title='bbox 117 2323 189 2346; x_wconf 84' lang='lat' dir='ltr'><strong>non</strong></span> <span class='ocrx_word' id='word_1_618' title='bbox 208 2312 294 2358; x_wconf 84' lang='lat' dir='ltr'><strong>plus</strong></span> <span class='ocrx_word' id='word_1_619' title='bbox 318 2312 448 2347; x_wconf 74' lang='lat' dir='ltr'><strong>habeat</strong></span> <span class='ocrx_word' id='word_1_620' title='bbox 479 2323 585 2357; x_wconf 86' lang='lat' dir='ltr'><strong>quam</strong></span> <span class='ocrx_word' id='word_1_621' title='bbox 618 2322 740 2347; x_wconf 87' lang='lat' dir='ltr'><strong>eorum</strong></span> <span class='ocrx_word' id='word_1_622' title='bbox 773 2312 835 2356; x_wconf 83' lang='lat' dir='ltr'><strong>qui</strong></span> <span class='ocrx_word' id='word_1_623' title='bbox 867 2311 911 2346; x_wconf 82' lang='lat' dir='ltr'><strong>ab</strong></span> <span class='ocrx_word' id='word_1_624' title='bbox 942 2311 1046 2346; x_wconf 87' lang='lat' dir='ltr'><strong>initio</strong></span> <span class='ocrx_word' id='word_1_625' title='bbox 1077 2310 1227 2356; x_wconf 73' lang='lat' dir='ltr'><strong>leqitimi</strong></span> <span class='ocrx_word' id='word_1_626' title='bbox 1256 2310 1410 2354; x_wconf 83' lang='lat' dir='ltr'><strong>fuerunt</strong></span> <span class='ocrx_word' id='word_1_627' title='bbox 1438 2320 1532 2343; x_wconf 85' lang='lat' dir='ltr'><strong>unus</strong></span> <span class='ocrx_word' id='word_1_628' title='bbox 1565 2310 1630 2354; x_wconf 86' lang='lat' dir='ltr'><strong>qui</strong></span> <span class='ocrx_word' id='word_1_629' title='bbox 1653 2309 1808 2343; x_wconf 88' lang='lat' dir='ltr'><strong>omnium</strong></span> <span class='ocrx_word' id='word_1_630' title='bbox 1832 2310 2013 2344; x_wconf 77' lang='lat' dir='ltr'><strong>minimam</strong></span> <span class='ocrx_word' id='word_1_631' title='bbox 2035 2313 2178 2355; x_wconf 83' lang='lat' dir='ltr'><strong>partem</strong></span> <span class='ocrx_word' id='word_1_632' title='bbox 2202 2308 2341 2344; x_wconf 74' lang='lat' dir='ltr'><strong>habeat.</strong></span> 
     </span>
     <span class='ocr_line' id='line_1_79' title="bbox 123 2353 2344 2402; baseline -0.001 -11"><span class='ocrx_word' id='word_1_633' title='bbox 123 2357 187 2392; x_wconf 83' lang='lat' dir='ltr'><strong>Ubi</strong></span> <span class='ocrx_word' id='word_1_634' title='bbox 210 2363 326 2392; x_wconf 87' lang='lat' dir='ltr'><strong>autem</strong></span> <span class='ocrx_word' id='word_1_635' title='bbox 350 2357 407 2392; x_wconf 89' lang='lat' dir='ltr'><strong>illi</strong></span> <span class='ocrx_word' id='word_1_636' title='bbox 427 2358 534 2392; x_wconf 83' lang='lat' dir='ltr'><strong>semel</strong></span> <span class='ocrx_word' id='word_1_637' title='bbox 557 2357 770 2392; x_wconf 84' lang='lat' dir='ltr'><strong>oblationem</strong></span> <span class='ocrx_word' id='word_1_638' title='bbox 795 2360 1012 2402; x_wconf 85' lang='lat' dir='ltr'><strong>acceperunt</strong></span> <span class='ocrx_word' id='word_1_639' title='bbox 1035 2360 1070 2391; x_wconf 85' lang='lat' dir='ltr'><strong>et</strong></span> <span class='ocrx_word' id='word_1_640' title='bbox 1092 2360 1287 2401; x_wconf 81' lang='lat' dir='ltr'><strong>propterea</strong></span> <span class='ocrx_word' id='word_1_641' title='bbox 1311 2355 1405 2388; x_wconf 85' lang='lat' dir='ltr'><strong>inter</strong></span> <span class='ocrx_word' id='word_1_642' title='bbox 1429 2354 1604 2399; x_wconf 74' lang='lat' dir='ltr'><strong>leqz&#39;timos</strong></span> <span class='ocrx_word' id='word_1_643' title='bbox 1627 2353 1735 2388; x_wconf 87' lang='lat' dir='ltr'><strong>relati</strong></span> <span class='ocrx_word' id='word_1_644' title='bbox 1761 2358 1856 2396; x_wconf 85' lang='lat' dir='ltr'><strong>sunt,</strong></span> <span class='ocrx_word' id='word_1_645' title='bbox 1881 2365 1955 2389; x_wconf 84' lang='lat' dir='ltr'><strong>non</strong></span> <span class='ocrx_word' id='word_1_646' title='bbox 1975 2354 2215 2400; x_wconf 80' lang='lat' dir='ltr'><strong>permittimus</strong></span> <span class='ocrx_word' id='word_1_647' title='bbox 2238 2354 2283 2388; x_wconf 85' lang='lat' dir='ltr'><strong>iis</strong></span> <span class='ocrx_word' id='word_1_648' title='bbox 2305 2358 2344 2388; x_wconf 87' lang='lat' dir='ltr'><strong>ut</strong></span> 
     </span>
     <span class='ocr_line' id='line_1_80' title="bbox 117 2398 2342 2447; baseline -0.001 -11"><span class='ocrx_word' id='word_1_649' title='bbox 117 2402 318 2437; x_wconf 82' lang='lat' dir='ltr'><strong>abstineant</strong></span> <span class='ocrx_word' id='word_1_650' title='bbox 338 2412 375 2437; x_wconf 89' lang='lat' dir='ltr'><strong>se</strong></span> <span class='ocrx_word' id='word_1_651' title='bbox 394 2403 438 2438; x_wconf 85' lang='lat' dir='ltr'><strong>ab</strong></span> <span class='ocrx_word' id='word_1_652' title='bbox 456 2401 652 2437; x_wconf 75' lang='lat' dir='ltr'><strong>hereditate</strong></span> <span class='ocrx_word' id='word_1_653' title='bbox 667 2405 862 2447; x_wconf 82' lang='lat' dir='ltr'><strong>parentum</strong></span> <span class='ocrx_word' id='word_1_654' title='bbox 888 2405 952 2436; x_wconf 87' lang='lat' dir='ltr'><strong>aut</strong></span> <span class='ocrx_word' id='word_1_655' title='bbox 967 2401 1156 2436; x_wconf 88' lang='lat' dir='ltr'><strong>videantur</strong></span> <span class='ocrx_word' id='word_1_656' title='bbox 1179 2399 1315 2434; x_wconf 84' lang='lat' dir='ltr'><strong>scilicet</strong></span> <span class='ocrx_word' id='word_1_657' title='bbox 1338 2399 1568 2446; x_wconf 71' lang='lat' dir='ltr'><strong>donationem</strong></span> <span class='ocrx_word' id='word_1_658' title='bbox 1591 2398 1629 2432; x_wconf 89' lang='lat' dir='ltr'><strong>in</strong></span> <span class='ocrx_word' id='word_1_659' title='bbox 1645 2398 1747 2444; x_wconf 82' lang='lat' dir='ltr'><strong>ipsos</strong></span> <span class='ocrx_word' id='word_1_660' title='bbox 1770 2399 1937 2434; x_wconf 87' lang='lat' dir='ltr'><strong>collatam</strong></span> <span class='ocrx_word' id='word_1_661' title='bbox 1962 2403 1996 2435; x_wconf 90' lang='lat' dir='ltr'><strong>et</strong></span> <span class='ocrx_word' id='word_1_662' title='bbox 2012 2399 2055 2434; x_wconf 82' lang='lat' dir='ltr'><strong>ab</strong></span> <span class='ocrx_word' id='word_1_663' title='bbox 2072 2399 2162 2445; x_wconf 79' lang='lat' dir='ltr'><strong>ipsis</strong></span> <span class='ocrx_word' id='word_1_664' title='bbox 2182 2399 2342 2445; x_wconf 73' lang='lat' dir='ltr'><strong>aqnitam</strong></span> 
     </span>
     <span class='ocr_line' id='line_1_81' title="bbox 117 2443 2343 2495; baseline -0.001 -14"><span class='ocrx_word' id='word_1_665' title='bbox 117 2447 320 2492; x_wconf 80' lang='lat' dir='ltr'><strong>relinquere</strong></span> <span class='ocrx_word' id='word_1_666' title='bbox 343 2451 378 2482; x_wconf 88' lang='lat' dir='ltr'><strong>et</strong></span> <span class='ocrx_word' id='word_1_667' title='bbox 401 2459 423 2482; x_wconf 90' lang='lat' dir='ltr'><strong>a</strong></span> <span class='ocrx_word' id='word_1_668' title='bbox 447 2448 658 2483; x_wconf 81' lang='lat' dir='ltr'><strong>condicione</strong></span> <span class='ocrx_word' id='word_1_669' title='bbox 681 2446 745 2481; x_wconf 87' lang='lat' dir='ltr'><strong>illa</strong></span> <span class='ocrx_word' id='word_1_670' title='bbox 769 2445 953 2493; x_wconf 88' lang='lat' dir='ltr'><strong>recedere:</strong></span> <span class='ocrx_word' id='word_1_671' title='bbox 986 2450 1170 2481; x_wconf 86' lang='lat' dir='ltr'><strong>manentes</strong></span> <span class='ocrx_word' id='word_1_672' title='bbox 1194 2445 1286 2479; x_wconf 88' lang='lat' dir='ltr'><strong>enim</strong></span> <span class='ocrx_word' id='word_1_673' title='bbox 1311 2444 1467 2479; x_wconf 87' lang='lat' dir='ltr'><strong>curiales</strong></span> <span class='ocrx_word' id='word_1_674' title='bbox 1492 2443 1592 2495; x_wconf 81' lang='lat' dir='ltr'><strong>quod</strong></span> <span class='ocrx_word' id='word_1_675' title='bbox 1614 2444 1777 2478; x_wconf 86' lang='lat' dir='ltr'><strong>relictum</strong></span> <span class='ocrx_word' id='word_1_676' title='bbox 1802 2444 1858 2479; x_wconf 83' lang='lat' dir='ltr'><strong>vel</strong></span> <span class='ocrx_word' id='word_1_677' title='bbox 1876 2444 2050 2480; x_wconf 89' lang='lat' dir='ltr'><strong>donatum</strong></span> <span class='ocrx_word' id='word_1_678' title='bbox 2073 2447 2128 2479; x_wconf 82' lang='lat' dir='ltr'><strong>est</strong></span> <span class='ocrx_word' id='word_1_679' title='bbox 2149 2443 2343 2479; x_wconf 85' lang='lat' dir='ltr'><strong>secundum</strong></span> 
     </span>
     <span class='ocr_line' id='line_1_82' title="bbox 117 2488 2344 2539; baseline -0.001 -12"><span class='ocrx_word' id='word_1_680' title='bbox 117 2495 138 2528; x_wconf 91' lang='lat'>1</span> <span class='ocrx_word' id='word_1_681' title='bbox 184 2504 263 2528; x_wconf 86' lang='lat' dir='ltr'><strong>eum</strong></span> <span class='ocrx_word' id='word_1_682' title='bbox 287 2503 391 2538; x_wconf 83' lang='lat' dir='ltr'><strong>quem</strong></span> <span class='ocrx_word' id='word_1_683' title='bbox 409 2493 519 2539; x_wconf 74' lang='lat' dir='ltr'><strong>prius</strong></span> <span class='ocrx_word' id='word_1_684' title='bbox 542 2492 702 2527; x_wconf 77' lang='lat' dir='ltr'><strong>diximus</strong></span> <span class='ocrx_word' id='word_1_685' title='bbox 726 2491 868 2526; x_wconf 85' lang='lat' dir='ltr'><strong>modum</strong></span> <span class='ocrx_word' id='word_1_686' title='bbox 894 2490 1083 2526; x_wconf 75' lang='lat' dir='ltr'><strong>habebunt.</strong></span> <span class='ocrx_word' id='word_1_687' title='bbox 1176 2489 1219 2524; x_wconf 88' lang='lat' dir='ltr'><strong>Si</strong></span> <span class='ocrx_word' id='word_1_688' title='bbox 1240 2500 1323 2524; x_wconf 82' lang='lat' dir='ltr'><strong>vero</strong></span> <span class='ocrx_word' id='word_1_689' title='bbox 1349 2488 1393 2524; x_wconf 85' lang='lat' dir='ltr'><strong>ab</strong></span> <span class='ocrx_word' id='word_1_690' title='bbox 1418 2489 1522 2524; x_wconf 78' lang='lat' dir='ltr'><strong>initio</strong></span> <span class='ocrx_word' id='word_1_691' title='bbox 1556 2488 1772 2524; x_wconf 82' lang='lat' dir='ltr'><strong>oblationem</strong></span> <span class='ocrx_word' id='word_1_692' title='bbox 1796 2493 1979 2531; x_wconf 83' lang='lat' dir='ltr'><strong>recusent,</strong></span> <span class='ocrx_word' id='word_1_693' title='bbox 2011 2490 2210 2535; x_wconf 84' lang='lat' dir='ltr'><strong>malintque</strong></span> <span class='ocrx_word' id='word_1_694' title='bbox 2242 2488 2344 2524; x_wconf 85' lang='lat' dir='ltr'><strong>liberi</strong></span> 
     </span>
     <span class='ocr_line' id='line_1_83' title="bbox 117 2534 2342 2583; baseline -0.001 -11"><span class='ocrx_word' id='word_1_695' title='bbox 117 2548 261 2573; x_wconf 87' lang='lat' dir='ltr'><strong>manere</strong></span> <span class='ocrx_word' id='word_1_696' title='bbox 285 2538 447 2583; x_wconf 82' lang='lat' dir='ltr'><strong>quamvis</strong></span> <span class='ocrx_word' id='word_1_697' title='bbox 471 2537 658 2573; x_wconf 83' lang='lat' dir='ltr'><strong>naturales</strong></span> <span class='ocrx_word' id='word_1_698' title='bbox 682 2547 789 2582; x_wconf 87' lang='lat' dir='ltr'><strong>quam</strong></span> <span class='ocrx_word' id='word_1_699' title='bbox 814 2536 964 2571; x_wconf 84' lang='lat' dir='ltr'><strong>ditiores</strong></span> <span class='ocrx_word' id='word_1_700' title='bbox 987 2541 1023 2571; x_wconf 86' lang='lat' dir='ltr'><strong>et</strong></span> <span class='ocrx_word' id='word_1_701' title='bbox 1045 2535 1201 2570; x_wconf 88' lang='lat' dir='ltr'><strong>curiales</strong></span> <span class='ocrx_word' id='word_1_702' title='bbox 1224 2545 1311 2576; x_wconf 83' lang='lat' dir='ltr'><strong>esse,</strong></span> <span class='ocrx_word' id='word_1_703' title='bbox 1364 2538 1462 2569; x_wconf 85' lang='lat' dir='ltr'><strong>ostea</strong></span> <span class='ocrx_word' id='word_1_704' title='bbox 1486 2538 1604 2569; x_wconf 82' lang='lat' dir='ltr'><strong>autem</strong></span> <span class='ocrx_word' id='word_1_705' title='bbox 1629 2538 1813 2580; x_wconf 76' lang='lat' dir='ltr'><strong>appareat</strong></span> <span class='ocrx_word' id='word_1_706' title='bbox 1834 2546 1896 2570; x_wconf 88' lang='lat' dir='ltr'><strong>eos</strong></span> <span class='ocrx_word' id='word_1_707' title='bbox 1919 2535 1974 2571; x_wconf 88' lang='lat' dir='ltr'><strong>vel</strong></span> <span class='ocrx_word' id='word_1_708' title='bbox 1996 2535 2034 2570; x_wconf 82' lang='lat' dir='ltr'><strong>in</strong></span> <span class='ocrx_word' id='word_1_709' title='bbox 2059 2539 2172 2570; x_wconf 84' lang='lat' dir='ltr'><strong>totum</strong></span> <span class='ocrx_word' id='word_1_710' title='bbox 2196 2534 2254 2570; x_wconf 86' lang='lat' dir='ltr'><strong>vel</strong></span> <span class='ocrx_word' id='word_1_711' title='bbox 2266 2545 2342 2581; x_wconf 80' lang='lat' dir='ltr'><strong>pro</strong></span> 
     </span>
     <span class='ocr_line' id='line_1_84' title="bbox 114 2579 2343 2635; baseline -0.002 -17"><span class='ocrx_word' id='word_1_712' title='bbox 114 2587 224 2629; x_wconf 85' lang='lat' dir='ltr'><strong>parte</strong></span> <span class='ocrx_word' id='word_1_713' title='bbox 244 2582 433 2635; x_wconf 77' lang='lat' dir='ltr'><strong>possidere</strong></span> <span class='ocrx_word' id='word_1_714' title='bbox 455 2593 514 2617; x_wconf 88' lang='lat' dir='ltr'><strong>res</strong></span> <span class='ocrx_word' id='word_1_715' title='bbox 538 2582 627 2634; x_wconf 78' lang='lat' dir='ltr'><strong>ipsis</strong></span> <span class='ocrx_word' id='word_1_716' title='bbox 650 2582 806 2617; x_wconf 89' lang='lat' dir='ltr'><strong>donatas</strong></span> <span class='ocrx_word' id='word_1_717' title='bbox 834 2582 890 2617; x_wconf 86' lang='lat' dir='ltr'><strong>vel</strong></span> <span class='ocrx_word' id='word_1_718' title='bbox 911 2581 1057 2616; x_wconf 83' lang='lat' dir='ltr'><strong>relictas</strong></span> <span class='ocrx_word' id='word_1_719' title='bbox 1088 2581 1144 2616; x_wconf 84' lang='lat' dir='ltr'><strong>vel</strong></span> <span class='ocrx_word' id='word_1_720' title='bbox 1166 2581 1274 2615; x_wconf 87' lang='lat' dir='ltr'><strong>etiam</strong></span> <span class='ocrx_word' id='word_1_721' title='bbox 1298 2590 1320 2614; x_wconf 89' lang='lat' dir='ltr'><strong>a</strong></span> <span class='ocrx_word' id='word_1_722' title='bbox 1337 2581 1491 2620; x_wconf 87' lang='lat' dir='ltr'><strong>ienasse‚</strong></span> <span class='ocrx_word' id='word_1_723' title='bbox 1526 2579 1671 2614; x_wconf 87' lang='lat' dir='ltr'><strong>omnino</strong></span> <span class='ocrx_word' id='word_1_724' title='bbox 1697 2579 1829 2614; x_wconf 86' lang='lat' dir='ltr'><strong>curiali</strong></span> <span class='ocrx_word' id='word_1_725' title='bbox 1851 2580 2029 2625; x_wconf 85' lang='lat' dir='ltr'><strong>fortunae</strong></span> <span class='ocrx_word' id='word_1_726' title='bbox 2053 2580 2217 2626; x_wconf 83' lang='lat' dir='ltr'><strong>quamvis</strong></span> <span class='ocrx_word' id='word_1_727' title='bbox 2241 2580 2343 2615; x_wconf 87' lang='lat' dir='ltr'><strong>inviti</strong></span> 
     </span>
     <span class='ocr_line' id='line_1_85' title="bbox 119 2623 2342 2673; baseline -0.001 -10"><span class='ocrx_word' id='word_1_728' title='bbox 119 2627 270 2663; x_wconf 73' lang='lat' dir='ltr'><strong>obnooen·</strong></span> <span class='ocrx_word' id='word_1_729' title='bbox 293 2633 417 2670; x_wconf 87' lang='lat' dir='ltr'><strong>erunt,</strong></span> <span class='ocrx_word' id='word_1_730' title='bbox 451 2639 494 2662; x_wconf 91' lang='lat' dir='ltr'><strong>ne</strong></span> <span class='ocrx_word' id='word_1_731' title='bbox 519 2628 708 2663; x_wconf 78' lang='lat' dir='ltr'><strong>videantur</strong></span> <span class='ocrx_word' id='word_1_732' title='bbox 739 2627 851 2673; x_wconf 76' lang='lat' dir='ltr'><strong>lcqem</strong></span> <span class='ocrx_word' id='word_1_733' title='bbox 883 2626 986 2661; x_wconf 85' lang='lat' dir='ltr'><strong>nobis</strong></span> <span class='ocrx_word' id='word_1_734' title='bbox 1009 2626 1217 2661; x_wconf 84' lang='lat' dir='ltr'><strong>adulterare</strong></span> <span class='ocrx_word' id='word_1_735' title='bbox 1248 2629 1283 2660; x_wconf 88' lang='lat' dir='ltr'><strong>et</strong></span> <span class='ocrx_word' id='word_1_736' title='bbox 1307 2625 1410 2660; x_wconf 84' lang='lat' dir='ltr'><strong>lucra</strong></span> <span class='ocrx_word' id='word_1_737' title='bbox 1435 2623 1578 2670; x_wconf 78' lang='lat' dir='ltr'><strong>quidem</strong></span> <span class='ocrx_word' id='word_1_738' title='bbox 1603 2624 1798 2660; x_wconf 84' lang='lat' dir='ltr'><strong>oblationis</strong></span> <span class='ocrx_word' id='word_1_739' title='bbox 1830 2635 1940 2661; x_wconf 88' lang='lat' dir='ltr'><strong>causa</strong></span> <span class='ocrx_word' id='word_1_740' title='bbox 1959 2626 2157 2672; x_wconf 81' lang='lat' dir='ltr'><strong>proposita</strong></span> <span class='ocrx_word' id='word_1_741' title='bbox 2180 2630 2342 2672; x_wconf 79' lang='lat' dir='ltr'><strong>captare,</strong></span> 
     </span>
     <span class='ocr_line' id='line_1_86' title="bbox 116 2669 2343 2719; baseline -0.002 -11"><span class='ocrx_word' id='word_1_742' title='bbox 116 2675 308 2719; x_wconf 85' lang='lat' dir='ltr'><strong>fortunam</strong></span> <span class='ocrx_word' id='word_1_743' title='bbox 340 2677 458 2708; x_wconf 87' lang='lat' dir='ltr'><strong>autem</strong></span> <span class='ocrx_word' id='word_1_744' title='bbox 487 2677 642 2719; x_wconf 77' lang='lat' dir='ltr'><strong>propter</strong></span> <span class='ocrx_word' id='word_1_745' title='bbox 674 2683 781 2718; x_wconf 80' lang='lat' dir='ltr'><strong>quam</strong></span> <span class='ocrx_word' id='word_1_746' title='bbox 814 2672 925 2707; x_wconf 88' lang='lat' dir='ltr'><strong>lucris</strong></span> <span class='ocrx_word' id='word_1_747' title='bbox 956 2672 1058 2717; x_wconf 74' lang='lat' dir='ltr'><strong>diqni</strong></span> <span class='ocrx_word' id='word_1_748' title='bbox 1090 2671 1202 2706; x_wconf 72' lang='lat' dir='ltr'><strong>habiti</strong></span> <span class='ocrx_word' id='word_1_749' title='bbox 1232 2673 1319 2705; x_wconf 87' lang='lat' dir='ltr'><strong>sunt</strong></span> <span class='ocrx_word' id='word_1_750' title='bbox 1348 2670 1551 2715; x_wconf 86' lang='lat' dir='ltr'><strong>aspernari.</strong></span> <span class='ocrx_word' id='word_1_751' title='bbox 1600 2669 1649 2704; x_wconf 80' lang='lat' dir='ltr'><strong>Ec</strong></span> <span class='ocrx_word' id='word_1_752' title='bbox 1680 2670 1768 2705; x_wconf 78' lang='lat' dir='ltr'><strong>haec</strong></span> <span class='ocrx_word' id='word_1_753' title='bbox 1799 2670 1963 2707; x_wconf 85' lang='lat' dir='ltr'><strong>similiter</strong></span> <span class='ocrx_word' id='word_1_754' title='bbox 1992 2672 2174 2706; x_wconf 84' lang='lat' dir='ltr'><strong>sancimus</strong></span> <span class='ocrx_word' id='word_1_755' title='bbox 2211 2669 2283 2706; x_wconf 85' lang='lat' dir='ltr'><strong>tam</strong></span> <span class='ocrx_word' id='word_1_756' title='bbox 2306 2671 2343 2705; x_wconf 86' lang='lat' dir='ltr'><strong>in</strong></span> 
     </span>
     <span class='ocr_line' id='line_1_87' title="bbox 118 2715 2344 2764; baseline -0.001 -12"><span class='ocrx_word' id='word_1_757' title='bbox 118 2719 288 2753; x_wconf 84' lang='lat' dir='ltr'><strong>masculis</strong></span> <span class='ocrx_word' id='word_1_758' title='bbox 317 2719 439 2753; x_wconf 84' lang='lat' dir='ltr'><strong>curiae</strong></span> <span class='ocrx_word' id='word_1_759' title='bbox 471 2719 601 2753; x_wconf 80' lang='lat' dir='ltr'><strong>oblatis</strong></span> <span class='ocrx_word' id='word_1_760' title='bbox 631 2728 739 2764; x_wconf 81' lang='lat' dir='ltr'><strong>quam</strong></span> <span class='ocrx_word' id='word_1_761' title='bbox 764 2718 801 2752; x_wconf 88' lang='lat' dir='ltr'><strong>in</strong></span> <span class='ocrx_word' id='word_1_762' title='bbox 822 2717 970 2762; x_wconf 85' lang='lat' dir='ltr'><strong>filiabus</strong></span> <span class='ocrx_word' id='word_1_763' title='bbox 1001 2728 1094 2763; x_wconf 86' lang='lat' dir='ltr'><strong>quae</strong></span> <span class='ocrx_word' id='word_1_764' title='bbox 1128 2715 1323 2750; x_wconf 84' lang='lat' dir='ltr'><strong>curialibus</strong></span> <span class='ocrx_word' id='word_1_765' title='bbox 1358 2716 1515 2750; x_wconf 81' lang='lat' dir='ltr'><strong>nubunt:</strong></span> <span class='ocrx_word' id='word_1_766' title='bbox 1549 2719 1590 2750; x_wconf 83' lang='lat' dir='ltr'><strong>ut</strong></span> <span class='ocrx_word' id='word_1_767' title='bbox 1613 2715 1715 2750; x_wconf 88' lang='lat' dir='ltr'><strong>nulla</strong></span> <span class='ocrx_word' id='word_1_768' title='bbox 1744 2716 1792 2750; x_wconf 83' lang='lat' dir='ltr'><strong>sit</strong></span> <span class='ocrx_word' id='word_1_769' title='bbox 1821 2715 2046 2761; x_wconf 86' lang='lat' dir='ltr'><strong>differentia,</strong></span> <span class='ocrx_word' id='word_1_770' title='bbox 2077 2716 2151 2751; x_wconf 84' lang='lat' dir='ltr'><strong>sive</strong></span> <span class='ocrx_word' id='word_1_771' title='bbox 2174 2716 2255 2762; x_wconf 84' lang='lat' dir='ltr'><strong>quis</strong></span> <span class='ocrx_word' id='word_1_772' title='bbox 2271 2727 2344 2762; x_wconf 81' lang='lat' dir='ltr'><strong>per</strong></span> 
     </span>
     <span class='ocr_line' id='line_1_88' title="bbox 117 2760 2344 2808; baseline -0.001 -10"><span class='ocrx_word' id='word_1_773' title='bbox 117 2763 297 2798; x_wconf 88' lang='lat' dir='ltr'><strong>masculos</strong></span> <span class='ocrx_word' id='word_1_774' title='bbox 320 2765 444 2799; x_wconf 88' lang='lat' dir='ltr'><strong>curiae</strong></span> <span class='ocrx_word' id='word_1_775' title='bbox 466 2774 617 2799; x_wconf 88' lang='lat' dir='ltr'><strong>munera</strong></span> <span class='ocrx_word' id='word_1_776' title='bbox 640 2762 767 2798; x_wconf 87' lang='lat' dir='ltr'><strong>subeat</strong></span> <span class='ocrx_word' id='word_1_777' title='bbox 789 2763 862 2798; x_wconf 87' lang='lat' dir='ltr'><strong>sive</strong></span> <span class='ocrx_word' id='word_1_778' title='bbox 879 2773 953 2808; x_wconf 81' lang='lat' dir='ltr'><strong>per</strong></span> <span class='ocrx_word' id='word_1_779' title='bbox 975 2773 1128 2808; x_wconf 72' lang='lat' dir='ltr'><strong>qeneros</strong></span> <span class='ocrx_word' id='word_1_780' title='bbox 1149 2760 1294 2807; x_wconf 80' lang='lat' dir='ltr'><strong>filiabus</strong></span> <span class='ocrx_word' id='word_1_781' title='bbox 1317 2761 1529 2795; x_wconf 79' lang='lat' dir='ltr'><strong>coniunctos</strong></span> <span class='ocrx_word' id='word_1_782' title='bbox 1551 2761 1689 2795; x_wconf 83' lang='lat' dir='ltr'><strong>curiam</strong></span> <span class='ocrx_word' id='word_1_783' title='bbox 1713 2772 1848 2807; x_wconf 74' lang='lat' dir='ltr'><strong>auqere</strong></span> <span class='ocrx_word' id='word_1_784' title='bbox 1870 2766 1906 2797; x_wconf 89' lang='lat' dir='ltr'><strong>et</strong></span> <span class='ocrx_word' id='word_1_785' title='bbox 1929 2766 2103 2808; x_wconf 83' lang='lat' dir='ltr'><strong>quantum</strong></span> <span class='ocrx_word' id='word_1_786' title='bbox 2126 2761 2165 2795; x_wconf 86' lang='lat' dir='ltr'><strong>in</strong></span> <span class='ocrx_word' id='word_1_787' title='bbox 2185 2761 2266 2807; x_wconf 78' lang='lat' dir='ltr'><strong>ipso</strong></span> <span class='ocrx_word' id='word_1_788' title='bbox 2291 2765 2344 2796; x_wconf 88' lang='lat' dir='ltr'><strong>est</strong></span> 
     </span>
     <span class='ocr_line' id='line_1_89' title="bbox 116 2805 1556 2855; baseline -0.002 -12"><span class='ocrx_word' id='word_1_789' title='bbox 116 2820 184 2855; x_wconf 85' lang='lat' dir='ltr'><strong>per</strong></span> <span class='ocrx_word' id='word_1_790' title='bbox 203 2808 304 2854; x_wconf 82' lang='lat' dir='ltr'><strong>filios</strong></span> <span class='ocrx_word' id='word_1_791' title='bbox 327 2809 473 2844; x_wconf 88' lang='lat' dir='ltr'><strong>illarum</strong></span> <span class='ocrx_word' id='word_1_792' title='bbox 498 2819 610 2844; x_wconf 83' lang='lat' dir='ltr'><strong>novos</strong></span> <span class='ocrx_word' id='word_1_793' title='bbox 634 2808 789 2843; x_wconf 80' lang='lat' dir='ltr'><strong>curiales</strong></span> <span class='ocrx_word' id='word_1_794' title='bbox 836 2807 995 2843; x_wconf 88' lang='lat' dir='ltr'><strong>rioribus</strong></span> <span class='ocrx_word' id='word_1_795' title='bbox 1018 2808 1163 2842; x_wconf 86' lang='lat' dir='ltr'><strong>illorum</strong></span> <span class='ocrx_word' id='word_1_796' title='bbox 1184 2806 1282 2851; x_wconf 80' lang='lat' dir='ltr'><strong>filios</strong></span> <span class='ocrx_word' id='word_1_797' title='bbox 1307 2805 1438 2840; x_wconf 87' lang='lat' dir='ltr'><strong>addere</strong></span> <span class='ocrx_word' id='word_1_798' title='bbox 1463 2805 1556 2840; x_wconf 81' lang='lat' dir='ltr'><strong>velit.</strong></span> 
     </span>
    </p>

    <p class='ocr_par' dir='ltr' id='par_1_29' title="bbox 118 2849 2344 3080">
     <span class='ocr_line' id='line_1_90' title="bbox 253 2849 2343 2900; baseline -0.001 -12"><span class='ocrx_word' id='word_1_799' title='bbox 253 2854 314 2890; x_wconf 91' lang='lat' dir='ltr'><strong>IV.</strong></span> <span class='ocrx_word' id='word_1_800' title='bbox 363 2854 496 2889; x_wconf 84' lang='lat' dir='ltr'><strong>Filium</strong></span> <span class='ocrx_word' id='word_1_801' title='bbox 528 2858 645 2889; x_wconf 88' lang='lat' dir='ltr'><strong>autem</strong></span> <span class='ocrx_word' id='word_1_802' title='bbox 677 2864 726 2889; x_wconf 74' lang='lat' dir='ltr'><strong>ecc</strong></span> <span class='ocrx_word' id='word_1_803' title='bbox 755 2854 823 2900; x_wconf 90' lang='lat' dir='ltr'><strong>tai</strong></span> <span class='ocrx_word' id='word_1_804' title='bbox 851 2863 963 2888; x_wconf 87' lang='lat' dir='ltr'><strong>causa</strong></span> <span class='ocrx_word' id='word_1_805' title='bbox 995 2852 1045 2887; x_wconf 91' lang='lat' dir='ltr'><strong>ad</strong></span> <span class='ocrx_word' id='word_1_806' title='bbox 1071 2854 1127 2887; x_wconf 86' lang='lat' dir='ltr'><strong>ius</strong></span> <span class='ocrx_word' id='word_1_807' title='bbox 1161 2851 1400 2896; x_wconf 69' lang='lat' dir='ltr'><strong>leqitimorum</strong></span> <span class='ocrx_word' id='word_1_808' title='bbox 1436 2849 1630 2885; x_wconf 82' lang='lat' dir='ltr'><strong>adductum</strong></span> <span class='ocrx_word' id='word_1_809' title='bbox 1660 2850 1733 2896; x_wconf 76' lang='lat' dir='ltr'><strong>ipsi</strong></span> <span class='ocrx_word' id='word_1_810' title='bbox 1755 2852 1914 2897; x_wconf 77' lang='lat' dir='ltr'><strong>qenitori</strong></span> <span class='ocrx_word' id='word_1_811' title='bbox 1937 2851 2008 2887; x_wconf 83' lang='lat' dir='ltr'><strong>soli</strong></span> <span class='ocrx_word' id='word_1_812' title='bbox 2041 2851 2237 2898; x_wconf 69' lang='lat' dir='ltr'><strong>leyitimum</strong></span> <span class='ocrx_word' id='word_1_813' title='bbox 2264 2851 2343 2887; x_wconf 89' lang='lat' dir='ltr'><strong>red-</strong></span> 
     </span>
     <span class='ocr_line' id='line_1_91' title="bbox 118 2895 2343 2945; baseline -0.001 -11"><span class='ocrx_word' id='word_1_814' title='bbox 118 2899 246 2941; x_wconf 86' lang='lat' dir='ltr'><strong>dimus,</strong></span> <span class='ocrx_word' id='word_1_815' title='bbox 280 2911 395 2945; x_wconf 83' lang='lat' dir='ltr'><strong>neque</strong></span> <span class='ocrx_word' id='word_1_816' title='bbox 427 2911 511 2935; x_wconf 84' lang='lat' dir='ltr'><strong>vero</strong></span> <span class='ocrx_word' id='word_1_817' title='bbox 541 2900 646 2935; x_wconf 82' lang='lat' dir='ltr'><strong>etiam</strong></span> <span class='ocrx_word' id='word_1_818' title='bbox 677 2899 811 2945; x_wconf 78' lang='lat' dir='ltr'><strong>triplici</strong></span> <span class='ocrx_word' id='word_1_819' title='bbox 841 2898 897 2933; x_wconf 87' lang='lat' dir='ltr'><strong>illi</strong></span> <span class='ocrx_word' id='word_1_820' title='bbox 920 2898 1133 2945; x_wconf 75' lang='lat' dir='ltr'><strong>coqnationi</strong></span> <span class='ocrx_word' id='word_1_821' title='bbox 1150 2897 1273 2943; x_wconf 79' lang='lat' dir='ltr'><strong>patris</strong></span> <span class='ocrx_word' id='word_1_822' title='bbox 1305 2895 1468 2938; x_wconf 87' lang='lat' dir='ltr'><strong>(dicimus</strong></span> <span class='ocrx_word' id='word_1_823' title='bbox 1491 2898 1527 2930; x_wconf 87' lang='lat' dir='ltr'><strong>et</strong></span> <span class='ocrx_word' id='word_1_824' title='bbox 1550 2906 1671 2930; x_wconf 87' lang='lat' dir='ltr'><strong>eorum</strong></span> <span class='ocrx_word' id='word_1_825' title='bbox 1696 2906 1746 2931; x_wconf 79' lang='lat' dir='ltr'><strong>ex</strong></span> <span class='ocrx_word' id='word_1_826' title='bbox 1769 2896 1899 2941; x_wconf 83' lang='lat' dir='ltr'><strong>quibus</strong></span> <span class='ocrx_word' id='word_1_827' title='bbox 1922 2897 1984 2932; x_wconf 89' lang='lat' dir='ltr'><strong>ille</strong></span> <span class='ocrx_word' id='word_1_828' title='bbox 2007 2902 2116 2932; x_wconf 88' lang='lat' dir='ltr'><strong>natus</strong></span> <span class='ocrx_word' id='word_1_829' title='bbox 2138 2901 2192 2932; x_wconf 90' lang='lat' dir='ltr'><strong>est</strong></span> <span class='ocrx_word' id='word_1_830' title='bbox 2222 2903 2258 2932; x_wconf 84' lang='lat' dir='ltr'><strong>et</strong></span> <span class='ocrx_word' id='word_1_831' title='bbox 2280 2897 2343 2943; x_wconf 84' lang='lat' dir='ltr'><strong>qui</strong></span> 
     </span>
     <span class='ocr_line' id='line_1_92' title="bbox 118 2941 2341 2993; baseline -0.002 -13"><span class='ocrx_word' id='word_1_832' title='bbox 118 2955 168 2980; x_wconf 65' lang='grc' dir='ltr'><strong>επ</strong></span> <span class='ocrx_word' id='word_1_833' title='bbox 193 2944 366 2979; x_wconf 85' lang='lat' dir='ltr'><strong>lateribus</strong></span> <span class='ocrx_word' id='word_1_834' title='bbox 396 2950 480 2980; x_wconf 88' lang='lat' dir='ltr'><strong>sunt</strong></span> <span class='ocrx_word' id='word_1_835' title='bbox 511 2949 545 2980; x_wconf 88' lang='lat' dir='ltr'><strong>et</strong></span> <span class='ocrx_word' id='word_1_836' title='bbox 577 2945 640 2990; x_wconf 87' lang='lat' dir='ltr'><strong>qui</strong></span> <span class='ocrx_word' id='word_1_837' title='bbox 669 2954 718 2978; x_wconf 82' lang='lat' dir='ltr'><strong>ex</strong></span> <span class='ocrx_word' id='word_1_838' title='bbox 747 2944 827 2990; x_wconf 83' lang='lat' dir='ltr'><strong>ipso</strong></span> <span class='ocrx_word' id='word_1_839' title='bbox 859 2948 942 2979; x_wconf 85' lang='lat' dir='ltr'><strong>sunt</strong></span> <span class='ocrx_word' id='word_1_840' title='bbox 971 2943 1159 2989; x_wconf 70' lang='lat' dir='ltr'><strong>proqnati)</strong></span> <span class='ocrx_word' id='word_1_841' title='bbox 1192 2953 1270 2976; x_wconf 85' lang='lat' dir='ltr'><strong>eum</strong></span> <span class='ocrx_word' id='word_1_842' title='bbox 1298 2944 1480 2993; x_wconf 82' lang='lat' dir='ltr'><strong>tamquam</strong></span> <span class='ocrx_word' id='word_1_843' title='bbox 1512 2951 1562 2975; x_wconf 84' lang='lat' dir='ltr'><strong>ex</strong></span> <span class='ocrx_word' id='word_1_844' title='bbox 1585 2941 1852 2977; x_wconf 78' lang='lat' dir='ltr'><strong>machinatione</strong></span> <span class='ocrx_word' id='word_1_845' title='bbox 1884 2942 2042 2987; x_wconf 81' lang='lat' dir='ltr'><strong>quadam</strong></span> <span class='ocrx_word' id='word_1_846' title='bbox 2066 2946 2259 2988; x_wconf 72' lang='lat' dir='ltr'><strong>coqnatum</strong></span> <span class='ocrx_word' id='word_1_847' title='bbox 2282 2943 2341 2986; x_wconf 85' lang='lat' dir='ltr'><strong>fa-</strong></span> 
     </span>
     <span class='ocr_line' id='line_1_93' title="bbox 119 2985 2342 3033; baseline -0.001 -10"><span class='ocrx_word' id='word_1_848' title='bbox 119 2990 240 3024; x_wconf 86' lang='lat' dir='ltr'><strong>cimus.</strong></span> <span class='ocrx_word' id='word_1_849' title='bbox 290 2990 480 3024; x_wconf 73' lang='lat' dir='ltr'><strong>Sancimus</strong></span> <span class='ocrx_word' id='word_1_850' title='bbox 504 2990 614 3032; x_wconf 86' lang='lat' dir='ltr'><strong>enim,</strong></span> <span class='ocrx_word' id='word_1_851' title='bbox 646 2993 686 3024; x_wconf 89' lang='lat' dir='ltr'><strong>ut</strong></span> <span class='ocrx_word' id='word_1_852' title='bbox 710 2989 889 3024; x_wconf 83' lang='lat' dir='ltr'><strong>naturalis</strong></span> <span class='ocrx_word' id='word_1_853' title='bbox 909 2989 1009 3033; x_wconf 80' lang='lat' dir='ltr'><strong>filius</strong></span> <span class='ocrx_word' id='word_1_854' title='bbox 1033 2989 1156 3024; x_wconf 87' lang='lat' dir='ltr'><strong>curiae</strong></span> <span class='ocrx_word' id='word_1_855' title='bbox 1180 2988 1287 3022; x_wconf 88' lang='lat' dir='ltr'><strong>datus</strong></span> <span class='ocrx_word' id='word_1_856' title='bbox 1310 2986 1378 3021; x_wconf 86' lang='lat' dir='ltr'><strong>solz</strong></span> <span class='ocrx_word' id='word_1_857' title='bbox 1397 2985 1503 3032; x_wconf 82' lang='lat' dir='ltr'><strong>patri</strong></span> <span class='ocrx_word' id='word_1_858' title='bbox 1527 2985 1706 3031; x_wconf 73' lang='lat' dir='ltr'><strong>leqitimus</strong></span> <span class='ocrx_word' id='word_1_859' title='bbox 1729 2986 1777 3020; x_wconf 88' lang='lat' dir='ltr'><strong>sit</strong></span> <span class='ocrx_word' id='word_1_860' title='bbox 1799 2997 1996 3030; x_wconf 85' lang='lat' dir='ltr'><strong>successor,</strong></span> <span class='ocrx_word' id='word_1_861' title='bbox 2027 2998 2112 3022; x_wconf 87' lang='lat' dir='ltr'><strong>neve</strong></span> <span class='ocrx_word' id='word_1_862' title='bbox 2136 2998 2220 3022; x_wconf 87' lang='lat' dir='ltr'><strong>vero</strong></span> <span class='ocrx_word' id='word_1_863' title='bbox 2245 2987 2342 3033; x_wconf 80' lang='lat' dir='ltr'><strong>quic-</strong></span> 
     </span>
     <span class='ocr_line' id='line_1_94' title="bbox 120 3029 2344 3080; baseline -0.001 -12"><span class='ocrx_word' id='word_1_864' title='bbox 120 3045 228 3080; x_wconf 87' lang='lat' dir='ltr'><strong>quam</strong></span> <span class='ocrx_word' id='word_1_865' title='bbox 253 3045 436 3069; x_wconf 84' lang='lat' dir='ltr'><strong>commune</strong></span> <span class='ocrx_word' id='word_1_866' title='bbox 466 3034 597 3070; x_wconf 78' lang='lat' dir='ltr'><strong>habeat</strong></span> <span class='ocrx_word' id='word_1_867' title='bbox 627 3045 705 3070; x_wconf 87' lang='lat' dir='ltr'><strong>cum</strong></span> <span class='ocrx_word' id='word_1_868' title='bbox 736 3033 1009 3069; x_wconf 84' lang='lat' dir='ltr'><strong>ascendentibus</strong></span> <span class='ocrx_word' id='word_1_869' title='bbox 1040 3034 1096 3069; x_wconf 83' lang='lat' dir='ltr'><strong>vel</strong></span> <span class='ocrx_word' id='word_1_870' title='bbox 1119 3030 1413 3068; x_wconf 82' lang='lat' dir='ltr'><strong>descendentibus</strong></span> <span class='ocrx_word' id='word_1_871' title='bbox 1444 3029 1499 3066; x_wconf 86' lang='lat' dir='ltr'><strong>vel</strong></span> <span class='ocrx_word' id='word_1_872' title='bbox 1530 3041 1552 3064; x_wconf 93' lang='lat' dir='ltr'><strong>a</strong></span> <span class='ocrx_word' id='word_1_873' title='bbox 1580 3030 1693 3066; x_wconf 88' lang='lat' dir='ltr'><strong>latere</strong></span> <span class='ocrx_word' id='word_1_874' title='bbox 1724 3031 1857 3066; x_wconf 86' lang='lat' dir='ltr'><strong>iunctis</strong></span> <span class='ocrx_word' id='word_1_875' title='bbox 1888 3032 2059 3078; x_wconf 72' lang='lat' dir='ltr'><strong>adqnatis</strong></span> <span class='ocrx_word' id='word_1_876' title='bbox 2092 3031 2147 3067; x_wconf 83' lang='lat' dir='ltr'><strong>vel</strong></span> <span class='ocrx_word' id='word_1_877' title='bbox 2176 3031 2344 3078; x_wconf 76' lang='lat' dir='ltr'><strong>coqnatis</strong></span> 
     </span>
    </p>
   </div>
   <div class='ocr_carea' id='block_1_28' title="bbox 167 3143 2344 3190">
    <p class='ocr_par' dir='ltr' id='par_1_30' title="bbox 167 3143 2344 3190">
     <span class='ocr_line' id='line_1_95' title="bbox 167 3143 2344 3190; baseline -0.001 -10"><span class='ocrx_word' id='word_1_878' title='bbox 167 3148 187 3180; x_wconf 84' lang='lat'><strong>2</strong></span> <span class='ocrx_word' id='word_1_879' title='bbox 212 3144 388 3180; x_wconf 80' lang='grc' dir='ltr'><strong><em>δυνάσθω</em></strong></span> <span class='ocrx_word' id='word_1_880' title='bbox 410 3148 452 3179; x_wconf 91' lang='grc' dir='ltr'><em>Μ</em></span> <span class='ocrx_word' id='word_1_881' title='bbox 472 3148 606 3189; x_wconf 80' lang='lat' dir='ltr'><strong>(poterit</strong></span> <span class='ocrx_word' id='word_1_882' title='bbox 631 3150 673 3188; x_wconf 86' lang='grc' dir='ltr'><strong>ς)]</strong></span> <span class='ocrx_word' id='word_1_883' title='bbox 699 3143 891 3190; x_wconf 79' lang='grc' dir='ltr'><strong><em>δυνάμενος</em></strong></span> <span class='ocrx_word' id='word_1_884' title='bbox 917 3146 1015 3190; x_wconf 54' lang='lat'><strong>[1114</strong></span> <span class='ocrx_word' id='word_1_885' title='bbox 1040 3143 1132 3186; x_wconf 81' lang='grc' dir='ltr'><strong><em>ἑνὸς]</em></strong></span> <span class='ocrx_word' id='word_1_886' title='bbox 1159 3146 1198 3179; x_wconf 81' lang='grc' dir='ltr'><strong>ἐν</strong></span> <span class='ocrx_word' id='word_1_887' title='bbox 1271 3147 1310 3178; x_wconf 87' lang='grc'><strong>10</strong></span> <span class='ocrx_word' id='word_1_888' title='bbox 1336 3144 1537 3177; x_wconf 87' lang='lat' dir='ltr'><strong>reluctamus</strong></span> <span class='ocrx_word' id='word_1_889' title='bbox 1564 3144 1595 3176; x_wconf 91' lang='lat' dir='ltr'><em>T</em></span> <span class='ocrx_word' id='word_1_890' title='bbox 1613 3143 1625 3188; x_wconf 93' lang='grc' dir='ltr'><strong>ΙΙ</strong></span> <span class='ocrx_word' id='word_1_891' title='bbox 1655 3146 1695 3178; x_wconf 89' lang='grc'><strong>12</strong></span> <span class='ocrx_word' id='word_1_892' title='bbox 1720 3144 1918 3177; x_wconf 85' lang='lat' dir='ltr'><strong>refutauerit</strong></span> <span class='ocrx_word' id='word_1_893' title='bbox 1942 3145 1990 3178; x_wconf 87' lang='lat' dir='ltr'><strong>R¹</strong></span> <span class='ocrx_word' id='word_1_894' title='bbox 2016 3145 2029 3187; x_wconf 83' lang='grc' dir='ltr'><strong>ΙΙ</strong></span> <span class='ocrx_word' id='word_1_895' title='bbox 2049 3144 2252 3178; x_wconf 88' lang='lat' dir='ltr'><strong>ablationem</strong></span> <span class='ocrx_word' id='word_1_896' title='bbox 2275 3145 2309 3177; x_wconf 88' lang='lat' dir='ltr'><strong><em>R</em></strong></span> <span class='ocrx_word' id='word_1_897' title='bbox 2333 3144 2344 3188; x_wconf 76' lang='grc' dir='ltr'><strong>ΙΙ</strong></span> 
     </span>
    </p>
   </div>
   <div class='ocr_carea' id='block_1_29' title="bbox 121 3189 1201 3635">
    <p class='ocr_par' dir='ltr' id='par_1_31' title="bbox 121 3189 1201 3635">
     <span class='ocr_line' id='line_1_96' title="bbox 121 3189 1199 3236; baseline -0.003 -10"><span class='ocrx_word' id='word_1_898' title='bbox 121 3191 194 3226; x_wconf 69' lang='lat' dir='ltr'><strong>ol’s‘?</strong></span> <span class='ocrx_word' id='word_1_899' title='bbox 220 3193 267 3224; x_wconf 93' lang='lat' dir='ltr'><strong>L¹</strong></span> <span class='ocrx_word' id='word_1_900' title='bbox 285 3192 297 3235; x_wconf 78' lang='grc' dir='ltr'><strong>ΙΙ</strong></span> <span class='ocrx_word' id='word_1_901' title='bbox 316 3195 332 3225; x_wconf 77' lang='lat'><strong>7</strong></span> <span class='ocrx_word' id='word_1_902' title='bbox 360 3191 608 3225; x_wconf 51' lang='lat' dir='ltr'><strong>abstinarezsssw</strong></span> <span class='ocrx_word' id='word_1_903' title='bbox 625 3194 663 3225; x_wconf 80' lang='lat' dir='ltr'><em>M</em></span> <span class='ocrx_word' id='word_1_904' title='bbox 671 3195 681 3233; x_wconf 95' lang='lat'>]</span> <span class='ocrx_word' id='word_1_905' title='bbox 707 3190 907 3236; x_wconf 77' lang='grc' dir='ltr'><strong><em>ἀναχωρεῖν</em></strong></span> <span class='ocrx_word' id='word_1_906' title='bbox 929 3193 960 3224; x_wconf 93' lang='lat' dir='ltr'><em>L</em></span> <span class='ocrx_word' id='word_1_907' title='bbox 978 3192 991 3234; x_wconf 85' lang='grc' dir='ltr'><strong>ΙΙ</strong></span> <span class='ocrx_word' id='word_1_908' title='bbox 1009 3189 1133 3224; x_wconf 75' lang='grc' dir='ltr'><strong><em>αὐτοὺς</em></strong></span> <span class='ocrx_word' id='word_1_909' title='bbox 1149 3193 1175 3224; x_wconf 82' lang='lat' dir='ltr'><em>L</em></span> <span class='ocrx_word' id='word_1_910' title='bbox 1188 3190 1199 3235; x_wconf 83' lang='grc' dir='ltr'><strong>ΙΙ</strong></span> 
     </span>
     <span class='ocr_line' id='line_1_97' title="bbox 125 3234 1198 3281; baseline -0.002 -10"><span class='ocrx_word' id='word_1_911' title='bbox 125 3240 164 3271; x_wconf 87' lang='grc'><strong>13</strong></span> <span class='ocrx_word' id='word_1_912' title='bbox 191 3234 353 3270; x_wconf 82' lang='grc' dir='ltr'><strong><em>ἐπίδοσιν</em></strong></span> <span class='ocrx_word' id='word_1_913' title='bbox 374 3238 426 3273; x_wconf 65' lang='lat' dir='ltr'><strong>Le</strong></span> <span class='ocrx_word' id='word_1_914' title='bbox 438 3240 526 3278; x_wconf 60' lang='lat' dir='ltr'><strong>Aila]</strong></span> <span class='ocrx_word' id='word_1_915' title='bbox 559 3235 666 3270; x_wconf 85' lang='grc' dir='ltr'><strong><em>δόσιν</em></strong></span> <span class='ocrx_word' id='word_1_916' title='bbox 682 3238 724 3270; x_wconf 88' lang='grc' dir='ltr'><em>Μ</em></span> <span class='ocrx_word' id='word_1_917' title='bbox 747 3237 759 3281; x_wconf 78' lang='grc' dir='ltr'><strong>ΙΙ</strong></span> <span class='ocrx_word' id='word_1_918' title='bbox 781 3237 836 3278; x_wconf 83' lang='grc' dir='ltr'><strong><em>τὸ]</em></strong></span> <span class='ocrx_word' id='word_1_919' title='bbox 870 3237 931 3270; x_wconf 76' lang='grc' dir='ltr'><strong>τοῦ</strong></span> <span class='ocrx_word' id='word_1_920' title='bbox 956 3237 1003 3269; x_wconf 85' lang='lat' dir='ltr'><strong>L¹</strong></span> <span class='ocrx_word' id='word_1_921' title='bbox 1034 3238 1093 3268; x_wconf 84' lang='grc' dir='ltr'><strong>καὶ</strong></span> <span class='ocrx_word' id='word_1_922' title='bbox 1118 3236 1165 3269; x_wconf 80' lang='lat' dir='ltr'><strong>L2</strong></span> <span class='ocrx_word' id='word_1_923' title='bbox 1187 3243 1198 3279; x_wconf 64' lang='lat' dir='ltr'>ss</span> 
     </span>
     <span class='ocr_line' id='line_1_98' title="bbox 124 3277 1198 3326; baseline -0.001 -11"><span class='ocrx_word' id='word_1_924' title='bbox 124 3285 166 3317; x_wconf 89' lang='grc'><strong>14</strong></span> <span class='ocrx_word' id='word_1_925' title='bbox 196 3280 263 3315; x_wconf 78' lang='grc' dir='ltr'><strong>κᾶν</strong></span> <span class='ocrx_word' id='word_1_926' title='bbox 288 3282 333 3315; x_wconf 86' lang='lat' dir='ltr'><em>M</em></span> <span class='ocrx_word' id='word_1_927' title='bbox 337 3284 366 3322; x_wconf 88' lang='grc' dir='ltr'><strong>ς]</strong></span> <span class='ocrx_word' id='word_1_928' title='bbox 403 3284 462 3314; x_wconf 79' lang='grc' dir='ltr'><strong>καὶ</strong></span> <span class='ocrx_word' id='word_1_929' title='bbox 487 3283 516 3315; x_wconf 92' lang='lat' dir='ltr'><em>L</em></span> <span class='ocrx_word' id='word_1_930' title='bbox 545 3283 557 3325; x_wconf 72' lang='lat' dir='ltr'>ss</span> <span class='ocrx_word' id='word_1_931' title='bbox 586 3279 855 3326; x_wconf 78' lang='grc' dir='ltr'><strong><em>πλουσιώτεροι]</em></strong></span> <span class='ocrx_word' id='word_1_932' title='bbox 891 3284 950 3314; x_wconf 85' lang='grc' dir='ltr'><strong>καὶ</strong></span> <span class='ocrx_word' id='word_1_933' title='bbox 983 3277 1198 3315; x_wconf 83' lang='grc' dir='ltr'><strong><em>πλουσιώτε-</em></strong></span> 
     </span>
     <span class='ocr_line' id='line_1_99' title="bbox 145 3324 1199 3373; baseline -0.001 -13"><span class='ocrx_word' id='word_1_934' title='bbox 145 3340 178 3360; x_wconf 88' lang='grc' dir='ltr'><strong>οι</strong></span> <span class='ocrx_word' id='word_1_935' title='bbox 193 3329 222 3360; x_wconf 90' lang='lat' dir='ltr'><em>L</em></span> <span class='ocrx_word' id='word_1_936' title='bbox 239 3327 250 3371; x_wconf 84' lang='grc' dir='ltr'><strong>ΙΙ</strong></span> <span class='ocrx_word' id='word_1_937' title='bbox 273 3330 312 3362; x_wconf 84' lang='grc'><strong>15</strong></span> <span class='ocrx_word' id='word_1_938' title='bbox 330 3330 584 3373; x_wconf 82' lang='grc' dir='ltr'><strong><em>προκρίνονται</em></strong></span> <span class='ocrx_word' id='word_1_939' title='bbox 603 3327 679 3360; x_wconf 86' lang='grc' dir='ltr'><strong><em>εἶτα</em></strong></span> <span class='ocrx_word' id='word_1_940' title='bbox 701 3327 859 3371; x_wconf 83' lang='grc' dir='ltr'><strong><em>φανῆναι</em></strong></span> <span class='ocrx_word' id='word_1_941' title='bbox 874 3328 904 3360; x_wconf 92' lang='lat' dir='ltr'><em>L</em></span> <span class='ocrx_word' id='word_1_942' title='bbox 923 3327 934 3370; x_wconf 74' lang='lat' dir='ltr'>ss</span> <span class='ocrx_word' id='word_1_943' title='bbox 954 3329 995 3360; x_wconf 77' lang='lat'><strong>24</strong></span> <span class='ocrx_word' id='word_1_944' title='bbox 1010 3325 1092 3367; x_wconf 81' lang='grc' dir='ltr'><strong><em>εἴτε]</em></strong></span> <span class='ocrx_word' id='word_1_945' title='bbox 1117 3324 1199 3359; x_wconf 73' lang='grc' dir='ltr'><strong><em>οὔτε</em></strong></span> 
     </span>
     <span class='ocr_line' id='line_1_100' title="bbox 123 3340 1197 3417; baseline -0.001 -11"><span class='ocrx_word' id='word_1_946' title='bbox 123 3340 173 3406; x_wconf 52' lang='lat' dir='ltr'><strong>{a</strong></span> <span class='ocrx_word' id='word_1_947' title='bbox 190 3373 202 3415; x_wconf 91' lang='grc' dir='ltr'><strong>ΙΙ</strong></span> <span class='ocrx_word' id='word_1_948' title='bbox 228 3374 268 3406; x_wconf 83' lang='lat'><strong>25</strong></span> <span class='ocrx_word' id='word_1_949' title='bbox 293 3369 455 3416; x_wconf 78' lang='grc' dir='ltr'><strong><em>βουλεύει</em></strong></span> <span class='ocrx_word' id='word_1_950' title='bbox 479 3371 527 3405; x_wconf 75' lang='lat' dir='ltr'><strong>L⁰</strong></span> <span class='ocrx_word' id='word_1_951' title='bbox 550 3372 562 3416; x_wconf 78' lang='grc' dir='ltr'><strong>Η</strong></span> <span class='ocrx_word' id='word_1_952' title='bbox 586 3374 627 3406; x_wconf 86' lang='grc'><strong>26</strong></span> <span class='ocrx_word' id='word_1_953' title='bbox 652 3372 704 3405; x_wconf 82' lang='grc' dir='ltr'><strong>τῶ</strong></span> <span class='ocrx_word' id='word_1_954' title='bbox 725 3371 964 3417; x_wconf 81' lang='grc' dir='ltr'><strong><em>βουλευτηρίω</em></strong></span> <span class='ocrx_word' id='word_1_955' title='bbox 982 3372 1028 3404; x_wconf 92' lang='lat' dir='ltr'><strong>L¹</strong></span> <span class='ocrx_word' id='word_1_956' title='bbox 1052 3374 1062 3411; x_wconf 90' lang='grc' dir='ltr'><strong>ΙΙ</strong></span> <span class='ocrx_word' id='word_1_957' title='bbox 1089 3373 1129 3405; x_wconf 83' lang='grc'><strong>27</strong></span> <span class='ocrx_word' id='word_1_958' title='bbox 1155 3370 1197 3405; x_wconf 87' lang='grc' dir='ltr'><strong>τό</strong></span> 
     </span>
     <span class='ocr_line' id='line_1_101' title="bbox 146 3414 1199 3461; baseline -0.001 -11"><span class='ocrx_word' id='word_1_959' title='bbox 146 3431 161 3450; x_wconf 90' lang='grc' dir='ltr'><strong>ε</strong></span> <span class='ocrx_word' id='word_1_960' title='bbox 186 3414 247 3451; x_wconf 81' lang='grc' dir='ltr'><strong><em>ἐπ’</em></strong></span> <span class='ocrx_word' id='word_1_961' title='bbox 275 3414 372 3459; x_wconf 75' lang='grc' dir='ltr'><strong><em>αὐτῷ</em></strong></span> <span class='ocrx_word' id='word_1_962' title='bbox 400 3432 456 3451; x_wconf 84' lang='lat' dir='ltr'><strong>om.</strong></span> <span class='ocrx_word' id='word_1_963' title='bbox 483 3430 502 3453; x_wconf 86' lang='grc' dir='ltr'><strong><em>ς</em></strong></span> <span class='ocrx_word' id='word_1_964' title='bbox 517 3417 528 3460; x_wconf 81' lang='grc'><strong>11</strong></span> <span class='ocrx_word' id='word_1_965' title='bbox 556 3418 689 3450; x_wconf 84' lang='grc' dir='ltr'><strong><em>ἐκείνου</em></strong></span> <span class='ocrx_word' id='word_1_966' title='bbox 715 3418 745 3450; x_wconf 91' lang='lat' dir='ltr'><em>L</em></span> <span class='ocrx_word' id='word_1_967' title='bbox 765 3417 777 3461; x_wconf 81' lang='grc' dir='ltr'><strong>ΙΙ</strong></span> <span class='ocrx_word' id='word_1_968' title='bbox 801 3419 842 3451; x_wconf 87' lang='grc'><strong>28</strong></span> <span class='ocrx_word' id='word_1_969' title='bbox 867 3415 1066 3460; x_wconf 81' lang='grc' dir='ltr'><strong><em>βουλευτὰς]</em></strong></span> <span class='ocrx_word' id='word_1_970' title='bbox 1091 3417 1199 3450; x_wconf 86' lang='lat' dir='ltr'><strong>curia·</strong></span> 
     </span>
     <span class='ocr_line' id='line_1_102' title="bbox 123 3431 1200 3509; baseline -0.001 -14"><span class='ocrx_word' id='word_1_971' title='bbox 123 3431 213 3496; x_wconf 50' lang='lat' dir='ltr'><strong>{libus</strong></span> <span class='ocrx_word' id='word_1_972' title='bbox 237 3465 269 3505; x_wconf 79' lang='grc' dir='ltr'><strong>(ἰ.</strong></span> <span class='ocrx_word' id='word_1_973' title='bbox 286 3477 310 3497; x_wconf 87' lang='lat' dir='ltr'><strong>e.</strong></span> <span class='ocrx_word' id='word_1_974' title='bbox 327 3461 544 3507; x_wconf 74' lang='grc' dir='ltr'><strong><em>βουλευταῖς)</em></strong></span> <span class='ocrx_word' id='word_1_975' title='bbox 566 3474 585 3498; x_wconf 88' lang='grc' dir='ltr'><strong><em>ς</em></strong></span> <span class='ocrx_word' id='word_1_976' title='bbox 600 3462 612 3506; x_wconf 82' lang='grc' dir='ltr'><strong>ΙΙ</strong></span> <span class='ocrx_word' id='word_1_977' title='bbox 633 3464 674 3497; x_wconf 90' lang='grc'><strong>32</strong></span> <span class='ocrx_word' id='word_1_978' title='bbox 698 3465 801 3508; x_wconf 82' lang='grc' dir='ltr'><strong><em>τρίτῃ</em></strong></span> <span class='ocrx_word' id='word_1_979' title='bbox 825 3460 951 3509; x_wconf 80' lang='grc' dir='ltr'><strong><em>ταύτῃ]</em></strong></span> <span class='ocrx_word' id='word_1_980' title='bbox 984 3464 1156 3494; x_wconf 85' lang='lat' dir='ltr'><strong>extraneae</strong></span> <span class='ocrx_word' id='word_1_981' title='bbox 1181 3474 1200 3498; x_wconf 87' lang='grc' dir='ltr'><strong><em>ς</em></strong></span> 
     </span>
     <span class='ocr_line' id='line_1_103' title="bbox 125 3506 1199 3555; baseline -0.001 -15"><span class='ocrx_word' id='word_1_982' title='bbox 125 3506 255 3554; x_wconf 80' lang='grc' dir='ltr'><strong><em>τριπλῇ</em></strong></span> <span class='ocrx_word' id='word_1_983' title='bbox 279 3507 394 3555; x_wconf 80' lang='grc' dir='ltr'><strong><em>ταύτῃ</em></strong></span> <span class='ocrx_word' id='word_1_984' title='bbox 420 3511 500 3542; x_wconf 84' lang='lat' dir='ltr'><strong>coni.</strong></span> <span class='ocrx_word' id='word_1_985' title='bbox 519 3509 706 3541; x_wconf 72' lang='lat' dir='ltr'><strong>Zachariae</strong></span> <span class='ocrx_word' id='word_1_986' title='bbox 725 3510 736 3550; x_wconf 79' lang='grc' dir='ltr'>Η</span> <span class='ocrx_word' id='word_1_987' title='bbox 754 3510 795 3541; x_wconf 82' lang='grc'><strong>39</strong></span> <span class='ocrx_word' id='word_1_988' title='bbox 821 3508 984 3549; x_wconf 78' lang='lat' dir='ltr'><strong>adgnatus</strong></span> <span class='ocrx_word' id='word_1_989' title='bbox 1009 3508 1048 3540; x_wconf 91' lang='lat' dir='ltr'><em>M</em></span> <span class='ocrx_word' id='word_1_990' title='bbox 1077 3507 1199 3550; x_wconf 84' lang='lat' dir='ltr'><strong>adgua-</strong></span> 
     </span>
     <span class='ocr_line' id='line_1_104' title="bbox 125 3551 1201 3631; baseline 0.002 -47"><span class='ocrx_word' id='word_1_991' title='bbox 125 3555 223 3606; x_wconf 73' lang='lat' dir='ltr'><strong>natus</strong></span> <span class='ocrx_word' id='word_1_992' title='bbox 233 3555 280 3631; x_wconf 37' lang='grc' dir='ltr'><strong>ἑὲ</strong></span> <span class='ocrx_word' id='word_1_993' title='bbox 289 3553 301 3597; x_wconf 78' lang='grc' dir='ltr'><strong>ΙΙ</strong></span> <span class='ocrx_word' id='word_1_994' title='bbox 328 3556 370 3588; x_wconf 90' lang='grc'><strong>40</strong></span> <span class='ocrx_word' id='word_1_995' title='bbox 395 3556 555 3596; x_wconf 81' lang='lat' dir='ltr'><strong>cognatus</strong></span> <span class='ocrx_word' id='word_1_996' title='bbox 569 3554 599 3585; x_wconf 93' lang='lat' dir='ltr'><em>L</em></span> <span class='ocrx_word' id='word_1_997' title='bbox 624 3551 816 3598; x_wconf 81' lang='grc' dir='ltr'><strong><em>κογνάτους</em></strong></span> <span class='ocrx_word' id='word_1_998' title='bbox 838 3554 882 3586; x_wconf 88' lang='grc' dir='ltr'>Μ</span> <span class='ocrx_word' id='word_1_999' title='bbox 894 3552 906 3596; x_wconf 87' lang='grc' dir='ltr'><strong>ΙΙ</strong></span> <span class='ocrx_word' id='word_1_1000' title='bbox 929 3555 1024 3593; x_wconf 91' lang='grc' dir='ltr'><strong><em>τινα]</em></strong></span> <span class='ocrx_word' id='word_1_1001' title='bbox 1049 3553 1201 3586; x_wconf 79' lang='grc' dir='ltr'><strong><em>ἐκείνους</em></strong></span> 
     </span>
     <span class='ocr_line' id='line_1_105' title="bbox 125 3610 307 3635; baseline 0 -5"><span class='ocrx_word' id='word_1_1002' title='bbox 125 3610 208 3630; x_wconf 89' lang='grc' dir='ltr'><strong><em>τινα</em></strong></span> <span class='ocrx_word' id='word_1_1003' title='bbox 289 3611 307 3635; x_wconf 84' lang='grc' dir='ltr'><strong><em>ς</em></strong></span> 
     </span>
    </p>
   </div>
   <div class='ocr_carea' id='block_1_30' title="bbox 127 3687 1201 3816">
    <p class='ocr_par' dir='ltr' id='par_1_32' title="bbox 127 3687 1201 3816">
     <span class='ocr_line' id='line_1_106' title="bbox 182 3687 1165 3732; baseline 0.002 -13"><span class='ocrx_word' id='word_1_1004' title='bbox 182 3688 198 3720; x_wconf 90' lang='grc'>1</span> <span class='ocrx_word' id='word_1_1005' title='bbox 224 3687 380 3729; x_wconf 83' lang='lat' dir='ltr'><strong>legitimis</strong></span> <span class='ocrx_word' id='word_1_1006' title='bbox 401 3689 569 3722; x_wconf 83' lang='lat' dir='ltr'><strong>dissimilis</strong></span> <span class='ocrx_word' id='word_1_1007' title='bbox 590 3689 622 3721; x_wconf 98' lang='lat' dir='ltr'><em>R</em></span> <span class='ocrx_word' id='word_1_1008' title='bbox 647 3688 658 3732; x_wconf 84' lang='grc' dir='ltr'><strong>ΙΙ</strong></span> <span class='ocrx_word' id='word_1_1009' title='bbox 683 3690 701 3721; x_wconf 90' lang='grc'>2</span> <span class='ocrx_word' id='word_1_1010' title='bbox 726 3690 784 3729; x_wconf 87' lang='lat' dir='ltr'><strong>ita]</strong></span> <span class='ocrx_word' id='word_1_1011' title='bbox 812 3698 852 3720; x_wconf 73' lang='lat' dir='ltr'><strong>*a</strong></span> <span class='ocrx_word' id='word_1_1012' title='bbox 872 3688 922 3721; x_wconf 83' lang='lat' dir='ltr'><strong>V¹</strong></span> <span class='ocrx_word' id='word_1_1013' title='bbox 942 3688 952 3729; x_wconf 92' lang='grc' dir='ltr'><strong>ΙΙ</strong></span> <span class='ocrx_word' id='word_1_1014' title='bbox 977 3690 1109 3721; x_wconf 77' lang='lat' dir='ltr'><strong>tantum</strong></span> <span class='ocrx_word' id='word_1_1015' title='bbox 1134 3690 1165 3722; x_wconf 89' lang='lat' dir='ltr'><em>R</em></span> 
     </span>
     <span class='ocr_line' id='line_1_107' title="bbox 127 3687 1201 3778; baseline 0.004 -14"><span class='ocrx_word' id='word_1_1016' title='bbox 127 3732 146 3765; x_wconf 87' lang='grc'>3</span> <span class='ocrx_word' id='word_1_1017' title='bbox 172 3741 282 3764; x_wconf 91' lang='lat' dir='ltr'><strong>eorum</strong></span> <span class='ocrx_word' id='word_1_1018' title='bbox 306 3733 384 3778; x_wconf 76' lang='lat' dir='ltr'><strong>R2n</strong></span> <span class='ocrx_word' id='word_1_1019' title='bbox 410 3736 431 3768; x_wconf 84' lang='lat'>4</span> <span class='ocrx_word' id='word_1_1020' title='bbox 451 3735 587 3767; x_wconf 86' lang='lat' dir='ltr'><strong>habenti</strong></span> <span class='ocrx_word' id='word_1_1021' title='bbox 613 3735 686 3767; x_wconf 76' lang='grc' dir='ltr'><strong>ΕΤ</strong></span> <span class='ocrx_word' id='word_1_1022' title='bbox 697 3733 709 3778; x_wconf 86' lang='grc' dir='ltr'><strong>ΙΙ</strong></span> <span class='ocrx_word' id='word_1_1023' title='bbox 736 3735 755 3767; x_wconf 92' lang='grc'><strong>6</strong></span> <span class='ocrx_word' id='word_1_1024' title='bbox 780 3744 833 3766; x_wconf 85' lang='lat' dir='ltr'><strong>eas</strong></span> <span class='ocrx_word' id='word_1_1025' title='bbox 862 3732 939 3778; x_wconf 67' lang='lat' dir='ltr'><strong>17¹ss</strong></span> <span class='ocrx_word' id='word_1_1026' title='bbox 960 3736 977 3767; x_wconf 84' lang='lat'><strong>7</strong></span> <span class='ocrx_word' id='word_1_1027' title='bbox 1002 3745 1035 3766; x_wconf 83' lang='lat' dir='ltr'><strong>se</strong></span> <span class='ocrx_word' id='word_1_1028' title='bbox 1060 3747 1118 3767; x_wconf 86' lang='lat' dir='ltr'><strong>om.</strong></span> <span class='ocrx_word' id='word_1_1029' title='bbox 1140 3734 1172 3768; x_wconf 99' lang='lat' dir='ltr'><strong><em>V</em></strong></span> <span class='ocrx_word' id='word_1_1030' title='bbox 1189 3687 1201 3778; x_wconf 69' lang='grc' dir='ltr'>Η</span> 
     </span>
     <span class='ocr_line' id='line_1_108' title="bbox 200 3788 251 3816; baseline 0.02 -1"><span class='ocrx_word' id='word_1_1031' title='bbox 200 3788 251 3816; x_wconf 83' lang='lat'><strong>111.</strong></span> 
     </span>
    </p>
   </div>
   <div class='ocr_carea' id='block_1_31' title="bbox 1267 3189 2348 3776">
    <p class='ocr_par' dir='ltr' id='par_1_33' title="bbox 1267 3189 2348 3776">
     <span class='ocr_line' id='line_1_109' title="bbox 1271 3189 2343 3233; baseline -0.003 -9"><span class='ocrx_word' id='word_1_1032' title='bbox 1271 3192 1308 3224; x_wconf 86' lang='lat'><strong>13</strong></span> <span class='ocrx_word' id='word_1_1033' title='bbox 1334 3190 1432 3222; x_wconf 87' lang='lat' dir='ltr'><strong>liberi</strong></span> <span class='ocrx_word' id='word_1_1034' title='bbox 1457 3191 1541 3233; x_wconf 73' lang='lat' dir='ltr'><strong>vulq.</strong></span> <span class='ocrx_word' id='word_1_1035' title='bbox 1562 3190 1574 3232; x_wconf 84' lang='grc' dir='ltr'><strong>ΙΙ</strong></span> <span class='ocrx_word' id='word_1_1036' title='bbox 1590 3189 1733 3221; x_wconf 89' lang='lat' dir='ltr'><strong>ditiones</strong></span> <span class='ocrx_word' id='word_1_1037' title='bbox 1747 3190 1779 3222; x_wconf 91' lang='lat' dir='ltr'><em>T</em></span> <span class='ocrx_word' id='word_1_1038' title='bbox 1787 3190 1798 3210; x_wconf 85' lang='lat'><strong>¹</strong></span> <span class='ocrx_word' id='word_1_1039' title='bbox 1822 3190 2055 3224; x_wconf 81' lang='lat' dir='ltr'><strong>diditioresR¹</strong></span> <span class='ocrx_word' id='word_1_1040' title='bbox 2080 3190 2273 3222; x_wconf 88' lang='lat' dir='ltr'><strong>donationes</strong></span> <span class='ocrx_word' id='word_1_1041' title='bbox 2296 3190 2343 3232; x_wconf 67' lang='lat' dir='ltr'><strong>Vll</strong></span> 
     </span>
     <span class='ocr_line' id='line_1_110' title="bbox 1271 3233 2344 3278; baseline 0 -13"><span class='ocrx_word' id='word_1_1042' title='bbox 1271 3238 1311 3269; x_wconf 83' lang='lat'><strong>14</strong></span> <span class='ocrx_word' id='word_1_1043' title='bbox 1333 3237 1499 3266; x_wconf 59' lang='lat' dir='ltr'><strong>*uantur</strong></span> <span class='ocrx_word' id='word_1_1044' title='bbox 1522 3234 1569 3266; x_wconf 80' lang='lat' dir='ltr'><strong>R¹</strong></span> <span class='ocrx_word' id='word_1_1045' title='bbox 1587 3234 1599 3277; x_wconf 82' lang='grc' dir='ltr'><strong>ΙΙ</strong></span> <span class='ocrx_word' id='word_1_1046' title='bbox 1616 3235 1652 3266; x_wconf 91' lang='lat' dir='ltr'><strong>in</strong></span> <span class='ocrx_word' id='word_1_1047' title='bbox 1678 3247 1736 3267; x_wconf 88' lang='lat' dir='ltr'><strong>om.</strong></span> <span class='ocrx_word' id='word_1_1048' title='bbox 1753 3235 1785 3267; x_wconf 86' lang='lat' dir='ltr'><em>T</em></span> <span class='ocrx_word' id='word_1_1049' title='bbox 1793 3234 1803 3254; x_wconf 83' lang='lat'>¹</span> <span class='ocrx_word' id='word_1_1050' title='bbox 1822 3235 1834 3275; x_wconf 78' lang='grc'><strong>11</strong></span> <span class='ocrx_word' id='word_1_1051' title='bbox 1862 3236 1901 3270; x_wconf 84' lang='grc'><strong>15</strong></span> <span class='ocrx_word' id='word_1_1052' title='bbox 1926 3235 2108 3278; x_wconf 81' lang='lat' dir='ltr'><strong>possideres</strong></span> <span class='ocrx_word' id='word_1_1053' title='bbox 2128 3235 2181 3268; x_wconf 82' lang='lat' dir='ltr'><strong>Va</strong></span> <span class='ocrx_word' id='word_1_1054' title='bbox 2197 3234 2208 3277; x_wconf 83' lang='grc' dir='ltr'><strong>ΙΙ</strong></span> <span class='ocrx_word' id='word_1_1055' title='bbox 2227 3233 2344 3266; x_wconf 83' lang='lat' dir='ltr'><strong>relicta</strong></span> 
     </span>
     <span class='ocr_line' id='line_1_111' title="bbox 1268 3278 2342 3323; baseline -0.002 -10"><span class='ocrx_word' id='word_1_1056' title='bbox 1268 3281 1359 3313; x_wconf 90' lang='lat' dir='ltr'><strong>R¹V</strong></span> <span class='ocrx_word' id='word_1_1057' title='bbox 1379 3280 1390 3323; x_wconf 86' lang='grc' dir='ltr'><strong>ΙΙ</strong></span> <span class='ocrx_word' id='word_1_1058' title='bbox 1408 3279 1471 3312; x_wconf 86' lang='lat' dir='ltr'><strong>sibi</strong></span> <span class='ocrx_word' id='word_1_1059' title='bbox 1497 3292 1554 3312; x_wconf 89' lang='lat' dir='ltr'><strong>om.</strong></span> <span class='ocrx_word' id='word_1_1060' title='bbox 1571 3280 1618 3312; x_wconf 61' lang='grc' dir='ltr'><strong>Β*</strong></span> <span class='ocrx_word' id='word_1_1061' title='bbox 1643 3278 1654 3323; x_wconf 92' lang='grc' dir='ltr'><strong>ΙΙ</strong></span> <span class='ocrx_word' id='word_1_1062' title='bbox 1684 3280 1724 3313; x_wconf 88' lang='grc'><strong>16</strong></span> <span class='ocrx_word' id='word_1_1063' title='bbox 1749 3280 1897 3320; x_wconf 88' lang='lat' dir='ltr'><strong>omnino]</strong></span> <span class='ocrx_word' id='word_1_1064' title='bbox 1923 3283 1981 3312; x_wconf 81' lang='lat' dir='ltr'><strong>aut</strong></span> <span class='ocrx_word' id='word_1_1065' title='bbox 2006 3280 2141 3312; x_wconf 88' lang='lat' dir='ltr'><strong>omnino</strong></span> <span class='ocrx_word' id='word_1_1066' title='bbox 2165 3279 2214 3312; x_wconf 91' lang='lat' dir='ltr'><strong>R¹</strong></span> <span class='ocrx_word' id='word_1_1067' title='bbox 2239 3280 2250 3322; x_wconf 90' lang='grc' dir='ltr'><strong>ΙΙ</strong></span> <span class='ocrx_word' id='word_1_1068' title='bbox 2276 3279 2342 3311; x_wconf 87' lang='lat' dir='ltr'><strong>for-</strong></span> 
     </span>
     <span class='ocr_line' id='line_1_112' title="bbox 1267 3323 2343 3367; baseline -0.002 -10"><span class='ocrx_word' id='word_1_1069' title='bbox 1267 3328 1348 3358; x_wconf 90' lang='lat' dir='ltr'><strong>tune</strong></span> <span class='ocrx_word' id='word_1_1070' title='bbox 1370 3325 1423 3367; x_wconf 74' lang='lat' dir='ltr'><strong>Vll</strong></span> <span class='ocrx_word' id='word_1_1071' title='bbox 1446 3326 1484 3358; x_wconf 82' lang='grc'><strong>18</strong></span> <span class='ocrx_word' id='word_1_1072' title='bbox 1511 3326 1678 3356; x_wconf 88' lang='lat' dir='ltr'><strong>uenantur</strong></span> <span class='ocrx_word' id='word_1_1073' title='bbox 1705 3324 1748 3357; x_wconf 87' lang='lat' dir='ltr'><strong>T¹</strong></span> <span class='ocrx_word' id='word_1_1074' title='bbox 1772 3328 1950 3358; x_wconf 87' lang='lat' dir='ltr'><strong>ueneretur</strong></span> <span class='ocrx_word' id='word_1_1075' title='bbox 1975 3326 2023 3358; x_wconf 88' lang='lat' dir='ltr'><strong>R¹</strong></span> <span class='ocrx_word' id='word_1_1076' title='bbox 2047 3327 2250 3358; x_wconf 89' lang='lat' dir='ltr'><strong>uenerentur</strong></span> <span class='ocrx_word' id='word_1_1077' title='bbox 2270 3323 2343 3367; x_wconf 65' lang='lat' dir='ltr'><strong>R²11</strong></span> 
     </span>
     <span class='ocr_line' id='line_1_113' title="bbox 1270 3369 2342 3412; baseline -0.003 -8"><span class='ocrx_word' id='word_1_1078' title='bbox 1270 3373 1310 3405; x_wconf 87' lang='lat'><strong>19</strong></span> <span class='ocrx_word' id='word_1_1079' title='bbox 1335 3372 1424 3410; x_wconf 86' lang='lat' dir='ltr'><strong>sunt]</strong></span> <span class='ocrx_word' id='word_1_1080' title='bbox 1451 3369 1552 3401; x_wconf 89' lang='lat' dir='ltr'><strong>fuerit</strong></span> <span class='ocrx_word' id='word_1_1081' title='bbox 1573 3369 1629 3412; x_wconf 73' lang='lat' dir='ltr'><strong>Vn</strong></span> <span class='ocrx_word' id='word_1_1082' title='bbox 1656 3371 1696 3403; x_wconf 90' lang='grc'><strong>20</strong></span> <span class='ocrx_word' id='word_1_1083' title='bbox 1722 3369 1847 3402; x_wconf 87' lang='lat' dir='ltr'><strong>lucram</strong></span> <span class='ocrx_word' id='word_1_1084' title='bbox 1871 3371 1923 3404; x_wconf 83' lang='lat' dir='ltr'><strong>Va</strong></span> <span class='ocrx_word' id='word_1_1085' title='bbox 1942 3371 1953 3408; x_wconf 85' lang='grc' dir='ltr'><strong>ΙΙ</strong></span> <span class='ocrx_word' id='word_1_1086' title='bbox 1980 3372 2172 3403; x_wconf 88' lang='lat' dir='ltr'><strong>meruerunt</strong></span> <span class='ocrx_word' id='word_1_1087' title='bbox 2193 3370 2242 3402; x_wconf 85' lang='lat' dir='ltr'><strong>Va</strong></span> <span class='ocrx_word' id='word_1_1088' title='bbox 2266 3379 2342 3411; x_wconf 88' lang='lat' dir='ltr'><strong>pro-</strong></span> 
     </span>
     <span class='ocr_line' id='line_1_114' title="bbox 1268 3413 2336 3458; baseline -0.001 -10"><span class='ocrx_word' id='word_1_1089' title='bbox 1268 3419 1437 3448; x_wconf 86' lang='lat' dir='ltr'><strong>merentur</strong></span> <span class='ocrx_word' id='word_1_1090' title='bbox 1454 3415 1485 3448; x_wconf 88' lang='lat' dir='ltr'><em>T</em></span> <span class='ocrx_word' id='word_1_1091' title='bbox 1498 3414 1510 3458; x_wconf 78' lang='grc' dir='ltr'><strong>ΙΙ</strong></span> <span class='ocrx_word' id='word_1_1092' title='bbox 1526 3415 1583 3455; x_wconf 89' lang='lat' dir='ltr'><strong>Et]</strong></span> <span class='ocrx_word' id='word_1_1093' title='bbox 1609 3415 1665 3446; x_wconf 78' lang='lat' dir='ltr'><strong>Set</strong></span> <span class='ocrx_word' id='word_1_1094' title='bbox 1688 3414 1742 3458; x_wconf 73' lang='lat' dir='ltr'><strong>VH</strong></span> <span class='ocrx_word' id='word_1_1095' title='bbox 1769 3417 1807 3449; x_wconf 91' lang='grc'><strong>21</strong></span> <span class='ocrx_word' id='word_1_1096' title='bbox 1830 3418 1862 3448; x_wconf 92' lang='lat' dir='ltr'><strong>et</strong></span> <span class='ocrx_word' id='word_1_1097' title='bbox 1878 3415 1914 3447; x_wconf 92' lang='lat' dir='ltr'><strong>in</strong></span> <span class='ocrx_word' id='word_1_1098' title='bbox 1930 3416 2096 3457; x_wconf 82' lang='lat' dir='ltr'><strong>masculis]</strong></span> <span class='ocrx_word' id='word_1_1099' title='bbox 2124 3417 2156 3448; x_wconf 87' lang='lat' dir='ltr'><strong>et</strong></span> <span class='ocrx_word' id='word_1_1100' title='bbox 2181 3428 2238 3447; x_wconf 86' lang='lat' dir='ltr'><strong>om.</strong></span> <span class='ocrx_word' id='word_1_1101' title='bbox 2253 3413 2336 3458; x_wconf 71' lang='lat' dir='ltr'><strong>RT}</strong></span> 
     </span>
     <span class='ocr_line' id='line_1_115' title="bbox 1269 3414 2344 3524; baseline -0.004 -29"><span class='ocrx_word' id='word_1_1102' title='bbox 1269 3463 1310 3495; x_wconf 90' lang='grc'><strong>23</strong></span> <span class='ocrx_word' id='word_1_1103' title='bbox 1336 3460 1498 3493; x_wconf 81' lang='lat' dir='ltr'><strong>mascules</strong></span> <span class='ocrx_word' id='word_1_1104' title='bbox 1519 3460 1569 3492; x_wconf 83' lang='lat' dir='ltr'><strong>Va</strong></span> <span class='ocrx_word' id='word_1_1105' title='bbox 1588 3459 1599 3503; x_wconf 84' lang='grc' dir='ltr'><strong>ΙΙ</strong></span> <span class='ocrx_word' id='word_1_1106' title='bbox 1616 3459 1729 3492; x_wconf 87' lang='lat' dir='ltr'><strong>munie</strong></span> <span class='ocrx_word' id='word_1_1107' title='bbox 1751 3460 1799 3493; x_wconf 91' lang='lat' dir='ltr'><strong>V¹</strong></span> <span class='ocrx_word' id='word_1_1108' title='bbox 1823 3471 1960 3493; x_wconf 83' lang='lat' dir='ltr'><strong>munera</strong></span> <span class='ocrx_word' id='word_1_1109' title='bbox 1983 3460 2091 3494; x_wconf 85' lang='lat' dir='ltr'><strong><em>V³T³</em></strong></span> <span class='ocrx_word' id='word_1_1110' title='bbox 2106 3459 2118 3504; x_wconf 76' lang='lat' dir='ltr'>u</span> <span class='ocrx_word' id='word_1_1111' title='bbox 2138 3461 2181 3493; x_wconf 91' lang='grc'><strong>24</strong></span> <span class='ocrx_word' id='word_1_1112' title='bbox 2204 3414 2344 3524; x_wconf 57' lang='lat' dir='ltr'><strong>agith</strong></span> 
     </span>
     <span class='ocr_line' id='line_1_116' title="bbox 1268 3503 2328 3549; baseline -0.001 -11"><span class='ocrx_word' id='word_1_1113' title='bbox 1268 3517 1363 3549; x_wconf 84' lang='lat' dir='ltr'><strong>agere</strong></span> <span class='ocrx_word' id='word_1_1114' title='bbox 1388 3506 1436 3538; x_wconf 83' lang='lat' dir='ltr'><strong>R²</strong></span> <span class='ocrx_word' id='word_1_1115' title='bbox 1454 3505 1466 3549; x_wconf 81' lang='grc' dir='ltr'><strong>ΙΙ</strong></span> <span class='ocrx_word' id='word_1_1116' title='bbox 1484 3504 1604 3537; x_wconf 88' lang='lat' dir='ltr'><strong>uolunt</strong></span> <span class='ocrx_word' id='word_1_1117' title='bbox 1623 3505 1655 3537; x_wconf 88' lang='lat' dir='ltr'><em>T</em></span> <span class='ocrx_word' id='word_1_1118' title='bbox 1666 3504 1678 3549; x_wconf 76' lang='grc' dir='ltr'><strong>ΙῙ</strong></span> <span class='ocrx_word' id='word_1_1119' title='bbox 1698 3506 1739 3539; x_wconf 89' lang='grc'><strong>30</strong></span> <span class='ocrx_word' id='word_1_1120' title='bbox 1751 3518 1799 3548; x_wconf 85' lang='lat' dir='ltr'><strong>sq.</strong></span> <span class='ocrx_word' id='word_1_1121' title='bbox 1824 3516 1883 3547; x_wconf 90' lang='lat' dir='ltr'><strong>per</strong></span> <span class='ocrx_word' id='word_1_1122' title='bbox 1907 3524 1950 3529; x_wconf 91' lang='lat'><strong>——-</strong></span> <span class='ocrx_word' id='word_1_1123' title='bbox 1972 3506 2070 3537; x_wconf 87' lang='lat' dir='ltr'><strong>etiam</strong></span> <span class='ocrx_word' id='word_1_1124' title='bbox 2094 3503 2194 3549; x_wconf 72' lang='lat' dir='ltr'><strong>extra}</strong></span> <span class='ocrx_word' id='word_1_1125' title='bbox 2218 3518 2280 3539; x_wconf 87' lang='lat' dir='ltr'><strong>scr.</strong></span> <span class='ocrx_word' id='word_1_1126' title='bbox 2297 3504 2328 3537; x_wconf 82' lang='lat' dir='ltr'><strong><em>R</em></strong></span> 
     </span>
     <span class='ocr_line' id='line_1_117' title="bbox 1269 3550 2342 3594; baseline -0.002 -9"><span class='ocrx_word' id='word_1_1127' title='bbox 1269 3554 1301 3585; x_wconf 84' lang='lat' dir='ltr'><strong>in</strong></span> <span class='ocrx_word' id='word_1_1128' title='bbox 1326 3564 1392 3585; x_wconf 85' lang='lat' dir='ltr'><strong>ras.</strong></span> <span class='ocrx_word' id='word_1_1129' title='bbox 1418 3552 1513 3583; x_wconf 83' lang='lat' dir='ltr'><strong>unius</strong></span> <span class='ocrx_word' id='word_1_1130' title='bbox 1536 3562 1646 3584; x_wconf 84' lang='lat' dir='ltr'><strong>versus</strong></span> <span class='ocrx_word' id='word_1_1131' title='bbox 1670 3552 1681 3592; x_wconf 81' lang='grc' dir='ltr'><strong>ΙΙ</strong></span> <span class='ocrx_word' id='word_1_1132' title='bbox 1712 3551 1754 3583; x_wconf 88' lang='grc'><strong>32</strong></span> <span class='ocrx_word' id='word_1_1133' title='bbox 1779 3550 1976 3592; x_wconf 85' lang='lat' dir='ltr'><strong>cognatione</strong></span> <span class='ocrx_word' id='word_1_1134' title='bbox 2001 3550 2034 3582; x_wconf 88' lang='lat' dir='ltr'><em>R</em></span> <span class='ocrx_word' id='word_1_1135' title='bbox 2058 3550 2070 3594; x_wconf 80' lang='grc' dir='ltr'><strong>ΙΙ</strong></span> <span class='ocrx_word' id='word_1_1136' title='bbox 2096 3553 2129 3582; x_wconf 89' lang='lat' dir='ltr'><strong>et</strong></span> <span class='ocrx_word' id='word_1_1137' title='bbox 2153 3551 2204 3591; x_wconf 85' lang='lat' dir='ltr'><strong>ex]</strong></span> <span class='ocrx_word' id='word_1_1138' title='bbox 2227 3552 2260 3583; x_wconf 88' lang='lat' dir='ltr'><strong>et</strong></span> <span class='ocrx_word' id='word_1_1139' title='bbox 2284 3563 2342 3583; x_wconf 87' lang='lat' dir='ltr'><strong>om.</strong></span> 
     </span>
     <span class='ocr_line' id='line_1_118' title="bbox 1268 3595 2344 3639; baseline -0.003 -9"><span class='ocrx_word' id='word_1_1140' title='bbox 1268 3597 1318 3630; x_wconf 83' lang='lat' dir='ltr'><strong>R¹</strong></span> <span class='ocrx_word' id='word_1_1141' title='bbox 1336 3598 1346 3638; x_wconf 78' lang='grc' dir='ltr'><strong>ΙΙ</strong></span> <span class='ocrx_word' id='word_1_1142' title='bbox 1371 3597 1412 3630; x_wconf 87' lang='lat'><strong>33</strong></span> <span class='ocrx_word' id='word_1_1143' title='bbox 1437 3598 1595 3637; x_wconf 80' lang='lat' dir='ltr'><strong>extroque</strong></span> <span class='ocrx_word' id='word_1_1144' title='bbox 1622 3596 1679 3637; x_wconf 81' lang='grc' dir='ltr'><strong>ΤΙΙ</strong></span> <span class='ocrx_word' id='word_1_1145' title='bbox 1704 3597 1782 3627; x_wconf 90' lang='lat' dir='ltr'><strong>sunt</strong></span> <span class='ocrx_word' id='word_1_1146' title='bbox 1803 3596 1943 3638; x_wconf 57' lang='lat' dir='ltr'><strong>Vincla]</strong></span> <span class='ocrx_word' id='word_1_1147' title='bbox 1969 3596 2038 3628; x_wconf 86' lang='lat' dir='ltr'><strong>sint</strong></span> <span class='ocrx_word' id='word_1_1148' title='bbox 2062 3596 2130 3628; x_wconf 88' lang='lat' dir='ltr'><strong>RT</strong></span> <span class='ocrx_word' id='word_1_1149' title='bbox 2150 3595 2162 3639; x_wconf 89' lang='grc' dir='ltr'><strong>ΙΙ</strong></span> <span class='ocrx_word' id='word_1_1150' title='bbox 2188 3597 2231 3630; x_wconf 83' lang='grc'><strong>35</strong></span> <span class='ocrx_word' id='word_1_1151' title='bbox 2256 3595 2344 3628; x_wconf 85' lang='lat' dir='ltr'><strong>enim</strong></span> 
     </span>
     <span class='ocr_line' id='line_1_119' title="bbox 1269 3639 2344 3686; baseline -0.002 -11"><span class='ocrx_word' id='word_1_1152' title='bbox 1269 3655 1325 3675; x_wconf 87' lang='lat' dir='ltr'><strong>om.</strong></span> <span class='ocrx_word' id='word_1_1153' title='bbox 1345 3642 1377 3675; x_wconf 92' lang='lat' dir='ltr'><strong><em>V</em></strong></span> <span class='ocrx_word' id='word_1_1154' title='bbox 1389 3640 1400 3686; x_wconf 85' lang='grc' dir='ltr'><strong>ΙΙ</strong></span> <span class='ocrx_word' id='word_1_1155' title='bbox 1419 3643 1459 3675; x_wconf 85' lang='grc'><strong>37</strong></span> <span class='ocrx_word' id='word_1_1156' title='bbox 1477 3644 1606 3673; x_wconf 81' lang='lat' dir='ltr'><strong>tantum</strong></span> <span class='ocrx_word' id='word_1_1157' title='bbox 1621 3641 1653 3674; x_wconf 89' lang='lat' dir='ltr'><em>R</em></span> <span class='ocrx_word' id='word_1_1158' title='bbox 1672 3640 1684 3684; x_wconf 79' lang='grc' dir='ltr'><strong>ΙΙ</strong></span> <span class='ocrx_word' id='word_1_1159' title='bbox 1699 3641 1881 3683; x_wconf 84' lang='lat' dir='ltr'><strong>partipium</strong></span> <span class='ocrx_word' id='word_1_1160' title='bbox 1902 3640 1958 3684; x_wconf 67' lang='lat' dir='ltr'><strong>Vll</strong></span> <span class='ocrx_word' id='word_1_1161' title='bbox 1976 3641 2017 3674; x_wconf 87' lang='lat'><strong>38</strong></span> <span class='ocrx_word' id='word_1_1162' title='bbox 2037 3651 2075 3673; x_wconf 87' lang='lat' dir='ltr'><strong>ex</strong></span> <span class='ocrx_word' id='word_1_1163' title='bbox 2092 3653 2149 3674; x_wconf 89' lang='lat' dir='ltr'><strong>om.</strong></span> <span class='ocrx_word' id='word_1_1164' title='bbox 2170 3641 2200 3673; x_wconf 88' lang='lat' dir='ltr'><strong><em>V</em></strong></span> <span class='ocrx_word' id='word_1_1165' title='bbox 2213 3639 2226 3684; x_wconf 78' lang='grc' dir='ltr'><strong>ΙΙ</strong></span> <span class='ocrx_word' id='word_1_1166' title='bbox 2243 3639 2344 3673; x_wconf 83' lang='lat' dir='ltr'><strong>latere</strong></span> 
     </span>
     <span class='ocr_line' id='line_1_120' title="bbox 1277 3685 2348 3730; baseline -0.002 -10"><span class='ocrx_word' id='word_1_1167' title='bbox 1277 3687 1324 3721; x_wconf 83' lang='lat' dir='ltr'><strong>V2</strong></span> <span class='ocrx_word' id='word_1_1168' title='bbox 1339 3689 1370 3720; x_wconf 86' lang='lat' dir='ltr'><strong>in</strong></span> <span class='ocrx_word' id='word_1_1169' title='bbox 1384 3700 1450 3720; x_wconf 84' lang='lat' dir='ltr'><strong>ras.</strong></span> <span class='ocrx_word' id='word_1_1170' title='bbox 1469 3686 1481 3730; x_wconf 75' lang='grc' dir='ltr'>Η</span> <span class='ocrx_word' id='word_1_1171' title='bbox 1505 3687 1547 3720; x_wconf 87' lang='grc'><strong>39</strong></span> <span class='ocrx_word' id='word_1_1172' title='bbox 1572 3685 1660 3726; x_wconf 86' lang='lat' dir='ltr'><strong>illos]</strong></span> <span class='ocrx_word' id='word_1_1173' title='bbox 1687 3686 1769 3718; x_wconf 87' lang='lat' dir='ltr'><strong>alios</strong></span> <span class='ocrx_word' id='word_1_1174' title='bbox 1796 3686 1827 3718; x_wconf 88' lang='lat' dir='ltr'><em>T</em></span> <span class='ocrx_word' id='word_1_1175' title='bbox 1850 3685 1862 3730; x_wconf 85' lang='grc' dir='ltr'><strong>ΙΙ</strong></span> <span class='ocrx_word' id='word_1_1176' title='bbox 1889 3685 2018 3727; x_wconf 87' lang='lat' dir='ltr'><strong>aliquid</strong></span> <span class='ocrx_word' id='word_1_1177' title='bbox 2042 3686 2129 3727; x_wconf 84' lang='lat' dir='ltr'><strong>RV]</strong></span> <span class='ocrx_word' id='word_1_1178' title='bbox 2160 3685 2291 3728; x_wconf 78' lang='lat' dir='ltr'><strong>aliquos</strong></span> <span class='ocrx_word' id='word_1_1179' title='bbox 2317 3686 2348 3718; x_wconf 87' lang='lat' dir='ltr'><em>T</em></span> 
     </span>
     <span class='ocr_line' id='line_1_121' title="bbox 1268 3732 1513 3776; baseline 0 -11"><span class='ocrx_word' id='word_1_1180' title='bbox 1268 3732 1404 3774; x_wconf 82' lang='lat' dir='ltr'><strong>aliquod</strong></span> <span class='ocrx_word' id='word_1_1181' title='bbox 1426 3732 1513 3776; x_wconf 75' lang='lat' dir='ltr'><strong>vulq.</strong></span> 
     </span>
    </p>
   </div>
   <div class='ocr_carea' id='block_1_32' title="bbox 2028 3789 2072 3822">
    <p class='ocr_par' dir='ltr' id='par_1_34' title="bbox 2028 3789 2072 3822">
     <span class='ocr_line' id='line_1_122' title="bbox 2028 3789 2072 3822; baseline 0.023 -1"><span class='ocrx_word' id='word_1_1182' title='bbox 2028 3789 2072 3822; x_wconf 83' lang='lat'><strong>55</strong></span> 
     </span>
    </p>
   </div>
  </div>
 </body>
</html>
