2618 4010
251 101 356 146 Νον.
388 103 449 146 ΧΙ

1326 257 1380 294 XI

1325 99 1380 173 94

1746 117 1806 148 DE
1833 117 2100 150 PRIVILEGIIS
2129 118 2467 153 ARCHIEPISCOPI

342 328 393 377 R
426 329 518 377 DE
554 326 970 377 PRIVILEGIIS
1007 285 1524 378 ARGfflEPISdOPI
1559 326 1814 377 PRIMAE
1849 329 2291 383 IUSTINIANAE
2321 333 2383 384 R.

651 415 749 452 Idem
772 417 816 453 A.
842 416 1037 452 Catelliano
1061 414 1137 451 viro
1158 414 1363 451 beatissimo
1388 415 1656 462 archiepiscopo
1680 415 1820 452 Primae
1838 416 2065 456 Iustinianae.

387 482 514 519 Multis
538 486 575 519 et
599 483 703 519 variis
726 484 842 521 modis
867 488 1025 520 nostram
1049 481 1201 528 patriam
1225 492 1356 527 augere
1377 483 1569 528 cupientes,
1594 484 1631 519 in
1655 493 1725 529 qua
1746 483 1859 529 prima
1878 484 1965 522 deus
1984 488 2162 532 praestitit
2180 489 2283 525 nobis
2306 488 2352 524 ad
2376 488 2471 524 hunc

253 526 422 562 mundum
446 538 550 572 quem
574 528 651 574 ipse
674 529 834 565 condidit
857 529 986 571 venire,
1011 532 1047 564 et
1070 527 1165 563 circa
1185 528 1441 563 sacerdotalem
1466 538 1653 564 censuram
1677 539 1755 564 eam
1778 529 1940 567 volumus
1961 533 2122 569 maximis
2145 533 2371 570 incrementis
2396 545 2470 569 am-

252 572 387 625 pliaret·
419 578 460 608 ut
483 573 620 609 Primae
640 574 858 610 Iustinianae
881 574 1018 620 patriae
1041 575 1274 626 nostraeprp
1298 576 1367 608 tem

253 617 317 652 scd
340 620 447 654 etiam
470 618 762 672 archiepiscopus
786 619 870 661 fiat,
903 621 939 654 et
964 622 1083 654 certae
1103 628 1303 663 provmclae
1327 629 1369 654 su

1419 583 1458 609 re
1482 576 1733 609 sacrosanctus
1761 574 1911 611 antistes
1934 586 2005 612 non
2029 579 2143 614 solum
2165 582 2277 615 metro
2305 580 2470 621 olitanus,

1370 584 1495 654 gneius
1519 619 1592 654 sint
1613 619 1845 662 auctoritate,
1876 619 1914 655 id
1936 623 1993 657 est
2013 625 2086 658 tam
2108 623 2188 669 ipsa
2214 635 2270 660 me
2295 624 2472 660 iterranea

254 662 367 698 Dacia
398 674 503 708 quam
528 664 641 699 Dacia
672 665 824 709 ripensis
848 675 914 699 nec.
936 674 1008 699 non
1032 663 1149 708 Mysia
1172 662 1286 707 prima
1309 667 1345 699 et
1369 663 1553 699 Dardania
1576 667 1613 700 et
1633 665 1880 700 Praevalitana
1906 666 2087 711 provincia
2110 672 2146 704 et
2167 669 2324 705 secunda
2347 669 2468 705 Mace·

210 710 228 744 1
253 707 362 743 donia
384 711 421 744 et
443 720 527 754 pars
552 709 731 745 secundae
755 709 979 752 Pannoniae,
1012 718 1104 753 quae
1127 708 1163 743 in
1186 708 1340 744 Bacensi
1364 711 1420 744 est
1443 709 1595 745 civitate.
1643 710 1732 746 Cum
1755 710 1846 746 enim
1869 710 1907 745 in
1930 711 2086 756 antiquis
2113 714 2329 759 temporibus
2354 714 2471 750 Sirmii

254 753 484 798 praefectura
506 754 625 790 fuerat
649 755 865 797 constituta,
895 754 1016 799 ibique
1039 763 1142 789 omne
1165 753 1285 788 fuerat
1307 753 1439 806 Illyrici
1466 754 1645 799 fastigium
1668 759 1742 790 tam
1765 755 1802 791 in
1827 755 1987 791 civilibus
2012 767 2117 802 quam
2146 757 2184 795 in
2206 759 2470 813 episcopalibus

254 799 382 843 causis,
404 802 530 844 postea
545 804 664 835 autem
676 800 844 835 Attilanis
869 799 1091 844 temporibus
1107 798 1263 834 eiusdem
1287 799 1375 834 locis
1400 799 1591 836 devastatis
1605 801 1836 846 Apraeemius
1860 800 2062 846 praefectus
2084 807 2264 848 praetorio
2287 804 2332 840 de
2349 805 2470 840 Sirmi-

253 846 340 879 tana
363 844 505 880 civitate
527 845 564 880 in
589 845 884 880 Thessalonicam
916 845 1088 890 profugus
1111 846 1274 887 venerat,
1309 848 1395 880 tunc
1425 844 1539 890 ipsam

253 892 325 933 est,
358 893 394 925 et
417 889 745 925 Thessalonicensis
769 890 961 935 episcopus
985 900 1056 925 non
1081 899 1148 924 sua
1172 889 1406 934 auctoritate,
1439 890 1502 926 sed
1525 901 1567 926 su

1596 845 1832 882 raefecturam
1861 852 1896 881 et
1927 847 2158 884 sacerdotalis
2188 848 2303 885 honor
2325 854 2470 886 secutus

1570 857 1594 926 g
1618 891 1743 926 umbra
1773 892 2020 937 praefecturae
2044 893 2171 929 meruit
2193 894 2344 940 aliquam
2368 905 2470 940 prae-

255 934 460 979 rogativam.
508 935 596 970 Cum
620 935 726 979 igitur
749 935 786 970 in
817 935 998 981 praesenti
1021 935 1086 970 deo
1111 938 1257 970 auctore
1281 935 1332 970 ita
1363 938 1488 971 nostra
1519 946 1575 971 res
1603 936 1723 972 ublica
1744 940 1851 972 aucta
1874 941 1944 979 est,
1977 940 2018 973 ut
2041 940 2192 984 utraque
2214 938 2294 985 ripa
2316 939 2471 976 Danubii

252 980 324 1014 iam
347 980 479 1015 nostris
505 980 706 1015 civitatibus
729 980 1026 1025 frequentaretur,
1048 982 1084 1015 et
1107 984 1179 1015 tam
1195 979 1430 1016 Viminacium
1454 991 1559 1026 quam

1610 981 1747 1017 ecidiva
1770 985 1807 1018 et
1830 982 2017 1026 Litterata,
2039 993 2128 1028 quae
2152 986 2250 1020 trans
2267 984 2471 1021 Danubium

252 1028 353 1066 sunt,
378 1028 524 1060 nostrae
547 1025 675 1060 iterum
699 1024 830 1060 dicioni
855 1028 1030 1063 subactae
1056 1026 1143 1069 sint,
1169 1026 1411 1061 necessarium
1436 1026 1600 1062 duximus
1624 1027 1738 1072 ipsam
1760 1028 2051 1072 gloriosissimam
2074 1029 2355 1074 praefecturam,
2403 1040 2471 1066 uae

252 1070 289 1105 iu
314 1070 499 1105 Pannonia
522 1070 641 1105 fuerat
665 1071 880 1112 constituta,
912 1071 1011 1106 iuxta
1035 1071 1256 1107 Pannoniam
1280 1071 1318 1106 in
1340 1074 1464 1107 nostra
1490 1071 1697 1108 felicissima
1726 1073 1843 1117 patria
1875 1073 2068 1116 collocare,
2101 1085 2182 1109 cum
2211 1074 2299 1110 nihil
2331 1075 2391 1120 qui
2416 1086 2472 1111 em

253 1115 369 1159 magni
393 1115 501 1150 distat
524 1125 546 1151 a
570 1115 685 1151 Dacia
708 1116 966 1152 mediterranea
994 1115 1152 1152 secunda
1175 1116 1378 1160 Pannonia,
1410 1117 1529 1153 multis
1560 1120 1680 1153 autem
1711 1118 1835 1162 spatiis
1860 1123 2048 1163 separatur
2077 1119 2194 1164 prima
2217 1119 2428 1156 Macedonia
2449 1131 2473 1156 a

207 1160 232 1196 3
254 1160 439 1195 Pannonia
463 1160 633 1196 secunda.
680 1161 730 1196 Et
753 1161 836 1206 quia
859 1161 1019 1197 homines
1044 1171 1181 1206 semper
1211 1161 1345 1197 bellicis
1374 1162 1563 1198 sudoribus
1593 1163 1817 1198 inhaerentes
1848 1175 1921 1200 non
1953 1166 2029 1199 erat
2060 1165 2145 1200 utile
2176 1164 2394 1210 reipublicae
2425 1165 2472 1200 ad

252 1205 399 1250 primam
424 1205 672 1241 Macedoniam
696 1216 761 1251 per
783 1210 838 1243 tot
862 1207 979 1252 spatia
1002 1209 1191 1252 tantasque
1216 1206 1446 1243 difficultates
1470 1208 1607 1249 venire,
1639 1208 1717 1243 ideo
1746 1209 1986 1244 necessarium
2017 1210 2120 1245 nobis
2144 1210 2257 1245 visum
2280 1215 2336 1246 est
2358 1210 2472 1255 ipsam

251 1250 514 1295 praefecturam
538 1250 584 1286 ad
607 1251 812 1296 superiores
836 1255 958 1297 partes
983 1252 1133 1294 trahere,
1159 1255 1194 1287 et
1216 1252 1316 1287 iuxta
1340 1262 1417 1287 eam
1441 1253 1644 1297 provinciae
1663 1254 1877 1289 constitutae
1900 1254 2041 1290 facilius
2062 1255 2219 1290 sentiant
2241 1255 2337 1291 illius
2361 1255 2470 1291 medi·
2495 1256 2537 1288 20

206 1296 230 1331 4
254 1295 379 1331 cinam.
428 1296 477 1330 Et
499 1296 578 1332 ideo
606 1300 670 1331 tua
700 1297 882 1333 beatitudo
918 1301 954 1332 et
983 1307 1105 1332 omnes
1137 1297 1319 1342 praefatae
1345 1297 1485 1333 Primae
1508 1298 1726 1334 Iustinianae
1758 1301 1977 1335 sacrosancti
2010 1300 2186 1336 antistites
2211 1300 2472 1346 archiepiscopi

252 1341 409 1377 habeant
432 1341 713 1386 praerogativam
747 1347 783 1378 et
812 1352 951 1378 omnem
974 1343 1154 1378 licentiam
1179 1353 1281 1378 suam
1307 1343 1555 1378 auctoritatem
1580 1344 1629 1379 eis
1652 1344 1832 1390 impertire
1862 1349 1897 1380 et
1929 1355 1989 1380 eos
2019 1345 2201 1388 ordinare,
2233 1349 2269 1381 et
2298 1346 2336 1381 in
2358 1346 2470 1381 omni-

251 1387 318 1422 bus
343 1387 558 1432 supradictis
582 1387 775 1432 provinciis
799 1388 950 1433 primum
973 1387 1162 1429 honorem,
1188 1387 1334 1432 primam
1359 1388 1581 1432 dignitatem,
1606 1399 1780 1424 summum
1803 1390 2051 1433 sacerdotium,
2077 1401 2250 1426 summum
2272 1390 2469 1436 fastigium:

251 1435 292 1467 ut
315 1443 336 1467 a
359 1435 424 1467 tua
450 1432 534 1467 sede
558 1436 723 1468 creentur
746 1436 782 1468 et
805 1437 841 1468 te
864 1433 980 1468 solum
1003 1433 1222 1478 archiepisco
1250 1444 1309 1467 um
1333 1433 1505 1476 habeant,
1537 1434 1636 1469 nulla
1660 1435 1905 1471 communione
1932 1435 2101 1471 adversus
2123 1436 2220 1482 <eos>
2243 1435 2470 1472 Thessaloni-

251 1477 349 1512 censi
373 1478 540 1522 episcopo
561 1479 751 1522 servanda;
776 1478 839 1514 sed
855 1482 895 1513 tu
918 1478 995 1523 ipse
1021 1482 1056 1513 et
1079 1488 1200 1513 omnes
1247 1478 1357 1513 rimae
1376 1478 1595 1514 Iustinianae
1617 1479 1794 1515 antistites
1818 1480 1889 1515 sint
1908 1481 1959 1516 eis
1977 1480 2112 1516 iudices
2137 1484 2173 1516 et
2196 1481 2469 1527 disceptatores:
2495 1482 2537 1513 25

251 1523 419 1567 quicquid
442 1523 578 1558 oriatur
608 1523 702 1558 inter
726 1534 787 1559 eos
811 1523 1018 1566 discrimen,
1054 1523 1122 1568 ipsi
1154 1523 1222 1558 hoc
1254 1523 1421 1559 dirimant
1449 1528 1485 1559 et
1517 1524 1623 1560 finem
1653 1524 1686 1559 ei
1714 1525 1898 1569 imponant
1921 1529 1957 1560 et
1982 1536 2043 1561 eos
2075 1526 2258 1568 ordinent,
2287 1536 2402 1571 neque
2425 1525 2472 1561 ad

251 1568 358 1603 alium
382 1569 557 1613 quendam
585 1572 702 1611 eatur,
735 1568 797 1604 sed
822 1579 926 1604 suum
951 1572 1168 1613 cognoscant
1191 1568 1497 1614 archiepiscopum
1522 1579 1643 1605 omnes
1673 1570 1876 1615 praedictae
1904 1571 2123 1616 provinciae,
2157 1574 2192 1606 et
2215 1572 2291 1607 eius
2315 1571 2473 1607 sentiant

252 1613 487 1656 creationem,
525 1618 560 1649 et
594 1614 649 1649 vel
680 1624 746 1693 per
777 1624 816 1649 se
845 1614 900 1649 vel
934 1624 998 1659 per
1031 1624 1132 1649 suam
1162 1613 1411 1650 auctoritatem
1440 1615 1494 1649 vel
1525 1615 1674 1651 clericos
1705 1615 1894 1652 mittendos
1926 1616 2058 1652 habeat
2089 1627 2227 1652 omnem
2259 1620 2472 1670 potestatem

205 1659 228 1693 ἴ)
253 1668 460 1711 omnemque
490 1659 680 1694 sacerdota

694 1669 748 1694 em
780 1669 967 1695 censuram
992 1662 1027 1694 et
1057 1659 1247 1694 creationis
1278 1659 1469 1695 licentiam.
1517 1659 1586 1695 Sed
1615 1664 1652 1696 et
1682 1660 1719 1696 in
1741 1661 1871 1706 Aquis,
1904 1671 1995 1706 quae
2026 1664 2081 1696 est
2111 1661 2315 1706 provinciae
2336 1660 2473 1698 Daciae

2499 807 2538 839 10

2499 1033 2536 1064 15

250 1704 420 1749 ripensis,
453 1704 610 1740 ordinari
633 1704 795 1740 volumus
828 1715 850 1740 a
880 1708 944 1740 tua
976 1705 1167 1739 sanctitate
1194 1715 1213 1739 e
1240 1704 1315 1739 isco
1344 1715 1420 1747 um,
1453 1707 1494 1740 ut
1525 1716 1597 1740 non
1627 1706 1664 1740 in
1695 1708 1877 1751 posterum
1909 1707 1975 1742 sub
2001 1706 2200 1742 Meridiano
2228 1707 2397 1752 episcopo
2426 1706 2472 1743 sit
2496 1706 2537 1739 30

250 1749 463 1784 constituta:
489 1749 551 1785 sed
575 1749 795 1785 Meridianus
819 1750 960 1795 quidem
983 1751 1127 1785 maneat
1149 1749 1186 1784 in

1252 1750 1302 1784 eri
1327 1751 1372 1793 io,
1397 1750 1495 1785 nulla
1518 1751 1550 1785 ei
1575 1751 1820 1786 communione
1845 1762 1924 1786 cum
1941 1752 2054 1797 Aquis
2078 1751 2269 1797 servanda;
2293 1752 2471 1797 Aquensis

249 1797 367 1830 autem
392 1795 511 1840 episco
540 1805 582 1830 us
605 1795 737 1830 habeat
760 1794 958 1840 praefatam
983 1795 1159 1830 civitatem
1184 1798 1220 1830 et
1243 1795 1361 1830 omnia
1386 1796 1462 1830 eius
1481 1797 1630 1831 castella
1648 1799 1683 1831 et
1700 1797 1879 1832 territoria
1900 1801 1935 1832 et
1952 1797 2132 1840 ecclesias,
2157 1800 2197 1832 ut
2219 1798 2335 1842 possit
2352 1797 2469 1834 Bono·

247 1839 428 1876 siacorum
452 1850 512 1876 sce
527 1850 570 1875 us
594 1850 638 1876 ex
662 1850 706 1876 ea
730 1840 875 1876 civitate
898 1844 934 1876 et
957 1844 1054 1875 terra
1077 1840 1248 1884 repellere
1271 1840 1325 1875 vel
1347 1840 1385 1875 in
1410 1840 1644 1876 orthodoxam
1666 1841 1772 1876 fidem
1800 1841 2067 1878 transformare.
2162 1873 2165 1875 .

387 1885 436 1920 Ut
458 1885 567 1929 igitur
591 1885 683 1920 sciat
705 1885 888 1922 beatitudo
912 1889 976 1920 tua
999 1886 1113 1920 nostri
1135 1885 1290 1921 numinis
1314 1885 1600 1930 dispositionem,
1633 1886 1711 1922 ideo
1736 1891 1959 1931 praesentem
1989 1887 2102 1931 legem
2125 1887 2171 1923 ad
2202 1890 2301 1924 tuam
2323 1897 2469 1923 venera-

249 1931 356 1966 bilem
380 1931 500 1966 sedem
523 1931 800 1973 transmisimus,
831 1934 872 1966 ut
894 1930 933 1965 in
955 1934 1167 1975 perpetuum
1191 1931 1261 1965 tale
1285 1930 1495 1966 beneficium
1523 1931 1654 1966 habeat
1684 1932 1822 1976 patriae
1853 1935 1997 1968 nostrae
2027 1932 2178 1968 ecclesia
2205 1933 2243 1968 in
2274 1932 2331 1968 dei
2359 1933 2471 1968 omni-
2494 1933 2537 1966 35

207 1977 271 2055 ⁷&

275 1976 404 2011 otentis
426 1976 577 2020 gloriam
600 1978 637 2012 et
659 1975 773 2012 nostri
796 1975 950 2011 numinis
972 1975 1223 2020 sempiternam
1245 1975 1538 2011 recordationem.
1587 1976 1737 2020 Quando
1761 1982 1879 2012 autem
1902 1981 1987 2014 tuae
2010 1977 2105 2013 sedis
2127 1979 2401 2023 gubernatorem
2423 1978 2470 2013 ab

274 2032 317 2057 ac
339 2021 420 2056 luce
446 2020 617 2057 decedere
641 2021 845 2066 contigerit,
878 2031 945 2066 pro
969 2024 1130 2066 tempore
1153 2020 1460 2066 archiepiscopum
1487 2022 1563 2057 eius
1587 2032 1610 2057 a
1637 2023 1830 2057 venerabili
1854 2033 1919 2058 suo
1944 2022 2092 2058 concilio
2117 2023 2472 2068 metropolitanorum

250 2066 406 2102 ordinari
442 2066 639 2109 sancimus,
674 2066 970 2112 quemadmodum
1004 2065 1107 2101 decet
1135 2065 1442 2111 archiepiscopum
1475 2067 1639 2102 omnibus
1671 2066 1882 2103 honoratum
1912 2068 1949 2102 in
1980 2068 2141 2103 ecclesiis
2173 2068 2339 2114 provehi,
2373 2069 2473 2104 nulla

248 2111 390 2157 penitus
415 2111 726 2147 Thessalonicensi
748 2111 916 2156 episcopo
941 2121 1057 2156 neque
1080 2110 1127 2146 ad
1150 2111 1220 2146 hoc
1245 2112 1491 2147 communione
1515 2111 1700 2147 servanda.

382 2156 573 2193 Beatitudo
596 2157 704 2201 igitur
727 2161 792 2191 tua
813 2167 905 2200 quae
928 2159 1054 2191 nostra
1077 2156 1195 2191 sanxit
1218 2157 1410 2192 aeternitas
1427 2156 1541 2193 modis
1561 2157 1724 2193 omnibus
1748 2157 1795 2193 ad
1818 2156 1981 2193 effectum
2003 2157 2200 2204 perducere
2223 2169 2295 2195 non
2317 2157 2469 2194 differat.
2495 2158 2538 2190 40

472 2202 555 2237 Dat.
580 2213 688 2238 xvm.
713 2202 785 2237 kal.
811 2201 896 2236 Mai.
921 2201 1110 2247 <Belisario
1135 2212 1165 2237 v.
1193 2212 1222 2236 c.
1250 2201 1366 2246 cons.)

2307 2206 2353 2246 [a.
2379 2206 2470 2245 535]

294 2294 376 2328 Nov.
402 2294 465 2326 XI
496 2294 618 2326 Latine
649 2300 767 2326 tantum
798 2300 886 2326 extat
909 2293 942 2326 in
967 2293 1145 2336 appendice
1169 2292 1242 2325 coll.
1275 2292 1388 2326 VIIII
1406 2292 1595 2327 Autkentici
1623 2294 1917 2338 (extravaqantium
1942 2296 2053 2337 prima
2076 2302 2123 2328 est
2145 2296 2178 2328 in
2205 2295 2236 2328 R
2250 2296 2286 2338 s.
2310 2296 2370 2329 72·
2389 2302 2420 2328 et
2445 2295 2478 2327 V

241 2342 273 2383 f.
294 2341 377 2379 182).
397 2357 444 2363 —
466 2339 615 2372 Rubrica
641 2333 737 2371 ὥστε
758 2335 821 2371 τὰς
845 2349 927 2382 περι
950 2349 992 2372 το
1007 2340 1223 2381 Βιμινακιον
1245 2339 1436 2383 γενομένας
1459 2334 1530 2371 ὑπὸ
1554 2337 1724 2384 §matesc
1747 2335 1868 2372 πόλεις
1891 2334 1962 2373 ὑπὸ
1987 2335 2103 2372 ἰδικὸν
2125 2335 2405 2385 ἀρχιεπίσκοπον
2427 2338 2471 2373 εἴ·

249 2397 319 2424 ναι,
342 2396 391 2426 μη
413 2383 485 2427 μὴν
507 2381 579 2416 ὑπο
602 2380 668 2417 τὸν
692 2380 954 2425 θεσσαλονίκης
972 2383 1070 2416 schol.
1095 2382 1141 2415 M
1160 2384 1192 2416 in
1217 2395 1277 2426 my.
1302 2384 1355 2425 (ex
1377 2383 1480 2424 Am).
1505 2402 1549 2422 ÷=
1572 2385 1663 2428 Epic.
1692 2384 1811 2418 ΤΙιεοά.
1831 2386 1868 2418 11
1895 2385 1983 2426 (inde
2006 2385 2039 2418 in
2063 2385 2127 2427 L),
2150 2386 2226 2419 Ath.
2244 2387 2273 2428 l,
2293 2392 2310 2420 8
2335 2385 2424 2428 (inde
2441 2385 2471 2418 A

250 2432 295 2463 tit.
323 2431 374 2471 13,
392 2437 425 2468 93
456 2430 535 2463 Call.
561 2436 659 2462 const.
681 2429 756 2463 eccl.
781 2430 812 2470 3,
831 2436 855 2470 1,
870 2430 912 2469 8),
937 2428 1070 2462 Nomoc.
1090 2428 1193 2462 XIV
1210 2429 1254 2461 tit.
1278 2430 1307 2470 ¹,
1325 2436 1352 2462 5.

294 2545 314 2576 3
327 2545 438 2576 nostra
450 2543 559 2585 patria
573 2542 622 2575 R¹
644 2540 656 2586 ΙΙ
675 2543 695 2575 4
708 2541 882 2582 muudum]
895 2540 1029 2573 modum
1044 2541 1077 2574 R
1086 2541 1119 2574 V
1128 2540 1140 2584 ΙΙ
1159 2551 1258 2582 quam
1270 2540 1305 2573 R
1316 2539 1328 2585 ss

249 2589 362 2622 venire
384 2591 418 2620 et
441 2601 500 2621 om.
522 2586 579 2630 Vn
595 2586 772 2629 amplicare
795 2586 842 2619 R¹
866 2585 1026 2628 ampliore
1047 2584 1101 2629 Vss
1121 2588 1140 2619 5
1164 2595 1226 2628 pro
1247 2587 1328 2618 tem-

247 2645 327 2677 pore
350 2644 385 2666 sa
407 2635 455 2666 bis
470 2646 532 2666 scr.
549 2633 594 2666 Va
612 2631 625 2676 ΙΙ
641 2634 661 2666 6
681 2633 800 2672 certae]
826 2633 952 2664 ceterae
975 2631 1061 2673 vulq.
1078 2629 1090 2673 ΙΙ
1108 2630 1176 2663 sint
1192 2643 1249 2664 om.
1266 2631 1301 2664 V
1316 2630 1329 2675 ΙΙ

248 2679 284 2711 id
303 2681 363 2719 est]
385 2677 584 2720 reddereVn
603 2680 670 2709 tam
690 2677 762 2719 ipsa
782 2677 787 2718 Ι
808 2679 917 2708 tamen
936 2676 1047 2718 ipsaV
1059 2674 1072 2719 ΙΙ
1088 2675 1331 2709 meditraneaV

248 2724 434 2757 meditanea
446 2724 479 2757 R
496 2722 509 2766 ΙΙ
525 2725 543 2756 7
562 2722 865 2766 misyanissiaR
884 2720 896 2764 ΙΙ
910 2721 1018 2764 prima
1030 2721 1171 2762 Contine]
1185 2720 1328 2754 secunda

251 2771 329 2803 libri
341 2767 354 2813 ΙΙ
373 2770 392 2803 8
411 2768 554 2811 panonie
569 2769 601 2800 V
614 2768 626 2811 ΙΙ
642 2767 798 2800 baneensi
813 2767 845 2800 V
861 2766 1009 2799 bacensis
1024 2766 1064 2807 R,
1085 2765 1262 2798 Urbatensi
1274 2767 1327 2800 de-

251 2816 298 2848 dit
316 2815 516 2858 Anqustinus
535 2814 598 2852 (ed.
617 2813 745 2846 Iuliani
763 2825 792 2845 a.
816 2813 913 2853 1567)
930 2811 943 2855 ΙΙ
960 2812 1047 2844 enim
1060 2823 1119 2844 om.
1136 2810 1196 2889 ΕΙ]
1213 2811 1328 2844 Sirmii

256 2860 397 2900 Gentius]
416 2858 662 2902 firmiinuly.,
675 2857 775 2890 om.R
794 2865 878 2900 spat.
892 2869 962 2890 vac.
982 2857 1092 2890 relicto
1108 2855 1120 2900 ΙΙ
1139 2857 1159 2890 9
1194 2857 1282 2889 uerit
1294 2856 1328 2890 R

250 2905 335 2948 vulq.
354 2902 367 2949 ΙΙ
387 2904 514 2945 tamin]
535 2903 571 2935 in
589 2916 646 2936 om.
661 2902 695 2936 R
713 2901 726 2946 ΙΙ
749 2904 789 2936 10
802 2902 935 2934 atilanis
950 2901 1028 2935 RV
1039 2900 1051 2944 ΙΙ
1067 2901 1224 2944 Α’ρθιιιίιιε
1235 2901 1325 2942 RV]

250 2949 446 2992 Apenninus
466 2950 554 2982 dedit
571 2948 719 2982 Miraeus
731 2948 793 2990 (ed.
803 2947 867 2980 Iul.
881 2948 1035 2988 a.1561)‚
1055 2947 1228 2989 Apennius
1246 2947 1326 2980 Con-

251 2997 323 3037 tiur,
331 2994 749 3037 ApreciniusAuyustinu35
757 2992 957 3035 Apodemius
964 2992 1006 3025 al.
1015 2991 1026 3035 ΙΙ
1033 2991 1199 3024 firmitana
1208 2992 1325 3036 Vvuly.

249 3041 379 3075 firmata
391 3040 425 3072 R
443 3039 507 3085 '11
524 3038 758 3071 thesalonicam
778 3038 811 3071 V
827 3037 1039 3070 tesalonicam
1060 3036 1093 3070 R
1116 3038 1175 3077 (id.
1194 3038 1295 3079 infra)
1316 3035 1328 3081 ΙΙ

248 3086 434 3127 honoriVss
457 3086 493 3118 12
515 3083 572 3117 sed
594 3083 667 3124 sub]
692 3082 795 3125 san
818 3084 855 3116 13
880 3082 1078 3115 auctoritate
1097 3081 1175 3125 13¹1}
1197 3083 1236 3116 14
1262 3082 1326 3114 fre—

249 3132 428 3172 quentetur
440 3130 524 3171 vulq.
541 3129 554 3172 Ι
572 3129 651 3168 tam]
664 3128 729 3160 iam
740 3128 828 3169 Val„
842 3141 901 3161 om.
913 3129 945 3161 R
960 3127 973 3171 ΙΙ
991 3126 1228 3160 uiminatiuum
1242 3136 1325 3168 quae

250 3177 282 3209 R
297 3176 309 3220 ΙΙ
328 3175 518 3208 recidiuaV
536 3173 670 3207 recidua
682 3173 715 3206 R
730 3173 742 3214 n
761 3173 910 3205 Literata
923 3173 1007 3217 vuly.
1027 3171 1040 3216 11
1060 3174 1099 3206 15
1120 3174 1250 3205 nostrae
1267 3185 1323 3205 om.

250 3221 282 3253 R
297 3223 308 3263 ΙΙ
328 3220 468 3253 dictioni
484 3219 518 3252 R
533 3219 545 3262 ΙΙ
563 3218 706 3251 diximus
725 3218 758 3250 R
777 3219 788 3260 ΙΙ
808 3220 847 3252 16
870 3218 1015 3260 panonia
1027 3217 1108 3259 RV,
1132 3224 1163 3251 et
1183 3218 1231 3251 sic
1253 3230 1323 3250 sae·

246 3268 320 3308 pius
335 3264 348 3310 ΙΙ
367 3266 475 3298 fuerat
494 3264 565 3306 (fiat
574 3264 633 3305 V⁶)
653 3263 833 3296 constituta
853 3262 941 3295 iusta
955 3262 1134 3305 panoniam
1150 3262 1243 3303 iuV]
1266 3275 1323 3295 om.

249 3310 282 3342 R
308 3312 349 3343 al.
369 3309 381 3354 ΙΙ
397 3309 530 3351 quidem
553 3309 665 3352 magni
687 3309 733 3348 V]
759 3307 847 3349 quod
870 3308 973 3349 magis
997 3308 1029 3341 R
1044 3307 1056 3351 ss
1078 3309 1116 3341 17
1140 3306 1323 3340 meditanea

250 3354 283 3386 R
298 3354 303 3396 Ι
328 3358 435 3388 autem
452 3355 496 3396 V]
522 3355 621 3387 etiam
633 3353 668 3387 R
680 3353 723 3387 al.
740 3352 752 3396 u
770 3352 1029 3395 separaruntVfl
1051 3353 1090 3387 19
1109 3354 1217 3385 tantas
1241 3362 1323 3393 quac

260 3399 305 3437 V!
330 3399 451 3440 uisum]
471 3400 586 3432 uenire
604 3410 675 3432 sum
689 3398 738 3431 R¹
754 3397 766 3440 fl
785 3399 828 3431 20
853 3400 896 3438 et]
922 3400 960 3430 ut
977 3398 1061 3442 vulq.
1077 3397 1091 3441 Ι
1109 3399 1147 3431 21
1174 3397 1324 3440 praesare

252 3443 283 3475 It
301 3442 313 3485 ΙΙ
328 3445 538 3477 sacrossaneti
561 3443 615 3488 Vss
632 3442 815 3477 antistesR
861 3444 904 3476 22
926 3442 1070 3476 habeant
1093 3444 1126 3476 et
1147 3452 1322 3486 praeroga-

250 3488 353 3519 tiuam
370 3488 416 3520 Β*
432 3488 444 3530 ΙΙ
463 3490 624 3531 impertiri
648 3489 697 3522 R²
719 3489 804 3531 vulq.
852 3489 894 3522 23
919 3487 1116 3530 supradictis
1139 3487 1184 3527 R]
1207 3497 1321 3529 supra-

250 3532 380 3574 scriptis
400 3533 431 3565 V
449 3535 531 3576 vulq.
559 3534 571 3578 ΙΙ
595 3534 793 3574 *honoreml
824 3531 944 3566 habere
969 3534 1127 3566 honorem
1152 3532 1185 3566 V
1202 3532 1321 3565 habere

1395 2428 1517 2463 Iulian.
1543 2436 1640 2462 const.
1665 2429 1735 2463 IX.

1396 2541 1430 2574 R
1443 2542 1527 2584 vulq.
1545 2540 1556 2584 ΙΙ
1576 2543 1618 2575 24
1639 2542 1708 2574 *ut
1727 2552 1747 2574 a
1770 2545 1829 2575 tua
1848 2542 1935 2583 sede]
1959 2545 2074 2576 utatur
2097 2553 2117 2575 a
2132 2542 2207 2575 sede
2228 2542 2261 2576 V
2275 2553 2296 2575 a
2317 2545 2376 2575 tua
2397 2542 2472 2576 sede

1396 2587 1494 2630 vuly„
1514 2597 1534 2618 a
1557 2586 1632 2619 sede
1654 2587 1688 2620 R
1703 2585 1716 2631 ΙΙ
1734 2588 1767 2620 te
1788 2587 1820 2620 V
1840 2588 1896 2628 aL]
1923 2600 1980 2621 om.
2006 2587 2039 2620 R
2062 2589 2145 2630 vulq.
2165 2586 2178 2631 ΙΙ
2193 2587 2425 2620 communione
2445 2588 2478 2620 V

1397 2632 1495 2675 vuqu
1517 2631 1647 2664 actione
1670 2631 1705 2664 R
1723 2632 1766 2665 al.
1790 2630 1804 2676 ΙΙ
1827 2632 1985 2665 aduersus
2005 2632 2092 2673 RV]
2115 2632 2157 2664 ad
2182 2634 2239 2665 vul
2260 2657 2267 2664 .
2286 2632 2369 2674 fleus
2392 2634 2470 2666 add.

1396 2676 1480 2720 vuly.
1499 2675 1511 2720 ΙΙ
1530 2678 1571 2711 25
1596 2678 1629 2709 et
1651 2687 1761 2709 omnes
1786 2689 1843 2710 om.
1861 2676 1894 2710 R
1912 2676 1924 2719 ΙΙ
1939 2677 2018 2718 sint]
2043 2677 2111 2710 sive
2128 2678 2213 2720 vulq.
2232 2645 2307 2721 ἵεις
2331 2677 2377 2719 V]
2401 2678 2472 2710 eius

1400 2721 1429 2754 R
1442 2722 1526 2766 vuly.
1544 2721 1557 2765 [Ι
1572 2721 1807 2764 discrepatores
1827 2721 1881 2764 Vss
1901 2723 1943 2755 26
1967 2721 2143 2754 dirimatur
2154 2722 2187 2755 R
2204 2721 2217 2766 ΙΙ
2234 2723 2280 2755 eis
2299 2723 2472 2765 imponant

1398 2767 1493 2810 vulq„
1524 2766 1560 2798 in
1583 2777 1659 2799 eum
1689 2769 1816 2809 ponant
1836 2767 1877 2799 V¹
1907 2766 1919 2810 ΙΙ
1950 2768 1990 2800 27
2029 2770 2204 2809 cognoscat
2226 2767 2261 2800 R
2291 2770 2472 2810 agnoscant

1397 2812 1482 2856 vulq.
1500 2810 1513 2855 11
1530 2812 1572 2845 28
1597 2814 1630 2844 et
1649 2812 1713 2853 vel]
1737 2814 1770 2845 et
1789 2825 1848 2846 om,
1862 2811 1895 2844 R
1909 2811 1922 2855 ΙΙ
1940 2812 2084 2845 habeant
2100 2813 2133 2845 R
2151 2811 2163 2856 ΙΙ
2179 2823 2308 2846 omnem
2325 2825 2384 2846 om.
2403 2813 2438 2846 R
2459 2811 2464 2856 Ι

1398 2857 1439 2891 29
1463 2858 1669 2899 omnemque]
1693 2867 1822 2890 omnem
1843 2855 1897 2900 Vn
1917 2859 1949 2889 et
1972 2870 2030 2890 om.
2054 2857 2095 2890 V¹
2111 2855 2123 2902 ΙΙ
2142 2857 2231 2890 datia
2251 2858 2285 2891 R
2307 2856 2388 2890 ditie
2410 2858 2462 2898 V!

1398 2903 1438 2936 30
1466 2912 1533 2934 non
1557 2901 1769 2945 imposterum
1788 2902 1823 2936 R
1845 2901 1858 2943 ΙΙ
1882 2901 2086 2935 medridiano
2107 2903 2154 2935 R'
2171 2901 2184 2947 ss
2203 2905 2242 2937 31
2264 2902 2402 2936 meridie
2422 2902 2468 2944 V]

1397 2947 1578 2980 meridiano
1597 2947 1631 2980 R
1654 2948 1738 2991 vulq.
1755 2946 1767 2992 ΙΙ
1786 2947 1816 2980 ei
1838 2947 1883 2988 V]
1908 2959 1965 2980 om.
1990 2948 2023 2981 R
2038 2948 2132 2992 vuly.
2148 2947 2161 2992 Ι
2179 2947 2295 2990 Aquis]
2318 2948 2392 2990 quis
2404 2948 2436 2981 R
2457 2945 2470 2992 ΙΙ

1397 2994 1437 3026 32
1463 2991 1765 3026 castelleterritoria
1785 2992 1818 3026 V
1840 2991 1853 3036 ΙΙ
1879 2991 2131 3026 bonosiacorum
2152 2993 2203 3027 V¹
2226 2992 2239 3037 ΙΙ
2260 2995 2302 3028 33
2331 2995 2365 3026 et
2381 2994 2470 3026 tom

1407 3038 1435 3070 V
1454 3038 1555 3082 vul9.]
1579 3040 1694 3071 contra
1706 3037 1740 3071 R
1758 3036 1770 3080 Ι
1785 3036 1848 3078 vel]
1874 3040 1906 3071 et
1929 3038 2016 3082 vulq.
2035 3038 2048 3079 ΙΙ
2062 3038 2111 3079 in]
2135 3038 2210 3071 ideo
2229 3038 2262 3072 R
2279 3038 2292 3079 ΙΙ
2308 3039 2350 3072 34
2373 3038 2467 3079 sciat]

1395 3083 1479 3115 sitV
1490 3082 1502 3126 ΙΙ
1522 3084 1562 3117 35
1576 3082 1697 3124 sedem]
1714 3083 1846 3116 domum
1859 3082 1893 3116 R
1908 3081 1920 3126 ΙΙ
1940 3082 2093 3116 ccclesiae
2107 3083 2139 3117 R
2149 3083 2194 3116 1⁷²²
2209 3081 2222 3127 u
2241 3082 2294 3116 dei
2306 3083 2468 3126 o‘fltisVn

1397 3129 1437 3162 36
1462 3127 1606 3160 nominis
1629 3129 1825 3170 sepiternam
1851 3127 1908 3170 Ru
1928 3127 2072 3168 quando]
2096 3128 2252 3169 quoniam
2277 3128 2310 3161 R
2356 3129 2396 3162 37
2418 3138 2468 3161 re·

1395 3172 1508 3206 cedere
1530 3173 1559 3205 V
1578 3171 1590 3217 ΙΙ
1615 3183 1676 3216 pro
1702 3174 1858 3216 tempore]
1887 3175 2023 3215 propter
2047 3172 2080 3206 R
2106 3172 2118 3217 ΙΙ
2147 3173 2467 3216 archiepiscoporum

1395 3218 1428 3251 R
1441 3219 1485 3251 al.
1501 3216 1513 3262 ΙΙ
1532 3217 1672 3251 consilio
1694 3218 1751 3263 Vss
1767 3219 1808 3253 38
1833 3217 1920 3250 dicet
1940 3217 1988 3260 V!
2013 3218 2334 3261 archiepiscoporum
2347 3217 2379 3251 R
2391 3216 2435 3251 al.
2455 3215 2468 3260 ΙΙ

1395 3263 1437 3297 39
1461 3263 1724 3306 communionem
1747 3262 1915 3296 seruantia
1932 3261 1986 3306 R!
2012 3265 2054 3297 40
2078 3263 2206 3296 sancxit
2222 3261 2320 3306 RV.
2334 3263 2374 3296 41
2398 3261 2464 3294 dat.

1394 3318 1485 3340 xvm
1518 3307 1583 3341 kal.
1608 3308 1688 3340 maii
1717 3309 1906 3352 subscriptio
1931 3315 1976 3340 est
2003 3309 2035 3341 in
2057 3308 2296 3351 Neoburqerm',
2329 3307 2463 3348 inscrip-

1393 3353 1474 3386 tioni
1483 3365 1550 3395 seq.
1568 3354 1713 3388 novellae
1726 3354 1810 3387 XII
1825 3354 1964 3394 adnexa,
1981 3352 2047 3385 dat.
2066 3363 2103 3385 vx
2123 3351 2168 3384 kl.
2190 3351 2265 3384 mai.
2283 3360 2370 3384 cons.
2385 3349 2463 3382 uili-

1391 3397 1472 3430 sarii
1492 3397 1555 3430 Iul.
1580 3399 1664 3438 (cod.
1686 3399 1796 3433 Ber-ol.
1815 3398 1884 3440 aL),
1904 3399 1973 3431 sim.
1995 3410 2034 3431 ez·
2051 3397 2180 3431 Iuliano
2202 3396 2313 3438 vulo-‚⁸
2333 3394 2464 3439 ἐξιφω-

1392 3440 1490 3520 ἳήθη
1527 3441 1675 3488 (ἐγράφη
1698 3445 1788 3486 Aah.)
1820 3444 1907 3488 μηνὶ
1941 3440 2038 3485 μαΐῳ
2073 3437 2226 3483 ὑπατείᾳ
2252 3437 2462 3485 Βελισαρίου

1424 3488 1514 3520 heod.
1540 3488 1615 3521 Am.
