2618 4010
1623 138 1642 146 o·-
1651 142 1655 146 .

307 153 416 202 Nov.
447 156 631 200 LXXXI
664 159 682 198 1
1370 152 1455 203 398

308 266 493 311 βασιλείαν
522 264 684 308 διδόασι,
711 269 774 299 καὶ
795 267 874 301 τῶν
892 280 932 313 γε
954 266 1079 312 μόνοις
1096 269 1170 301 τοῖς
1192 264 1377 302 ὑπατικοῖς
1443 265 1631 311 imperium
1660 268 1852 314 praebent,
1881 273 1920 307 et
1939 271 2025 308 solis
2056 270 2304 308 consularibus
2337 270 2508 308 codicillis

308 311 499 356 συμβόλοις
513 324 616 355 τετιμ
638 313 772 355 μένων,
795 314 855 345 καὶ
870 313 931 346 ἐπὶ
953 314 1031 346 τῶν
1050 308 1172 356 ἀρχῶν
1190 313 1268 347 τῶν
1283 311 1375 346 ἐλευ-
1443 311 1675 355 honorantur,
1706 316 1745 349 et
1766 323 1875 360 super
1895 315 2044 361 cingulIs
2073 327 2166 362 quae
2188 317 2340 352 liberare
2362 325 2386 351 a
2408 316 2510 352 curin

307 357 443 403 θεροῦν
465 355 594 401 βουλῆς
617 324 840 400 Ξυναμένων,
863 360 1049 391 τουτέστιν
1068 355 1310 401 ἐπαρχότητός
1336 370 1376 391 τε
1442 359 1612 400 possunt,
1643 356 1713 392 hoc
1745 363 1801 393 est
1827 360 2071 410 praefecturae
2102 366 2139 398 et
2169 360 2509 406 magistromilitttus

307 404 367 435 καὶ
398 405 611 447 στρατηγίας
640 403 773 447 (φαμὲν
803 399 843 435 δὲ
871 402 935 445 τῆς
966 403 1006 436 έν
1036 398 1155 435 αὐτοῖς
1183 404 1256 436 τοῖς
1286 402 1377 447 θ’ρό-
1447 400 1609 443 (dicimus
1633 405 1752 437 autem
1774 402 1813 438 in
1833 403 1922 448 Ipsis
1945 405 2087 443 sedibus
2117 410 2154 442 et
2175 406 2344 453 operibus
2369 405 2510 451 ignitis)

307 458 381 480 νοις
411 449 471 480 καὶ
492 450 566 480 τοῖς
589 447 703 493 ἔργοις
723 448 997 499 γνωριζομένης)
1030 443 1119 480 αὐτὸ
1142 447 1252 481 τοῦτο
1271 459 1378 491 νομο-
1414 445 1515 481 51100
1545 445 1662 490 ipsum
1692 446 1871 483 sancimus
1901 458 1998 493 esse,
2030 456 2072 486 nt
2101 453 2215 488 omnis
2245 451 2327 487 talis
2357 450 2510 496 dignitas

307 491 499 535 θετοῦμεν,
531 491 590 525 ἵνα
620 492 697 525 πᾶν
728 503 896 525 τοιουτον
926 488 1069 535 ἀξίωμα
1102 494 1161 524 καὶ
1184 487 1274 537 ἀρχὴ
1305 504 1377 526 τοι-
1446 494 1510 525 aut
1533 490 1639 526 etiam
1664 491 1843 537 cingulum
1864 492 2063 531 huiusmodi
2085 497 2301 541 adquisitum
2322 496 2509 541 aliquibus,

308 535 397 579 αὐτη
429 539 686 591 προςγινομένη
715 539 813 570 τισὶν
841 535 892 570 οἷς
911 534 958 570 ἂν
987 534 1084 580 ἡμεῖς
1108 534 1378 580 δοκιμάσαιμεν,
1447 545 1689 581 quoscumque
1720 547 1785 573 nos
1817 538 2100 583 probaverimus,
2128 542 2223 586 quod
2246 552 2307 576 eos
2338 541 2466 577 liberat
2488 550 2511 576 a.

307 577 398 627 ὅπερ
421 578 550 615 αὐτους
574 578 796 616 ἀπαλλάττει
826 584 885 614 καὶ
909 580 1052 625 βουλῇς.
1083 582 1192 615 τοῦτο
1223 580 1378 624 ἰσχύσειε
1448 580 1562 623 curia,
1594 581 1663 616 hoc
1686 581 1802 617 valeat
1824 585 1860 617 et
1879 587 1919 617 ut
1940 586 2117 628 powstste
2139 596 2200 622 eos
2224 587 2349 622 liberet
2370 589 2510 631 patrum

306 628 366 659 καὶ
394 627 457 669 τῆς
479 623 775 669 ὑπεξουσιότητος
800 623 928 659 αὐτοὺς
959 624 1173 671 ἐλευθεροῦν
1201 627 1279 669 τῷν
1308 639 1376 661 πα-
1445 629 1509 660 aut
1531 635 1686 662 avorum.
1733 626 1826 662 Nam
1849 627 1879 662 si
1903 628 2132 674 sancivimus,
2162 635 2203 666 ut
2232 631 2263 666 si
2285 632 2363 676 quis
2387 641 2509 666 servus

306 673 422 716 τέρων
445 668 469 714 ἢ
491 671 667 706 πάππων.
715 673 746 705 εἰ
765 671 835 718 γὰρ
858 670 1188 715 ἐνομοθετήσαμεν,
1209 671 1256 705 ὠς
1279 671 1378 705 εἴτις
1393 673 1434 705 10
1446 671 1580 706 sciente
1596 670 1740 707 domino
1754 676 1910 707 meretur
1926 672 2087 708 militiam
2109 678 2173 710 aut
2187 677 2380 722 quamlibet
2397 675 2510 720 digni-

306 716 440 759 οἰκέτης
469 714 604 750 εἰδότος
638 717 702 750 τοῦ
728 718 942 761 κεκτημένου
973 713 1120 763 ἀξιωθῇ
1145 728 1190 750 στ
1213 720 1332 750 ατείας
1354 714 1377 759 ἧ
1445 719 1554 751 tatem
1584 716 1805 761 adipiscatur
1834 717 1880 752 ab
1910 717 2067 762 imperim
2099 726 2244 765 repente
2271 721 2443 757 liberatur
2474 723 2512 755 et

306 772 402 795 τινος
433 758 533 801 ἀξίας
563 761 664 803 ταί-χοι
695 760 793 807 παρὰ
826 761 887 804 τῆς
916 760 1115 805 βασιλείας,
1146 758 1184 794 εὐ
1223 761 1258 795 oc
1285 759 1377 795 ἐλευ-
1445 760 1483 796 in
1516 761 1630 806 ipsam
1664 761 1803 806 rapitur
1836 761 2109 807 ingenuitatem,
2143 765 2316 809 quomodo
2350 777 2423 802 non
2458 769 2512 800 est

306 805 482 850 θεροῦται
512 809 572 840 καὶ
603 809 650 840 εἰς
674 803 788 850 αὐτὴν
812 803 1061 851 ἀναρπάζεται
1091 806 1160 850 τὴν
1183 804 1378 853 εὐγένειαν,
1445 806 1578 841 iustum
1600 809 1722 842 tantos
1745 811 2003 852 promerentem
2024 808 2208 845 codicillos
2230 820 2302 847 non
2320 811 2426 846 etiam
2445 821 2511 856 po·

306 852 384 885 πῶς
405 848 483 894 οὐχὶ
507 849 647 886 δίκαιον
674 851 743 885 τὸν
765 850 988 895 τηλικούτων
1019 849 1222 895 ἠξιωμένον
1244 851 1377 896 συμβό·
1445 854 1577 887 testate
1599 855 1748 896 paterno
1770 852 1920 888 liberum
1943 852 2045 888 fieri?

306 894 382 930 λων
403 896 453 941 μὴ
473 899 533 930 καὶ
555 898 618 940 τῆς
641 893 939 939 ὑπεξουσιότητος
971 894 1164 942 ἐλεύθερον
1186 897 1377 943 γίνεσθαῃ·
1392 899 1433 932 15

1723 170 2015 206 ΟΟΝΒΤΙΤΠΤῙΟ
2042 172 2164 213 QUAE
2192 169 2508 207 mamm-'mus

1305 1008 1460 1044 CAPUT
1488 1008 1518 1044 Ι.

358 1075 428 1110 Διά
457 1077 565 1110 τοῦτο
596 1079 720 1110 τοίνυν
749 1073 844 1118 τῷδε
875 1076 927 1118 τῷ
960 1074 1171 1120 σεμνοτάτῳ
1201 1075 1377 1121 χρώμενοι
1501 1076 1696 1120 Propterea
1728 1076 1837 1121 igitur
1870 1078 1940 1113 hac
1974 1077 2223 1114 honestissima
2260 1080 2402 1114 utentes
2436 1078 2513 1123 lege

305 1120 408 1166 νόμῳ
441 1121 674 1165 θεσπίζομεν,
706 1120 788 1155 τούς
809 1133 849 1155 τε
872 1118 1095 1166 όρὸιναρίους
1124 1118 1298 1164 ὑπάτους,
1330 1122 1377 1156 εἴ·
1446 1121 1636 1162 sancimus,
1672 1123 1709 1156 et
1738 1122 1938 1159 ordinarios
1969 1124 2149 1166 consules,
2184 1124 2215 1158 si
2238 1123 2305 1159 sub
2336 1126 2515 1168 potestate

305 1179 373 1212 περ
397 1168 436 1200 έν
452 1163 673 1206 ὑπεξουσίοις
695 1164 842 1208 τελοῖεν,
867 1161 944 1210 ἅμα
966 1167 1019 1209 τῷ
1045 1166 1179 1212 ῥήματι
1209 1168 1262 1209 τῷ
1291 1166 1377 1200 ταύ-
1447 1166 1654 1208 consistant,
1679 1176 1751 1201 una
1775 1177 1853 1202 cum
1877 1168 1955 1213 ipso
1976 1169 2083 1204 verbo
2107 1178 2176 1213 quo
2199 1168 2270 1204 hoc
2286 1168 2343 1204 his
2362 1169 2515 1204 donatur

304 1224 373 1254 την
396 1208 515 1246 αὐτοῖς
536 1213 759 1256 χαριζομένῳ
782 1211 851 1254 τὴν
873 1210 979 1251 τάξιν
1006 1212 1053 1245 εἰς
1076 1208 1378 1255 αὖτεξουσιότητα
1446 1211 1604 1246 officium
1633 1221 1719 1246 suae
1747 1213 1936 1257 potestatis
1964 1212 2060 1257 fieri,
2094 1223 2160 1248 nec
2192 1224 2265 1249 non
2294 1218 2331 1248 et
2361 1213 2417 1249 his
2453 1214 2515 1258 qui

305 1256 501 1302 φέρεσθαι,
537 1259 597 1289 καὶ
631 1255 720 1301 πρός
752 1269 793 1302 γε
827 1259 900 1291 τοῖς
933 1259 1148 1301 τιμωμένοις
1182 1257 1280 1302 παρὰ
1315 1258 1379 1300 τῆς
1391 1259 1432 1292 20
1446 1258 1668 1292 honorantur
1687 1257 1733 1292 ab
1757 1257 1905 1302 imperio
1936 1268 2000 1303 per
2023 1259 2229 1294 consulares
2253 1258 2453 1302 codicillos,
2482 1259 2514 1294 si

305 1301 487 1346 βασιλείας
517 1299 704 1336 ὑπατικοῖς
734 1300 941 1346 συμβόλοις,
972 1302 1072 1347 εἴπερ
1099 1299 1170 1336 ὑπὸ
1202 1302 1271 1345 τὴν
1301 1303 1378 1336 τῶν
1446 1302 1513 1337 sub
1544 1302 1656 1347 patris
1688 1305 1774 1337 sunt
1804 1312 1929 1346 manu,
1960 1303 2038 1338 fieri
2069 1303 2251 1339 codicillos
2274 1314 2397 1339 eorum
2428 1313 2515 1339 suso

305 1350 476 1393 πατέρων
498 1345 635 1382 τελοῖεν
655 1349 772 1392 χεῖρα,
803 1346 975 1393 γίνεσθαι
1007 1347 1050 1381 τὸ
1081 1346 1264 1391 σύμβολον
1294 1344 1376 1381 αὐτ-
1445 1347 1631 1392 potestatis
1656 1348 1890 1383 occasionem.
1930 1348 1980 1383 Et
2003 1348 2034 1384 si
2052 1358 2140 1394 quos
2163 1359 2231 1384 nos
2254 1359 2318 1393 per
2333 1349 2514 1384 universas

304 1391 549 1434 εξουσιότητος
583 1390 790 1437 πρόφασιν·
826 1394 886 1426 καὶ
920 1391 957 1425 εἴ
1009 1395 1029 1425 ε’
1054 1403 1156 1426 τινας
1185 1388 1283 1436 ἡμεῖς
1318 1394 1377 1427 ἐπὶ
1445 1392 1599 1427 diocesis
1630 1393 1904 1436 gloriosissimos
1933 1394 2135 1439 praefectos
2166 1404 2349 1429 sacrorum
2373 1397 2513 1430 nostro-

305 1438 438 1472 πασῶυ
467 1438 544 1471 τῶν
575 1434 788 1480 διοικήσεων
816 1438 894 1471 τῶν
925 1405 1176 1478 ένὸζξοτάτων
1207 1436 1377 1483 ἐπάρχων
1445 1448 1524 1472 111111
1557 1438 1817 1482 praetoriorum
1851 1438 2079 1474 instituamus
2116 1442 2180 1474 aut
2215 1438 2254 1474 in
2286 1440 2515 1484 praefectura

304 1483 382 1516 τῶν
416 1481 524 1527 ἱερῶν
558 1479 664 1526 ἡμῶν
695 1486 929 1528 πραιτωρίων
965 1482 1224 1526 ἐπιστήσαιμεν
1258 1481 1281 1525 ἢ
1316 1484 1377 1517 ἐπὶ
1391 1485 1432 1518 25
1446 1482 1599 1517 civitatis
1624 1483 1810 1528 utriusque
1834 1482 1969 1519 Romae
1991 1484 2255 1529 provexerimus
2282 1488 2346 1519 aut
2367 1483 2404 1519 in
2426 1494 2513 1529 quo-

304 1526 374 1571 τὴν
389 1526 603 1572 πολιαρχίαν
626 1527 792 1572 ἑκατέρας
815 1524 944 1572 Ῥώμης
974 1526 1124 1574 ἄγοιμεν
1152 1526 1175 1570 ἢ
1206 1529 1269 1562 ἐπί
1292 1541 1377 1562 τινα
1445 1527 1533 1562 libet
1555 1528 1887 1572 magistromilitatu,
1918 1530 1983 1564 hos
2007 1532 2153 1574 repente
2176 1529 2282 1564 etiam
2306 1538 2392 1564 suae
2415 1533 2514 1574 pote-

305 1576 535 1619 στρατηγίαν,
559 1571 704 1606 τούτους
727 1570 838 1607 εὐθὺς
857 1575 917 1606 καὶ
936 1569 1180 1613 αὖτεξουσίους
1194 1573 1375 1619 γίνεσθαι.
1445 1573 1547 1608 statis
1570 1573 1658 1608 fieri.
1705 1573 1799 1608 Eum
1823 1583 1991 1619 namque,
2023 1574 2083 1619 qui
2111 1578 2292 1610 tantorum
2322 1574 2428 1610 iudex
2458 1577 2515 1610 est

306 1618 373 1653 τὸν
387 1618 458 1665 γὰρ
471 1617 660 1652 τοσούτων
683 1617 842 1663 ἄρχοντα
857 1621 917 1651 καὶ
932 1618 1115 1652 τοσούτοις
1135 1618 1378 1652 ἐπιτάττοντα
1446 1622 1483 1653 et
1501 1618 1613 1652 tantis
1631 1618 1740 1661 iubet,
1764 1628 1908 1654 manere
1931 1619 1998 1654 sub
2016 1622 2194 1664 potestate
2213 1618 2360 1655 alterius
2383 1625 2419 1655 et
2440 1630 2513 1655 non

304 1666 428 1708 με’νειν
448 1665 508 1697 ἐπὶ
531 1664 593 1706 τῆς
615 1660 912 1706 ὑπεξουσιότητος
935 1664 988 1696 ἔτι
1011 1666 1071 1696 καὶ
1093 1663 1142 1707 μὴ
1159 1666 1231 1697 τοῖς
1254 1660 1377 1704 αὖτεξ-
1446 1664 1539 1698 inter
1563 1673 1624 1698 eos
1657 1663 1717 1708 qui
1741 1673 1827 1699 suae
1851 1664 2039 1709 potestatis
2069 1669 2153 1700 sunt
2182 1663 2290 1701 scribi
2313 1668 2513 1700 nostrarum

305 1712 436 1743 ονσίοις
467 1707 715 1755 ἐγγράφεσθαι
743 1709 822 1759 τῶν
848 1705 1032 1753 ἡμετέρων
1063 1705 1214 1749 ἀνάξιον
1246 1705 1377 1755 ἦγησά-
1391 1710 1433 1743 30
1446 1708 1629 1752 indignum
1652 1708 1883 1744 iudicavimus
1906 1710 2022 1753 legum
2045 1709 2150 1745 simul
2171 1712 2209 1746 et
2230 1712 2438 1755 temporum.

545 1753 552 1762 '
746 1750 757 1761 ‘
982 1752 990 1762 ‘
1445 1755 1467 1789 1
1514 1753 1735 1789 Generaliter
1766 1758 1901 1799 autem,
1934 1754 2040 1790 sicuti
2065 1755 2198 1790 dictum
2221 1758 2291 1797 est,
2324 1755 2513 1797 sancimus,

304 1755 327 1790 1
378 1753 480 1798 μεθα
510 1766 637 1797 νομων
666 1766 707 1787 τε
739 1766 815 1797 αμα
844 1756 904 1787 καὶ
928 1766 1081 1798 χρονων.
1139 1755 1178 1788 ἐν
1203 1756 1297 1800 γε’νει
1328 1751 1377 1795 δέ,

535 1798 544 1807 ’
1022 1796 1031 1806 ‘
1161 1799 1177 1806 ”
1446 1800 1487 1833 ut
1509 1798 1621 1834 omnis
1654 1798 1808 1842 dignitas
1840 1802 1877 1834 et
1907 1809 2010 1835 omne
2042 1801 2220 1844 cingulum
2251 1809 2276 1835 a
2307 1800 2406 1835 curia
2427 1800 2513 1836 libe-

305 1798 477 1833 καθάπεο
507 1800 661 1843 εἰρηται,
693 1798 976 1842 νομοθετοῦμεν,
1008 1795 1096 1832 ω’ςτε
1126 1812 1202 1833 παν
1234 1795 1377 1843 ἀξίωμα

305 1847 366 1877 καὶ
389 1831 502 1889 ἀρχῆν
525 1844 650 1878 πᾶσαν
672 1842 800 1887 βουλῆς
824 1842 1039 1888 ἐλευθεροῦν
1066 1841 1269 1888 δυναμένην
1291 1843 1377 1878 ταύ-
1445 1853 1525 1879 rare
1540 1844 1660 1878 valens
1677 1843 1746 1879 hoc
1762 1844 1868 1879 etiam
1886 1854 1972 1879 suae
1988 1846 2175 1889 potestatis
2191 1845 2386 1890 praemium
2401 1845 2513 1880 hono·

305 1902 373 1933 την
395 1892 456 1924 καὶ
471 1885 785 1932 αὖτεξουσιότητος
806 1891 910 1935 γε’ρας
931 1891 1005 1922 τοῖς
1020 1891 1265 1933 ’τετιμημένοις
1285 1901 1374 1934 παρ-
1444 1889 1533 1924 ratis
1556 1891 1724 1934 praestet,
1756 1892 1792 1924 et
1814 1890 2006 1925 nobiliores
2038 1890 2155 1926 adhuc
2185 1894 2305 1936 patres
2336 1890 2514 1932 ostendat,

305 1937 408 1990 ἐγειν.
454 1934 562 1969 τοῦτο
591 1933 661 1981 γὰρ
690 1937 750 1968 καὶ
774 1936 1002 1978 σεμνοτέρους
1031 1935 1086 1968 ἔτι
1116 1934 1199 1968 τοὺς
1220 1937 1376 1980 πατέρας
1389 1935 1432 1969 35
1445 1934 1477 1970 si
1500 1943 1582 1980 ergo
1605 1934 1652 1969 ab
1675 1934 1821 1979 imperio
1844 1934 1895 1970 sic
1918 1934 2174 1971 honoratorum
2197 1936 2269 1971 sint
2288 1937 2428 1981 patrem
2452 1935 2514 1980 qui

307 1982 517 2025 αποφαίνει,
541 1978 578 2013 εἴ
594 1991 635 2025 γε
657 1979 735 2013 τῶν
757 1975 856 2013 οὕτω
878 1978 979 2024 παρὰ
1002 1979 1066 2022 τῆς
1083 1977 1266 2023 βασιλείας
1286 1992 1379 2014 τετι-

307 2116 339 2149 Ζ
351 2071 476 2157 αΙιΙμέν.
492 2071 716 2157 Θὲσέτῖζομεῖι
731 2089 772 2095 -
786 2068 972 2115 πρόφασιν
993 2071 1087 2103 habet
1111 2069 1161 2103 Β*
1179 2070 1212 2102 P
1227 2071 1258 2111 5,
1272 2076 1287 2104 7
1310 2083 1343 2114 p.
1359 2071 1425 2105 649
1438 2070 1542 2104 Zach.
1588 2070 1817 2114 Aryumentum
1841 2083 1868 2104 c.
1882 2071 1905 2104 Ι
1917 2078 1946 2104 εἰ
1963 2070 2027 2105 III
2047 2079 2175 2106 notatur
2197 2072 2275 2106 ibid.
2289 2078 2306 2106 6
2325 2076 2342 2112 ὁ
2360 2078 2377 2105 2
2398 2084 2433 2116 p.
2446 2072 2512 2107 648
2532 2092 2545 2099 ι

339 2129 378 2149 ac
401 2141 408 2148 .
447 2128 484 2149 ex
610 2141 618 2157 ,
632 2123 658 2157 4,
672 2123 688 2149 3

306 2227 421 2273 iisque
441 2226 503 2272 qui
518 2226 606 2261 solis
625 2224 876 2262 consularibus
899 2223 1077 2260 codicillis
1099 2223 1339 2267 honorantur,
1364 2228 1398 2260 et
1414 2224 1458 2261 de
1473 2225 1746 2272 maqistratibus
1767 2225 1831 2272 qui
1846 2237 1869 2261 a
1885 2226 1987 2261 curia
2011 2226 2165 2262 liberare
2179 2231 2350 2273 possunt,
2374 2227 2442 2264 hoc
2460 2231 2515 2264 est

305 2276 341 2308 et
359 2271 599 2319 praefectura
614 2274 650 2307 et
663 2270 872 2316 maqisterio
891 2269 1042 2305 militum
1065 2269 1247 2312 (nimirum
1269 2280 1349 2305 eam
1372 2269 1522 2306 dicimus
1545 2270 1757 2316 diqnitatem
1781 2282 1874 2317 quae
1895 2271 1985 2317 ipsis
2007 2271 2149 2307 sedibus
2163 2276 2197 2307 et
2213 2271 2380 2318 operibus
2401 2283 2514 2319 aquo-

305 2317 430 2359 scitur)
461 2316 500 2351 id
521 2317 640 2363 ipsum
663 2315 862 2358 sancimus,
898 2318 938 2350 ut
961 2315 1077 2350 omnis
1100 2313 1275 2350 eiusmodi
1297 2314 1458 2360 dignitas
1480 2320 1516 2351 et
1538 2316 1772 2362 maqistratus
1801 2317 1838 2351 in
1861 2327 1924 2351 eos
1954 2326 2196 2362 quoscumque
2218 2327 2286 2352 nos
2305 2316 2514 2364 probaveri-

305 2372 383 2397 mus
403 2361 570 2403 collatus,
594 2361 658 2407 qui
681 2360 823 2407 quidem
842 2370 904 2396 eos
927 2371 950 2395 a
966 2360 1069 2395 curia
1092 2359 1237 2402 liberat,
1261 2359 1354 2395 idem
1377 2361 1486 2396 etiam
1506 2364 1687 2406 potestate
1701 2365 1854 2407 patrum
1878 2361 1934 2397 vel
1954 2371 2102 2397 avorum
2126 2372 2189 2397 eos
2211 2361 2364 2398 liberare
2386 2362 2514 2399 valeat.

306 2406 450 2442 Etenim
471 2407 507 2442 si
526 2406 727 2448 sanximus,
749 2411 791 2441 ut
812 2405 846 2440 si
868 2405 931 2451 qui
949 2415 1074 2440 servus
1096 2405 1230 2440 sciente
1252 2404 1397 2440 domino
1421 2405 1550 2441 militia
1573 2405 1705 2452 diqnus
1723 2404 1866 2442 habitus
1887 2406 1961 2443 sive
1983 2417 2091 2452 quam
2110 2405 2320 2458 diqnitatem
2343 2407 2388 2444 ab
2405 2407 2514 2455 impe·

305 2456 429 2487 ratore
451 2455 579 2487 nactus
601 2452 667 2494 sit,
698 2451 730 2486 is
754 2450 876 2486 statim
900 2449 1070 2486 liberetur
1093 2456 1128 2486 et
1150 2449 1199 2485 ad
1221 2450 1337 2496 ipsam
1360 2451 1616 2497 inqenuitatem
1639 2450 1831 2497 eripiatur,
1854 2451 1919 2497 qui
1940 2462 2013 2487 non
2031 2462 2109 2498 par
2130 2456 2189 2494 sit,
2213 2451 2277 2498 qui
2300 2451 2432 2488 talibus
2454 2463 2515 2489 co-

306 2496 438 2533 dicillis
458 2495 630 2542 dignatus
652 2500 717 2537 est,
741 2506 821 2531 eum
844 2495 951 2531 etiam
975 2506 999 2530 a
1019 2496 1144 2541 patria
1161 2499 1346 2541 potestate
1370 2495 1517 2532 liberum
1539 2495 1646 2541 fieri?

439 2541 469 2577 1.
515 2540 719 2588 Propterea
742 2541 855 2586 iqitur
879 2539 947 2576 hac
970 2540 1049 2586 leqe
1072 2539 1320 2576 honestissima
1343 2544 1481 2576 utentes
1502 2541 1701 2583 sancimus,
1732 2544 1774 2576 ut
1796 2544 1832 2576 et
1854 2540 2032 2576 ordinarii
2060 2540 2237 2584 consules,
2259 2542 2294 2577 si
2313 2542 2454 2589 quidem
2475 2542 2515 2578 in

299 2589 483 2634 potestate
497 2587 580 2629 sint,
604 2597 678 2622 una
695 2586 803 2622 cumi
830 2596 870 2621 so
887 2585 1030 2621 nomine
1052 2585 1153 2632 quod
1171 2585 1266 2620 hunc
1284 2585 1330 2620 iis
1345 2585 1505 2621 ordinem
1527 2585 1684 2632 larqitur
1705 2596 1794 2621 suae
1812 2587 2007 2632 potestatis
2027 2586 2249 2631 efficiantur,
2273 2590 2310 2623 et
2351 2593 2515 2624 raeterea

306 2634 352 2668 iis
373 2633 437 2679 qui
459 2631 712 2667 consularibus
735 2642 777 2667 co
811 2630 910 2666 'ciliis
933 2630 978 2666 ab
1003 2631 1152 2677 imperio
1175 2629 1415 2673 honorantur,
1444 2631 1477 2665 si
1496 2630 1638 2677 quidem
1660 2630 1726 2666 sub
1749 2642 1858 2666 manu
1878 2635 2027 2677 patrum
2050 2631 2143 2673 sint,
2175 2631 2308 2668 codicil
2320 2643 2332 2667 i
2352 2632 2516 2668 existant

306 2677 605 2724 emancipationis
627 2686 761 2717 causa;
791 2680 827 2711 et
856 2675 889 2710 si
912 2685 1005 2721 quos
1027 2686 1094 2711 nos
1113 2675 1151 2710 in
1176 2675 1339 2711 omnibus
1361 2675 1582 2711 dioecesibus
1603 2675 1949 2722 gloriosissimorum
1965 2675 2235 2723 praefectorum
2259 2686 2365 2712 sacro
2388 2681 2513 2713 nostro

304 2723 492 2770 praetorio
516 2721 807 2757 constituerimus
828 2720 903 2756 sive
925 2719 974 2755 ad
991 2720 1265 2767 praefecturam
1290 2721 1389 2757 urbis
1411 2721 1598 2767 utriusque
1615 2719 1753 2756 Romae
1775 2721 1849 2756 sive
1869 2720 1919 2756 ad
1932 2721 2177 2767 maqisterium
2199 2721 2350 2757 militum
2365 2720 2516 2768 aliquod

300 2767 591 2814 processerimus,
614 2767 642 2801 ii
656 2766 777 2802 statim
801 2766 908 2802 etiam
930 2776 1018 2801 suae
1031 2765 1222 2812 potestatis
1234 2766 1336 2810 fiant.
1384 2765 1479 2801 Nam
1495 2766 1557 2811 qui
1582 2769 1632 2801 tot
1648 2765 1851 2801 hominibus
1871 2771 2026 2812 praeest,
2051 2769 2104 2801 tot
2125 2765 2327 2802 hominibus
2348 2766 2514 2812 imperat,

306 2824 385 2849 eum
408 2811 473 2847 sub
491 2812 620 2859 patria
642 2814 820 2858 potestate
842 2821 987 2847 manere
1010 2821 1054 2846 ac
1069 2821 1143 2846 non
1166 2810 1212 2845 iis
1234 2810 1298 2856 qui
1312 2821 1400 2846 suae
1416 2810 1611 2857 potestatis
1632 2815 1719 2846 sunt
1733 2810 1890 2846 adscribi
1904 2811 2039 2846 nostris
2053 2809 2239 2857 indiqnum
2256 2810 2393 2857 leqibus
2410 2811 2518 2847 simul

306 2860 328 2894 1
373 2861 409 2893 et
441 2857 659 2904 temporibus
688 2856 931 2892 iudicavimus.
1025 2855 1071 2891 In
1093 2856 1295 2892 urtiversum
1327 2860 1464 2899 autem,
1487 2856 1581 2890 sicut
1603 2854 1736 2890 dictum
1759 2860 1831 2898 est,
1861 2855 2058 2898 sancimus,
2088 2860 2130 2891 ut
2153 2855 2269 2891 omnis
2299 2855 2458 2902 diqnitas
2479 2858 2515 2892 et

307 2914 365 2938 ma
398 2903 542 2938 'stratus
564 2902 690 2944 omnis,
714 2902 778 2947 qui
793 2913 816 2937 a
832 2901 936 2936 curia
954 2900 1108 2937 liberare
1124 2904 1260 2947 potest,
1282 2899 1375 2936 idem
1393 2900 1499 2936 etiam
1514 2910 1603 2936 suae
1618 2901 1815 2946 potestatis
1831 2901 2034 2947 praemium
2054 2904 2215 2947 praestet
2237 2900 2283 2935 iis
2296 2901 2361 2953 qui
2378 2899 2516 2937 honore

308 2914 430 2995 017ἕὲτί
451 2947 533 2982 sint.
583 2946 664 2982 Hoc
687 2946 780 2982 enim
800 2945 858 2983 vel
878 2945 1134 2982 honoratiores
1155 2944 1275 2981 reddit
1290 2949 1431 2992 patres,
1462 2945 1636 2991 siquidem
1658 2956 1782 2982 eorum
1813 2949 1899 2981 sunt
1919 2949 2050 2992 panes
2072 2945 2135 2992 qui
2157 2945 2210 2981 ita
2233 2944 2277 2981 ab
2298 2950 2516 2993 imperatore

355 3064 370 3096 1
394 3061 447 3095 τῶ
468 3073 508 3107 γε
524 3061 556 3094 L
574 3059 586 3100 ΙΙ
603 3061 623 3094 2
647 3062 893 3103 τετιμημένων
914 3072 972 3093 om.
986 3060 1017 3092 L
1033 3058 1045 3098 fl
1063 3054 1186 3104 ἀρχῶν
1208 3058 1285 3092 τῶν
1309 3059 1381 3091 Ha—

310 3108 443 3141 loander
457 3107 539 3146 ατς]
564 3101 750 3149 ἀρχόντων
764 3106 836 3139 ML
859 3104 872 3148 ΙΙ
898 3106 916 3138 5
936 3105 1029 3150 ἔργω
1050 3105 1099 3137 L¹
1122 3107 1134 3147 ΙΙ
1164 3102 1381 3147 νομοθετοῦ-

307 3154 387 3196 μεν]
406 3152 571 3184 sancimus
588 3161 656 3183 esse
674 3162 693 3186 ς
709 3150 721 3194 1]
739 3151 759 3184 6
779 3152 850 3191 καὶ]
870 3153 930 3182 ant
949 3151 1048 3182 etiam
1065 3162 1084 3186 ς
1101 3150 1113 3193 ΙΙ
1132 3150 1150 3184 8
1171 3151 1231 3182 καὶ
1243 3146 1381 3192 βουλῆς]

309 3199 368 3230 καὶ
393 3210 450 3230 om.
466 3208 485 3233 ς
507 3196 519 3239 ΙΙ
548 3198 587 3230 10
611 3193 940 3239 ἐνομοθετήσαμεν]
971 3195 1047 3228 Cod.
1062 3198 1093 3236 6,
1106 3203 1134 3236 4,
1148 3202 1200 3235 4,1
1219 3194 1232 3238 ΙΙ
1258 3195 1296 3227 17
1323 3189 1381 3237 ὀρ-

310 3240 499 3287 διναρίους]
523 3239 731 3283 §peribam
747 3241 796 3274 B·
817 3248 845 3274 et
867 3253 893 3274 s.
907 3254 936 3274 υ.
951 3240 981 3273 L
999 3239 1011 3283 ΙΙ
1038 3242 1078 3274 19
1101 3235 1383 3283 ἆφεξουσιότητα

312 3287 372 3331 Lfl
395 3289 438 3321 20
461 3285 574 3330 παρὰ]
600 3286 734 3319 πᾶσιΕ
750 3285 763 3329 ΙΙ
790 3286 832 3319 22
855 3287 954 3329 χεῖρα
977 3283 1114 3318 τελοῖεν
1128 3286 1157 3318 L
1176 3285 1188 3329 ΙΙ
1211 3283 1382 3329 γίνεσθαι

311 3356 368 3376 om.
382 3343 427 3376 L¹
450 3342 463 3386 ΙΙ
492 3328 632 3397 congel
655 3343 688 3382 (i.
703 3354 728 3375 e.
748 3338 972 3384 συμβόλαιον
981 3339 1010 3382 ἳ)
1034 3341 1065 3373 L
1093 3339 1105 3382 ΙΙ
1136 3341 1178 3375 23
1202 3337 1299 3381 ἡμεῖς
1322 3339 1382 3373 ἐπὶ

311 3387 440 3421 πασῶν
461 3388 532 3429 Me]
561 3401 583 3430 η
605 3385 671 3430 μιᾶ
696 3387 827 3420 πασῶν
852 3387 882 3419 L
908 3386 920 3429 ΙΙ
948 3387 990 3419 24
1014 3384 1207 3429 *ἐπάρχων
1229 3386 1284 3430 (ff
1304 3392 1380 3423 v.3;

314 3433 432 3466 Theoti.
447 3433 521 3466 Am.
539 3433 585 3466 B·
606 3445 640 3476 p.
655 3434 743 3473 648›]
769 3427 941 3475 ὑπάρχων
958 3430 1027 3463 ML
1046 3430 1058 3474 ΙΙ
1085 3432 1126 3465 25
1151 3427 1382 3472 *έπιστήσον

310 3489 377 3519 μεν
393 3478 490 3521 MLn
517 3478 559 3512 26
584 3475 804 3521 πολυαρχίαν
818 3477 875 3510 M⁰
898 3477 910 3519 fl
933 3471 1124 3521 ἀγάγοιμεν
1139 3476 1169 3509 L
1185 3476 1198 3519 ΙΙ
1224 3477 1267 3510 30
1287 3475 1382 3520 ἐγγε-

313 3520 830 3611 ιῆέτῖεςαΕΜ1ι3ῃ13ἕρέῑςτ,
850 3522 1044 3612 istst?
1175 3520 1188 3564 ¹
1216 3521 1260 3554 ³⁴
1281 3521 1384 3566 γέρας

362 3644 377 3675 1
403 3644 579 3685 praebeant
607 3646 638 3678 T
659 3646 671 3686 ΙΙ
699 3648 730 3677 et
754 3645 812 3686 qui
837 3644 915 3677 solis
941 3645 1034 3677 Beck
1061 3643 1074 3687 ΙΙ
1103 3645 1123 3678 2
1147 3642 1290 3685 singulis
1321 3641 1382 3687 VH

316 3686 373 3726 qui
398 3688 428 3719 R
444 3688 458 3729 fl
474 3691 493 3721 3
519 3689 696 3731 *magistri
719 3690 881 3722 militatus
906 3690 983 3723 libri
997 3689 1009 3732 ΙΙ
1034 3690 1054 3723 4
1078 3689 1151 3722 istis
1176 3687 1232 3730 ΤΙ]
1251 3689 1380 3732 Ζεφας·

317 3729 405 3763 niti?
423 3730 436 3774 fl
451 3732 573 3773 agnitis
587 3751 626 3758 -
640 3735 659 3766 5
674 3735 838 3767 sancimus
861 3735 894 3768 in
918 3746 982 3768 ran.
1008 3733 1060 3778 Vn
1084 3735 1104 3767 5
1130 3733 1250 3776 ipfluml
1274 3742 1380 3766 Ἀθη·

1450 3059 1612 3092 tissimum
1635 3072 1661 3094 ε.
1675 3072 1707 3092 υ.
1721 3061 1798 3093 add.
1817 3058 1868 3092 T²
1894 3058 1907 3102 Ι]
1936 3060 1956 3093 6
1981 3059 2091 3101 etiam]
2116 3062 2149 3092 et
2180 3060 2210 3091 V
2234 3059 2247 3104 ΙΙ
2274 3059 2453 3102 aliquibus]
2475 3060 2515 3093 ab

1449 3103 1618 3146 aliquibus
1638 3104 1672 3137 R
1696 3105 1708 3148 ΙΙ
1738 3107 1756 3138 7
1781 3114 1842 3137 nos
1864 3117 1922 3137 om.
1939 3104 1988 3137 T¹
2008 3108 2020 3148 fl
2046 3104 2105 3146 qui
2129 3104 2254 3149 RV2u
2277 3106 2297 3140 8
2322 3107 2354 3138 et
2377 3105 2482 3139 0111.Ιί
2503 3104 2516 3149 fl

1450 3152 1515 3190 eos]
1540 3149 1595 3182 1101
1616 3160 1669 3183 eos
1693 3150 1739 3182 12¹
1756 3151 1768 3193 u
1787 3151 1808 3184 9
1830 3149 2015 3182 sanccimus
2027 3149 2077 3182 ΕΙ
2102 3150 2291 3183 sancuimus
2311 3150 2368 3193 Vll
2387 3152 2427 3184 10
2448 3160 2514 3182 me-

1449 3197 1541 3227 retur
1554 3195 1635 3236 RT]
1659 3197 1822 3227 mereatur
1843 3194 1965 3237 Vvuly.
2017 3196 2054 3229 11
2074 3194 2236 3228 liberetur
2256 3203 2286 3229 et
2311 3195 2352 3229 12
2367 3193 2515 3237 rapiatur

1449 3240 1534 3283 vulq.
1550 3239 1563 3283 ΙΙ
1584 3241 1626 3274 13
1646 3239 1757 3280 etiam]
1775 3252 1815 3270 u
1839 3239 1886 3272 V¹
1903 3238 1916 3284 ΙΙ
1937 3241 1978 3273 14
2008 3239 2150 3273 ibertum
2172 3240 2221 3273 V¹
2245 3239 2421 3272 liberatum
2444 3237 2488 3270 V³

1454 3286 1492 3318 16
1517 3294 1556 3317 ac
1579 3285 1627 3318 13¹
1642 3285 1655 3327 ΙΙ
1675 3286 1717 3318 18
1741 3285 1803 3317 hoc
1826 3296 1884 3317 om.
1900 3284 1951 3317 Τ1
1969 3283 1982 3328 ΙΙ
2002 3286 2041 3318 19
2065 3286 2154 3326 suae]
2179 3284 2310 3318 siueR¹
2354 3283 2414 3316 ho·
2438 3282 2488 3315 T*

1451 3331 1492 3363 20
1517 3329 1681 3363 codicillis
1703 3330 1752 3362 V²
1777 3327 1790 3380 [1
1817 3330 1855 3363 21
1884 3331 2002 3372 patus
2024 3330 2072 3362 V¹
2089 3329 2101 3374 ΙΙ
2126 3340 2226 3362 manu
2249 3341 2307 3362 on.
2359 3326 2399 3370 ιΙ
2422 3329 2511 3368 suae]

1450 3385 1505 3406 scu
1530 3373 1591 3419 Ru
1617 3376 1659 3409 22
1681 3384 1851 3407 occasione
1874 3373 1924 3406 12²
1934 3373 1982 3406 V²
2004 3373 2016 3418 ΙΙ
2035 3375 2109 3416 quis
2131 3374 2207 3418 V¹11
2232 3374 2275 3407 23
2297 3371 2441 3405 dionem
2463 3372 2513 3404 V*

1451 3419 1592 3452 dioceses
1614 3420 1688 3497 17311]
1714 3420 1756 3453 24
1779 3419 1815 3451 in
1841 3432 1898 3452 om.
1922 3418 1970 3451 V¹
1993 3418 2006 3462 ss
2031 3419 2073 3453 26
2096 3419 2252 3461 magistro
2274 3415 2420 3449 milit-tu
2446 3417 2509 3458 Τί]

1450 3464 1601 3505 magistri
1624 3465 1666 3497 m'
1684 3465 1770 3497 itatu
1794 3463 1828 3496 R
1856 3464 2015 3505 magistro
2039 3463 2201 3496 militatus
2221 3461 2254 3495 V
2270 3461 2427 3503 magistro
2449 3461 2511 3494 mi·

1450 3508 1548 3541 litum
1575 3507 1658 3587 T’la
1671 3509 1783 3550 etiam]
1808 3510 1841 3542 et
1860 3508 1919 3552 Vl}
1933 3510 2111 3551 potestates
2131 3505 2212 3550 Vq
2234 3506 2275 3540 27
2298 3509 2347 3538 est
2369 3518 2427 3539 om.
2448 3506 2484 3539 V
2499 3506 2512 3551 ΙΙ

1450 3554 1491 3587 29
1515 3553 1605 3587 intra
1667 3554 1679 3598 Ι]
1709 3555 1750 3588 30
1771 3554 1968 3597 temporum]
1990 3553 2003 3586 i
2154 3550 2294 3594 1311’11
2320 3551 2360 3584 31
2387 3553 2510 3593 antem]

1450 3611 1506 3631 om.
1518 3599 1565 3631 12¹
1583 3599 1689 3641 igitur
1702 3598 1751 3633 R²
1767 3598 1781 3643 Ε
1796 3599 1839 3633 32
1851 3608 1872 3631 s
1883 3598 1976 3632 ouria
1989 3597 2072 3631 2133
2084 3596 2147 3629 hoo
2157 3606 2217 3628 on.
2228 3594 2284 3639 V!
2301 3596 2344 3630 34
2355 3598 2508 3639 praestet]

1449 3642 1540 3675 iubet
1560 3646 1702 3686 praestet
1714 3642 1794 3687 Rq
1811 3642 1962 3675 ostendat
1981 3659 2027 3666 —
2045 3641 2088 3675 35
2100 3641 2210 3683 patre·
2232 3652 2291 3674 on·
2304 3640 2338 3673 R
2354 3641 2366 3684 ΙΙ
2384 3642 2425 3676 35
2450 3641 2509 3683 sic]

1449 3688 1579 3729 quidem
1603 3688 1651 3721 sic
1675 3686 1740 3732 ΤΠ
1765 3691 1932 3720 oratorum
1953 3686 1998 3720 V·
2022 3685 2036 3728 Ι
2058 3684 2138 3725 aiut]
2163 3683 2226 3726 ipsi
2251 3685 2318 3719 sint
2345 3687 2378 3720 Τ
2394 3687 2452 3731 (esi
2465 3687 2512 3721 ad

1449 3733 1593 3776 399,ι)11
1617 3732 1687 3774 qui]
1711 3731 1792 3773 quid
1817 3731 1864 3764 13¹
