2618 4010
293 127 399 171 Nov.
424 127 520 170 VIII
550 128 845 171 Iusiurandum

292 236 350 272 δὸς
372 240 432 272 καὶ
451 241 604 285 γνησίαν
626 235 790 272 δουλείαν
861 235 956 279 Mea»
979 242 1051 274 τοῖς
1079 236 1280 274 θειοτάτοις
1300 241 1362 274 καὶ

291 279 555 327 εὐσεβεστάτας
584 278 687 336 ἡμῶν
717 280 907 318 δεσποταις
928 280 1170 327 Ἰουστινιανῷ
1193 286 1253 317 καὶ
1278 285 1359 319 Θεο-

291 325 408 374 δώρα,
436 328 480 374 τῇ
505 324 667 374 ὁμοζυγφ
691 328 754 362 τοῦ
780 325 889 363 αὐτοῦ
912 326 1072 376 κράτους,
1101 327 1278 375 προφάσει
1301 329 1360 371 τῆς

291 370 578 419 παραδεδομένης
599 384 661 417 μοι
685 371 782 418 παρὰ
805 373 866 417 τῆς
890 373 1013 408 αὐτῶν
1036 372 1213 418 εὐσεβείας
1240 370 1359 420 ἀρχῆς·

290 419 349 450 καὶ
381 415 501 451 πάντα
529 415 645 452 πόνον
675 420 735 451 καὶ
763 415 926 462 κάματον
955 417 1037 463 μετ’
1063 417 1200 452 εὐνοίας
1225 416 1360 453 ἀδόλως

291 463 348 494 καὶ
372 459 453 504 δίχα
476 464 598 505 τέχνης
620 461 717 497 τινὸς
738 461 956 507 ἀναδέξομαι
980 465 1039 498 ἐπὶ
1061 464 1105 510 τῇ
1125 461 1288 511 δοθείσῃ(Δ
1298 476 1359 508 μοι

291 505 380 552 παρ’
409 504 531 541 αὐτῶν
541 505 630 555 ἀρχῇ
652 504 742 554 ὑπὲρ
758 509 820 551 τῆς
839 505 961 542 αὐτῶν
980 507 1161 550 βασιλείας
1179 511 1238 542 καὶ
1261 507 1358 543 πολι-

292 554 394 585 τείας.
441 553 513 586 Καὶ
535 551 742 587 κοινωνικὸς
764 554 836 597 εἰμι
859 555 903 600 τῇ
928 550 1011 599 ἁγίᾳ
1041 554 1104 586 τοῦ
1128 553 1218 587 θεοῦ
1249 553 1359 588 καθο-

292 594 367 643 λικῇ
388 598 452 650 ,καὶ
475 594 692 645 ἀποστολικῇ
717 596 899 640 ἐκκλησίᾳ,
933 600 991 631 καὶ
1019 595 1102 631 κατ’
1130 595 1259 633 οὐδένα
1282 597 1359 644 τρό-

1373 125 1426 173 90

1676 143 1736 173 ΠΤ
1763 143 1938 175 ῘῘῙΒΙΟΕΒ
1966 144 2064 176 SINE
2093 144 2337 177 SUFFRAGIO
2355 143 2502 177 -FIANOE

1427 250 1638 285 manumque
1669 241 1852 294 servitium
1886 253 1941 279 me
1982 247 2204 280 servaturum
2246 244 2492 281 sacratissimis

1427 285 1561 336 nostris
1586 285 1734 321 domlms
1753 285 1947 324 Iustiniano
1971 293 2007 324 et
2021 289 2229 325 Theodorae
2253 289 2396 334 coniugi
2418 289 2493 326 eius

1428 339 1616 382 occasione
1645 329 1798 366 traditae
1831 332 1917 368 mihi
1946 333 1992 369 ab
2025 343 2146 369 eorum
2179 334 2310 379 pietate
2344 335 2492 370 admini-

1428 378 1627 419 stratioms3
1660 378 1696 409 et
1721 385 1861 411 omnem
1888 377 2046 414 laborem
2075 389 2118 414 ac
2149 379 2312 415 sudorem
2335 390 2417 415 cum
2438 379 2492 415 fa-

1395 423 1413 454 5
1428 429 1510 454 vore
1539 419 1616 454 sine
1645 419 1725 455 dolo
1750 424 1786 455 et
1817 420 1892 457 sine
1920 427 1997 458 arte
2027 433 2247 469 quacumque
2278 424 2433 469 suscipio
2458 425 2491 458 in

1428 463 1615 500 commissa
1638 464 1724 499 mihi
1748 465 1793 499 ab
1818 465 1868 501 eis
1891 466 2194 504 administratione
2217 469 2261 504 de
2284 479 2405 504 eorum
2429 469 2491 503 im-

1428 509 1526 553 perio
1544 512 1650 554 atque
1667 509 1860 554 republica.
1894 511 1944 546 Et
1960 513 2233 549 communicator
2249 524 2327 549 sum
2348 518 2492 549 sanctae

1429 553 1487 588 dei
1510 554 1705 590 catholicae
1723 557 1759 589 et
1781 555 1999 600 apostolicae
2018 557 2198 602 ecclesiae,
2223 563 2259 594 et
2277 558 2373 594 nullo
2390 558 2495 594 modo

1428 598 1483 633 vel
1510 602 1668 644 tempore
1692 599 1907 635 adversabor
1938 600 1986 642 ei,
2016 612 2082 637 nec
2112 602 2218 638 alium
2241 613 2493 648 quemcumque

289 653 361 675 πον
374 654 405 696 ,η
427 640 557 688 χρόνον
580 642 799 676 ἐναντιωθῶ
825 640 931 689 αὐτῇ,
960 638 1042 676 οὐδὲ
1064 640 1160 686 ἄλλῳ
1183 645 1257 677 τινὶ
1281 654 1359 690 συγ·
1378 645 1416 678 10
1428 643 1611 688 permitto,
1642 646 1813 697 quantum
1836 645 2104 690 possibilitatem
2127 647 2253 683 habeo.
2300 648 2382 684 Iuro
2408 659 2492 692 quo-

289 698 459 733 χωρησω,
493 683 584 722 καθ’
611 686 698 721 ὅσον
722 685 899 731 δυνάμεως
922 688 1002 729 ἔχω.
1043 685 1195 732 Ὄμνυμι
1219 686 1259 722 δὲ
1280 687 1362 722 τούς

290 729 417 765 αὐτοὺς
440 730 572 779 ὅρκους,
598 728 645 776 ὥς
667 730 785 766 οὐδενὶ
804 731 988 766 παντελῶς
1011 730 1093 766 οὔτε
1117 731 1255 766 δέδωκα
1280 732 1361 767 οὗτε

290 772 399 810 δώσω
431 775 609 824 προφάσει
637 778 697 820 τῆς
727 775 914 821 δεδομένης
943 789 1005 820 μοι
1036 775 1140 823 ἀρχῆς
1171 775 1253 812 οὐδὲ
1276 791 1360 824 προ-

290 819 394 866 φάσει
418 826 647 869 προστασίας,
671 821 752 856 οῧτε
770 820 1031 877 ἐπηγγειλάμην
1050 820 1132 856 οὔτε
1151 820 1362 869 ώμολόγησα

1429 699 1496 732 que
1519 688 1611 724 idem
1633 690 1888 732 iusiurandum,
1913 690 1996 734 quia
2013 691 2100 726 nulli
2123 693 2263 744 penitus
2281 703 2394 738 neque
2415 694 2493 728 dedi

1429 743 1541 778 neque
1565 733 1656 769 dabo
1681 735 1870 770 occasione
1894 734 1969 770 dati
1991 735 2078 770 mihi
2100 737 2231 781 cinguli
2254 747 2367 782 neque
2390 748 2491 773 occa-

1429 779 1528 814 sione
1550 779 1749 824 patrocinii,
1774 790 1886 824 neque
1909 781 2055 824 promisi
2077 791 2190 825 neque
2211 782 2392 827 professus
2417 794 2491 818 sum

1430 823 1473 859 de
1495 824 1678 868 provincia
1699 825 1839 860 mittere
1862 835 1975 869 neque
1997 825 2144 868 mittam,
2170 837 2284 871 neque
2307 829 2493 863 occasione

290 869 328 899 έκ
349 867 412 910 τῆς
437 869 607 912 ἐπαρχίας
631 869 786 918 πέμπειν
809 879 891 900 ουτε
914 870 1058 912 πέμψω,
1083 866 1166 902 οὐδὲ
1185 868 1362 916 προφάσει
1379 871 1416 903 15
1430 868 1595 904 dominici
1617 869 1922 922 suffragii-neque
1938 870 2196 914 gloriosissimis
2219 872 2409 916 praefectis
2433 883 2492 908 ne-

290 909 500 947 δεσποτικοῦ
533 912 642 947 suffra
667 923 735 953 lov,
771 910 852 945 οὔτε
883 915 955 945 τοῖς
983 910 1226 952 ἐνδοξοτάτοις
1257 912 1359 958 ἐπάρ-

289 967 361 999 χοις
383 955 466 991 οὔτε
498 960 569 991 τοῖς
598 956 642 990 ἄλ
656 968 716 990 ,οις
746 955 988 1013 πανευφήμοις
1016 954 1168 1002 ἀνδράσι
1200 961 1272 992 τοῖς
1300 960 1362 992 τὰς

290 1000 311 1034 o'z
335 1000 396 1044 χὰς
419 1003 559 1044 ἔχουσιν
582 1000 665 1035 οὔτε
687 1004 759 1035 τοῖς
782 1004 864 1047 περὶ
881 1001 1007 1035 αυτούς
1023 1003 1257 1038 καθεστῶσιν
1280 1003 1362 1038 οὔτε

289 1014 384 1090 ἄλλῳ
408 1048 485 1081 τῶν
507 1045 658 1081 πάντων
678 1043 813 1080 οὐδενί·
845 1043 926 1080 ἀλλ’
949 1043 1065 1101 ὥςπερ
1084 1046 1246 1092 ἄμισθον
1272 1061 1360 1094 παρ·

1430 924 1497 958 que
1521 914 1600 948 aliis
1624 914 1867 950 famosiss1m1s
1886 914 1969 949 viris
1987 915 2309 952 administrationes
2332 917 2491 952 habenti-

1429 959 1496 994 bus
1520 968 1634 1003 neque
1658 959 1717 1004 qui
1741 960 1837 994 circa
1861 970 1920 994 eos
1946 962 2030 995 sunt
2058 969 2123 995 nec
2150 960 2211 996 alii
2234 962 2386 996 omnium
2409 962 2491 997 ulli:

1429 1004 1491 1039 sed
1515 1004 1609 1039 sicut
1633 1004 1709 1039 sine
1734 1004 1898 1049 suffragio
1923 1005 2066 1050 percepi
2091 1005 2284 1050 cingulum,
2314 1006 2367 1041 sic
2390 1007 2492 1042 etiam

1428 1058 1517 1093 pure
1540 1058 1595 1083 me
1619 1049 1765 1085 exhibeo
1783 1050 1878 1085 circa
1893 1050 2071 1085 subiectos
2094 1050 2331 1095 piissimorum
2354 1055 2493 1087 nostro-

290 1091 420 1144 ε’λοιβον
442 1090 508 1133 τὴν
531 1089 651 1146 ἀρχήν,
682 1087 778 1125 οὕτω
802 1094 861 1125 καὶ
884 1092 1047 1146 καθαρος
1070 1094 1251 1138 φανοῦμαι
1280 1097 1361 1147 περὶ
1376 1095 1417 1127 20
1429 1104 1506 1128 rum
1530 1093 1768 1137 dominorum,
1803 1097 1988 1130 contentus
2020 1095 2075 1130 his
2107 1105 2197 1140 quae
2228 1098 2383 1131 statutae
2411 1100 2495 1131 sunt

290 1147 368 1170 τους
403 1135 582 1171 υποτελεις
616 1137 694 1170 τῶν
729 1135 997 1180 εὐσεβεστάτων
1029 1139 1132 1182 ημῶν
1162 1136 1361 1180 δεσποτων,

289 1181 500 1227 ἀρκούμενος
528 1184 605 1215 ταῖς
635 1178 900 1227 ἀφωρισμέναις
929 1195 991 1226 μοι
1026 1184 1064 1216 ἐκ
1098 1184 1161 1217 τοῦ
1193 1181 1363 1228 δημοσίου

290 1226 459 1269 σιτήσεσι.
506 1229 578 1260 Καὶ
603 1227 751 1273 πρῶτον
774 1228 840 1270 μὲν
864 1224 1017 1261 πάντων
1037 1226 1231 1273 ποιήσομαι
1255 1241 1361 1264 σπου-

290 1270 354 1314 δὴν
377 1270 419 1327 τὸ
442 1274 514 1306 τοῖς
544 1269 721 1324 δημοσίοις
751 1269 941 1319 ἀγρύπνως
971 1276 1160 1330 προςέχειν,
1192 1277 1250 1308 καὶ
1282 1273 1363 1308 τοὺς

1429 1138 1515 1173 mihi
1548 1138 1590 1174 de
1620 1139 1708 1174 fisco
1737 1140 1898 1175 annonis.
1953 1140 2002 1175 Et
2036 1140 2186 1185 primum
2221 1150 2323 1176 omne
2356 1141 2494 1176 habebo

1431 1183 1584 1219 studium
1620 1186 1661 1219 ut
1698 1183 1834 1219 fiscalia
1870 1185 2053 1229 vigilanter
2086 1185 2290 1230 inspiciam,
2326 1188 2363 1221 et
2395 1185 2492 1221 inde-

1430 1232 1531 1264 votos
1567 1229 1706 1273 quidem
1740 1233 1777 1264 et
1809 1229 2004 1273 indigentes
2038 1231 2251 1266 necessitate
2286 1241 2365 1266 cum
2400 1231 2495 1265 omni

1431 1273 1567 1317 exigam
1590 1274 1826 1316 vehementia,
1856 1284 2077 1320 nequaquam
2100 1275 2358 1311 subinclinatus
2383 1285 2495 1320 neque

290 1318 355 1350 ιιὲν
377 1328 676 1369 αγνωμονουντας
691 1320 750 1350 καὶ
773 1315 955 1361 δεομένους
974 1317 1126 1371 ανάγκης
1141 1318 1231 1363 μετὰ
1248 1317 1362 1362 πάσης
1375 1321 1416 1354 25
1430 1319 1475 1354 ob
1505 1319 1573 1354 hoc
1596 1318 1714 1363 ipsum
1742 1320 1880 1354 lucrum
1910 1321 2049 1355 omnino
2083 1320 2309 1356 considerans
2340 1324 2403 1355 aut
2431 1330 2495 1365 per

290 1361 462 1408 εἰςπροίξω
485 1373 546 1405 της
569 1359 825 1409 σφοδρότητος,
855 1359 960 1396 οὐδὲν
982 1363 1360 1408 υποκατακλινόμενος,

289 1404 372 1440 οὐδὲ
399 1403 489 1451 ὑπὲρ
522 1404 630 1440 αὐτοῦ
653 1405 782 1441 τούτου
812 1406 932 1453 κέρδος
956 1407 1192 1443 παντάπασιν
1223 1410 1362 1444 ἐννοῶν

290 1449 310 1495 ἢ
333 1450 420 1498 πρὸς
443 1452 547 1496 χάριν
568 1450 592 1505 ᾗ
615 1451 702 1498 πρὸς
732 1449 932 1494 ἀπέχθειαν
956 1451 1125 1487 ἀπαιτῶν
1151 1467 1235 1488 τινα
1263 1454 1362 1497 παρὰ

290 1496 331 1530 τὸ
361 1498 536 1543 προςῆκον
565 1510 587 1539 η
615 1496 855 1543 συγχωρήσων
882 1502 965 1532 τινί.
1011 1501 1084 1532 τοῖς
1112 1497 1153 1532 δὲ
1184 1496 1360 1553 ᾥγνωμο-

1427 1365 1577 1408 gratiam
1600 1364 1654 1399 vel
1678 1364 1795 1399 odium
1819 1365 1960 1409 exigens
1984 1365 2134 1410 aliquem
2158 1365 2248 1401 citra
2271 1375 2376 1410 quam
2400 1375 2493 1400 com-

1429 1409 1533 1454 petit,
1569 1411 1633 1444 aut
1669 1409 1824 1444 concedo
1861 1410 1981 1454 alicui3
2018 1410 2163 1446 devotos
2197 1415 2316 1446 autem
2348 1413 2494 1455 paterne

1429 1454 1611 1496 tractabo,
1648 1458 1684 1489 et
1719 1454 1898 1489 subiectos
1930 1454 2167 1499 piissimorum
2201 1458 2403 1490 nostrorum
2432 1454 2492 1490 do-

1429 1499 1604 1534 minorum
1637 1499 1780 1534 illaesos
1815 1499 1982 1544 undique,
2024 1505 2193 1545 quantum
2227 1500 2494 1551 possibilitatem

291 1543 388 1576 νοῦσι
417 1543 600 1595 πατρικῶς
623 1541 969 1595 προςενεχθήσομαι,
998 1547 1058 1577 καὶ
1084 1543 1167 1578 τοὺς
1188 1544 1362 1587 υπηκόους
1375 1546 1416 1578 30
1430 1544 1555 1586 habeo,
1580 1544 1777 1579 custodibo.
1821 1544 1871 1579 Et
1889 1554 2023 1589 aequus
2039 1545 2075 1579 in
2101 1545 2217 1581 causis
2241 1545 2381 1589 utrique
2403 1547 2494 1589 parti

292 1588 367 1621 τῶν
401 1587 671 1630 εὐσεβεστάτων
711 1588 813 1631 ημῶν
849 1585 1038 1622 δεσποτῶν
1082 1586 1362 1636 ἀνεπηρεάστους

291 1631 537 1674 πανταχόθεν,
568 1628 655 1666 ὅσον
677 1630 860 1676 δυνάμεως
885 1634 973 1675 ἔχω,
1005 1632 1160 1679 φυλάξω.
1208 1638 1267 1668 καὶ
1290 1634 1362 1669 ἶσος

291 1679 330 1711 ἐν
352 1680 430 1711 ταῖς
453 1675 567 1710 δίκαις
589 1677 745 1723 ἑκατέρῳ
774 1681 872 1724 μέρει
901 1681 960 1711 καὶ
982 1679 1021 1713 ἐν
1050 1682 1126 1713 ταῖς
1158 1676 1362 1733 δημοτικαῖς

290 1719 528 1756 καταστάσεσι
550 1720 751 1768 γινόμενος,
775 1726 834 1756 καὶ
857 1721 974 1756 οὐδενὶ
998 1726 1096 1771 μέρει
1117 1736 1215 1771 παρα
1243 1724 1285 1759 τὸ
1310 1722 1362 1759 δι’·

1431 1593 1466 1623 et
1495 1589 1533 1623 in
1565 1589 1718 1641 publicis
1749 1589 1946 1634 disciplinis
1981 1600 2060 1632 ero,
2093 1591 2250 1634 nullique
2280 1589 2375 1635 parti
2405 1589 2495 1624 citra

1431 1644 1535 1678 quam
1562 1636 1694 1669 iustum
1726 1637 1779 1669 est
1812 1636 2019 1678 praestabo,
2056 1635 2119 1670 sed
2150 1645 2304 1679 exequar
2331 1634 2495 1669 universa

1431 1679 1576 1721 delicta,
1611 1682 1648 1714 et
1682 1689 1819 1714 omnem
1854 1679 2066 1724 aequitatem
2102 1681 2267 1724 servabo,
2303 1679 2494 1714 secundum

1430 1723 1524 1768 quod
1546 1724 1657 1759 visum
1682 1724 1789 1759 fuerit
1811 1724 1896 1759 mihi
1925 1724 2075 1760 iustum:
2107 1728 2144 1760 et
2166 1734 2227 1760 eos
2251 1724 2405 1769 quidem,
2436 1724 2495 1769 qui

289 1779 392 1820 agaaov
421 1765 729 1822 προςτεθήσομαι,
760 1766 841 1801 ἀλλ’
868 1767 1140 1813 ἐπεξελεύσομαι
1171 1781 1259 1804 πασι
1289 1772 1362 1804 τοῖς
1375 1772 1416 1804 35
1430 1769 1565 1804 innoxii
1595 1772 1695 1810 sunt,
1727 1769 1883 1814 undique
1912 1769 2073 1805 innoxios
2109 1770 2319 1813 illaesosque
2355 1778 2494 1804 conser-

290 1823 534 1858 αμαρτανουσι
553 1815 613 1845 καὶ
634 1813 755 1846 πᾶσαν
775 1811 923 1855 ἰσότητα
945 1813 1090 1858 φυλάξω
1108 1813 1199 1848 κατὰ
1217 1813 1260 1848 τὸ
1281 1828 1361 1860 φαι·

289 1856 444 1901 νόμενόν
470 1869 532 1901 μοι
563 1854 711 1891 δίκαιον.
759 1860 818 1890 καὶ
848 1857 929 1891 τοὺς
957 1860 1023 1901 μὲν
1049 1856 1270 1893 ἀνευθύνους
1299 1856 1358 1893 ἆν-

1428 1815 1540 1857 vabo,
1576 1814 1691 1849 noxiis
1727 1818 1844 1849 autem
1878 1815 2020 1859 impono
2056 1814 2268 1860 supplicium
2303 1814 2494 1850 secundum

1427 1859 1558 1902 legem;
1594 1863 1630 1894 et
1665 1869 1802 1894 omnem
1836 1859 2022 1901 iustitiam,
2058 1860 2151 1895 sicut
2185 1859 2317 1894 dictum
2351 1861 2423 1901 est,
2457 1859 2493 1894 in

290 1901 524 1949 επηρεάστους
546 1900 703 1948 φυλάξω,
726 1905 798 1936 τοῖς
821 1900 861 1935 δὲ
883 1900 1098 1938 ὑπευθύνοις
1118 1903 1288 1947 ἐπιθήσω
1310 1917 1359 1938 τι·

290 1951 432 1994 μωρίαν
444 1946 532 1993 πρὸς
546 1946 613 1980 τὸν
631 1945 761 1991 νόμον·
781 1950 840 1980 καὶ
857 1948 979 1982 πᾶσαν
1000 1946 1237 1990 δικαιοσύνην,
1261 1948 1361 1982 καθὰ

290 1993 444 2039 εἴρηται,
479 1992 520 2026 ἔν
547 2004 588 2026 τε
613 1995 686 2026 τοῖς
716 1990 896 2035 δημοσίοις
929 1993 970 2026 ἔν
999 2005 1039 2027 τε
1069 1996 1142 2027 τοῖς
1172 1992 1362 2028 ἰδιωτικοῖς
1375 1997 1416 2035 40

290 2035 580 2084 συναλλάγμασιν
611 2034 728 2071 αὐτοῖς
758 2035 978 2083 διατηρήσω,
1013 2041 1073 2071 καὶ
1103 2037 1167 2072 ἐὰν
1194 2035 1286 2085 εὕρω
1318 2039 1360 2073 τὸ

1429 1904 1580 1948 publicis
1610 1903 1827 1949 privatisque
1859 1904 2099 1940 contractibus
2130 1905 2181 1940 eis
2211 1904 2375 1946 servabo,
2406 1908 2443 1939 et
2466 1905 2496 1939 si

290 2149 472 2185 servitium
494 2150 748 2184 sacratissimis
761 2153 796 2184 et
805 2149 979 2195 piissimis
1002 2149 1156 2184 dominis
1178 2150 1314 2185 nostris
1337 2147 1541 2185 Iustiniano
1564 2154 1600 2192 et
1625 2149 1852 2191 Tlteodorae,
1882 2149 2031 2195 coniuqi
2054 2150 2251 2195 maiestatis
2272 2150 2359 2193 eius,
2383 2152 2495 2197 maqi-

289 2197 428 2229 stratus
450 2194 593 2229 nomine
616 2205 639 2229 a
689 2195 797 2229 ietate
818 2204 941 2230 eorum
963 2193 1053 2229 mihi
1075 2193 1199 2228 traditi
1221 2198 1466 2236 servaturum,
1501 2205 1709 2240 omnemque
1732 2204 1878 2240 operam
1901 2198 1937 2229 et
1962 2193 2120 2229 laborem
2143 2194 2291 2231 libenter
2311 2196 2390 2230 sine
2411 2196 2496 2231 dolo

291 2243 326 2275 et
347 2239 425 2274 sine
443 2238 520 2274 ulla
541 2206 685 2284 fraude
695 2239 734 2273 in
754 2249 921 2274 concesso
942 2238 1029 2273 milti
1046 2238 1091 2273 ab
1115 2239 1187 2273 illis
1206 2240 1423 2285 maqistratu
1438 2250 1513 2285 pro
1532 2238 1676 2274 illorum
1693 2239 1843 2284 imperio
1865 2243 1900 2274 et
1917 2250 1957 2274 re
1966 2238 2116 2285 publica
2133 2244 2380 2286 suscepturum
2399 2251 2476 2276 esse
2482 2254 2497 2282 ;

291 2288 327 2319 et
354 2283 393 2318 in
415 2284 661 2319 communione
684 2294 739 2319 me
762 2294 838 2319 esse
859 2287 1007 2318 sanctae
1032 2282 1090 2318 dei
1121 2282 1321 2318 catholicae
1349 2288 1383 2318 et
1406 2283 1633 2329 apostolicae
1661 2283 1847 2326 ecclesiae,
1882 2294 1997 2334 neque
2026 2283 2101 2318 ullo
2125 2283 2229 2319 modo
2253 2289 2317 2319 aut
2340 2289 2497 2331 tempore

291 2328 324 2364 ei
343 2327 614 2364 adversaturum
638 2339 752 2374 neque
775 2328 838 2363 alii
862 2328 1028 2374 cuiquam
1056 2327 1095 2362 id
1112 2328 1369 2374 permissurum
1393 2339 1487 2370 esse,
1519 2331 1693 2374 quantum
1715 2339 1874 2363 mearum
1897 2327 2024 2364 virium
2045 2331 2107 2363 est.
2155 2327 2244 2363 Iuro
2268 2334 2385 2364 autem
2405 2329 2495 2365 idem

291 2372 552 2415 iusiurandum,
575 2384 631 2409 me
653 2373 785 2408 nemini
804 2373 948 2408 omnino
972 2374 1165 2418 quicquam
1188 2383 1303 2419 neque
1325 2372 1465 2408 dedisse
1483 2383 1599 2418 neque
1614 2372 1784 2407 daturum
1798 2383 1874 2408 esse
1890 2374 2033 2408 nomine
2057 2372 2181 2408 traditi
2199 2373 2285 2408 milti
2307 2374 2495 2420 maqistra-

293 2422 349 2454 tus
371 2429 437 2454 nec
458 2418 658 2465 patrocinii
675 2418 829 2461 nomine,
854 2428 969 2463 neque
989 2418 1203 2469 promisisse
1226 2429 1341 2464 neque
1363 2416 1599 2470 spopondisse
1622 2428 1671 2453 ex
1687 2418 1881 2470 provincia
1904 2417 2043 2453 mittere
2065 2428 2179 2463 neque
2198 2419 2387 2453 missurum
2410 2429 2496 2461 esse,

291 2475 336 2499 ne
354 2463 524 2499 dominici
547 2463 690 2509 quidem
712 2463 886 2509 suffraqii
907 2473 1060 2504 nomme,
1086 2473 1200 2508 neque
1225 2463 1497 2508 qloriosisszmis
1508 2463 1716 2515 praefectis
1738 2473 1852 2508 neque
1870 2462 2020 2508 reliquis
2035 2462 2305 2542 sJectatissimis
2327 2463 2414 2498 viris
2436 2464 2500 2510 qui

291 2509 525 2555 maqistratus
542 2512 684 2555 qerunt,
708 2519 823 2554 neque
844 2508 890 2542 iis
909 2507 973 2553 qui
995 2509 1092 2542 circa
1115 2518 1178 2543 eos
1196 2512 1292 2550 sunt,
1315 2518 1429 2553 neque
1452 2507 1513 2543 alii
1539 2508 1683 2542 omnino
1703 2507 1778 2542 ulli.
1815 2506 1888 2542 Sed
1910 2518 2036 2553 quema
2062 2507 2204 2542 modum
2226 2507 2344 2554 qratis
2365 2508 2495 2554 maqis-

293 2558 426 2589 tratum
449 2553 588 2600 accepi,
619 2553 673 2589 ita
703 2554 810 2588 etiam
833 2563 921 2599 erqa
944 2552 1107 2587 subditos
1125 2552 1374 2598 piissimorum
1405 2556 1613 2588 nostrorum
1636 2551 1861 2587 dominorum
1889 2552 2066 2598 inteqrum
2091 2563 2145 2586 me
2199 2552 2382 2594 raestabo,
2413 2564 2495 2587 con-

294 2602 409 2634 tentus
428 2599 584 2634 annonis
603 2608 653 2633 ex
661 2599 753 2649 fisco
771 2596 859 2632 mihi
874 2597 1072 2633 destinatis.
1111 2599 1164 2632 Ac
1177 2598 1338 2644 primum
1356 2597 1512 2632 omnium
1531 2607 1679 2643 operam
1694 2596 1799 2638 dabo,
1819 2600 1861 2632 ut
1876 2596 1925 2631 ad
1945 2595 2077 2631 tributa
2097 2597 2169 2642 υἱοί
2183 2600 2286 2631 anter
2303 2596 2495 2639 attendam,

291 2654 406 2690 eaque
425 2654 448 2678 a
465 2642 733 2678 contumacibus
751 2643 864 2688 etqui
883 2643 1068 2677 coactione
1081 2641 1267 2688 indiqeant
1283 2653 1362 2677 cum
1378 2642 1474 2677 omni
1491 2642 1680 2677 severitate
1699 2641 1857 2687 cuiqam,
1878 2640 1970 2676 nihil
1987 2640 2172 2675 declinans
2186 2651 2252 2675 nec
2262 2651 2337 2687 pro
2355 2651 2397 2676 eo
2415 2642 2496 2688 ipso

293 2689 430 2724 lucrum
448 2689 592 2723 omnino
609 2691 778 2734 spectans
790 2687 845 2723 vel
860 2690 1018 2734 propter
1034 2687 1194 2734 qratiam
1206 2691 1271 2723 aut
1289 2686 1409 2722 odium
1425 2686 1522 2722 ultra
1541 2697 1648 2738 quam
1666 2697 1738 2738 par
1750 2690 1804 2721 est
1819 2696 1842 2720 a
1854 2695 2036 2731 quoquam
2049 2695 2240 2732 reposcens
2254 2690 2320 2721 aut
2331 2686 2497 2732 cuiquam

290 2733 484 2769 remittens.
523 2731 761 2778 obsequentes
777 2743 861 2768 vero
875 2738 1035 2778 paterno
1053 2732 1174 2768 animo
1187 2732 1376 2779 accipiam,
1395 2735 1431 2768 et
1443 2730 1605 2768 subditos
1616 2730 1864 2777 piissimorum
1881 2734 2087 2765 nostrorum
2101 2729 2326 2765 dominorum
2341 2731 2498 2777 undique

291 2778 438 2814 illaesos
460 2781 634 2824 quantum
657 2788 816 2813 mearum
840 2777 968 2812 virium
991 2780 1046 2812 est
1066 2776 1225 2814 servabo.
1272 2778 1391 2823 Atque
1413 2787 1550 2823 aequus
1577 2776 1615 2810 in
1642 2775 1762 2812 litibus
1784 2775 1928 2821 utrique
1944 2776 2052 2821 parti
2073 2779 2108 2810 et
2134 2775 2172 2809 in
2198 2774 2356 2827 publicis
2379 2776 2498 2811 causis

292 2834 368 2866 ero,
391 2833 457 2858 nec
479 2822 548 2858 ulli
564 2823 668 2869 parti
691 2826 819 2857 contra
842 2823 898 2857 ius
922 2822 1126 2864 concedam,
1149 2822 1214 2858 sed
1236 2833 1358 2858 omnes
1380 2821 1624 2875 delinquentes
1639 2830 1843 2867 persequar
1866 2830 2074 2871 omnemque
2095 2824 2312 2865 aequitatem
2334 2820 2496 2872 servabo,

286 2871 403 2915 prout
425 2866 513 2902 mihi
533 2867 666 2902 iustum
687 2866 879 2903 videbitur:
907 2872 944 2902 et
965 2868 1169 2903 innocentes
1192 2866 1333 2913 quidem
1357 2866 1401 2902 ab
1427 2866 1563 2902 iniuria
1585 2866 1757 2901 immunes
1778 2864 1940 2906 servabo,
1964 2864 2127 2899 sontibus
2153 2875 2236 2900 vero
2254 2875 2412 2911 poenam
2433 2875 2496 2916 tm-

287 2923 427 2960 ponam
456 2911 650 2948 secundum
677 2911 805 2958 leqem,
836 2916 944 2958 atque
975 2923 1112 2947 omnem
1139 2912 1332 2955 iustitiam,
1368 2912 1462 2948 sicut
1491 2910 1624 2947 dictum
1647 2914 1716 2953 est,
1747 2909 1842 2946 etin
1867 2908 2026 2955 publicis
2048 2914 2082 2944 et
2105 2909 2142 2944 in
2171 2909 2325 2956 privatis
2346 2910 2498 2956 neqotiis

1433 3033 1530 3056 suum
1552 3023 1602 3057 R¹
1630 3021 1643 3067 ΙΙ
1671 3023 1691 3057 8
1726 3021 1906 3055 catholicae
1935 3021 2131 3063 apostolicae
2150 3020 2303 3054 ecclesiae
2323 3028 2336 3054 t
2365 3020 2498 3054 ecclesie

1433 3067 1595 3101 catholice
1619 3070 1652 3100 et
1673 3066 1850 3110 apostolice
1869 3066 1903 3099 V
1922 3065 1935 3110 ΙΙ
1965 3067 1985 3100 9
2010 3065 2185 3098 auersabor
2206 3066 2240 3099 V
2261 3066 2274 3109 ΙΙ
2300 3066 2498 3108 quicumque

1443 3114 1494 3147 V²
1520 3122 1681 3155 quemque
1705 3110 1762 3156 2¹1!
1781 3113 1820 3146 10
1843 3111 1917 3143 iuro
1940 3112 2045 3154 suppl.
2068 3110 2120 3144 1⁷2
2142 3112 2174 3144 in
2193 3118 2278 3153 spat.
2302 3110 2399 3155 υαε..
2417 3121 2497 3152 quo-

1435 3168 1574 3199 cumque
1595 3157 1645 3191 V¹
1671 3156 1684 3200 ΙΙ
1711 3158 1747 3190 11
1773 3155 2001 3188 iusiurandum
2022 3155 2107 3188 idem
2128 3155 2162 3189 V
2184 3154 2196 3198 ΙΙ
2223 3155 2309 3188 idem
2331 3156 2393 3190 del.
2415 3155 2465 3189 132
2485 3154 2498 3200 ΙΙ

1438 3204 1477 3236 12
1501 3202 1703 3235 occasionem
1727 3202 1776 3235 R¹
1805 3201 1818 3244 ΙΙ
1846 3202 1885 3235 13
1909 3200 2082 3243 professus]
2105 3200 2198 3242 profe
2220 3200 2269 3233 R¹
2294 3200 2307 3243 u
2333 3201 2370 3233 ¹7
2395 3199 2496 3232 alium

1434 3247 1484 3281 R¹
1507 3247 1572 3280 ali·
1596 3246 1646 3280 V¹
1719 3248 1759 3280 18
1789 3245 1913 3288 percipi
1934 3245 1982 3277 R·
2010 3245 2022 3288 ΙΙ
2053 3246 2095 3278 20
2127 3246 2332 3287 contemptus
2354 3244 2461 3278 R¹V¹
2484 3243 2496 3287 ΙΙ

1434 3292 1632 3324 constitutae
1653 3299 1664 3324 t
1689 3290 1702 3335 ΙΙ
1724 3292 1762 3325 21
1786 3289 1889 3323 habeo
1907 3289 1986 3322 ΒΨ
2009 3289 2088 3322 abeo
2113 3289 2139 3322 t¹
2164 3288 2177 3333 ΙΙ
2199 3290 2240 3323 23
2265 3289 2417 3330 indignas
2439 3298 2495 3321 ne-

1434 3337 1597 3370 cessitates
1622 3337 1648 3369 t¹
1666 3335 1678 3379 ΙΙ
1694 3337 1737 3369 24
1757 3335 1944 3369 uehementi
1965 3344 2192 3376 neuquaquam
2212 3334 2238 3366 ε’
2256 3333 2495 3377 ”subindigna-

1434 3385 1488 3414 tus
1512 3379 1551 3425 εΙΙ
1570 3382 1611 3414 25
1634 3381 1697 3413 hoc
1721 3380 1762 3413 ob
1783 3378 1838 3424 1¹11
1855 3379 2064 3412 considerant
2082 3377 2137 3422 1¹11
2154 3379 2212 3410 aut
2233 3388 2294 3420 pro
2312 3378 2420 3419 gratia
2442 3377 2494 3409 uel

1434 3425 1533 3459 hodio
1558 3425 1596 3469 tl}
1615 3427 1656 3459 26
1681 3426 1792 3458 exiens
1814 3423 1893 3468 R⁰fl
1911 3426 1950 3458 27
1977 3423 2122 3463 denotas]
2150 3422 2239 3454 ciues
2265 3421 2399 3454 deuotos
2421 3422 2495 3464 1⁷¹1!

1435 3472 1476 3505 28
1511 3469 1736 3513 subiecliectos
1758 3469 1792 3503 R
1821 3468 1834 3513 ΙΙ
1861 3471 1903 3503 30
1934 3468 2113 3501 custodiam
2135 3465 2246 3509 R²1²fl
2273 3467 2388 3508 aequis
2409 3466 2460 3499 13⁰
2484 3483 2494 3507 Η

1434 3515 1567 3556 utrique
1589 3515 1676 3557 parti
1696 3516 1732 3546 in
1756 3514 1862 3547 causis
1882 3513 1916 3548 V
1938 3513 1951 3556 ΙΙ
1978 3516 2052 3546 utre
2074 3511 2123 3546 R·
2147 3509 2161 3554 ΙΙ
2187 3512 2225 3543 31
2253 3511 2353 3551 etin]
2377 3511 2413 3543 in
2437 3524 2494 3543 om.

1435 3560 1494 3603 Ru
1512 3559 1669 3601 nulleque
1681 3559 1729 3592 R¹
1748 3558 1761 3602 ΙΙ
1777 3561 1818 3592 32
1840 3568 1983 3599 exequor
2002 3565 2014 3591 t
2034 3565 2148 3590 execor
2159 3554 2207 3587 R·
2226 3554 2296 3596 133
2309 3568 2356 3598 sq.
2381 3565 2494 3587 secun-

1434 3604 1511 3636 dum
1525 3623 1568 3628 -—
1581 3603 1782 3636 conseruabo
1794 3603 1901 3646 suppl.
1916 3602 1969 3636 V²
1981 3603 2014 3636 in
2026 3607 2110 3645 spat.
2124 3601 2144 3633 3
2157 3611 2298 3632 versuum
2314 3599 2327 3643 ΙΙ
2346 3602 2387 3634 34
2400 3610 2493 3632 usum

1434 3648 1504 3692 R¹1
1529 3649 1587 3689 qui
1610 3661 1668 3681 om.
1694 3648 1741 3681 Β*
1762 3646 1776 3691 Ε
1802 3650 1842 3681 35
1868 3656 2026 3680 conseruo
2048 3651 2061 3678 t
2083 3642 2097 3688 fl
2119 3644 2162 3676 36
2181 3645 2301 3685 noxiis]
2326 3644 2495 3677 ab-noxiis

1438 3693 1504 3737 R'}
1531 3695 1569 3726 37
1593 3695 1626 3726 et
1649 3702 1776 3726 omnem
1798 3691 1849 3725 R²
1872 3694 1904 3726 in
1925 3703 1992 3726 ras.
2015 3690 2101 3723 3-4
2126 3688 2185 3722 liu.

341 3027 354 3058 1
382 3026 442 3058 καὶ
464 3022 580 3069 εὗσεβ.
593 3036 651 3058 om.
672 3037 692 3061 e
707 3023 719 3069 ΙΙ
738 3027 757 3059 3
775 3022 922 3069 κράτους
939 3038 997 3058 om.
1019 3036 1038 3060 ς
1053 3024 1066 3069 ΙΙ
1084 3027 1105 3058 4
1129 3021 1366 3068 παραδιδομέ·

291 3070 410 3111 νηςΜ
418 3066 606 3113 δεδομένης
617 3070 649 3103 L
667 3069 680 3113 11
695 3071 776 3115 περὶ
790 3071 819 3102 L
838 3068 850 3113 ΙΙ
867 3072 886 3104 8
902 3066 985 3115 ἁγίᾳ
994 3070 1065 3110 Μς]
1077 3066 1262 3115 ἁγιωτάτῃ
1275 3069 1344 3102 LB
1354 3067 1368 3113 ΙΙ

296 3117 337 3150 12
350 3116 410 3159 leq.
423 3110 562 3160 <οὖδὲν>
572 3110 715 3148 οὗδενὶἳ
728 3117 739 3155 ΙΙ
756 3117 794 3148 13
807 3111 915 3147 *οὔτε
928 3126 998 3160 προ
1026 3111 1104 3147 άσει
1118 3116 1193 3148 libri
1202 3113 1215 3159 ss
1235 3116 1274 3148 14
1285 3112 1368 3146 οὔτε

294 3161 418 3206 ἐπηγγ.
431 3161 480 3201 Β]
500 3156 581 3193 οὐδὲ
598 3160 721 3205 έπηγγ.
736 3159 807 3192 ML
823 3160 835 3202 ΙΙ
856 3162 896 3193 15
921 3126 1040 3200 *οὖὲἑ1
1066 3158 1148 3192 οὔτε
1161 3160 1239 3192 libri
1254 3158 1266 3202 ΙΙ
1281 3169 1366 3203 προ·

294 3202 400 3251 φάσει
425 3217 482 3238 οπι.
508 3205 559 3238 B0
585 3203 597 3248 ΙΙ
622 3207 661 3239 16
685 3205 834 3246 sufragiu
858 3205 897 3245 (e.
919 3216 948 3238 v.
974 3201 1092 3249 δώρου
1114 3200 1217 3247 χάριν
1235 3200 1258 3246 ἢ
1281 3206 1366 3246 βοη-

295 3251 413 3292 θείας)
424 3250 466 3283 Μ
485 3246 672 3293 διδομένου
684 3247 787 3293 χάριν
799 3248 973 3292 βοηθείας
984 3251 1043 3282 καὶ
1056 3248 1250 3291 συνηθείας
1262 3248 1366 3280 sufra-

296 3296 354 3335 giu
365 3296 392 3327 L
407 3295 666 3348 σουφραγίουΒ
680 3293 692 3339 ΙΙ
704 3291 870 3340 ὑπάρχοις
879 3295 954 3327 ΜΒ
967 3295 978 3335 {l
994 3296 1034 3328 18
1044 3290 1151 3327 *οὐδὲ
1161 3290 1257 3335 ἄλλῳ
1270 3293 1366 3335 librili

297 3342 339 3372 20
362 3338 532 3385 καθαρως
555 3340 707 3384 φένομαι
732 3340 816 3380 Ιι(ς)
847 3338 860 3382 ΙΙ
887 3341 929 3372 23
953 3336 1104 3372 πάντων
1125 3357 1170 3363 —
1192 3334 1364 3379 σπουδὴν]

297 3394 392 3416 omne
415 3403 457 3408 —
481 3384 627 3417 studium
652 3397 671 3421 ς
695 3385 707 3426 ΙΙ
725 3386 768 3418 24
791 3379 981 3429 ἀγρύπνως
999 3396 1056 3417 om.
1081 3384 1112 3417 L
1131 3383 1200 3426 1127
1225 3381 1364 3423 τούτου]

298 3428 361 3459 τοῦ
379 3428 432 3470 Ln
452 3430 493 3462 28
517 3426 664 3463 ἀπαιτῶ
689 3429 884 3462 Haloander
898 3430 910 3470 ΙΙ
929 3430 971 3461 29
995 3424 1237 3478 συγχωρήσων
1256 3428 1366 3461 Ηεὶηι·

301 3473 392 3511 bach]
414 3473 630 3518 συγχωρήσω
651 3474 780 3509 MLBc
803 3472 815 3517 ΙΙ
842 3475 884 3506 30
908 3471 1078 3517 πατρικὸς
1102 3474 1133 3507 L
1154 3475 1166 3516 ΙΙ
1193 3474 1235 3507 36
1256 3468 1365 3515 ἆμαρ-

297 3512 466 3549 τάννουσι
492 3519 548 3550 Μ“
567 3518 579 3562 ΙΙ
595 3517 698 3560 κατὰ]
729 3520 788 3551 καὶ
817 3515 908 3550 κατὰ
931 3519 962 3550 L
978 3518 990 3561 ΙΙ
1009 3520 1049 3551 37
1075 3513 1366 3563 ἀνεπηρεάστους]

298 3562 357 3592 καὶ
379 3557 660 3606 ἀνεπηρεάστους
680 3564 711 3597 L
740 3562 889 3604 undique
920 3562 1072 3595 innoxios
1097 3562 1291 3604 illaesosque
1314 3573 1334 3597 ς
1355 3561 1367 3606 ΙΙ

300 3606 342 3638 39
365 3604 476 3645 καθὰ]
498 3609 556 3637 καὶ
579 3606 679 3641 καθὰ
703 3607 779 3652 Bcu
798 3609 838 3642 41
861 3604 915 3648 τὸ]
938 3604 1003 3639 τὸν
1023 3607 1093 3641 LB

346 3695 366 3728 2
390 3670 576 3727 domino-V
597 3695 609 3737 ιι
632 3699 650 3728 3
675 3697 792 3729 horum
821 3696 864 3730 a*
893 3696 905 3738 u
928 3698 948 3730 c
969 3696 1106 3739 imperi·
1130 3696 1179 3731 V·
1206 3695 1218 3740 n
1242 3698 1259 3730 τ
1282 3696 1365 3735 sum]
