2618 4010
260 145 366 189 Nov.
398 145 598 188 LXXXV
627 147 664 187 4.
694 147 719 187 5

259 257 374 291 ταῦτα
402 255 473 302 γὰρ
503 255 615 301 ἑτέρῳ
649 258 723 291 τινὶ
751 254 1028 298 κατασκευάζειν
1059 256 1203 300 ἐφίεμεν
1237 252 1331 298 πλὴν

259 302 335 335 τῶν
369 298 667 347 καταλεγομένων
702 301 742 335 ἐν
775 303 853 336 ταῖς
886 300 994 346 ἱεραῖς
1032 297 1139 344 ἡμῶν
1173 298 1332 346 φάβριξι.

258 345 372 389 μόνας
404 343 444 379 δὲ
470 346 643 391 γίνεσθαι
676 345 777 391 παρὰ
807 344 968 380 ἰδιωτῶν
1001 347 1061 378 καὶ
1092 342 1254 379 ἰδιώταις
1276 356 1335 379 πι-

259 387 495 435 πράσκεσθαι
528 392 781 438 συγχωροῦμεν
810 394 985 436 μαχαίρας
1013 388 1159 434 μικράς,
1193 388 1247 424 αἷς
1269 386 1333 424 οὐκ

259 433 306 468 ἄν
336 446 390 468 τις
419 435 466 469 εἰς
494 434 650 481 πολέμου
680 435 852 481 χρήσαιτο
874 439 1006 481 χρείαν.
1066 434 1135 468 Τὸν
1166 430 1335 480 παρόντα

258 483 383 514 τοίνυν
418 480 564 527 γενικὸν
600 478 707 526 ἡμῶν
748 480 864 525 νόμον
905 477 928 523 ἡ
968 479 1006 513 a*
1050 477 1204 525 ὑπεροχὴ
1244 479 1336 514 κατὰ

257 524 396 568 ταύτην
427 523 611 571 προθήσω
642 526 711 570 τὴν
741 523 912 571 βασιλίδα
942 522 991 560 πό
1017 538 1053 559 ιν
1084 528 1144 559 καὶ
1171 524 1245 569 μὴν
1275 527 1335 558 καὶ

258 570 351 604 κατὰ
381 570 444 604 τὰς
473 569 581 605 ἄλλας
604 570 724 607 πόλεις
747 572 809 614 τῆς
828 568 997 614 ἡμετέρας
1021 568 1218 611 πολιτείας,
1247 565 1335 604 ὥςτε

258 614 399 694 {trimae
420 615 667 663 γινώσκοντας
689 617 736 651 τὰ
757 614 998 661 παραστάντα
1020 612 1107 660 ἡμῖν
1129 615 1247 649 ταῦτα
1270 627 1334 661 φυ-

280 673 414 695 αττειν.

1325 130 1406 188 418

2237 141 2307 187 ’ΒΕ
2335 154 2470 188 Anms

1398 254 1576 290 instruere
1598 253 1747 290 sinimus
1774 258 1918 300 praeter
1947 266 2009 294 eos
2062 256 2101 292 ui
2129 254 2292 301 deputati
2319 254 2405 290 sunt
2431 253 2470 290 in

1402 299 1515 335 sacris
1549 299 1682 334 nostris
1716 298 1987 337 fabi-icombus.
2039 268 2147 338 ⁴§clos
2183 305 2301 336 autem
2336 298 2414 335 fieri
2447 308 2471 335 a

1404 344 1551 390 privatis
1580 347 1617 380 et
1645 343 1791 389 privatis
1819 344 1924 381 vendi
1950 347 2184 391 permittimus
2214 345 2376 381 cultellos
2405 344 2470 379 mi-

1402 400 1520 434 nores,
1552 388 1680 433 quibus
1704 389 1822 424 nullus
1846 389 1884 425 in
1906 391 2049 435 proeliis
2072 393 2194 428 utitur.
2243 391 2471 426 Praesentem

1371 435 1510 479 bigitur
1542 433 1739 479 generalem
1774 434 1885 478 legem
1918 437 1981 470 tua
2008 436 2178 473 celsitudo
2214 436 2252 472 in
2286 436 2355 471 hac
2387 445 2472 480 pro-

1403 483 1516 525 ponat
1545 479 1641 524 regia
1672 478 1816 514 civitate
1849 489 1915 515 nec
1943 491 2015 516 non
2043 485 2078 517 et
2108 491 2172 527 per
2193 482 2283 518 alias
2311 479 2472 516 civitates

1404 527 1548 561 nostrae
1570 523 1801 569 reipublicae,
1825 527 1866 559 ut
1885 535 2006 561 omnes
2028 530 2259 572 agnoscentes
2283 535 2374 571 quae
2392 524 2471 570 pla-

1405 572 1556 606 cuerunt
1579 569 1683 607 nobis
1706 569 1795 605 haec
1818 569 2017 605 observent.

1256 770 1413 807 CAPUT
1437 771 1482 808 V.

309 850 572 899 Παρεγγυήσεις
602 849 642 886 δέ
663 855 737 886 τοῖς
759 850 948 896 μέλλουσιν
971 850 1167 896 ἐφεστάναι
1197 851 1242 897 τῇ
1266 863 1337 885 τοι·

258 895 348 943 αύτῃ
373 896 613 944 παραφυλακῇ
634 897 901 945 χαρτουλαριόις
925 899 963 930 ἐκ
980 898 1044 931 τοῦ
1061 898 1245 944 εἰρημένου
1259 897 1337 930 τῶν

258 945 449 987 φαβρίκων
481 946 656 988 σκρινίου,
692 938 739 976 ὦς
771 942 809 983 ἐξ
840 939 1003 987 ἀμελείας
1037 938 1079 976 οὗ
1110 942 1225 985 μόνον
1255 954 1336 987 χρη-

257 987 409 1030 ματικὰς
432 984 702 1040 ὑπμστήσονται
726 987 866 1030 ποινάς,
890 984 982 1021 ἀλλὰ
1006 986 1146 1021 καὶτὰς
1169 987 1216 1020 εἰς
1232 988 1336 1030 σῶμα

1461 850 1721 886 Denuntiamus
1755 854 1873 885 autem
1911 850 2043 886 futuris
2076 860 2242 896 praeesse
2274 851 2474 888 huiusmodi

1405 896 1588 931 custodiae
1613 895 1814 931 cartulariis
1835 906 1878 930 ex
1897 898 2090 931 memorato
2113 895 2365 932 fabricensium
2388 897 2474 933 scri-

1404 940 1480 982 nio,
1512 941 1595 986 quia
1619 951 1663 976 ex
1687 941 1907 986 neglegentia
1933 952 2005 976 non
2029 941 2144 976 solum
2166 941 2391 986 pecuniarias
2414 952 2473 978 su-

1404 986 1588 1021 stinebunt
1622 996 1776 1031 poenas,
1812 986 1875 1021 sed
1905 986 2013 1021 etiam
2047 986 2085 1021 in
2116 996 2265 1030 corpore
2299 987 2475 1039 supplicia

257 1036 431 1087 τιαωρίας
465 1032 634 1087 υφέξουσι
676 1035 736 1066 καὶ
770 1034 833 1075 τῆς
868 1036 1056 1078 στρατείας
1091 1032 1335 1071 ἐκπεσοῦνται,
1351 1031 1587 1076 15patientur
1611 1034 1647 1066 et
1669 1031 1793 1066 militia
1818 1031 1968 1076 cadunt,
2000 1033 2146 1083 insuper
2165 1041 2231 1067 nec
2253 1032 2369 1084 ipsum
2388 1042 2474 1068 scn-

259 1089 348 1122 προς
377 1091 431 1120 τῳ
465 1075 556 1121 μηδὲ
591 1077 678 1112 αυτὸ
711 1077 754 1111 τὸ
787 1081 948 1122 σκρινίον
983 1079 1037 1111 ἔτι
1068 1077 1336 1124 συγχωρεῖσθαι

259 1120 349 1167 παρ’
365 1119 471 1167 ἡμῶν
491 1122 582 1167 πρὸς
596 1123 640 1157 τὸ
657 1123 801 1157 τοιοῦτο
825 1126 994 1168 παρεῖναι
1011 1121 1226 1168 φρόντισμα,
1251 1118 1332 1156 οἷλλ>

259 1168 390 1211 ἑτέροις
413 1169 659 1212 ἐπιτραπῆναι
681 1168 750 1211 τὴν
772 1169 850 1202 τῶν
875 1172 1066 1214 φαβρίκων
1090 1167 1305 1211 ἐπιμέλειαν.

316 1209 594 1266 <Ἐπίλογος>
653 1213 702 1246 Τὰ
732 1217 857 1247 τοίνυν
888 1212 1129 1267 παρασταντα
1160 1210 1245 1257 ἡμῖν
1278 1215 1337 1246 καὶ

1403 1076 1501 1111 nium
1531 1077 1681 1112 ulterius
1710 1076 1866 1120 permitti
1898 1086 1920 1111 a
1943 1077 2045 1112 nobis
2069 1088 2105 1111 m
2129 1077 2329 1112 huiusmod1
2353 1077 2477 1113 adesse

1404 1121 1653 1165 sollicitudine,
1679 1122 1742 1157 sed
1765 1122 1844 1157 aliis
1864 1122 2035 1157 committi
2059 1121 2313 1157 fabricensium
2342 1132 2475 1158 curam.

1460 1211 1731 1257 (Epilogus.)
1785 1212 1884 1256 Quae
1918 1211 2024 1256 igitur
2058 1213 2269 1257 placuerunt
2303 1212 2404 1248 nobis
2441 1215 2477 1248 et

259 1255 320 1292 διὰ
343 1256 450 1292 τοῦδε
473 1270 538 1292 του
557 1257 670 1303 νόμου
695 1256 897 1303 δηλούμενα
919 1272 941 1302 η
965 1259 1010 1301 σὴ
1036 1259 1190 1303 υπεροχὴ
1220 1261 1280 1291 καὶ
1304 1257 1340 1291 οἱ
1351 1260 1393 1293 20
1405 1266 1469 1301 per
1491 1257 1584 1292 hanc
1614 1257 1726 1302 legem
1750 1257 1931 1292 declarata
1953 1260 2037 1293 sunt
2065 1260 2129 1292 tua
2153 1257 2325 1293 celsitudo
2356 1262 2392 1293 et
2416 1257 2478 1302 qui

257 1302 349 1347 μετά
381 1314 421 1337 σε
449 1302 518 1346 τὴν
549 1300 663 1349 ἀρχὴν
687 1303 826 1344 ἕξοντες
855 1305 947 1350 ἔργῳ
979 1306 1038 1337 καὶ
1063 1307 1191 1348 πέρατι
1222 1316 1337 1348 παρα-

259 1347 387 1382 δοῦναι
411 1347 688 1391 σπευσάτωσαν,
719 1346 968 1396 ἀγανάκτησιν
991 1345 1168 1395 ἡμετέραν
1192 1351 1251 1382 καὶ
1276 1347 1337 1381 αὖ-

259 1396 315 1428 τοὶ
339 1391 512 1436 δεδιότες,
545 1395 575 1428 εἰ
597 1394 647 1439 μὴ
670 1395 820 1441 πρᾶγμα
843 1391 941 1428 οὕτω
965 1393 1139 1428 λυσιτελὲς
1170 1395 1214 1440 τῇ
1239 1393 1338 1427 πολι-

257 1442 338 1482 τείᾳ
358 1437 563 1485 φυλάξαιεν.
618 1439 700 1474 Dat.
714 1450 778 1475 VII.
794 1440 830 1474 k.
846 1440 913 1474 Iul.
928 1439 1152 1474 Chalcedone
1170 1439 1253 1484 imp.
1277 1438 1334 1474 dn.

258 1484 446 1520 IustIniani
465 1495 525 1529 pp.
545 1485 589 1520 A.
610 1494 703 1520 anno
716 1485 815 1520 XIII.
833 1484 973 1529 Apione
989 1496 1020 1520 v.
1037 1495 1066 1519 c.
1085 1494 1182 1519 cons.

1405 1306 1488 1347 post
1516 1304 1551 1337 te
1581 1302 1619 1337 iu
1644 1303 1823 1347 cingulum
1852 1302 1983 1338 fuerint
2014 1302 2114 1348 operi
2142 1303 2361 1348 terminoque
2391 1314 2475 1338 con-

1406 1347 1547 1383 tradere
1569 1346 1748 1391 festinent,
1772 1347 2048 1392 indignationem
2071 1351 2229 1383 nostram
2253 1349 2289 1382 et
2311 1349 2381 1393 ipsi
2403 1358 2475 1383 me-

1407 1396 1558 1437 tuentes,
1583 1393 1651 1428 nisi
1674 1403 1749 1428 rem
1773 1394 1823 1428 sic
1847 1393 1968 1429 utilem
1993 1393 2211 1437 reipublicae
2233 1393 2477 1429 custodierint.

1457 1438 1541 1474 Dat.
1566 1449 1630 1473 vn.
1656 1439 1727 1474 kal.
1754 1438 1818 1474 Iul.
1845 1438 2069 1474 Chalcedone
2096 1438 2178 1483 imp.
2205 1438 2264 1474 dn.
2289 1438 2478 1474 Iustiniani

1307 1487 1352 1525 [a.
1368 1486 1445 1526 539]
1511 1494 1571 1528 pp.
1593 1485 1635 1519 A.
1662 1494 1757 1519 anno
1775 1483 1874 1519 XIII.
1902 1483 2040 1528 Apione
2063 1495 2094 1518 v.
2121 1494 2150 1519 c.
2177 1493 2275 1519 cons.

259 1642 325 1679 ulli
351 1642 528 1688 conficere
552 1642 795 1689 permittimus
822 1645 970 1688 praeter
993 1651 1054 1676 eos
1085 1641 1151 1686 qui
1171 1642 1210 1676 in
1233 1642 1349 1676 sacris
1371 1642 1508 1676 nostris
1531 1640 1685 1685 fabricis
1707 1645 1947 1676 recensentur.
1996 1641 2102 1677 Solos
2124 1646 2243 1677 autem
2271 1651 2294 1675 a
2320 1640 2477 1686 privatis

258 1688 387 1733 confici
410 1693 445 1724 et
465 1688 620 1734 privatis
642 1686 749 1723 vendi
762 1688 928 1733 patimur
951 1685 1125 1730 cultellos,
1158 1686 1287 1733 quibus
1316 1697 1419 1721 nemo
1448 1686 1562 1731 facile
1595 1685 1645 1721 ad
1673 1685 1756 1721 belli
1787 1697 1900 1732 opera
1930 1690 2063 1722 utatur.
2109 1685 2341 1722 Praesentem
2364 1686 2377 1720 i
2403 1686 2478 1721 itur

257 1733 462 1779 generalem
486 1732 599 1778 leqem
624 1736 787 1767 nostram
811 1735 873 1766 tua
896 1731 1097 1767 sublimitas
1127 1732 1166 1766 in
1190 1731 1258 1766 hac
1279 1732 1383 1777 reqe’a
1407 1732 1494 1767 urbe
1516 1741 1582 1766 nec
1606 1741 1679 1766 non
1701 1732 1740 1766 in
1765 1733 1891 1767 ceteris
1913 1731 2134 1778 reipublicae
2157 1735 2304 1767 nostrae
2330 1742 2375 1766 ur
2399 1730 2478 1766 ibus

250 1783 449 1825 proponet,
472 1782 513 1813 ut
535 1788 657 1812 omnes
680 1781 902 1823 coqnoscant
926 1787 1019 1822 quae
1043 1775 1147 1812 nobis
1162 1777 1388 1822 placuerunt
1411 1787 1524 1822 eaque
1549 1776 1768 1811 custodiant.

392 1823 436 1859 V.
484 1821 724 1858 Denuntiabis
754 1833 839 1858 vero
863 1822 909 1856 iis
939 1822 1003 1868 qui
1024 1821 1200 1857 eiusmodi
1223 1821 1407 1857 custodiae
1425 1825 1629 1867 praeerunt
1658 1820 1891 1857 chartulariis
1921 1833 1970 1858 ex
1999 1822 2228 1867 fabricarum
2251 1821 2400 1863 scrinio,
2434 1820 2479 1857 de

258 1879 331 1916 quo
354 1868 526 1910 diximus,
556 1878 618 1903 eos
638 1878 688 1903 ex
710 1866 938 1913 neqleqentia
968 1877 1042 1902 non
1063 1866 1180 1902 solum
1201 1867 1433 1913 pecuniarias
1450 1877 1594 1912 poenas
1613 1866 1806 1909 subituros,
1838 1867 1903 1902 sed
1931 1867 2037 1902 etiam
2066 1867 2274 1914 corporalia
2297 1866 2478 1913 supplicia

255 1924 434 1961 passuros
452 1924 529 1949 esse
547 1917 584 1948 et
605 1912 737 1947 militia
758 1913 942 1958 privatum
959 1912 1018 1952 iri,
1041 1916 1298 1963 praeterquam
1322 1911 1421 1958 quod
1443 1923 1488 1947 ne
1502 1912 1575 1958 ipsi
1594 1911 1736 1958 quidem
1755 1912 1890 1947 scrinio
1912 1912 2068 1958 amplius
2085 1913 2318 1958 permittetur
2334 1923 2357 1946 a
2376 1911 2479 1946 nobis

258 1958 309 1994 ad
330 1958 504 1994 eiusmodi
527 1968 652 1993 curam
675 1957 855 1998 accedere,
879 1956 943 1992 sed
966 1957 1050 1991 aliis
1073 1962 1312 1993 committetur
1334 1957 1565 2003 fabricarum
1587 1957 1738 1992 curatio.

393 2002 633 2050 Epilogus.
683 2001 784 2045 Quae
807 2002 921 2048 iqitur
943 2001 1047 2037 nobis
1063 2002 1284 2048 placuerunt
1306 2008 1342 2038 et
1386 2013 1425 2037 er
1441 2001 1535 2037 hanc
1558 2002 1590 2036 le
1617 2012 1670 2037 em
1693 2001 1927 2037 declarantur
1952 2006 2013 2037 tua
2036 2002 2235 2037 sublimitas
2255 2005 2291 2036 et
2314 2001 2377 2047 qui
2390 2005 2479 2047 post

258 2053 292 2085 te
314 2049 569 2101 maqistratum
592 2048 734 2094 qesturi
753 2051 849 2089 sunt,
882 2046 932 2081 ad
954 2058 1045 2093 opus
1067 2051 1102 2082 et
1123 2047 1289 2098 effectum
1312 2060 1335 2082 α
1362 2047 1493 2082 ducere
1514 2051 1572 2082 stu
1599 2051 1694 2089 eant,
1719 2046 2004 2092 indiqnationem
2026 2050 2189 2082 nostram
2211 2050 2248 2082 et
2271 2047 2345 2092 ipsi
2363 2046 2477 2089 veriti,

257 2094 326 2130 nist
350 2105 427 2130 rem
449 2093 542 2129 adeo
567 2092 690 2128 utilem
712 2091 933 2138 reipublicae
954 2091 1197 2127 custodierint.

303 2256 323 2287 5
347 2252 394 2285 εἰς
413 2249 569 2295 πολέμου
592 2249 764 2295 χρήσαιτο
785 2252 921 2294 χρείαν]
945 2249 982 2281 in
1002 2248 1138 2291 proeliis
1158 2249 1266 2281 utitur
1291 2261 1309 2285 ς
1325 2248 1337 2293 11

257 2299 278 2331 6
301 2294 407 2341 ἡμῶν
430 2308 489 2330 om.
511 2309 530 2333 ς
555 2296 568 2334 ΙΙ
597 2293 618 2339 ἡ
645 2295 689 2339 σὴ
713 2293 867 2339 ὑπεροχὴ
893 2308 950 2328 om.
973 2296 1004 2328 L
1035 2295 1047 2337 11
1079 2297 1097 2328 7
1123 2292 1337 2337 προςθήσεις

257 2344 289 2377 L
303 2342 316 2388 11
337 2345 374 2377 11
402 2339 668 2388 παρεγγυήσεις]
693 2341 926 2374 denuntiamus
950 2352 969 2376 ς
988 2339 1060 2383 1113
1085 2342 1254 2384 φαβρίων
1279 2341 1310 2372 L
1326 2338 1338 2383 11

258 2390 298 2423 21
325 2384 572 2432 παραδιδόναι
597 2388 628 2420 L
657 2386 670 2426 ΙΙ
701 2387 743 2420 24
766 2389 888 2420 subscr.
915 2398 973 2419 om.
1333 2387 1339 2392 '

257 2446 296 2467 ex
312 2445 347 2472 ςς
373 2430 507 2478 ἐγράφη
531 2430 603 2477 πρὸ
629 2430 656 2468 ς’
674 2428 868 2464 καλάνδων
889 2426 966 2464 Ἰου.
991 2428 1174 2473 βασιλείας
1195 2425 1338 2463 Ἰουστι-

255 2478 384 2512 νιανοῦ
400 2477 443 2511 τὸ
462 2476 506 2523 ιγ’
525 2474 698 2510 ὑπατείας
715 2473 890 2510 Ἀπίωνος
914 2472 983 2509 ἰνδ.
1007 2472 1043 2508 δ’
1070 2476 1168 2516 (corr.
1182 2473 1237 2518 β’)
1261 2475 1336 2508 Ath.

257 2521 475 2569 ἐξεφωνήθη
507 2525 594 2567 μηνὶ
623 2522 747 2564 ἰουνίῳ
774 2521 836 2563 τῆς
866 2519 1050 2564 βασιλείας
1079 2522 1151 2553 ἔτει
1175 2517 1219 2566 ιγ’
1245 2517 1337 2554 ὑπα-

255 2572 335 2612 τείᾳ
356 2566 518 2603 'Autonoe
544 2569 665 2602 Theod.

1001 2384 1044 2417 M
1065 2392 1094 2418 et
1117 2385 1200 2420 Iul..
1233 2397 1337 2428 recept

303 2661 320 2693 1
343 2658 492 2691 instuere
511 2657 562 2690 Β*
593 2656 770 2689 instituere
793 2656 825 2689 T
884 2655 1012 2688 sinimis
1035 2655 1081 2688 T¹
1106 2654 1247 2686 siminus
1271 2653 1305 2686 R
1327 2651 1340 2699 11

257 2703 317 2746 qui
337 2703 500 2747 deputati]
526 2703 661 2745 quidem
686 2701 772 2744 ptati
795 2714 816 2734 v
835 2700 841 2745 1
863 2703 942 2733 sunt
966 2713 1024 2733 om.
1043 2700 1115 2733 Tvz
1134 2700 1182 2741 112
1207 2700 1266 2731 aut
1287 2712 1305 2731 ε
1329 2701 1340 2743 ΙΙ

258 2748 342 2790 fieri]
366 2748 437 2781 fieri
463 2753 496 2781 et
520 2747 620 2781 uendi
646 2749 723 2781 libri
748 2748 760 2789 11
792 2748 811 2780 3
837 2748 869 2779 et
893 2745 1033 2789 privatis
1058 2758 1115 2778 om.
1138 2745 1211 2785 Ru,
1236 2743 1338 2776 uendi

260 2795 321 2827 del.
336 2794 386 2827 13³
403 2793 416 2838 11
431 2796 454 2828 4
470 2794 603 2836 quibus]
628 2802 710 2835 quos
729 2792 762 2825 T
780 2802 861 2833 quas
877 2805 894 2824 2
917 2802 982 2833 quo
999 2804 1019 2823 v
1037 2790 1050 2834 11
1076 2792 1094 2823 5
1117 2790 1222 2832 legem
1238 2799 1338 2831 gene·

259 2838 360 2872 talem
385 2852 422 2872 vz
436 2839 449 2884 11
476 2841 538 2873 hoc
561 2852 599 2872 vz
617 2837 630 2882 11
651 2840 834 2881 praeponat
855 2836 911 2880 Vn
937 2838 957 2870 6
983 2839 1014 2869 et
1038 2848 1095 2869 om.
1111 2834 1216 2878 R¹2u
1241 2837 1259 2868 ἰ’
1283 2844 1337 2867 co-

1404 2251 1599 2290 gnoscentes
1622 2249 1673 2288 R;
1712 2249 1846 2294 {scentes
1870 2269 1915 2274 -—
1940 2251 1960 2284 8
1979 2250 2156 2283 obseruent
2180 2252 2213 2284 in
2236 2263 2303 2284 ras.
2326 2263 2388 2286 scr.
2418 2249 2481 2296 711

1407 2296 1426 2328 8
1440 2295 1503 2327 hoc
1514 2309 1530 2328 z
1545 2295 1558 2338 11
1578 2296 1618 2329 11
1633 2294 1910 2328 denunciauimus
1923 2308 1956 2334 z;
1979 2296 2038 2339 leq.
2052 2295 2298 2329 Denuntiabis?
2314 2295 2326 2340 11
2345 2296 2478 2337 futuris]

1405 2339 1514 2372 futuri
1538 2350 1652 2372 sumus
1674 2353 1694 2372 v
1711 2340 1724 2384 11
1752 2341 1792 2373 12
1818 2340 2005 2372 custodiant
2026 2341 2058 2373 R
2075 2341 2086 2384 11
2104 2343 2228 2374 metato
2243 2347 2271 2374 ὐ
2287 2341 2300 2385 11
2317 2341 2479 2374 fabricen-

1406 2385 1490 2417 tium
1516 2386 1548 2418 T
1564 2386 1622 2426 (id.
1639 2385 1720 2428 17)ss
1750 2386 1789 2420 13
1815 2396 1881 2418 non
1906 2385 2025 2427 solum]
2050 2396 2109 2418 nec
2133 2396 2200 2419 non
2223 2400 2259 2419 vz
2277 2386 2290 2430 11
2316 2388 2357 2421 14
2381 2386 2481 2419 etiam

1407 2443 1465 2463 om.
1481 2429 1550 2474 Ru
1577 2432 1616 2465 15
1640 2430 1735 2463 milia
1758 2443 1776 2463 v
1807 2429 1819 2474 11
1847 2430 1970 2463 cadunt
2002 2431 2085 2472 sz]
2120 2431 2240 2464 cadant
2265 2432 2326 2465 TR
2362 2431 2480 2464 cadent

1406 2476 1493 2519 vulq.
1519 2475 1532 2519 11
1563 2477 1602 2510 16
1627 2476 1781 2517 ulterius]
1817 2478 1947 2509 utentes
1967 2476 2109 2509 ulterius
2133 2490 2177 2510 vz
2203 2476 2216 2520 11
2245 2487 2391 2519 praeesse
2415 2476 2479 2510 sol-

1406 2520 1617 2554 licitudinem
1642 2520 1700 2564 Τ11
1728 2523 1766 2554 17
1792 2521 1875 2554 alias
1900 2522 1932 2554 R
1947 2520 1960 2565 11
1986 2517 2206 2554 committenti
2229 2525 2264 2555 2⁰
2280 2521 2292 2566 11
2318 2532 2398 2554 cura
2422 2523 2479 2563 Tc,

1409 2579 1501 2599 om.v
1523 2565 1537 2607 ΙΙ
1564 2567 1605 2600 20
1629 2566 1735 2608 legem
1761 2579 1853 2599 om.v
1879 2565 1891 2610 11
1916 2566 2080 2599 declarata
2103 2569 2193 2608 sunt]
2218 2567 2398 2600 declaratas
2419 2567 2451 2600 V
2468 2566 2481 2613 11

1408 2614 1441 2644 et
1465 2624 1556 2644 om.v
1585 2610 1598 2655 11
1626 2613 1665 2645 21
1692 2613 1768 2655 post
1791 2613 1835 2652 te]
1866 2614 1981 2655 postea
2006 2612 2039 2645 T
2059 2613 2070 2653 11
2098 2612 2133 2644 in
2158 2624 2216 2645 om.
2234 2612 2324 2645 R¹T
2345 2612 2357 2655 11
2386 2612 2480 2654 cign-

1407 2656 1478 2689 lum
1504 2657 1537 2690 T
1567 2656 1703 2698 cingulo
1726 2657 1813 2700 ναῖς.
1840 2655 1853 2701 11
1879 2657 1982 2689 fuerit
2005 2657 2037 2690 T
2058 2657 2070 2699 11
2094 2658 2197 2699 operi]
2221 2657 2362 2700 tempori
2385 2657 2434 2690 Β*
2468 2657 2480 2701 11

1406 2702 1537 2734 tradere
1556 2701 1613 2746 Vn
1630 2702 1673 2735 22
1689 2701 1867 2735 festinetur
1884 2702 1936 2735 Ta
1959 2701 2093 2734 festinet
2113 2701 2161 2736 1³⁶
2168 2715 2204 2735 vz
2222 2703 2234 2741 ΙΙ
2250 2703 2292 2737 23
2309 2702 2367 2743 sic]
2393 2702 2480 2735 sicut

1415 2747 1465 2780 V¹
1482 2747 1495 2791 11
1510 2746 1594 2780 utile
1615 2747 1652 2789 V,
1673 2760 1730 2780 om.
1746 2747 1793 2780 R¹
1811 2747 1823 2791 11
1847 2749 1890 2781 24
1902 2749 2021 2780 subscr.
2049 2747 2113 2779 dat.
2134 2758 2196 2779 vn.
2220 2747 2285 2779 kal.
2311 2746 2387 2779 iulii
2411 2746 2477 2779 cal-

1407 2792 1529 2825 cedone
1551 2792 1647 2835 impr.
1674 2792 1785 2825 donno
1808 2793 1993 2826 iustiniano
2016 2802 2070 2835 pp.
2092 2802 2121 2825 a.
2143 2802 2230 2825 anno
2246 2792 2335 2825 XIII
2360 2792 2478 2835 apione

1407 2837 1481 2870 uice
1505 2837 1640 2870 consule
1661 2838 1698 2880 V,
1723 2851 1780 2871 om.
1796 2839 1864 2872 rell.
