2586 3990
179 142 406 176 srncmms
436 143 505 176 srr
534 142 825 177 CONTRACTUS
1264 130 1349 179 575

178 244 354 288 βιβασμῷ
381 240 658 289 παραδίδοσθαι
689 243 757 286 τὴν
780 245 919 291 ψῆφον,
950 245 982 280 εἰ
1010 245 1060 290 μὴ
1084 246 1264 292 πρότερον

180 288 307 344 ἐγγύας
337 285 565 330 ἀξιοπίστους
589 288 770 334 παράσχοι
799 289 843 324 τὸ
868 291 1024 334 νικῆσαν
1053 294 1157 336 μέρος
1180 304 1262 325 τοσ-

181 345 290 377 αυτης
324 332 524 377 ποσότητος
562 329 649 376 ὅσης
685 331 732 368 ἂν
767 335 820 379 εἴη
855 333 877 379 ἦ
914 334 1106 380 καταδίκη,
1147 334 1197 371 ais
1231 337 1262 370 εἰ

179 378 271 423 μετὰ
292 379 409 413 ταῦτα
432 375 748 424 ἄναψηλαφήσεως
780 384 924 426 νομίμῳ
956 379 1085 427 τρόπῳ
1117 380 1262 427 προϊού-

180 435 243 466 σης
272 421 294 467 ἦ
324 424 444 471 ψῆφος
472 420 715 469 ἀνατραπείη,
752 425 799 459 τὰ
821 425 1019 472 πράγματα
1042 423 1142 470 αὐτῷ
1172 427 1261 470 μετὰ

178 470 257 503 τῶν
272 473 438 513 νομίμων
462 470 696 512 ἐπαυξήσεων
719 467 1060 505 ἀποκαθίστασθαι.
1105 469 1189 506 εἰδὲ
1205 473 1261 506 ἐν·

178 514 241 548 τὰς
258 514 322 557 τῆς
335 515 646 559 μνημονευθείσης
669 517 747 550 τῶν
764 514 849 550 δέκα
865 513 1011 562 ἡμερῶν
1034 517 1262 562 προθεσμίας

177 558 270 603 μετὰ
288 558 331 593 τὸ
348 559 418 603 τὴν
441 562 567 606 ψῆφον
587 561 858 605 προενεχθῆναι
880 561 930 605 μὴ
955 559 1096 605 ἐπιδοίη
1119 562 1188 596 τὸν
1211 561 1264 596 λί-’

177 602 307 648 βελλον
341 601 362 638 ὁ
398 607 561 649 νομίζων
595 604 830 651 βεβλάφθαι,
871 605 1060 650 κελεύομεν
1094 606 1163 642 τὸν
1196 607 1261 641 τοῦ

1997 137 2039 182 Ν
2040 150 2106 181 ov.
2135 135 2275 180 OXIX
2305 140 2414 180 5—7

1330 246 1420 282 tioni
1453 247 1631 283 sententIa
1663 247 1907 292 contradatur,
1938 249 2008 285 nisi
2038 249 2138 295 prius
2167 248 2415 287 fideiussiones

1332 291 1457 335 dignas
1499 293 1707 338 praebuerit
1749 294 1877 329 victrix
1920 305 2005 339 pars
2044 298 2167 330 tantae
2207 295 2414 340 quantitatis

1331 340 1485 381 quantae
1508 337 1617 373 fuerit
1636 338 1895 380 condemnatio,
1920 343 1962 374 ut
1978 340 2008 376 si
2029 342 2112 385 post
2131 341 2221 375 haec
2241 342 2413 376 retracta-

1330 382 1428 417 tione
1452 383 1556 418 modo
1581 383 1736 427 legitimo
1761 383 1978 428 procedente
2002 385 2179 421 sententia
2203 385 2413 427 resolvatur,

1298 430 1388 462 5res
1412 427 1444 461 ei
1469 437 1549 462 cum
1574 429 1771 472 augmentis
1796 428 1961 472 legitimis
1985 430 2230 467 restituantur.
2272 430 2309 466 Si
2329 439 2413 466 vero

1329 472 1425 507 intra
1448 474 1662 509 memoratas
1695 474 1816 509 decem
1842 474 1976 509 dierum
2000 475 2155 510 indutias
2187 477 2270 519 post
2292 475 2413 520 prola-

1330 520 1403 552 tam
1433 518 1646 553 sententiam
1676 529 1750 554 non
1783 519 1952 554 obtulerit
1982 519 2141 554 libellum
2163 520 2194 554 is
2224 519 2285 564 qui
2308 521 2414 564 putat

1330 572 1370 598 se
1386 563 1533 606 laesum,
1557 563 1720 598 iubemus
1745 573 1874 598 causae
1898 564 2144 599 executionem
2168 565 2246 599 sine
2266 564 2411 599 fideius-

1331 607 1430 642 sione
1453 607 1657 652 procedere,
1681 609 1947 644 retractationis
1969 608 2048 644 iure
2071 609 2246 645 servando
2270 609 2321 644 illi
2351 609 2412 653 qui

178 647 388 704 πράγματος
412 651 638 695 ἐκβιβασμὸν
662 648 744 693 δίχα
768 649 892 699 ἐγγύης
915 654 1092 696 προϊέναι,
1116 652 1263 705 τοῦητῆς
1278 654 1319 688 10
1332 662 1371 689 se
1393 656 1578 697 gravatum
1597 654 1788 697 putaverit.

177 694 493 741 αναψηλαφήσεως
528 694 668 729 δικαίου
703 695 974 742 φυλαττομένου
1011 697 1137 741 ἐκείνῳ
1171 708 1264 731 οςτις

177 738 311 775 ἑαυτὸν
334 740 570 785 βεβαρῆσθαι
593 744 760 785 νομίσειε.

1176 831 1332 867 CAPUT
1354 831 1415 868 VI.

230 898 327 943 Πρὸς
346 898 485 932 τούτοις
508 899 741 941 θεσπίζομεν,
767 893 854 932 ῶςτε
874 899 973 944 εἴπερ
995 902 1152 944 συμβαίη
1176 899 1258 934 τοὺς

176 946 275 978 νέους
298 943 500 988 βούλεσθαι
523 943 730 987 ἀποστῆναι
750 944 812 985 τῆς
830 944 878 978 εἰς
894 941 1022 978 αὐτοὺς
1045 943 1258 991 περιελθού-

1383 898 1442 933 Ad
1465 898 1554 935 haec
1578 910 1720 946 quoque
1744 902 1939 945 sancimus,
1964 903 2006 937 ut
2029 901 2061 938 si
2087 902 2275 947 contigerit
2296 901 2410 937 mino-

1327 954 1384 979 res
1417 945 1506 980 velle
1538 955 1576 980 se
1599 947 1780 982 abstinere
1811 949 1856 982 ab
1882 947 2080 983 hereditate
2110 948 2148 983 in
2179 958 2218 983 se
2245 947 2412 982 devoluta

177 1000 239 1032 σης
270 991 330 1022 καὶ
360 987 644 1032 καταδεχθείσης
674 987 766 1033 παρ’
793 985 1199 1043 αὐτῶντκληρονομίας,
1230 990 1261 1023 εἰ
1276 993 1316 1025 15
1329 993 1364 1023 et
1387 999 1409 1024 a
1434 999 1472 1024 se
1496 995 1681 1036 suscepta,
1715 993 1746 1027 si
1770 993 1912 1037 quidem
1935 1002 2057 1028 omnes
2087 993 2282 1028 creditores
2305 1001 2409 1036 prae-

175 1036 244 1078 μὲν
268 1033 401 1068 πάντες
424 1033 460 1068 οἱ
482 1033 668 1068 δανεισταὶ
692 1032 871 1080 παρόντες
899 1035 1083 1079 ευρεθεῖεν
1107 1037 1147 1069 ἐν
1171 1037 1259 1069 ἐκεί-

176 1091 250 1114 νοις
273 1082 347 1113 τοῖς
369 1078 495 1114 τόποις
519 1081 558 1114 ἐν
582 1078 632 1113 οἷς
654 1076 676 1122 ἦ
700 1080 747 1113 εἰς
770 1076 937 1124 ἀκέραιον
968 1077 1261 1115 ἀποκατάστασις

177 1126 349 1167 αἰτεῖται,
383 1124 576 1158 καλεῖσθαι
608 1125 707 1170 παρὰ
739 1126 804 1158 τοῦ
838 1123 1009 1171 ἄρχοντος
1037 1126 1119 1160 τοὺς
1143 1123 1259 1159 δανει-

177 1170 262 1204 στὰς
290 1173 349 1203 καὶ
373 1167 573 1215 παρόντων
602 1170 758 1204 πάντων
787 1166 1020 1212 ἀφίστασθαι
1050 1171 1133 1205 τοὺς
1162 1174 1260 1205 νέους

1330 1039 1448 1070 sentes
1479 1034 1614 1070 fuerInt
1647 1037 1684 1071 in
1714 1036 1784 1072 illis
1814 1037 1902 1072 locis
1936 1038 1975 1072 in
2006 1037 2137 1082 quibus
2167 1039 2204 1072 in
2233 1037 2411 1080 integrum

1327 1079 1504 1115 restitutio
1529 1082 1743 1125 postulatur,
1774 1085 1948 1117 vocentur
1971 1092 1993 1117 a
2016 1082 2134 1118 iudice
2159 1082 2352 1119 creditores
2376 1085 2412 1116 et

1328 1125 1576 1168 praesentibus
1612 1126 1774 1162 omnibus
1814 1128 1860 1163 ab
1896 1127 2100 1163 huiusmodi
2139 1128 2335 1163 hereditate
2373 1137 2411 1161 se

1328 1170 1482 1204 minores
1513 1170 1727 1206 abstineant.
1777 1171 1815 1207 Si
1838 1182 1922 1208 vero
1954 1182 2076 1208 omnes
2108 1177 2172 1208 aut
2199 1171 2310 1217 aliqui
2335 1181 2410 1206 cre·
2455 1177 2457 1179 ’

176 1216 239 1258 τῆς
261 1214 428 1270 τοιαύτης
450 1214 692 1269 κληρονομίας.
741 1215 771 1248 εἰ
795 1213 835 1248 δὲ
858 1215 989 1250 πάντες
1018 1214 1041 1259 ἦ
1065 1227 1160 1250 τινες
1182 1216 1260 1250 τῶν
1273 1217 1315 1250 20
1328 1214 1482 1249 ditorum
1506 1215 1671 1251 absentes
1694 1216 1845 1260 fuerint,
1876 1217 2042 1253 iubemus
2073 1219 2228 1253 minores
2251 1216 2411 1252 volentes

176 1258 380 1295 δανειστῶν
404 1273 561 1295 αποντες
583 1260 666 1302 εἶεν,
691 1259 882 1304 κελεύομεν
905 1260 987 1295 τοὺς
1011 1264 1110 1296 νέους
1132 1260 1258 1306 βουλο-

175 1309 301 1350 μένους
324 1306 432 1339 τοῦτο
455 1303 632 1350 πράττειν
655 1307 708 1348 τῷ
733 1306 811 1340 τῶν
825 1305 956 1340 τόπων
980 1305 1126 1352 ἄρχοντι
1151 1308 1189 1340 ἐν
1210 1305 1260 1340 οἷς

177 1349 280 1385 αὐτοὶ
305 1348 466 1397 διάγουσι
491 1353 688 1398 προςιέναι,
720 1353 856 1385 ἐκεῖνον
881 1348 921 1385 δὲ
945 1349 1005 1385 διὰ
1035 1354 1113 1386 τῶν
1145 1364 1259 1385 συνει-

176 1397 366 1450 θισμένων
397 1397 638 1442 κηρυγμάτων
662 1396 784 1430 καλεῖν
807 1396 889 1430 τοὺς
913 1395 1115 1431 δανειστάς’
1146 1400 1206 1430 καὶ
1229 1397 1259 1430 εἰ

1329 1260 1396 1294 hoc
1427 1269 1532 1304 agere
1563 1260 1726 1296 locorum
1756 1262 1911 1297 iudicem
1948 1263 1985 1296 in
2017 1262 2145 1306 quibus
2176 1262 2245 1307 ipsi
2277 1261 2412 1305 degunt

1328 1304 1443 1347 adire,
1478 1304 1578 1339 illum
1614 1316 1697 1341 vero
1733 1316 1798 1350 per
1833 1311 2023 1342 consuetas
2060 1307 2246 1342 citationes
2281 1316 2412 1342 vocare

1329 1350 1532 1392 creditores,
1567 1354 1603 1384 et
1635 1351 1666 1385 si
1689 1350 1785 1386 intra
1807 1353 1916 1386 trium
1940 1352 2114 1387 mensium
2145 1353 2299 1397 spatium
2323 1361 2410 1386 nus-

1329 1405 1435 1439 quam
1471 1399 1669 1439 appareant
1703 1396 1915 1438 creditores,
1952 1397 2060 1432 licere
2097 1397 2293 1432 minoribus
2334 1397 2412 1432 sine

176 1443 278 1475 ἐντος
300 1454 413 1486 τριων
428 1455 554 1485 μηνων
579 1442 806 1496 προθεσμίαις
827 1439 1000 1486 μηδαμῶς
1024 1445 1258 1488 παραγένων-
1273 1443 1315 1476 25
1328 1440 1487 1485 periculo
1512 1440 1714 1475 huiusmodi
1739 1441 1938 1476 hereditate
1961 1441 2164 1484 abscedere,
2188 1442 2306 1477 iudice
2326 1452 2410 1486 pro-

175 1500 236 1520 ται
270 1485 306 1520 οἱ
337 1484 540 1527 δανεισταί,
578 1487 709 1527 ἐξεῖναι
733 1498 873 1521 τουτοις
898 1485 980 1529 δίχα
1002 1485 1173 1522 κινδύνου
1197 1488 1260 1530 τῆς

176 1531 342 1574 τοιαύτης
365 1529 565 1577 ἀναχωρεῖν
581 1531 827 1576 κληρονομίας,
853 1533 1095 1577 προνοοῦντος
1111 1533 1177 1567 τοῦ
1195 1531 1259 1578 ἅρ-

175 1588 299 1619 χοντος
330 1573 420 1622 παρ’
448 1577 478 1619 ῴ
511 1575 533 1620 ἦ
564 1578 612 1611 εἰς
632 1577 801 1623 ἀκέραιον
825 1574 1119 1613 ἀποκατάστασις
1146 1575 1260 1624 πράτ-

175 1635 287 1664 τεται,
312 1623 382 1656 ποῦ
407 1618 543 1667 ὀφείλει
566 1622 612 1656 τὰ
629 1621 887 1676 κληρονομιαῖα
909 1622 1106 1670 πράγματα
1131 1621 1260 1665 κινητά

1328 1485 1469 1521 vidente
1493 1486 1589 1529 apud
1610 1495 1714 1529 quem
1735 1486 1854 1529 agitur
1873 1487 1911 1520 in
1931 1486 2108 1530 integrum
2131 1486 2322 1529 restitutio,
2348 1486 2411 1521 ubi

1329 1530 1484 1566 debeant
1507 1531 1743 1565 hereditariae
1766 1540 1824 1566 res
1846 1531 1994 1566 mobiles
2019 1534 2056 1566 et
2077 1531 2274 1567 immobiles
2291 1534 2408 1566 custo-

1330 1576 1414 1619 diri,
1448 1575 1646 1620 quantitate
1679 1576 1809 1620 quippe
1840 1576 1966 1610 harum
1997 1577 2142 1621 publica
2173 1576 2410 1622 descriptione

1329 1621 1397 1657 sub
1420 1620 1529 1665 gestis
1552 1626 1862 1657 monumentorum
1885 1621 2157 1657 manifestanda.

175 1680 214 1701 τε
237 1670 298 1701 καὶ
322 1663 477 1708 ἀκίνητα
501 1666 770 1712 φυλάττεσθαι,
803 1679 866 1710 της
890 1679 1091 1711 ποσοτητος
1124 1665 1259 1712 δηλαδὴ
1274 1669 1316 1702 30

173 1712 317 1767 τούτων
334 1709 395 1745 διὰ
412 1709 582 1755 δημοσίας
600 1709 812 1760 ἀπογραφῆς
836 1714 928 1748 κατὰ
944 1714 1080 1759 πρᾶξιν
1100 1712 1261 1759 ὑπομνη-

173 1770 306 1802 ματων
330 1760 602 1803 φανερουμένης.

1172 1848 1330 1884 CAPUT
1354 1848 1435 1885 VII.

213 1914 291 1950 Ἔτι
309 1915 545 1959 θεσπίζομεν,
572 1911 659 1949 ῶςτε
683 1915 720 1949 εἴ
736 1926 790 1950 τις
805 1917 894 1963 κακῇ
920 1920 1042 1951 πίστει
1065 1914 1261 1963 πράγματα

173 1961 368 2016 νεμόμενος
384 1957 406 2004 ἢ
420 1960 512 1994 κατὰ
527 1961 661 2005 πρᾶσιν
676 1957 700 2004 ἢ
712 1961 804 1995 κατὰ
822 1959 964 2018 δωρεὰν
980 1958 1003 2005 ἢ
1016 1959 1134 1995 ἄλλως
1144 1963 1261 1996 ταῦτα

1397 1916 1537 1953 Rursus
1562 1916 1761 1961 sancimus,
1793 1917 1834 1952 ut
1860 1917 1892 1953 si
1916 1917 1994 1962 quis
2016 1922 2111 1952 mala
2133 1916 2204 1952 fide
2228 1927 2304 1953 rem
2326 1927 2409 1962 pos-

1331 1962 1449 1997 sidens
1481 1965 1545 1997 aut
1568 1973 1631 2008 per
1654 1962 1891 1998 venditionem
1924 1966 1987 1998 aut
2009 1973 2075 2007 per
2099 1962 2325 1998 donationem
2350 1965 2412 1998 aut

175 2008 377 2050 ἐκποιησει,
409 2004 429 2039 ό
462 2003 502 2039 δὲ
530 2007 691 2049 νομίζων
720 2006 768 2040 τὰ
802 2020 895 2041 αντα
928 2007 1124 2053 πράγματα
1156 2018 1259 2053 προς-
1273 2010 1314 2042 35
1329 2008 1434 2042 aliter
1458 2008 1551 2042 hanc
1575 2008 1723 2050 alienet,
1756 2007 1817 2051 qui
1837 2017 1920 2043 vero
1943 2010 2047 2052 putat
2069 2007 2211 2043 easdem
2234 2017 2292 2043 res
2317 2018 2410 2043 com-

174 2050 273 2095 ήκειν
296 2051 415 2093 ἑαυτῷ
430 2051 539 2084 τοῦτο
555 2049 749 2096 γινώσκων
771 2051 873 2086 ἐντὸς
896 2049 983 2085 δέκα
1007 2053 1186 2086 ἐνιαυτῶν
1200 2065 1260 2096 με·

242 2155 268 2176 c.
291 2142 343 2175 Vl
364 2148 452 2175 extat
475 2142 510 2174 B
530 2143 581 2182 10,
594 2149 637 2183 21,
652 2148 668 2174 3
693 2142 781 2182 (inde
800 2143 928 2186 Ecloqa
945 2143 1031 2175 Bas.
1050 2143 1123 2176 libr.
1137 2142 1269 2184 I—X).

172 2184 305 2222 Ἀνέκδ.
329 2188 405 2226 218,
430 2188 486 2220 ubi
508 2188 626 2219 citatur
649 2185 761 2231 νεαρὰ
785 2186 861 2230 ρς’).

242 2246 268 2266 c.
291 2233 364 2266 VII
376 2231 431 2265 Εἴ
439 2242 493 2264 τις
510 2232 750 2273 (Θεσπίζομεν
765 2231 802 2264 εἴ
813 2242 866 2265 τις
878 2232 927 2274 Β)
948 2232 1038 2275 κακῆ
1055 2234 1177 2265 πίστει
1190 2257 1199 2265 .
1212 2257 1220 2265 .
1236 2257 1244 2264 .
1259 2257 1267 2265 .

1330 2056 1452 2097 petere
1483 2053 1551 2088 sibi
1581 2053 1651 2089 hoc
1681 2062 1878 2097 agnoscens
1909 2052 2003 2088 intra
2027 2053 2148 2089 decem
2179 2062 2293 2089 annos
2320 2053 2412 2088 inter

1293 2161 1337 2167 -—
1361 2143 1577 2176 Summarium
1602 2143 1698 2176 habet
1720 2143 1907 2188 Anonymus
1919 2144 2125 2178 Bodleianus
2145 2145 2185 2177 16
2210 2145 2412 2186 (Zachariae

1282 2257 1290 2266 .
1304 2240 1335 2266 et
1355 2233 1448 2266 VIII
1457 2234 1513 2273 (-
1527 2234 1645 2273 576‚21
1663 2228 1772 2266 ἀπιὸν
1787 2235 1947 2278 γέγονεν)
1965 2235 2083 2267 habent
2100 2235 2278 2269 Procbiron
2295 2236 2350 2277 38,
2367 2242 2409 2277 41,

174 2280 380 2322 Epanaqoye
398 2279 452 2319 39,
466 2284 515 2315 41;
541 2277 576 2309 Β
594 2278 648 2317 50,
665 2284 708 2317 14,
721 2285 748 2310 11
774 2277 837 2318 (Βθ
856 2277 887 2309 Δ
903 2279 934 2316 4,
949 2284 985 2310 69
1000 2267 1034 2319 ᾖ.
1052 2278 1116 2311 186
1133 2277 1268 2317 Zacb.);
1294 2278 1381 2320 App.
1403 2279 1549 2321 Ecloqae
1570 2280 1613 2312 24
1637 2279 1706 2311 cod.
1726 2279 1836 2312 Paris.
1863 2279 1979 2320 (Zaclz.
1998 2275 2131 2312 Ἀνέκδ.
2149 2281 2212 2314 190
2229 2293 2260 2313 n.
2276 2282 2342 2322 74).
2367 2299 2408 2304 ——

177 2326 308 2357 Summa
331 2323 408 2356 Aah.
434 2324 587 2365 repetitur
611 2323 643 2355 in
668 2323 775 2356 libello
801 2324 883 2367 περὶ
908 2319 1098 2367 διαφόρων
1122 2318 1427 2368 ἀναγνωσμάτων
1454 2328 1517 2362 §17
1539 2336 1574 2366 p.
1591 2325 1654 2357 196
1675 2324 1801 2356 Hez'mb.

173 2411 351 2448 sententia
375 2409 544 2445 tradatur
567 2409 639 2444 nisi
654 2409 763 2456 prius
782 2409 1035 2455 fideiussiones
1057 2410 1208 2446 idoneas
1232 2410 1370 2446 dederit
1401 2411 1536 2448 victriae
1554 2421 1650 2458 pars
1682 2412 1719 2447 in
1745 2415 1882 2446 tantam
1907 2411 2145 2456 quantitatem
2175 2412 2213 2447 in
2237 2417 2410 2458 quantam

175 2456 424 2493 condemnatio
446 2455 553 2501 facta
577 2460 648 2496 est,
680 2458 720 2489 ut
742 2455 774 2489 si
795 2459 926 2500 postea
949 2457 1209 2491 retractatione
1242 2457 1401 2502 leqitimo
1425 2457 1531 2492 modo
1555 2456 1775 2503 procedente
1798 2456 1977 2491 sententia
2000 2458 2155 2492 rescissa
2177 2457 2242 2499 sit,
2274 2468 2334 2493 res
2356 2458 2414 2493 illi

175 2513 255 2538 cum
285 2501 453 2546 Zeqitimis
484 2500 686 2545 auqmentis
715 2501 964 2535 restituantur.
1010 2498 1147 2543 Quodsi
1176 2502 1275 2536 intra
1305 2506 1542 2548 memoratum
1572 2501 1691 2537 decem
1722 2500 1861 2536 dierum
1892 2501 2052 2547 spatium
2077 2506 2168 2548 post
2197 2503 2410 2538 sententiam

168 2547 356 2594 prolatam
380 2546 411 2579 is
434 2545 497 2591 qui
520 2556 558 2580 se
581 2545 718 2580 iniuria
743 2545 913 2590 affectum
933 2549 1042 2591 putat
1065 2545 1222 2581 libellum
1246 2557 1321 2582 non
1346 2546 1528 2589 obtuterit,
1552 2547 1714 2582 iubemus
1736 2546 1983 2582 executionem
2006 2546 2061 2581 rei
2079 2547 2157 2583 sine
2176 2547 2411 2592 fideiussione

172 2591 383 2638 procedere,
408 2596 449 2625 ut
470 2590 741 2625 retractationis
765 2592 821 2625 ius
845 2590 1072 2626 custodiatur
1096 2591 1150 2626 illi
1176 2592 1241 2637 qui
1261 2602 1301 2627 se
1323 2595 1516 2637 qravatum
1534 2592 1731 2638 putaverit.

310 2636 371 2672 VI.
420 2634 617 2670 Praeterea
639 2636 831 2676 sancimus,
863 2638 904 2670 ut
926 2635 959 2670 si
981 2635 1083 2679 forte
1106 2636 1262 2672 minores
1291 2636 1491 2672 hereditate
1522 2637 1572 2672 ad
1601 2638 1703 2683 ipsos
1732 2636 1854 2672 delata
1883 2641 1919 2672 et
1946 2637 1991 2672 ab
2020 2637 2065 2672 iis
2095 2642 2265 2684 suscepta
2287 2649 2326 2673 se
2349 2638 2409 2674 ab-

174 2683 308 2718 stinere
338 2680 466 2722 velint,
501 2681 536 2715 si
558 2679 700 2725 quidem
737 2690 859 2715 omnes
894 2680 1090 2716 creditores
1122 2685 1332 2726 praesentes
1366 2682 1598 2718 inveniantur
1627 2682 1701 2717 iltis
1733 2682 1823 2717 locis
1857 2681 1918 2717 ubi
1946 2682 1983 2716 in
2015 2682 2196 2728 inte-arum
2228 2684 2408 2719 restitutio

169 2729 320 2774 petitur,
353 2725 551 2762 creditores
575 2736 598 2759 a
622 2725 838 2771 maqistratu
863 2729 1036 2761 vocentur
1067 2729 1176 2771 atque
1197 2727 1448 2773 praesentibus
1479 2727 1643 2763 omnibus
1672 2727 1831 2762 minores
1861 2726 2037 2763 eiusmodi
2066 2727 2265 2764 hereditate
2286 2740 2326 2764 se
2348 2729 2409 2765 ab·

173 2773 341 2808 stineant.
389 2770 529 2814 Quodsi
551 2780 673 2805 omnes
702 2770 759 2805 vet
781 2770 948 2805 nonnulli
971 2781 1020 2805 ex
1044 2771 1284 2807 creditoribus
1314 2771 1482 2808 absentes
1504 2773 1594 2815 sint,
1626 2772 1787 2808 iubemus
1815 2773 1974 2808 minores
2003 2772 2067 2818 qui
2090 2772 2131 2808 id
2152 2784 2262 2819 aqere
2285 2774 2411 2810 volunt

173 2818 425 2864 maqistratum
449 2816 611 2850 locorum
634 2815 695 2850 ubi
719 2815 790 2861 ipsi
813 2815 950 2861 dequnt
972 2815 1086 2858 adire,
1117 2815 1218 2851 illum
1241 2821 1359 2852 autem
1381 2828 1451 2864 per
1473 2818 1585 2854 solita
1614 2817 1814 2865 praeconia
1838 2828 1966 2853 vocare
1990 2817 2188 2854 creditores
2195 2831 2211 2861 ;
2246 2821 2355 2865 atque
2378 2819 2410 2854 si

173 2863 273 2898 intra
298 2862 405 2896 trium
428 2861 601 2896 mensium
624 2860 783 2906 spatium
807 2860 1004 2896 creditores
1026 2871 1099 2896 non
1124 2862 1383 2907 apparuerint,
1416 2862 1523 2899 liceat
1546 2863 1621 2898 illis
1643 2863 1722 2898 sine
1745 2863 1912 2910 periculo
1942 2862 1986 2898 ab
2012 2863 2189 2899 eiusmodi
2211 2863 2411 2900 hereditate

173 2907 351 2949 recedere,
376 2917 455 2941 cum
478 2906 714 2951 maqistratus
736 2905 839 2985 §pud
862 2916 965 2951 quem
988 2905 1027 2940 in
1049 2906 1231 2951 inteqrum
1253 2907 1435 2943 restitutio
1460 2909 1585 2954 aqitur
1605 2908 1823 2955 prospiciat,
1847 2907 1908 2943 ubi
1929 2919 1988 2943 res
2012 2908 2254 2944 hereditariae
2277 2913 2312 2946 et
2334 2920 2408 2945 mo-

175 2953 262 2988 biles
285 2956 318 2986 et
343 2951 537 2987 immobiles
567 2951 708 2986 servari
761 2951 907 2987 ebeant:
941 2953 981 2986 ut
1010 2950 1148 2987 scilicet
1178 2952 1364 2998 quantitas
1394 2963 1519 2989 earum
1548 2964 1621 3000 per
1649 2953 1832 3000 publicam
1867 2952 2144 3000 descriptionem
2179 2955 2270 2990 actis
2299 2955 2408 2990 inter-

175 2997 394 3034 venientibus
417 2995 682 3041 manifestetur.

310 3041 389 3077 VII.
437 3040 559 3075 Porro
581 3040 775 3086 sancimus,
807 3043 849 3076 ut
869 3040 902 3076 si
926 3041 1008 3086 quis
1031 3040 1127 3076 mala
1154 3041 1229 3086 side
1259 3053 1319 3078 res
1345 3043 1540 3090 possidens
1571 3044 1629 3080 vel
1641 3054 1714 3090 per
1736 3043 1975 3079 venditionem
2006 3043 2062 3080 vel
2085 3055 2154 3090 per
2177 3043 2408 3080 donationem

174 3086 234 3124 vet
254 3086 326 3122 alio
351 3085 458 3121 modo
482 3095 544 3120 eas
568 3085 789 3128 alienaverit,
813 3086 846 3120 is
870 3091 989 3121 autem
1014 3086 1077 3131 qui
1095 3086 1236 3122 easdem
1259 3098 1318 3124 res
1342 3088 1392 3124 ad
1413 3100 1452 3124 se
1469 3089 1656 3135 pertinere
1676 3091 1784 3134 putat
1807 3088 1875 3123 hoc
1897 3089 2014 3123 sciens
2037 3089 2136 3124 intra
2155 3088 2275 3125 decem
2293 3100 2409 3125 annos

221 3181 241 3212 2
258 3178 425 3223 παράσχῃ
443 3178 492 3211 B⁸
507 3190 536 3211 v.
552 3177 572 3210 l.
592 3176 604 3219 u
619 3176 672 3218 τῷ
694 3175 886 3218 νικήσαντι
906 3179 1004 3222 μέρει
1022 3178 1072 3210 Βθ
1089 3178 1101 3221 ΙΙ
1130 3180 1152 3213 4
1172 3190 1257 3224 προ-

175 3223 369 3269 βαινούσης
383 3222 434 3255 ΒΓ
457 3225 471 3266 ΙΙ
497 3223 517 3256 6
543 3217 732 3263 αὖξήσεων
752 3223 803 3254 La
818 3221 830 3266 ΙΙ
857 3223 894 3255 11
922 3220 1260 3269 φυλασσομένουΕΙΙ

179 3271 220 3304 12
244 3268 416 3311 *νομίσοι
441 3267 594 3310 (νομίζοι
618 3267 663 3308 L)
689 3268 766 3300 libri
790 3266 802 3310 ΙΙ
834 3268 876 3300 13
902 3266 1048 3311 ζὐιανφ.
1069 3268 1101 3301 L
1130 3269 1143 3312 ΙΙ
1171 3268 1261 3314 πρὸς

175 3313 326 3354 τούτοις]
340 3313 382 3345 ad
394 3313 473 3345 haec
487 3322 619 3353 quoque
633 3323 652 3347 ς
669 3311 681 3355 ΙΙ
699 3310 810 3355 εἴπερ]
825 3310 923 3356 εἴπερ
936 3309 1006 3356 ἄρα
1017 3313 1089 3346 Ecl.
1110 3312 1122 3358 ΙΙ
1141 3314 1181 3349 16
1193 3315 1260 3357 μὲν

177 3372 233 3393 om.
250 3358 303 3391 ΒΓ
318 3360 330 3402 ΙΙ
348 3354 556 3401 εὑρεθῶσιν
572 3357 603 3390 L
617 3356 636 3435 Η
652 3358 693 3390 23
719 3356 819 3390 οὑτοι
836 3358 866 3390 L
886 3357 898 3400 ΙΙ
914 3358 957 3391 26
980 3355 1127 3392 τούτους
1143 3360 1174 3392 L
1198 3360 1260 3392 mi-

176 3403 313 3437 noribus
337 3414 356 3440 ς
373 3403 386 3446 ΙΙ
404 3404 445 3436 33
470 3403 536 3442 ἔτι]
561 3400 613 3435 πά
639 3414 674 3435 ιν
694 3414 720 3435 s.
734 3415 761 3436 v.
787 3403 892 3435 adscr.
911 3401 960 3434 L³
978 3401 991 3446 ΙΙ
1012 3402 1207 3448 πράγματα
1231 3412 1261 3438 et

177 3451 221 3483 34
243 3449 374 3489 ταῦτα]
399 3459 467 3481 rem
485 3455 514 3481 et
530 3447 615 3479 hanc
632 3459 651 3483 ς
668 3447 681 3491 ΙΙ
705 3448 748 3481 35
774 3444 957 3488 ἐκποιήσει
982 3446 1044 3480 ΒΓ*
1056 3449 1179 3491 Epan.]
1203 3449 1254 3481 ἐκ·

177 3492 325 3536 ποιήσοι
347 3494 419 3526 ML
429 3494 483 3526 ΒΡ
499 3493 615 3527 Procli.
637 3491 650 3536 ΙΙ
679 3493 722 3526 36
747 3488 844 3533 αὐτῷ
870 3492 987 3524 ΡνοοῘι.
1002 3492 1113 3535 Epan.
1138 3493 1151 3538 ss
1175 3490 1259 3527 δέκα

177 3538 367 3579 ἐνιαυτῶν]
393 3534 433 3571 δὲ
457 3536 636 3570 ἐνιαυτῶν
654 3537 702 3570 L¹
734 3535 914 3570 ἐνιαυτῶν
935 3533 1021 3570 δέκα
1044 3537 1093 3570 L³

235 3629 249 3659 1
269 3626 478 3660 fideiussores
494 3626 542 3659 12¹
559 3626 571 3670 ΙΙ
598 3627 618 3660 2
634 3636 711 3669 pars
728 3627 852 3666 tantae]
876 3628 1051 3670 corruptae
1069 3627 1102 3660 T
1108 3627 1119 3648 ¹
1135 3627 1148 3671 ΙΙ
1166 3628 1258 3669 equi-

178 3671 257 3703 tatis
279 3672 329 3704 V¹
347 3672 396 3715 113
421 3673 566 3714 quantae
590 3673 688 3716 vulo]
714 3673 840 3713 quanta
863 3671 969 3705 RVT
983 3672 995 3715 ss
1010 3671 1077 3704 fuit
1102 3673 1228 3716 Tvulq.
1249 3672 1252 3686 ¹

178 3717 255 3759 post
278 3717 359 3750 haec
385 3717 447 3759 2⁷¹]
484 3719 561 3761 post
585 3718 647 3750 hac
671 3715 720 3749 ΕΙ
731 3716 782 3750 1⁷²
816 3718 892 3760 post
914 3716 1000 3749 hano
1023 3715 1111 3750 R²V
1128 3718 1216 3761 vulq.
1247 3671 1260 3761 11

1330 3180 1599 3213 retractationem
1623 3179 1675 3212 ΒΞ
1686 3181 1771 3222 vuly.
1794 3179 1806 3219 ΙΙ
1836 3179 1855 3211 5
1880 3178 2077 3210 restituatur
2100 3178 2230 3222 Rvuly.
2249 3178 2261 3221 ΙΙ
2287 3180 2307 3212 6
2330 3189 2407 3220 pro-

1329 3225 1439 3257 batam
1465 3225 1497 3256 R
1513 3223 1525 3268 ΙΙ
1553 3226 1570 3257 7
1596 3224 1649 3256 his
1676 3224 1727 3256 Τι
1751 3223 1763 3267 ΙΙ
1788 3224 1808 3256 8
1833 3222 1957 3255 laesum
1982 3235 2039 3255 om.
2060 3222 2107 3255 T¹
2138 3225 2314 3264 grauatum
2337 3237 2363 3256 s.
2377 3237 2406 3257 v.

1332 3269 1382 3302 1⁷³
1398 3269 1410 3312 ΙΙ
1437 3270 1478 3303 13
1492 3271 1578 3301 rubr.
1605 3268 1642 3300 Si
1665 3269 1774 3300 minor
1794 3267 1894 3300 XXV
1919 3267 2016 3299 annis
2039 3269 2093 3305 (afi
2110 3267 2155 3309 R,
2179 3274 2195 3301 1-1
2216 3278 2258 3310 an
2273 3269 2344 3310 (sic)
2359 3269 2407 3310 Τ)

1330 3314 1365 3346 111
1390 3314 1559 3355 integrum
1583 3313 1633 3354 (111
1656 3312 1823 3353 integrum
1850 3325 1907 3345 om.
1936 3313 1983 3353 T)
2015 3313 2147 3344 restitui
2171 3312 2272 3354 uelit,
2304 3314 2342 3345 ut
2365 3313 2407 3347 ab

1330 3359 1512 3391 hereditate
1536 3357 1700 3390 abstineat
1724 3358 1795 3390 ΒΤ
1810 3359 1842 3391 in
1861 3370 1963 3400 τηατ-9.
1978 3357 2032 3399 (cf.
2047 3357 2124 3398 Iul.)
2151 3356 2163 3401 ΙΙ
2195 3358 2224 3391 si
2248 3370 2307 3391 om.
2325 3358 2357 3391 T
2363 3358 2374 3378 ¹
2395 3359 2407 3401 ΙΙ

1331 3405 1371 3437 14
1395 3403 1588 3435 deuolutata
1610 3403 1644 3435 R
1667 3402 1679 3446 ΙΙ
1711 3403 1752 3436 16
1776 3402 1862 3434 fiunt
1889 3403 1920 3434 Τ
1939 3403 1950 3444 ΙΙ
1982 3403 2021 3435 21
2049 3401 2174 3434 iudices
2200 3403 2232 3435 T
2252 3402 2264 3446 ΙΙ
2288 3403 2408 3444 degent

1333 3448 1380 3481 T¹
1406 3447 1418 3490 ΙΙ
1443 3448 1485 3480 22
1510 3450 1619 3480 suetas
1644 3446 1693 3481 R¹
1715 3447 1726 3490 ΙΙ
1754 3447 1936 3479 ortationes
1958 3447 2007 3479 V*
2033 3446 2238 3479 hortationes
2259 3447 2310 3481 V²
2328 3447 2340 3492 ΙΙ
2364 3449 2406 3482 23

1330 3493 1433 3524 trium
1457 3492 1635 3524 terminum
1659 3492 1821 3524 mensium
1841 3492 1894 3524 Ta
1911 3490 1923 3534 ΙΙ
1942 3492 1985 3524 24
2001 3491 2198 3532 minoribus]
2222 3492 2258 3524 in
2275 3492 2328 3525 his
2344 3493 2407 3525 mi-

1330 3536 1466 3569 noribus
1492 3537 1608 3579 Τ1125
1634 3536 1800 3570 discedere
1824 3537 1857 3569 R
1872 3537 1884 3578 ΙΙ
1903 3537 1946 3570 26
1971 3537 2005 3567 111
2030 3536 2211 3577 integrum]
2237 3532 2300 3570 11'111’1
2325 3537 2373 3571 T¹
2395 3537 2408 3583 ss
2467 3563 2470 3564 γ

1331 3583 1370 3615 27
1389 3581 1569 3614 hereditati
1587 3581 1638 3614 Τι
1655 3581 1668 3624 ΙΙ
1687 3583 1728 3615 28
1745 3582 1880 3623 quippe]
1905 3591 2006 3622 quin
2027 3581 2076 3613 R¹
2092 3581 2104 3625 ΙΙ
2123 3582 2337 3625 discriptione
2352 3583 2384 3616 T
2396 3586 2407 3626 n

1330 3627 1372 3659 29
1393 3626 1546 3658 subiestis
1562 3627 1594 3658 R
1611 3625 1623 3669 ss
1642 3627 1683 3660 33
1697 3629 1785 3659 rubr.
1811 3627 1858 3658 De
1882 3625 1966 3658 male
1991 3624 2067 3657 fidei
2091 3627 2330 3670 possessoribus
2353 3638 2406 3660 res

1329 3669 1696 3760 igeffisgjffienantibm
1712 3670 1949 3712 (alienantibus
1965 3670 2089 3704 alienas
2106 3673 2151 3714 R)
2175 3672 2244 3706 ΕΤ
2255 3674 2289 3706 in
2302 3685 2404 3717 marq.
