2618 4010
1222 106 1295 154 119

138 122 453 157 onufflm'ms
480 122 728 154 rummeins
1993 110 2101 154 Nov.
2123 109 2243 153 XVII
2273 114 2311 153 3.
2342 116 2368 153 4

1102 290 1104 292 ’
1114 286 1115 289 ’
1125 289 1282 326 CAPUT
1306 289 1371 326 ΙΠ.

180 365 212 407 f:
248 370 366 406 'Eam
389 382 446 404 σοι
465 373 525 403 καὶ
543 372 668 414 τρίτον
692 367 910 415 σπούδασμα
928 369 972 405 τὸ
995 371 1075 405 τῶν
1098 367 1211 404 δικῶν

134 416 225 462 μετὰ
247 415 363 471 πάσηξ
385 412 547 458 ἰσότητος
578 411 799 468 ἄκροὲὶσθαι,
829 415 975 473 ‚calleas-
995 418 1063 460 μὲν
1085 419 1214 470 βραχν-

134 466 237 506 τέρας
259 465 318 496 καὶ
342 472 425 496 σσαι
444 459 600 505 μάλιστα
623 473 701 494 των
720 458 902 495 εὖτελεστε
927 475 980 495 ων
996 462 1087 495 εἰσὶν
1110 474 1132 494 α
1156 473 1215 506 ρα-

135 519 211 554 φως
234 509 377 550 τέμνειν
399 518 439 540 τε
468 508 527 539 καὶ
558 508 694 551 κρίνειν
722 509 781 539 καὶ
805 474 1048 541 ἀπαλλάττειν
1070 473 1215 549 &3906-

1329 369 1383 404 Sit
1414 369 1480 404 tibi
1511 378 1655 414 quoque
1683 368 1830 403 tertium
1862 369 2018 404 studium
2049 370 2132 406 lites
2164 380 2245 406 cum
2274 369 2370 406 omni

1285 415 1465 460 aequitate
1490 413 1623 457 audire,
1646 415 1682 449 et
1705 424 1826 449 omnes
1846 414 1988 459 quidem
2005 416 2185 452 breviores
2203 420 2240 451 et
2261 426 2368 460 quae-

1285 470 1436 504 cumque
1460 459 1611 494 maxime
1634 459 1754 494 vilium
1779 464 1864 494 sunt
1887 469 1931 494 ex
1954 471 2027 495 non
2048 461 2180 506 scripto
2207 461 2370 496 decidere

1285 510 1320 540 et
1342 505 1503 541 iudicare
1535 508 1571 539 et
1599 504 1753 540 liberare
1783 504 1943 539 homines
1968 506 2107 541 alterna
2131 506 2368 546 contentione,

135 563 221 587 πσυς
242 552 304 595 τῆς
326 550 414 596 πρὸς
437 549 604 593 ἀλλήλους
625 550 850 596 φιλονεικίας,
874 555 934 585 καὶ
953 551 1002 596 μὴ
1021 553 1216 599 συγχωρεῖν
1252 554 1271 585 5
1286 556 1321 585 et
1339 561 1412 586 non
1435 550 1640 596 permittere
1658 550 1752 585 ultra
1776 560 1883 595 quam
1904 552 2106 586 continetur
2125 562 2228 586 sacra
2246 555 2370 586 nostra

135 595 262 632 αὐτοὺς
310 596 396 640 ηδὲν
420 598 622 643 περαιτέρω
645 598 724 630 τῶν
757 599 1021 642 περιεχομένων
1050 598 1095 644 τῇ
1127 597 1217 639 θείᾳ
1287 596 1542 631 constitutione
1566 595 1757 631 occasione
1782 596 1980 630 causalium
2011 607 2247 641 expensarum
2271 597 2368 631 dam-

135 640 238 687 ἡμῶν
274 611 435 683 gavassa
469 639 647 687 προφάσει
683 640 907 676 δικαστικῶν
941 639 1215 686 δαπανημάτων
1284 641 1440 684 nificari‚
1474 642 1504 676 si
1527 645 1646 676 tamen
1679 640 1900 676 sufficientes
1929 641 1966 675 in
1990 642 2132 676 datione
2158 642 2367 676 consistunt.

136 688 367 732 ζημιοῦσθαι,
391 688 462 734 εἴγε
484 684 575 720 ὅλως
600 686 715 720 ἱκανοὶ
739 685 831 734 πρὸς
851 685 955 720 δόσιν
978 686 1212 720 καθεστᾶσιν.
1286 687 1455 731 Alioquin
1479 686 1586 721 etiam
1609 687 1721 731 gratis
1745 685 1825 721 lites
1856 686 1981 721 audire
2005 691 2042 721 et
2064 698 2135 721 non
2166 688 2369 730 permittere

135 736 311 779 ε’πείτοιγε
327 736 391 775 ῥκαὶ
412 735 542 779 προῖκα
567 733 643 766 τῶν
666 730 779 766 δικῶν
802 729 1056 777 ἀκροάσασθαι
1079 734 1139 764 καὶ
1167 731 1218 775 μὴ
1285 742 1328 766 ex
1359 732 1580 777 neglegentia
1612 731 1655 767 de
1691 731 1875 776 provincia
1899 731 1956 766 cui
1986 732 2168 777 praesides
2200 732 2246 766 ad
2277 732 2370 767 hanc

135 774 331 826 συγχωρεῖν
355 780 393 811 ἐκ
421 778 604 821 ῥᾳθυμίας
627 776 709 811 τοὺς
739 778 799 820 τῆς
830 778 1001 824 ἐπαρχίας
1032 768 1070 819 ἧς
1100 776 1217 830 ἄρχεις
1232 778 1271 810 10
1287 786 1429 812 currere
1465 777 1717 812 felicissimam
1747 777 1925 812 civitatem
1969 781 2004 812 et
2038 777 2142 812 nobis
2181 777 2370 812 molestum

135 825 183 858 εἰς
213 820 351 867 ταύτην
383 826 522 870 τρέχειν
556 822 624 866 τὴν
658 819 854 866 εὐδαίμονα
891 820 1000 856 πόλιν
1035 824 1094 855 καὶ
1129 822 1217 866 ημᾶς
1285 832 1375 857 esse.
1424 822 1521 857 Scito
1546 832 1698 867 namque
1723 823 1825 867 quia,
1859 823 1890 857 si
1914 823 1994 867 quis
2024 823 2144 857 veniat
2176 826 2211 857 et
2243 822 2369 857 aditio-

136 868 302 911 ἐνοχλεῖν.
348 869 431 903 ἴσθι
455 867 523 915 γὰρ
549 864 614 910 αἱς,
645 867 681 901 εἴ
697 878 750 901 τις
773 865 879 900 ἔλθοι
902 869 962 900 καὶ
989 865 1216 913 προςέλευσιν
1286 877 1366 901 110111
1389 868 1492 902 nobis
1517 867 1646 910 faciat,
1680 872 1715 902 et
1739 878 1761 903 a
1784 868 1886 903 nobis
1910 869 2174 912 interrogatus,
2209 868 2239 903 si
2271 868 2371 913 prius

136 913 218 958 ἡμῖν
242 913 445 958 ποιήσαιτο,
470 917 529 947 καὶ
553 925 605 948 πα
635 909 644 923 ³
670 909 775 956 ἡμῶν
797 911 1045 959 ἐρωτώμενος,
1075 912 1107 945 εἰ
1130 909 1216 957 πρό·
1286 916 1322 946 16
1346 912 1452 954 adiit,
1484 913 1611 948 deinde
1641 913 1737 948 dicat
1769 918 1805 948 te
1828 914 1947 953 adisse
1977 918 2012 948 et
2036 913 2131 958 quod
2159 914 2294 948 iustum
2317 916 2373 947 est

135 957 240 1004 τερόν
264 971 319 994 σοι
342 957 556 1004 προςῆλθεν,
587 972 603 993 ε
617 971 665 992 τα
693 956 815 1003 φήσειε
837 960 897 990 καὶ
920 956 1134 1004 προςελθεῖν
1156 959 1217 990 καὶ
1285 967 1358 992 11011
1381 958 1592 1002 impetrare,
1617 962 1655 993 et
1678 959 1746 994 hoc
1770 968 1892 994 verum
1914 959 2150 1002 inveniamus,
2181 959 2221 994 in
2251 964 2287 994 te
2316 959 2370 993 in-

135 1007 198 1038 τοῦ
221 1003 358 1039 δικαίου
381 1003 430 1048 μὴ
448 1007 576 1046 τυχεῖν,
601 1005 660 1036 καὶ
683 1004 790 1036 τοῦτο
813 999 946 1046 ἀληθὲς
970 999 1144 1050 εὕροιμεν,
1169 1003 1217 1036 εἰς
1234 1006 1271 1037 15
1286 1002 1526 1045 dignationem
1563 1008 1820 1039 convertemus.
1880 1004 1942 1039 Sin
1984 1015 2068 1039 vero
2111 1014 2193 1039 cum
2228 1008 2265 1039 te
2298 1014 2372 1039 non

136 1053 176 1083 σὲ
205 1050 273 1093 τὴν
298 1048 543 1097 ἀγανάκτησιν
570 1051 758 1093 τοέψομεν.
807 1049 853 1081 Εἰ
910 1051 1007 1082 ἐντοι
1035 1047 1085 1091 μὴ
1113 1059 1215 1094 προς-
1285 1048 1423 1089 adierit,
1448 1048 1569 1083 venire
1592 1049 1639 1083 ad
1663 1049 1795 1093 regiam
1819 1049 1913 1085 hanc
1943 1049 2226 1095 praesumpserit
2250 1049 2371 1084 civita-

136 1093 262 1129 ελθών
293 1107 351 1129 σοι
382 1081 655 1151 παραγενέσθαι
677 1094 722 1140 τῇ
747 1062 909 1137 βασιλίδῖ
940 1091 1052 1140 ταύτῃ
1076 1091 1214 1139 θαρρή-
1284 1096 1372 1137 16111,
1410 1097 1446 1128 61
1480 1094 1700 1129 remittemus
1732 1104 1812 1129 eum
1843 1106 1924 1131 cum
1957 1095 2053 1131 omni
2086 1095 2308 1130 correctione
2337 1097 2372 1129 et

137 1153 210 1174 σειε
240 1138 362 1181 πόλει,
392 1143 451 1174 καὶ
475 1141 748 1183 αντιπέμψομεν
771 1135 883 1180 αὐτὸν
913 1137 981 1172 σὺν
1013 1136 1216 1183 ἐπιτιμήσει
1284 1147 1496 1183 responsum
1521 1149 1593 1174 non
1618 1139 1792 1175 dabimus.
1828 1181 1830 1184 ι

137 1184 234 1233 πάσῃ
259 1189 318 1227 καὶ
342 1184 563 1232 ἀποκρίσεως
585 1180 626 1217 οὗ
649 1181 919 1228 μεταδώσομεν.
1310 1212 1313 1214 ,

1127 1296 1283 1332 CAPUT
1316 1297 1377 1333 IV.

153 1371 252 1431 (ιζ)κ
282 1376 431 1432 Ἔπειτα
459 1376 636 1422 προςῆκόν
666 1378 745 1411 ἐστι
775 1388 814 1410 σε
839 1378 899 1410 καὶ
929 1375 1012 1410 τοὺς
1043 1377 1219 1412 ἐντεῦθεν
1232 1380 1274 1412 20
1332 1376 1470 1412 Deinde
1494 1380 1699 1421 competens
1723 1380 1778 1413 est
1801 1381 1839 1414 te
1859 1379 1966 1413 etiam
1991 1379 2074 1414 hinc
2093 1379 2275 1415 venientes
2300 1379 2373 1414 sive

136 1434 340 1477 ‹poa‘cwwras
359 1424 431 1457 εἶτε
444 1421 722 1469 μαγιστριανοὺς
739 1422 810 1456 εἴτε
829 1421 868 1462 ἐξ
886 1419 1099 1464 οἱουδήποτε
1117 1420 1216 1456 δικα-

136 1473 561 1523 στηρίουιμητσνγχΙωρειν
583 1464 721 1502 ἀδικεῖν
735 1465 826 1512 μηδὲ
848 1464 1114 1514 ὑπερπράττειν
1136 1466 1218 1502 τοὺς

136 1517 321 1560 ημετέρους
344 1525 534 1556 υπηκοους·
566 1510 647 1547 ἀλλ’
671 1513 707 1547 εἴ
724 1524 778 1547 τις
800 1512 995 1558 προςέλθοι
1017 1511 1160 1548 τοιοῦτό
1180 1526 1217 1547 τι

135 1558 375 1606 μεμφόμενος,
398 1558 516 1602 τούτῳ
541 1562 602 1592 καὶ
625 1557 805 1598 ἐπεξιέναι
828 1561 888 1592 καὶ
910 1557 952 1592 τὸ
976 1555 1127 1601 ἀζήμιον
1157 1556 1216 1592 αὖ·

1286 1423 1536 1466 magistrianos
1573 1423 1646 1457 sive
1682 1433 1726 1458 ex
1761 1424 1920 1468 quolibet
1955 1424 2035 1460 foro
2066 1435 2138 1460 non
2168 1425 2373 1470 permittere

1286 1468 1430 1503 laedere
1462 1479 1528 1503 nec
1553 1469 1802 1513 superexigere
1834 1473 1976 1505 nostros
2001 1470 2192 1506 subiectos.
2242 1470 2312 1505 Sed
2344 1470 2375 1504 si

1286 1514 1365 1558 quis
1390 1514 1517 1548 adierit
1547 1515 1620 1548 tale
1644 1514 1779 1559 aliquid
1802 1517 1969 1559 questus,
2001 1515 2071 1550 hoc
2107 1518 2145 1551 et
2180 1516 2307 1560 exequi
2339 1519 2375 1550 et

1286 1559 1554 1594 indemnitatem
1570 1559 1603 1594 ei
1620 1570 1827 1604 procurare,
1852 1565 1888 1595 et
1907 1571 2023 1605 neque
2041 1561 2245 1606 permittere
2266 1561 2375 1595 alicui

135 1608 208 1640 τοῖς
239 1607 450 1652 περιποιεῖν,
482 1607 543 1638 καὶ
572 1602 664 1657 μηδὲ
695 1606 891 1650 συγχωρεῖν
921 1617 995 1638 τινι
1030 1616 1216 1658 προτεινο-
1230 1606 1272 1639 25
1286 1604 1486 1649 proferenti
1510 1607 1704 1649 praecepta
1722 1606 1978 1651 cuiuscumque
2001 1607 2071 1641 fori
2090 1607 2194 1647 (haec
2212 1606 2375 1641 videlicet

135 1655 233 1704 μένῳ
264 1647 468 1696 προςτάξεις
497 1647 708 1692 οἷονδηποτε
736 1647 967 1694 δικαστηρίου
997 1651 1145 1691 (ταυτας
1175 1647 1220 1692 δὴ

136 1707 198 1730 τας
229 1695 268 1736 ἐξ
296 1696 404 1730 ἔθους
424 1693 607 1748 φοιτώσας
636 1691 756 1729 ὁλκιῦν
786 1707 827 1728 τε
853 1692 984 1729 ὕδατος
1014 1696 1136 1728 ἕνεκεν
1159 1697 1218 1728 καὶ

138 1740 294 1785 λιμένων
324 1744 384 1778 καὶ
415 1738 675 1794 οδοστρωοιῶν
696 1742 756 1774 καὶ
783 1740 950 1792 γεφυραξν
974 1742 1034 1773 καὶ
1067 1736 1219 1774 εἰκόνων

136 1790 196 1821 καὶ
219 1787 350 1828 τειχῶν
374 1789 433 1819 καὶ
461 1786 667 1830 οἰκημάτων
695 1796 946 1831 καταστροφης
970 1782 1018 1819 ebs
1047 1787 1086 1819 ἐν
1111 1783 1216 1830 δημο-

1289 1660 1379 1694 quae
1400 1650 1616 1685 sollemniter
1636 1650 1836 1695 diriguntur
1859 1651 2054 1687 formarum
2073 1656 2109 1687 et
2129 1662 2244 1696 aquae
2267 1661 2375 1687 causa

1289 1700 1325 1730 et
1353 1700 1522 1741 portuum
1553 1699 1590 1731 et
1621 1696 1788 1731 itinerum
1822 1697 2093 1732 sternendorum
2123 1701 2160 1732 et
2182 1697 2374 1742 imaginum

1288 1744 1324 1776 et
1354 1751 1538 1776 murorum
1572 1746 1609 1776 et
1639 1741 1809 1776 domuum
1846 1742 2101 1778 destructionis
2125 1746 2308 1787 tamquam
2337 1742 2375 1778 in

1287 1786 1432 1830 publico
1456 1787 1577 1822 factae
1597 1789 1634 1822 et
1653 1787 1803 1822 aliorum
1821 1788 1959 1830 talium)
1981 1788 2211 1824 damnificare
2230 1791 2374 1824 nostros

137 1836 212 1877 ‹riq›v
229 1830 332 1885 τρπῳ
355 1834 577 1885 γινομένων,ν
602 1833 662 1865 καὶ
692 1830 826 1885 ἑτέρων
851 1829 1043 1871 τοιούτων)
1068 1832 1219 1874 ζημιοῦν
1232 1833 1274 1865 30
1288 1831 1481 1867 subiectos.
1536 1831 1620 1868 Non
1651 1832 1744 1867 enim
1776 1833 1938 1868 volumus
1970 1843 2036 1868 1160
2068 1844 2134 1878 per
2156 1834 2264 1868 talem
2289 1843 2374 1868 cau-

136 1877 217 1912 froin.-
247 1879 433 1922 ημετέρους
463 1888 649 1919 υπηκοονς.
696 1888 736 1910 ου
771 1874 838 1922 γὰρ
872 1874 1085 1920 βουλόμεθα
1135 1874 1219 1910 οὐδὲ

138 1925 229 1957 κατὰ
255 1921 427 1965 τοιαύτην
450 1920 635 1967 πρόφασιν
675 1918 849 1965 οὐδεμίαν
873 1918 991 1955 αὐτοῖς
1013 1918 1219 1968 ἐπάγεσθαι

139 1970 280 2020 ζημίαν.
325 1964 447 2001 Αὐτὸς
469 1965 509 2001 δὲ
539 1963 715 2001 ἁπάντων
742 1964 886 2000 τούτων
909 1965 1133 2014 προνοήσεις,
1149 1969 1215 2022 ’ζη-

1289 1887 1365 1912 sam
1397 1877 1508 1912 ullum
1532 1877 1582 1913 eis
1606 1877 1732 1913 inferri
1765 1877 1942 1914 damnum.
1992 1879 2075 1923 Ipse
2103 1890 2185 1914 vero
2219 1879 2375 1914 omnium

1287 1922 1414 1957 horum
1438 1923 1639 1968 providebis
1665 1923 1741 1958 sine
1766 1923 1894 1959 damno
1920 1924 2016 1959 omni
2040 1928 2189 1969 gestum.
2234 1924 2271 1959 Si
2295 1924 2374 1969 quis

1286 1970 1424 2012 autern,
1449 1968 1507 2003 cui
1530 1969 1603 2003 tale
1627 1968 1768 2013 aliquid
1785 1969 1922 2005 iussum
1955 1973 2028 2014 est,
2060 1970 2197 2013 veniat,
2232 1969 2373 2005 omniuo

137 2017 220 2058 μίας
248 2025 395 2048 απαντα
424 2009 599 2059 πράττων
621 2015 739 2059 χωρίς.
786 2012 832 2045 Εἰ
865 2009 907 2045 δέ
934 2024 988 2046 τις
1014 2013 1158 2046 τοιοῦτο
1184 2026 1221 2047 τι

139 2060 443 2110 προςτεταγμένος
466 2056 590 2100 ἔλθοι,
624 2055 812 2092 παντελῶς
840 2054 880 2090 οὗ
906 2057 1080 2104 προςέξεις
1113 2053 1224 2102 αὐτῷ,
1239 2061 1280 2094 35

271 2171 336 2206 ΠΙ.
386 2170 545 2206 Tertium
562 2181 707 2216 quoque
728 2169 793 2206 tibi
807 2169 965 2206 studium
985 2175 1074 2213 esto,
1099 2175 1139 2206 ut
1158 2181 1288 2206 causas
1306 2182 1385 2207 cum
1409 2172 1507 2207 omni
1527 2172 1712 2217 aequitate
1727 2183 1941 2219 coqnoscas,
1966 2184 2011 2209 ac
2030 2174 2213 2210 breviores
2231 2174 2374 2219 quidem

138 2221 174 2253 et
189 2227 434 2263 quaecumque
450 2216 682 2262 potissimum
702 2226 751 2251 eoe
767 2214 963 2251 levioribus
980 2220 1066 2250 sunt
1083 2216 1162 2251 sine
1181 2216 1319 2262 scripto
1343 2216 1540 2262 praecidas
1559 2222 1596 2251 et
1614 2216 1789 2253 diiudices
1815 2228 1859 2253 ac
1877 2218 2006 2254 liberes
2028 2218 2189 2254 homines
2208 2231 2231 2254 a
2249 2224 2374 2254 mutua

139 2262 377 2303 contentione,
396 2271 467 2296 nec
484 2261 694 2307 permittas,
717 2264 759 2295 ut
782 2260 881 2295 ultra
905 2271 965 2300 ea,
991 2271 1085 2305 quae
1107 2271 1215 2295 sacra
1239 2263 1366 2295 nostra
1390 2261 1648 2296 constitutione
1671 2263 1916 2305 continentur,
1947 2263 2173 2299 iudicialium
2195 2275 2374 2310 expensa-

139 2318 219 2342 rum
243 2306 387 2341 nomine
409 2305 486 2341 ullo
511 2304 642 2339 damno
676 2304 903 2355 afficiantur,
933 2305 968 2338 si
991 2304 1110 2339 uidem
1134 2304 1279 2339 omnino
1303 2305 1426 2340 idonei
1449 2305 1498 2340 ad
1529 2305 1713 2341 dationem
1744 2312 1847 2342 sunt:
1879 2308 2022 2354 alioqui
2043 2313 2080 2344 et
2102 2310 2221 2354 qratis
2243 2320 2375 2344 causas

140 2361 341 2398 coqnoscas
367 2360 433 2386 nec
459 2359 531 2395 per
553 2348 761 2384 socordiam
777 2349 941 2393 patiaris
996 2348 1132 2384 omines
1154 2360 1204 2384 eoe
1221 2350 1418 2396 provincia
1446 2351 1507 2385 cui
1523 2361 1657 2396 praees
1679 2351 1730 2386 ad
1752 2351 1847 2387 hanc
1867 2353 2014 2398 felicem
2034 2354 2158 2388 urbem
2181 2364 2375 2390 accurrere

140 2401 175 2432 et
198 2395 302 2432 nobis
324 2395 472 2441 neqotia
492 2394 686 2439 facessere.
736 2392 840 2428 Scias
870 2394 982 2435 enim,
1013 2393 1046 2428 si
1077 2393 1160 2439 quis
1182 2394 1321 2430 venerit
1349 2399 1385 2429 et
1406 2394 1509 2430 aditu
1532 2395 1582 2430 ad
1607 2390 1689 2430 nos‘
1705 2395 1792 2431 dato
1817 2408 1840 2431 a
1864 2397 1968 2432 nobis
1989 2398 2257 2445 interroqatus‚
2288 2410 2374 2433 num

139 2442 245 2488 prius
266 2445 299 2475 te
322 2440 546 2480 convenerit,
571 2449 610 2474 se
632 2442 668 2474 et
691 2437 811 2473 adisse
833 2441 867 2473 te
890 2437 988 2473 dicat
1010 2449 1076 2474 nac
1100 2449 1183 2474 vero
1209 2438 1265 2473 ius
1288 2439 1520 2485 impetrasse,
1543 2439 1653 2486 idque
1679 2451 1799 2476 verum
1820 2452 1897 2477 esse
1919 2443 2161 2489 reperiamus,
2186 2454 2254 2479 nos
2277 2445 2316 2478 in
2341 2448 2374 2479 te

140 2485 219 2521 indi
243 2486 426 2520 nationem
457 2495 533 2520 esse
557 2493 805 2519 conversuros.
852 2481 894 2518 Si
917 2494 1002 2518 vero
1034 2486 1067 2518 te
1097 2494 1173 2518 non
1197 2489 1371 2519 convento
1396 2485 1446 2519 ad
1475 2484 1569 2519 lianc
1599 2486 1737 2531 reqiam
1761 2486 1886 2522 urbem
1911 2487 2081 2523 accedere
2105 2499 2216 2523 ausus
2241 2488 2307 2532 sit,
2340 2493 2375 2524 et

140 2542 213 2567 rem
232 2534 359 2566 ttemus
383 2541 462 2565 eum
486 2540 566 2565 cum
592 2528 690 2564 omni
712 2527 991 2576 reprehensione
1014 2538 1080 2563 nec
1102 2539 1315 2575 responsum
1336 2529 1369 2564 ei
1392 2530 1644 2576 impertiemus.

251 2615 254 2617 ·
274 2597 335 2634 1V.
387 2596 474 2632 Tum
494 2608 568 2644 par
591 2599 645 2632 est
670 2600 703 2632 te
725 2607 771 2632 ne
793 2596 867 2631 illis
886 2595 1029 2642 quidem
1053 2595 1117 2641 qui
1137 2594 1221 2631 hinc
1244 2600 1446 2632 commeant
1463 2598 1539 2633 sive
1558 2598 1812 2645 maqistrianis
1833 2601 1908 2636 sive
1927 2600 1977 2636 ad
1996 2601 2181 2647 quodlibet
2202 2601 2373 2637 iudicium

135 2641 403 2691 pertinentibus
418 2642 623 2684 concedere,
647 2646 689 2676 ut
711 2641 874 2676 subditos
890 2641 1025 2677 iniuria
1044 2641 1217 2686 afficiant
1235 2646 1301 2677 aut
1322 2641 1421 2677 ultra
1436 2642 1581 2677 modum
1603 2645 1776 2690 exiqant:
1798 2646 1863 2681 sed
1877 2646 1910 2680 si
1929 2646 2011 2692 quis
2031 2647 2183 2683 accedat
2199 2647 2271 2682 tale
2285 2647 2375 2693 quid

141 2691 327 2730 incusans,
362 2687 456 2723 illud
481 2692 519 2723 et
539 2686 716 2734 persequi
746 2691 782 2722 et
809 2686 1078 2722 indemnitatem
1110 2686 1155 2720 iis
1183 2690 1399 2732 praestare,
1434 2698 1478 2722 ac
1509 2698 1554 2724 ne
1582 2689 1756 2725 mandata
1787 2690 1931 2736 quidem
1964 2691 2218 2738 cuiuscumque
2247 2692 2376 2727 iudicii

139 2733 392 2782 praetendenti
415 2733 584 2779 cuiquam
609 2736 666 2773 (ea
689 2731 838 2774 scilicet,
863 2743 957 2777 quae
977 2742 1026 2767 ex
1047 2731 1305 2766 consuetudine
1328 2732 1520 2768 mittuntur
1539 2738 1576 2769 et
1594 2745 1712 2780 aquae
1736 2734 1906 2771 ductuum
1926 2740 1963 2772 et
1976 2742 2154 2783 portuum
2174 2742 2210 2773 et
2233 2738 2372 2773 viarum

139 2778 414 2816 sternendarum
438 2783 474 2814 et
496 2778 667 2830 pontium
691 2782 727 2813 et
754 2778 951 2823 imaqinum
975 2782 1010 2812 et
1033 2787 1218 2811 murorum
1244 2781 1280 2812 et
1306 2776 1555 2823 aedificiorum
1578 2778 1879 2816 destruendorum
1901 2786 1943 2817 ut
1973 2793 2068 2828 quae
2095 2783 2135 2817 in
2167 2782 2249 2818 loco
2276 2782 2371 2829 pub-

141 2825 211 2860 lico
233 2827 370 2865 extent,
395 2827 431 2860 et
454 2823 611 2859 aliorum
635 2822 811 2858 eiusmodi
833 2825 969 2864 causa),
993 2826 1035 2857 ut
1058 2821 1190 2856 damno
1214 2826 1360 2857 nostros
1382 2822 1546 2858 subditos
1566 2824 1723 2870 afficiat,
1746 2826 1966 2871 permittere.
2014 2827 2141 2874 Neque
2162 2828 2256 2864 enim
2274 2828 2373 2863 volu-

140 2881 219 2905 mus
236 2881 281 2905 ne
304 2868 511 2905 huiusmodi
533 2868 675 2914 quidem
693 2872 896 2913 praetextu
919 2867 1031 2901 ullum
1056 2866 1224 2901 damnum
1249 2866 1322 2902 illis
1345 2867 1489 2913 inferri.
1538 2868 1624 2915 Ipse
1647 2881 1732 2905 vero
1759 2871 1922 2907 omnibus
1946 2871 2002 2907 leis
2024 2873 2235 2919 prospicies
2257 2873 2310 2909 ita
2334 2877 2375 2908 ut

140 2916 217 2950 sine
236 2914 367 2949 dantno
388 2914 508 2949 omnia
532 2925 633 2960 aqas.
671 2913 714 2947 Si
729 2912 810 2958 quis
824 2923 908 2947 vero
926 2923 1005 2947 cum
1025 2911 1201 2947 eiusmodi
1219 2911 1391 2947 mandato
1413 2913 1542 2956 veniat,
1566 2915 1712 2950 omnino
1734 2916 1914 2951 rationem
1935 2918 2012 2953 eius
2028 2929 2103 2952 non
2122 2918 2278 2961 habebis,
2303 2919 2374 2954 uisi

189 3032 203 3063 1
233 3031 258 3062 Γ
279 3030 406 3062 notavit
422 3029 451 3061 L
467 3026 479 3072 11
499 3029 518 3061 2
538 3025 602 3060 τὰς
620 3027 699 3070 μὲν]
725 3038 837 3060 omnes
861 3026 994 3068 quidem
1019 3038 1038 3063 ς
1056 3025 1069 3070 11
1086 3028 1104 3060 3
1129 3022 1221 3059 εὖτε-

143 3073 217 3107 λῶν
241 3073 291 3106 ΒΓ
306 3072 318 3117 11
334 3076 354 3108 6
379 3074 588 3117 παραιτέρω
611 3072 656 3104 L²
675 3071 687 3116 11
705 3076 721 3106 7
749 3069 920 3112 διατάξει]
951 3072 1027 3105 Cod.
1041 3073 1071 3109 3.
1086 3079 1114 3112 2,
1128 3080 1144 3105 5
1166 3073 1220 3114 (cfi

144 3120 309 3162 Krueqeri
330 3120 408 3159 not.)
427 3118 439 3161 11
460 3120 490 3151 11
521 3117 636 3150 ταῦτα
654 3118 700 3150 L¹
717 3117 729 3162 11
747 3118 885 3160 τρέχεισ
909 3117 955 3150 M
955 3119 974 3137 α
992 3116 1004 3160 11
1019 3114 1086 3158 τὴν
1106 3111 1220 3149 εὐδαί-

142 3176 236 3207 μονα
259 3161 367 3197 πόλιν
391 3162 514 3196 0711.Βο
528 3163 540 3205 11
562 3163 601 3196 12
627 3161 764 3195 ἴσθί-
781 3165 820 3196 16
844 3163 1025 3207 τρέψομεν
1045 3174 1103 3195 om.
1120 3162 1185 3194 BL
1209 3162 1221 3204 11

148 3212 185 3242 13
211 3206 424 3251 *ποιήσοιτο
449 3206 519 3251 Mn
538 3209 578 3241 16
602 3209 737 3249 μέντοι]
762 3204 804 3240 δέ
824 3217 878 3240 τις
902 3207 970 3239 BL
988 3206 1000 3250 11
1021 3209 1058 3240 17
1084 3203 1222 3247 ταύτην

145 3255 190 3288 L¹
220 3254 232 3297 11
266 3256 303 3287 18
341 3250 443 3288 πόλις
467 3252 515 3285 L²
544 3251 556 3293 11
583 3254 626 3285 20
654 3255 706 3293 σε]
730 3264 786 3285 σοι
811 3252 845 3285 Β
873 3251 885 3294 11
914 3253 957 3286 24
988 3249 1107 3294 τούτῳ
1131 3252 1220 3291 ΜΒ]

143 3300 250 3333 τοῦτο
274 3300 306 3333 L
335 3297 347 3342 11
379 3299 421 3332 24
446 3293 576 3337 αὐτοῖς]
603 3297 633 3330 ei
653 3309 672 3333 ς
696 3296 796 3339 αὐτῷ
819 3297 1005 3330 Zachariae
1027 3296 1040 3340 11
1067 3299 1108 3331 25
1132 3293 1222 3339 μηδὲ

147 3346 192 3378 M
209 3346 239 3385 ς]
260 3342 310 3387 μὴ
332 3343 401 3376 BL
427 3342 439 3387 11
463 3344 506 3377 28
529 3337 758 3375 ὁδοστασιῶν
783 3342 830 3375 L¹
852 3341 864 3386 11
889 3343 949 3375 καὶ
971 3342 1138 3388 γεφυρῶν
1163 3355 1220 3375 om.

145 3402 164 3426 ς
192 3389 204 3433 11
223 3392 276 3423 -30
299 3385 415 3423 τόπον
435 3389 483 3428 L,
516 3384 620 3429 τόπῳ
646 3400 703 3420 om.
731 3399 750 3424 ς
779 3387 790 3430 11
821 3387 944 3431 ἕτερον
966 3385 1131 3420 τοιούτον
1156 3387 1187 3420 L
1211 3386 1222 3430 11

146 3437 187 3468 33
220 3431 336 3475 αὐτὸς]
373 3430 498 3466 αὐτοὺς
529 3433 578 3465 B⁶
605 3431 609 3474 1
653 3432 762 3474 ζημία
792 3432 839 3465 L¹
865 3430 878 3476 11
908 3434 951 3465 34
987 3429 1162 3478 πράττων
1195 3432 1221 3464 L

145 3481 200 3523 (cf.
230 3482 276 3522 ς)]
307 3477 479 3523 πράττειν
503 3478 579 3511 ΜΒ
643 3480 684 3511 35
709 3478 1015 3523 προστεταγμένοι
1040 3478 1086 3510 L¹

195 3616 209 3649 1
235 3615 280 3647 sit
300 3613 364 3647 tibi
388 3623 520 3656 quoque
546 3614 592 3645 bis
604 3611 727 3645 scr.I›3¹
747 3610 796 3655 113
820 3611 955 3644 utilium
980 3613 1059 3646 sunt
1083 3622 1122 3645 ex
1145 3623 1223 3645 con-

148 3659 270 3702 scripto
293 3659 448 3691 decedere
471 3658 516 3691 R¹
545 3656 558 3702 11
589 3660 607 3691 5
641 3657 842 3699 permittere]
867 3656 953 3688 nihil
977 3658 1029 3690 υεὶ
1050 3657 1086 3690 111
1110 3657 1223 3699 aliquo

152 3705 227 3739 add.
252 3705 334 3748 vulq.
351 3705 364 3748 11
382 3714 473 3737 sacra
497 3703 732 3735 constitutione
756 3704 867 3735 nostra
892 3703 923 3735 R
946 3703 958 3745 11
984 3704 1001 3736 7
1029 3702 1068 3744 si]
1094 3704 1137 3736 sit
1160 3704 1192 3736 R
1213 3703 1223 3747 11

1292 3029 1422 3058 tantum
1446 3026 1571 3060 RV¹O
1601 3027 1614 3069 11
1641 3029 1823 3062 consistant
1847 3031 1879 3063 R
1903 3032 1987 3074 only.
2016 3031 2028 3074 ΙΙ
2059 3034 2080 3066 8
2112 3032 2222 3072 etiam]
2254 3034 2287 3064 et
2312 3033 2345 3065 T
2362 3031 2374 3077 11

1293 3073 1313 3104 9
1339 3071 1420 3103 *cui
1443 3072 1620 3114 praesides]
1645 3072 1787 3106 alicuius
1810 3076 1969 3117 praesidis
1988 3077 2063 3110 libri
2081 3076 2093 3117 11
2113 3079 2151 3110 10
2177 3087 2373 3110 concurrere

1300 3117 1334 3149 V
1353 3115 1365 3159 11
1386 3117 1555 3149 ciuitatem
1580 3117 1800 3151 felicissimam
1828 3121 1856 3153 O
1877 3121 1889 3163 11
1918 3123 1956 3155 11
1981 3121 2045 3153 sito
2065 3122 2100 3154 R
2115 3123 2126 3165 11
2145 3122 2292 3154 aditione
2313 3121 2364 3167 V}

1294 3163 1333 3195 13
1346 3161 1435 3193 dicat
1447 3172 1480 3194 se
1492 3164 1524 3194 te
1535 3162 1568 3195 V
1579 3162 1591 3205 11
1611 3163 1650 3196 14
1666 3164 1856 3205 impetrasse
1868 3166 1952 3209 vulq.
1967 3166 1978 3209 11
1994 3169 2032 3199 15
2047 3168 2271 3199 conuertimus
2282 3166 2343 3200 VT
2361 3173 2364 3203 ῑ

1290 3207 1341 3239 sin
1364 3207 1409 3247 R]
1434 3207 1462 3238 si
1483 3206 1516 3240 V
1532 3208 1619 3250 vuly.
1638 3206 1651 3251 11
1671 3209 1708 3242 16
1733 3209 1849 3241 adiee-
1878 3211 1926 3244 V¹
1944 3211 1956 3253 11
1977 3213 2013 3244 17
2039 3212 2246 3254 correptione
2271 3212 2336 3245 OT
2361 3212 2373 3256 11

1292 3253 1334 3285 20
1367 3252 1421 3284 hic
1445 3252 1478 3285 R
1509 3250 1521 3296 11
1548 3252 1707 3285 ueniente
1735 3254 1781 3286 [2²
1807 3254 1819 3298 11
1850 3256 1889 3289 21
1924 3256 2154 3297 magistrianos
2179 3257 2372 3297 Heimbacli]

1290 3296 1506 3338 magistriano
1543 3297 1780 3339 (magistraano
1803 3299 1867 3340 113¹)
1903 3301 1973 3334 ΕΤ
2002 3302 2152 3342 magistri
2187 3312 2320 3335 annone
2346 3302 2382 3336 V

1291 3352 1330 3374 ex
1357 3342 1590 3383 magisteriano
1610 3343 1697 3386 vulq.
1718 3344 1787 3387 1122
1812 3344 1942 3378 laedere
1965 3359 2022 3379 om.
2045 3346 2078 3378 R
2093 3345 2105 3390 11
2125 3348 2166 3380 23
2191 3348 2271 3389 qui·
2291 3347 2339 3381 V·
2362 3350 2375 3393 11

1290 3386 1411 3420 adierit
1435 3400 1493 3420 om.
1516 3387 1574 3427 12²,
1604 3387 1750 3421 audierit
1775 3391 1806 3422 in
1831 3403 1892 3434 my.
1914 3391 1965 3423 R²
1993 3389 2005 3435 11
2031 3391 2112 3424 haec
2134 3392 2168 3425 V
2187 3393 2199 3435 11
2229 3394 2274 3427 24
2296 3402 2373 3435 pro-

1291 3432 1401 3464 curari
1424 3432 1559 3465 RVTO
1586 3432 1599 3476 11
1628 3434 1669 3466 25
1702 3435 1902 3476 praeferenti
1923 3436 1958 3469 V
1980 3435 2169 3478 proferente
2190 3437 2242 3470 R·
2271 3437 2283 3481 11
2311 3439 2373 3470 1100

1292 3477 1340 3509 12¹
1359 3476 1371 3520 11
1388 3478 1429 3510 26
1452 3477 1630 3510 formarum
1655 3479 1906 3519 etflormarum
1926 3481 2025 3512 etiam
2045 3483 2143 3524 vuly„
2168 3482 2229 3526 leq.
2250 3485 2284 3516 et
2306 3485 2373 3516 for-

1292 3532 1419 3553 marum
1431 3521 1447 3553 ⁸?
1465 3520 1476 3565 11
1495 3522 1640 3564 aquaV¹
1657 3522 1670 3566 11
1686 3526 1725 3557 2ῖ
1742 3527 1774 3556 61
1788 3526 1959 3566 itinerum]
1974 3528 2007 3558 et
2022 3539 2080 3559 om.
2092 3526 2146 3572 711
2164 3529 2206 3561 28
2226 3528 2373 3562 destrue-

1292 3567 1408 3606 tionis]
1433 3566 1470 3598 in
1489 3567 1768 3601 destructionibus
1781 3570 1829 3601 [ι’ι
1845 3569 1857 3614 11
1877 3572 1918 3603 29
1944 3571 2104 3604 metarum
2121 3574 2207 3616 vuly.
2227 3572 2239 3618 11
2256 3575 2293 3607 31
2322 3575 2373 3606 in-

1293 3612 1378 3644 ferre
1399 3612 1432 3645 V
1453 3610 1466 3656 11
1498 3613 1538 3646 32
1569 3613 1659 3645 omni
1683 3616 1822 3655 gestum]
1850 3614 1891 3646 al.
1921 3617 1954 3648 et
1983 3617 2074 3649 omni
2098 3620 2236 3659 quaestu
2262 3619 2309 3652 R2
2341 3620 2374 3653 in

1293 3669 1372 3709 ωας
1388 3657 1459 3709 oley.
1476 3657 1586 3709 omnia
1599 3659 1776 3699 gesturus?
1794 3659 1806 3702 11
1823 3661 1864 3694 33
1884 3660 1950 3694 tale
1965 3666 2075 3696 autem
2087 3663 2151 3697 foui
2171 3663 2299 3706 aliquid
2317 3665 2347 3699 V
2364 3664 2375 3709 11

1293 3702 1414 3745 aliquis
1438 3702 1487 3736 Ra
1502 3702 1514 3749 11
1533 3712 1642 3736 uisum
1665 3704 1712 3739 V²
