2618 4010
191 167 283 201 NON
312 166 494 200 namur
522 166 671 198 Aunno
702 135 853 199 ANuLo
1261 151 1347 198 387
1933 153 2041 196 Nov.
2074 151 2292 195 LXXVIII
2322 155 2359 193 4.
2394 156 2417 193 5

193 269 254 312 τῆς
270 266 473 314 ἐλευθερίας
490 265 699 313 φιλοτιμίαν
715 263 996 312 ἀποτελέσομεν·
1013 266 1097 311 ἡμῖν
1114 265 1153 301 δὲ
1169 268 1270 302 πᾶσα
1339 265 1424 300 tatis
1448 264 1649 310 largitatem
1674 263 1859 300 efficimus.
1908 264 2022 301 Nobis
2046 267 2165 300 autem
2195 273 2297 299 omne
2321 264 2419 298 extat

194 314 397 357 καθέστηκε
410 310 548 355 σπουδὴ
560 312 623 347 τὰς
634 310 840 358 ἐλευθερίας
852 317 999 360 κρατεῖν
1016 327 1054 347 τε
1068 316 1127 347 καὶ
1140 312 1273 355 ἰσχύειν
1342 310 1500 346 studium
1519 309 1714 347 subsistere
1730 310 1913 346 libertates
1930 313 2042 355 atque·
2050 310 2172 346 'valere
2191 313 2226 345 et
2241 309 2278 344 in
2295 312 2419 345 nostra

194 362 254 393 καὶ
277 361 316 393 ἐν
341 360 387 406 τῇ
410 355 502 392 καθ’
530 354 617 401 ἡμᾶς
642 355 775 392 ἀνθεῖν
806 372 846 392 τε
873 362 933 393 καὶ
958 356 1184 400 αι’-ξάνεσθαι
1209 371 1272 393 πο-
1340 355 1468 392 florere
1493 359 1528 392 et
1551 356 1674 400 augeri
1697 356 1890 401 republica.
1928 357 2070 392 Etenim
2095 356 2201 391 huius
2227 365 2337 390 causa
2357 354 2417 389 de-

195 403 320 448 λιτείᾳ.
367 402 518 451 καὶγὰρ
548 401 592 447 δὴ
614 401 745 447 ταύτης
769 405 874 438 ἕνεκα
907 405 967 448 τῆς
992 405 1189 448 ἐπιθυμίας
1212 407 1272 437 καὶ
1342 401 1463 437 siderii
1487 405 1523 438 et
1545 402 1583 437 in
1606 401 1719 446 Libya
1744 405 1780 436 et
1804 401 1841 437 in
1865 402 2039 447 Hesperia
2069 403 2171 437 tanta
2196 400 2418 445 suscepimus

194 451 255 497 ᾂπὶ
285 447 425 494 Λιβύης
459 452 518 483 καὶ
550 450 612 483 ἐπὶ
643 450 703 492 τῆς
733 445 904 495 Ἑσπέρας
935 449 1161 493 τηλικούτους
1191 447 1211 504 ⁷}
1235 446 1270 482 ά-
1309 447 1434 484 5bella
1464 450 1501 483 et
1531 457 1596 492 pro
1628 451 1729 483 reeta
1757 446 1803 482 ad
1836 447 1939 484 deum
1970 447 2141 492 religione
2172 451 2208 482 et
2239 456 2304 492 pro
2333 445 2415 481 sub-

192 494 292 539 μεθα
317 493 490 539 πολέμους
519 492 610 538 ὑπέρ
641 507 682 528 τε
712 495 774 538 τῆς
798 492 912 542 ὀρθῆς
941 494 1029 543 πρὸς
1053 494 1146 530 θεὸν
1169 462 1272 539 δοὲης
1340 493 1515 529 ieetorum
1539 492 1673 539 pariter
1696 492 1874 529 libertate.

193 537 284 587 ὑπέρ
307 553 347 575 ’τε
370 540 432 583 τῆς
453 541 532 575 τῶν
556 539 728 584 ὑπηκόων
752 539 967 588 ἐλευθερίας.

1187 609 1345 646 CAPUT
1369 608 1413 644 V.

238 663 452 710 Ποιούμεθα
477 663 517 700 δὲ
537 665 641 707 ξένον
664 663 778 707 οὐδέν,
801 662 891 700 ἀλλὰ
914 669 987 701 τοῖς
1010 663 1168 713 ἀρίστοις
1192 669 1270 701 τῶν
1383 664 1551 700 Facimus
1585 666 1705 699 autem
1740 672 1871 698 novum
1902 660 2007 705 nihil,
2043 660 2107 696 sed
2139 669 2221 703 egre
2245 659 2298 694 ios
2334 660 2418 694 ante

193 710 265 758 πρὸ
290 707 393 756 ἡμῶν
425 709 704 758 αὐτοκρατόρων
726 710 1016 746 ἀκολουθοῦντες.
1063 708 1180 758 ὥςπερ
1202 711 1270 758 γὰρ
1339 721 1404 746 nos
1442 709 1674 754 imperatores
1710 707 1902 752 sequimur.
1953 705 2053 741 Sicut
2089 705 2181 740 enim
2251 705 2418 740 ntoninus

190 753 405 791 Ἀντωνῖνος
435 755 454 792 ὁ
486 759 548 800 τῆς
575 754 754 802 εὐσεβείας
778 756 981 802 ἐπώνυμος,
1015 757 1053 797 ἐξ
1076 755 1187 804 οὗπερ
1211 761 1270 791 καὶ
1281 759 1326 790 10
1340 755 1425 790 Pius
1451 753 1733 798 cognominatus,
1764 762 1809 787 ex
1833 762 1902 796 quo
1928 752 2034 786 etiam
2066 750 2113 786 ad
2135 760 2200 802 nos
2225 749 2418 795 appellatio

194 803 242 836 εἰς
266 799 353 847 ἡμᾶς
376 802 421 837 τὰ
445 803 506 846 τῆς
530 805 762 850 προςὴγορίας
784 801 914 858 ταύτης
937 801 1105 846 καθήκει,
1137 802 1180 836 τὸ
1209 804 1271 845 τῆς
1338 801 1428 835 haec
1452 798 1623 844 pervenit,
1655 798 1711 833 ius
1736 797 1919 833 Romanae
1952 796 2104 832 civitatis
2129 806 2227 841 prlus
2259 795 2304 830 ab
2330 806 2419 831 uno-

195 848 375 894 ῥωμαϊκῆς
398 846 578 883 πολιτείας
602 847 778 894 πρότερον
802 861 877 894 παρ
911 847 1060 882 ἑκάστου
1084 848 1161 882 τῶν
1181 844 1269 889 ύπη-
1340 855 1481 890 quoque
1504 844 1745 880 subiectorum
1770 842 1902 887 petitus
1927 844 1962 877 et
1987 841 2107 878 taliter
2130 851 2174 877 ex
2198 841 2248 877 eis
2275 841 2335 885 qui
2357 851 2418 876 vo-

194 892 292 927 κόων
317 893 527 938 αἰτούμενον
552 897 612 927 καὶ
635 890 747 928 οὕτως
771 894 809 926 ἐκ
832 894 910 927 τῶν
933 891 1164 935 καλουμένων
1187 903 1268 938 per·
1339 895 1466 926 cantur
1484 888 1662 935 peregrini
1685 888 1732 924 ad
1748 887 1947 924 Romanam
1966 887 2223 932 ingenuitatem
2239 886 2420 922 deducens

195 938 349 982 cgrinwv
372 940 420 973 εἰς
444 939 631 983 ῥωμαϊκὴν
655 936 835 985 εὐγένειαν
868 936 956 985 ἄγον
981 935 1270 973 ἐκεῖνος’ἅπασιν
1339 936 1399 971 ille
1432 935 1501 971 hoc
1533 934 1698 970 omnibus
1730 933 1766 969 in
1788 943 1975 969 commune
1998 932 2171 969 subiectis
2195 932 2350 975 donavit,
2385 935 2420 967 et

196 985 236 1018 ἐν
265 986 376 1028 κοινῷ
407 987 480 1019 τοῖς
510 982 678 1027 ὑπηκόοις
701 981 914 1031 δεδώρηται,
944 987 1003 1018 καὶ
1033 981 1053 1019 ὅ
1076 997 1116 1031 γε
1142 980 1269 1018 owed·
1287 985 1326 1017 15
1340 980 1564 1016 Theodosius
1578 980 1696 1015 iunior
1712 982 1795 1024 post
1808 979 2082 1015 Constantinum
2094 979 2286 1015 maximum
2298 988 2420 1014 sacra-

196 1041 270 1063 σιος
299 1027 318 1064 ὁ
351 1032 428 1065 νέος
457 1029 548 1075 μετὰ
571 1031 855 1065 Κωνσταντῖνον
879 1028 944 1064 τὸν
967 1032 1091 1077 μέγαν,
1122 1029 1188 1063 τὸν
1211 1029 1271 1071 τῆς
1340 1026 1498 1062 tissimae
1518 1025 1624 1061 huius
1648 1025 1802 1061 civitatis
1823 1025 2042 1061 conditorem
2066 1024 2221 1061 filiorum
2245 1024 2345 1070 prius
2362 1023 2419 1059 ius

197 1075 289 1120 ἱερᾶς
321 1073 452 1119 ταύτης
487 1074 624 1110 πόλεως
653 1073 823 1117 οἰκιστήν,
859 1074 900 1109 τὸ
933 1076 1011 1109 τῶν
1042 1073 1189 1110 παίδων
1221 1072 1270 1108 δι’·
1341 1071 1490 1117 petitum
1519 1072 1556 1107 in
1581 1081 1766 1107 commune
1798 1070 1896 1106 dedit
1927 1070 2113 1115 subiectis,
2147 1070 2199 1106 sic
2224 1069 2330 1106 etiam
2354 1079 2420 1105 nos

196 1133 299 1154 καιον
319 1120 494 1169 πρότερον
516 1120 726 1166 αἰτούμενον
745 1122 784 1154 ἐν
803 1121 912 1165 κοινῷ
939 1118 1072 1155 δέδωκε
1095 1124 1169 1155 τοῖς
1184 1116 1271 1163 ὑπη-
1341 1119 1409 1153 hoc
1443 1117 1606 1153 videlicet
1637 1116 1917 1161 regenerationis
1950 1120 1986 1152 et
2018 1126 2208 1152 aureorum
2232 1116 2421 1152 anulorum

196 1163 300 1209 κόοις,
335 1163 429 1201 οὕτω
454 1169 513 1200 καὶ
537 1164 632 1211 ἡμεῖς
654 1167 761 1200 τοῦτο
786 1163 829 1208 δὴ
852 1164 894 1200 τὸ
919 1168 979 1209 τῆς
1001 1165 1272 1213 παλιγγενεσίας
1341 1164 1396 1199 ius
1422 1163 1614 1208 unicuique
1638 1162 1835 1208 petentium
1859 1163 1980 1198 datum
2009 1166 2044 1198 et
2068 1162 2187 1198 damni
2211 1164 2246 1198 et
2269 1172 2420 1207 scrupu-

197 1225 236 1245 τε
267 1215 326 1245 καὶ
356 1211 398 1246 τὸ
428 1213 506 1246 τῶν
535 1213 680 1258 χρυσῶν
712 1209 915 1246 δακτυλίων
947 1210 1085 1255 ἑκάστῳ
1116 1212 1195 1246 ταῖν
1220 1209 1494 1245 at-2010sitatis
1518 1208 1693 1254 praebens
1724 1208 1950 1244 occasionem
1982 1211 2017 1243 et
2040 1208 2340 1244 manumissorum
2366 1207 2421 1242 in-

195 1256 362 1291 τοὺντων
385 1255 575 1302 διδόμενον
606 1260 665 1291 καὶ
689 1259 814 1301 ζημίας
838 1254 1084 1303 παρεχόμενον
1107 1253 1272 1303 ἀφορμὴν
1343 1254 1702 1300 (figens-auctoritate
1726 1254 1890 1289 omnibus
1914 1253 2076 1289 Simmter
2100 1253 2271 1290 subiectis
2294 1263 2338 1289 ex
2354 1252 2422 1288 hac

196 1305 255 1335 καὶ
274 1301 617 1349 πολυπραγμοσύνης
637 1306 696 1336 καὶ
716 1303 776 1346 τῆς
797 1302 895 1349 παρὰ
913 1305 991 1337 τῶν
1010 1301 1270 1348 ἐλευθερωτῶν
1339 1301 1415 1346 lege
1446 1300 1582 1336 damus.
1631 1299 1867 1335 Restituimus
1898 1299 1992 1334 enim
2022 1301 2173 1335 naturae
2203 1298 2423 1344 ingenuitate

197 1344 367 1390 δεόμενον
387 1345 583 1382 αὑθεντίας
606 1344 743 1383 ἅπασιν
767 1345 897 1392 ὁμοίως
920 1352 992 1383 τοῖς
1015 1345 1183 1391 ὑπηκόοις
1209 1345 1269 1381 αὖ·
1342 1347 1465 1391 dignos
1491 1357 1562 1381 non
1587 1356 1650 1391 per
1674 1344 1833 1389 singulos
1859 1344 1903 1379 de
1928 1348 2057 1388 cetero,
2088 1344 2150 1380 sed
2177 1355 2298 1381 omnes
2325 1344 2422 1380 dein-

196 1391 311 1427 τόθεν
342 1391 496 1438 δίδομεν.
544 1391 848 1437 ἀποκαθίσταμεν
881 1392 948 1441 γὰρ
983 1395 1027 1438 τῆ
1055 1393 1159 1440 φύσει
1190 1391 1272 1427 τοὺς
1341 1402 1425 1437 ceps
1451 1392 1511 1437 qui
1534 1392 1735 1427 libertatem
1756 1401 1777 1425 a
1798 1389 1948 1426 dominis
1972 1393 2188 1434 meruerunt,
2214 1394 2254 1426 ut
2275 1393 2311 1426 et
2329 1390 2423 1426 hanc

195 1439 256 1480 τῆς
286 1437 461 1485 εὐγενείας
492 1437 608 1480 ἀξίους
644 1438 684 1473 οὐ
717 1437 809 1474 καθ’
844 1442 909 1475 ἕνα
939 1439 980 1474 τὸ
1007 1431 1152 1482 ”λοιπόν,
1183 1437 1272 1473 ἀλλὰ
1286 1440 1326 1473 25
1340 1448 1503 1482 magnam
1539 1437 1715 1482 quandam
1751 1438 1787 1472 et
1821 1436 2022 1480 generalem
2055 1436 2256 1481 largitatem
2292 1435 2422 1472 nostris

196 1480 335 1518 πάντας
359 1485 482 1530 ἐφεξῆς
504 1483 585 1520 τοὺς
601 1483 927 1531 ἐλευθερίαςπαρὰ
950 1487 1028 1520 τῶν
1043 1487 1272 1529 κεκτημένων
1341 1483 1512 1520 subiectis
1537 1483 1743 1519 adiciamus.

195 1526 430 1574 ἀξιουμένους,
451 1531 511 1565 ἵνα
531 1534 591 1565 καὶ
612 1529 749 1574 ταύτην
766 1530 922 1578 μεγάλην
943 1531 1026 1566 τινὰ
1047 1534 1108 1565 καὶ
1127 1529 1272 1578 γενικὴν

196 1572 405 1619 φιλοτιμίαν
427 1579 500 1611 τοῖς
524 1574 701 1622 ἡμετέροις
724 1573 892 1619 ὑπηκόοις
916 1577 1167 1623 προςθείημεν.

248 1618 524 1668 <Ἐπίλογος.>
563 1617 654 1656 Ὅσα
676 1625 801 1656 τοίνυν
816 1620 907 1669 ὑπὲρ
931 1624 992 1665 τῆς
1008 1623 1086 1657 τῶν
1101 1620 1274 1665 ὑπηκόων
1388 1619 1656 1666 (Epilogus.)
1703 1620 1802 1664 Quae
1821 1619 1930 1663 igitur
1954 1629 2020 1664 pro
2041 1618 2284 1655 subiectorum
2308 1617 2424 1654 indul-

195 1664 478 1712 φιλανθρωπίας
501 1670 662 1713 παρέστη
686 1668 739 1711 τῷ
762 1664 920 1714 ἡμετέρῳ
946 1668 1067 1714 κράτει
1091 1666 1159 1702 κάν
1178 1666 1274 1711 τῷδε
1288 1670 1330 1701 30
1343 1666 1461 1711 gentia
1481 1666 1696 1711 placuerunt
1717 1668 1862 1701 nostrae
1881 1665 2088 1702 clementiae
2108 1675 2172 1709 per
2192 1663 2286 1699 hanc
2303 1663 2425 1708 legem,

194 1712 248 1754 τῷ
268 1710 379 1756 νόμῳ,
403 1711 559 1756 ταῦταῆ
584 1711 627 1756 σὴ
650 1710 807 1758 ὑπεροχὴ
830 1713 1074 1758 μανθάνουσα
1096 1717 1168 1748 τοῖς
1193 1710 1211 1756 ἦ
1242 1726 1272 1747 ε-
1344 1713 1433 1748 haec
1465 1715 1529 1747 tua
1560 1710 1733 1747 celsitudo
1767 1721 1987 1755 cognoscens
2018 1711 2150 1747 nostris
2175 1709 2346 1745 subiectis
2370 1709 2426 1744 fa-

195 1759 309 1803 τέροις
338 1755 506 1801 ὑπηκόοις
542 1758 646 1800 [κατὰ
676 1756 812 1802 ταύτην
844 1759 910 1802 τὴν
934 1756 1129 1803 εὐδαίμονα
1153 1728 1273 1800 πόλῖν]
1346 1758 1418 1793 ciat
1447 1756 1639 1792 manifesta
1671 1767 1736 1802 per
1767 1758 2034 1802 programmata
2065 1755 2213 1800 propria
2245 1757 2281 1790 et
2303 1754 2362 1790 hic
2391 1758 2428 1791 et

197 1800 285 1845 δῆλα
309 1802 496 1847 ποιησάτω
521 1801 581 1838 διὰ
611 1803 907 1851 προγραμμάτων
937 1806 1080 1840 οἰκείων
1110 1804 1274 1839 ἐνταῦθα
1344 1803 1382 1838 in
1399 1803 1605 1849 provinciis,
1631 1804 1671 1838 ut
1688 1803 1828 1839 discant
1853 1802 1935 1846 quia
1955 1803 2159 1838 nostrorum
2185 1800 2428 1836 subiectorum

195 1861 235 1881 τε
259 1851 319 1882 καὶ
344 1851 383 1883 έν
407 1852 484 1884 ταῖς
508 1851 709 1896 ἐπαρχίαις,
743 1846 831 1885 dim
854 1851 992 1895 μαθεῖν
1016 1849 1072 1886 ὅτι
1097 1852 1173 1884 τῶν
1194 1847 1273 1894 ἦμε-
1344 1859 1408 1894 per
1444 1848 1563 1885 omnia
1599 1858 1721 1884 curam
1757 1848 1930 1883 habemus
1967 1857 2010 1883 ea
2046 1856 2138 1892 quae
2174 1857 2239 1891 pro
2272 1846 2428 1881 utilitate

196 1895 314 1939 τέρων
345 1892 517 1939 ὑπηκόων
548 1893 608 1941 ἐφ’
635 1894 783 1939 ἑκάστης
814 1894 1004 1941 κηδόμεθα
1035 1895 1080 1931 τὰ
1107 1895 1196 1942 πρὸς
1220 1895 1275 1930 λυ·
1290 1898 1331 1931 35
1346 1905 1467 1931 eorum
1501 1895 1585 1930 sunt
1617 1894 1827 1930 sancientes.
1877 1892 2021 1929 Valebit
2045 1896 2165 1927 autem
2197 1892 2254 1927 lex
2278 1891 2368 1927 haec
2391 1892 2444 1940 in¹

197 1938 375 1975 σιτέλειαν
398 1938 522 1983 αὐτῶν
539 1941 834 1986 νομοθετοῦντες.
869 1943 1036 1989 κρατήσει
1061 1940 1100 1976 δὲ
1123 1939 1142 1975 ὁ
1167 1940 1275 1985 νόμος
1345 1940 1643 1985 subsequentibus
1669 1940 1834 1975 omnibus
1867 1941 1902 1975 et
1934 1938 1984 1974 eis
2015 1937 2077 1983 qui
2100 1939 2183 1982 post
2213 1947 2291 1973 eam
2316 1947 2428 1973 emer-

198 1986 237 2019 ἐν
268 1989 340 2021 τοῖς
369 1986 494 2032 ἐφεξῆς
526 1983 641 2022 ἅπασι
673 1990 731 2021 καὶ
763 1990 836 2022 τοῖς
867 1987 947 2032 μετ’
978 1985 1090 2022 αὐτὸν
1121 1986 1274 2031 ἀποβαί-
1345 1986 1457 2022 serint
1477 1986 1638 2031 casibus3
1660 1985 1754 2031 quod
1771 1985 1864 2021 enim
1883 1983 2033 2020 recessit
2051 1993 2123 2019 non
2143 1986 2424 2028 perscrutamur.

198 2042 300 2065 νουσι
331 2031 485 2076 θέμασι·
523 2031 565 2067 τὸ
596 2032 640 2079 γὰ
695 2031 847 2078 φθάσαν
878 2031 918 2067 οὑ
949 2033 1273 2079 περιεργαζόμεθα,

249 2077 332 2112 Dat.
357 2088 419 2112 xv.
445 2078 481 2112 k.
506 2077 612 2113 Febr.
639 2046 706 2114 (51³.
732 2078 815 2123 imp.
847 2078 904 2114 dn.
930 2079 1118 2114 Iustiniani
1141 2090 1201 2124 pp.
1227 2079 1271 2113 A.
1397 2078 1480 2113 Dat.
1505 2077 1577 2112 kal.
1603 2077 1701 2122 Sept.
1733 2075 1801 2111 ΟΡ.
1834 2076 1916 2122 imp.
1944 2075 2002 2111 dn.
2027 2075 2216 2111 Iustiniani
2272 2086 2306 2121 p.
2335 2075 2426 2119 Aug.

199 2133 281 2158 ann.
306 2122 387 2158 XII.
414 2123 554 2168 Apione
576 2135 607 2159 v.
634 2135 663 2159 c.
691 2134 788 2159 cons.
1249 2127 1294 2165 [a.
1311 2126 1387 2165 539]
1435 2133 1530 2158 anno
1543 2122 1623 2157 XII.
1646 2121 1787 2166 Apione
1810 2121 1884 2158 viro
1911 2121 2107 2157 clarissimo
2133 2131 2219 2157 cons
2260 2131 2292 2156 e.

200 2190 415 2236 efficiemus.-
473 2199 572 2225 erum
592 2189 694 2226 o‘mne
717 2190 821 2225 nobis
843 2190 1001 2226 studium
1025 2189 1064 2225 id
1087 2202 1109 2226 a
1136 2191 1176 2232 it,
1208 2195 1248 2225 ut
1271 2189 1455 2226 libertates
1478 2193 1513 2226 et
1532 2189 1676 2225 valeant
1699 2193 1735 2225 et
1759 2188 1826 2224 vim
1851 2188 2011 2224 babeant
2030 2192 2141 2233 utque
2164 2189 2202 2224 in
2223 2192 2351 2224 nostra
2373 2198 2428 2224 re·
2468 2189 2470 2192 ⁴

194 2236 345 2282 publica
377 2239 413 2271 et
463 2238 592 2271 creant
613 2240 648 2271 et
672 2239 886 2281 auqeantur.
935 2234 1079 2271 Etenim
1128 2235 1210 2270 uius
1233 2235 1403 2271 desiderii
1431 2236 1555 2281 qratia
1588 2235 1683 2270 etin
1704 2234 1821 2280 Libya
1854 2239 1889 2270 et
1912 2235 1949 2269 in
1978 2234 2168 2270 Occidente
2201 2238 2304 2269 tanta
2335 2233 2429 2270 bella

200 2282 421 2327 suscepimus
444 2291 523 2316 cum
541 2291 617 2327 pro
639 2285 738 2316 recta
762 2280 806 2316 de
829 2281 896 2316 deo
919 2281 1088 2327 opinione
1113 2285 1186 2316 tum
1204 2291 1279 2326 pro
1303 2280 1544 2315 subiectorum
1569 2280 1742 2315 libertate.

336 2326 380 2363 V.
429 2326 554 2372 Neque
578 2336 661 2362 vero
685 2326 769 2361 novi
793 2326 984 2372 quicquam
1008 2326 1185 2371 facimus,
1218 2325 1282 2361 sed
1305 2325 1458 2372 optimos
1489 2336 1612 2360 eorum
1644 2325 1708 2370 qui
1738 2328 1821 2360 ante
1850 2336 1917 2360 nos
1938 2325 2094 2370 fuerunt
2117 2325 2355 2371 imperatores
2374 2335 2428 2360 se—

228 2373 353 2408 uimur.
405 2371 508 2407 Sicut
530 2372 623 2408 enim
644 2371 848 2407 Antoninus
871 2371 934 2416 qui
957 2382 1006 2407 ex
1027 2372 1164 2418 pietate
1188 2381 1386 2417 coqnomen
1411 2370 1547 2412 habuit,
1573 2381 1596 2404 a
1616 2381 1688 2415 quo
1711 2369 1852 2415 quidem
1876 2370 1926 2405 ad
1949 2381 2016 2406 nos
2040 2380 2184 2415 quoque
2208 2371 2279 2406 ista
2303 2369 2428 2417 appel-

216 2419 289 2455 atio
314 2418 434 2454 delata
458 2421 522 2460 est,
553 2415 740 2453 Romanae
763 2416 919 2452 civitatis
941 2416 1008 2459 ius,
1033 2416 1133 2462 quod
1154 2421 1261 2452 antea
1286 2416 1479 2461 unicuique
1501 2414 1742 2450 subiectorum
1760 2415 1956 2462 petendum
1980 2420 2061 2451 erat
2083 2420 2192 2461 atque
2214 2415 2268 2451 ita
2289 2414 2428 2450 demum

202 2476 252 2501 ex
273 2464 551 2512 pereqrinorum
584 2463 646 2508 qui
677 2466 854 2498 vocantur
884 2466 983 2498 statu
1012 2461 1062 2497 ad
1083 2461 1286 2497 Romanam
1309 2460 1567 2507 inqenuitatem
1592 2459 1761 2503 ducebat,
1794 2460 1958 2496 omnibus
1986 2461 2023 2496 in
2048 2471 2233 2496 commune
2261 2459 2429 2496 subiectis

202 2510 360 2552 donavit,
391 2513 427 2545 et
456 2508 678 2544 Theodosius
702 2508 824 2543 iunior
843 2512 929 2554 post
955 2507 1226 2544 Constantinum
1250 2518 1432 2553 maqnum,
1465 2509 1613 2541 sanctae
1638 2505 1745 2541 buius
1769 2506 1923 2542 civitatis
1947 2505 2186 2548 conditorem,
2220 2506 2277 2541 ius
2301 2505 2427 2541 libero-

201 2568 283 2593 rum
307 2554 407 2602 quod
429 2559 536 2590 antea
559 2553 825 2600 impetrandum
849 2558 929 2589 erat
952 2553 988 2588 in
1013 2564 1197 2589 commune
1219 2552 1388 2588 subiectis
1410 2551 1519 2594 dedit,
1544 2551 1596 2587 ita
1621 2562 1687 2587 nos
1711 2562 1853 2597 quoque
1873 2551 1966 2586 illud
1988 2551 2130 2597 quidem
2155 2551 2211 2586 ius
2234 2551 2427 2587 restitutio-

202 2603 258 2637 nis
281 2600 457 2637 natalium
481 2604 517 2636 et
539 2610 731 2635 aureorum
755 2599 958 2643 anulorum,
984 2598 1083 2645 quod
1103 2598 1298 2644 unicuique
1318 2598 1456 2645 petenti
1480 2596 1636 2632 dabatur
1660 2600 1695 2632 et
1713 2596 1926 2632 damnorum
1952 2602 2061 2642 atque
2076 2596 2268 2643 ambaqum
2287 2597 2428 2643 copiam

200 2647 397 2695 praebebat
418 2650 454 2681 et
477 2645 777 2680 manumissorum
801 2645 1019 2680 auctoritate
1042 2644 1238 2690 indiqebat,
1264 2643 1427 2679 omnibus
1443 2642 1591 2689 pariter
1613 2641 1765 2678 subditis
1789 2643 1872 2677 ilico
1892 2642 2030 2677 damus.
2078 2641 2316 2678 Restituimus
2334 2642 2428 2677 enim

201 2698 356 2729 naturae
379 2702 440 2727 eos
465 2692 526 2737 qui
550 2690 771 2737 inqenuitate
795 2690 898 2735 diqni
920 2694 1005 2726 sunt
1028 2701 1101 2725 non
1125 2689 1290 2735 sinqulos
1313 2689 1351 2723 in
1373 2693 1578 2735 posterum,
1613 2687 1677 2723 sed
1700 2698 1822 2723 omnes
1845 2687 2013 2734 deinceps
2044 2688 2107 2734 qui
2131 2687 2293 2723 libertate
2318 2698 2341 2723 a
2364 2687 2428 2723 do-

201 2739 307 2774 minis
329 2737 367 2774 di
394 2741 540 2778 nantur,
565 2740 606 2771 ut
627 2740 662 2772 et
686 2735 779 2771 lianc
802 2747 971 2782 maqnam
996 2740 1031 2771 et
1052 2735 1256 2781 qeneralem
1281 2734 1529 2770 liberalitatem
1554 2733 1722 2769 subiectis
1745 2733 1881 2768 nostris
1904 2733 2159 2779 impertiamus.

372 2782 478 2830 pilo
487 2793 581 2828 qus.
629 2781 880 2827 Quaecumque
902 2782 1015 2827 iqitur
1043 2791 1115 2827 pro
1139 2781 1378 2816 subiectorum
1410 2778 1606 2814 commodis
1637 2777 1706 2813 hac
1735 2789 1879 2824 quoque
1910 2779 1948 2813 in
1973 2778 2050 2825 leqe
2068 2778 2257 2825 potentiae
2280 2781 2430 2814 nostrae

194 2831 429 2878 placuerunt,
462 2839 506 2864 ea
531 2832 594 2863 tua
617 2827 819 2863 sublimitas
843 2837 1064 2873 coqnoscens
1086 2826 1252 2862 subiectis
1275 2824 1411 2861 nostris
1436 2824 1485 2866 [in
1510 2823 1578 2859 bac
1599 2823 1703 2869 felici
1725 2824 1878 2865 civitate]
1897 2835 1969 2870 per
1993 2824 2110 2860 edicta
2126 2823 2289 2877 propria
2313 2827 2348 2859 et
2371 2823 2430 2859 liic

201 2880 237 2912 et
259 2876 298 2910 in
315 2874 519 2923 provinciis
541 2873 738 2918 manifesta
760 2872 898 2918 faciat,
931 2876 971 2907 ut
993 2871 1206 2918 intelleqant
1229 2881 1296 2906 nos
1319 2869 1489 2918 subiectis
1520 2869 1656 2904 nostris
1686 2870 1785 2905 omni
1814 2873 1973 2916 tempore
1996 2880 2224 2916 prospicere,
2258 2879 2352 2915 quae
2381 2868 2431 2904 ad

201 2922 391 2957 utilitatem
414 2930 539 2956 eorum
555 2919 743 2965 pertinent
764 2918 974 2954 sancientes.
1033 2917 1064 2952 V
1063 2917 1174 2953 alebit
1196 2921 1315 2952 autem
1341 2916 1402 2951 lex
1425 2915 1463 2949 in
1487 2914 1649 2950 omnibus
1672 2915 1736 2960 qui
1758 2915 1880 2960 futuri
1904 2918 1989 2951 sunt
2017 2915 2159 2950 casibus
2188 2915 2322 2960 quique
2343 2918 2429 2961 post

201 2977 279 3002 eam
303 2967 536 3006 emerserint,·
566 2975 680 3010 neque
704 2964 796 2999 enim
820 2963 860 2998 id
882 2963 982 3009 quod
999 2962 1193 3009 praeteriit
1217 2962 1463 2997 sollicitamus.
2473 2964 2476 2967 ·

248 3037 265 3067 7
289 3031 472 3076 ὑπηκόων]
498 3026 721 3066 subiectorum
739 3033 864 3075 pariter
889 3043 907 3067 ς
926 3032 938 3074 11
966 3034 1006 3065 10
1023 3028 1235 3065 Ἀντωνῖνος
1260 3027 1278 3064 ὁ
1395 3032 1410 3063 1
1431 3029 1610 3061 efficiemus
1623 3028 1672 3061 ΒΞ
1685 3030 1772 3073 vuly.
1791 3029 1803 3070 ΙΙ
1820 3040 1949 3062 omnem
1970 3030 2005 3063 V
2022 3038 2195 3062 commune
2208 3028 2257 3062 R¹
2275 3025 2288 3072 ΙΙ
2312 3027 2430 3060 existat

202 3078 263 3121 τῆς
286 3076 465 3122 εὐσεβείας
485 3077 683 3122 ἐπώνυμος]
710 3080 799 3111 immo
835 3076 884 3109 Μ.
906 3079 1087 3111 Antoninus
1105 3077 1281 3111 Caracalla
1348 3076 1381 3108 R
1400 3075 1412 3118 ΙΙ
1430 3076 1448 3108 3
1463 3076 1495 3106 et
1509 3074 1609 3106 huius
1622 3074 1709 3107 enim
1731 3074 1779 3107 V¹
1798 3074 1810 3117 ΙΙ
1835 3076 1962 3107 *causa
1979 3074 2144 3115 desiderii]
2163 3083 2279 3106 causae
2292 3073 2363 3115 (om.
2382 3073 2429 3113 V)

204 3126 258 3168 (cs.
273 3125 353 3168 Diy.
366 3127 487 3166 1‚5,17)
506 3123 518 3167 ΙΙ
537 3126 574 3158 11
593 3122 715 3166 κατήει
728 3124 760 3156 L
779 3122 791 3166 ΙΙ
810 3124 849 3157 13
863 3121 1087 3165 αἰτούμενον]
1101 3122 1225 3164 petitus
1239 3134 1257 3158 ς
1270 3121 1281 3166 ΙΙ
1350 3120 1510 3153 desiderio
1537 3120 1613 3153 libri
1642 3118 1654 3163 ΙΙ
1685 3121 1706 3153 4
1728 3118 1811 3152 libia
1834 3120 1939 3153 RVT
1958 3119 1971 3163 ΙΙ
1999 3120 2125 3162 esperia
2148 3138 2193 3143 ——
2218 3120 2238 3152 9
2260 3118 2430 3160 sequimur

203 3170 414 3213 peregrinam
430 3170 501 3202 ML
520 3169 532 3211 11
551 3171 592 3203 14
608 3166 696 3214 ἄγον
712 3169 917 3209 Haloander]
935 3166 1036 3213 ἄγων
1058 3169 1135 3201 libri
1159 3167 1171 3211 ΙΙ
1196 3168 1281 3200 ἐκεῖ·
1349 3179 1411 3200 ser.
1425 3165 1475 3197 R2
1497 3166 1529 3199 in
1545 3177 1610 3198 ras.
1627 3166 1647 3198 2
1661 3177 1806 3198 versuum
1830 3164 1842 3209 ΙΙ
1871 3167 1889 3199 5
1914 3164 1967 3206 ad]
1992 3175 2012 3211 a
2035 3164 2122 3207 R(2)‚
2145 3178 2227 3198 corr.
2246 3163 2297 3196 R³
2319 3162 2331 3207 ΙΙ
2356 3165 2429 3206 pro]

204 3217 275 3256 νος]
294 3215 352 3248 ille
365 3215 427 3247 hoc
442 3227 460 3251 ς
479 3213 491 3258 ΙΙ
509 3216 549 3248 15
566 3211 764 3255 Θεοδόσιος]
785 3215 860 3247 Cod.
876 3215 906 3255 8,
921 3215 1040 3255 58(59)‚
1056 3221 1068 3246 1
1086 3213 1097 3256 11
1117 3215 1155 3246 21
1174 3208 1280 3258 ἀφορ-
1350 3212 1390 3244 <le
1409 3210 1470 3252 T¹‚
1496 3223 1553 3243 om.
1568 3209 1643 3252 R(2)
1660 3209 1672 3253 ΙΙ
1702 3211 1742 3243 12
1763 3210 1898 3252 petitus]
1923 3210 2065 3252 petitum
2089 3210 2173 3253 vulp.
2200 3208 2212 3253 ΙΙ
2238 3211 2277 3244 13
2299 3209 2430 3251 peregri

202 3258 286 3304 μὴν]
307 3256 330 3294 ἀ
360 3258 472 3306 ορμὴν
485 3261 544 3292 καὶ
560 3258 694 3303 παρεχὸ
707 3256 855 3303 (παρεχό
869 3259 1000 3299 del.L¹)
1015 3259 1045 3291 L
1064 3258 1076 3301 11
1093 3260 1134 3293 23
1151 3254 1281 3291 αὖθεν-
1360 3256 1409 3290 V¹
1428 3259 1440 3300 11
1460 3258 1499 3289 16
1523 3255 1617 3298 prius
1642 3255 1694 3287 ius
1715 3256 1869 3297 petitum]
1894 3257 1969 3298 post
1992 3255 2179 3298 inspectum
2191 3254 2240 3288 R¹
2256 3253 2268 3298 ΙΙ
2296 3255 2337 3288 19
2353 3254 2430 3286 uni·

203 3309 299 3340 τείας
314 3273 366 3349 ἔτη
380 3301 551 3347 αὐτόθεν]
569 3316 607 3338 ex
620 3306 681 3337 hac
694 3305 766 3346 lege
785 3316 803 3340 ς
823 3305 833 3347 ΙΙ
851 3305 893 3338 24
905 3299 1217 3346 ἀποκαθιστιῦμεν
1228 3305 1259 3337 L
1272 3303 1284 3348 ΙΙ
1351 3313 1413 3344 que
1428 3303 1459 3334 R
1477 3301 1489 3344 ΙΙ
1508 3303 1548 3334 20
1575 3300 1734 3343 praebens
1754 3300 1806 3334 T2
1819 3301 1917 3345 vul9.]
1943 3300 2156 3342 praebentem
2172 3298 2277 3334 R¹T¹
2288 3299 2321 3333 V
2337 3309 2431 3342 prae-

193 3355 246 3386 -30
265 3348 333 3385 κάν
345 3348 441 3394 τῷδε
457 3351 510 3393 τῷ
526 3348 626 3394 νόμῳ
641 3351 725 3392 ML]
747 3361 805 3393 per
818 3350 903 3382 hanc
915 3349 1020 3391 legem
1035 3362 1053 3385 ς
1070 3349 1082 3393 ΙΙ
1100 3351 1139 3384 31
1156 3349 1282 3390 ταῦτα]
1351 3348 1465 3380 bentes
1478 3346 1527 3380 Β2
1544 3346 1556 3390 ΙΙ
1574 3346 1727 3388 indigens
1744 3345 1796 3379 Τ2
1807 3346 1909 3390 vul9.]
1931 3346 2138 3388 indigentem
2150 3344 2276 3379 RVT²
2294 3343 2307 3389 ΙΙ
2323 3345 2364 3379 21
2380 3346 2430 3384 ex]

205 3394 376 3440 δηλοῦται
395 3398 486 3430 malit
502 3397 689 3430 Zachariae
706 3398 775 3430 sine
795 3408 895 3429 causa
922 3395 933 3438 ΙΙ
962 3396 1006 3428 32
1022 3402 1097 3438 post
1115 3391 1283 3437 ὑπηκόοις
1353 3397 1385 3426 et
1397 3392 1483 3426 RT¹
1497 3393 1559 3425 del.
1575 3390 1627 3424 Τ2
1645 3391 1657 3435 ΙΙ
1675 3392 1716 3424 22
1732 3390 1976 3433 ingenuitatem
1997 3391 2052 3435 Vss
2072 3392 2115 3425 24
2131 3392 2163 3424 et
2178 3391 2277 3431 hano]
2296 3392 2328 3422 et
2344 3390 2431 3422 hanc

204 3446 304 3477 verba
323 3442 590 3488 προσθείημεν·
615 3436 683 3475 ὅσα
702 3443 825 3474 τοίνυν
846 3460 890 3464 -
910 3440 962 3482 τῷ
983 3436 1142 3485 ἡμετέρῳ
1164 3438 1283 3484 κράτει
1352 3440 1497 3471 nostram
1520 3438 1558 3479 V,
1590 3438 1621 3469 et
1646 3449 1704 3470 om.
1727 3437 1796 3470 ΒΤ
1820 3436 1832 3480 ΙΙ
1867 3438 1910 3471 32
1934 3447 1993 3479 per
2017 3437 2273 3480 programmata]
2297 3437 2432 3478 propter

205 3489 248 3527 (v.
260 3490 301 3523 28
311 3490 406 3530 —30)
420 3501 481 3522 err.
493 3500 560 3531 rep.
572 3487 633 3527 M}
645 3486 656 3531 Η
668 3483 928 3520 κατὰ-πόλιν
942 3488 1058 3519 omissa
1071 3488 1102 3519 in
1117 3499 1134 3522 ς
1146 3485 1285 3530 seclusi„
1353 3485 1501 3526 gramata
1514 3483 1547 3516 R
1564 3482 1576 3526 ΙΙ
1602 3484 1646 3516 34
1668 3493 1729 3525 pro
1754 3495 1811 3516 om.
1836 3482 1887 3515 V¹
1905 3481 1917 3527 ΙΙ
1940 3484 1982 3517 35
2006 3485 2085 3516 sunt
2109 3495 2167 3517 om.
2186 3482 2220 3516 V
2236 3481 2249 3526 ΙΙ
2274 3480 2328 3515 lex
2351 3481 2432 3514 haec

207 3535 249 3569 39
262 3536 383 3568 subscr.
399 3547 457 3567 om.
471 3534 534 3567 Iul.
551 3533 563 3578 ΙΙ
590 3544 644 3565 xv.
660 3533 691 3565 k.
707 3532 805 3565 Febr.
823 3533 878 3572 M]
904 3528 1092 3564 καλάνδων
1106 3533 1285 3576 Φεβρουα-
1364 3530 1438 3569 VT]
1451 3530 1532 3562 haec
1545 3528 1598 3561 lex
1612 3528 1738 3572 Rvulq.
1757 3528 1770 3572 ΙΙ
1788 3529 1830 3562 36
1844 3527 1915 3569 qui]
1938 3538 2022 3570 quae
2032 3528 2082 3562 ΕΙ
2101 3527 2113 3573 ΙΙ
2129 3528 2204 3571 post
2216 3528 2299 3568 eam]
2321 3530 2434 3569 postea

209 3581 297 3623 ρίων
310 3581 386 3614 Aeli.
411 3581 499 3623 μηνὶ
523 3580 750 3625 φεβρουαρίῳ
766 3578 885 3611 Theod.
912 3576 977 3609 kal.
992 3577 1080 3620 Sept.
1097 3590 1115 3613 ς
1140 3577 1151 3621 ΙΙ
1176 3578 1229 3610 GP
1256 3579 1286 3618 ς]
1364 3575 1452 3609 V2T
1471 3575 1483 3618 ΙΙ
1515 3575 1557 3608 39
1581 3575 1844 3617 subscriptionem
1864 3581 2042 3617 praestant
2073 3574 2232 3608 VBamb.
2251 3573 2274 3606 I
2294 3574 2432 3607 Ambra-

207 3625 285 3667 &b
297 3627 354 3669 6?
366 3637 413 3670 M
424 3635 436 3681 ΙΙ
452 3636 531 3678 imp.
549 3636 604 3669 dn.
623 3634 802 3668 Iustiniani
819 3645 875 3678 pp.
890 3644 918 3668 a.
942 3633 1196 3675 ann.X11.M;]
1222 3636 1287 3677 βα-
1356 3621 1456 3672 ce-”fis
1482 3620 1494 3663 ll
1509 3630 1575 3663 SeP·
1598 3620 1718 3671 ssamb·
1733 3619 1889 3670 [Ambrg
1901 3619 2058 3662 septemb·
2080 3619 2136 3671 Vl]
2161 3629 2231 3662 Gap·
2250 3618 2288 3674 Jf
2301 3617 2312 3661 ΙΙ
2336 3619 2433 3660 impr·

209 3678 339 3714 σιλείας
369 3677 621 3715 Ἰουστινιανοῦ
651 3678 694 3714 τὸ
723 3677 776 3724 ιβ’
800 3681 873 3713 Alli.
913 3676 1096 3723 βασιλείας
1126 3680 1198 3713 ἔτει
1231 3676 1284 3722 ιβ’
1357 3666 1529 3700 d0n·1u³¹²·
1551 3666 1584 3699 V
1609 3675 1687 3708 1¹¹¹P·
1710 3664 1788 3698 dnn·
1803 3665 1925 3717 IUSt}n-
1941 3665 2098 3699 BUWb·I
2124 3676 2203 3708 ¹¹1¹P·
2225 3664 2333 3715 d0¹¹138
2351 3664 2433 3695 1¹¹5&

211 3725 330 3759 Theod.
354 3726 366 3762 ΙΙ
390 3728 434 3779 49
459 3727 588 3770 Apionc
609 3728 679 3768 (sic)
703 3737 754 3758 uc.
780 3736 883 3759 conss.
910 3726 954 3758 M
957 3727 1012 3766 (ς),
1047 3722 1200 3767 ὑπατείᾳ
1225 3724 1287 3758 τοῦ
1357 3714 1466 3765 ΑῚζῑῦΓ·
1482 3710 1495 3756 ΙΙ
1522 3712 1563 3745 40
1581 3710 1715 3744 GOUSUIe
1735 3717 1809 3744 ante
1826 3712 1954 3752 AP1⁰11<³
1976 3711 2047 3745 ⁶⁰ll·
2065 3712 2183 3744 Bamb·
2200 3710 2223 3743 Ῑ
2245 3710 2257 3754 ΙΙ
2278 3720 2353 3742 ¹²er
2370 3708 2434 3741 ⁰1³⁴·

208 3766 495 3816 fimewvsarawv
506 3771 680 3807 Ἀπίωνος
696 3772 816 3806 Theoti.
839 3767 1010 3805 ὑπατείας
1030 3769 1204 3804 Ἀπίωνος
1215 3772 1287 3804 Alb.
1322 3770 1325 3786 ¹
1358 3759 1469 3790 rimmo
1491 3757 1523 3789 V
1542 3767 1592 3789 ¹²⁰·
1618 3761 1639 3789 Ϊ·
1666 3756 1845 3789 ClariSSimO
1865 3757 1975 3790 ΛΜΝ·
2167 3813 2231 3845 49*
