2618 4010
236 121 343 164 Nov.
373 122 501 165 XXII
534 125 594 164 15.
630 124 680 164 16
1304 116 1382 166 156
1672 110 1675 112 v
2196 136 2256 168 nn
2284 135 2461 169 NUP‘ms

241 228 257 239 ”
283 229 602 278 συλλῃστεύουσαν,
635 228 658 274 ἣ
684 228 839 280 τάνδρὸς
868 227 1084 279 ἀγνοοῦντος
1113 227 1136 274 ἢ
1164 233 1225 266 καὶ
1248 244 1316 267 κω-
1385 232 1604 275 latronibus,
1636 235 1702 269 aut
1729 233 1806 273 vito
1828 234 2011 272 nesciente
2032 233 2089 272 vel
2110 235 2219 271 etim
2248 234 2463 280 prohibente

236 244 382 311 λύοντος
422 279 617 323 χαίρουσαν
659 279 733 312 τοῖς
771 274 866 322 μεθ’
903 277 1039 323 ἑτέρων
1078 273 1184 311 οὐδὲν
1227 273 1318 325 αὐτῇ
1386 278 1600 322 gaudentem
1620 277 1788 315 conviviis
1804 279 1957 316 aliorum
1980 279 2069 316 nibil
2093 280 2161 316 sibi
2186 280 2462 325 competentium

235 319 490 367 προςηκόντων
521 324 751 365 συμποσίοις,
781 317 805 366 ἢ
834 324 895 356 καὶ
923 320 1071 356 ἄκοντος
1100 323 1163 356 τοῦ
1187 318 1316 368 ἀνδρὸς
1386 323 1439 358 vel
1463 322 1570 358 etiam
1593 322 1704 358 invito
1727 322 1803 360 viro
1827 324 1920 361 eitra
1941 324 2187 362 rationabilem
2209 334 2354 363 causam
2373 324 2462 361 forie

235 362 380 412 εὐλόγου
392 364 606 412 προφάσεως
622 369 731 413 χωρίς
748 363 944 402 ἀπόκοιτον
959 369 1164 413 γινομένην,
1183 363 1315 413 ἢπαρὰ
1385 369 1657 412 pernoctantem
1680 368 1746 403 aut
1768 371 1870 404 extra
1891 368 1968 406 eius
1992 369 2210 406 voluntatem
2241 370 2462 405 circensibus

235 408 302 453 τὴν
332 408 441 445 αὐτοῦ
476 409 629 458 γνώμην
662 409 918 458 ἱπποδρομίαις
951 409 1146 456 χαίρουσάν
1181 424 1222 446 τε
1256 413 1317 445 καὶ
1351 415 1370 448 5
1386 411 1667 455 congaudentem
1699 414 1736 447 et
1767 413 1983 459 spectaculis
2006 414 2248 451 inhaerentem
2273 418 2336 450 aut
2361 414 2461 449 thea-

236 458 532 502 παραγινομένην
555 453 577 500 ἢ
600 455 771 504 θεάτροις
794 454 1100 503 παραβάλλουσαν
1124 458 1258 502 (φαμὲν
1277 454 1318 490 δὲ
1385 456 1450 492 tris
1474 457 1718 493 advenientem
1742 456 1906 498 (dicimus
1923 460 2054 502 autem,
2078 459 2140 495 nbi
2163 469 2293 496 scenae
2317 462 2353 494 et
2376 458 2464 494 talia

235 502 308 534 τοῖς
338 500 438 535 ἔνθα
468 512 491 534 σ
537 503 598 536 ναί
628 504 688 536 καὶ
718 500 764 536 τοὶ
797 500 947 537 τοιαῦτά
970 502 1078 543 ἐστιν,
1113 498 1136 545 ἢ
1158 504 1220 535 καὶ
1243 497 1316 548 ὅπῃ
1385 504 1487 544 sunt,
1512 505 1576 536 aut
1598 501 1706 537 etiam
1731 501 1794 537 ubi
1817 502 1941 538 bestiis
1965 503 2134 540 adversus
2157 505 2319 541 homines
2343 513 2465 549 pugna

237 544 379 590 θηρίοις
402 543 490 592 πρὸς
513 543 735 594 ανθρώπους
757 544 779 590 ἡ
802 545 922 592 μάχη),
955 542 977 588 ἢ
1001 544 1190 590 ἐπιβουλὰς
1214 545 1315 589 αὐτῷ
1386 548 1472 589 est),
1504 549 1569 582 aut
1591 546 1739 582 insidias
1764 546 1834 582 sibi
1856 547 2045 584 facientem
2069 559 2113 584 ex
2134 549 2278 586 venenis
2302 553 2367 585 aut
2389 549 2463 594 gla-

235 588 447 636 ῥάπτουσαν
474 589 539 626 τὰς
567 592 607 626 ἐκ
636 590 838 638 φαρμάκων
868 590 889 635 ἢ
919 591 1041 636 ξίφους
1070 588 1094 634 ἢ
1123 589 1218 626 καθ’
1245 592 1317 624 ἕτε-
1386 592 1443 627 dio
1468 595 1532 626 aut
1555 591 1625 627 alio
1648 591 1766 627 factas
1789 591 1907 634 modo,
1931 602 1976 628 ex
1998 593 2127 645 quibus
2151 594 2247 630 circa
2269 594 2377 630 vitam
2401 604 2462 638 pe-

235 647 301 691 ρον
322 638 514 682 γινομένας
532 635 672 683 τρόπον
695 637 735 678 ἐξ
759 629 812 671 ὧν
835 639 918 683 περὶ
941 635 984 670 τὸ
1010 637 1075 679 ζῆν
1099 633 1118 671 ὁ
1142 634 1317 677 κίνδυνος,
1333 639 1374 672 10
1386 636 1536 672 ticulum
1560 639 1633 680 est,
1667 641 1732 672 aut
1765 637 1871 672 etiam
1903 647 2083 674 consciam
2111 639 2335 684 tyrannidem
2355 638 2463 674 medi-

237 693 259 722 η
289 682 350 714 καὶ
378 685 691 726 συνεπισταμένην
721 686 794 716 τοῖς
824 678 1024 727 τυραννίδα
1052 679 1264 735 μελετῶσιν,
1296 679 1318 724 ἢ
1387 682 1559 724 tentibus,
1580 684 1644 716 aut
1662 681 1832 718 falsitatis
1853 691 1951 717 ream
1969 683 2209 737 constitutam,
2227 688 2290 720 aut
2309 683 2464 719 audaces

236 727 295 759 καὶ
319 726 598 772 παραποιήσεως
619 730 745 770 ἔνοχον
769 727 1027 768 καθεστῶσαν,
1059 739 1082 769 η
1105 725 1167 761 τὰς
1191 725 1317 771 τολμη·
1389 727 1467 762 eius
1491 737 1618 762 manus
1642 727 1853 763 inferentem
1874 726 1961 762 sibi:
1987 726 2124 764 scilicet
2141 729 2206 765 tali
2228 729 2348 774 aliquo
2366 728 2464 764 facto

236 770 298 815 ρᾶς
321 767 430 814 αὑτῆς
460 775 576 819 χεῖρας
607 772 812 818 ἐπάγουσαν
846 768 951 815 αὐτῷ.
1003 774 1064 806 καὶ
1086 770 1155 819 γὰρ
1179 770 1223 814 δὴ
1246 784 1318 806 τοι·
1388 773 1451 807 dat
1480 772 1538 808 lex
1569 772 1659 808 haec
1691 772 1765 808 viro
1798 772 1939 808 abicere
1970 772 2169 817 mulierem,
2203 773 2260 810 vel
2294 774 2325 809 ei
2359 784 2466 808 unam

235 813 341 850 ούτου
374 815 471 850 τινὸς
501 814 689 895 γεγονότος
720 815 874 851 δίδωσιν
905 813 1062 869 όλνόμος
1092 808 1194 851 οὗτος
1230 814 1317 851 ἀπο·
1388 817 1515 852 harum
1549 819 1586 853 et
1609 817 1722 853 solam
1746 817 1953 862 probaverit
1976 827 2141 861 causam,
2172 820 2210 854 et
2231 818 2364 854 lucrari
2387 818 2465 864 qui-

236 861 452 905 πέμπεσθαι
482 859 527 895 ἀν
552 865 587 908 ρὶ
610 860 677 906 τὴν
700 860 876 908 γαμετήν,
909 874 976 895 καν
1001 862 1031 895 εἰ
1063 866 1153 906 μίαν
1176 860 1319 896 τούτων
1336 866 1375 898 15
1390 863 1469 898 dem
1493 862 1630 905 dotem,
1659 862 1941 908 antenuptialem
1966 872 2050 898 vero
2074 861 2207 899 habere
2227 863 2465 900 donationem.

236 908 296 939 καὶ
323 903 440 949 μόνην
471 904 619 947 δείξειεν
651 908 791 948 αἰτίαν,
828 909 887 940 καὶ
917 905 1117 954 κερδαίνειν
1151 909 1219 951 μὲν
1251 905 1319 950 τὴν

236 953 383 998 προῖκα,
409 949 475 994 τὴν
499 949 539 985 δὲ
562 955 809 998 προγαμιαίαν
835 950 975 998 δωρεὰν
999 953 1104 994 ἔχειν.

235 994 262 1031 8
319 996 366 1029 Εἰ
409 993 450 1030 δὲ
491 999 551 1030 καὶ
593 995 753 1043 θάτερον
789 993 913 1031 αὐτῶν
954 995 1147 1051 πρόςωπον
1183 995 1319 1044 ἀλόγως
1387 997 1412 1034 8
1459 998 1495 1033 Si
1519 1008 1603 1034 vero
1627 998 1742 1033 altera
1765 998 1891 1033 harum
1916 1007 2071 1042 persona
2099 997 2390 1034 irrationabiliter
2411 1008 2467 1033 re-

236 1038 429 1084 ῥεπούδιον
451 1044 638 1087 πέμψειεν,
673 1041 771 1085 αὐτῷ
804 1039 924 1085 τούτῳ
951 1055 1005 1086 τῳ
1036 1041 1220 1085 ὃιαζεῦξαι
1253 1041 1319 1078 τὸν
1388 1042 1532 1088 pudium
1556 1043 1703 1085 miserit,
1730 1046 1765 1079 et
1789 1043 1858 1079 hoc
1882 1043 1999 1087 ipsum
2024 1043 2182 1078 solvendi
2206 1042 2468 1079 matrimonium

234 1083 350 1138 γάμον
375 1083 480 1132 λόγου
503 1090 610 1131 χωρὶς
641 1084 852 1122 ὑπεύθυνον
879 1089 983 1121 ἔσται
1006 1091 1083 1123 ταῖς
1106 1088 1319 1135 ὲμπροσθεν
1333 1091 1375 1123 20
1388 1089 1466 1124 sine
1490 1088 1639 1130 ratione,
1664 1088 1808 1124 subdita
1831 1087 1899 1123 erit
1923 1087 2057 1123 dudum
2081 1097 2104 1122 a
2128 1087 2232 1124 nobis
2257 1087 2361 1123 dictis
2382 1098 2467 1133 poe-

235 1132 319 1174 ημῖν
342 1131 418 1175 εἰρη
447 1132 542 1166 ἐναις
565 1135 721 1166 ποιναῖς·
755 1131 844 1178 πρὸς
866 1133 921 1176 τῷ
944 1131 1012 1176 τὴν
1033 1133 1193 1180 γαμετὴν
1213 1130 1318 1167 ὑπεύ·
1388 1134 1455 1169 nis.
1504 1134 1655 1178 Insuper
1684 1133 1792 1169 etiam
1825 1144 1916 1168 uxor
1945 1144 2008 1168 rea
2032 1133 2173 1168 omnino
2197 1143 2241 1169 ex
2265 1132 2469 1168 memoratis

236 1175 363 1228 θυνον
385 1144 476 1210 {iiiam
505 1178 543 1210 ἐκ
575 1178 654 1211 τῶν
684 1177 883 1233 εἰρημένων
907 1178 1038 1230 αἰτιῶν
1060 1174 1083 1222 ἢ
1105 1179 1167 1222 τῆς
1190 1175 1319 1233 ἀλόγου
1389 1179 1508 1214 causis
1532 1189 1597 1224 pro
1621 1178 1877 1214 irrationabilis
1902 1177 2043 1223 repudii
2067 1178 2235 1214 missione
2258 1178 2356 1214 facta
2376 1181 2413 1212 et
2432 1177 2470 1212 in

236 1232 380 1264 πομπης
426 1224 596 1266 ινομένην
619 1225 680 1256 καὶ
703 1234 751 1257 εις
775 1226 995 1257 πενταετίαν
1017 1220 1105 1267 ὃλην
1125 1222 1213 1269 πρὸς
1239 1222 1317 1257 ‹3⁸15-
1389 1224 1666 1268 quinquennium
1691 1227 1806 1260 totum
1830 1223 1877 1258 ad
1894 1223 2090 1259 secundum
2114 1224 2233 1259 venire
2257 1222 2470 1268 prohibetur

235 1277 342 1310 τερον
377 1267 395 1300 ἐ
418 1266 502 1300 θεῖν
534 1266 744 1302 κωλύεσθαι
779 1271 1018 1310 συνοικέσιον,
1053 1272 1129 1310 καὶ,
1145 1267 1212 1303 τὸν
1248 1267 1319 1316 πρὸ
1388 1270 1667 1311 matrimonium,
1709 1273 1745 1305 et
1778 1272 1862 1304 ante
1898 1268 2178 1313 quinquennium
2214 1268 2360 1314 nuptias
2397 1278 2470 1303 non

235 1311 296 1353 τῆς
328 1314 542 1346 πενταετίας
570 1310 688 1357 γάμον
721 1312 771 1357 μὴ
802 1309 1009 1348 ἀνεύθυνον
1038 1314 1147 1356 εἶναι,
1182 1312 1232 1358 μὴ
1260 1313 1319 1361 γά·
1333 1317 1376 1350 25
1389 1325 1469 1350 esse
1502 1315 1579 1350 sine
1611 1318 1715 1350 reatu
1746 1324 1861 1358 neque
1892 1314 2068 1358 legitimas
2099 1314 2236 1356 vocari,
2269 1314 2331 1349 sed
2355 1312 2470 1348 omnis

235 1366 325 1399 μον·
361 1353 450 1390 ἀλλὰ
480 1358 565 1399 πᾶς,
603 1361 732 1403 φησίν,
767 1355 787 1392 ὁ
818 1356 1035 1413 βρυλόμενος
1070 1363 1225 1415 προςίτω
1261 1362 1322 1393 καὶ
1389 1360 1510 1395 volens
1535 1359 1643 1395 adeat
1667 1362 1703 1395 et
1727 1362 1873 1395 accuset
1904 1358 2040 1394 factum
2064 1361 2246 1404 tamquam
2269 1360 2396 1394 contra
2419 1358 2470 1393 le-

237 1405 480 1480 xa‘glyoeu'w
504 1404 567 1436 τοῦ
599 1406 790 1450 γινομένου
815 1414 863 1438 ως
895 1416 994 1450 παρα
1017 1404 1083 1439 τὸν
1106 1418 1221 1449 νομον
1242 1403 1321 1440 τολ-
1389 1415 1467 1449 gem
1491 1408 1774 1450 praesumptum.

236 1459 284 1489 μη
319 1458 428 1481 εντος.

1211 1540 1369 1576 CAPUT
1397 1541 1493 1576 XVI.

287 1603 335 1637 Εἰ
366 1601 407 1638 δὲ
436 1608 495 1638 καὶ
526 1601 678 1652 εὐλόγως
709 1603 730 1649 ἡ
758 1605 855 1660 γυνὶζ1
879 1605 921 1640 τὸ
946 1604 1139 1653 ῥεπούδιον
1171 1607 1319 1642 στείλειε
1434 1608 1471 1643 Si
1496 1618 1578 1644 vero
1604 1607 1710 1642 etiam
1743 1607 2004 1643 rationabiliter
2035 1607 2163 1642 mulier
2195 1606 2383 1650 repudium
2407 1605 2471 1641 mi-

237 1650 296 1682 καὶ
319 1649 507 1696 κρατήσειε
530 1651 607 1684 τῶν
629 1648 804 1697 ἀγώνων,
836 1666 857 1694 η
880 1649 899 1685 ὁ
924 1650 1013 1697 ἀνὴρ
1043 1650 1181 1699 ἀλόγως
1205 1651 1319 1696 αὐτὴν
1333 1656 1375 1688 30
1389 1654 1476 1689 serit
1500 1656 1535 1688 et
1558 1654 1594 1688 in
1619 1653 1873 1688 certaminibus
1899 1652 2039 1694 vicerit,
2073 1654 2139 1687 aut
2161 1652 2214 1687 vir
2244 1650 2470 1686 irrationabi-

237 1691 546 1749 ἀποπεμψάμενος
580 1693 756 1730 ὑποπέσοι
790 1699 868 1731 ταῖς
904 1700 1063 1738 ποιναῖς,
1098 1696 1318 1743 κερδαινέτω
1389 1699 1468 1734 liter
1501 1709 1577 1734 eam
1602 1698 1760 1733 abiciens
1784 1697 2006 1733 subiacuerit
2037 1696 2178 1741 poenis,
2210 1697 2370 1732 lucretur
2393 1694 2471 1741 qui-

236 1739 304 1783 μόν
326 1752 374 1773 τα
397 1738 502 1784 κε’ρὸη
523 1739 569 1774 τὰ
591 1742 804 1786 ἔμπροσθεν
828 1743 1014 1787 εἰρημένα,
1047 1741 1255 1789 ἐρυθριάτω
1281 1742 1321 1777 δὲ
1390 1744 1468 1779 dem
1505 1744 1605 1778 lucra
1640 1743 1805 1788 primitus
1843 1743 1957 1784 dicta,
2000 1742 2191 1777 erubescat
2230 1743 2350 1777 autem
2388 1744 2472 1775 ante

239 1785 327 1839 πρὶν
339 1783 507 1819 ἐνιαυτὸν
521 1782 659 1827 ἐξήκειν
673 1787 720 1820 εἰς
733 1784 901 1842 δεύτερον
914 1788 1044 1832 φοιτᾶν
1055 1788 1182 1834 γάμον.
1208 1786 1320 1834 (Όπερ
1390 1799 1523 1824 annum
1554 1789 1769 1834 completum
1801 1788 1847 1823 ad
1880 1787 2037 1823 Secunda
2069 1791 2153 1822 vota
2182 1786 2312 1822 venire.
2369 1785 2472 1830 Quod

237 1841 279 1862 ου
303 1828 605 1876 παραφυλακτέον
628 1827 713 1874 ἡμῖν
737 1828 800 1865 ἐπ’
828 1831 973 1878 ανδρός·
998 1833 1051 1874 τῷ
1076 1832 1142 1879 γὰρ
1166 1831 1320 1880 εὐλόγως
1392 1845 1462 1869 non
1483 1834 1741 1869 observandum
1767 1833 1870 1869 nobis
1896 1837 1950 1868 est
1973 1833 2010 1867 in
2035 1832 2109 1868 viro
2129 1830 2389 1867 rationabiliter
2407 1830 2471 1866 ob-

237 1872 470 1919 κεκρατηκότι
499 1876 578 1909 τῶν
607 1874 786 1910 τοιούτων
815 1874 966 1923 κερδῶν,
997 1873 1089 1911 ὅπου
1112 1890 1152 1923 γε
1177 1881 1236 1911 καὶ
1260 1880 1314 1922 τῷ
1331 1883 1373 1913 35
1388 1879 1515 1914 tinenti
1547 1879 1634 1914 talia
1658 1879 1775 1922 lucra,
1811 1889 1891 1914 cum
1926 1882 1962 1912 et
1987 1888 2059 1913 non
2083 1876 2260 1912 obtinenti
2283 1875 2391 1911 etiam
2415 1885 2471 1910 re-

236 1917 286 1962 μὴ
307 1916 558 1966 κεκρατηκότι,
583 1924 643 1953 καὶ
666 1922 883 1967 παραχρῆμα
907 1924 1035 1968 γαμεῖν
1058 1922 1214 1962 ἔξεστιν·
1241 1925 1318 1958 ἐπεὶ
1389 1928 1493 1968 pente
1517 1924 1661 1969 nuptias
1685 1923 1805 1959 facere
1826 1923 1928 1964 licet,
1990 1922 2134 1958 uoniam
2167 1922 2266 1957 nulla
2290 1921 2389 1957 circa
2413 1930 2472 1955 80-

235 1960 392 2020 μηιξεμία
423 1967 506 2017 πέρὶ
535 1963 602 2007 τὴν
631 1966 693 2008 τῆς
721 1968 827 2012 γονῆς
850 1964 1022 2013 σύγχυσιν
1046 1965 1187 2021 εὖλογός
1219 1969 1319 2002 ἐστιν
1388 1969 1478 2004 bolis
1515 1968 1761 2004 confusionem
1796 1933 2020 2003 rationabiiis
2059 1969 2116 2002 est
2150 1966 2320 2012 suspicio.
2368 1964 2473 2010 Quod

235 2020 402 2044 υπονοια.
448 2021 539 2056 οπερ
568 2012 628 2044 ἐπὶ
655 2012 734 2044 τῶν
764 2013 950 2058 γυναικῶν
973 2010 1041 2054 τὴν
1064 2024 1135 2058 προ
1160 2014 1225 2046 τοῦ
1248 2014 1316 2047 ἐνι-
1386 2014 1423 2049 in
1445 2013 1655 2049 mulieribus
1687 2015 1771 2049 ante
1801 2013 1886 2049 anni
1918 2012 2190 2058 completionem
2221 2014 2320 2048 recte
2348 2010 2472 2058 prohi-

282 2135 355 2167 cap.
379 2123 457 2157 XV
477 2123 497 2166 ᾖ
518 2125 538 2158 3
564 2125 765 2167 aliquantum
789 2131 913 2158 mutata
937 2132 966 2158 et
985 2138 1056 2169 cap.
1083 2126 1183 2159 XVI
1198 2138 1249 2168 pr.
1277 2132 1387 2159 extant
1411 2127 1446 2159 B
1471 2127 1525 2167 28,
1550 2134 1578 2167 7,
1600 2132 1617 2159 2
1641 2126 1705 2167 (13¹
1727 2138 1761 2169 p.
1787 2127 1850 2160 153
1869 2126 1999 2166 zach).

236 2246 312 2271 una
335 2235 631 2277 latrocinantem,
661 2235 718 2272 vel
739 2247 835 2282 quae
866 2236 945 2272 viro
975 2236 1171 2282 iqnorante
1202 2240 1266 2272 aut
1293 2238 1399 2273 etiam
1452 2236 1640 2273 rohibente
1662 2237 1820 2273 aliorum
1852 2237 1945 2273 nihil
1975 2237 2026 2272 ad
2046 2247 2086 2272 se
2106 2236 2364 2283 pertinentium
2387 2247 2473 2272 con-

238 2280 345 2317 viviis
375 2281 552 2332 qaudeat,
582 2280 638 2317 vel
661 2281 770 2332 etiam
802 2281 880 2332 viro
911 2281 1025 2316 invito
1056 2282 1135 2317 sine
1159 2282 1255 2317 iusta
1279 2293 1391 2317 causa
1412 2249 1512 2327 giris
1560 2286 1739 2324 ernoctet,
1768 2282 1824 2319 vel
1851 2288 1979 2318 contra
2009 2281 2109 2317 illius
2133 2281 2353 2318 voluntatem
2377 2280 2473 2317 ludis

237 2325 456 2362 circenszbus
485 2325 683 2362 delectetur
711 2337 829 2372 nsque
851 2326 1011 2369 intersit,
1043 2326 1100 2362 vel
1126 2326 1269 2362 theatra
1288 2330 1399 2380 petat
1429 2329 1486 2369 (ea
1543 2327 1669 2363 icimus
1702 2327 1764 2363 ubi
1793 2338 1949 2363 scaenae
1983 2338 2027 2362 ac
2061 2326 2150 2362 talia
2178 2330 2282 2370 sunt,
2318 2330 2385 2362 aut
2412 2326 2476 2362 ubi

237 2370 430 2406 bestiarum
454 2381 533 2406 cum
557 2370 760 2406 bominibus
783 2371 1007 2414 certamina),
1032 2371 1088 2407 vel
1108 2371 1262 2407 insidias
1281 2372 1354 2418 ipsi
1375 2375 1496 2407 struat
1512 2383 1564 2408 εκ
1583 2372 1727 2408 venenis
1747 2377 1815 2408 aut
1836 2371 1961 2419 qladio
1986 2374 2050 2407 aut
2073 2371 2147 2407 alio
2171 2370 2282 2407 modo
2302 2374 2471 2419 paratas,

237 2415 333 2452 unde
355 2415 400 2452 de
427 2416 502 2452 vita
524 2415 717 2452 discrimen
737 2416 803 2458 sit,
836 2415 892 2451 vel
914 2416 1023 2452 etiam
1044 2417 1192 2452 conscia
1219 2417 1268 2452 sit
1300 2417 1529 2463 tyrannidem
1559 2417 1806 2461 molientibus,
1835 2417 1892 2454 vel
1915 2417 2024 2453 etiam
2052 2415 2234 2458 falsitatis
2262 2426 2328 2452 rea
2354 2416 2473 2461 facta,

237 2460 293 2497 vel
314 2460 473 2497 audaces
495 2472 626 2497 manus
647 2472 734 2497 suas
756 2461 829 2508 ipsi
851 2461 1005 2507 inqerat.
1054 2461 1198 2497 Etenim
1221 2461 1255 2498 si
1278 2462 1350 2498 tale
1373 2461 1464 2509 quid
1482 2463 1627 2508 factum
1649 2462 1716 2505 sit,
1753 2463 1817 2500 lex
1842 2462 1907 2498 illa
1938 2463 2016 2498 viro
2041 2460 2225 2504 concedit,
2255 2465 2297 2497 ut
2318 2471 2474 2498 umorem

236 2506 411 2558 dimittat,
443 2506 609 2587 aguniati
633 2517 744 2542 unam
768 2506 914 2542 illarum
938 2517 1086 2543 causam
1105 2506 1223 2542 solam
1246 2506 1485 2554 probaverit,
1519 2511 1630 2554 utque
1653 2511 1690 2543 et
1711 2507 1832 2544 dotem
1855 2507 2018 2543 lucretur
2041 2510 2077 2542 et
2099 2505 2387 2553 antenuptialem
2409 2504 2473 2542 do·

236 2555 420 2588 nunonem
438 2552 473 2587 si
494 2551 508 2586 i
603 2555 671 2587 eat.

235 2596 261 2634 8
327 2595 467 2641 Quodsi
498 2596 678 2632 alterutra
712 2595 842 2635 barum
871 2606 1115 2644 personarum
1148 2597 1227 2633 sine
1260 2597 1359 2634 iusta
1394 2607 1507 2634 eausa
1536 2607 1577 2633 re
1605 2596 1727 2632 udium
1758 2596 1914 2639 miserit,
1946 2607 1988 2632 eo
2023 2596 2124 2643 ipso,
2157 2595 2259 2642 quod
2286 2594 2472 2631 matrimo-

235 2642 336 2677 nium
365 2641 444 2678 sine
475 2652 588 2677 causa
617 2641 799 2684 dissolvit,
830 2640 995 2677 obnoatia
1026 2642 1097 2678 erit
1116 2642 1252 2689 poenis
1282 2646 1366 2679 ante
1389 2653 1413 2678 a
1436 2641 1540 2678 nobis
1588 2642 1688 2678 ictis:
1716 2645 1981 2688 praeterquam
2005 2639 2105 2687 quod
2127 2650 2228 2677 uxor
2251 2639 2397 2677 omnino
2422 2651 2474 2676 ex

236 2685 447 2723 criminibus
479 2697 596 2734 supra
631 2685 738 2722 dictis
769 2690 835 2722 aut
869 2697 919 2722 eae
952 2686 1107 2733 repudio
1143 2688 1222 2723 sine
1256 2698 1369 2723 causa
1403 2687 1513 2723 misso
1549 2697 1614 2723 rea
1648 2686 1754 2732 facta
1787 2697 1858 2732 per
1885 2685 2171 2732 quinquennium
2205 2685 2389 2731 inteqrum
2423 2684 2474 2720 ad

235 2731 431 2768 secundum
459 2731 666 2778 coniuqium
695 2732 816 2768 venire
839 2730 1072 2778 prohibetur,
1110 2736 1146 2768 et
1177 2743 1271 2779 quae
1302 2736 1387 2768 ante
1418 2731 1702 2784 quinquennium
1734 2731 1825 2776 fient
1855 2741 1905 2766 nu
1934 2730 2006 2766 tiae
2036 2741 2111 2766 non
2138 2729 2286 2776 impune
2317 2729 2473 2776 futurae

235 2780 350 2857 sum’t
365 2787 441 2813 non
465 2776 646 2823 leqitimae
669 2776 835 2823 nuptiae.-
866 2776 932 2812 sed
955 2777 1171 2824 quicumque
1190 2777 1302 2820 volet,
1334 2778 1465 2825 inquit,
1498 2776 1667 2818 accedat,
1699 2781 1735 2812 et
1756 2775 1857 2822 quod
1900 2779 2020 2811 actum
2044 2778 2111 2818 est,
2142 2779 2184 2810 ut
2203 2778 2335 2811 contra
2359 2774 2472 2822 leqcm

239 2825 307 2858 tem
349 2825 449 2858 atum
470 2833 514 2857 ar
565 2825 613 2857 at.

304 2832 332 2870 p
371 2865 469 2904 XVI.
514 2832 604 2902 qged
622 2867 731 2902 etiam
753 2867 787 2902 si
806 2867 936 2903 mulier
958 2877 1009 2903 ea:
1031 2868 1129 2903 iusta
1154 2878 1266 2904 causa
1287 2867 1479 2915 repudium
1502 2866 1643 2903 miserit
1673 2870 1710 2902 et
1731 2865 1828 2902 litem
1851 2865 1996 2908 vicerit,
2027 2865 2103 2901 sive
2126 2864 2182 2900 vir
2204 2875 2249 2900 ea
2275 2863 2354 2900 sino
2375 2863 2472 2900 iusta

237 2922 351 2949 causa
373 2911 523 2948 dimissa
545 2911 585 2947 in
601 2922 745 2959 poenas
768 2912 852 2947 illas
875 2912 1064 2955 inciderit,
1097 2912 1161 2948 illa
1185 2912 1330 2959 quidem
1352 2912 1504 2958 auferat
1532 2912 1637 2948 lucra
1663 2922 1758 2958 quae
1780 2914 1865 2947 ante
1888 2909 1986 2946 dicta
2009 2913 2113 2953 sunt,
2143 2908 2332 2946 erubescat
2354 2913 2473 2945 autem

231 2956 342 3005 pn‘us
364 2967 475 3010 quam
497 2967 617 2993 annus
641 2957 828 2993 transierit
844 2957 895 2993 ad
915 2957 1094 2993 secundas
1117 2958 1268 3005 nuptias
1297 2958 1469 3006 miqrare,
1529 2956 1637 3001 Quod
1656 2955 1800 3003 quidem
1819 2955 1858 2991 in
1882 2955 1961 2990 viro
1985 2954 2090 2991 nobis
2113 2953 2374 3006 observandum
2397 2964 2472 3006 non

236 3006 292 3040 est
297 3014 314 3045 ,·
346 3013 379 3039 σι
403 3002 497 3039 enim
520 3002 584 3049 qui
606 3001 710 3038 lucra
733 3002 799 3037 illa
822 3013 872 3038 ex
894 3003 992 3039 iusta
1015 3013 1127 3038 causa
1152 3002 1323 3046 obtinuit,
1356 3002 1651 3050 quandoquidem
1686 3001 1743 3038 vel
1772 3002 1808 3038 ei
1828 3000 1892 3048 qui
1914 3011 1989 3036 non
2013 2999 2190 3042 obtinuit,
2220 3003 2330 3035 ettam
2347 3001 2472 3051 statim

238 3058 393 3085 uxorem
423 3045 555 3084 ducere
588 3047 691 3084 licet:
725 3047 898 3094 quoniam
930 3047 1035 3084 nulla
1066 3047 1111 3085 de
1139 3047 1279 3084 subolis
1313 3048 1531 3094 confusione
1567 3048 1665 3083 iusta
1693 3050 1750 3083 est
1775 3045 1960 3093 suspieio;
1994 3044 2035 3082 id
2064 3043 2165 3092 quod
2193 3044 2233 3080 in
2266 3042 2474 3080 mulieribus

282 3164 304 3198 6
320 3172 351 3197 π
399 3162 625 3209 αγινομένην]
639 3161 835 3204 spectaculis
847 3162 1076 3195 inhaerentem
1087 3174 1108 3200 ς
1125 3160 1139 3206 Ι
1156 3163 1197 3197 18
1216 3159 1320 3208 πρός·
1391 3164 1412 3197 6
1436 3160 1707 3195 adinuenientem
1724 3160 1759 3194 R
1774 3160 1788 3205 fl
1804 3171 1899 3194 soene
1931 3161 1977 3201 V]
2000 3169 2098 3192 soena
2117 3158 2152 3192 R
2163 3158 2250 3203 vulq.
2307 3158 2328 3192 8
2350 3156 2472 3193 satien-

238 3174 545 3242 mnovffachariaae
557 3219 626 3241 cum
642 3209 672 3248 ς]
695 3204 901 3252 προςοόπων
916 3208 963 3241 Μ
973 3206 986 3252 ΙΙ
1003 3209 1044 3241 25
1064 3205 1114 3251 μὴ
1132 3203 1178 3254 γά
1262 3207 1320 3248 Μ]
1391 3209 1458 3241 tem
1482 3207 1622 3240 uenenis
1653 3205 1710 3251 Vfl
1726 3207 1747 3240 9
1771 3205 1854 3239 alias
1877 3206 1974 3239 R¹T¹
1993 3204 2006 3249 ΙΙ
2028 3205 2116 3238 faeta
2142 3203 2246 3237 factas
2283 3201 2387 3235 noto·
2407 3201 2472 3242 1⁷⁸)

238 3263 345 3295 neque
362 3253 530 3295 legitimas
545 3252 656 3286 vocari
680 3263 700 3289 ι-
723 3248 821 3293 (οὐὸἑ
843 3249 992 3296 νόμιμος
1014 3249 1124 3298 γάμος
1146 3265 1167 3286 κ
1189 3249 1321 3295 ηθήσε-
1399 3252 1452 3287 1⁷²
1470 3250 1483 3296 ΙΙ
1502 3254 1542 3286 10
1566 3251 1775 3295 tyrannidem
1807 3250 1860 3285 V·
1882 3252 1916 3284 in
1940 3262 2007 3284 ras.
2029 3251 2116 3284 7-8
2136 3249 2195 3283 litt.
2213 3247 2226 3293 Ι
2248 3248 2289 3282 12
2312 3245 2394 3280 talia
2414 3245 2447 3279 V
2459 3249 2474 3292 Ι

237 3310 299 3331 ται
312 3298 378 3340 B);
405 3298 465 3342 leq.
488 3294 597 3343 μη<δὲ
615 3293 770 3341 νόμιμον
790 3295 990 3342 κληθῆναι)
1011 3295 1153 3344 γάμονῗ
1177 3300 1220 3341 ef.
1243 3298 1320 3332 Cod.
1394 3299 1435 3332 13
1462 3296 1517 3330 lex
1545 3297 1628 3330 baec
1659 3307 1679 3329 a
1708 3297 1784 3330 uiro
1815 3296 1851 3332 V
1879 3306 1962 3329 uero
1990 3294 2044 3328 lex
2070 3295 2154 3328 haee·
2171 3293 2206 3327 R
2234 3291 2248 3337 Ι
2280 3293 2320 3327 14
2351 3291 2471 3343 borum

239 3343 271 3382 5,
288 3350 328 3382 17,
342 3351 358 3376 8
376 3347 423 3382 §⁴
440 3343 453 3386 ΙΙ
472 3344 515 3378 26
584 3344 644 3376 σίν
657 3355 715 3376 om.
729 3342 788 3379 Bc
803 3342 815 3387 ΙΙ
835 3345 875 3376 27
898 3345 1214 3389 κατηγορείτωσαν
1226 3342 1291 3376 M⁰
1310 3340 1323 3388 ΙΙ
1391 3342 1469 3376 RV
1527 3343 1567 3376 18
1591 3341 1731 3376 alteram
1760 3341 1809 3376 V¹
1827 3340 1840 3385 fl
1862 3350 2077 3384 personarum
2099 3339 2186 3384 vulq-
2211 3335 2226 3382 Ι
2310 3334 2471 3369 adtumu-

240 3386 283 3420 29
308 3383 499 3432 ρεποῦδιον
600 3384 705 3429 ὃιαζύ
729 3399 786 3421 ιον
807 3386 871 3432 Bu
892 3390 933 3422 30
958 3385 1171 3435 *κρατήσειε
1193 3389 1249 3432 (ef.
1275 3388 1320 3429 ς)]
1391 3387 1457 3420 erit
1528 3385 1580 3466 ἰι
1598 3388 1637 3422 19
1661 3389 1695 3421 et
1714 3387 1778 3421 hoc
1801 3384 1921 3438 ipsum]
1948 3387 2009 3429 leq.
2035 3394 2075 3419 ex
2097 3379 2280 3435 hoo-..ipset
2335 3381 2375 3415 21
2401 3390 2471 3413 om-

239 3443 261 3463 κ
286 3429 410 3473 ατήσοι
431 3433 476 3465 Bt
508 3430 678 3479 κρατήσει
702 3399 809 3466 inv!
835 3431 847 3477 Ε
877 3429 899 3475 ἢ
922 3428 942 3466 ὁ
963 3451 1007 3457 -
1031 3434 1070 3467 31
1098 3434 1240 3468 ποιναῖς
1263 3445 1321 3467 om.
1391 3431 1526 3465 nimodo
1589 3431 1603 3476 ΙΙ
1622 3433 1663 3466 22
1683 3431 1908 3466 irrationabili
1932 3431 2006 3466 odd.
2023 3427 2200 3475 'repudiis
2219 3425 2273 3459 V·
2332 3426 2375 3477 ².3
2394 3435 2470 3477 pro-

239 3442 283 3509 ἔ
292 3474 306 3519 Ι
324 3478 365 3509 33
386 3475 434 3510 εἰς
454 3474 621 3522 δεύτερον
638 3477 769 3531 φοιτᾶν
785 3474 831 3523 γά
879 3490 901 3510 ν
925 3478 1023 3520 Β(ς·)]
1051 3474 1220 3524 δεύτερον
1273 3489 1322 3511 οι-
1391 3477 1539 3518 bibetur]
1564 3476 1716 3521 proibere
1736 3479 1843 3511 totum
1855 3476 1905 3510 Β*
1923 3476 1936 3519 Η
1952 3477 1995 3509 29
2019 3475 2106 3509 rubr.
2123 3470 2241 3522 Soluto
2256 3471 2470 3522 matrimomo

239 3518 309 3554 τᾶν
322 3520 367 3553 Μ
376 3520 391 3564 Ι
407 3522 449 3554 34
471 3519 530 3556 ἐπ’
547 3520 676 3568 ἆνὸρος
694 3522 759 3557 τοῦ
777 3489 931 3569 εὐλόγως
949 3521 1206 3568 κεκρατηκότος
1258 3535 1321 3557 om·
1391 3524 1430 3555 ut
1458 3532 1518 3565 per
1548 3532 1675 3555 annum
1705 3522 1871 3555 abstineat
1898 3519 2020 3554 mulier
2048 3527 2069 3551 a
2097 3514 2253 3551 secundi·
2283 3517 2413 3557 nuptus
2437 3515 2470 3548 R

242 3564 393 3608 bequiun
409 3577 475 3598 cum
498 3579 517 3603 ς
535 3567 547 3610 ΙΙ
572 3571 614 3603 35
633 3563 726 3602 ὅπου
744 3579 786 3614 γε
808 3585 855 3593 -
876 3570 920 3603 36
945 3564 1179 3612 κεκρατηκότι
1202 3581 1261 3603 om.
1286 3568 1322 3602 B
1390 3579 1452 3611 my.
1470 3566 1483 3611 ss
1500 3566 1779 3601 irrationabiliter
1793 3566 1843 3600 Β*
1859 3565 1873 3611 fl
1890 3567 1931 3600 31
1951 3561 2167 3598 subinouierit
2187 3559 2239 3593 V⁰
2256 3557 2270 3603 ΙΙ
2285 3560 2328 3594 32
2352 3558 2468 3592 erube-

244 3626 1318 3639 ———-——————
1389 3616 1483 3645 soant
1507 3611 1557 3645 R²
1575 3612 1586 3657 ΙΙ
1602 3613 1692 3654 ante]
1719 3609 1962 3655 antenuptialin
1976 3608 2032 3644 Β·
2083 3607 2126 3641 35
2151 3614 2226 3637 oum
2250 3613 2318 3656 {1⁰¹¹
2343 3606 2377 3637 0¹²
2399 3614 2468 3637 ¹1⁰³

288 3655 302 3688 1
333 3653 541 3688 latrouoibus
570 3656 617 3690 V·
645 3657 658 3701 u
688 3657 752 3699 vel]
783 3659 845 3691 aut
866 3657 901 3692 R
926 3657 940 3701 Ι
970 3659 990 3692 2
1023 3658 1189 3701 gaudente
1221 3658 1274 3693 V*
1397 3656 1476 3700 1⁷⁰1!
1495 3656 1643 3700 replente
1668 3655 1747 3701 13¹1
1773 3658 1816 3692 38
1839 3654 1980 3690 muliere
2001 3650 2037 3686 B
2089 3648 2362 3693 oompleohonem
2395 3649 2430 3683 V
2456 3646 2469 3693 ΙΙ

242 3699 407 3742 coniugii·
432 3698 494 3743 Ru
523 3702 541 3733 4
566 3702 826 3742 pcrnoeitantem
858 3701 923 3748 V!
950 3705 970 3737 5
993 3703 1201 3737 coherentem
1230 3703 1276 3736 R·
1388 3702 1585 3747 prohibetur
1603 3720 1647 3726 —
1670 3702 1746 3743 157,
1767 3709 1782 3735 '1
1807 3696 1952 3741 Theodol
1972 3709 2036 3731 scr-
2057 3694 2108 3732 13⁸
2131 3696 2163 3729 in
2184 3706 2252 3728 rae·
2277 3696 2296 3729 4
2321 3706 2468 3729 versuum
