2586 3990
248 117 357 161 Nov.
384 115 563 159 CXXIII
592 117 632 157 9.
666 118 718 157 10

247 236 378 261 σκοπος
400 221 613 266 οἱανδήποτε
637 219 753 258 τόπου
779 218 1016 267 ἄποδημήσει,
1047 222 1096 266 μὴ
1120 220 1231 256 πλέον
1253 221 1333 257 ἑνὸς

247 269 411 305 ἐνιαυτοῦ
443 268 511 311 τὴν
535 265 632 301 ἰδίαν
662 266 968 312 καταλιμπανέτω
999 266 1201 310 ἐκκλησίαν.
1247 267 1331 301 τοὺς

246 314 287 348 δὲ
300 310 519 348 ἐπισκόπους
541 310 624 346 τοὺς
638 311 732 345 κατὰ
747 311 817 354 τὴν
832 309 1006 356 βασιλίδα
1021 310 1143 354 πόλιν,
1167 309 1216 346 ὥς
1238 311 1330 357 εἴρη-

244 371 321 400 ται,
345 358 664 403 παραγινομένους,
688 355 901 400 οἱαςδήποτε
925 355 996 390 εἷεν
1017 354 1233 412 διοικήσεως,
1258 355 1329 403 πρὸ

245 401 401 438 πάντων
417 397 566 436 ἀπιέναι
589 399 680 446 πρὸς
701 401 770 435 τὸν
791 398 1076 446 μακαριώτατον
1105 404 1331 446 αρχιεπίσκο·

244 460 316 482 πον
340 444 769 480 Κωνσταντινουπόλεως
792 448 853 479 καὶ
873 445 1111 491 πατριάρχην,
1136 448 1196 479 καὶ
1216 442 1332 480 οὕτως

245 489 296 525 δι’
324 487 436 525 αὐτοῦ
473 489 564 535 πρὸς
597 490 666 533 τὴν
701 487 878 535 ἡμετέραν
914 490 1056 524 εἰςιέναι
1089 489 1329 537 γαληνότητα.

243 539 317 570 τοῖς
340 533 382 569 δὲ
404 535 503 580 παρὰ
528 535 666 578 ταύτην
689 533 796 579 ἡμῶν
811 535 880 578 τὴν
897 532 1127 570 διατύπωσιν
1150 533 1174 578 ἢ
1196 532 1330 578 ἀποδη-

242 582 375 626 μοῦσιν
397 578 421 623 ἢ
441 578 533 624 ὑπὲρ
565 579 634 614 τὸν
665 577 869 625 ὡρισμένον
903 580 989 633 τοῦ,
1002 581 1168 615 ἐνιαυτοῦ
1198 579 1332 635 χρόνον

1325 109 1409 158 602

2090 127 2159 157 DE-
2180 125 2479 160 SANCTISSIMIS

1401 232 1469 267 que
1503 223 1574 259 loci
1603 222 1787 266 profectus
1821 223 1946 269 fuerit,
1982 235 2055 260 non
2089 225 2241 269 amplius
2277 235 2349 260 uno
2383 234 2478 261 anno

1397 278 1500 304 suam
1531 267 1707 311 relinquat
1736 267 1934 304 ecclesiam.
1981 269 2182 314 Episcopos
2210 273 2329 306 autem
2360 269 2398 304 in
2421 280 2478 305 re-

1399 313 1493 356 giam
1515 312 1693 347 civitatem
1713 312 1820 354 (sicut
1835 313 1970 348 dictum
1985 316 2052 358 est)
2072 315 2265 359 venientes,
2290 313 2480 350 cuiuslibet

1399 358 1535 392 fuerint
1566 356 1735 399 diocesis,
1767 366 1856 401 prae
1885 358 2049 394 omnibus
2079 359 2132 395 ire
2160 359 2207 395 ad
2237 359 2480 395 beatissimum

1367 405 1386 436 5
1400 401 1710 446 archiepiscopum
1730 401 2088 447 Constantinopoleos
2111 406 2148 439 et
2170 404 2420 450 patriarcham,
2444 407 2481 439 et

1398 446 1452 481 ita
1486 455 1551 491 per
1587 455 1667 481 eum
1707 445 1754 481 ad
1789 449 1948 482 nostram
1987 447 2135 484 introire
2175 448 2478 493 tranquillitatem.

1400 490 1500 526 Citra
1529 494 1649 527 autem
1679 491 1773 526 hanc
1809 495 1969 527 nostram
2002 492 2267 538 dispositionem
2302 498 2366 529 aut
2395 503 2480 538 pro-

1399 535 1642 572 ficiscentibus
1675 540 1739 572 aut
1769 536 1864 571 ultra
1895 536 2077 572 definitum
2105 538 2210 574 unius
2233 539 2318 574 anni
2339 541 2479 584 tempus

1400 584 1501 616 extra
1521 591 1622 616 suam
1637 581 1825 617 ecclesiam
1849 580 2063 617 facientibus
2084 583 2235 627 primum
2251 583 2391 628 quidem
2407 593 2480 619 non

244 626 321 667 ἔξω
336 626 399 669 τῆς
415 623 508 660 ἰδίας
532 623 716 667 ἐκκλησίας
739 625 884 660 ποιοῦσι
908 637 1058 670 πρωτον
1076 627 1144 669 μὲν
1162 639 1213 670 μη
1227 637 1329 705 χορη-
1346 627 1386 659 10
1399 626 1592 661 ministrari
1616 627 1661 661 ab
1683 627 1887 662 oeconomis
1911 636 1977 671 pro
2004 626 2078 662 riae
2100 628 2271 663 ecclesiae
2290 638 2478 673 expensas,

242 671 392 717 γεῖσθαι
415 669 515 715 παρὰ
539 670 617 704 τῶν
633 669 839 714 οἰκονόμων
862 671 926 713 τῆς
949 667 1042 704 ἰδίας
1066 669 1248 713 ἐκκλησίας
1292 683 1330 703 α-

243 716 378 758 πάνας,
402 717 529 750 ἔπειτα
554 712 594 748 δὲ
616 712 960 760 ὑπομιμνήσκεσθαι
985 711 1113 749 αὐτοὺς
1135 714 1195 749 διὰ
1219 728 1330 762 γραμ-

241 760 372 805 μάτων
395 760 475 795 τῶν
498 759 624 806 ἱερέων
647 756 712 805 ὑφ’
730 757 791 794 οὓς
805 759 982 802 τελοῦσιν,
1006 757 1094 794 ὥςτε
1111 759 1331 795 ἐπανελθεῖν

242 806 290 840 είς
310 805 374 840 τὰς
390 803 483 839 ἰδίας
498 803 697 848 ἐκκλησίας,
722 803 1027 851 ὑπερτιθεμένους
1047 803 1088 839 δὲ
1102 803 1330 851 ὑποστρέψαι

1399 670 1527 706 deinde
1561 671 1743 707 admoneri
1778 681 1839 707 eos
1882 681 1946 715 per
2006 675 2117 707 tteras
2152 672 2375 708 sacerdotum
2412 673 2479 708 sub

1400 716 1529 761 quibus
1553 719 1674 760 agunt,
1699 718 1739 751 ut
1754 719 1979 751 revertantur
2002 716 2047 751 ad
2068 726 2152 752 suas
2175 718 2356 760 ecclesias,
2382 717 2479 752 diffe-

1398 765 1517 797 rentes
1550 765 1670 796 autem
1699 761 1827 796 reverti
1857 761 2053 797 secundum
2084 764 2227 798 sanctas
2260 762 2400 798 evocari
2423 771 2479 797 re-

1398 806 1511 850 gulas.
1559 806 1610 842 Et
1640 806 1709 841 nisi
1738 806 1834 841 intra
1866 805 2048 842 definitum
2084 816 2106 841 a
2134 807 2247 842 sacris
2282 807 2480 843 canonibus

241 851 335 885 κατὰ
358 850 441 885 τοὺς
465 849 579 896 ἱεροὺς
601 848 795 884 καλεῖσθαι
818 851 990 904 κανόνας,
1020 853 1080 884 καὶ
1093 851 1133 904 εεἰ
1154 850 1204 894 μὴ
1229 849 1331 885 ἐντὸς
1346 853 1385 885 15
1399 854 1538 897 tempus
1562 855 1787 887 revertantur
1815 851 1862 886 ad
1885 862 1969 886 suas
1994 851 2181 893 ecclesias,
2214 851 2314 896 ipsos
2338 851 2480 896 quidem

241 897 307 930 τοῦ
325 892 535 942 ὁριζομένου
559 894 659 940 παρὰ
683 896 760 929 τῶν
777 894 904 941 ἱερέων
926 908 1059 940 χρονου
1082 898 1329 941 υποστρέψου-

242 953 301 975 σιν
325 941 375 976 εἰς
397 941 463 975 τὰς
484 937 578 974 ἰδίας
601 938 682 974 ἐκκλ
707 943 802 984 σίας,
829 937 955 974 αὐτοὺς
970 941 1039 985 μὲν
1054 941 1117 983 τῆς
1133 941 1330 983 ἐπισκοπῆς

241 985 490 1028 ἐξωθεῖσθαι,
518 985 658 1030 ἑτέρους
681 953 722 1020 δὲ
744 982 832 1020 ἀντ’
859 982 986 1020 αὐτῶν
1008 984 1197 1020 καλλίονας
1218 998 1329 1032 χειρο-

240 1031 434 1066 τονεῖσθαι
468 1028 563 1064 κατὰ
598 1030 667 1073 τὴν
700 1030 766 1065 τοῦ
798 1027 981 1076 παρόντος
1013 1029 1128 1084 νόμον
1162 1028 1327 1075 δύναμιν.

1399 897 1609 941 episcopatu
1633 896 1782 941 expelli,
1804 896 1894 932 alios
1910 900 2029 931 autem
2049 906 2114 941 pro
2133 896 2183 932 eis
2199 897 2362 932 meliores
2386 896 2479 932 ordi·

1398 942 1476 977 nari
1500 941 1697 977 secundum
1720 943 1920 985 praesentis
1942 942 2029 985 legis
2046 941 2222 977 virtutem.
2269 940 2350 977 Hoc
2363 941 2481 986 ipsum

1397 991 1435 1022 et
1457 996 1565 1032 super
1589 986 1726 1022 clericis
1747 987 1948 1030 valiturum,
1972 986 2227 1033 cuiuscumque
2250 986 2385 1023 ordinis
2403 986 2480 1022 fue-

1398 1032 1471 1068 rint
1494 1034 1559 1068 aut
1580 1031 1776 1068 ministerii.

241 1075 372 1111 τούτου
396 1072 508 1110 αὐτοῦ
533 1078 594 1109 καὶ
617 1076 679 1111 ἐπὶ
702 1077 774 1110 τοῖς
791 1074 966 1119 κληρικοῖς
985 1086 1214 1122 κρατουντος,
1236 1075 1328 1111 οἱου-
1342 1076 1385 1110 20

241 1119 377 1165 δήποτε
400 1121 553 1166 βαθμοῦ
579 1119 650 1155 εἶεν
669 1117 693 1163 ἢ
716 1119 919 1166 ὑπηρεσίας.

1251 1234 1411 1271 CAPUT
1434 1233 1480 1270 X.

301 1295 380 1334 ‘'Iva
403 1297 444 1333 δὲ
465 1301 568 1335 πᾶσα
599 1296 622 1343 ἦ
646 1298 920 1345 ἐκκλησιαστικὴ
954 1300 1174 1336 κατάστασις
1201 1304 1262 1335 καὶ
1291 1300 1329 1336 οἱ

239 1345 338 1379 θεῖοι
367 1343 522 1379 κανόνες
547 1344 723 1390 ἐπιμελῶς
752 1343 1011 1391 φυλάττοιντο,
1042 1345 1232 1391 κελεύομεν
1261 1348 1327 1381 ἕνα

240 1392 394 1425 ἕκαστον
415 1389 699 1446 μακαριώτατον
714 1387 999 1446 ἀρχιεπίσκοπον
1022 1395 1082 1426 καὶ
1099 1391 1326 1438 πατριάρχην

1463 1301 1511 1337 Ut
1540 1304 1660 1338 autem
1692 1301 1807 1338 omnis
1840 1301 2103 1338 ecclesiasticus
2135 1304 2251 1338 status
2285 1305 2322 1338 et
2354 1311 2481 1338 sacrae

1394 1347 1538 1392 regulae
1561 1346 1748 1392 diligenter
1773 1347 2030 1390 custodiantur,
2057 1348 2220 1383 iubemus
2245 1357 2479 1392 unumquem-

1394 1402 1463 1437 que
1486 1393 1629 1429 beatum
1650 1392 1958 1437 archiepiscopum
1981 1396 2017 1428 et
2032 1392 2274 1437 patriarcham
2297 1395 2335 1428 et
2350 1395 2480 1428 metro-

239 1438 307 1490 καὶ,
331 1434 603 1491 μητροπολίτην
635 1447 718 1471 τους
746 1433 970 1471 οσιωτάτους
998 1438 1217 1472 ἐπισκόπους
1245 1437 1326 1471 τοὺς
1338 1441 1380 1473 25
1395 1438 1543 1482 politam
1566 1438 1812 1474 sanctissimos
1836 1438 2025 1483 episcopos
2052 1438 2120 1473 sub
2144 1447 2183 1473 se
2208 1438 2421 1474 constitutos
2443 1438 2481 1472 in

240 1493 293 1516 υπ
327 1480 458 1515 αυτοὺς
479 1479 673 1515 τελοῦντας
694 1481 788 1515 κατὰ
807 1481 877 1526 τὴν
894 1479 1009 1525 αὐτὴν
1026 1483 1202 1528 ἐπαρχίαν
1225 1479 1326 1523 ἅπαξ

240 1523 263 1569 ἢ
286 1523 340 1560 δὶς
361 1522 453 1560 καθ’
477 1527 632 1560 ἕκαστον
662 1527 740 1561 ἔτος
764 1525 854 1572 πρὸς
877 1527 1010 1562 ἑαυτὸν
1033 1526 1234 1574 συγκαλεῖν,
1265 1531 1325 1561 καὶ

239 1569 356 1606 πάσας
387 1570 452 1605 τὰς
484 1572 599 1605 αἰτίας
628 1568 789 1618 ἀκριβῶς
819 1571 999 1615 ἐξετάζειν
1025 1569 1170 1607 ἅςτινας
1192 1572 1229 1607 οἱ
1249 1574 1325 1607 ἐπί-

240 1627 371 1651 σκοποι
401 1614 426 1659 ἢ
455 1614 613 1662 κληρικοὶ
644 1614 666 1659 ἢ
692 1620 843 1671 μοναζοὶ
874 1617 965 1673 πρὸς
996 1614 1167 1660 ἀλλήλους
1195 1619 1325 1660 έχουσι,

1394 1483 1519 1518 eadem
1555 1483 1741 1528 provincia
1776 1483 1884 1519 semel
1925 1485 1988 1518 aut
2023 1483 2180 1518 secundo
2222 1492 2287 1528 per
2321 1482 2481 1527 singulos

1393 1538 1508 1564 annos
1540 1528 1586 1564 ad
1619 1538 1657 1564 se
1689 1538 1905 1569 convocare,
1938 1532 1974 1563 et
1997 1538 2119 1563 omnes
2152 1537 2280 1563 causas
2303 1528 2482 1563 subtiliter

1395 1574 1607 1616 examinare,
1634 1584 1722 1618 quas
1747 1573 1906 1618 episcopi
1934 1577 1998 1608 aut
2017 1573 2138 1608 clerici
2160 1575 2224 1609 aut
2246 1573 2413 1608 monachi
2435 1573 2480 1608 ad

1393 1619 1544 1654 invicem
1579 1619 1732 1661 habent,
1769 1628 1900 1664 easque
1936 1618 2144 1663 disponere,
2177 1623 2213 1653 et
2247 1627 2356 1663 super
2391 1618 2481 1654 haec

240 1664 301 1695 καὶ
318 1661 454 1695 ταύτας
477 1659 689 1696 διατιθέναι
712 1676 805 1696 κατα
829 1674 912 1696 τους
932 1661 1242 1707 ἐκκλησιαστικοὺς
1264 1676 1325 1697 κα-
1340 1666 1381 1698 30
1395 1664 1565 1709 quicquffl
1595 1667 1697 1700 extra.
1727 1665 1871 1709 regulas
1894 1673 1918 1699 a
1941 1673 2164 1709 quacumque
2191 1672 2345 1708 persona
2368 1663 2480 1699 delin-

240 1705 366 1747 νόνας,
391 1709 452 1740 καὶ
475 1706 566 1751 πρὸς
577 1703 731 1741 *τούτοις
757 1707 794 1741 εἴ
811 1721 847 1742 τι
871 1707 971 1754 παρὰ
1001 1707 1085 1742 τοὺς
1108 1707 1264 1743 κανόνας
1288 1708 1327 1748 ἐξ

239 1749 454 1795 οἱουδήποτε
483 1748 677 1797 προςώπου
707 1749 912 1798 ἡμάρτηται
944 1750 1204 1798 διορθοῦσθαι.

240 1799 263 1834 1
308 1794 595 1842 Ἀπαγορεύομεν
626 1794 666 1830 δὲ
696 1799 769 1831 τοῖς
792 1794 1010 1832 ὁσιωτάτοις
1033 1797 1244 1833 ἐπισκόποις
1267 1800 1325 1831 καὶ

240 1844 496 1888 πρεσβυτέροις
511 1844 572 1875 καὶ
589 1839 770 1876 διακόνοις
792 1845 854 1877 καὶ
876 1839 1131 1878 ὖποδιακόνοις
1152 1846 1214 1877 καὶ
1237 1839 1325 1877 ἀνα-

1394 1709 1516 1753 quitur
1540 1709 1732 1745 emendari.

1394 1801 1418 1835 1
1464 1798 1713 1834 Interdicimus
1731 1801 1850 1834 autem
1866 1797 2102 1833 sanctissimis
2127 1797 2305 1843 episcopis
2325 1801 2362 1834 et
2379 1809 2479 1844 pres-

1394 1843 1530 1890 byteris
1560 1847 1597 1879 et
1619 1843 1828 1879 diaconibus
1860 1845 1896 1879 et
1920 1842 2199 1879 subdiaconibus
2226 1848 2262 1878 et
2283 1843 2479 1880 lectoribus

308 1944 336 1966 c.
352 1933 396 1966 X
410 1945 464 1975 pr.
489 1933 547 1974 (—
570 1933 626 1975 32)
651 1945 710 1966 om.
729 1934 764 1966 B
788 1941 819 1967 et
840 1934 891 1976 L,
915 1935 948 1967 in
973 1936 1091 1978 quibus
1109 1948 1172 1978 pro
1196 1935 1258 1968 hac
1276 1935 1445 1978 particula
1468 1936 1652 1968 inseruntur
1675 1947 1747 1967 nov.
1768 1935 1988 1968 CXXXVII
2006 1947 2032 1967 c.
2054 1935 2170 1969 4—6.
2218 1934 2247 1967 S
2268 1947 2393 1979 quoque
2416 1949 2480 1970 non

241 1978 338 2011 habet
361 1978 428 2011 nisi
447 1977 469 2021 ξ
486 1980 501 2012 1
521 1990 551 2012 υ.
565 1979 737 2019 33-603,
751 1986 766 2012 ’1
784 1980 873 2020 (inde
889 1979 1022 2013 Nomoc.
1035 1980 1068 2012 L
1086 1981 1132 2013 tit.
1147 1980 1190 2013 28
1204 1992 1239 2022 p.
1253 1980 1319 2013 635
1338 1980 1453 2022 Voell.)
1477 1988 1506 2013 et
1529 1979 1551 2023 ἓ
1565 1981 1585 2013 2
1602 1981 1690 2020 (inde
1701 1980 1878 2022 Appendix
1889 1980 2021 2013 Nomoc.
2033 1980 2065 2012 L
2083 1981 2128 2013 tit.
2146 1981 2307 2032 cap3eccl.
2322 1983 2342 2015 5
2365 1994 2399 2025 p.
2414 1983 2478 2016 662

249 2022 375 2064 Voell.).
424 2023 480 2056 Ea·
500 2023 536 2055 B
560 2024 580 2064 ξ
600 2025 615 2056 1
635 2025 678 2064 (υ.
692 2025 898 2066 33-603‚4
922 2023 1208 2068 παραγίνεσθαι)
1232 2026 1346 2067 repetit
1370 2025 1418 2057 B⁸
1451 2026 1482 2057 T
1500 2026 1520 2058 2
1541 2038 1577 2068 p.
1599 2026 1662 2059 611
1685 2025 1789 2057 Zach.
1813 2042 1859 2049 —
1882 2025 2098 2058 Summarium
2118 2037 2243 2068 prioris
2263 2034 2372 2067 partis
2393 2035 2481 2061 extat

240 2068 374 2102 Nomoc.
387 2068 452 2101 XI
457 2068 543 2101 Vtit.
558 2069 620 2109 8,s
646 2069 844 2102 coniunctum
868 2081 937 2102 cum
961 2077 1148 2113 aryumento
1172 2082 1243 2103 nov.
1262 2069 1481 2102 CXXXVII
1502 2082 1528 2102 e.
1550 2071 1645 2113 4sq.,
1670 2069 1805 2102 alterius
1823 2071 1934 2113 partis
1955 2071 1996 2103 ib.
2011 2070 2043 2112 9,
2056 2077 2091 2103 27
2113 2082 2148 2113 p.
2164 2071 2229 2103 559
2255 2070 2367 2111 Pitra3
2399 2072 2479 2106 Ath.

239 2125 391 2146 summam
410 2125 465 2156 pr.
489 2114 604 2156 repetit
625 2113 759 2147 Nomoc.
776 2114 809 2146 L
834 2115 879 2147 tit.
897 2115 942 2148 49
962 2126 999 2158 p.
1015 2115 1080 2149 659
1103 2115 1204 2148 Voell.

236 2247 358 2294 fectus
380 2246 445 2289 sit,
474 2257 551 2281 non
573 2246 732 2292 amplius
760 2258 832 2282 uno
865 2258 962 2282 anno
994 2247 1179 2283 ecclesiam
1210 2257 1313 2282 suam
1344 2247 1539 2293 relinquat.
1587 2246 1763 2293 Episcopi
1785 2251 1905 2282 autem
1937 2248 2001 2293 qui
2023 2247 2062 2282 in
2085 2249 2225 2294 reqiam
2249 2248 2391 2293 urbem,
2423 2250 2480 2285 uti

239 2291 374 2327 dictum
397 2294 462 2334 est,
485 2291 644 2334 veniunt,
668 2291 925 2338 cuiuscumque
946 2293 1020 2328 sint
1044 2292 1261 2334 dioeceseos,
1290 2295 1374 2327 ante
1397 2293 1518 2327 omnia
1542 2291 1782 2327 beatissimum
1806 2291 2120 2339 archiepiscopum
2146 2292 2480 2340 Constantinopolis

239 2342 274 2374 et
290 2336 546 2384 patriarcham
571 2335 721 2379 adeant,
751 2342 863 2417 atque
885 2337 939 2373 ita
964 2349 1036 2384 per
1059 2348 1138 2373 eum
1170 2337 1221 2372 ad
1241 2337 1470 2373 serenitatem
1494 2342 1655 2372 nostram
1679 2336 1944 2383 inqrediantur.
1992 2337 2064 2381 Qui
2084 2341 2202 2374 autem
2232 2345 2362 2374 contra
2386 2338 2480 2374 hanc

239 2382 532 2418 constitutionem
556 2386 720 2417 nostram
751 2392 793 2419 ve
828 2382 1114 2428 proficiscuntur
1143 2382 1200 2418 vel
1222 2382 1320 2418 ultra
1352 2381 1539 2426 definitum
1571 2382 1659 2417 anni
1694 2386 1834 2427 tempus
1864 2386 1972 2418 extra
1996 2383 2182 2418 ecclesiam
2204 2394 2307 2418 suam
2331 2383 2479 2429 dequnt,

238 2427 285 2463 iis
305 2428 463 2473 primum
487 2426 629 2473 quidem
652 2427 837 2473 impensae
859 2428 904 2462 ab
930 2427 1134 2463 oeconomis
1164 2427 1333 2463 ecclesiae
1362 2438 1450 2463 suae
1481 2438 1526 2463 ne
1548 2427 1807 2469 ministrentur,
1843 2426 1970 2462 deinde
2001 2428 2074 2474 ipsi
2130 2439 2170 2464 er
2194 2427 2334 2463 litteras
2360 2439 2479 2464 sacer-

240 2472 365 2508 dotum
388 2471 519 2518 quibus
540 2472 693 2508 subiecti
713 2477 799 2508 sunt
820 2472 1096 2515 admoneantur,
1121 2476 1162 2507 ut
1184 2472 1234 2507 ad
1256 2472 1427 2508 ecclesias
1449 2475 1536 2508 suas
1558 2472 1733 2514 redeant,·
1767 2471 1899 2517 quodsi
1921 2474 2057 2508 reverti
2102 2473 2261 2519 ifferant,
2283 2474 2479 2509 secundum

238 2527 367 2553 sacros
390 2527 549 2552 canones
572 2520 753 2552 vocentur.
804 2516 855 2553 Et
875 2518 946 2552 nisi
970 2518 1068 2553 intra
1094 2522 1234 2569 tempus
1256 2529 1279 2552 a
1302 2516 1551 2553 sacerdotibus
1574 2517 1759 2562 definitum
1781 2516 1831 2551 ad
1853 2517 2023 2553 ecclesias
2046 2528 2133 2553 suas
2155 2519 2378 2561 reverterim,
2407 2519 2480 2565 ipsi

240 2562 382 2608 quidem
406 2562 621 2608 episcopatu
645 2561 882 2608 repellantur,
915 2563 980 2598 alii
1002 2567 1123 2599 autem
1153 2573 1316 2609 ipsorum
1349 2562 1430 2598 loco
1454 2562 1622 2598 meliores
1644 2561 1839 2598 secundum
1862 2562 1931 2597 vim
1947 2563 2157 2609 praesentis
2187 2563 2278 2609 leqis
2300 2570 2476 2600 creentur.

239 2609 358 2653 Atque
381 2607 449 2642 hoc
471 2607 564 2642 idem
587 2607 696 2643 etiam
719 2607 758 2642 in
782 2607 924 2643 clericis
947 2608 1078 2650 valeat,
1102 2608 1356 2653 cuiuscumque
1378 2607 1519 2652 qradus
1541 2607 1614 2642 sint
1636 2607 1693 2642 vel
1713 2607 1913 2642 ministerii.

374 2652 420 2688 X.
474 2650 518 2687 Ut
540 2656 660 2687 autem
691 2653 806 2688 omnis
833 2652 1098 2689 ecclesiasticus
1127 2656 1244 2688 status
1275 2654 1443 2698 sacrique
1475 2663 1633 2688 canones
1655 2651 1847 2698 diliqenter
1869 2651 2135 2695 custodiantur,
2170 2652 2331 2689 iubemus
2353 2664 2478 2689 unum-

240 2708 417 2750 quemque
441 2697 683 2734 beatissimum
706 2697 931 2745 archiepisco
961 2709 1020 2733 um
1050 2702 1087 2733 et
1107 2697 1361 2744 patriarcham
1392 2702 1427 2733 et
1450 2696 1769 2744 metropolitanum
1798 2697 2047 2732 sanctissimos
2076 2697 2268 2744 episcopos
2298 2699 2367 2735 sibi
2394 2700 2477 2736 sub-

239 2747 351 2779 iectos
382 2743 420 2778 in
451 2742 574 2778 eadem
603 2743 795 2788 provincia
823 2754 917 2779 seme
963 2746 1029 2779 aut
1059 2743 1114 2778 bis
1171 2754 1211 2778 er
1238 2742 1404 2789 sinqulos
1435 2753 1551 2778 annos
1578 2741 1680 2794 apud
1700 2753 1740 2778 se
1763 2752 1980 2784 convocare,
2012 2746 2049 2777 et
2072 2753 2194 2777 omnes
2224 2752 2355 2778 causas
2386 2754 2479 2790 quas

240 2788 406 2834 episcopi
434 2787 491 2823 vel
513 2787 637 2823 clerici
668 2787 724 2823 vel
746 2787 913 2824 monachi
941 2788 1037 2824 inter
1064 2799 1103 2824 se
1145 2788 1264 2824 labent
1287 2791 1460 2823 accurate
1482 2797 1712 2829 examinare,
1745 2797 1878 2832 easque
1906 2797 2120 2833 componere
2149 2787 2344 2823 secundum
2367 2789 2478 2824 eccle-

239 2833 408 2868 siasticos
432 2843 601 2875 canones,
632 2842 677 2867 ac
694 2837 890 2879 praeterea
913 2834 948 2868 si
968 2832 1058 2879 quid
1087 2838 1216 2869 contra
1248 2843 1406 2868 canones
1429 2844 1453 2868 a
1477 2832 1730 2884 qualicumque
1756 2842 1919 2878 persona
1950 2831 2175 2867 commissum
2198 2836 2252 2867 est
2274 2833 2476 2869 emendare.

239 2880 263 2915 1
310 2877 565 2913 Interdicimus
597 2882 717 2914 autem
751 2878 987 2914 sanctissimis
1021 2878 1204 2924 episcopis
1238 2883 1275 2914 et
1301 2877 1530 2924 presbyteris
1565 2881 1599 2914 ec
1629 2876 1793 2912 diaconis
1826 2881 1862 2913 et
1889 2875 2120 2912 subdiaconis
2150 2880 2186 2912 et
2215 2876 2411 2913 lectoribus
2442 2882 2479 2914 et

1321 3012 1326 3055 Ι
1464 3013 1481 3047 1
1507 3011 1580 3045 loco
1602 3011 1650 3044 R¹
1665 3010 1678 3056 ΙΙ
1702 3012 1722 3045 2
1747 3010 1952 3053 relinqueret
1974 3010 2062 3043 ΒΤι
2079 3010 2092 3054 ΙΙ
2114 3012 2173 3043 aut
2194 3010 2243 3043 V¹
2267 3011 2279 3054 ΙΙ
2304 3013 2326 3045 4
2349 3011 2478 3045 fuerint

1393 3057 1493 3100 only]
1518 3056 1620 3089 fuerit
1637 3057 1715 3090 libri
1731 3057 1742 3095 ΙΙ
1759 3058 1778 3090 5
1795 3059 1827 3089 et
1842 3056 2076 3099 patriarcham]
2101 3057 2134 3088 et
2157 3068 2216 3088 om.
2231 3057 2281 3089 T¹
2299 3056 2312 3099 ΙΙ
2330 3059 2348 3090 ’7
2366 3060 2477 3090 autem

1396 3103 1428 3134 T
1437 3103 1535 3146 vuly]
1561 3114 1616 3135 om.
1631 3101 1708 3135 RV
1728 3100 1740 3146 ΙΙ
1770 3102 1840 3142 aut]
1865 3103 1899 3134 et
1922 3104 1981 3133 aut
2001 3100 2035 3133 V
2057 3099 2069 3143 ΙΙ
2103 3102 2142 3135 10
2163 3101 2291 3143 yconiis
2318 3102 2351 3135 T
2359 3101 2370 3122 ¹
2396 3103 2409 3146 ΙΙ
2436 3105 2473 3136 11

1393 3147 1569 3180 admonere
1595 3148 1678 3187 libri,
1697 3159 1781 3180 corr.
1798 3147 1889 3180 Beck
1908 3145 1920 3190 ΙΙ
1935 3147 2005 3188 per]
2030 3145 2089 3186 qui
2110 3146 2161 3178 V⁰
2178 3145 2190 3188 ΙΙ
2208 3146 2281 3187 sub]
2304 3157 2366 3189 pro
2391 3147 2424 3180 Τ
2431 3147 2443 3167 ¹
2465 3145 2478 3191 ΙΙ

1398 3194 1438 3226 12
1463 3202 1560 3234 agere
1577 3192 1626 3225 R¹
1641 3191 1654 3236 ΙΙ
1675 3193 1715 3226 13
1737 3191 1918 3224 secundum
1934 3190 2060 3224 reuerti
2082 3190 2133 3223 Va
2152 3189 2165 3233 ΙΙ
2181 3192 2315 3223 euocari
2336 3192 2474 3233 V(Iul.)]

1394 3237 1545 3270 reuocari
1568 3237 1733 3280 RTvulq.
1763 3236 1776 3280 ΙΙ
1803 3239 1845 3271 14
1868 3237 1957 3268 inter
1984 3236 2034 3268 Τι
2051 3235 2063 3278 ΙΙ
2086 3234 2128 3267 ad
2149 3236 2180 3268 V
2202 3236 2214 3279 ΙΙ
2241 3237 2281 3270 16
2306 3236 2475 3279 episcopa—

1321 3283 1326 3320 Ι
1393 3284 1465 3314 tum
1485 3283 1534 3315 T¹
1551 3282 1563 3325 ΙΙ
1580 3281 1703 3325 depelli
1729 3283 1761 3315 Τ
1775 3282 1787 3325 ΙΙ
1804 3281 1954 3314 meliores
1978 3291 2038 3323 pro
2062 3280 2109 3312 eis
2134 3280 2189 3323 ΤΙΙ
2211 3283 2250 3315 17
2271 3281 2344 3323 ipso
2362 3281 2475 3324 vu19.ss

1396 3328 1435 3360 18
1461 3327 1606 3360 valituro
1626 3328 1714 3370 vulq.
1738 3328 1750 3369 ΙΙ
1780 3326 1940 3367 cuiusque
1965 3327 1997 3358 R
2025 3325 2037 3368 ΙΙ
2066 3324 2192 3358 ordinis
2215 3328 2274 3358 aut
2297 3325 2474 3358 ministerii

1393 3372 1520 3404 fuerint
1546 3373 1578 3404 T
1589 3371 1600 3415 ss
1621 3373 1663 3405 22
1679 3374 1767 3405 rubr.
1793 3373 1842 3404 De
1860 3371 2089 3414 episcoporum
2110 3370 2261 3403 conciliis
2284 3380 2343 3412 per
2357 3369 2473 3409 singu-

1393 3417 1442 3449 los
1466 3427 1570 3449 annos
1592 3417 1752 3450 faciendis
1779 3417 1856 3450 Tin
1873 3429 1978 3459 marq.
1995 3417 2047 3455 (ex
2062 3416 2140 3456 Iul.)
2156 3415 2167 3458 ΙΙ
2186 3416 2309 3454 autem]
2334 3426 2373 3443 οι
2394 3414 2427 3446 T
2435 3414 2444 3433 ¹
2460 3413 2472 3457 ΙΙ

1391 3471 1484 3494 sucro
1509 3462 1541 3494 R.
1559 3462 1571 3505 ΙΙ
1597 3463 1639 3495 23
1665 3461 1869 3494 custodiatur
1889 3459 1941 3494 V³
1956 3460 1968 3504 11
1992 3461 2036 3494 24
2055 3458 2301 3502 metropolitani
2325 3458 2372 3490 R’
2390 3458 2403 3501 ΙΙ
2429 3460 2471 3491 26

1391 3506 1492 3539 simul
1519 3506 1567 3539 T¹
1595 3506 1607 3549 ΙΙ
1639 3507 1681 3540 28
1705 3506 1747 3539 ad
1772 3506 1911 3539 invicem
1945 3518 2004 3538 om.
2032 3505 2082 3538 Τι
2111 3504 2123 3545 ΙΙ
2151 3505 2194 3537 29
2217 3511 2335 3543 eosque
2359 3502 2392 3534 R
2404 3504 2435 3535 T
2460 3502 2473 3547 [Ι

1391 3553 1425 3584 et
1448 3564 1507 3584 om.
1527 3551 1617 3584 R¹T
1638 3550 1651 3594 ΙΙ
1674 3561 1775 3594 super
1798 3551 1882 3592 ΒΤ]
1907 3550 2044 3593 insuper
2066 3548 2121 3591 Vll
2138 3548 2199 3579 hoo
2222 3546 2277 3589 Vss
2296 3548 2330 3580 31
2362 3558 2471 3580 emcn-

1391 3596 1470 3629 dare
1493 3595 1579 3638 vulq.
1599 3596 1612 3639 ΙΙ
1629 3598 1671 3630 33
1686 3597 1773 3629 rubr.
1801 3597 1849 3629 De
1864 3594 2026 3638 episcopis
2042 3592 2097 3626 uel
2111 3591 2187 3624 aliis
2206 3589 2370 3632 religiosis
2387 3592 2471 3626 uiris

1389 3640 1433 3673 ad
1454 3639 1603 3673 tabulam
1626 3640 1819 3674 ludentibus
1844 3641 1877 3673 Τ
1886 3642 1918 3674 in
1931 3649 2034 3682 mar-9.
2050 3638 2102 3679 (ex
2113 3635 2191 3677 Iul.)
2206 3635 2218 3678 ss
2236 3636 2359 3668 sanctis
2374 3636 2408 3669 R
2419 3637 2472 3682 Vl}

1390 3686 1436 3720 34
1458 3695 1496 3718 ao
1517 3684 1777 3718 subdiaconibus
1797 3685 1832 3719 V

306 3015 322 3047 1
350 3009 576 3055 οἱοσδήποτε,
601 3026 659 3046 om.
685 3008 801 3046 τόπου
824 3014 935 3056 Epan.
963 3012 975 3056 ΙΙ
999 3009 1216 3060 ἀποδημήσῃ
1242 3011 1293 3046 ΒΓ

241 3060 261 3093 2
284 3055 597 3102 καταλαμβανέτω
610 3057 765 3092 Noniae-‘¹
781 3057 793 3101 ΙΙ
811 3059 833 3092 4
854 3060 1164 3103 παραγενομένους
1180 3059 1291 3102 Epan.
1320 3057 1326 3101 l

241 3106 261 3138 8
285 3101 354 3146 τὴν
379 3116 437 3136 om.
463 3104 495 3136 L
520 3106 532 3147 ΙΙ
554 3099 577 3145 ἢ
601 3116 659 3136 om.
685 3103 796 3146 Epan.
821 3103 882 3136 Iul.
909 3104 922 3147 ΙΙ
950 3105 990 3138 10
1014 3104 1158 3137 ποιοῦσι
1182 3104 1203 3137 ἰ.
1218 3116 1245 3138 e.
1270 3102 1326 3135 de-

239 3149 399 3191 gentibus
422 3148 512 3189 (Iul,
537 3150 579 3189 cf.
603 3149 748 3190 ezempla
772 3161 794 3181 a
821 3149 857 3182 C'.
882 3150 921 3182 de
945 3149 1041 3182 Boor
1063 3149 1198 3182 collecta
1223 3149 1326 3182 Theo-

236 3195 359 3237 phanis
369 3206 403 3236 p.
414 3194 506 3234 767)]
531 3190 724 3237 διατριβὴν
737 3194 814 3226 add.
830 3206 897 3227 cum
913 3194 1109 3227 Haloandro
1120 3194 1208 3237 vulq.
1220 3192 1300 3235 (ΒΓ)

239 3237 301 3281 μὴ]
325 3237 515 3281 κελεύομεν
529 3237 578 3280 μὴ
592 3237 644 3271 Bt
665 3238 832 3271 sancimus
848 3249 914 3271 non
931 3239 995 3272 Iul.
1013 3238 1025 3281 ΙΙ
1046 3240 1086 3272 13
1105 3233 1166 3283 ἐφ’
1184 3236 1236 3271 οἷς
1251 3238 1303 3271 B⁶

242 3286 285 3318 14
308 3280 605 3326 ὑπερτιθεμένοις
629 3283 680 3316 B⁶
708 3283 720 3326 ΙΙ
752 3285 792 3317 16
816 3280 835 3315 ὁ
863 3285 1007 3327 ισμένου
1031 3282 1186 3317 Nomocst
1207 3284 1285 3316 Ath.

241 3327 340 3372 παρὰ
357 3328 435 3361 τῶν
451 3326 577 3372 ἱερέων
590 3326 719 3372 χρόνου
733 3328 805 3361 ML
851 3328 968 3362 omocst
982 3329 1060 3370 Iul]
1079 3327 1210 3371 χρόνου
1225 3325 1325 3372 παρὰ

241 3373 318 3406 τῶν
333 3371 458 3418 ἱερέων
471 3374 507 3406 Β
531 3383 551 3405 a
573 3373 676 3405 sacris
698 3373 883 3406 canonibus
906 3375 941 3415 (ι’.
955 3386 981 3406 e.
1007 3372 1107 3419 παρὰ
1123 3373 1201 3407 τῶν
1217 3370 1247 3406 ie
1271 3374 1326 3406 ὧν

241 3415 423 3459 κανόνων)
447 3420 577 3460 tempus
600 3430 620 3454 ς
636 3418 649 3461 ΙΙ
677 3419 716 3452 18
741 3413 827 3451 ἀντ’
854 3415 979 3452 αὐτῶν
1004 3431 1062 3451 om.
1077 3418 1130 3451 B!
1148 3418 1160 3459 ΙΙ
1186 3415 1253 3451 καλ
1277 3420 1325 3451 lo-

242 3464 317 3502 νας]
340 3458 505 3505 ἀμείνους
528 3464 638 3506 Epan.
657 3463 669 3506 ΙΙ
698 3464 739 3496 19
763 3462 876 3506 νόμου
900 3477 958 3496 οηι.
974 3461 1128 3497 Nomoc.‘¹
1155 3463 1167 3506 ΙΙ
1193 3464 1235 3497 20
1259 3462 1324 3496 τοῦ

244 3503 353 3538 αὐτοῦ
383 3508 414 3539 Β
431 3508 444 3550 ΙΙ
461 3508 538 3541 τῶν
560 3505 738 3551 κληρικῶν
761 3508 872 3551 Epan.
890 3508 903 3551 ΙΙ
926 3510 963 3542 21
993 3506 1016 3550 ἢ
1038 3505 1233 3552 ὑπηρεσίας
1254 3507 1325 3541 LB

244 3551 347 3590 clun]
370 3547 564 3594 ὑπηρεσίας
586 3553 625 3584 Μ
636 3551 790 3586 Nomoc.⁶
819 3549 844 3595 ἢ
866 3554 908 3587 ἐν
931 3550 1109 3597 ὑπηρεσίᾳ
1123 3553 1232 3596 Epan.
1249 3552 1262 3590 ΙΙ
1281 3553 1324 3586 30

243 3593 336 3625 κατὰ
356 3612 400 3618 -
421 3595 577 3629 κανόνας
600 3610 657 3629 om.
674 3609 693 3632 ς
708 3598 720 3635 ΙΙ
739 3598 783 3631 34
805 3599 865 3630 καὶ
884 3595 1139 3632 ὑποδιακόνοις
1162 3599 1223 3630 καὶ
1247 3593 1324 3630 δια-

243 3635 362 3670 κόνοις
386 3639 435 3680 L,
459 3641 519 3672 καὶ
541 3636 795 3674 ὖποδιακόνοις
819 3654 874 3676 om.
896 3643 944 3676 B!

2563 3940 2586 3990 ⁵:555
2576 3904 2586 3928 -ι,
2584 3882 2586 3894 ..
2583 3858 2586 3859 ,
