2618 4010
299 111 405 155 Nov.
436 111 535 154 VIII
565 112 587 153 7
1379 109 1435 157 7⁰

1911 127 1971 158 UT
1999 127 2175 159 IUDICES
2204 128 2303 159 SINE
2331 127 2508 168 QUOQUO

299 219 532 262 ένδοξοτάτου
569 222 719 278 κόβιητος
755 222 833 256 τῶν
867 221 986 257 θείων
1020 219 1122 267 ἡμῶν
1155 222 1373 267 largitionum
1440 223 1548 259 fuerit
1569 223 1821 268 gloriosissimo
1856 225 1982 261 comite
2005 234 2188 262 sacrarum
2211 229 2414 262 nostrarum
2436 226 2507 262 lar-

299 268 364 301 τοῦ
386 280 426 301 τε
449 265 682 306 ἐνδοξότατον
705 269 909 311 quaestores
926 269 990 302 τοῦ
1011 268 1114 302 θείου
1138 264 1239 311 ἡμῶν
1259 266 1371 302 παλα-
1439 269 1610 312 gitionum
1643 272 1679 303 et
1707 268 1956 312 gloriosissimo
1980 273 2169 315 quaestore
2192 271 2285 307 sacri
2310 271 2422 307 nostri
2444 280 2509 316 pa·

299 315 376 346 τιόυ
410 312 473 345 τοῦ
509 324 549 344 τε
592 308 825 352 ἐνδοξοτάτου
859 310 1009 358 κόμητος
1052 313 1127 346 τῶν
1162 310 1372 355 ἁπανταχοῦ
1440 313 1516 349 latii
1539 315 1576 348 et
1597 312 1849 356 gloriosissimo
1865 315 1992 351 comite
2011 315 2140 361 ubique
2163 326 2344 352 sacrarum
2367 318 2507 352 nostra·

298 357 417 390 θείων
451 353 554 399 ἡμῶν
587 356 767 401 privatam,
803 356 982 404 παρόντος
1016 355 1060 400 δὴ
1096 360 1155 390 καὶ
1189 357 1253 391 τοῦ
1282 355 1374 392 κατὰ
1440 369 1519 393 rum
1542 357 1780 410 privatarum,
1812 362 2000 403 praesente
2032 370 2171 406 quoque
2193 364 2229 398 et
2258 371 2323 406 per
2349 364 2508 405 tempora

298 399 424 446 καιρὸν
453 398 835 447 μεγαλοπρεπεστάτου
865 401 1118 458 χαρτουλαρίου
1147 402 1226 436 τῶν
1254 402 1373 436 θείων
1408 406 1426 437 5
1441 401 1786 446 magnificentissimo
1831 402 2047 441 chartulario
2085 415 2267 442 sacrorum
2306 409 2508 442 nostrorum

298 444 401 498 ἡμῶν
418 442 605 480 κοιτώνων
622 447 686 480 τοῦ
709 450 783 482 τοῖς
809 446 998 491 συμβολοις
1020 444 1158 481 τούτοις
1181 449 1254 480 τοῖς
1277 445 1370 493 παρ’
1443 446 1703 490 cubiculorum,
1737 446 1797 491 qui
1820 447 1989 484 codicillis
2017 449 2073 485 1118
2096 450 2191 496 apud
2221 461 2288 487 1108
2318 450 2508 492 ministrat,

299 493 382 534 ημῖν
403 487 705 536 ὑπηρετουμένου,
730 487 836 538 ὅρκον
859 490 1011 533 διδόναι,
1034 489 1160 534 μηδενὶ
1185 490 1370 526 παντελῶς
1437 491 1682 527 iusiurandum
1716 491 1821 534 dare,
1856 492 1943 528 nihil
1977 494 2117 539 penitus
2151 506 2216 531 nec
2256 495 2436 541 quodlibet
2470 505 2509 530 se

297 533 387 579 μηδὲ
420 531 543 569 ὁτιοῦν
579 539 747 582 παρέχειν
779 537 870 582 μήτε
905 533 1082 582 προφάσει
1117 533 1248 570 δόσεως
1281 534 1370 580 μήτε
1438 537 1609 582 praebere
1631 546 1746 580 neque
1770 537 1955 573 occasione
1978 539 2136 585 suffragii
2164 550 2278 586 neque
2307 540 2508 585 patrocinii,

299 583 533 624 προστασίας,
564 579 655 625 μηδὲ
677 581 979 629 ἐπαγγείλασθαι,
1008 578 1098 625 μηδὲ
1118 581 1156 614 ἐκ
1179 581 1240 624 τῆς
1263 582 1368 626 έπαρ-
1439 591 1551 626 neque
1581 581 1786 626 promittere
1816 591 1929 626 neque
1959 581 2002 618 de
2032 584 2212 628 provincia
2241 586 2400 630 profiteri
2423 584 2507 621 diri·

298 629 374 667 χίας
392 622 607 672 ὁμολογῆσαι
626 625 795 667 στέλλειν,
812 624 899 669 μήτε
918 629 989 659 τοῖς
1002 623 1244 666 ἐνδοξοτάτοις
1263 625 1368 672 έπάρ-
1388 631 1426 662 10
1438 636 1520 671 gere
1543 636 1587 661 ne
1612 636 1658 661 ue
1679 626 1939 670 gloriosissimis
1968 628 2157 680 praefectis
2186 640 2300 675 neque
2331 630 2409 666 aliis
2435 630 2508 665 cin-

298 680 370 711 χοις
392 667 482 714 μήτε
505 673 578 705 τοῖς
600 669 716 705 ἄλλοις
739 675 811 705 τοῖς
835 670 895 704 τὰς
919 669 1024 716 ἀρχὰς
1051 670 1168 713 ἔχουσι
1189 668 1278 715 μήτε
1301 674 1371 705 τοῖς
1438 672 1521 716 gula
1551 671 1598 706 ha
1625 671 1763 706 entibus
1787 681 1899 716 neque
1923 682 1983 716 qm
2007 672 2101 708 circa
2123 683 2184 710 eos
2207 675 2391 711 constituti
2414 678 2504 716 sunt,

299 717 381 761 περὶ
413 711 541 750 αὐτοὺς
563 717 774 750 καθεστῶσι
803 715 892 760 μήτε
922 715 1032 762 ἑτέρῳ
1061 718 1135 749 τινὶ
1165 714 1256 750 κατὰ
1285 714 1369 762 πρό·
1439 727 1505 752 nec
1541 716 1644 752 alteri
1679 715 1823 752 cuilibet
1857 726 1922 761 per
1951 717 2173 754 occasionem
2205 720 2407 764 patrocinii;
2445 719 2507 755 sed

300 770 412 805 φασιν
434 765 663 806 προστασίας.
699 758 777 794 ἀλλ’
801 757 915 806 ὥςπερ
938 758 1099 804 ἄμισθον
1115 758 1289 805 λαμβάνει
1306 759 1372 803 τὴν
1440 761 1534 797 sicut
1557 761 1634 797 sine
1656 760 1824 806 suffragio
1849 761 1988 806 accepit
2010 761 2363 807 administrationem,
2393 774 2416 800 a
2441 775 2507 809 pu-

298 802 420 851 ἀρχήν,
442 803 704 851 προςλαμβάνει
727 819 767 839 τε
791 805 889 851 παρὰ
913 806 974 839 τοῦ
999 803 1168 848 δημοσίου
1192 805 1253 839 τὰς
1276 805 1371 852 σιτή-
1438 807 1532 842 blico
1557 810 1788 858 percepturus
1818 816 1978 842 annonas
2011 807 2088 847 (has
2111 807 2203 843 enim
2226 809 2321 845 solas
2344 809 2508 855 accipere

299 862 370 884 σεις
393 849 538 892 (ταύτας
560 850 627 897 γὰρ
652 849 695 893 δὴ
717 854 776 884 καὶ
798 850 909 895 μόνας
934 848 1132 894 λαμβάνειν
1149 848 1258 884 αὐτὸν
1282 852 1299 884 ἐ
1328 854 1371 884 ιἐ-
1389 854 1425 887 15
1440 862 1519 887 811111
1544 851 1722 895 sinimus),
1747 851 1798 886 sic
1822 861 1899 887 eam
1923 852 2021 896 puris
2045 852 2223 888 custodire
2243 854 2417 907 manibus,
2441 854 2505 890 deo

298 899 389 939 μεν),
413 891 526 928 οὕτως
550 893 665 938 αὐτὴν
688 896 866 939 καθαραῖς
890 894 1034 940 φυλάξει
1059 898 1135 929 ταῖς
1157 899 1266 943 χερσί,
1323 896 1370 939 εῷ

299 953 339 974 τε
369 943 428 974 καὶ
460 938 544 983 ἡμῖν
575 939 640 974 τὸν
669 937 759 986 ’ὑπὲρ
792 937 898 983 αὐτῆς
926 937 1071 985 ὑφέξων
1102 938 1219 997 λόγον.
1266 939 1371 975 Ἴστω

298 984 366 1032 γὰρ
389 981 411 1028 ἡ
433 983 477 1027 σὴ
500 981 653 1030 ὑπεροχὴ
676 988 735 1018 καὶ
759 984 795 1019 οἱ
823 984 913 1028 μετά
945 997 984 1019 σε
1007 985 1074 1019 τὸν
1106 984 1217 1020 αυτὸν
1248 987 1370 1030 ἐπιβη-
1441 987 1560 1029 sedes‚
1585 986 1684 1031 quia,
1716 986 1788 1022 sive
1809 987 1878 1032 ipsi
1902 987 2203 1040 praesumpserint
2225 988 2386 1042 accipere
2409 989 2507 1042 quic-

300 1027 445 1074 σόμενοι
469 1027 618 1075 θρόνον,
644 1027 700 1071 ως,
726 1031 796 1064 εἴτε
821 1029 922 1064 αὐτοὶ
947 1029 1172 1078 θαρρήσειαν
1193 1029 1316 1076 λαβεῖν
1335 1044 1371 1065 τι
1441 1042 1546 1076 quam
1582 1032 1627 1066 ab
1662 1031 1731 1066 illis
1765 1032 1827 1077 qui
1863 1032 1909 1067 ad
1951 1031 2153 1077 praedmtas
2190 1031 2508 1069 adminlstrationoe

300 1073 398 1121 παρὰ
422 1075 499 1108 τῶν
522 1075 568 1108 εἰς
591 1074 652 1108 τὰς
676 1076 860 1121 εἰρημένας
883 1073 988 1121 ἀρχὰς
1011 1076 1221 1122 παριόντων
1245 1077 1316 1110 εἴτε
1339 1075 1374 1110 οἱ
1386 1080 1426 1112 20
1441 1077 1632 1119 accedunt,
1669 1076 1742 1112 sive
1783 1086 1949 1121 proceres
1984 1077 2069 1122 ipsi,
2106 1077 2179 1112 sive
2212 1077 2317 1112 etiam
2354 1077 2509 1114 officium

301 1116 677 1166 παραδυναστεύοντες
702 1119 820 1154 αὐτοῖς
851 1120 921 1154 εἴτε
952 1123 1011 1154 καὶ
1036 1118 1057 1163 ἡ
1080 1120 1177 1162 τάξις
1199 1118 1221 1164 ἡ
1245 1120 1288 1165 σὴ
1312 1134 1371 1156 πε·
1440 1125 1557 1164 tuum,
1599 1121 1694 1156 ultra
1728 1131 1771 1156 ea
1805 1131 1896 1166 quae
1939 1122 2125 1158 occasione
2161 1122 2455 1158 consuetudinum
2488 1133 2510 1158 a

299 1167 454 1210 ραιτέρω
477 1165 555 1198 τῶν
578 1163 756 1210 προφάσει
779 1166 988 1208 συνηθειῶν
1010 1164 1102 1213 παρ’
1127 1163 1231 1210 ἡμῶν
1254 1164 1373 1201 αὐτοῖς
1440 1166 1543 1202 nobis
1578 1166 1629 1201 818
1664 1165 1809 1201 definita
1844 1170 1927 1201 sunt
1967 1170 2071 1212 (quae
2103 1167 2241 1203 scilicet
2275 1171 2311 1203 et
2347 1167 2510 1205 sufficere

301 1206 513 1255 ὡρισμένων
545 1206 650 1257 (ἅπερ
674 1208 718 1253 δὴ
745 1213 804 1244 καὶ
828 1207 949 1256 ἀρκεῖν
977 1210 1072 1255 μόνα
1094 1213 1300 1256 νομίζοντες
1323 1209 1371 1245 δι’·
1440 1212 1517 1247 sola
1540 1214 1706 1256 putantes
1727 1211 1805 1246 dari
1828 1211 2076 1255 decrevimus),
2098 1222 2171 1247 non
2194 1213 2230 1247 in
2250 1212 2372 1265 parvis
2420 1223 2510 1248 08118

300 1253 437 1288 δοσθαι
460 1251 711 1299 διωρίσαμεν),
745 1252 793 1290 αἱς
823 1254 886 1290 οὐκ
915 1257 955 1290 ἐν
986 1259 1120 1302 μικροῖς
1143 1254 1164 1299 ἡ
1188 1255 1296 1299 ποινὴ
1318 1269 1371 1303 γε·
1439 1257 1519 1292 fiet:
1565 1256 1627 1292 sed
1661 1256 1803 1291 maximi
1837 1256 1976 1301 quidem
2015 1257 2149 1292 iudices
2182 1267 2344 1302 accipere
2415 1257 2510 1303 ‘quid

300 1297 462 1341 νήσεται·
495 1296 574 1334 ἀλλ’
600 1299 636 1334 οἱ
657 1302 725 1344 μὲν
747 1303 907 1348 μέγιστοι
936 1299 1102 1357 ἄρξοντες
1132 1300 1168 1335 οἱ
1191 1300 1315 1345 λαβεῖν
1337 1314 1372 1335 τι
1385 1304 1427 1337 25
1440 1302 1706 1347 praesumentes
1730 1301 1776 1336 ab
1807 1301 1861 1336 his
1891 1301 1951 1346 qui
1981 1301 2027 1336 ad
2060 1302 2381 1338 administrationes
2408 1312 2511 1339 acce-

300 1342 551 1390 θαρρήσαντες
579 1346 678 1391 παρὰ
702 1347 779 1380 τῶν
802 1348 863 1381 ἐπὶ
891 1344 953 1380 τὰς
983 1345 1087 1392 αρχὰς
1117 1344 1328 1394 παριόντων
1350 1342 1372 1388 ἢ
1439 1347 1546 1389 dunt,
1589 1350 1652 1381 aut
1686 1346 1792 1381 etiam
1834 1347 2075 1391 permittentes
2111 1358 2213 1383 suum
2248 1347 2405 1383 officium
2439 1347 2511 1383 tale

301 1392 360 1423 καὶ
383 1387 674 1436 συγχωρήσαντες
700 1392 745 1438 τῇ
769 1392 881 1434 οἰκείᾳ
911 1388 1009 1431 τάξει
1040 1390 1179 1425 τοιοῦτό
1202 1404 1238 1426 τι
1262 1388 1371 1437 πράτ-
1439 1391 1574 1436 aliquid
1608 1400 1712 1435 agere
1746 1393 1782 1426 et
1816 1391 2014 1427 nuntiatum
2050 1402 2121 1427 non
2159 1392 2404 1437 emendantes,
2439 1403 2511 1428 non

299 1447 387 1477 τειν,
411 1438 470 1468 καὶ
493 1434 760 1482 προςαγγελθὲν
782 1434 822 1469 οὐ
847 1433 1128 1483 θεραπεύοντες,
1162 1434 1209 1470 ὠς
1239 1434 1280 1470 οὗ
1310 1435 1370 1480 μό·
1441 1437 1554 1472 solum
1585 1436 1820 1481 quadruplum
1854 1436 2002 1471 reddent
2036 1437 2145 1472 totius
2183 1439 2354 1482 quantum
2387 1447 2510 1483 perce-

299 1493 366 1514 νον
396 1479 659 1526 τετραπλάσιον
690 1478 918 1515 ἀποδώσουσι
949 1482 1023 1515 πᾶν
1053 1477 1140 1515 ὅσον
1174 1479 1371 1527 εἰλήφασιν,
1439 1484 1586 1526 perunt,
1622 1481 1685 1517 8811
1716 1481 1824 1516 etiam
1853 1491 2015 1526 magnam
2043 1481 2321 1526 indignationem
2355 1483 2509 1518 sustine-

294 1522 389 1559 ἀλλὰ
411 1528 470 1558 καὶ
493 1524 650 1572 μεγάλην
674 1524 916 1572 ἀγανάκτησιν
935 1523 1200 1569 ὑποστήσονται
1223 1529 1283 1560 καὶ
1307 1525 1372 1560 τὸν
1385 1529 1427 1561 30
1440 1528 1532 1562 bunt
1553 1530 1590 1561 et
1613 1526 1745 1571 cinguli
1767 1526 1963 1571 periculum
1986 1526 2244 1570 formidabunt;
2275 1531 2311 1563 et
2334 1528 2394 1572 qui
2417 1527 2512 1563 circa

302 1572 362 1604 ἐπὶ
394 1571 439 1618 τῇ
477 1569 564 1618 ἀρχῇ
600 1569 768 1605 κίνδυνον
802 1567 1128 1614 εὐλαβηθὴσονται.
1175 1575 1235 1605 καὶ
1266 1572 1305 1605 οἵ
1332 1584 1371 1618 γε
1440 1581 1502 1608 eos
1526 1574 1627 1615 sunt,
1659 1574 1695 1607 et
1723 1571 1912 1607 oboediens
1937 1571 1987 1606 eis
2011 1572 2184 1615 officium,
2217 1573 2248 1609 si
2271 1573 2422 1617 amplius
2446 1573 2509 1608 ali-

301 1612 391 1660 άμφ’
424 1614 550 1649 αὐτοὺς
580 1614 680 1650 ὄντες
701 1618 761 1650 καὶ
785 1613 806 1659 ἡ
829 1616 1029 1660 πειθομένη
1053 1613 1150 1656 τάξις
1175 1614 1310 1658 αὐτοῖς,
1341 1616 1372 1650 εἰ
1439 1616 1523 1661 quid
1564 1627 1669 1662 quam
1705 1626 1726 1651 a
1769 1617 1872 1652 nobis
1916 1626 2123 1652 concessum
2163 1620 2218 1653 est
2263 1618 2511 1662 temptaverint

301 1657 426 1695 πλεῖόν
447 1674 484 1694 τι
511 1662 589 1695 τῶν
620 1658 710 1716 παρ’
745 1657 847 1705 ἡμῶν
877 1658 1081 1705 δεδομένων
1112 1659 1373 1707 ἐπιχειρήσαι-εν
1439 1662 1611 1707 accipere,
1635 1662 1774 1707 ipsique
1797 1662 2015 1697 subiciantur
2036 1661 2171 1697 damnis
2189 1663 2408 1708 quadruplae
2431 1663 2511 1698 rod-

302 1704 434 1750 λαβεῖν,
468 1703 571 1740 αὐτοί
599 1719 638 1739 τε
668 1710 920 1740 υποκείσονται
951 1709 1024 1740 τοῖς
1053 1708 1304 1751 ἐζημιωμένοις
1326 1706 1372 1750 τῆ
1441 1707 1582 1742 ditionis
1613 1711 1648 1742 et
1679 1707 1808 1742 cadent
1836 1707 1942 1742 etiam
1974 1707 2176 1742 substantia
2205 1709 2242 1743 et
2271 1707 2426 1753 cingulo,
2457 1708 2510 1743 111-

301 1751 349 1785 εἱς
379 1749 421 1784 τὸ
448 1750 672 1797 τετραπλοῦν
695 1748 865 1785 ἀποδόσει
895 1752 1133 1785 ἐκπεσοῦνται
1159 1765 1199 1786 τε
1230 1755 1289 1786 καὶ
1317 1742 1372 1786 οὗ·
1386 1755 1426 1787 35
1440 1763 1549 1797 super
1571 1756 1608 1787 et
1638 1752 1821 1797 suppliciis
1853 1751 2088 1788 subiacebunt
2111 1763 2200 1798 quae
2230 1757 2428 1798 congruant
2450 1753 2510 1789 de-

301 1799 380 1829 σίας
402 1799 461 1829 καὶ
486 1793 608 1839 ζώνης,
632 1795 719 1841 πρὸς
742 1798 795 1840 τῷ
815 1799 874 1830 καὶ
894 1800 1081 1842 τιμωρίαις
1099 1793 1374 1841 &nocuit-lectiae
1440 1798 1533 1833 lictis
1558 1808 1691 1832 eorum.

302 1840 519 1885 πρεπούσαις
542 1845 614 1875 τοῖς
638 1839 913 1886 πλημμελὴμασι
937 1845 1009 1875 τοῖς
1033 1839 1165 1877 αὐτῶν.

1440 901 1475 932 81
1498 896 1601 932 nobis
1624 906 1690 941 pro
1713 906 1756 932 ea
1779 896 1978 931 redditurus
2006 896 2189 932 rationem.
2237 897 2335 935 Sciat
2357 909 2448 934 emm
2472 902 2508 934 et

1440 944 1504 977 tua
1535 941 1707 977 celsitudo
1739 944 1775 976 et
1806 941 1865 995 qui
1896 946 1979 987 post
2008 946 2043 976 te
2071 941 2213 977 easdem
2241 943 2507 979 conscenderint

301 1976 519 2012 exornaturi
537 1981 640 2019 sunt,
660 1981 695 2012 et
716 1977 976 2022 qlorloslsst'mo
1000 1976 1062 2022 qui
1084 1987 1224 2023 semper
1246 1980 1301 2012 est
1324 1977 1452 2012 comite
1474 1987 1663 2012 sacrarum
1687 1981 1895 2011 nostrarum
1920 1977 2168 2022 larqz'lionem,
2193 1980 2229 2012 et
2249 1977 2511 2023 qloriosissimo

301 2026 495 2068 quaestore
516 2021 614 2056 sacri
638 2021 756 2056 nostri
773 2021 927 2074 palatii,
959 2025 995 2056 et
1024 2020 1286 2067 qloriosissimo
1311 2022 1439 2057 comite
1461 2032 1649 2057 sacrarum
1673 2026 1880 2056 nostrarum
1904 2033 1998 2073 quae
2019 2021 2080 2056 ubi
2106 2033 2150 2057 ue
2172 2028 2256 2057 sunt
2285 2033 2405 2058 rerum
2431 2023 2512 2070 pri-

302 2071 487 2108 vatarum,
514 2069 709 2112 praesente
739 2071 847 2102 ettam
877 2066 1230 2112 maqnificentissimo
1255 2066 1319 2112 qui
1342 2071 1396 2102 est
1418 2066 1643 2102 chartulario
1671 2067 1769 2101 sacri
1799 2070 1915 2101 nostrl
1950 2066 2076 2101 cubicu
2090 2067 2123 2109 i,
2157 2067 2221 2112 qui
2252 2066 2428 2103 codicillis
2457 2067 2513 2103 his

302 2111 403 2164 apud
423 2122 493 2146 nos
519 2111 683 2154 inservit,
706 2111 957 2146 iusiurandum
973 2115 1186 2158 praestare,
1210 2111 1342 2146 nemini
1362 2111 1474 2158 plane
1495 2122 1534 2146 se
1557 2111 1750 2156 quicquam
1771 2121 1885 2157 neque
1900 2111 2073 2162 suffraqii
2095 2112 2237 2147 nomine
2252 2123 2366 2157 neque
2379 2116 2511 2159 patro—

302 2156 389 2192 cmii
415 2156 554 2191 dedisse
581 2166 647 2191 nec
668 2156 898 2202 promisisse,
934 2167 999 2191 nec
1023 2159 1175 2202 pactum
1199 2167 1276 2191 esse
1297 2160 1339 2192 ut
1361 2167 1411 2192 ex
1429 2156 1621 2202 provincia
1643 2156 1816 2198 mitteret,
1847 2166 1912 2190 nec
1934 2156 2205 2202 qlomosissimis
2220 2157 2426 2203 praesectis
2447 2168 2513 2199 nec

302 2201 468 2248 reliquis,
499 2201 564 2247 qui
594 2201 832 2247 maqistratus
857 2205 1009 2247 qerunt,
1040 2211 1106 2236 nec
1136 2201 1200 2252 qui
1232 2201 1330 2236 circa
1362 2212 1424 2237 eos
1446 2205 1547 2243 sunt,
1583 2211 1698 2246 neque
1722 2200 1786 2235 alii
1811 2200 1878 2235 ulli
1902 2211 1975 2246 per
2005 2211 2150 2235 causam
2177 2201 2386 2247 patrocinii.
2441 2201 2514 2238 Sed

303 2245 600 2293 quemadmodum
622 2246 873 2292 maqistratum
895 2246 1013 2292 qratis
1039 2245 1192 2292 accipzt,
1225 2250 1260 2281 et
1280 2246 1431 2292 insuper
1450 2257 1500 2281 ex
1555 2245 1672 2280 ublico
1730 2245 1860 2291 erciplt
1891 2256 2057 2280 annonas
2087 2245 2168 2287 (lzas
2197 2245 2411 2296 enimsolas
2433 2257 2511 2282 eum

301 2292 490 2339 percipere
518 2291 791 2337 permittimus),
815 2291 869 2326 ita
892 2302 971 2326 eum
988 2291 1097 2338 puris
1120 2290 1284 2326 manibus
1305 2295 1423 2337 qeret,
1447 2295 1483 2326 et
1530 2301 1572 2326 eo
1596 2294 1631 2325 et
1654 2301 1701 2324 no
1726 2290 1758 2325 is
1782 2301 1857 2336 pro
1880 2301 1922 2325 eo
1950 2290 2126 2325 rationem
2147 2289 2364 2326 redditurus.
2411 2290 2511 2326 Sciat

303 2337 396 2372 enim
418 2335 618 2371 sublimitas
643 2340 704 2371 tua
723 2340 760 2371 ct
782 2336 845 2382 qul
865 2339 952 2382 post
975 2340 1009 2371 te
1032 2334 1179 2371 eandem
1199 2335 1316 2371 sedem
1332 2335 1532 2381 inqressuri
1547 2338 1643 2376 sunt,
1666 2335 1740 2370 sive
1759 2334 1831 2381 ipsi
1848 2334 1936 2380 quid
1951 2335 2115 2381 accipere
2134 2335 2216 2370 ausi
2227 2335 2300 2371 sint
2315 2335 2360 2371 ab
2384 2335 2430 2371 iis
2449 2336 2512 2382 qui

304 2381 354 2417 ad
375 2381 492 2416 dictos
513 2381 749 2427 maqistratus
765 2380 996 2427 perveniunt,
1019 2381 1093 2416 sive
1120 2380 1182 2427 qui
1205 2380 1312 2416 iuxta
1337 2391 1398 2416 eos
1420 2379 1638 2415 auctoritate
1658 2379 1779 2415 valent
1800 2379 1872 2415 sive
1896 2379 2003 2415 etiam
2028 2379 2191 2424 officium
2215 2384 2325 2422 tuum,
2347 2379 2447 2416 ultra
2469 2392 2512 2416 ea

304 2438 397 2473 quae
419 2425 666 2473 sportularum
689 2426 833 2462 nomine
850 2425 924 2461 illis
939 2437 962 2460 a
983 2425 1086 2461 nobis
1106 2425 1254 2470 definita
1273 2429 1360 2460 sunt
1377 2427 1484 2472 (quae
1507 2424 1650 2476 quidem
1668 2424 1748 2460 sola
1763 2435 1806 2459 su
1824 2424 1934 2475 ficere
1949 2422 2118 2460 arbitrati
2135 2424 2256 2459 danda
2271 2424 2512 2469 decrevimus),

304 2483 378 2507 non
397 2471 505 2507 levem
556 2481 682 2506 cenam
705 2482 782 2507 esse
796 2472 982 2517 futuram:
1004 2470 1070 2506 sed
1091 2481 1247 2506 summos
1265 2469 1406 2516 quidem
1421 2481 1480 2505 ma
1506 2473 1668 2512 astratus,
1693 2469 1756 2515 qui
1836 2469 1883 2504 its
1898 2469 1963 2515 qui
1979 2468 2028 2504 ad
2041 2469 2280 2520 piaqistratus
2295 2470 2513 2516 perveniunt

304 2517 469 2563 accipere
492 2482 632 2562 αἰξῳιὶά
651 2516 733 2551 ausi
753 2516 913 2562 fuerint,
943 2515 999 2552 vel
1022 2515 1148 2561 officio
1171 2526 1238 2550 suo
1265 2515 1336 2550 tale
1359 2514 1448 2561 quid
1466 2481 1594 2561 fixere
1617 2514 1868 2560 permiserint,
1900 2524 1965 2549 nec
1987 2513 2046 2549 ubi
2070 2518 2273 2549 nunttatum
2318 2515 2429 2557 uerit,
2459 2515 2514 2550 rei

305 2561 567 2604 consuluerint,
591 2572 666 2596 non
688 2561 804 2597 solum
828 2560 1070 2608 quadruplum
1094 2559 1340 2612 quodcumque
1360 2560 1566 2606 acceperint
1585 2559 1826 2609 restituturos,
1849 2558 1915 2593 sed
1935 2558 2042 2610 etiam
2064 2569 2209 2604 qravem
2231 2558 2270 2594 in
2296 2559 2514 2610 iqnationem

303 2606 487 2643 subituros
504 2616 579 2642 esse
601 2610 638 2642 et
653 2606 856 2653 periculum
880 2605 1097 2641 amittendae
1111 2608 1311 2657 potestates
1327 2603 1644 2651 reformidatur-os.
1680 2604 1797 2654 Atque
1813 2602 1868 2638 illi
1891 2613 1961 2654 qut·
1976 2613 2074 2654 circa
2097 2614 2159 2638 eos
2179 2608 2275 2654 sunt,
2299 2608 2335 2639 et
2351 2604 2514 2655 officiunt

304 2652 349 2688 iis
371 2650 550 2687 subditum
572 2651 605 2686 si
627 2652 717 2698 plus
740 2661 848 2697 quam
870 2662 964 2697 quae
987 2662 1010 2686 a
1033 2650 1137 2686 nobes
1165 2650 1253 2685 data
1280 2655 1366 2686 sunt
1395 2649 1558 2696 accipere
1588 2651 1855 2699 temptaverint,
1885 2651 1922 2683 et
1947 2658 2092 2699 zpsaus
2122 2658 2183 2693 qut
2215 2647 2383 2683 damnum
2407 2659 2512 2695 passi

304 2700 389 2732 sunt
418 2695 468 2731 ad
496 2696 758 2732 restitutionem
788 2697 825 2731 in
855 2695 1099 2747 quadruplum
1131 2694 1284 2746 obliqati
1312 2699 1438 2736 erunt,
1468 2698 1505 2730 et
1533 2693 1637 2729 bones
1660 2696 1769 2739 atque
1801 2692 1945 2738 cen-qula
1973 2693 2226 2739 privabuntur,
2253 2697 2515 2745 praeterqan

305 2740 404 2789 quod
418 2740 552 2788 poenis
573 2740 793 2777 subicientur
816 2751 910 2788 quac
933 2743 1146 2777 conventam
1172 2751 1334 2786 zpsorum
1357 2739 1504 2776 delictis.
2385 2792 2402 2811 s

353 2880 369 2911 1
393 2877 608 2920 largitionum
633 2877 671 2918 (s.
697 2889 725 2910 v.
751 2877 923 2921 παροχῶν
951 2876 1164 2923 θησαυρῶν)
1191 2877 1238 2910 Μ
1261 2873 1326 2921 λαρ
1351 2888 1378 2908 ι-

306 2919 442 2957 τιόνων
464 2922 635 2968 παροχῶν
655 2918 731 2963 ἤτοι
752 2921 953 2966 θησαυρῶν
968 2923 998 2955 L
1023 2921 1195 2967 παροχῶν
1215 2918 1294 2964 ἦτοι
1342 2932 1377 2962 η-

307 2968 452 3012 σαυρῶν
477 2968 511 3000 Β
542 2963 709 2999 εἰσοδίων
732 2968 842 3010 Epan.
874 2970 885 3009 ΙΙ
913 2969 932 3000 2
965 2970 1165 3008 quaestwros
1196 2967 1241 3000 M
1270 2967 1379 2999 κοιαί-

307 3023 439 3057 στωρις
462 3013 493 3046 L
514 3015 744 3056 κοιαίστωρος
761 3013 796 3045 Β
816 3013 924 3055 Epan.
941 3010 954 3056 ΙΙ
973 3014 994 3046 4
1016 3012 1183 3054 priuatam
1210 3011 1256 3045 Μ
1257 3013 1268 3051 1
1293 3007 1378 3043 ἰδιο-

308 3054 451 3101 κτὴτων
475 3058 510 3091 Β
528 3065 556 3090 et
572 3070 598 3090 s.
617 3070 645 3090 v.
668 3057 711 3089 M
731 3053 945 3098 ἰδιοκτῆτων
968 3055 1159 3101 πριβάτων
1183 3057 1214 3090 L
1235 3052 1380 3089 εἰδικᾱὶν

310 3105 417 3146 Epan.
442 3103 454 3146 ΙΙ
480 3099 535 3144 δὴ]
558 3099 605 3133 ’δὲ
629 3102 736 3144 Epan.
758 3101 769 3144 ΙΙ
794 3104 814 3136 6
839 3099 977 3135 τούτοις
997 3115 1056 3135 om.
1082 3102 1150 3135 LB
1197 3103 1215 3135 7
1239 3097 1377 3144 μηδενὶ]

309 3147 395 3182 nihil
416 3149 450 3188 (i.
465 3160 491 3181 e.
504 3144 629 3191 μηδὲν)
651 3158 670 3182 ς
688 3145 700 3190 l}
717 3149 735 3181 8
756 3149 954 3190 παρασχεῖν
977 3147 1014 3180 Β
1038 3147 1146 3190 Epan.
1194 3142 1379 3192 πρόφασιν

311 3195 340 3227 L
356 3192 368 3238 ΙΙ
387 3195 407 3227 9
432 3194 658 3238 προστασίαν
678 3192 709 3224 L
725 3191 736 3235 ΙΙ
756 3190 872 3234 *μήτε
891 3209 934 3216 -
946 3189 1035 3235 μήτε
1059 3193 1136 3225 libri
1152 3190 1164 3235 ΙΙ
1185 3193 1222 3225 13
1245 3187 1379 3234 λαμβά-

309 3251 386 3271 νειν
397 3239 442 3271 Μ
454 3238 466 3278 ΙΙ
481 3235 548 3279 τὴν
562 3234 672 3283 ἀρχὴν
689 3232 957 3280 προσλαμβάνει
970 3249 1027 3270 om.
1045 3237 1092 3270 B⁶
1107 3235 1120 3280 ΙΙ
1142 3238 1182 3270 14
1199 3233 1378 3281 προσλαμ-

310 3282 435 3327 βάνειν
447 3283 492 3316 Μ
509 3286 724 3326 percepturus
744 3283 779 3323 (i.
795 3295 820 3315 ε.
835 3277 1150 3325 προσλαμβάνωνῖ
1173 3283 1216 3324 cf.
1229 3283 1313 3324 sqq.)
1330 3292 1349 3316 ς
1368 3278 1381 3323 u

315 3331 352 3361 15
375 3329 433 3360 καὶ
457 3340 514 3361 om.
542 3327 652 3371 Epan.
674 3325 687 3370 ΙΙ
712 3322 860 3370 ἀφίεμεν
882 3327 990 3369 Epan.
1012 3325 1024 3371 ΙΙ
1046 3329 1082 3361 16
1107 3323 1269 3358 custodire
1292 3326 1326 3366 (i.
1354 3337 1378 3357 e.

313 3370 514 3416 φυλάξεινῖ)
546 3384 565 3408 ς
590 3370 603 3416 ΙΙ
637 3373 676 3406 18
711 3371 775 3404 τοῦ
811 3367 918 3404 αὐτοῦ
955 3368 1208 3414 ἐπιβησόμενοι
1242 3366 1380 3412 θρόνου

314 3417 433 3458 Ε))ιιη.,
459 3419 545 3460 quod
566 3429 645 3450 sane
666 3423 812 3460 praestat
838 3415 851 3459 ss
883 3417 923 3449 19
953 3413 1170 3461 θαρρήσειεν
1190 3416 1221 3449 L
1245 3410 1380 3458 θαρρή-

314 3471 415 3493 σαιεν
435 3462 468 3493 Β
486 3461 498 3505 ΙΙ
514 3464 555 3496 20
579 3459 661 3503 εἴτε]
691 3459 729 3494 οἵ
750 3473 790 3494 τε
815 3459 873 3505 Lfl
892 3462 929 3494 21
959 3457 1085 3502 αὐτοῖς]
1115 3460 1179 3514 ipsi
1203 3472 1222 3497 ς
1239 3459 1252 3504 fl
1274 3470 1380 3504 παρε-

315 3506 406 3549 τέρω
431 3506 461 3537 L
477 3505 489 3548 ss
507 3509 548 3540 24
571 3503 780 3552 γεννήσεται
802 3506 832 3539 L
861 3502 1047 3551 γενήσεται
1076 3515 1213 3539 τουτοις
1236 3505 1345 3548 Epan.
1370 3503 1382 3547 ΙΙ

317 3551 359 3582 25
377 3560 414 3582 τι
427 3562 484 3582 om.
498 3551 528 3582 L
543 3550 556 3593 ΙΙ
575 3553 616 3585 26
630 3552 701 3592 ἐπὶ]
714 3550 761 3584 εἰς
773 3551 881 3594 Epan.
928 3547 989 3583 τὰς
1001 3546 1106 3595 ἀρχὰς
1118 3551 1190 3591 Mc]
1209 3547 1273 3584 τὰς
1291 3548 1322 3582 εἰ
1368 3566 1380 3573 -

315 3595 423 3637 με’νας
440 3589 543 3636 ἀρχὰς
555 3596 608 3638 (cs.
620 3597 674 3636 20)
688 3596 756 3629 LB
771 3596 879 3639 Epan.
926 3596 968 3629 32
985 3591 1220 3639 οἰφαυτοὺςὶιι
1235 3593 1248 3639 ΙΙ
1267 3595 1309 3628 33
1322 3560 1379 3627 5}-

318 3634 491 3681 δομένων]
506 3642 825 3684 συγκεχωρημένων
837 3641 945 3684 Epan.
961 3639 974 3683 ΙΙ
993 3641 1033 3672 33
1056 3639 1275 3684 ἐπιχειρῆσαι
1290 3650 1330 3671 εν
1341 3638 1376 3670 Ν

321 3682 536 3727 Ιπιχειρῆσαι
563 3684 605 3715 L'
625 3683 694 3726 1134
724 3679 838 3719 αὐτοῖς
862 3697 902 3718 τε
923 3685 959 3718 Β
977 3685 989 3727 ΙΙ
1006 3686 1046 3718 36
1072 3685 1139 3726 τῷ]
1161 3683 1202 3717 τὸ
1226 3684 1336 3725 Euan.

1494 2877 1507 2908 1
1523 2887 1571 2918 sq.
1595 2873 1829 2916 gloriosissimo
1845 2873 1963 2905 comite
1980 2875 2149 2914 quaestore
2165 2874 2250 2906 sacri
2264 2873 2381 2916 palatii
2397 2875 2512 2908 nostri.

1446 2921 1478 2952 et
1496 2919 1748 2961 gloriosissismo
1761 2919 1832 2959 (sic)
1854 2917 1971 2950 comite
1983 2928 2149 2950 sacrarum
2163 2920 2350 2951 nostrarum
2362 2918 2512 2961 largitio-

1446 2964 2136 3050 3¹¹31ffissssffzssmaffiffitiffl.⁰‘1¹z²ff
2153 2963 2491 3043 &illustram

1446 3065 1505 3088 neo
1529 3054 1651 3088 colibet
1678 3054 1710 3087 R
1736 3052 1926 3095 nequolibet
1950 3052 1987 3086 V
1993 3053 2002 3073 ¹
2031 3063 2090 3085 nec
2114 3052 2264 3094 quolibet
2289 3053 2327 3087 V
2330 3053 2346 3073 ²
2373 3053 2386 3097 11
2411 3055 2432 3087 9
2456 3064 2513 3087 ne-

1447 3111 1509 3142 que
1522 3099 1562 3132 de
1569 3099 1654 3140 RV]
1668 3100 1700 3131 et
1712 3108 1819 3140 neque
1831 3097 1871 3131 de
1883 3098 1967 3141 vulq.
1983 3098 1995 3139 ΙΙ
2013 3097 2184 3139 prouideri
2198 3098 2374 3140 (prouiteri
2381 3098 2445 3141 13¹)
2460 3099 2491 3132 R
2501 3097 2515 3143 ss

1453 3147 1486 3178 11
1514 3155 1568 3178 eos
1591 3157 1651 3179 om.
1676 3143 1713 3177 V
1722 3142 1736 3186 ss
1757 3144 1795 3177 13
1822 3142 2098 3176 ministrationem
2122 3142 2160 3176 V
2167 3143 2175 3162 ¹
2195 3143 2207 3187 ΙΙ
2235 3145 2272 3176 14
2296 3143 2443 3187 accipere
2467 3145 2514 3178 bie

1446 3202 1508 3223 scr.
1532 3189 1582 3223 R¹
1643 3190 1681 3223 15
1706 3187 1869 3221 custodiet
1890 3188 1975 3231 vuly.
1998 3186 2010 3230 ΙΙ
2040 3189 2079 3221 16
2104 3187 2191 3220 enim
2215 3200 2273 3221 om.
2298 3187 2346 3220 Β*
2377 3187 2390 3231 Ι
2418 3189 2458 3222 17
2481 3189 2515 3220 te

1448 3247 1505 3268 om.
1530 3234 1601 3268 ΒΤ
1617 3232 1622 3278 Ι
1640 3233 1867 3266 conscenderit
1889 3232 1927 3266 V
1943 3232 2149 3264 consentiunt
2176 3233 2209 3266 R
2234 3231 2246 3276 ΙΙ
2272 3234 2311 3266 18
2340 3233 2431 3274 quia]
2455 3232 2513 3274 qui

1448 3279 1485 3313 V
1490 3279 1501 3300 ¹
1523 3278 1536 3324 ΙΙ
1565 3280 1605 3312 19
1624 3277 1692 3310 illis
1715 3277 1760 3318 R]
1792 3277 1844 3310 his
1871 3276 1909 3311 V
1925 3277 1971 3309 eis
1998 3277 2029 3310 T
2048 3274 2427 3321 0019.Ιρι’11,811101ᾱ10188
2450 3276 2483 3310 R

1449 3326 1490 3358 20
1509 3323 1619 3363 etiam]
1642 3325 1674 3355 et
1699 3323 1730 3355 R
1761 3323 1772 3366 ss
1799 3323 1841 3356 23
1866 3321 1938 3354 dari
1963 3321 2011 3354 122
2035 3324 2067 3355 in
2088 3334 2153 3356 ras.
2182 3323 2195 3364 ΙΙ
2221 3323 2262 3355 25
2286 3321 2328 3354 ad
2351 3332 2411 3354 om.
2431 3321 2480 3354 R¹
2501 3319 2506 3365 Ι

1448 3371 1490 3403 26
1520 3367 1782 3411 permitterentes
1813 3377 1909 3400 suum
1937 3369 2006 3408 (um
2030 3365 2080 3399 Β*
2113 3368 2145 3400 in
2165 3367 2245 3406 rae.)
2270 3366 2303 3399 R
2329 3365 2342 3408 ΙΙ
2371 3366 2412 3399 27
2445 3375 2511 3397 non

1449 3412 1656 3447 emendantes
1678 3413 1783 3455 suppl.
1809 3411 1847 3445 V
1848 3411 1863 3432 ⁸
1885 3412 1918 3445 in
1941 3424 1957 3444 s
1983 3418 2026 3445 at.
2054 3423 2123 3445 vae.
2145 3409 2159 3454 Ι
2184 3411 2227 3443 29
2250 3409 2511 3451 indignationem

1448 3467 1598 3500 magnam
1623 3457 1655 3491 V
1682 3455 1694 3501 ΙΙ
1723 3459 1766 3491 30
1797 3455 1915 3499 oilguli
1944 3458 1993 3498 (g
2017 3468 2056 3490 ex
2077 3456 2174 3497 corr.)
2203 3454 2236 3487 R
2261 3452 2274 3497 ΙΙ
2302 3453 2511 3497 formidalda—

1448 3503 1533 3536 bunt
1565 3502 1597 3535 R
1626 3502 1638 3543 ΙΙ
1665 3504 1706 3535 32
1743 3500 1955 3544 temptauerit
1989 3501 2038 3534 Β*
2065 3498 2079 3544 fl
2104 3500 2146 3533 33
2180 3497 2391 3531 subiciuntur
2420 3498 2470 3531 R¹
2500 3498 2513 3543 ΙΙ

1449 3549 1490 3626 ἷδ
1522 3546 1705 3623 suppliciis]
1740 3545 1860 3590 suppli}
1888 3545 1933 3580 R¹
1960 3545 1972 3590 ΙΙ
1994 3543 2178 3588 oongruant
2207 3542 2288 3585 ΒΤ]
2324 3547 2513 3585 congruunt

1503 3603 1543 3625 vu
1556 3605 1589 3635 9.
2088 3608 2090 3611 ·
