2618 4010
216 149 275 180 DE
304 147 653 180 TABELLIONIBUS

213 249 306 292 μένα
326 245 408 290 τέλη
432 243 630 292 λαμβάνειν
653 244 675 290 ἢ
697 248 897 294 πειρᾶσθαι
916 246 961 282 τὰ
976 247 1059 291 τέλη
1076 251 1221 293 τρέπειν
1240 248 1288 283 εἰς

215 290 439 339 στεγονόμια.
486 288 565 326 ἀλλ’
600 293 746 327 ἕκαστος
781 291 990 328 άπολαυέτω
1025 295 1092 337 μὲν
1122 294 1183 337 τῆς
1211 295 1289 328 τῶν

215 341 459 384 στεγονομίων
482 337 658 384 εἰςφορᾶς,
690 342 918 385 συγχωρείτω
942 336 982 372 δὲ
1004 338 1049 373 τοὶ
1075 337 1289 385 ἐργαστήρια

216 382 431 429 λειτουργεῖν
461 381 507 417 τὰ
539 381 681 426 συνήθη
715 397 756 417 τε
786 387 846 417 καὶ
875 387 1124 428 νενομισμένα.
1174 380 1289 430 ὥςπερ

214 427 281 475 γὰρ
302 429 449 461 ἕκαστος
470 428 596 462 ἑαυτοῦ
613 431 830 474 προνοεῖται,
853 425 948 463 οὕτω
970 433 1028 462 καὶ
1047 426 1135 474 ἡμᾶς
1155 426 1289 476 ἀνάγκη

214 474 278 507 τοῦ
302 471 501 507 λυσιτελοῦς
528 486 568 507 τε
598 477 657 507 καὶ
682 477 921 521 συμφέροντος
953 476 1013 518 τῆς
1035 473 1186 521 μεγάλης
1207 474 1289 509 ταύ-

214 529 276 561 της
299 520 358 551 καὶ
381 516 565 562 βασιλίδος
597 515 936 563 ἀντιλαμβάνεσθαι
968 518 1113 554 πόλεως.
1162 518 1203 553 οὐ
1223 520 1290 566 γὰρ

215 561 260 596 ἂν
284 560 398 597 ἄλλως
421 562 467 597 τὰ
489 564 591 611 κοινῇ
616 563 868 599 λυσιτελοῦντα
892 568 1050 610 προβαίη
1073 564 1122 609 μὴ
1139 566 1200 608 τῆς
1218 579 1289 599 τοι-

215 607 322 650 αύτης
351 607 551 654 βαρύτητος
579 606 911 654 ἀπαλλαττομένων
930 611 1008 644 τῶν
1023 613 1125 656 μέχρι
1148 612 1214 645 νῦν
1231 607 1289 644 αὖ·

214 652 280 696 τὴν
304 655 425 699 φέρειν
448 651 740 700 ἠναγκασμένων.

258 695 542 746 <Ἐπίλογος.>
588 696 632 733 ‘H
651 704 773 734 τοίνυν
806 698 851 743 σὴ
880 697 1068 743 ἐνδοξότης
1098 700 1142 734 τὰ
1176 713 1291 746 παρα-

214 744 352 777 στάντα
375 741 461 788 ἡμῖν
491 748 551 778 καὶ
581 743 640 778 διὰ
671 744 777 779 τοῦδε
813 745 874 779 τοῦ
906 745 1010 778 θείου
1041 747 1290 791 πραγματικοῦ

214 787 328 823 τύπου
353 786 553 834 δηλούμενα
576 787 870 837 ἀπαράθραυστα
894 788 1039 835 φυλάξει
1063 793 1122 823 καὶ
1149 790 1184 823 οἱ
1200 789 1290 834 μετὰ

214 835 253 867 σὲ
277 833 343 876 τὴν
368 832 479 877 αὐτὴν
502 833 612 882 ἀρχὴν
636 832 934 881 παραληψόμενοι
957 839 1016 869 καὶ
1041 835 1062 879 ἡ
1087 836 1289 878 πειθομένη

215 891 271 912 σοι
294 876 392 920 τάξις
415 881 481 915 νῦν
503 884 562 914 καὶ
586 882 633 915 εἰς
657 880 722 915 τὸν
747 882 822 924 ἑξῆς
846 879 993 915 ἅπαντα
1015 879 1156 924 χρόνον.

269 924 354 959 Dat.
379 936 457 961 XVI.
488 926 524 962 k.
553 927 632 962 Iun.
664 926 732 962 GP.
762 930 845 971 post
877 936 975 962 cons.
1007 925 1172 962 Belisarii
1202 937 1234 961 v.
1260 937 1289 961 c.

213 980 306 1005 anno
327 981 366 1005 11.
1151 975 1195 1013 [a.
1211 973 1287 1014 537]

720 1156 787 1197 MK

242 1229 417 1282 ΠΕΡΙ
467 1229 614 1281 ΤΩΝ
656 1230 1259 1283 ΣῩΜΒΟΛΑΙΟΓΡΑ-

1279 133 1362 180 273

2069 135 2175 178 Nov.
2207 135 2342 178 XLIV
2372 147 2433 190 pr.

1357 248 1520 283 ordinata
1551 246 1685 282 tributa
1716 245 1901 291 percipere
1931 249 1994 282 aut
2025 246 2275 292 temptaverint
2300 246 2435 282 tributa

1357 297 1496 328 mutare
1520 292 1557 327 in
1580 291 1786 338 pensiones:
1824 291 1886 327 sed
1911 293 2155 336 unusquisque
2186 293 2329 327 fruatur
2355 292 2433 371 ffui-

1358 339 1438 374 dem
1461 338 1642 383 pensionis
1665 336 1847 379 inlatione,
1874 338 1977 373 cedat
1998 340 2117 373 autem
2138 338 2332 382 ergasteria
2366 338 2434 371 'un-

1360 385 1512 419 ctionem
1533 384 1618 419 dare
1638 385 1844 418 consuetam
1861 385 1967 426 atque
1987 383 2186 427 legitimam.
2224 384 2325 418 Sicut
2343 383 2435 418 enim

1325 429 1602 474 5unusquisque
1637 428 1693 463 sui
1726 427 1904 473 providet,
1942 428 1992 462 ita
2028 431 2064 463 et
2098 439 2165 463 nos
2200 439 2347 464 necesse
2381 432 2436 463 est

1360 474 1455 519 quod
1486 473 1708 509 commodum
1745 474 1799 508 est
1831 476 1867 508 et
1897 473 1984 508 utile
2020 483 2168 518 magnae
2203 474 2286 509 huic
2317 474 2436 518 regiae

1359 519 1549 555 defendere
1574 519 1718 554 civitati.
1756 518 1839 554 Non
1860 518 1952 552 enim
1971 519 2074 554 aliter
2094 529 2184 563 quae
2205 520 2436 554 communiter

1359 565 1461 600 utilia
1491 566 1575 600 sunt
1605 564 1816 609 procedunt,
1848 563 1878 598 si
1909 574 1981 598 non
2011 564 2074 599 tali
2105 574 2211 599 onere
2240 565 2436 600 liberentur

1360 621 1450 655 quae
1474 610 1647 645 hactenus
1671 609 1758 645 illud
1782 609 1875 644 ferre
1900 610 2027 644 coacta
2051 613 2146 644 sunt.

1307 659 1346 690 10

1411 702 1428 746 <
1437 701 1633 746 Epilogu
1644 699 1690 744 s.)
1736 700 1816 735 Tua
1838 699 1943 744 igitur
1966 699 2080 744 gloria
2111 710 2202 744 quae
2225 700 2436 744 placuerunt

1359 747 1462 781 nobis
1493 750 1530 781 et
1552 756 1617 791 per
1647 746 1741 780 hanc
1773 755 1912 780 sacram
1936 745 2192 790 pragmaticam
2216 746 2437 780 sanctionem

1359 792 1542 827 declarata
1566 792 1650 826 sunt
1674 791 1754 835 ipsa
1778 791 1935 826 servabit
1958 794 1993 825 et
2018 791 2076 835 qui
2100 794 2182 835 post
2202 790 2350 824 eandem
2373 790 2435 824 ad-

1358 837 1654 872 ministrationem
1678 836 1901 881 susceperint
1925 838 1960 871 et
1981 836 2172 871 oboediens
2197 835 2261 870 tibi
2281 835 2436 871 officium

1305 885 1345 916 15
1359 892 1455 917 nunc
1486 886 1520 917 et
1543 883 1580 917 in
1605 892 1707 917 omne
1732 881 1899 927 deinceps
1923 884 2074 926 tempus.

1403 972 1486 1007 Dat.
1512 972 1582 1007 kal.
1609 972 1701 1008 Iunii
1726 972 1793 1008 GP.
1819 984 1855 1018 p.
1881 983 1910 1008 c.
1935 972 2100 1008 Belisarii
2123 984 2154 1008 v.
2181 982 2212 1006 e.
2299 975 2344 1013 [a.
2358 973 2436 1012 536]

1765 1163 1893 1200 xmv.
1943 1164 2050 1199 Auth.
2062 1163 2173 1199 XLV.
2193 1164 2341 1200 0011.1v
2353 1163 2407 1199 tit.
2418 1166 2435 1197 7

1519 1233 1572 1281 R
1604 1232 1697 1280 DE
1734 1232 2278 1284 TABELLIONIBUS

239 1298 385 1350 ΦῼΝ
413 1299 550 1351 ΚΑΙ
582 1299 758 1352 ΠΕΡΙ
791 1298 934 1352 TOY
958 1300 1056 1352 TA
1088 1297 1258 1349 ΠΡῼ-
1301 1311 1344 1344 20
1392 1301 1486 1350 UT
1521 1298 1966 1350 PROTOOOLLA
2010 1302 2403 1352 DIMITTANT

237 1365 598 1418 TOKOAAA
637 1365 926 1418 AYTOYE
968 1365 1123 1417 EAN
1159 1365 1260 1417 ΕΝ

478 1433 643 1486 Tol}
677 1433 1016 1487 ΧΑΡΤΑΙΣ.

207 1508 243 1544 Ὁ
264 1508 369 1546 αὐτὸς
386 1511 553 1556 βασιλεὺς
570 1510 718 1560 Ἰωάννῃ
744 1511 889 1559 ἐπάρχῳ
915 1516 1152 1559 πραιτωρίων
1169 1512 1211 1546 τὸ
1232 1511 1287 1557 β’,

477 1554 548 1592 ἀπὸ
572 1554 723 1592 ὑπάτων
747 1561 806 1591 καὶ
825 1562 1017 1603 πατρικίῳ.

1662 1369 1736 1417 IN
1770 1367 2062 1418 CHARTIS
2093 1371 2146 1419 R

1565 1514 1653 1559 Imp.
1679 1514 1898 1550 Iustinianus
1922 1514 1966 1548 A.
1992 1514 2144 1550 Iohanni
2166 1526 2226 1560 pp.

245 1625 333 1677 ςΠρ
342 1638 361 1658 ο
370 1639 389 1679 ο
397 1629 442 1668 ίμ
451 1640 463 1659 ι
471 1638 489 1658 ο
497 1625 547 1679 ν.)
583 1626 689 1668 Δίκης
708 1627 827 1671 μικρῷ
845 1624 1011 1679 πρόσὶθεν
1030 1623 1287 1681 ἦκροασάμεθα
1301 1630 1341 1662 25
1400 1627 1444 1671 <P
1455 1638 1473 1662 r
1482 1637 1503 1661 a
1513 1638 1532 1661 e
1541 1626 1690 1671 satio.)
1730 1627 1846 1662 Litem
1870 1628 1978 1672 paulo
2004 1630 2086 1663 ante
2112 1629 2310 1664 audivimus
2334 1640 2436 1674 prae-

206 1683 259 1713 τῳ
285 1683 440 1715 παροντι
471 1684 572 1715 νομῳ
602 1674 875 1717 παρασχομένης
907 1685 973 1713 την
1004 1683 1200 1716 προφασιν.
1249 1673 1287 1705 ἐκ

204 1715 271 1760 γὰρ
309 1713 499 1761 προςώπου
534 1713 700 1762 γυναικός
739 1718 1022 1762 τινοςυὲφέρετο
1058 1713 1287 1761 συμβόλαιον,

206 1758 399 1807 γράμματα
421 1763 488 1805 μὲν
514 1759 621 1804 αὐτῆς
641 1759 704 1794 οὐκ
729 1763 810 1803 ἔχον
832 1763 889 1805 (ἦν
907 1761 975 1809 γὰρ
1000 1759 1142 1796 τούτων
1166 1760 1288 1797 ἀνεπι-

206 1805 378 1849 στήμων),
403 1805 577 1840 τελεσθὲν
595 1805 724 1860 δὲζὺπὸ
742 1806 1077 1860 συμβολαιογράφου
1106 1810 1164 1862 καὶ
1191 1807 1289 1852 παρά

1357 1672 1449 1707 senti
1473 1673 1540 1716 legi
1565 1673 1796 1717 praebentem
1821 1674 2057 1709 occasionem.
2101 1675 2158 1708 Ex
2182 1685 2336 1719 persona
2361 1675 2436 1719 qui-

1358 1718 1436 1752 dem
1467 1718 1624 1753 mulieris
1659 1719 1843 1753 cuiusdam
1872 1719 2054 1754 ferebatur
2086 1720 2347 1762 documentum,
2379 1721 2436 1755 lit-

1358 1766 1452 1798 teras
1490 1763 1630 1808 quidem
1665 1765 1741 1798 eius
1782 1775 1855 1800 non
1890 1765 2026 1800 habens
2063 1767 2153 1806 (erat
2187 1767 2279 1800 enim
2309 1768 2437 1801 harum

1358 1808 1507 1853 ignara),
1540 1809 1753 1854 completum
1779 1813 1897 1844 autem
1925 1821 1947 1845 a
1970 1811 2162 1846 tabellione
2194 1815 2229 1846 et
2252 1811 2308 1857 <a>
2331 1812 2435 1846 tabu-

205 1864 244 1884 τε
268 1850 504 1898 ταβουλαρίου
537 1851 603 1895 τὴν
633 1864 847 1898 υπογραφην
878 1855 960 1895 ἔχον
992 1866 1059 1896 την
1088 1854 1194 1895 αυτῆς
1226 1856 1286 1886 καὶ
1300 1857 1342 1888 30
1356 1854 1445 1889 lario
1464 1855 1764 1900 subscriptionem
1781 1855 1917 1891 habens
1936 1856 2011 1891 eius
2031 1862 2066 1892 et
2083 1856 2226 1891 testium
2245 1857 2434 1892 ostendens

250 1921 334 1953 Nov.
350 1922 443 1953 XLI
451 1921 650 1962 V(Authent.
666 1921 737 1954 XL
747 1921 830 1954 V=
848 1922 927 1955 Coll.
942 1922 1057 1956 IVtit.
1072 1924 1110 1955 7:
1134 1923 1247 1966 yloss.)
1275 1923 1400 1958 Graece
1422 1931 1511 1957 extat
1530 1926 1562 1957 in
1577 1925 1660 1966 ML,
1687 1925 1721 1957 Β
1736 1926 1788 1966 22,
1805 1931 1832 1967 2,
1846 1932 1858 1958 1
1877 1938 1944 1958 cum
1957 1927 2055 1959 schol.
2081 1945 2125 1949 —
2149 1927 2240 1969 Epic.
2257 1926 2377 1959 Theod.
2392 1927 2434 1959 44

206 1966 293 2006 (inde
308 1962 392 2007 ΒΣ),
418 1967 538 1999 Athan-
555 1968 606 2007 14,
622 1974 643 1999 1.
691 1967 812 2000 Iulian.
828 1974 925 2000 const.
942 1968 1023 2000 XL.

205 2046 241 2078 et
264 2042 348 2077 olim
371 2048 510 2079 statuta
535 2043 671 2079 tributa
696 2045 878 2090 accipiant
901 2045 957 2080 vel
981 2044 1116 2080 tributa
1140 2045 1177 2078 in
1199 2046 1394 2090 pensiones
1419 2057 1494 2092 pro
1520 2047 1668 2082 aedibus
1700 2054 1905 2084 convertere
1930 2054 2124 2084 conentur:
2158 2049 2222 2084 secl
2245 2050 2435 2095 unusquis-

205 2099 273 2133 que
297 2092 332 2123 et
347 2090 564 2140 pensionum
589 2089 784 2125 collatione
806 2090 959 2134 fruatur
980 2094 1015 2125 et
1035 2090 1208 2135 officinas
1229 2092 1397 2136 patiatur
1421 2103 1570 2127 munera
1595 2097 1767 2128 consueta
1788 2098 1823 2128 et
1841 2093 1951 2128 solita
1965 2098 2169 2140 praestare.
2218 2094 2323 2129 Sicut
2342 2095 2433 2130 enim

203 2133 271 2168 sibi
295 2145 447 2180 quisque
464 2134 656 2181 prospicit,
680 2135 733 2169 ita
757 2146 825 2169 nos
850 2146 994 2186 quoque
1017 2146 1159 2170 necesse
1183 2140 1238 2170 est
1260 2136 1410 2171 utilitati
1434 2142 1468 2171 et
1491 2138 1677 2173 commodo
1702 2138 1810 2174 liuius
1833 2150 1987 2184 maynae
2016 2144 2053 2174 et
2080 2140 2204 2186 reqiae
2230 2139 2329 2175 urbis
2353 2151 2434 2175 con-

204 2179 330 2213 sulere.
389 2179 515 2224 Neque
543 2180 636 2214 enim
666 2180 772 2214 aliter
804 2191 897 2225 quae
928 2191 966 2214 in
999 2190 1183 2215 commune
1207 2181 1313 2215 utilia
1335 2186 1421 2216 sunt
1441 2182 1650 2227 procedent,
1684 2184 1754 2218 nisi
1780 2183 1847 2218 tali
1876 2195 1985 2219 onere
2010 2185 2205 2220 liberentur
2236 2185 2300 2230 qui
2322 2196 2434 2231 usque

206 2223 324 2258 adbuc
347 2223 386 2258 id
407 2225 510 2269 ferre
534 2225 652 2258 coacti
673 2229 786 2259 erant.

341 2267 379 2302 E
415 2269 479 2303 ilo
487 2280 575 2314 qus.
627 2268 705 2303 Tua
728 2269 842 2314 iqitur
865 2270 1057 2304 eminentia
1082 2280 1174 2314 quae
1198 2269 1302 2305 nobis
1319 2270 1540 2315 placuerunt
1562 2276 1596 2306 et
1611 2283 1684 2318 per
1708 2272 1803 2307 lianc
1825 2283 1968 2308 sacram
1990 2275 2255 2320 praqmaticam
2276 2276 2432 2310 sanctio-

207 2324 286 2347 nem
311 2312 374 2347 dec
392 2318 557 2355 arantur,
583 2313 724 2348 illibata
748 2313 937 2364 custodiet
942 2314 1159 2359 pariterque
1182 2314 1245 2359 qui
1267 2320 1353 2360 post
1377 2320 1410 2351 te
1433 2316 1583 2351 eundem
1607 2317 1858 2362 magistratum
1882 2319 2086 2364 suscepturi
2108 2324 2194 2355 sunt
2214 2324 2250 2355 et
2269 2321 2433 2365 officium

209 2358 271 2393 tibi
294 2358 490 2394 subiectum
514 2369 610 2393 nunc
633 2362 667 2393 et
690 2359 729 2393 in
753 2369 856 2394 omne
879 2358 1048 2404 demceps
1072 2363 1221 2404 tempus.

1250 2493 1344 2529 XLI
1350 2494 1388 2530 V.

379 2561 477 2612 DE
506 2561 1798 2691 TABELLIONIBUSBEAEZZQIIJZssZVOCOLLA
1834 2564 1926 2614 IN
1956 2566 2258 2618 CHARTJS

545 2707 646 2744 Idem
665 2710 850 2754 Λυρκείας
871 2706 1032 2743 Iohanni
1047 2710 1244 2755 praesecto
1267 2712 1456 2756 praetorio
1480 2712 1626 2754 iterum,
1657 2712 1848 2748 exconsuli
1871 2716 1907 2747 et
1927 2714 2094 2759 patricio.

340 2776 602 2821 Praefatio.
658 2777 772 2812 Litem
805 2776 902 2812 brevi
933 2782 1016 2812 ante
1050 2777 1267 2820 audivimus,
1299 2788 1392 2823 quae
1419 2780 1606 2824 praesenti
1638 2779 1710 2825 leqi
1733 2779 1909 2826 praebuit
1933 2782 2166 2817 occasionem.
2216 2782 2358 2817 Etenim
2382 2795 2431 2819 ex

203 2832 364 2867 persona
387 2821 547 2856 mulieris
571 2822 756 2857 cuiusdam
774 2821 1040 2867 proferebatur
1064 2823 1349 2864 instrumentum,
1375 2824 1474 2868 quod
1495 2825 1713 2870 scripturam
1739 2824 1881 2870 quidem
1906 2826 1982 2861 eius
2005 2838 2078 2862 non
2103 2827 2310 2863 continebat
2338 2831 2431 2869 (erat

205 2866 298 2901 enim
321 2866 500 2901 scribendi
523 2867 680 2913 iqnara),
711 2866 775 2902 sed
798 2878 820 2901 α
847 2867 1036 2902 tabellione
1060 2868 1261 2903 absolutum
1286 2872 1366 2903 erat
1388 2872 1423 2903 et
1438 2880 1511 2915 per
1535 2869 1751 2905 tabularium
1775 2869 2072 2917 subscriptionem
2095 2873 2255 2907 mulieris
2278 2872 2431 2909 babebat

261 2962 275 2992 1
303 2955 324 2999 ἢ
347 2957 558 3003 πειρᾶσθαι]
592 2960 649 2989 aut
673 2958 907 2999 temptaverint
932 2969 951 2993 ς
979 2958 990 3001 ΙΙ
1025 2960 1043 2991 2
1068 2955 1282 3012 ἀπολαβέτω

207 3005 238 3036 L
259 3004 271 3046 ΙΙ
295 3004 362 3044 μὲν
387 3004 488 3036 om.L
514 3002 526 3045 ΙΙ
552 3006 570 3036 5
596 3005 744 3048 προνοεῖ
765 3003 812 3035 M
830 3003 842 3044 ΙΙ
867 3004 908 3036 12
921 3015 968 3045 sq.
994 2999 1078 3046 ἡμῖν
1103 3023 1145 3027 —
1169 3016 1282 3038 τυπου
1317 3017 1318 3029 ¹

207 3061 264 3080 om.
286 3049 316 3079 L
347 3047 359 3090 ΙΙ
388 3049 428 3082 13
452 3043 745 3092 ἆπαράθραυστα
769 3044 914 3093 φυλάξει
940 3049 995 3088 M]
1035 3045 1077 3080 συ
1107 3050 1148 3081 τὲ
1178 3045 1284 3082 αὐτὸς

207 3090 376 3135 φυλάξαις
400 3093 431 3124 L
466 3093 537 3134 ipsa
561 3093 705 3124 servabit
729 3104 748 3128 ς
775 3093 787 3136 ΙΙ
820 3095 859 3126 13
873 3106 920 3135 sq.
946 3091 982 3125 οἱ
1004 3113 1048 3117 -
1072 3092 1282 3139 παραληψό-

205 3149 306 3180 μενοι
320 3137 391 3177 Me]
417 3133 435 3169 ὁ
457 3156 499 3161 -—
521 3149 572 3171 πα
598 3135 821 3181 αληψόμενος
843 3138 873 3170 L
890 3137 902 3181 ΙΙ
931 3140 970 3171 16
985 3148 1060 3171 XVI.
1078 3139 1110 3170 k.
1133 3140 1203 3171 iun.
1224 3141 1281 3180 M]

207 3184 238 3215 k.
265 3182 335 3214 iun.
363 3183 491 3217 §Iulst'w
527 3149 719 3215 καλανδῶν
745 3180 889 3215 ἷουλίων
914 3181 1072 3224 (ἰουλιάις
1097 3185 1180 3225 cod.)
1205 3186 1280 3218 Aah.

205 3229 291 3270 μηνὶ
317 3228 438 3269 ἰουνίῳ
467 3228 585 3260 Theoti.
606 3228 678 3268 (om.
698 3228 782 3260 Iutv
800 3229 858 3270 al.)
896 3227 907 3268 ΙΙ
944 3228 1008 3259 GP.
1031 3231 1106 3270 post
1127 3229 1281 3262 Bilisario

207 3285 257 3306 uc.
274 3284 376 3305 conss.
397 3283 472 3304 ann.
488 3273 523 3304 II
545 3273 592 3305 M
612 3274 685 3314 post
709 3272 833 3305 consul.
861 3273 991 3304 uilisari
1014 3273 1134 3306 iterum
1158 3275 1284 3308 Iuliani

207 3321 275 3352 cod.
294 3319 474 3369 Utinensis,-
487 3315 577 3369 μετὰ
592 3315 659 3368 τὴν
670 3313 847 3351 ὑπατείαν
860 3315 1072 3370 Βελισιαρίου
1085 3317 1127 3352 τὸ
1140 3317 1180 3362 β’
1191 3321 1279 3361 Ath.]

205 3374 363 3441 {litigii
371 3362 1137 3452 ᾗῗὶῗᾞῖἐὲοῑτῖἶῃ’ὑῖἕαᾮιὲιοὲῖιλῖἶῗὲἷῧ
1142 3366 1279 3444 limiti?

207 3456 307 3497 (quod
324 3455 470 3497 praefert
489 3453 613 3486 Biener
628 3465 667 3494 7).
683 3454 760 3495 514)
777 3452 789 3496 ss
819 3454 857 3486 19
879 3452 957 3485 τῶν
977 3454 1049 3486 ML
1058 3455 1146 3495 Am]
1172 3468 1230 3488 om.
1244 3456 1279 3488 B

210 3500 329 3533 Tkeod.
349 3500 361 3541 ΙΙ
377 3495 735 3543 συμβολαιογράφων]
760 3499 819 3530 καὶ
841 3500 922 3542 περὶ
947 3497 1177 3541 συμβολαίων
1201 3502 1277 3533 add.

208 3545 328 3578 Theod.
348 3544 359 3588 ΙΙ
376 3545 419 3577 20
431 3546 491 3576 καὶ
510 3557 567 3576 om.
583 3556 601 3579 ς
620 3542 631 3586 ΙΙ
647 3544 729 3587 περὶ
747 3556 804 3576 om.
818 3543 853 3575 Β
872 3543 884 3586 ΙΙ
900 3540 945 3576 τὰ
963 3556 1019 3576 om.
1034 3545 1108 3577 Ath.
1127 3544 1140 3589 Η
1157 3547 1196 3579 21
1217 3542 1277 3577 αὖ·

206 3587 287 3622 τοὺς
306 3589 369 3623 ἐᾶν
386 3587 462 3632 (ἐὰν
475 3590 534 3631 M)
555 3588 638 3629 ML]
662 3590 756 3629 ἔχειν
780 3584 906 3621 αὐτοὺς
926 3588 1014 3630 Ata,
1040 3589 1102 3622 ἐᾶν
1116 3590 1152 3623 Β
1176 3591 1278 3623 ἐᾶσαι

210 3635 331 3667 ΤΙιεοά.
362 3634 374 3678 ΙΙ
413 3636 454 3668 22
477 3631 633 3680 χάρταις]
666 3630 893 3676 συμβολαίοις
918 3633 1038 3666 ΤΙιεοιΙ.
1069 3633 1081 3677 ΙΙ
1114 3636 1155 3668 23
1181 3637 1275 3668 inser.

208 3686 238 3711 et
256 3681 449 3722 prooemium
474 3688 503 3713 et
526 3693 598 3722 cap.
626 3681 640 3712 1
670 3680 713 3712 in.
740 3692 796 3712 om.
823 3679 869 3720 B,
894 3679 971 3711 add.
987 3676 1046 3712 ΒΣ
1077 3679 1089 3723 ΙΙ
1113 3675 1148 3713 ‘0
1174 3677 1277 3713 αὐτὸς

208 3721 382 3766 βασιλεὺς]
425 3720 462 3758 ‘0
493 3720 723 3772 αὐτοκράτωρ
754 3718 999 3758 Ἰουστινιανὸς
1022 3725 1096 3759 Act.
1136 3721 1276 3758 ’Ῑουστι-

278 3780 331 3808 111.

1352 2957 1474 2992 νιανὸς
1499 2957 1557 2993 ΒΣ
1576 2962 1631 3003 (cf.
1648 2963 1678 3002 ς)
1710 2960 1720 3000 ΙΙ
1750 2963 1790 2995 25
1816 2958 2085 3006 ἠκροασάμεθα]
2111 2960 2306 3006 ἠκούσατε*
2333 2965 2384 2997 La
2417 2967 2427 3009 Η

1353 3006 1393 3038 30
1419 3002 1484 3046 τὴν
1507 3002 1624 3047 αὐτῆς]
1649 3006 1709 3047 τῆς
1734 3004 1840 3048 αὐτῆς
1865 3005 1923 3039 ΒΣ

1407 3097 1420 3127 1
1448 3096 1557 3127 autem
1581 3096 1776 3137 putauerint
1809 3097 1840 3129 V
1862 3097 1874 3139 ΙΙ
1907 3099 1925 3130 3
1951 3098 2158 3139 *pensionisJ
2184 3099 2398 3140 impensionis
2419 3108 2430 3133 ι

1350 3140 1385 3171 in
1398 3139 1612 3181 pensionibus
1633 3141 1667 3173 V
1684 3140 1696 3184 ΙΙ
1720 3141 1904 3173 illationem
1926 3150 1936 3174 t
1961 3141 1973 3186 ss
1997 3144 2155 3176 concedat
2167 3145 2252 3187 vuly.
2278 3143 2290 3188 ΙΙ
2311 3145 2429 3177 factio-

1350 3196 1424 3217 nem
1440 3193 1450 3217 t.
1465 3184 1477 3229 ΙΙ
1496 3187 1516 3218 4
1530 3185 1626 3225 sicut]
1640 3188 1688 3217 set
1702 3194 1713 3218 t
1730 3185 1741 3229 ss
1759 3189 1778 3219 5
1793 3187 1955 3228 unusquis
1975 3188 2109 3221 VNeob.
2127 3188 2139 3232 ΙΙ
2157 3189 2209 3220 sui
2223 3201 2280 3222 om.
2296 3197 2307 3222 t
2323 3190 2335 3233 ΙΙ
2352 3201 2428 3233 pro-

1350 3230 1472 3262 uiderit
1487 3238 1497 3262 t
1511 3230 1523 3272 ΙΙ
1550 3233 1624 3273 7sq.
1639 3232 1856 3264 communiter
1871 3232 1969 3264 utilia
1985 3236 2063 3265 sunt
2084 3234 2128 3274 V]
2146 3235 2333 3266 communia
2349 3238 2427 3268 sunt

1350 3275 1478 3307 utiliter
1493 3275 1615 3308 tNeob.
1635 3275 1646 3318 ΙΙ
1666 3277 1684 3309 8
1699 3276 1727 3307 si
1740 3287 1806 3309 non
1824 3278 1868 3317 V]
1884 3278 1953 3310 sine
1968 3279 2090 3311 tNeob.
2110 3279 2121 3321 ΙΙ
2139 3279 2287 3313 honeret
2302 3281 2427 3313 honera
2459 3312 2461 3314 ,

1359 3320 1411 3363 Vll
1431 3322 1450 3353 9
1476 3320 1535 3362 qui
1559 3340 1602 3344 ——
1627 3322 1731 3353 coacti
1746 3322 1838 3355 Beck
1852 3330 1963 3356 temere
1986 3322 1999 3366 ΙΙ
2022 3324 2090 3356 fere
2113 3324 2144 3357 V
2162 3324 2174 3367 ΙΙ
2206 3326 2245 3358 12
2255 3338 2302 3368 sq.
2327 3337 2425 3368 prag-

1348 3366 1468 3397 matica
1487 3365 1652 3398 declarata
1672 3370 1750 3398 sunt
1769 3368 1918 3400 santione
1940 3369 1973 3400 V
1993 3369 2005 3410 Η
2036 3370 2074 3402 13
2095 3369 2177 3410 ipsa]
2201 3369 2315 3402 illaesa
2330 3371 2426 3404 Beck

1349 3412 1430 3444 male
1446 3411 1457 3453 ΙΙ
1476 3411 1623 3443 seruauit
1645 3411 1699 3455 Vll
1718 3413 1775 3453 qui
1793 3426 1850 3447 om.
1865 3414 1986 3446 tNeob.
2008 3412 2019 3457 ΙΙ
2044 3416 2083 3447 15
2097 3417 2203 3455 omne]
2220 3416 2353 3448 nomine
2370 3414 2427 3462 Vn

1351 3458 1389 3489 17
1403 3458 1523 3489 subscr.
1544 3456 1609 3488 dat.
1624 3456 1670 3488 kl.
1687 3457 1775 3489 iunii
1794 3469 1863 3500 cap.
1879 3469 1929 3500 pc.
1948 3458 2110 3491 bilisiario
2126 3460 2190 3492 uic.
2211 3471 2282 3493 con.
2305 3461 2344 3503 V,
2363 3475 2421 3495 om.

1347 3508 1415 3534 cett.
1436 3500 1447 3543 ΙΙ
1477 3503 1573 3544 18sq.
1589 3500 1626 3545 ῆι
1642 3501 1781 3534 XLIIII
1804 3503 1857 3546 VM
1886 3505 1926 3536 20
1941 3505 1989 3544 ut]
2007 3506 2039 3536 et
2055 3506 2093 3536 ut
2106 3506 2192 3548 vuly.
2210 3506 2223 3549 ΙΙ
2247 3505 2423 3539 demittant

1346 3546 1379 3578 R
1400 3546 1546 3578 dimittat
1567 3547 1617 3579 V¹
1644 3547 1655 3590 ΙΙ
1686 3549 1723 3581 21
1752 3549 1887 3588 chartis]
1913 3549 2006 3581 atriis
2027 3550 2077 3582 V¹
2105 3549 2117 3594 ΙΙ
2148 3552 2189 3584 23
2213 3552 2253 3583 A.
2279 3565 2336 3585 om.
2359 3553 2394 3586 V

1346 3592 1388 3624 25
1413 3593 1488 3623 ante
1506 3592 1586 3632 ΒΤ]
1612 3595 1708 3625 antea
1730 3593 1763 3626 V
1783 3596 1794 3637 ΙΙ
1826 3595 1868 3626 26
1892 3594 2113 3636 praebentem]
2136 3599 2338 3637 praesentem
2362 3598 2394 3631 V
2409 3551 2422 3640 Η

1345 3635 1478 3677 quidem
1495 3638 1591 3680 vulo]
1616 3638 1769 3679 quodque
1793 3639 1842 3670 R¹
1878 3639 1966 3680 quod
1981 3639 2031 3672 R²
2067 3651 2198 3682 quoque
2222 3643 2256 3676 T
2284 3653 2348 3684 que
2370 3643 2421 3675 1⁷¹

1344 3682 1406 3758 gell.
1423 3682 1475 3758 {7³
1494 3681 1576 3759 &329
1602 3686 1660 3715 aut
1683 3694 1702 3716 a
1726 3683 1938 3717 tabellionem
1963 3685 2011 3718 R²
2035 3684 2047 3730 ΙΙ
2072 3696 2092 3718 a
2117 3688 2194 3722 add.
2219 3689 2303 3732 vuly.
2330 3688 2342 3731 ss
2371 3690 2420 3720 ta-

1366 3737 1388 3759 u
1403 3736 1421 3759 a
1437 3738 1470 3759 10

2108 3790 2149 3823 35
