2618 4010
1202 126 1287 175 403

1284 242 1401 278 tutino
1425 248 1508 278 mox
1539 243 1575 278 et
1594 240 1741 277 meridie
1772 243 1808 277 et
1831 250 1978 287 vespere
2006 239 2192 276 audientes
2222 247 2364 280 causas,

141 289 497 329 eovcmaa‘iwdmffiv
511 286 555 325 οὗ
570 285 688 334 μόνον
709 291 787 324 τῶν
801 288 894 334 μετὰ
916 287 985 323 τὸν
1000 287 1213 333 νόμονιτοῦ-
1282 297 1356 323 non
1391 289 1506 323 solum
1542 297 1634 333 quae
1664 288 1747 332 post
1780 286 1892 332 legem
1924 286 2119 323 movendae
2153 287 2238 321 sunt
2269 295 2291 319 a
2316 283 2365 319 ud

141 351 216 374 m:
229 331 645 382 “manandum-nu&
673 331 809 378 αὐτοῖς,
843 330 1027 369 ἀλλὰκαὶ
1057 334 1134 368 τῶν
1157 332 1219 368 ἄλ·
1288 343 1361 376 eos,
1393 334 1455 369 sed
1479 333 1586 369 etiam
1610 332 1697 368 alias
1722 341 1966 377 quaecumque
1989 331 2086 376 apud
2109 330 2200 367 alios
2224 330 2284 375 qui
2309 339 2366 378 em

141 383 228 427 λων,
259 379 345 418 ὅσαι
367 381 466 428 παρὰ
489 383 558 426 μὲν
580 382 655 414 τοῖς
677 378 799 415 ἄλλοις
824 377 866 414 οὗ
891 378 985 414 κατὰ
1006 379 1049 414 τὸ
1074 375 1222 425 ἀρχικὸν
1289 389 1363 414 non
1386 378 1582 414 secundum
1606 377 1790 423 antiquum
1813 379 1932 413 motae
1955 377 2111 421 schema,
2132 386 2228 412 nunc
2244 378 2365 411 autem

141 427 368 472 ἐκινήθησαν
396 427 531 472 σχῆμα,
566 427 636 461 νῦν
672 423 712 459 δὲ
744 422 835 472 παρ’
869 422 976 470 ἡμῶν
1010 425 1058 459 εἰς
1092 422 1222 459 αὐτοὺς
1256 427 1277 460 5
1290 434 1313 461 a
1334 424 1440 461 nobis
1464 424 1511 460 ad
1535 434 1596 461 eos
1620 423 1750 459 mutari
1772 424 1986 469 praeceptae
2010 425 2103 459 sunt.

140 473 403 519 μετενεχθῆναι
426 469 738 518 προςετάχθησαν.

140 147 204 178 nm
227 143 612 180 emmerammus
1880 129 1988 172 Nov.
2021 127 2224 172 LXXXII
2253 127 2362 170 3-6

141 246 292 294 ὄρθριοί
310 242 486 282 warnowe
514 247 576 279 καὶ
591 243 655 278 ,εἰς
677 240 799 287 δείλην
831 239 955 289 ὀψίαν.
1003 246 1065 277 καὶ
1088 239 1216 289 ἀκροά-

1135 584 1291 621 CAPUT
1311 584 1374 622 IV.

194 663 351 701 Ἐκεῖνον
384 664 672 711 φυλαττομένου,
711 662 760 699 ῶς
790 664 890 709 εἴπερ
926 665 945 696 ἐ
972 665 1088 707 έσιμοι
1121 664 1220 709 παρὰ
1335 664 1403 700 Illo
1423 662 1666 706 custodiendo,
1689 665 1729 697 ut
1753 662 1783 698 si
1801 662 1868 698 sub
1888 660 2127 706 appellatione
2151 670 2174 695 a
2197 658 2366 705 pedaneis

140 713 218 747 ’τῶν
236 709 437 756 ὃιαιῑητῶν
460 708 483 754 ἢ
506 712 585 745 τῶν
609 708 867 750 ἐνδοξοτάτων·
877 706 930 743 ἂν
953 710 1031 754 ρῶν
1053 712 1220 755 γίνονται
1289 708 1466 744 iudicibus
1487 712 1550 743 aut
1568 707 1833 753 gloriosissimis
1851 706 1935 742 viris
1953 706 2042 741 fiant
2054 715 2196 747 causae,
2216 709 2251 740 et
2267 705 2366 750 ipsae

141 755 254 799 δίκαι,
287 757 395 791 αὗται
418 757 448 790 εἰ
471 758 539 800 μὲν
563 756 602 796 ἐξ
624 753 731 799 ἡμῶν
755 751 878 788 αὐτῶν
901 754 1218 799 παραπεμφθεῖεν,
1288 754 1320 789 si
1352 753 1496 798 quidem
1527 763 1550 788 a
1582 752 1686 788 nobis
1717 752 1804 797 ipsis
1836 751 2018 796 delegatae
2050 751 2137 794 sint,
2173 750 2367 786 secundum

140 803 232 837 κατὰ
265 802 307 838 τὸ
343 802 461 838 ποσὸν
496 798 519 845 ἢ
543 802 591 836 εἰς
625 801 668 835 τὸ
701 800 826 835 κοινὸν
858 800 937 833 τῶν
967 797 1220 839 ἐνδοξοτάτων
1236 802 1276 834 10
1289 798 1524 844 quantitatem
1563 801 1627 833 aut
1662 798 1699 833 in
1736 807 1922 832 commune
1961 796 2058 842 apud
2094 795 2368 840 gloriosissimos

140 846 245 892 ἡμῶν
276 846 468 893 ἀρχόντων
500 843 813 890 ἑξετασθήσονται
843 841 867 887 ἢ
896 844 1028 889 ἑτέροις
1058 843 1151 878 κατὰ
1174 843 1217 877 τὸ
1289 846 1432 879 nostros
1463 843 1600 879 iudices
1634 842 1932 878 examinabuntur
1968 845 2031 877 aut
2063 841 2142 877 aliis
2174 840 2369 876 secundum

141 893 228 927 ἔθος
251 896 330 927 τῶν
352 893 473 927 θείων
503 891 800 927 consultationoev
823 888 1217 935 παραπεμφθήσονται.
1290 888 1584 924 consuetudinem
1616 898 1800 924 sacrarum
1825 887 2127 923 consultationum
2152 886 2366 931 delegaban-

142 939 172 971 εἰ
206 942 332 983 μέντοι
366 940 460 972 τινὲς
492 939 571 971 τῶν
605 934 856 977 ἐνδοξοτάτων
889 931 995 979 ἡμῶν
1030 931 1220 979 ἀρχόντων
1288 938 1358 969 tur.
1402 933 1441 968 Si
1464 934 1524 979 qui
1547 938 1666 970 tamen
1690 933 2024 978 gloriosissimorum
2048 934 2253 968 nostrorum
2276 931 2367 966 iudi-

143 982 242 1018 δίκας
271 981 391 1018 αὐτοῖς
423 986 716 1028 παραπέμψαιεν,
749 978 810 1016 ἐπ’
838 977 968 1014 αὐτοὺς
990 980 1072 1014 τοὺς
1104 992 1218 1025 παρα-
1290 990 1371 1015 cum
1391 989 1519 1015 causas
1537 979 1588 1015 eis
1605 978 1851 1024 delegaverint,
1872 978 1918 1014 ad
1935 988 1995 1013 eos
2017 978 2077 1023 qui
2092 977 2368 1013 transmiserunt

143 1028 275 1063 δόντας
298 1027 418 1063 αὐτοῖς
441 1027 505 1062 τὰς
528 1025 715 1072 ἀκροάσεις
743 1024 766 1070 ἦ
800 1027 918 1071 ἔφεσις
941 1021 1033 1068 ἥξει,
1070 1025 1108 1066 ἐξ
1132 1026 1218 1058 ἑκεί-
1234 1028 1274 1060 15
1289 1025 1340 1060 eis
1371 1024 1571 1061 audientias
1606 1024 1798 1071 appellatio
1834 1023 2026 1066 remeabit,
2062 1023 2108 1059 ab
2143 1023 2214 1058 illis
2252 1025 2370 1057 autem

142 1087 220 1109 νων
236 1073 277 1108 δὲ
292 1068 401 1108 αὖθις
424 1073 517 1108 κατὰ
539 1072 606 1107 τὸν
628 1072 814 1118 εἰρημένον
837 1069 978 1116 τρόπον
1000 1070 1044 1104 τὰ
1064 1071 1219 1105 τοιαῦτα
1288 1081 1414 1152 {ursus
1446 1071 1641 1109 secundum
1677 1069 1900 1116 praedictum
1935 1069 2079 1105 modum
2114 1068 2201 1104 talia
2232 1067 2368 1103 iudica-

143 1119 395 1166 κριθήσονται.
1316 1118 1436 1151 untur.

1137 1229 1294 1266 CAPUT
1317 1229 1361 1267 V.

190 1311 446 1359 Ἀκροάσονται
477 1309 516 1346 δὲ
539 1310 674 1346 πάντες
703 1311 766 1355 τῆς
795 1313 863 1355 μὲν
887 1308 984 1354 δίκης
1016 1308 1098 1356 ἄχρι
1121 1323 1219 1356 τρια·
1339 1308 1499 1344 Audient
1521 1309 1630 1354 igitur
1654 1319 1776 1345 omnes
1800 1309 1896 1344 litem
1920 1308 2062 1353 quidem
2093 1318 2208 1353 usque
2232 1308 2278 1344 ad
2297 1310 2369 1344 tre-

142 1362 277 1393 κοσίων
307 1357 413 1402 οὔσης
444 1356 682 1402 νομισμάτων
714 1358 753 1391 ἐν
780 1355 935 1401 σχήματι,
966 1354 1220 1402 παρασημειώ-
1291 1357 1416 1390 centos
1436 1354 1570 1390 solidos
1589 1354 1800 1390 existentem
1824 1356 1891 1390 sub
1913 1355 2094 1390 schemate
2114 1353 2368 1390 adnotationis.

143 1415 240 1438 σεως.
289 1401 385 1438 οὕτω
409 1404 478 1450 γὰρ
501 1403 647 1437 θᾶττον
679 1401 718 1436 αἱ
748 1399 846 1435 δίκαι
869 1400 1128 1447 κριθήσονται,
1162 1404 1221 1434 καὶ
1235 1403 1276 1436 20
1291 1400 1349 1435 Sic
1372 1399 1464 1435 enim
1488 1399 1644 1436 velocius
1676 1400 1757 1436 lites
1781 1400 2046 1442 iudicabuntur,
2078 1403 2115 1435 et
2143 1399 2286 1435 circulis
2311 1410 2371 1436 co-

142 1451 219 1484 τῶν
243 1450 303 1484 ἐπὶ
326 1452 404 1483 ταῖς
426 1446 644 1495 διαγνώσεσι
667 1446 810 1481 κύκλων
832 1449 892 1480 καὶ
915 1447 977 1490 τῆς
1000 1447 1065 1481 τοῦ
1090 1446 1221 1494 χρόνου
1290 1445 1549 1490 gnitionalibus
1572 1455 1615 1481 ae
1632 1446 1804 1491 temporIs
1823 1445 2038 1481 contritione
2055 1455 2177 1481 omnes
2193 1445 2372 1489 litigantes

141 1508 199 1541 τρι
226 1495 266 1538 ἧς
299 1493 342 1528 τὸ
376 1492 615 1538 δικαζόμενον
646 1489 748 1528 ἅπαν
779 1489 1084 1539 ἀπαλλαγήσεται.
1133 1490 1222 1538 πρό-
1291 1491 1551 1527 liberabuntur.
1600 1491 1723 1526 Palam
1747 1502 1830 1527 vero
1855 1493 1928 1533 est,
1962 1491 2046 1536 quia
2070 1491 2138 1527 etsi
2167 1501 2232 1535 per
2261 1491 2372 1526 adno-

142 1537 185 1583 δη
209 1552 251 1574 ον
275 1537 330 1582 δέ,
360 1536 408 1573 ὠς
432 1540 462 1573 εἰ
494 1542 554 1573 καὶ
576 1538 669 1573 κατὰ
694 1541 995 1583 παρασημείωσιν
1024 1536 1221 1584 ἀκροάσον-
1291 1537 1463 1572 tationem
1486 1536 1635 1572 audiant
1660 1547 1800 1581 causas,
1826 1538 2067 1572 verumtamen
2091 1535 2229 1571 dabunt
2251 1536 2371 1571 termi-

141 1598 202 1619 ται
237 1586 315 1619 τῶν
347 1583 472 1629 δικῶν,
507 1581 599 1618 ἀλλὰ
636 1581 816 1617 δώσουσιν
851 1579 940 1628 ὅρον
969 1584 1009 1617 ἐν
1038 1582 1222 1631 γράμμασι
1292 1593 1378 1618 num
1408 1592 1474 1628 per
1498 1582 1729 1628 scripturam,
1764 1582 1825 1628 qui
1849 1592 1971 1618 eorum
1994 1581 2198 1617 manifestet
2229 1585 2372 1617 senten-

142 1631 210 1665 τὸν
230 1630 301 1673 τὴν
326 1627 450 1664 αὐτῶν
483 1628 663 1673 δηλοῦντα
691 1628 851 1676 γνώμην.
898 1629 976 1663 τῶν
1000 1630 1060 1664 ἐπὶ
1083 1628 1224 1663 τούτοις
1237 1631 1279 1663 25
1292 1629 1391 1664 tiam.
1426 1627 1738 1674 Appellationibus
1755 1628 1792 1663 in
1807 1627 1864 1663 his
1881 1627 1970 1663 nulli
1986 1627 2127 1672 penitus
2146 1626 2372 1672 perimendis,

143 1678 303 1722 ἐφέσεων
333 1672 455 1709 οὐδενὶ
487 1674 675 1711 παντελῶς
705 1671 955 1722 ἀνῃρημένων,
986 1673 1083 1718 πλὴν
1114 1675 1145 1708 εἰ
1173 1674 1222 1719 μὴ
1293 1673 1361 1709 nisi
1384 1673 1477 1709 forte
1500 1673 1607 1709 tertio
1632 1674 1814 1726 appellare
1839 1673 1991 1709 voluerit
2014 1676 2077 1708 aut
2100 1682 2165 1717 per
2187 1675 2372 1708 contuma-

142 1720 323 1767 τρισσάκις
354 1719 625 1755 ἐκκαλέσασθαι
652 1731 708 1754 τις
730 1719 929 1765 βουληθείη
960 1717 984 1763 ἢ
1015 1719 1107 1754 κατὰ
1137 1731 1223 1765 προ-
1294 1719 1386 1755 ciam
1420 1718 1590 1754 defuerit:
1634 1720 1765 1755 tahbus
1810 1719 1903 1754 enim
1946 1719 2053 1753 etiam
2093 1718 2374 1764 appellationum

144 1770 292 1802 πέτειαν
321 1763 581 1812 ἀπολειφθείη·
617 1768 690 1800 τοῖς
712 1766 783 1813 γὰρ
812 1764 988 1800 τοιούτοις
1018 1769 1078 1799 καὶ
1103 1762 1123 1799 ὁ
1147 1766 1225 1800 τῶν
1293 1765 1490 1811 perimatur
1513 1764 1617 1800 ratio.

145 1814 304 1859 ἐφέσεων
327 1809 505 1859 ἀνῄρηται
529 1811 642 1858 λόγος.

1138 1923 1295 1961 CAPUT
1318 1923 1381 1962 VI.

208 2005 275 2039 Τὰς
306 2002 346 2038 δὲ
377 2006 415 2038 ἐκ
445 2005 508 2048 τῆς
529 2003 683 2052 μεγάλης
713 2002 845 2047 ταύτης
868 2002 1008 2039 πόλεως
1039 2001 1112 2039 ἀπὸ
1147 2005 1225 2038 τῶν
1242 2007 1284 2039 30
1340 2004 1611 2050 Appellationes
1633 2006 1755 2040 autem
1778 2014 1822 2039 ex
1848 2004 1918 2039 hac
1942 2013 2071 2048 magna
2102 2002 2245 2038 civitate
2268 2011 2290 2037 a
2312 2011 2376 2047 pe-

146 2049 345 2093 διαιτητιῦν
366 2051 500 2096 ἐφέσεις
520 2050 567 2084 εἰς
583 2050 664 2084 τοὺς
684 2047 856 2084 δικαστὰς
880 2046 921 2083 οὗ
938 2053 1139 2096 περαιτέρω
1161 2047 1226 2084 δύο
1295 2049 1420 2086 (laneis
1450 2050 1630 2086 iudicibus
1662 2060 1733 2086 non
1758 2049 1855 2085 ultra
1880 2049 1970 2086 duos
1994 2058 2134 2085 menses
2165 2048 2299 2084 habere
2320 2048 2375 2083 in-

192 2165 219 2186 c.
240 2152 272 2186 V
291 2164 329 2186 ex
353 2152 388 2184 B
409 2153 505 2185 habet
527 2152 657 2195 Ecloqa
680 2152 767 2185 Bas.
793 2152 846 2185 lib.
863 2152 968 2184 I—X
987 2163 1040 2194 ap.
1061 2151 1252 2186 Heimbach.
1299 2153 1463 2187 Summam
1486 2166 1517 2186 υ.
1532 2153 1666 2187 25-29
1690 2165 1730 2186 ex
1756 2153 1877 2187 Theod.
1902 2153 1998 2187 habet
2024 2148 2094 2187 ΒΣ.

193 2211 220 2231 c.
241 2198 293 2230 VI
311 2198 516 2230 summarium
540 2204 627 2230 extat
648 2193 741 2230 Ῥοπ.
767 2198 866 2239 14,19
889 2197 960 2237 (ubi
981 2203 1111 2229 notatur
1134 2209 1205 2230 nov.
1230 2195 1317 2240 ποί).

151 2306 338 2349 aediculis,
362 2318 385 2342 a
407 2316 512 2341 mane
535 2306 658 2341 statim
682 2316 795 2352 usque
815 2306 864 2341 ad
887 2316 1094 2352 vesperam;
1126 2310 1235 2352 atque
1263 2306 1344 2342 lites
1372 2306 1521 2342 audient
1551 2318 1627 2343 non
1649 2307 1766 2343 solum
1796 2318 1891 2353 quae
1941 2311 2000 2343 ost
2021 2307 2116 2343 lianc
2139 2309 2253 2354 leqem
2277 2308 2379 2355 apud

151 2363 213 2388 eos
235 2351 479 2394 movebuntur,
509 2350 574 2386 sed
604 2351 711 2386 etiam
735 2350 915 2397 reliquas,
946 2361 1192 2398 quaecumque
1223 2351 1325 2398 apud
1355 2355 1494 2387 ceteros
1516 2363 1591 2387 non
1614 2351 1810 2388 secundum
1833 2364 1891 2389 mo
1918 2364 1978 2388 um
2002 2353 2238 2400 maqistratus
2259 2357 2378 2390 motae

151 2408 247 2432 nunc
269 2409 293 2432 a
315 2396 419 2432 nobis
442 2396 492 2431 ad
514 2395 597 2431 illos
622 2396 818 2442 transferri
837 2396 961 2441 iussae
983 2400 1079 2432 sunt.

286 2442 347 2479 IV.
396 2440 495 2477 Illud
517 2444 635 2476 autem
660 2440 897 2484 custodiatur,
921 2445 961 2477 ut
982 2441 1015 2476 si
1039 2441 1237 2488 appellatio
1253 2441 1323 2486 fiat
1339 2452 1363 2477 a
1379 2440 1555 2488 pedaneis
1570 2441 1748 2477 iudicibus
1763 2441 1820 2478 vel
1833 2441 2106 2488 qloriosissimis
2121 2443 2220 2487 viris,
2244 2453 2377 2480 causae

150 2487 327 2534 siquidem
341 2498 381 2522 oa
409 2486 512 2522 nobis
534 2486 625 2532 ipsis
647 2486 835 2533 deleqatae
858 2487 950 2529 sint,
979 2486 1173 2522 secundum
1195 2486 1432 2532 quantitatem
1456 2486 1512 2522 vel
1534 2487 1572 2522 in
1597 2497 1782 2522 commune
1805 2498 1828 2522 a
1857 2487 2127 2533 qloriosissimis
2157 2490 2378 2535 maqistrati-

153 2533 218 2568 bus
249 2533 384 2569 nostris
415 2531 671 2567 examinentur
698 2531 753 2567 vel
781 2531 866 2567 aliis
895 2531 1090 2567 secundum
1115 2531 1405 2567 consuetudinem
1429 2542 1618 2568 sacrarum
1641 2532 1946 2568 consultationum
1969 2533 2190 2580 deleqentur.
2238 2533 2381 2577 Quodsi

153 2578 216 2625 qui
246 2589 295 2614 ex
324 2577 595 2624 gloriosissimis
626 2577 898 2623 maqistratibus
928 2578 1063 2613 nostris
1093 2587 1225 2612 causas
1254 2576 1329 2612 illis
1360 2577 1437 2613 dele
1465 2577 1623 2619 averint,
1656 2577 1706 2612 ad
1736 2578 1837 2624 ipsos
1891 2578 1932 2613 ui
1953 2589 2085 2614 causas
2108 2579 2310 2616 audiendas
2331 2580 2378 2615 iis

154 2623 382 2660 tradiderunt
405 2634 427 2657 a
454 2622 603 2668 pellatia
621 2622 820 2669 perveniet,
853 2623 898 2658 ab
922 2623 993 2658 illis
1016 2625 1134 2658 autem
1157 2621 1275 2658 denuo
1307 2633 1415 2658 secun
1445 2633 1502 2657 um
1529 2622 1768 2670 praedictum
1791 2634 1847 2658 mo
1876 2634 1934 2658 um
1958 2623 2048 2660 talia
2072 2624 2377 2661 diiudicabuntur.

288 2668 333 2704 V.
357 2667 414 2703 Au
440 2668 515 2703 ient
537 2671 655 2702 autem
680 2678 802 2703 omnes
825 2667 921 2703 litem
937 2678 1052 2714 usque
1075 2667 1125 2703 ad
1141 2670 1319 2703 trecentos
1333 2667 1472 2704 solidos
1489 2679 1562 2715 per
1577 2668 1721 2703 modum
1738 2668 1998 2705 adnotationis.
2038 2668 2101 2705 Sic
2117 2671 2211 2706 enim
2226 2670 2379 2707 celerius

154 2714 235 2750 lites
269 2712 573 2755 diiudicabuntur,
604 2712 885 2759 ambaqibusque
915 2713 1159 2759 coqnitionum
1182 2716 1218 2748 et
1242 2714 1414 2759 temporis
1434 2724 1536 2749 mora
1560 2713 1744 2759 litiqantes
1769 2724 1890 2749 omnes
1914 2713 2173 2751 liberabuntur.
2223 2715 2378 2752 Consen-

153 2763 296 2794 taneum
320 2769 405 2795 vero
428 2761 490 2800 est,
514 2758 657 2794 etiamsi
671 2768 744 2804 per
767 2758 1036 2794 adnotationem
1060 2769 1190 2794 causas
1213 2757 1376 2793 audituri
1398 2758 1482 2800 sint,
1507 2762 1545 2793 at
1567 2760 1781 2794 sententiam
1805 2770 1868 2795 eos
1890 2759 1929 2794 in
1950 2760 2102 2806 scriptis
2123 2760 2278 2797 daturos
2301 2771 2378 2797 esse

153 2815 247 2851 quae
270 2804 431 2850 ipsorum
454 2807 604 2839 mentem
628 2802 799 2839 declaret.
855 2802 952 2839 Neve
976 2803 1239 2850 appellationes
1262 2814 1305 2838 ea
1329 2803 1367 2838 in
1390 2814 1431 2839 re
1455 2804 1623 2850 cuiquam
1644 2805 1790 2839 omnino
1815 2804 2048 2850 auferantur,
2079 2805 2152 2841 nisi
2171 2806 2272 2852 forte
2322 2806 2379 2842 uis

154 2850 273 2931 terbtg'ot
291 2848 481 2896 appellare
512 2848 666 2884 voluerit
695 2847 751 2885 vel
781 2859 852 2895 per
882 2849 1143 2885 contumaciam
1174 2848 1316 2893 afuerit
1322 2860 1338 2890 ;
1375 2847 1506 2884 talibus
1541 2848 1634 2884 enim
1669 2849 1742 2885 reis
1777 2850 1885 2885 etiam
1920 2850 2180 2897 appellationis
2210 2862 2279 2888 con
2306 2852 2377 2888 icio

152 2906 196 2930 su
233 2905 256 2930 a
273 2906 296 2930 a
319 2898 383 2929 est.

287 2939 350 2975 VI.
396 2938 671 2987 Appellationes
693 2942 812 2975 autem
835 2940 874 2974 in
898 2938 967 2975 hac
989 2950 1124 2986 maqna
1148 2939 1292 2974 civitate
1314 2950 1337 2973 a
1359 2937 1535 2985 pedaneis
1550 2938 1728 2975 iudicibus
1746 2939 1796 2975 ad
1814 2939 1951 2976 iudices
1966 2946 2167 2988 porrectae
2186 2954 2261 2979 non
2278 2942 2378 2979 ultra

197 3054 213 3086 1
233 3053 292 3085 καὶ
309 3051 356 3085 εἰς
373 3049 492 3093 δείλην
509 3047 638 3097 ὀψίαν
659 3054 718 3084 καὶ
731 3047 986 3095 ἀκροάσονται]
1004 3054 1037 3084 et
1049 3051 1186 3084 meridie
1199 3053 1232 3084 et

155 3107 288 3140 vespere
301 3097 472 3130 audientes
485 3107 504 3132 ς
521 3096 534 3141 ΙΙ
549 3099 609 3129 καὶ
623 3093 869 3141 ἇκροάσονταί
882 3108 922 3130 τε
936 3097 1014 3130 τῶν
1023 3097 1074 3130 B⁶
1090 3097 1102 3134 11
1121 3098 1140 3130 2
1153 3097 1231 3130 τοῦ·

155 3155 222 3176 τον
241 3155 299 3176 om.
312 3153 331 3178 ς
349 3143 399 3185 114
422 3152 450 3176 π
498 3140 522 3173 οὶ
542 3142 610 3185 μὲν
628 3144 702 3176 τοῖς
722 3139 843 3175 ἄλλοις
865 3138 906 3175 οὗ
931 3155 988 3175 om.
1003 3143 1046 3183 L,
1069 3138 1110 3175 οὐ
1127 3142 1232 3175 orn-B

156 3189 244 3232 vulq.
259 3188 314 3231 (cf.
340 3198 360 3224 ς
380 3199 412 3220 v.
426 3186 481 3229 ῖ.)1
507 3182 667 3231 ἀρχικὸν]
693 3188 869 3229 antiquum
893 3188 928 3228 (i.
947 3200 974 3221 e.
998 3182 1160 3231 ἀρχαῖον)
1184 3198 1204 3223 ς
1222 3185 1234 3231 ΙΙ

158 3243 242 3275 quae
265 3233 354 3285 apud
377 3232 536 3265 diaetetas
564 3233 738 3265 inchoatae
770 3234 850 3265 sunt
872 3233 949 3274 Iul,
969 3234 1040 3286 xqui
1062 3234 1168 3266 nescio
1190 3245 1233 3265 an

1299 3052 1338 3084 ἐκ
1362 3052 1396 3085 Β
1421 3051 1433 3090 ΙΙ
1458 3053 1497 3086 31
1524 3051 1571 3084 εἰς
1594 3050 1674 3085 τοὺς
1697 3048 1870 3085 δικαστὰς
1892 3065 1950 3086 om.
1964 3064 1983 3089 ς
2010 3053 2023 3097 ΙΙ
2052 3048 2118 3087 δύο
2140 3054 2281 3098 μηνῶν]
2312 3066 2378 3099 μη-

1298 3097 1376 3130 νῶν
1401 3093 1465 3130 δύο
1490 3096 1542 3130 ΒΓ

1345 3233 1365 3265 2
1389 3231 1553 3263 mouenda
1574 3230 1622 3263 V¹
1643 3229 1655 3275 ΙΙ
1677 3231 1697 3264 3
1723 3230 1816 3272 alias]
1840 3231 1907 3264 alia
1926 3231 1988 3275 ΕΠ
2014 3234 2038 3266 4
2059 3243 2128 3266 non
2143 3233 2176 3267 Τ
2184 3232 2207 3275 ¹]
2232 3235 2311 3267 sunt
2332 3234 2377 3275 (in

159 3279 272 3322 leqerit
305 3288 390 3310 οσαι
413 3277 513 3322 παρὰ
542 3278 610 3320 μὲν
639 3278 713 3311 τοῖς
740 3274 860 3311 ἄλλοις
889 3289 983 3311 κατα
1015 3276 1058 3310 τὸ
1084 3273 1234 3322 ἀρχαῖον

158 3321 382 3366 ἐκινήθησαν
406 3322 525 3366 σχῆμα
550 3317 647 3361 (ὅσαι
667 3321 768 3369 παρὰ
786 3323 853 3366 μὲν
874 3319 992 3356 ἄλλοις
1015 3319 1055 3355 οὐ
1076 3322 1168 3356 κατὰ
1188 3322 1231 3356 τὸ

158 3367 308 3413 ἀρχαῖον
332 3366 556 3410 ἐκινήθησαν
572 3367 695 3411 σχῆμα
718 3370 800 3401 coni.
821 3368 1024 3409 Zachariae)
1047 3367 1059 3407 ΙΙ
1090 3369 1109 3402 8
1135 3364 1234 3401 δικα-

158 3414 258 3447 στῶν
273 3414 309 3447 Β
335 3412 347 3457 ΙΙ
374 3415 394 3447 9
419 3405 525 3446 αὗται
539 3414 585 3446 Μ
611 3417 643 3446 et
666 3413 757 3455 ipsae
780 3414 815 3455 (i.
829 3426 855 3446 e.
875 3414 935 3445 καὶ
956 3408 1074 3452 αὐταὶ)
1098 3424 1117 3450 ς
1145 3413 1157 3456 ΙΙ
1186 3413 1233 3454 εἰ]

158 3456 180 3501 ἡ
196 3460 246 3493 B⁶
275 3460 287 3501 ΙΙ
314 3461 354 3493 10
376 3457 419 3492 τὸ
442 3457 571 3500 ποσὸν]
596 3456 712 3492 τόπον
729 3459 760 3491 L
784 3459 796 3502 ΙΙ
816 3457 894 3491 τῶν
918 3455 1168 3498 ἐνδοξοτάτων
1191 3477 1234 3483 -

162 3505 204 3538 13
226 3505 319 3538 τινὲς
343 3517 401 3537 om.
418 3505 447 3538 L
472 3501 494 3546 ἢ
516 3502 552 3537 εἴ
569 3513 664 3537 τινες
685 3505 774 3537 τέως
793 3516 819 3537 s.
833 3516 862 3537 v.
877 3504 982 3537 adeor.
995 3502 1045 3536 L²
1055 3502 1071 3547 {1
1092 3505 1134 3538 12
1156 3516 1234 3537 κον-

161 3548 377 3583 sultationam
391 3550 438 3583 M
452 3547 693 3583 συνελεύσεων
705 3549 742 3582 Β
759 3548 771 3592 ΙΙ
792 3550 831 3584 18
850 3545 931 3593 ἄχρι
944 3549 1003 3590 Μ]
1025 3551 1127 3593 μέχρι
1138 3550 1208 3584 LB
1224 3549 1236 3592 [l

164 3595 204 3628 19
227 3591 332 3637 οὔσης
353 3593 592 3639 νομισμάτων
616 3595 662 3628 M
663 3595 748 3635 Eeb]
787 3591 1023 3638 νομισμάτων
1046 3591 1150 3636 οὔσης
1172 3595 1234 3636 13⁶,

163 3635 267 3682 ὀὔσης
290 3647 362 3674 ante
385 3641 485 3686 μέχρι
510 3642 581 3674 coll.
596 3639 648 3673 ΒΤ
670 3639 681 3676 ΙΙ
705 3640 746 3673 23
764 3642 825 3672 καὶ
848 3652 907 3672 om.
921 3639 991 3673 Ecl.
1009 3639 1021 3683 ΙΙ
1038 3642 1236 3682 σημιίωσιν

163 3683 213 3716 La
236 3684 250 3728 ΙΙ
269 3680 451 3730 ’ἀκροάσον
475 3686 523 3720 L¹
541 3685 554 3730 ss
571 3687 612 3720 25
635 3680 759 3718 αὐτῶν
773 3685 851 3718 libri
865 3684 878 3728 ΙΙ
896 3685 956 3718 ἐπὶ
974 3680 1114 3718 τούτοις
1126 3686 1235 3726 ΜΒς]

164 3728 223 3762 ἐπὶ
253 3728 398 3764 τούτους
428 3732 460 3764 L
480 3732 564 3775 vuly.
593 3730 605 3776 ΙΙ
637 3732 679 3765 29
710 3725 902 3774 ἀπείρηται
933 3730 1006 3764 Ecl.
1032 3729 1046 3775 ΙΙ
1072 3725 1234 3771 :so-dno]

1308 3277 1484 3317 Verasum)
1506 3275 1631 3309 RVT²
1642 3276 1727 3320 vuly.
1752 3277 1764 3319 ΙΙ
1790 3277 1929 3318 antiqua
1949 3277 1998 3309 V¹
2021 3279 2193 3320 antiquam
2215 3278 2266 3311 V³
2284 3280 2295 3321 ΙΙ
2318 3281 2338 3313 5
2359 3290 2379 3312 a

1302 3329 1330 3355 et
1353 3322 1395 3354 ad
1419 3331 1472 3354 eos
1493 3334 1550 3354 om.
1564 3321 1597 3354 R
1616 3319 1627 3364 ΙΙ
1643 3321 1711 3353 sint
1725 3322 1757 3354 T
1771 3320 1783 3365 ΙΙ
1799 3323 1819 3356 9
1844 3321 2025 3364 delegando
2049 3322 2097 3356 V³
2111 3323 2124 3367 ΙΙ
2146 3325 2186 3358 12
2209 3334 2378 3357 sacrorum

1300 3367 1334 3400 R
1345 3367 1377 3400 V
1389 3367 1400 3410 ΙΙ
1420 3367 1460 3400 13
1478 3366 1554 3408 quis
1574 3367 1627 3399 Ta
1644 3365 1656 3410 ΙΙ
1673 3367 1861 3400 nostrorum
1885 3367 2187 3409 gloriosisimorum
2203 3370 2235 3402 T
2252 3369 2377 3411 glorio-

1301 3412 1505 3445 sissimorum
1529 3411 1770 3452 delegabuntur
1793 3413 1982 3445 nostrorum
2001 3413 2055 3446 Ra
2072 3414 2085 3457 ΙΙ
2103 3416 2144 3448 14
2160 3413 2377 3449 *transmise-

1301 3459 1393 3498 runt]
1424 3458 1484 3490 hos
1508 3458 1556 3499 (os
1578 3457 1624 3499 R)
1647 3458 1811 3490 miserunt
1834 3457 1997 3502 RTvuly.
2029 3459 2191 3492 miserunt
2213 3460 2273 3492 hos
2304 3461 2339 3494 V
2366 3461 2378 3505 ΙΙ

1306 3505 1345 3538 15
1370 3503 1427 3543 eis]
1452 3513 1506 3535 eos
1521 3502 1569 3535 ΕΙ
1587 3501 1599 3545 ΙΙ
1623 3501 1846 3543 *αιιᾶὶειήίαε]
1870 3502 2041 3536 audientes
2058 3504 2106 3538 Β*
2129 3504 2310 3538 audient„
2328 3506 2378 3540 V¹

1302 3548 1516 3581 audientibus
1529 3547 1578 3580 R²
1588 3547 1637 3581 V2
1648 3548 1680 3581 Τ
1688 3549 1775 3592 vuly.
1793 3547 1804 3591 ΙΙ
1823 3549 1984 3581 remeauit
2005 3549 2059 3593 Vn
2081 3551 2122 3584 16
2138 3560 2288 3584 reuersus
2302 3551 2337 3585 T
2344 3551 2354 3571 ¹
2365 3551 2378 3595 11

1305 3595 1346 3628 18
1367 3593 1434 3625 lin
1452 3593 1504 3626 T¹
1522 3593 1534 3635 ΙΙ
1551 3593 1593 3627 20
1618 3592 1674 3626 uel
1697 3593 1786 3626 otius
1804 3593 1874 3627 RT
1887 3593 1899 3636 ΙΙ
1916 3595 1955 3628 21
1983 3596 2131 3638 tempor*
2155 3596 2204 3628 V¹
2229 3598 2379 3640 tempora

1311 3638 1361 3672 V³
1378 3637 1389 3682 ΙΙ
1414 3639 1457 3671 22
1479 3638 1704 3679 litigabuntur
1719 3639 1769 3671 R¹
1785 3637 1797 3681 ΙΙ
1816 3638 2075 3672 admonitionem
2095 3641 2196 3675 R¹T²
2212 3641 2225 3686 ΙΙ
2243 3643 2285 3676 24
2298 3643 2377 3675 sori-

1302 3686 1418 3727 pturas
1430 3684 1475 3717 1⁹¹
1492 3683 1504 3727 ΙΙ
1522 3684 1563 3717 27
1579 3683 1677 3716 etiam
1691 3696 1748 3717 om.
1762 3683 1811 3717 Τι
1828 3683 1840 3729 ΙΙ
1860 3685 1902 3719 28
1915 3685 2099 3727 perimatur
2111 3686 2193 3728 RT]
2206 3690 2378 3730 permstur

1311 3730 1359 3763 V¹
1382 3728 1559 3772 perimitur
1581 3728 1631 3762 V³
1644 3730 1729 3772 ναῖς.

2043 3787 2107 3821 51*
