2618 4010
138 175 485 207 EGCLESIASTICIS
514 175 655 206 REBUS

177 274 348 310 Ἐκείνων
369 273 498 320 μόνων
522 271 658 327 δηλαδὴ
682 274 945 327 μισθουμένων
968 287 1007 308 τε
1030 276 1089 308 καὶ
1114 275 1221 328 ἐμφυ-

133 323 339 374 τευομένων
356 321 434 355 τῶν
452 332 689 367 πραγματων,
714 332 833 354 οποσα
854 322 1040 365 νομίζουσι
1059 332 1223 354 τοιουτου

135 378 233 402 τινος
266 365 426 401 δεῖσθαι.

1225 157 1273 204 61

1970 158 2077 200 Nov.
2110 157 2189 200 VII
2226 160 2290 199 10.
2329 160 2374 199 11

1338 273 1401 308 His
1426 272 1511 308 solis
1536 271 1701 307 videlicet
1725 270 1963 306 conducendis
1989 273 2025 305 et
2048 270 2269 314 emphyteosi
2293 269 2380 304 dan-

1292 318 1346 354 dis
1384 318 1511 362 rebus,
1552 326 1794 362 quascumque
1825 319 1954 360 putant
1990 315 2061 351 tale
2097 315 2231 360 aliquid
2267 325 2379 359 egere.

865 421 903 533 s
1146 455 1304 492 CAPUT
1327 455 1373 491 X.

180 528 226 561 Εἰ
256 529 381 571 μέντοι
413 522 610 570 βούλονταί
631 537 717 559 τινα
740 522 811 560 ὑπὸ
835 539 903 568 την
927 525 1068 559 ἑαυτῶν
1093 523 1223 568 διοίκη-

134 586 192 607 σιν
212 576 306 616 ἔχειν
327 572 363 607 οἷ
385 570 665 617 θεοφιλέστατοι
687 569 869 615 οἰκονόμοι
894 568 915 614 ἣ
941 570 977 604 οἱ
999 572 1078 604 τῶν
1100 568 1223 604 ἄλλων
1248 574 1266 605 5

134 616 320 665 ἡγούμενοι
347 616 601 660 συστημάτων,
636 614 764 660 μηδενὶ
794 618 872 650 τῶν
899 619 939 649 έν
963 614 1110 658 δυνάμει
1133 614 1225 660 μηδὲ

133 663 224 699 κατὰ
251 664 357 697 θεῖον
380 660 634 709 πραγματικὸν
668 659 785 695 τύπον
815 666 1023 708 παρρησίαν
1047 661 1141 695 εἶναι
1165 659 1225 695 ἆν-

136 707 303 756 αγκάζειν
328 707 455 742 αὐτοὺς
476 704 498 751 ἢ
521 706 613 740 κατὰ
635 708 826 749 μίσθωσιν
850 703 869 749 ἢ
893 706 984 740 κατὰ
1007 705 1225 752 ἐμφὺτευσιν

133 756 250 789 ταῦτα
282 751 481 788 ἐκδιδόναι·
515 754 593 787 ἐπεὶ
618 751 684 786 τὸν
714 754 822 787 τοῦτο
855 749 1065 798 πράττοντα
1091 751 1224 797 ἱεροσυ-

1338 524 1375 559 Si
1406 526 1526 558 tamen
1549 521 1724 557 voluerint
1748 520 1922 565 quaedam
1946 520 2013 555 sub
2036 521 2183 565 propria
2206 521 2383 565 guberna-

1292 570 1388 604 tione
1424 569 1558 604 habere
1594 567 1659 602 deo
1697 566 1866 601 amabiles
1904 566 2090 601 oeconomi
2134 569 2198 601 aut
2233 567 2383 602 aliorum

1294 615 1479 660 praesules
1505 613 1746 657 collegiorum,
1771 612 1862 647 nulli
1886 611 2025 654 horum,
2051 612 2112 656 qui
2135 612 2171 646 in
2196 614 2385 656 potentatu

1296 664 1396 704 sunt,
1429 670 1545 704 neque
1570 658 1766 694 secundum
1790 667 1932 693 sacram
1955 657 2211 701 pragmaticam
2236 658 2384 692 formam

1293 705 1474 741 licentiam
1498 715 1577 740 esse
1602 714 1729 748 cogere
1755 714 1817 738 eos
1843 706 1906 738 aut
1930 713 1994 747 per
2022 702 2294 737 conductionem
2323 707 2386 737 aut

1294 762 1359 796 per
1392 750 1639 796 emphyteosin
1672 750 1762 784 haec
1791 748 1951 791 tradere,
1983 751 2019 782 et
2043 749 2104 793 qui
2135 748 2204 783 hoc
2229 748 2319 792 agit,
2350 752 2387 782 et

130 800 210 835 ’λίας
232 814 272 834 τε
295 798 516 835 ὑποκεῖσθαι
537 799 645 844 ποινῇ
667 800 726 831 καὶ
746 798 836 832 πᾶσι
854 801 928 831 τοῖς
945 795 1041 841 τῷδε
1056 798 1110 840 τῷ
1127 797 1222 840 θείῳ
1239 799 1279 831 10
1293 796 1471 841 sacrilegii
1496 796 1683 831 subiacere
1707 804 1845 839 poenae
1873 797 1909 828 et
1934 793 2099 829 omnibus
2123 793 2262 835 multis,
2296 804 2387 838 quac

134 843 238 891 ἡμῶν
262 843 364 890 νόμῳ
387 846 649 893 περιεχομένοις
673 845 875 887 ἐπιτιμίοις.

1295 843 1364 878 hac
1389 852 1496 878 sacra
1518 846 1643 877 nostra
1667 841 1744 885 lege
1774 839 2002 876 continentur
2027 838 2249 884 [suppliciiSJ.

1129 954 1287 990 CAPUT
1319 954 1382 988 XI.

172 1024 199 1062 Ῑ
238 1025 383 1070 Ἐπειδὴ
407 1025 447 1061 δὲ
471 1028 634 1072 ἔγνωμεν
657 1019 780 1057 δεινόν
801 1036 837 1056 τι
859 1021 1098 1067 πλημμέλημα
1129 1021 1225 1068 γινό-

133 1087 244 1118 μενον
266 1071 364 1121 παρά
388 1086 428 1106 τε
450 1068 721 1115 Ἀλεξανδρεῦσι
745 1070 804 1102 καὶ
830 1069 1063 1114 Αἰγυπτίοις,
1089 1066 1155 1111 ἤδη
1187 1066 1226 1102 δὲ

135 1122 194 1152 καὶ
228 1117 268 1152 ἕν
291 1131 388 1153 τισιν
411 1118 543 1162 ἑτέροις
575 1116 654 1148 τῶν
685 1111 859 1166 ὑπηκόων
886 1113 1026 1155 τόποις,
1059 1112 1101 1147 τὸ
1126 1113 1226 1148 τινας

1341 1022 1433 1067 Quia
1457 1033 1539 1057 vero
1567 1022 1794 1066 cognovimus
1823 1022 2017 1066 pessimum
2049 1021 2193 1066 aliquod
2219 1021 2387 1056 delictum

1295 1069 1432 1102 factum
1468 1072 1504 1102 et
1549 1068 1647 1112 apud
1681 1068 1946 1103 Alexandrinos
1992 1070 2029 1102 et
2062 1067 2276 1112 Aegyptios,
2317 1067 2387 1101 iam

1295 1117 1415 1148 autem
1440 1116 1475 1147 et
1499 1113 1535 1147 in
1562 1113 1774 1156 quibusdam
1807 1113 1886 1148 aliis
1912 1113 2051 1157 imperii
2075 1113 2183 1155 locis,
2215 1112 2388 1156 quosdam

137 1166 289 1210 θαρρεῖν
332 1160 423 1197 αὐτοὶ
461 1161 505 1204 δὴ
547 1159 592 1194 τὰ
627 1157 736 1205 εὐαγη
771 1159 997 1205 μοναστήρια
1032 1158 1170 1194 πωλεῖν
1204 1157 1524 1203 ⁷515praesumere
1553 1158 1633 1202 ipsa
1663 1159 1880 1194 venerabilia
1909 1159 2127 1193 monasteria
2151 1158 2302 1193 vendere
2327 1162 2389 1193 aut

134 1210 296 1254 ἀμείβειν
321 1206 342 1252 ἢ
364 1206 567 1253 δωρεῖσθαι
600 1207 654 1247 (ἐν
679 1204 729 1238 οἶς
754 1203 1020 1250 θ’ὐσιαστήριόν
1053 1219 1091 1238 τε
1116 1206 1224 1239 καθι-

135 1254 255 1302 δρύθη
274 1256 333 1287 καὶ
356 1252 431 1298 ἱερὰ
444 1255 568 1299 γέγονε
589 1250 801 1296 λειτουργία,
821 1247 953 1284 ἱποιάν
971 1248 1104 1285 εἰωθός
1123 1252 1225 1284 ἐστιν

135 1304 174 1334 ἐν
193 1302 271 1334 ταῖς
289 1296 505 1345 ἁγιωτάταις
527 1295 927 1342 ἐκκλησίαιςγίνεσθαι,
950 1297 1027 1329 τῶν
1049 1310 1088 1330 τε
1107 1297 1225 1330 θείων

133 1346 485 1391 ἀναγινωσκομένων
515 1343 671 1389 γραφῶν
694 1342 756 1384 τῆς
787 1355 826 1375 τε
845 1340 954 1394 ,ἱερᾶς
985 1345 1045 1374 καὶ
1070 1339 1225 1388 ἀρρήτου

1294 1208 1500 1249 permutare
1524 1206 1589 1238 aut
1613 1203 1747 1238 donare
1782 1204 1830 1244 (in
1856 1204 1986 1247 quibus
2019 1207 2057 1239 et
2087 1205 2200 1239 altare
2232 1204 2388 1239 colloca-

1294 1254 1371 1285 tum
1409 1252 1466 1285 est
1507 1252 1544 1284 et
1583 1260 1726 1284 sacrum
1759 1249 1956 1284 exhibitum
1991 1250 2247 1291 ministerium,
2284 1251 2389 1294 quale

1296 1296 1404 1331 moris
1437 1297 1493 1330 est
1525 1295 1563 1329 in
1595 1294 1830 1330 sanctissimis
1864 1295 2024 1330 ecclesiis
2050 1295 2241 1335 celebrari,
2275 1295 2388 1330 sacris

1296 1342 1427 1386 quippe
1459 1340 1562 1376 lectis
1596 1340 1783 1385 scripturis
1818 1343 1854 1375 et
1887 1344 2121 1375 sacrosancta
2151 1345 2186 1375 et
2218 1341 2389 1375 ineffabili

133 1387 414 1442 μεταδιδομεὶνης
438 1392 647 1429 κοινωνίας,
678 1400 855 1431 μοναχικη
878 1400 918 1420 τε
942 1388 1054 1420 ἐκεῖσε
1078 1391 1225 1434 γέγονεν
1240 1391 1280 1421 20
1296 1387 1429 1422 tradita
1456 1386 1722 1428 communione,
1757 1388 1793 1420 et
1825 1386 2037 1420 monachica
2060 1386 2133 1420 illic
2164 1386 2264 1420 facta
2287 1386 2388 1421 habi-

133 1437 301 1489 οἴκησις),
329 1446 417 1469 ωςτε
449 1431 538 1467 αὐτοὶ
562 1431 783 1477 μεταβαλεῖν
808 1433 846 1486 ἐξ
877 1432 971 1478 ἱεροῦ
1005 1436 1064 1466 καὶ
1096 1434 1224 1488 θεοφι-

134 1481 211 1515 λοῦς
238 1491 416 1525 σχηματος
440 1480 487 1513 εἰς
513 1478 698 1521 ἰδιωτικὴν
723 1476 867 1511 δίαιταν
893 1491 932 1512 τε
961 1482 1020 1511 καὶ
1045 1491 1223 1512 καταστα-

133 1539 203 1568 σιν,
234 1527 343 1560 τοῦτο
368 1524 557 1560 παντελῶς
582 1526 646 1558 τοῦ
670 1523 797 1558 λοιποῦ
828 1524 1003 1568 γίνεσθαι
1028 1522 1224 1568 κωλύομεν,

133 1569 252 1606 οὐδενὶ
287 1573 366 1605 τῶν
402 1570 555 1605 πάντων
592 1571 751 1623 ἐφιέντες
785 1570 902 1603 ταῦτα
942 1567 1223 1624 ἑξμμαρτάνειν·

1295 1433 1462 1475 tatione),
1501 1432 1552 1466 ita
1585 1436 1625 1466 ut
1655 1432 1746 1466 haee
1778 1434 2004 1466 mutarentur
2038 1442 2082 1466 ex
2114 1442 2216 1466 sacro
2251 1435 2286 1466 et
2323 1431 2388 1466 deo

1295 1478 1443 1513 amabili
1467 1478 1648 1513 schemate
1668 1477 1714 1511 ad
1738 1478 1914 1522 privatam
1936 1477 2156 1511 mansionem
2179 1479 2214 1511 et
2239 1479 2388 1512 statum:

1295 1525 1365 1560 hoc
1391 1524 1533 1559 omnino
1556 1523 1598 1558 de
1617 1527 1736 1558 cetero
1756 1523 1832 1557 fieri
1857 1523 2099 1567 prohibemus,
2125 1523 2213 1557 nulli
2235 1523 2389 1557 omnium

1295 1570 1543 1615 permittentes
1568 1569 1657 1604 haec
1683 1568 1900 1613 delinquere.
1951 1568 2020 1603 Sed
2045 1569 2151 1602 etiam
2176 1569 2312 1603 factum
2336 1568 2389 1603 in-

133 1615 222 1651 ὰλλὰ
257 1620 317 1651 καὶ
353 1615 396 1651 τὸ
432 1615 624 1669 γινόμενον
660 1628 793 1660 ακυρον
828 1626 942 1648 πασιν
971 1619 1225 1660 αποφαίνομεν
1240 1618 1279 1649 25
1296 1619 1435 1650 firmum
1475 1615 1639 1650 omnibus
1676 1614 1902 1649 declaramus
1942 1614 2075 1655 modis,
2120 1617 2155 1648 et
2194 1614 2391 1658 pretiorum

133 1659 280 1709 τρόποις
304 1666 364 1696 καὶ
388 1664 465 1696 τῶν
485 1674 699 1706 τιμηματων
724 1660 910 1695 ἔκπτωσιν
927 1661 1145 1706 ἐπιτίθεμεν
1168 1662 1223 1704 τῷ

134 1706 286 1752 λαβόντι
309 1710 368 1742 καὶ
401 1707 467 1741 τὸν
499 1705 754 1752 πιπράσκοντα
787 1707 983 1750 ζημιοῦμεν
1013 1708 1059 1755 τῇ
1090 1720 1130 1740 τε
1160 1707 1223 1740 τοῦ

133 1751 341 1802 πράγματος
366 1751 547 1787 ἐκπτώσει
576 1754 621 1799 τῇ
653 1765 692 1785 τε
723 1752 788 1787 τοῦ
821 1750 1017 1795 τιμήματος
1047 1750 1224 1794 ἀπωλείᾳ,

133 1801 179 1846 τῇ
203 1798 296 1834 κατὰ
320 1797 386 1833 τὸν
409 1799 525 1833 τόπον
548 1794 732 1844 ἁγιωτάτῃ
758 1796 927 1839 ἐκκλησίᾳ
951 1801 1011 1831 καὶ
1037 1801 1108 1832 τοῖς
1132 1796 1224 1831 κατὰ

1297 1672 1421 1696 casum
1445 1661 1660 1705 imponimus
1693 1660 1902 1704 accipienti,
1936 1664 1972 1694 et
2001 1659 2221 1694 venditorem
2252 1670 2391 1704 quoque

1295 1707 1567 1742 damnificamus
1594 1710 1631 1741 et
1662 1706 1711 1741 rei
1735 1715 1823 1741 casu
1845 1708 1880 1740 et
1915 1705 2021 1750 pretii
2045 1705 2254 1748 amissione,
2286 1716 2390 1740 sanc-

1295 1753 1454 1787 tissimae
1486 1751 1660 1786 ecclesiae
1693 1751 1769 1786 eius
1802 1751 1872 1786 loci
1906 1754 1941 1786 et
1973 1751 2236 1786 venerabilibus
2268 1761 2389 1786 mona-

1296 1798 1413 1833 steriis
1438 1798 1528 1832 haec
1550 1798 1767 1839 tribuentes,
1802 1798 1979 1841 quatenus
2004 1796 2073 1841 ipsi
2097 1796 2308 1841 provideant
2339 1799 2390 1837 ut,

134 1846 252 1881 τόπον
269 1842 410 1891 εὖαγέσι
428 1847 682 1888 μοναστηρίοις
700 1856 815 1876 ταυτα
836 1846 1103 1890 προςνέμοντες.
1139 1841 1226 1877 ‹iis-w
1241 1846 1282 1878 30
1298 1844 1393 1888 quod
1430 1844 1522 1878 male
1559 1843 1753 1877 alienatum
1787 1846 1858 1884 est,
1896 1853 2022 1877 rursus
2060 1842 2106 1877 ad
2143 1842 2390 1877 monachicam

135 1889 263 1926 αὐτοὺς
295 1893 466 1938 προνοεῖν
490 1890 553 1923 τοῦ
580 1888 622 1922 τὸ
654 1890 771 1922 κακῶς
803 1889 1003 1931 ἑκποιηθὲν
1037 1883 1146 1923 αὖθις
1179 1889 1228 1922 εἰς
1298 1891 1468 1924 revocent
1483 1889 1653 1932 figuram3
1680 1898 1794 1932 neque
1812 1889 2017 1933 hypotheca
2034 1888 2217 1932 superbis
2239 1888 2389 1929 valente,

134 1935 331 1982 μοναχικὸν
356 1934 549 1981 ἐπανάγειν
573 1935 707 1978 σχῆμα·
738 1932 829 1978 μηδὲ
853 1935 914 1976 τῆς
946 1931 1136 1978 ὑποθήκης
1169 1936 1229 1977 τῆς
1300 1935 1361 1970 sed
1388 1935 1495 1969 etiam
1519 1935 1599 1979 ipsa
1620 1934 1834 1968 infirmanda
1851 1936 1887 1969 et
1904 1933 2119 1969 monasterio
2140 1944 2265 1968 rursus
2287 1944 2390 1968 sacro

137 1985 199 2018 ἐπὶ
224 1979 361 2016 τούτοις
386 1982 604 2028 ἐρρωμένης,
634 1978 724 2013 ἀλλὰ
756 1983 814 2012 καὶ
850 1977 957 2023 αὐτῆς
991 1977 1230 2026 ἀκυρουμένης
1300 1981 1493 2015 ministerio
1520 1979 1747 2024 assignando.

138 2031 198 2062 καὶ
231 2029 294 2062 τοῦ
325 2030 568 2072 μοναστηρίου
601 2023 712 2061 πάλιν
743 2026 787 2072 τῇ
821 2025 899 2071 ἱερᾷ
924 2029 1231 2072 προςκυρουμένου

139 2073 351 2120 λειτουργία.
1247 2074 1287 2106 35

180 2178 251 2208 cop.
283 2165 345 2198 XI
368 2165 545 2197 summaria
569 2164 687 2196 habent
711 2162 845 2196 Nomoc.
872 2163 970 2196 XIV
994 2164 1039 2196 tit.
1070 2166 1120 2205 ll,
1146 2172 1155 2197 1
1185 2165 1245 2202 in.;
1272 2165 1399 2208 Eeloya
1423 2164 1468 2196 ad
1488 2164 1670 2196 Prochiron
1696 2170 1818 2195 mutata
1839 2164 1894 2201 ⁴23,
1920 2170 1943 2195 l.

270 2279 324 2311 At
354 2276 440 2311 illae
468 2274 570 2310 solae
598 2275 735 2310 scilicet
771 2285 831 2310 res
861 2274 1040 2310 locandae
1076 2279 1161 2309 sunt
1192 2279 1228 2311 ct
1257 2275 1295 2310 in
1327 2274 1577 2321 emphyteusin
1612 2273 1776 2316 dandae,
1813 2285 2059 2319 quascumque
2090 2274 2156 2308 tali
2189 2286 2302 2321 opera
2335 2275 2387 2309 in-

135 2323 260 2369 diyere
282 2321 504 2357 existimant.

269 2367 316 2401 X.
376 2365 417 2401 Si
447 2376 541 2411 quae
577 2368 696 2399 tamen
733 2364 771 2398 in
806 2375 874 2398 sua
911 2363 1227 2399 administratione
1257 2364 1390 2400 habere
1424 2364 1565 2399 malunt
1595 2363 1662 2399 deo
1700 2364 1879 2399 carissimi
1916 2364 2104 2399 oeconomi
2138 2364 2195 2399 vel
2231 2364 2388 2411 reliquo-

135 2424 217 2448 rum
253 2411 487 2457 colleqiorum
516 2409 729 2456 praesuleS,
766 2408 859 2443 nulli
893 2419 1019 2444 eorum
1055 2409 1118 2453 qui
1147 2410 1187 2443 in
1218 2414 1402 2455 potestate
1435 2414 1522 2444 sunt
1553 2420 1598 2443 ne
1628 2408 1825 2444 secundum
1856 2420 2000 2444 sacram
2036 2409 2180 2455 quidem
2211 2421 2388 2456 prayma-

139 2459 244 2493 ticam
268 2456 492 2491 sanctionem
525 2455 631 2489 liceat
660 2465 791 2499 coyere
820 2464 902 2496 eos,
938 2457 978 2488 ut
1008 2453 1074 2488 illa
1107 2458 1170 2489 aut
1229 2465 1270 2489 er
1302 2454 1518 2489 locationem
1549 2457 1615 2488 aect
1637 2464 1710 2500 per
1742 2453 1993 2499 emphyteusin
2015 2456 2126 2499 joras
2150 2454 2245 2488 dent.
2293 2455 2387 2490 Nam

137 2502 254 2549 quiid
272 2502 402 2582 ζίασιαι,
427 2503 462 2535 et
479 2499 664 2545 sacrileyii
685 2510 832 2545 poenae
850 2501 886 2534 et
911 2498 1075 2534 omnibus
1098 2510 1192 2545 supp
1209 2500 1289 2535 iciis
1313 2499 1381 2534 hac
1405 2504 1530 2534 nostra
1554 2509 1662 2534 sacra
1686 2498 1765 2545 [eye
1789 2510 1866 2534 com
1895 2499 2056 2535 rehensis
2078 2499 2260 2535 obnoxius
2283 2500 2340 2535 sit.

309 2547 335 2581 Ι.
386 2545 460 2581 Sed
492 2545 664 2591 quoniam
694 2555 773 2579 com
802 2544 935 2579 erimus
966 2556 1079 2590 yrave
1103 2545 1286 2590 quoddam
1310 2544 1478 2580 delictum
1502 2548 1537 2580 et
1566 2543 1669 2590 apud
1695 2544 1842 2580 Alexan
1869 2545 1972 2580 rinos
2004 2550 2040 2581 et
2062 2545 2283 2591 Aeyyptios‚
2315 2545 2386 2581 iam

137 2597 255 2628 autem
274 2593 314 2627 in
338 2591 422 2627 aliis
448 2602 593 2637 quoque
616 2590 758 2636 quibus(
773 2601 831 2625 am
856 2589 1008 2625 dicionis
1035 2597 1184 2625 nostrae
1215 2590 1302 2625 locis
1333 2590 1524 2632 committi,
1557 2595 1597 2625 ut
1620 2590 1787 2624 nonnulli
1810 2591 1893 2636 ipsa
1917 2590 2008 2626 adeo
2033 2601 2140 2626 sacra
2165 2591 2387 2626 monasteria

137 2638 289 2675 vendere
308 2643 372 2672 aut
392 2643 604 2682 permutare
628 2639 694 2671 aut
711 2635 851 2670 donare
875 2635 1036 2670 audeant
1051 2635 1102 2679 (in
1123 2635 1253 2681 quibus
1276 2639 1312 2671 et
1335 2635 1454 2671 altare
1478 2635 1681 2671 dedicatum
1698 2639 1753 2670 est
1776 2641 1811 2670 et
1826 2646 1971 2670 sacrum
1995 2636 2233 2671 ministerium
2254 2647 2385 2682 perac-

139 2689 230 2725 tum,
263 2682 371 2729 quale
401 2682 439 2716 in
463 2681 702 2716 sanctissimis
725 2680 885 2716 ecclesiis
915 2681 1009 2716 solet
1033 2681 1170 2727 perayi
1193 2687 1228 2716 et
1250 2681 1366 2716 sacris
1390 2681 1519 2716 litteris
1543 2681 1644 2716 lectis
1667 2684 1703 2716 et
1726 2686 1964 2716 sacrosancta
1988 2686 2098 2727 atquc
2126 2692 2265 2717 arcana
2290 2693 2384 2717 com-

136 2729 306 2764 munione
332 2727 531 2769 celebrata,
565 2732 601 2762 et
625 2726 885 2762 monachorum
908 2725 1039 2762 ibidem
1069 2726 1290 2762 domicilium
1314 2729 1398 2769 cst),
1430 2727 1483 2762 ita
1507 2730 1548 2761 ut
1569 2726 1634 2761 illa
1660 2738 1683 2761 a
1703 2737 1813 2761 sacra
1837 2731 1872 2762 et
1894 2727 1958 2773 pia
1980 2727 2108 2773 forma
2132 2727 2182 2762 ad
2197 2727 2385 2774 privatum

137 2786 240 2810 usum
264 2778 300 2809 et
324 2772 571 2808 condicionem
597 2773 897 2817 transferantur:
931 2771 971 2806 id
996 2772 1142 2807 omnino
1165 2784 1209 2808 ne
1233 2772 1271 2806 in
1290 2777 1481 2818 posterum
1502 2772 1574 2817 fiat
1590 2771 1846 2818 prohibemus,
1880 2783 1946 2808 nec
1970 2773 2139 2818 cuiquam
2164 2773 2321 2808 omnium
2346 2778 2386 2808 ut

139 2820 228 2855 talia
247 2818 448 2855 committat
466 2816 704 2853 concedimus.
742 2816 817 2853 Sed
838 2820 874 2852 et
897 2817 997 2863 quod
1014 2818 1062 2869 fit
1082 2817 1179 2853 omni
1194 2817 1301 2852 modo
1323 2817 1467 2852 irritum
1491 2817 1721 2852 declaramus
1744 2821 1779 2852 et
1795 2817 1913 2864 pretii
1937 2818 2165 2853 amissionem
2182 2818 2215 2854 ei
2238 2818 2303 2870 qui
2326 2829 2382 2853 ac-

137 2865 228 2912 cipit
248 2864 487 2911 imponimus,
515 2868 551 2898 et
573 2874 653 2899 eum
678 2863 742 2910 qui
766 2862 885 2898 vendit
909 2866 945 2898 et
966 2874 1018 2898 ret
1044 2863 1238 2898 amissione
1262 2868 1297 2898 et
1324 2862 1436 2909 pretii
1460 2861 1649 2908 dispendio
1673 2862 1885 2905 multamus,
1917 2864 2166 2899 sanctissimae
2190 2863 2289 2899 illius
2314 2864 2385 2899 loci

138 2910 309 2947 ecclcsiae
332 2914 368 2944 et
390 2908 654 2945 venerabilibus
682 2908 782 2943 illius
806 2908 877 2943 loci
900 2909 1132 2944 monasteriis
1155 2920 1198 2944 ea
1224 2908 1429 2944 tribuentes.
1477 2906 1598 2951 Quare
1621 2907 1694 2954 ipsi
1719 2908 1961 2954 provideant,
1994 2914 2036 2943 ut
2058 2908 2159 2954 quod
2180 2909 2274 2945 male
2298 2909 2384 2945 alie-

137 2961 262 2991 natum
294 2959 350 2990 est
377 2965 507 2990 rursus
540 2953 589 2988 ad
620 2953 872 2989 monachicum
902 2958 1037 2989 statum
1069 2953 1287 2989 reducatur:
1321 2964 1407 2989 neve
1439 2952 1646 3000 hypotheca
1676 2953 1715 2987 in
1746 2952 1804 2988 his
1836 2953 1944 2989 rebus
1976 2954 2114 2999 valeat,
2145 2955 2211 2990 sed
2238 2960 2274 2990 et
2303 2955 2383 3001 ipsa

137 3002 245 3037 irrita
268 3001 317 3035 sit
340 3004 375 3036 et
398 2999 658 3035 monasterium
682 3010 812 3034 rursus
835 3009 943 3034 sacro
969 2999 1169 3034 ministerio
1194 2999 1398 3034 addicatur.

184 3140 204 3172 2
228 3133 327 3170 ὅπως
347 3133 393 3170 ἂν
409 3138 585 3181 νομίζωσι
599 3138 628 3169 Α
644 3136 656 3179 ΙΙ
675 3139 696 3170 4
721 3132 928 3179 βούλονται]
955 3136 1128 3168 noluerint
1147 3138 1181 3178 (i.
1199 3150 1224 3170 e.

138 3181 341 3227 βούλοιντο)
366 3194 385 3218 ς
414 3183 426 3224 ΙΙ
456 3185 473 3216 5
499 3180 521 3224 ἢ
544 3181 579 3214 οἱ
602 3183 661 3223 Μ]
694 3178 715 3224 ἢ
739 3183 770 3214 A
800 3181 812 3224 1]
840 3178 973 3222 ἄλλων]
1002 3179 1123 3214 ἄλλων
1147 3179 1225 3214 εὐα-

138 3229 216 3275 γῶν
229 3229 259 3260 Α
275 3227 287 3269 ll
306 3230 326 3260 6
350 3225 440 3269 μηδὲ
464 3241 523 3261 om.
537 3228 567 3259 A
584 3227 596 3270 {l
616 3230 635 3261 8
649 3240 697 3269 sq.
722 3225 743 3269 ἢ
763 3223 845 3259 κατ’
861 3223 1077 3271 ἐμφύτευσιν
1091 3223 1225 3260 ἐκδιδό-

139 3287 200 3306 ναι
214 3270 632 3317 παραφυλαττέσθωσαν
652 3270 838 3313 διηνεκῶς·
859 3270 895 3304 οἱ
914 3269 981 3317 γὰρ
993 3272 1100 3305 τοῦτο
1115 3271 1224 3317 πράτ-

139 3329 262 3352 τοντες
281 3315 477 3362 ἱεροσυλίας
492 3314 702 3351 ὑπόκεινται
721 3317 829 3358 ποινῆ
842 3318 871 3349 Α
891 3315 902 3360 Ι]
923 3320 961 3351 10
975 3331 1023 3360 sq.
1049 3313 1152 3360 ἡμῶν
1171 3318 1225 3350 τῶ

140 3365 235 3398 θείω
255 3365 287 3396 Α
315 3366 327 3406 Η
361 3365 399 3397 14
430 3363 470 3395 έν
495 3376 553 3395 om.
577 3363 608 3395 A
635 3362 647 3406 ΙΙ
677 3362 809 3407 ἑτέροις
834 3381 875 3385 --
898 3359 939 3395 τὸ
964 3360 1075 3403 τινὰς]
1107 3360 1226 3396 ἄλλοις

140 3409 244 3456 ἱεροῖς
273 3409 335 3451 τῆς
364 3404 525 3450 ὑπηκόου
556 3405 697 3447 τόποις,
731 3404 779 3440 ως
807 3404 908 3439 τινὰς
931 3408 961 3440 Α
993 3407 1004 3451 ΙΙ

138 3452 382 3499 μοναστήριον
406 3466 446 3487 τε
472 3454 518 3486 Μ
538 3452 549 3497 ΙΙ
584 3455 624 3487 18
648 3452 822 3498 γίνεσθαι
844 3451 900 3492 M]
926 3451 1175 3486 ἐπιτελεῖσθαι
1194 3454 1224 3486 A

139 3501 314 3539 (celebrari
338 3502 370 3541 ς)
387 3499 397 3543 ΙΙ
416 3499 495 3532 τῶν
518 3500 569 3539 τε]
596 3498 674 3531 τῶν
692 3499 721 3531 Α
742 3497 753 3541 ΙΙ
773 3499 812 3531 19
837 3497 898 3538 τῆς
919 3500 971 3538 τε]
996 3500 1056 3531 καὶ
1079 3499 1140 3540 τῆς
1164 3500 1192 3531 Α
1214 3496 1226 3542 ΙΙ

140 3545 233 3590 ἱερᾶς
253 3546 312 3578 καὶ
332 3558 390 3577 om.
404 3546 434 3577 A
453 3544 465 3589 ΙΙ
482 3546 524 3578 20
550 3545 672 3583 ἐκεῖσε]
698 3544 808 3575 ἐκεῖσε
828 3543 918 3575 ποτὲ
935 3545 964 3576 Α
980 3543 992 3586 ΙΙ
1011 3545 1048 3577 21
1079 3543 1222 3585 οἴκησις]

140 3590 287 3632 ἄσκησις
310 3591 456 3632 Nomoc.‚
481 3590 554 3623 Ecl.
574 3589 586 3631 ΙΙ
603 3584 697 3622 ὥστε
723 3584 814 3620 αὐτὰ
836 3586 1056 3631 μεταβαλεῖν
1080 3590 1139 3630 Μ]
1165 3591 1224 3622 καὶ

140 3636 207 3668 νῦν
233 3631 444 3679 μετεβλήθη
468 3636 500 3668 A
526 3637 582 3678 (cf.
605 3637 635 3674 ς)
661 3632 673 3677 ΙΙ
696 3635 737 3667 24
773 3629 936 3677 ἀφιέντες
960 3634 992 3667 A
1014 3633 1027 3678 ΙΙ
1053 3635 1093 3668 25
1125 3631 1224 3680 γενό-

140 3692 250 3723 μενον
271 3682 298 3713 Α
325 3681 457 3714 Nomoc.
474 3680 486 3724 [Ι
506 3682 548 3714 29
572 3675 770 3726 ἁγιωτάτῃ]
795 3674 979 3723 ἁγιωτάτη
1001 3676 1135 3726 μεγάλη
1159 3681 1189 3713 A
1213 3680 1226 3722 {l

141 3723 232 3759 κατὰ
252 3722 368 3759 τόπον
386 3739 444 3759 om.
458 3728 511 3762 Ac
524 3724 538 3770 {l
558 3728 595 3760 31
624 3720 750 3757 αὐτοὺς
766 3731 796 3758 et
817 3724 881 3757 τοῦ
896 3736 954 3758 om.
967 3725 999 3758 A
1015 3723 1027 3769 ΙΙ
1047 3726 1088 3759 32
1116 3726 1223 3758 ἐπαν-

142 3772 288 3816 αγαγεῖν
312 3772 342 3804 A
368 3771 501 3805 Nomoc.
521 3771 533 3815 ΙΙ
553 3766 654 3814 μηδὲ]
680 3765 768 3813 μήτε
791 3765 831 3802 δὲ
854 3770 886 3802 A

1035 3410 1075 3442 16
1112 3408 1152 3440 ἐν
1176 3406 1226 3440 οἶς
1258 3421 1260 3434 ν

1346 3139 1355 3168 l
1385 3136 1595 3177 enphiteosin
1621 3135 1706 3169 132T
1733 3134 1744 3179 ΙΙ
1773 3138 1792 3168 2
1825 3147 1922 3178 agere
1946 3136 2031 3170 12¹1!
2033 3138 2065 3170 T
2092 3136 2104 3180 ΙΙ
2132 3139 2151 3170 4
2184 3139 2306 3177 tamen]
2333 3135 2380 3170 tffi

1296 3181 1332 3214 V
1354 3181 1366 3223 Ι]
1395 3181 1568 3213 noluerint
1591 3180 1659 3213 RV
1685 3180 1696 3224 Ι]
1728 3183 1747 3214 8
1773 3191 1839 3213 esse
1864 3194 1922 3215 om.
1948 3182 1997 3214 R¹
2024 3181 2037 3225 Ι]
2067 3182 2289 3214 conductione
2309 3184 2340 3215 R
2370 3184 2381 3224 ΙΙ

1294 3229 1313 3260 9
1341 3228 1384 3267 ct]
1411 3227 1439 3258 ei
1465 3227 1550 3266 libri,
1580 3228 1612 3258 et
1633 3226 1663 3258 ei
1686 3226 1736 3259 Il2
1765 3224 1777 3270 Ι]
1801 3227 1861 3259 hec
1886 3227 1919 3259 R
1945 3226 1957 3269 Η
1980 3229 2012 3259 et
2036 3227 2203 3268 sacrilegii
2227 3227 2297 3270 subl
2326 3228 2363 3261 V
2368 3229 2382 3248 ²

1293 3273 1400 3314 suppl.
1426 3273 1459 3304 in
1483 3279 1568 3313 spat.
1593 3283 1663 3304 vac.
1693 3271 1705 3314 ΙΙ
1735 3274 1772 3304 11
1811 3274 1924 3304 nostra
1947 3271 2020 3313 lege
2045 3273 2126 3313 VT]
2164 3272 2237 3314 lege
2269 3275 2381 3306 nostra

1297 3319 1325 3350 Ie
1346 3318 1357 3360 ΙΙ
1373 3316 1557 3358 suppliciis]
1584 3318 1616 3348 et
1639 3316 1812 3358 suppliciis
1830 3317 1880 3349 R²
1904 3318 2009 3360 vulyo.
2048 3317 2179 3350 Seclusi
2195 3318 2206 3360 ΙΙ
2226 3319 2265 3351 12
2291 3321 2380 3353 rubr.

1294 3362 1430 3394 Nemini
1473 3361 1573 3394 liceat
1616 3361 1726 3393 locum
1762 3362 1797 3393 in
1834 3373 1900 3403 quo
1936 3373 2027 3394 sacra
2063 3361 2259 3404 sollempnia
2301 3366 2380 3397 sunt

1294 3408 1440 3439 alienare
1465 3407 1496 3439 R
1523 3406 1535 3449 fl
1567 3407 1802 3448 cognouimum
1826 3407 1956 3448 aliquid
1980 3408 2029 3440 R¹
2058 3407 2069 3450 Ι]
2103 3410 2142 3441 14
2175 3411 2207 3441 et
2232 3421 2289 3442 om.
2310 3410 2344 3442 R
2374 3408 2378 3451 Ι

1296 3455 1335 3486 15
1356 3465 1403 3495 sq.
1437 3453 1496 3484 aut
1521 3451 1644 3484 donare
1672 3455 1731 3484 aut
1756 3456 1945 3494 permutare
1971 3453 2004 3485 V
2018 3451 2030 3496 ΙΙ
2051 3455 2092 3486 16
2123 3452 2282 3486 collatum
2314 3456 2343 3487 R

1298 3500 1335 3531 17
1361 3497 1598 3530 monasterium
1618 3497 1668 3529 R¹
1691 3498 1878 3530 misterium
1892 3497 1941 3529 R2
1960 3497 1970 3540 ΙΙ
1990 3500 2030 3531 19
2055 3497 2276 3531 ineffabilium
2293 3500 2330 3533 V
2337 3500 2347 3520 ¹
2373 3453 2379 3542 Ι

1294 3545 1333 3576 21
1372 3544 1559 3575 mutaretur
1591 3542 1694 3575 RVT
1723 3542 1734 3587 ΙΙ
1767 3545 1807 3576 22
1844 3544 1966 3575 semate
1997 3543 2046 3575 R·
2082 3547 2222 3577 scemate
2254 3545 2334 3578 R²V
2366 3545 2378 3591 Η

1294 3590 1336 3622 23
1368 3588 1528 3628 omnium]
1560 3588 1733 3620 hominum
1759 3588 1793 3621 V
1800 3588 1814 3608 2
1838 3589 1923 3631 vulq.
1951 3586 1963 3632 ΙΙ
1994 3589 2036 3622 24
2067 3589 2295 3631 permittentes
2317 3604 2375 3624 om.

1294 3634 1326 3666 R
1353 3632 1365 3677 1]
1392 3632 1621 3674 derelinquere
1647 3633 1684 3666 V
1708 3634 1719 3675 Η
1747 3635 1788 3667 26
1815 3635 1847 3665 et
1871 3633 2087 3676 venditorem]
2112 3637 2146 3668 et
2168 3649 2227 3669 om.
2253 3637 2339 3679 vulg.
2363 3635 2375 3679 Η

1293 3680 1335 3713 29
1360 3680 1399 3710 ut
1423 3691 1482 3711 om.
1506 3678 1556 3711 Β*
1583 3677 1595 3723 Ι]
1627 3680 1667 3712 31
1691 3680 1866 3711 reuocetur
1891 3679 1932 3728 Ri
1951 3678 1963 3722 ΙΙ
1995 3680 2035 3713 32
2064 3681 2264 3714 monasterio
2289 3681 2374 3722 RV]

1293 3737 1351 3757 om.
1377 3724 1462 3767 only.
1494 3722 1506 3767 ΙΙ
1534 3725 1576 3758 33
1599 3723 1784 3756 ministerio
1810 3724 1860 3765 V]
1885 3725 2084 3758 monasterio
2110 3726 2135 3768 (i
2158 3739 2318 3770 superscr.
2344 3729 2374 3762 21

1292 3770 1325 3802 R
1358 3769 1557 3801 monasterio
1581 3770 1665 3813 vuly.
1686 3768 1698 3812 ss
1714 3769 1912 3811 assignanda
1935 3771 2020 3814 vuly.
