2618 4010
153 137 212 167 DE
243 136 642 169 RESTI'I'UTIONIBUS

153 238 213 270 καὶ
233 235 329 279 τῷδε
352 237 404 280 τῷ
424 236 518 279 θείῳ
541 234 743 280 δηλούμενα
767 234 868 280 νόμῳ
894 234 915 280 ἡ
934 234 980 279 σὴ
1000 233 1155 283 ὑπεροχὴ
1178 239 1238 269 καὶ

155 279 348 326 φυλάττειν
382 284 440 315 καὶ
472 284 566 329 ἔργῳ
599 278 845 327 παραδιδόναι
877 279 1080 322 σπευδέτω,
1112 282 1238 315 ποιν“ς

155 329 377 371 ἐπικειμένης
411 326 535 371 viginti
569 327 740 362 librarum
778 327 856 361 auri
894 325 986 362 κατὰ
1020 328 1098 360 τῶν
1133 294 1239 360 ‘rouge

155 368 259 416 ἡμῶν
281 371 348 406 τὸν
371 370 484 415 νόμον
508 375 751 417 παραβαίνειν
775 371 1031 419 θαρρούντων.
1080 371 1234 406 Dat.xv.

155 418 192 453 k.
217 417 306 451 Mar.
333 417 402 452 ΟΡ.
428 422 510 463 post
535 428 632 453 cons.
660 418 822 453 Belisarii
847 429 875 453 v.
903 428 934 453 c.

250 675 429 728 ΠΕΡΙ
463 610 1154 729 ΑΠΟΚΙΞΤΑΣΤΑΣΕΩΣ

157 743 674 797 ΠΡΟΙΚΙΜΑΙῼΝ
706 743 846 797 ΚΑΙ
874 743 1237 796 ΠΡΟΓΑΜΙ-

160 809 345 863 ΑΙῼΝ
375 811 853 866 ΠΡΑΓΜΑΤῼΝ.
890 811 1030 864 ΚΑΙ
1059 810 1239 863 ΠΕΡΙ

156 878 302 930 ΤΗΣ
332 879 725 932 ΤΕΚΟῩΣΗΣ
763 879 888 932 ΤῼΙ
918 878 1296 931 ΕΝΔΕΚΑ-Ιο

213 944 339 998 ΤῼΙ
368 947 576 1000 ΜΗΝΙ
606 947 811 1000 ΜΕΤΑ
844 946 1004 998 ΤΗΝ
1038 947 1182 998 TOY

336 1015 443 1067 AN
446 1016 618 1068 ΔΡΟΣ
647 1014 1067 1067 TEAEYTHN.

155 1091 192 1127 Ὁ
224 1091 330 1128 αὐτὸς
364 1093 530 1138 βασιλεὺς
559 1092 707 1140 Ἰωάννῃ
744 1094 797 1136 τῷ
830 1091 1055 1135 ἐνδοξοτάτῳ
1093 1091 1237 1136 ἐπάρχῳ

155 1141 233 1174 τῶν
262 1139 370 1186 ἱερῶν
394 1142 454 1182 τῆς
471 1136 544 1173 ‘'Ew
569 1142 807 1185 πραιτωρίων
831 1136 874 1172 τὸ
898 1136 952 1182 β’,
984 1134 1056 1171 ἀπὸ
1086 1135 1239 1171 ὑπάτων

560 1188 620 1218 καὶ
645 1187 836 1230 πατρικίῳ.

200 1241 502 1289 <Προοίμιον.>
555 1240 599 1275 Τὸ
621 1241 773 1286 ῥευστὸν
796 1243 856 1273 καὶ
877 1237 1156 1283 πεποικιλμένον
1180 1241 1240 1282 τῆς

155 1284 395 1333 ἀνθρωπίνης
426 1285 566 1332 φύσεως
601 1289 660 1319 καὶ
691 1287 751 1329 τῆς
783 1283 874 1319 κατὰ
906 1283 1037 1329 μικρὸν
1069 1282 1240 1328 δεόμενον

158 1333 357 1379 θεραπείας
374 1329 436 1365 οὐκ
457 1328 503 1365 ἂν
523 1330 639 1365 ἄλλως
658 1333 705 1365 εἰς
725 1329 766 1364 τὸ
788 1329 905 1364 καλῶς
925 1332 1007 1372 ἔχον
1027 1329 1239 1370 ἐπανέλθοι,

155 1374 222 1411 κᾶν
247 1378 278 1409 εἰ
301 1376 362 1410 τὰς
387 1375 535 1422 πρώτας
564 1388 617 1410 τις
642 1375 750 1410 αὐτοῦ
779 1374 1030 1422 κυβερνήσειεν
1054 1373 1176 1429 ἀρχάς,
1209 1376 1240 1408 εἰ

1219 121 1302 187 253

1272 184 1347 187 v*
1387 184 1393 186 .
1400 181 1478 188 -m-

1969 124 2078 167 Nov.
2110 123 2302 167 XXXIX
2331 137 2391 179 pr.

1308 247 1400 282 quae
1424 246 1488 281 per
1519 236 1614 271 hanc
1645 234 1850 270 indicantur
1874 235 2002 279 legem,
2034 238 2098 271 tua
2123 236 2332 272 excellentia
2357 239 2393 272 et

1308 282 1487 317 custodire
1512 283 1548 316 et
1572 280 1670 326 operi
1693 280 1836 315 tradere
1859 280 2022 325 festinet3
2054 282 2247 316 inminente
2276 292 2393 326 poena

1308 327 1377 362 XX
1412 328 1582 361 librarum
1619 325 1699 378 auri
1734 327 1904 361 adversus
1941 337 2021 361 eum
2058 327 2119 372 qui
2153 328 2246 362 hanc
2280 329 2393 371 legem

1307 377 1466 408 nostram
1500 381 1748 416 praevaricare
1779 372 2071 416 praesumpserit.

1095 419 1141 459 [a.
1155 420 1232 458 536]
1271 422 1289 453 5
1349 418 1433 453 Dat.
1448 428 1513 453 xv.
1527 418 1599 452 kal.
1614 417 1721 452 Mart.
1738 416 1807 451 GP.
1823 417 1993 452 Belisario
2010 429 2040 452 v.
2058 428 2088 453 c.
2104 428 2201 453 cons.
2250 420 2296 460 [a.
2312 420 2390 460 535]

1717 607 1882 643 XXXIX.
1915 608 2025 643 Auth.
2038 607 2133 642 XLI.
2149 607 2235 643 Coll.
2247 608 2297 644 IV
2309 609 2362 644 tit.
2372 612 2392 643 6

1414 679 1468 728 R
1501 679 1595 728 DE
1631 676 2261 727 RESTITUTIONIBUS

1310 748 1401 795 ET
1436 747 1527 795 EA
1564 746 1750 806 QUAE
1790 745 1996 794 PARIT
2032 744 2393 794 UNDECIMO

1342 814 1574 864 MENSE
1611 813 1784 863 POST
1818 814 1961 863 VIRI
1995 812 2285 863 MORTEM
2309 813 2363 861 R

1308 1091 1396 1136 Imp.
1417 1091 1638 1128 Iustinianus
1665 1093 1754 1137 Aug.
1780 1092 1932 1129 Iohanni
1955 1103 2014 1138 pp.
2042 1091 2198 1128 Orientis
2222 1093 2393 1128 secundo.

1352 1238 1640 1284 <Praefati0.>
1686 1239 1861 1274 Decursio
1889 1243 1924 1275 et
1948 1240 2102 1276 varietas
2126 1240 2306 1275 humanae
2330 1250 2392 1275 na-

1308 1286 1412 1318 turae
1448 1285 1484 1318 et
1520 1284 1693 1328 paulatim
1729 1294 1836 1328 egens
1875 1285 2059 1320 curatione
2100 1297 2171 1321 non
2208 1286 2313 1320 aliter
2348 1286 2395 1322 ad

1309 1330 1400 1364 bene
1422 1339 1460 1364 se
1478 1329 1680 1364 habendum
1702 1332 1901 1373 revocatur,
1925 1330 2009 1365 licet
2030 1331 2145 1375 prima
2168 1331 2243 1366 eius
2265 1331 2393 1374 guber-

1309 1377 1440 1409 nentur
1470 1374 1664 1419 principia,
1696 1375 1767 1410 -nisi
1800 1376 1908 1410 etiam
1939 1375 2034 1419 quod
2067 1377 2333 1419 particulariter
2362 1376 2395 1410 ei

153 1435 202 1475 μη
227 1425 286 1455 καὶ
310 1420 351 1456 τὸ
368 1421 470 1476 ἱκατοὶ
493 1425 597 1468 μέρος
622 1420 731 1455 αὐτοῦ
762 1421 1052 1464 ἐπανιστάμενον
1078 1419 1239 1454 ὸιαλύων
1253 1423 1294 1454 20
1309 1420 1442 1454 resistit
1469 1420 1668 1463 corrigatur
1700 1421 1822 1464 sicque
1855 1421 2096 1455 constituatur
2126 1422 2193 1455 sub
2218 1421 2393 1465 tranquil-

154 1464 268 1501 οὕτως
293 1464 381 1501 αὐτο
406 1468 606 1509 καθισταίη
637 1466 725 1511 πρὸς
754 1465 796 1500 τὸ
819 1465 979 1512 γαληνόν
1007 1479 1047 1499 τε
1072 1468 1130 1498 καὶ
1155 1463 1237 1499 ἆτά-

154 1525 264 1556 ραχον
285 1515 344 1546 καὶ
366 1511 467 1556 νόμῳ
490 1515 642 1558 πρέπον.
687 1509 814 1546 ὁποῖον
838 1509 881 1553 δή
906 1524 942 1545 τι
967 1514 1027 1544 καὶ
1051 1512 1117 1545 νῦν
1139 1509 1237 1545 ἐπελ-

154 1556 229 1591 θὸν
253 1558 300 1591 εἰς
332 1556 443 1601 νόμου
473 1561 598 1602 χρείαν
629 1556 717 1600 ἡμᾶς
749 1559 980 1599 κατέστησεν.
1025 1554 1143 1600 Ἴσμεν
1171 1555 1239 1602 γὰρ

155 1600 202 1636 ὠς
226 1606 286 1635 καὶ
310 1600 440 1649 πρώην
461 1600 694 1644 ἐστασιάζετο
719 1600 763 1636 τὰ
784 1605 865 1647 περὶ
886 1603 965 1635 τῶν
986 1599 1238 1635 ἀποκαταστά-

1309 1465 1409 1499 litate
1441 1469 1476 1499 et
1509 1466 1626 1509 quiete
1663 1469 1704 1499 ut
1734 1466 1802 1510 legi
1835 1466 2060 1501 conveniens.
2111 1466 2224 1510 Quale
2259 1467 2395 1501 scilicet

1310 1510 1478 1554 quiddam
1511 1510 1617 1545 etiam
1653 1522 1749 1545 nunc
1785 1521 1965 1555 emergens
2003 1511 2048 1546 ad
2079 1512 2167 1555 legis
2205 1522 2270 1546 nos
2303 1523 2393 1556 opus

1310 1556 1469 1591 adduxit.
1519 1556 1658 1590 Scimus
1684 1556 1776 1590 enim
1806 1556 1891 1599 quia
1916 1556 2022 1591 etiam
2047 1556 2181 1591 dudum
2204 1557 2393 1592 dubitaba-

1310 1606 1368 1635 tur
1392 1601 1435 1635 de
1459 1601 1761 1645 restitutionibus,
1787 1606 1822 1636 et
1847 1602 1875 1636 si
1901 1602 2110 1645 contigisset
2133 1602 2306 1647 quasdam
2330 1602 2394 1647 hy-

154 1659 260 1689 σεων,
284 1651 343 1681 καὶ
368 1649 398 1681 εἰ
424 1651 555 1692 συνέβη
580 1646 680 1682 τινὰς
703 1645 893 1690 ὑποθήκας
917 1644 1133 1691 ὑποθέσθαι
1158 1645 1239 1680 τοὺς
1253 1649 1294 1681 25
1309 1647 1481 1690 pothecas
1519 1647 1668 1689 obligari
1705 1647 1781 1682 eius
1819 1647 1878 1691 qui
1910 1647 2138 1682 restitutione
2169 1648 2393 1692 gravabatur,

153 1696 432 1739 βαρυνομένους,
468 1692 599 1736 πολλῆς
634 1691 676 1727 τὸ
710 1694 859 1739 πρᾶγμα
890 1693 1045 1738 ταραχῆς
1078 1693 1131 1734 ἠν,
1168 1692 1238 1725 εἴτε

153 1736 226 1772 δέοι
260 1742 320 1772 καὶ
353 1737 399 1772 τὰ
429 1736 728 1781 ἀποκαταστῆναι
764 1736 1006 1771 κελευσθέντα
1042 1737 1237 1783 πράγματα

1310 1692 1482 1736 plurimae
1508 1692 1746 1727 contentionis
1780 1694 1859 1727 erat
1883 1693 2081 1736 negotium,
2116 1693 2189 1728 sive
2214 1698 2395 1737 oporteret

1307 1737 1414 1772 etiam
1435 1747 1493 1772 res
1515 1747 1606 1781 quae
1627 1737 1768 1772 restitui
1785 1738 1907 1773 iussae
1923 1738 2067 1773 fuerant
2086 1739 2285 1783 periculum
2305 1738 2391 1783 pati,

197 1808 280 1841 Nov.
295 1808 475 1841 XXXIX
488 1808 651 1850 (Anthent.
666 1807 814 1840 XLI=
833 1806 912 1840 Call.
926 1806 1041 1839 IVtit.
1057 1808 1094 1839 6:
1119 1807 1232 1850 yloss.)
1254 1806 1380 1840 Graece
1401 1813 1487 1839 extat
1506 1806 1539 1839 in
1561 1805 1632 1838 ML
1643 1831 1651 1847 ,
1679 1807 1712 1839 B
1728 1808 1782 1848 28,
1798 1814 1830 1841 15
1844 1819 1912 1840 cum
1927 1808 2025 1840 schol.
2047 1827 2082 1830 >—
2109 1808 2196 1850 Epir.
2216 1808 2336 1840 leeod.
2352 1808 2394 1840 39

151 1853 240 1894 (inde
264 1849 351 1894 ΒΣ),
376 1854 496 1886 Athan.
517 1855 548 1895 9,
563 1860 590 1887 3.
638 1853 758 1885 Iulian.
781 1859 878 1885 const.
896 1852 1091 1884 XXXVII.

152 1934 187 1964 et
202 1939 311 1964 sacra
335 1929 403 1965 liae
423 1930 501 1976 leqe
523 1930 758 1965 declarantur
781 1932 844 1963 tua
867 1928 1068 1963 sublimitas
1092 1933 1127 1964 et
1151 1928 1332 1964 custodire
1356 1932 1392 1964 et
1414 1928 1559 1974 effectui
1584 1929 1727 1964 tradere
1751 1929 1907 1971 studeat,
1928 1939 2051 1975 poena
2073 1929 2201 1975 viqinti
2219 1928 2395 1965 librarum

153 1976 238 2010 auri
260 1980 389 2011 contra
413 1986 476 2011 eos
498 1975 694 2022 proposita
719 1974 782 2020 qui
807 1973 901 2009 Itane
924 1976 1085 2008 nostram
1111 1973 1224 2020 leqem
1250 1974 1388 2009 violare
1412 1975 1581 2010 audeant.

1178 2096 1357 2132 XXXIX.

604 2155 706 2206 DE
737 2154 1258 2205 RESTJTUTIONE
1288 2154 1540 2205 RERUM
1575 2154 1947 2205 DOTALIUM

242 2223 336 2276 ET
363 2221 1009 2283 ANTENUPTJALJUM,
1048 2221 1142 2271 ET
1170 2221 1272 2271 DE
1303 2221 1394 2271 EA
1434 2222 1620 2281 QUAE
1654 2221 2026 2273 UNDECIMO
2062 2222 2311 2274 MENSE

739 2289 915 2340 POST
943 2288 1253 2339 MORTEM
1297 2288 1459 2340 VIBI
1493 2288 1809 2339 PEPERIT.

371 2356 473 2393 Idem
497 2358 684 2403 Auqustus
709 2355 868 2392 Iohanni
892 2356 1156 2402 gloriosissimo
1175 2356 1370 2435 ρι’ῑᾳεΐῗοτο
1395 2367 1502 2408 sacro
1524 2368 1593 2403 per
1621 2355 1801 2392 Orientem
1818 2356 2014 2402 praetorio
2036 2357 2178 2399 iterum,

1054 2411 1243 2436 eoeeonsuz
1268 2412 1287 2435 e
1321 2406 1495 2447 patricio.

292 2459 555 2504 Praefatio.
600 2458 817 2494 Volubilitas
841 2462 876 2494 et
899 2458 1057 2493 varietas
1079 2457 1257 2493 humanae
1281 2462 1435 2492 naturae
1458 2458 1529 2492 iam
1553 2457 1730 2493 medicina
1753 2458 1882 2492 sensim
1908 2456 2110 2493 adhibenda
2131 2458 2299 2505 indiqens
2320 2471 2393 2495 non

156 2506 263 2541 aliter
284 2506 321 2539 in
342 2505 523 2540 meliorem
540 2506 672 2539 statum
693 2503 834 2546 redibit,
859 2504 1002 2539 etiamsi
1021 2503 1102 2548 quis
1118 2503 1244 2548 prima
1268 2504 1344 2537 eius
1368 2502 1542 2548 qubernet
1558 2503 1760 2549 principia,
1785 2503 1856 2537 nisi
1879 2502 1911 2537 si
1931 2502 2038 2537 etiam
2062 2503 2217 2550 sinqulis
2241 2515 2335 2550 quae
2354 2505 2393 2540 in

155 2563 197 2587 eo
215 2561 348 2597 qenere
372 2553 559 2596 emeraunt
580 2549 790 2596 compositis
813 2549 865 2584 ita
889 2547 988 2583 illam
1012 2549 1049 2582 in
1071 2547 1317 2582 condicionem
1344 2547 1578 2594 tranquillam
1604 2552 1639 2583 et
1688 2549 1821 2583 uictam
1846 2551 1882 2583 et
1905 2547 1977 2594 leqi
2000 2549 2266 2584 convenientem
2290 2552 2392 2585 resti-

157 2600 246 2631 tuat.

291 2594 405 2638 Quale
426 2594 515 2640 quid
535 2606 614 2630 cum
636 2605 733 2629 nunc
755 2605 898 2639 quoque
918 2594 1085 2634 evenerit,
1109 2593 1157 2627 ad
1173 2593 1264 2638 leqis
1280 2593 1526 2628 necessitatem
1543 2604 1611 2628 nos
1627 2593 1796 2628 acduoeit.
1843 2591 1984 2627 Scimus
2000 2594 2093 2628 enim
2110 2594 2182 2628 iam
2199 2594 2332 2629 dudum
2350 2595 2394 2631 de

155 2640 445 2676 restitutionibus
469 2640 669 2675 dubitatum
694 2651 791 2681 esse;
826 2644 861 2675 et
883 2639 916 2673 si
940 2649 1034 2684 quae
1056 2639 1159 2683 forte
1183 2637 1407 2689 hypothecae
1432 2639 1476 2674 ab
1500 2638 1546 2673 iis
1571 2638 1633 2684 qui
1658 2639 1800 2673 onerati
1824 2642 1929 2674 erant
1953 2638 2062 2673 datae
2085 2643 2214 2682 essent,
2238 2651 2393 2686 maqnae

155 2698 231 2722 rem
256 2685 493 2721 dubitationis
511 2685 640 2731 fuisse,
666 2689 786 2720 utrum
815 2685 923 2720 etiam
949 2694 1007 2719 res
1032 2694 1125 2729 quae
1148 2683 1291 2717 restitui
1321 2683 1441 2718 iussae
1462 2689 1568 2718 erant
1592 2685 1629 2718 in
1647 2683 1851 2730 periculum
1875 2683 2058 2719 vocandae
2086 2690 2203 2719 essent
2224 2695 2272 2719 an
2292 2686 2394 2722 solae

215 2782 224 2811 1
253 2778 308 2820 τῷ
329 2777 424 2820 θείῳ
450 2789 508 2810 om.
524 2788 543 2812 ς
570 2775 582 2820 ΙΙ
615 2778 633 2810 3
659 2776 783 2817 viginti
807 2775 968 2807 librarum
993 2775 1066 2806 auri
1091 2775 1194 2807 om.L
1230 2773 1241 2817 Ι]

156 2826 178 2859 4
201 2835 247 2856 xv
271 2824 303 2855 k.
329 2823 412 2855 Mar.
440 2823 482 2855 M
505 2823 537 2863 (ς
560 2823 652 2854 codd.
670 2822 838 2862 TNeob.)]
863 2831 886 2851 v
911 2820 976 2851 kal.
1005 2821 1107 2851 Marc.
1134 2831 1154 2856 ς
1170 2821 1238 2852 cod.

166 2870 273 2910 Vinci„
298 2866 369 2913 πρὸ
394 2865 420 2900 ε’
446 2865 521 2901 καλ.
545 2879 596 2909 μα
622 2878 652 2900 τ.
678 2868 755 2899 Am.
782 2867 880 2908 (μηνὶ
898 2868 1041 2909 μαρτίῳ
1059 2865 1177 2898 leeod.
1204 2865 1239 2896 in

156 2925 266 2947 mense
280 2914 402 2946 Martio
414 2913 494 2953 Iul.)
517 2911 529 2956 ΙΙ
555 2915 573 2946 5
597 2879 662 2944 83.
683 2912 727 2943 M
738 2912 750 2954 1]
776 2914 849 2954 post
869 2921 957 2942 cons.
974 2910 1128 2942 Belisarii
1149 2921 1178 2942 v.
1200 2911 1239 2949 c.]

156 2959 307 2992 bilisario
323 2969 375 2991 uc.
395 2968 484 2990 cons.
513 2957 574 2992 Μς
605 2957 789 2989 indictione
806 2956 981 2988 undecima
997 2958 1072 2997 post
1089 2955 1239 2987 consulu-

158 3008 228 3037 tum
242 3004 395 3036 Belisarii
412 3004 475 3035 Iul.
489 3003 547 3043 (id.
560 3003 695 3041 Theod.)
713 2999 802 3044 μετὰ
815 2999 881 3041 τὴν
899 2996 1076 3034 ὑπατείαν
1090 2998 1238 3033 Βελισα-

159 3052 236 3094 ρίου
254 3045 321 3080 ἰνδ.
336 3044 381 3081 ια’
397 3049 473 3081 Ath.
488 3060 555 3080 cum
568 3048 666 3080 schol.
683 3048 737 3089 (cf.
755 3047 933 3079 Hez'nzbach
946 3058 978 3087 p.
991 3045 1238 3086 LXXXVIIIJ:

158 3095 357 3136 σημείωσαι
378 3087 434 3125 ὅτι
459 3093 519 3125 ἐπὶ
543 3092 603 3133 τῆς
628 3089 673 3123 ιδ’
688 3089 931 3133 ἑπινεμήσεως
952 3087 1043 3132 μετὰ
1063 3088 1129 3131 τὴν
1150 3087 1238 3123 ὑπα-

160 3142 262 3171 τείαν
280 3135 491 3181 Βελισαριόυ
517 3136 774 3181 ἑκφωνηθεῖσα
799 3134 820 3175 ἡ
844 3131 1003 3174 διάταξις
1027 3134 1074 3167 εἰς
1098 3133 1165 3177 τὴν
1191 3133 1237 3168 ια’

160 3184 374 3226 ἐπινέμησιν
402 3180 469 3223 τὴν
493 3182 629 3214 οἰκείαν
658 3177 780 3226 ἀνάγει
808 3180 1034 3222 νομοθεσίαν
1059 3182 1114 3222 (cs.
1138 3193 1239 3223 supra

155 3243 209 3273 pr.
226 3234 241 3267 ξ
257 3236 273 3262 3
290 3241 326 3270 p.
342 3229 418 3268 248,
433 3228 489 3268 32).
533 3228 625 3259 Unde
643 3234 730 3258 ortus
756 3233 800 3258 est
824 3238 914 3258 error
935 3227 967 3258 in
992 3237 1118 3257 numero
1139 3227 1239 3259 indic—

160 3275 256 3308 tionis
280 3273 461 3306 commissus
486 3272 556 3313 (XI
574 3284 637 3314 pro
662 3271 762 3311 XIV)
788 3283 840 3313 ap.
867 3271 931 3303 Iul.
957 3270 1032 3302 Atti.
1061 3271 1180 3303 Tleeod.
1229 3269 1233 3314 Ι

160 3323 181 3354 6
205 3320 245 3352 In
264 3319 294 3351 L
320 3319 349 3350 h.
371 3318 390 3350 l.
409 3318 593 3350 inscribitur
618 3316 655 3348 ἐκ
672 3315 748 3348 τῶν
764 3314 907 3359 νεαρῶν
930 3314 1074 3357 βιβλίον
1096 3313 1147 3357 β’;
1170 3335 1212 3339 ——
1230 3316 1233 3360 Ι

162 3368 179 3398 7
197 3366 286 3406 Περὶ
306 3359 644 3401 ἀποκαταστάσεως]
670 3362 718 3393 De
738 3360 1004 3393 restitutionibus
1025 3372 1043 3396 ς
1062 3362 1073 3404 Ι]
1099 3363 1117 3394 8
1138 3372 1239 3405 προι-

161 3409 382 3452 κιμιαίωνΒ
409 3407 421 3451 ΙΙ
452 3409 695 3451 προικιμαίων
719 3408 777 3438 καὶ
802 3407 1055 3450 προγαμιαίων
1080 3405 1239 3452 πραγμά-

161 3468 239 3489 των
264 3467 321 3487 om.
344 3464 363 3489 ς
391 3453 510 3485 leeod.
537 3452 621 3487 Aclz„
637 3454 693 3493 (cjl
723 3452 850 3484 Cuiaciz'
874 3451 994 3492 expos.)
1025 3453 1084 3482 καὶ
1109 3463 1240 3496 προγα-

162 3502 297 3544 μιαίων
322 3495 548 3545 πραγμάτων
573 3510 630 3529 om.
653 3497 689 3529 B
717 3496 728 3538 ΙΙ
768 3498 805 3529 11
822 3508 869 3538 sq.
895 3492 986 3537 μετὰ
1009 3514 1051 3518 —
1074 3494 1240 3538 τελευτήν

164 3546 359 3579 om.Theocl.
377 3543 388 3586 ΙΙ
423 3545 461 3576 13
487 3538 662 3585 *ὑπάρχῳ
690 3542 762 3573 ML
785 3540 797 3584 Ι]
831 3543 869 3573 14
897 3535 1008 3572 attilas
1033 3541 1063 3572 L
1080 3542 1090 3580 ΙΙ
1125 3543 1164 3574 ’16
1195 3541 1238 3573 Τὸ

165 3587 313 3633 ῥευστὸν
336 3608 380 3614 —
406 3590 525 3629 254,1·2
552 3586 698 3630 ἰώμενοι
722 3600 778 3618 om.
799 3586 842 3626 Β,
868 3586 973 3628 suppl.
988 3581 1043 3617 ΒΣ
1074 3586 1085 3627 ΙΙ
1116 3588 1153 3619 17
1180 3589 1239 3618 καὶ

164 3637 237 3667 τοῖς
251 3634 318 3678 Mu
336 3631 488 3676 δεόμενα
504 3634 550 3665 Μ
562 3633 572 3672 ΙΙ
599 3636 636 3666 1⁸5
656 3630 856 3675 θεραπείαν
870 3631 899 3662 L
917 3630 927 3672 ΙΙ
954 3627 1068 3662 ἄλλως
1082 3629 1237 3671 ᾹΙΕΒΣΙ]

165 3677 300 3722 μᾶλλον
316 3676 391 3713 BE!
403 3678 414 3722 ΙΙ
433 3680 527 3720 ἔχειν
540 3676 588 3710 L2
604 3677 615 3721 ΙΙ
646 3679 684 3710 19
698 3674 764 3710 κᾶν
777 3676 807 3708 εἰ
822 3677 877 3715 M]
902 3671 969 3707 κᾶν
983 3674 1030 3708 εἰς
1050 3672 1139 3708 ΕΒΣ
1157 3676 1168 3720 ΙΙ
1187 3688 1239 3709 τις

166 3737 225 3761 oin.
239 3721 298 3761 ΒΣ
315 3724 327 3769 ΙΙ
353 3720 461 3757 αὐτοῦ
473 3725 526 3756 vel
545 3719 654 3755 αὐτὸν
667 3722 725 3763 L¹‚
751 3717 837 3754 αὐτὸ
854 3721 899 3753 L²
918 3721 929 3763 Η
947 3722 989 3755 20
1007 3722 1065 3752 καὶ
1079 3720 1133 3753 τῶ
1147 3720 1237 3754 κατὰ

1309 2776 1413 2817 μέρος
1438 2770 1538 2807 αὐτῶ
1565 2771 1848 2817 προςιστάμενον
1868 2774 1916 2807 L1
1941 2776 2000 2806 καὶ
2023 2772 2069 2807 τὰ
2093 2773 2185 2808 κατὰ
2207 2778 2312 2821 μέρος
2333 2773 2392 2809 αὖ·

1309 2819 1363 2852 τᾱὶ
1387 2817 1651 2864 προςιστάμενα
1675 2820 1724 2852 L²
1743 2820 1754 2861 Η
1771 2817 1862 2852 κατὰ
1886 2833 1942 2853 om.
1958 2816 2031 2852 ΒΣῐ
2046 2820 2058 2862 Η
2084 2816 2193 2853 αὐτοῦ
2219 2835 2275 2854 om.
2297 2819 2356 2855 ΒΣ
2382 2823 2393 2864 ἢ]

1310 2866 1348 2897 21
1376 2861 1476 2897 αὐτῶ
1500 2865 1548 2897 L¹
1575 2864 1586 2906 ΙΙ
1610 2863 1809 2906 καθισταίη
1832 2865 2032 2905 Zachariae]
2066 2863 2261 2909 καθιστῴη
2285 2867 2391 2908 (καθ-

1309 2909 1424 2942 ιστῶν
1447 2906 1528 2950 ΒΣί)
1555 2910 1631 2942 libri
1657 2911 1667 2950 ΙΙ
1693 2911 1734 2943 22
1760 2912 1819 2941 καὶ
1844 2906 1945 2953 νόμῳ
1972 2911 2124 2954 πρέπον]
2158 2914 2196 2943 ut
2219 2912 2287 2953 legi
2314 2923 2391 2944 con-

1309 2955 1444 2986 veniens
1466 2966 1484 2989 ς
1503 2953 1514 2997 Η
1537 2952 1712 2987 ἐπελθών
1725 2951 1799 2987 1322
1822 2952 1986 2996 ἐπελθὴν
2000 2955 2075 2999 L²11
2101 2957 2141 2989 25
2165 2956 2196 2988 εἰ
2216 2959 2275 2989 καὶ
2302 2954 2357 2990 ΒΣ

1308 2997 1388 3032 τοὺς
1412 3001 1686 3044 βαρυνομένους]
1712 3000 1782 3032 cius
1807 3001 1865 3041 qui
1885 3001 2097 3032 restitutione
2116 3002 2318 3042 gravabatur
2343 3013 2362 3038 ς
2389 2957 2393 3046 i

1309 3047 1350 3078 26
1375 3042 1496 3083 ‘sedwa
1511 3045 1574 3085 La)
1599 3044 1746 3089 πρᾶγμα
1762 3045 1807 3077 L¹
1840 3045 1893 3077 τῶ
1920 3043 2103 3098 πράγματι
2121 3046 2170 3078 L2
2188 3046 2200 3090 Η
2227 3040 2282 3088 ἧν]
2307 3059 2390 3090 μετ-

1308 3089 1351 3131 ῆν
1371 3090 1419 3122 L²
1442 3090 1454 3132 ss
1485 3091 1525 3122 27
1552 3087 1796 3122 κελευσθέντα
1821 3087 1865 3122 τὰ
1888 3101 2086 3135 πραγματα
2110 3089 2169 3123 ΒΣ

1358 3228 1370 3258 1
1392 3226 1460 3264 tua]
1480 3227 1571 3256 tuam
1590 3227 1622 3256 ct
1643 3225 1677 3257 V
1690 3224 1702 3268 ΙΙ
1730 3225 1977 3258 cexcellentiam
1999 3226 2050 3258 Va
2073 3225 2085 3268 Ι]
2109 3227 2127 3258 5
2146 3237 2196 3257 xv
2209 3226 2275 3258 kal.
2290 3238 2388 3260 marc.

1311 3271 1468 3310 TNeob.]
1502 3281 1525 3301 v
1549 3270 1614 3302 kal.
1636 3280 1734 3302 marc.
1759 3271 1792 3303 V
1814 3270 1826 3314 ΙΙ
1856 3271 2143 3312 constantinopoli
2165 3272 2199 3304 V
2223 3282 2293 3314 cap.
2321 3273 2352 3305 T
2379 3272 2392 3317 ΙΙ

1308 3315 1442 3346 biliario
1476 3315 1508 3347 V
1536 3315 1622 3346 bilis.
1652 3315 1795 3348 TNeob.
1820 3315 1832 3359 Ι]
1857 3316 1932 3348 uiro
1957 3315 2138 3348 clarissimo
2163 3317 2298 3349 consule
2323 3318 2355 3350 V
2378 3317 2390 3362 ΙΙ

1308 3363 1327 3394 6
1354 3360 1459 3392 XLI·
1480 3360 1516 3397 Po
1543 3361 1590 3391 De
1608 3360 1808 3392 rcstionibus
1834 3363 1866 3392 ct
1882 3371 1994 3393 earum
2020 3371 2103 3401 quae
2128 3362 2265 3403 pariunt
2286 3362 2387 3404 V(cf.

1309 3407 1354 3438 ad
1366 3408 1451 3438 rubr.
1466 3399 1537 3437 nov.
1553 3407 1665 3438 XXX
1673 3406 1717 3446 V)
1734 3405 1745 3450 ΙΙ
1773 3408 1792 3439 8
1807 3406 1992 3446 undecimo]
2010 3406 2062 3438 XI
2086 3407 2118 3439 V
2135 3407 2170 3438 in
2187 3406 2313 3440 decimo
2326 3407 2360 3440 R
2377 3406 2389 3452 Η

1312 3453 1349 3484 17
1364 3451 1568 3482 curationem
1583 3451 1615 3483 R
1632 3451 1642 3490 ΙΙ
1662 3450 1703 3482 ad
1725 3464 1782 3483 om.
1800 3451 1846 3484 V¹
1874 3451 1885 3493 11
1914 3453 1953 3483 18
1967 3452 2073 3492 prima
2088 3464 2144 3483 om.
2157 3453 2203 3484 [ἰΙ
2227 3452 2239 3495 ΙΙ
2262 3453 2387 3494 princi-

1306 3497 1362 3537 pia
1380 3495 1609 3536 gubernentur
1622 3495 1655 3528 R
1674 3496 1685 3537 Η
1714 3498 1751 3529 19
1766 3496 1865 3537 quod]
1885 3496 1923 3527 de
1936 3496 1985 3528 R¹
2011 3496 2143 3537 quidem
2156 3496 2207 3529 R²
2225 3499 2236 3539 Η
2253 3500 2292 3531 21
2309 3509 2387 3531 oon-

1308 3540 1453 3580 veniens]
1484 3543 1531 3572 est
1556 3542 1633 3574 aad.
1659 3541 1708 3573 R2
1719 3541 1767 3574 V³
1797 3541 1807 3584 ΙΙ
1837 3543 1876 3574 22
1903 3541 2036 3582 quidam
2061 3541 2095 3574 R
2121 3541 2133 3585 ΙΙ
2162 3542 2272 3584 etiam]
2298 3543 2386 3575 enim

1307 3587 1406 3618 etiam
1426 3586 1473 3617 Ra
1490 3585 1501 3628 ΙΙ
1529 3587 1570 3618 23
1591 3586 1678 3618 enim
1700 3587 1778 3627 quia
1804 3600 1859 3618 om.
1886 3587 1940 3628 Vll
1963 3587 2074 3627 etiam]
2099 3587 2187 3628 quod
2204 3590 2280 3620 add.
2305 3589 2354 3621 V³
2377 3587 2389 3632 ΙΙ

1308 3633 1348 3664 25
1375 3631 1457 3671 eius]
1483 3641 1535 3663 eas
1561 3631 1630 3663 eius
1653 3631 1705 3663 Ra
1732 3633 1743 3674 ΙΙ
1774 3632 2018 3663 restitutionem
2042 3632 2092 3664 R¹
2117 3631 2130 3677 ss
2155 3634 2386 3674 ‘grauabantur

1309 3676 1355 3708 ΗΞ
1366 3676 1409 3709 T¹
1425 3676 1436 3719 Η
1463 3678 1504 3710 26
1521 3677 1773 3719 contemptionis
1787 3677 1820 3709 R
1837 3677 1847 3719 ΙΙ
1873 3678 1912 3709 27
1928 3676 2114 3718 periculum
2129 3696 2168 3702 —
2185 3680 2261 3720 254,
2274 3687 2300 3713 11
2315 3689 2383 3712 mo-

1307 3721 1355 3753 dis
1380 3721 1532 3754 omnibus
1555 3735 1615 3755 scr.
1638 3722 1685 3754 122
1710 3723 1740 3755 in
1767 3735 1831 3755 ras.
1852 3725 1867 3756 7
1894 3733 2042 3756 versuum
