<?xml version="1.0" encoding="UTF-8"?>
<!DOCTYPE html PUBLIC "-//W3C//DTD XHTML 1.0 Transitional//EN"
    "http://www.w3.org/TR/xhtml1/DTD/xhtml1-transitional.dtd">
<html xmlns="http://www.w3.org/1999/xhtml" xml:lang="en" lang="en">
 <head>
  <title>
</title>
<meta http-equiv="Content-Type" content="text/html;charset=utf-8" />
  <meta name='ocr-system' content='tesseract 3.04.00' />
  <meta name='ocr-capabilities' content='ocr_page ocr_carea ocr_par ocr_line ocrx_word'/>
</head>
<body>
  <div class='ocr_page' id='page_1' title='image "./corpusiuriscivil03krueuoft_0544.png"; bbox 0 0 2586 3990; ppageno 0'>
   <div class='ocr_carea' id='block_1_1' title="bbox 247 138 662 192">
    <p class='ocr_par' dir='ltr' id='par_1_1' title="bbox 247 138 662 192">
     <span class='ocr_line' id='line_1_1' title="bbox 247 138 662 192; baseline -0.005 -11"><span class='ocrx_word' id='word_1_1' title='bbox 247 139 354 183; x_wconf 85' lang='lat' dir='ltr'><strong>Nov.</strong></span> <span class='ocrx_word' id='word_1_2' title='bbox 385 138 520 181; x_wconf 83' lang='lat' dir='ltr'>CVIII</span> <span class='ocrx_word' id='word_1_3' title='bbox 550 151 611 192; x_wconf 86' lang='lat' dir='ltr'><strong>pr.</strong></span> <span class='ocrx_word' id='word_1_4' title='bbox 644 140 662 178; x_wconf 93' lang='lat'>1</span> 
     </span>
    </p>
   </div>
   <div class='ocr_carea' id='block_1_2' title="bbox 243 242 1321 436">
    <p class='ocr_par' dir='ltr' id='par_1_2' title="bbox 243 242 1321 436">
     <span class='ocr_line' id='line_1_2' title="bbox 245 242 1318 292; baseline -0.002 -10"><span class='ocrx_word' id='word_1_5' title='bbox 245 250 356 291; x_wconf 83' lang='grc' dir='ltr'><strong><em>νόμου</em></strong></span> <span class='ocrx_word' id='word_1_6' title='bbox 380 244 625 292; x_wconf 75' lang='grc' dir='ltr'><strong><em>ὀφειλομένων</em></strong></span> <span class='ocrx_word' id='word_1_7' title='bbox 657 243 758 288; x_wconf 77' lang='grc' dir='ltr'><strong><em>αὐτῷ</em></strong></span> <span class='ocrx_word' id='word_1_8' title='bbox 789 247 828 280; x_wconf 77' lang='grc' dir='ltr'><strong>ἐκ</strong></span> <span class='ocrx_word' id='word_1_9' title='bbox 855 247 935 280; x_wconf 82' lang='grc' dir='ltr'><strong>τῶν</strong></span> <span class='ocrx_word' id='word_1_10' title='bbox 958 243 1048 291; x_wconf 74' lang='grc' dir='ltr'><strong><em>παρ’</em></strong></span> <span class='ocrx_word' id='word_1_11' title='bbox 1075 242 1186 280; x_wconf 81' lang='grc' dir='ltr'><strong><em>αὐτοῦ</em></strong></span> <span class='ocrx_word' id='word_1_12' title='bbox 1209 259 1318 281; x_wconf 82' lang='grc' dir='ltr'><strong><em>κατα-</em></strong></span> 
     </span>
     <span class='ocr_line' id='line_1_3' title="bbox 244 288 1320 337; baseline -0.001 -11"><span class='ocrx_word' id='word_1_13' title='bbox 244 292 524 335; x_wconf 75' lang='grc' dir='ltr'><strong><em>λιμπανομένων</em></strong></span> <span class='ocrx_word' id='word_1_14' title='bbox 563 288 664 333; x_wconf 75' lang='grc' dir='ltr'><strong><em>αὐτῷ</em></strong></span> <span class='ocrx_word' id='word_1_15' title='bbox 698 290 925 337; x_wconf 79' lang='grc' dir='ltr'><strong><em>πραγμάτων</em></strong></span> <span class='ocrx_word' id='word_1_16' title='bbox 964 290 1011 324; x_wconf 81' lang='grc' dir='ltr'><strong>τὰ</strong></span> <span class='ocrx_word' id='word_1_17' title='bbox 1047 289 1157 325; x_wconf 80' lang='grc' dir='ltr'><strong><em>λοιπὰ</em></strong></span> <span class='ocrx_word' id='word_1_18' title='bbox 1196 290 1320 326; x_wconf 80' lang='grc' dir='ltr'><strong><em>πάντα</em></strong></span> 
     </span>
     <span class='ocr_line' id='line_1_4' title="bbox 245 331 1319 383; baseline 0.002 -15"><span class='ocrx_word' id='word_1_19' title='bbox 245 334 440 383; x_wconf 80' lang='grc' dir='ltr'><strong><em>πράγματα</em></strong></span> <span class='ocrx_word' id='word_1_20' title='bbox 455 339 515 368; x_wconf 83' lang='grc' dir='ltr'><strong>καὶ</strong></span> <span class='ocrx_word' id='word_1_21' title='bbox 531 333 669 377; x_wconf 89' lang='grc' dir='ltr'><strong><em>δίκαια,</em></strong></span> <span class='ocrx_word' id='word_1_22' title='bbox 693 331 764 369; x_wconf 75' lang='grc' dir='ltr'><strong>ὅσα</strong></span> <span class='ocrx_word' id='word_1_23' title='bbox 781 333 872 381; x_wconf 85' lang='grc' dir='ltr'><strong><em>παρ’</em></strong></span> <span class='ocrx_word' id='word_1_24' title='bbox 892 332 991 378; x_wconf 79' lang='grc' dir='ltr'><strong><em>αὐτῷ</em></strong></span> <span class='ocrx_word' id='word_1_25' title='bbox 1012 337 1052 369; x_wconf 80' lang='grc' dir='ltr'><strong>ἐν</strong></span> <span class='ocrx_word' id='word_1_26' title='bbox 1071 337 1185 380; x_wconf 86' lang='grc' dir='ltr'><strong><em>καιρῷ</em></strong></span> <span class='ocrx_word' id='word_1_27' title='bbox 1203 335 1319 370; x_wconf 81' lang='grc' dir='ltr'><strong><em>τελευ-</em></strong></span> 
     </span>
     <span class='ocr_line' id='line_1_5' title="bbox 243 377 1321 436; baseline -0.001 -21"><span class='ocrx_word' id='word_1_28' title='bbox 243 383 306 436; x_wconf 69' lang='grc' dir='ltr'><strong><em>τῗζς</em></strong></span> <span class='ocrx_word' id='word_1_29' title='bbox 337 377 520 434; x_wconf 75' lang='grc' dir='ltr'><strong><em>εὑρεθείη,</em></strong></span> <span class='ocrx_word' id='word_1_30' title='bbox 552 380 724 435; x_wconf 49' lang='grc' dir='ltr'><strong><em>ἔργεσθαι</em></strong></span> <span class='ocrx_word' id='word_1_31' title='bbox 756 383 815 415; x_wconf 73' lang='grc' dir='ltr'><strong>καὶ</strong></span> <span class='ocrx_word' id='word_1_32' title='bbox 846 377 1178 415; x_wconf 80' lang='grc' dir='ltr'><strong><em>ἀποκαθίστασθαι</em></strong></span> <span class='ocrx_word' id='word_1_33' title='bbox 1203 382 1257 424; x_wconf 80' lang='grc' dir='ltr'><strong>τῷ</strong></span> <span class='ocrx_word' id='word_1_34' title='bbox 1282 381 1321 422; x_wconf 68' lang='grc' dir='ltr'><strong>ἐξ</strong></span> 
     </span>
    </p>
   </div>
   <div class='ocr_carea' id='block_1_3' title="bbox 1316 133 1398 180">
    <p class='ocr_par' dir='ltr' id='par_1_3' title="bbox 1316 133 1398 180">
     <span class='ocr_line' id='line_1_6' title="bbox 1316 133 1398 180; baseline 0 0"><span class='ocrx_word' id='word_1_35' title='bbox 1316 133 1398 180; x_wconf 83' lang='grc'><strong>514</strong></span> 
     </span>
    </p>
   </div>
   <div class='ocr_carea' id='block_1_4' title="bbox 1977 142 2460 182">
    <p class='ocr_par' dir='ltr' id='par_1_4' title="bbox 1977 142 2460 182">
     <span class='ocr_line' id='line_1_7' title="bbox 1977 142 2460 182; baseline 0.004 -2"><span class='ocrx_word' id='word_1_36' title='bbox 1977 151 2038 180; x_wconf 75' lang='lat' dir='ltr'><strong>nn</strong></span> <span class='ocrx_word' id='word_1_37' title='bbox 2065 142 2460 182; x_wconf 67' lang='lat' dir='ltr'><strong>unsn&#39;rn&#39;nonmns</strong></span> 
     </span>
    </p>
   </div>
   <div class='ocr_carea' id='block_1_5' title="bbox 1386 245 2459 427">
    <p class='ocr_par' dir='ltr' id='par_1_5' title="bbox 1386 245 2459 427">
     <span class='ocr_line' id='line_1_8' title="bbox 1386 245 2455 297; baseline 0.003 -17"><span class='ocrx_word' id='word_1_38' title='bbox 1386 257 1430 281; x_wconf 86' lang='lat' dir='ltr'><strong>ex</strong></span> <span class='ocrx_word' id='word_1_39' title='bbox 1454 245 1504 280; x_wconf 88' lang='lat' dir='ltr'><strong>eis</strong></span> <span class='ocrx_word' id='word_1_40' title='bbox 1535 255 1626 289; x_wconf 86' lang='lat' dir='ltr'><strong>quae</strong></span> <span class='ocrx_word' id='word_1_41' title='bbox 1649 246 1695 297; x_wconf 78' lang='lat' dir='ltr'><strong>ab</strong></span> <span class='ocrx_word' id='word_1_42' title='bbox 1718 256 1763 282; x_wconf 88' lang='lat' dir='ltr'><strong>eo</strong></span> <span class='ocrx_word' id='word_1_43' title='bbox 1785 247 2075 296; x_wconf 74' lang='lat' dir='ltr'><strong>relinquebantur</strong></span> <span class='ocrx_word' id='word_1_44' title='bbox 2097 249 2129 283; x_wconf 89' lang='lat' dir='ltr'><strong>ei</strong></span> <span class='ocrx_word' id='word_1_45' title='bbox 2160 248 2268 283; x_wconf 88' lang='lat' dir='ltr'><strong>rebus</strong></span> <span class='ocrx_word' id='word_1_46' title='bbox 2301 247 2455 292; x_wconf 89' lang='lat' dir='ltr'><strong>reliquas</strong></span> 
     </span>
     <span class='ocr_line' id='line_1_9' title="bbox 1388 292 2457 342; baseline 0.001 -16"><span class='ocrx_word' id='word_1_47' title='bbox 1388 300 1509 326; x_wconf 83' lang='lat' dir='ltr'><strong>omnes</strong></span> <span class='ocrx_word' id='word_1_48' title='bbox 1532 294 1656 342; x_wconf 46' lang='lat' dir='ltr'><strong>res-et</strong></span> <span class='ocrx_word' id='word_1_49' title='bbox 1678 299 1775 332; x_wconf 76' lang='lat' dir='ltr'><strong>iura,</strong></span> <span class='ocrx_word' id='word_1_50' title='bbox 1805 301 2047 339; x_wconf 75' lang='lat' dir='ltr'><strong>quaecumque</strong></span> <span class='ocrx_word' id='word_1_51' title='bbox 2076 293 2172 339; x_wconf 89' lang='lat' dir='ltr'><strong>apud</strong></span> <span class='ocrx_word' id='word_1_52' title='bbox 2200 303 2279 327; x_wconf 87' lang='lat' dir='ltr'><strong>eum</strong></span> <span class='ocrx_word' id='word_1_53' title='bbox 2311 292 2346 327; x_wconf 87' lang='lat' dir='ltr'><strong>in</strong></span> <span class='ocrx_word' id='word_1_54' title='bbox 2369 295 2457 328; x_wconf 88' lang='lat' dir='ltr'><strong>tem-</strong></span> 
     </span>
     <span class='ocr_line' id='line_1_10' title="bbox 1387 335 2459 380; baseline 0.002 -10"><span class='ocrx_word' id='word_1_55' title='bbox 1387 344 1475 380; x_wconf 84' lang='lat' dir='ltr'><strong>pore</strong></span> <span class='ocrx_word' id='word_1_56' title='bbox 1505 337 1628 370; x_wconf 81' lang='lat' dir='ltr'><strong>mortis</strong></span> <span class='ocrx_word' id='word_1_57' title='bbox 1658 335 1910 380; x_wconf 80' lang='lat' dir='ltr'><strong>invenirentur,</strong></span> <span class='ocrx_word' id='word_1_58' title='bbox 1940 338 2060 374; x_wconf 80' lang='lat' dir='ltr'><strong>venire</strong></span> <span class='ocrx_word' id='word_1_59' title='bbox 2088 343 2125 374; x_wconf 91' lang='lat' dir='ltr'><strong>et</strong></span> <span class='ocrx_word' id='word_1_60' title='bbox 2157 337 2299 373; x_wconf 88' lang='lat' dir='ltr'><strong>restitui</strong></span> <span class='ocrx_word' id='word_1_61' title='bbox 2329 347 2374 372; x_wconf 82' lang='lat' dir='ltr'><strong>ex</strong></span> <span class='ocrx_word' id='word_1_62' title='bbox 2401 337 2459 372; x_wconf 85' lang='lat' dir='ltr'><strong>his</strong></span> 
     </span>
     <span class='ocr_line' id='line_1_11' title="bbox 1389 379 2459 427; baseline 0.003 -12"><span class='ocrx_word' id='word_1_63' title='bbox 1389 379 1582 424; x_wconf 79' lang='lat' dir='ltr'><strong>superstiti,</strong></span> <span class='ocrx_word' id='word_1_64' title='bbox 1606 381 1671 415; x_wconf 87' lang='lat' dir='ltr'><strong>aut</strong></span> <span class='ocrx_word' id='word_1_65' title='bbox 1687 379 1764 416; x_wconf 85' lang='lat' dir='ltr'><strong>eius</strong></span> <span class='ocrx_word' id='word_1_66' title='bbox 1787 379 1869 416; x_wconf 85' lang='lat' dir='ltr'><strong>filiis</strong></span> <span class='ocrx_word' id='word_1_67' title='bbox 1892 381 1925 417; x_wconf 89' lang='lat' dir='ltr'><strong>si</strong></span> <span class='ocrx_word' id='word_1_68' title='bbox 1942 381 2019 427; x_wconf 82' lang='lat' dir='ltr'><strong>ipse</strong></span> <span class='ocrx_word' id='word_1_69' title='bbox 2035 387 2243 425; x_wconf 87' lang='lat' dir='ltr'><strong>moreretur,</strong></span> <span class='ocrx_word' id='word_1_70' title='bbox 2268 381 2364 417; x_wconf 90' lang='lat' dir='ltr'><strong>omni</strong></span> <span class='ocrx_word' id='word_1_71' title='bbox 2383 391 2459 418; x_wconf 84' lang='lat' dir='ltr'><strong>ces-</strong></span> 
     </span>
    </p>
   </div>
   <div class='ocr_carea' id='block_1_6' title="bbox 244 423 2461 479">
    <p class='ocr_par' dir='ltr' id='par_1_6' title="bbox 244 423 2461 479">
     <span class='ocr_line' id='line_1_12' title="bbox 244 423 2461 479; baseline 0.002 -21"><span class='ocrx_word' id='word_1_72' title='bbox 244 438 367 459; x_wconf 81' lang='grc' dir='ltr'><strong><em>αυτων</em></strong></span> <span class='ocrx_word' id='word_1_73' title='bbox 391 437 557 470; x_wconf 85' lang='grc' dir='ltr'><strong><em>περιοντι</em></strong></span> <span class='ocrx_word' id='word_1_74' title='bbox 579 439 602 468; x_wconf 88' lang='grc' dir='ltr'><strong><em>η</em></strong></span> <span class='ocrx_word' id='word_1_75' title='bbox 623 429 697 459; x_wconf 87' lang='grc' dir='ltr'><strong><em>τοῖς</em></strong></span> <span class='ocrx_word' id='word_1_76' title='bbox 719 423 830 459; x_wconf 77' lang='grc' dir='ltr'><strong><em>αὐτοῦ</em></strong></span> <span class='ocrx_word' id='word_1_77' title='bbox 854 428 993 479; x_wconf 71' lang='grc' dir='ltr'><strong><em>παισίν,</em></strong></span> <span class='ocrx_word' id='word_1_78' title='bbox 1017 425 1053 459; x_wconf 84' lang='grc' dir='ltr'><strong>εἴ</strong></span> <span class='ocrx_word' id='word_1_79' title='bbox 1072 438 1112 469; x_wconf 84' lang='grc' dir='ltr'><strong>γε</strong></span> <span class='ocrx_word' id='word_1_80' title='bbox 1135 423 1244 460; x_wconf 75' lang='grc' dir='ltr'><strong><em>αὐτὸς</em></strong></span> <span class='ocrx_word' id='word_1_81' title='bbox 1264 439 1320 461; x_wconf 81' lang='grc' dir='ltr'><strong>τε·</strong></span> <span class='ocrx_word' id='word_1_82' title='bbox 1356 429 1375 460; x_wconf 84' lang='grc'>5</span> <span class='ocrx_word' id='word_1_83' title='bbox 1390 427 1492 460; x_wconf 79' lang='lat' dir='ltr'><strong>sante</strong></span> <span class='ocrx_word' id='word_1_84' title='bbox 1525 425 1620 460; x_wconf 79' lang='lat' dir='ltr'><strong>inter</strong></span> <span class='ocrx_word' id='word_1_85' title='bbox 1650 434 1712 460; x_wconf 82' lang='lat' dir='ltr'><strong>eos</strong></span> <span class='ocrx_word' id='word_1_86' title='bbox 1744 427 1892 470; x_wconf 75' lang='lat' dir='ltr'><strong>propter</strong></span> <span class='ocrx_word' id='word_1_87' title='bbox 1919 432 2145 464; x_wconf 68' lang='lat' dir='ltr'><strong>memoratam</strong></span> <span class='ocrx_word' id='word_1_88' title='bbox 2174 427 2461 464; x_wconf 79' lang='lat' dir='ltr'><strong>substitutionem</strong></span> 
     </span>
    </p>
   </div>
   <div class='ocr_carea' id='block_1_7' title="bbox 242 467 1322 659">
    <p class='ocr_par' dir='ltr' id='par_1_7' title="bbox 242 467 1322 659">
     <span class='ocr_line' id='line_1_13' title="bbox 244 467 1320 516; baseline 0.001 -13"><span class='ocrx_word' id='word_1_89' title='bbox 244 470 438 512; x_wconf 79' lang='grc' dir='ltr'><strong><em>λευτήσειε,</em></strong></span> <span class='ocrx_word' id='word_1_90' title='bbox 458 471 575 512; x_wconf 81' lang='grc' dir='ltr'><em>πάσης</em></span> <span class='ocrx_word' id='word_1_91' title='bbox 590 467 763 516; x_wconf 82' lang='grc' dir='ltr'><strong><em>ἄργούσης</em></strong></span> <span class='ocrx_word' id='word_1_92' title='bbox 777 470 913 514; x_wconf 81' lang='grc' dir='ltr'><strong><em>μεταξὺ</em></strong></span> <span class='ocrx_word' id='word_1_93' title='bbox 931 472 1054 504; x_wconf 85' lang='grc' dir='ltr'><strong><em>αυτῶν</em></strong></span> <span class='ocrx_word' id='word_1_94' title='bbox 1070 468 1130 504; x_wconf 82' lang='grc' dir='ltr'><strong><em>διὰ</em></strong></span> <span class='ocrx_word' id='word_1_95' title='bbox 1147 470 1216 514; x_wconf 85' lang='grc' dir='ltr'><strong>τὴν</strong></span> <span class='ocrx_word' id='word_1_96' title='bbox 1229 471 1320 516; x_wconf 81' lang='grc' dir='ltr'><strong><em>εἰρη-</em></strong></span> 
     </span>
     <span class='ocr_line' id='line_1_14' title="bbox 242 511 1321 561; baseline 0 -12"><span class='ocrx_word' id='word_1_97' title='bbox 242 518 355 559; x_wconf 75' lang='grc' dir='ltr'><strong><em>μένην</em></strong></span> <span class='ocrx_word' id='word_1_98' title='bbox 379 512 679 549; x_wconf 78' lang='grc' dir='ltr'><strong><em>ἀποκατάστασιν</em></strong></span> <span class='ocrx_word' id='word_1_99' title='bbox 703 511 897 560; x_wconf 74' lang='grc' dir='ltr'><strong><em>ἀσφαλείας</em></strong></span> <span class='ocrx_word' id='word_1_100' title='bbox 926 528 967 549; x_wconf 82' lang='grc' dir='ltr'><strong>τε</strong></span> <span class='ocrx_word' id='word_1_101' title='bbox 998 518 1059 549; x_wconf 79' lang='grc' dir='ltr'><strong>καὶ</strong></span> <span class='ocrx_word' id='word_1_102' title='bbox 1081 513 1214 561; x_wconf 80' lang='grc' dir='ltr'><strong><em>ἐγγύης.</em></strong></span> <span class='ocrx_word' id='word_1_103' title='bbox 1261 518 1321 550; x_wconf 77' lang='grc' dir='ltr'><strong><em>ἐπὶ</em></strong></span> 
     </span>
     <span class='ocr_line' id='line_1_15' title="bbox 243 557 1322 604; baseline 0.002 -11"><span class='ocrx_word' id='word_1_104' title='bbox 243 559 382 594; x_wconf 78' lang='grc' dir='ltr'><strong><em>τούτοις</em></strong></span> <span class='ocrx_word' id='word_1_105' title='bbox 411 557 522 594; x_wconf 75' lang='grc' dir='ltr'><strong><em>αὐτοῦ</em></strong></span> <span class='ocrx_word' id='word_1_106' title='bbox 550 559 845 603; x_wconf 79' lang='grc' dir='ltr'><strong><em>τελευτήσαντος,</em></strong></span> <span class='ocrx_word' id='word_1_107' title='bbox 876 563 935 593; x_wconf 85' lang='grc' dir='ltr'><strong>καὶ</strong></span> <span class='ocrx_word' id='word_1_108' title='bbox 965 562 1031 594; x_wconf 86' lang='grc' dir='ltr'><strong>τοῦ</strong></span> <span class='ocrx_word' id='word_1_109' title='bbox 1052 562 1121 604; x_wconf 77' lang='grc' dir='ltr'><strong>μὲν</strong></span> <span class='ocrx_word' id='word_1_110' title='bbox 1142 560 1223 594; x_wconf 79' lang='grc' dir='ltr'><strong><em>ἑνὸς</em></strong></span> <span class='ocrx_word' id='word_1_111' title='bbox 1243 562 1322 595; x_wconf 83' lang='grc' dir='ltr'><strong>τῶν</strong></span> 
     </span>
     <span class='ocr_line' id='line_1_16' title="bbox 244 601 1322 659; baseline 0.001 -21"><span class='ocrx_word' id='word_1_112' title='bbox 244 601 356 638; x_wconf 77' lang='grc' dir='ltr'><strong><em>αὐτοῦ</em></strong></span> <span class='ocrx_word' id='word_1_113' title='bbox 378 603 524 639; x_wconf 80' lang='grc' dir='ltr'><strong><em>παίδων</em></strong></span> <span class='ocrx_word' id='word_1_114' title='bbox 544 608 603 638; x_wconf 86' lang='grc' dir='ltr'><strong>καὶ</strong></span> <span class='ocrx_word' id='word_1_115' title='bbox 620 604 854 659; x_wconf 63' lang='grc' dir='ltr'><strong><em>κληρονόμων</em></strong></span> <span class='ocrx_word' id='word_1_116' title='bbox 874 603 1006 639; x_wconf 86' lang='grc' dir='ltr'><strong><em>παῖδας</em></strong></span> <span class='ocrx_word' id='word_1_117' title='bbox 1025 607 1176 659; x_wconf 53' lang='grc' dir='ltr'><strong><em>ἔχοντος,</em></strong></span> <span class='ocrx_word' id='word_1_118' title='bbox 1200 606 1264 639; x_wconf 76' lang='grc' dir='ltr'><strong>τοῦ</strong></span> <span class='ocrx_word' id='word_1_119' title='bbox 1281 603 1322 639; x_wconf 70' lang='grc' dir='ltr'><strong>δὲ</strong></span> 
     </span>
    </p>
   </div>
   <div class='ocr_carea' id='block_1_8' title="bbox 1390 469 2461 651">
    <p class='ocr_par' dir='ltr' id='par_1_8' title="bbox 1390 469 2461 651">
     <span class='ocr_line' id='line_1_17' title="bbox 1390 469 2460 509; baseline 0.003 -5"><span class='ocrx_word' id='word_1_120' title='bbox 1390 469 1557 505; x_wconf 79' lang='lat' dir='ltr'><strong>cautione</strong></span> <span class='ocrx_word' id='word_1_121' title='bbox 1579 472 1617 505; x_wconf 89' lang='lat' dir='ltr'><strong>et</strong></span> <span class='ocrx_word' id='word_1_122' title='bbox 1638 469 1877 506; x_wconf 84' lang='lat' dir='ltr'><strong>fideiussione.</strong></span> <span class='ocrx_word' id='word_1_123' title='bbox 1923 470 1967 506; x_wconf 86' lang='lat' dir='ltr'><strong>Iu</strong></span> <span class='ocrx_word' id='word_1_124' title='bbox 1988 471 2043 507; x_wconf 89' lang='lat' dir='ltr'><strong>his</strong></span> <span class='ocrx_word' id='word_1_125' title='bbox 2065 483 2108 508; x_wconf 93' lang='lat' dir='ltr'><strong>eo</strong></span> <span class='ocrx_word' id='word_1_126' title='bbox 2131 473 2302 509; x_wconf 86' lang='lat' dir='ltr'><strong>moriente</strong></span> <span class='ocrx_word' id='word_1_127' title='bbox 2331 476 2367 507; x_wconf 91' lang='lat' dir='ltr'><strong>et</strong></span> <span class='ocrx_word' id='word_1_128' title='bbox 2390 482 2460 507; x_wconf 90' lang='lat' dir='ltr'><strong>uno</strong></span> 
     </span>
     <span class='ocr_line' id='line_1_18' title="bbox 1390 513 2460 560; baseline 0.003 -11"><span class='ocrx_word' id='word_1_129' title='bbox 1390 513 1531 559; x_wconf 89' lang='lat' dir='ltr'><strong>quidem</strong></span> <span class='ocrx_word' id='word_1_130' title='bbox 1554 514 1630 550; x_wconf 87' lang='lat' dir='ltr'><strong>eius</strong></span> <span class='ocrx_word' id='word_1_131' title='bbox 1653 514 1806 550; x_wconf 87' lang='lat' dir='ltr'><strong>filiorum</strong></span> <span class='ocrx_word' id='word_1_132' title='bbox 1830 517 1866 550; x_wconf 89' lang='lat' dir='ltr'><strong>et</strong></span> <span class='ocrx_word' id='word_1_133' title='bbox 1887 515 2057 552; x_wconf 87' lang='lat' dir='ltr'><strong>heredum</strong></span> <span class='ocrx_word' id='word_1_134' title='bbox 2078 517 2170 554; x_wconf 87' lang='lat' dir='ltr'><strong>filios</strong></span> <span class='ocrx_word' id='word_1_135' title='bbox 2193 518 2358 560; x_wconf 83' lang='lat' dir='ltr'><strong>habente,</strong></span> <span class='ocrx_word' id='word_1_136' title='bbox 2388 516 2460 552; x_wconf 88' lang='lat' dir='ltr'><strong>alio</strong></span> 
     </span>
     <span class='ocr_line' id='line_1_19' title="bbox 1390 559 2461 608; baseline 0.004 -14"><span class='ocrx_word' id='word_1_137' title='bbox 1390 569 1472 595; x_wconf 87' lang='lat' dir='ltr'><strong>vero</strong></span> <span class='ocrx_word' id='word_1_138' title='bbox 1495 564 1660 595; x_wconf 83' lang='lat' dir='ltr'><strong>manente</strong></span> <span class='ocrx_word' id='word_1_139' title='bbox 1683 560 1761 595; x_wconf 87' lang='lat' dir='ltr'><strong>sine</strong></span> <span class='ocrx_word' id='word_1_140' title='bbox 1783 559 1882 604; x_wconf 85' lang='lat' dir='ltr'><strong>filiis,</strong></span> <span class='ocrx_word' id='word_1_141' title='bbox 1906 560 2071 606; x_wconf 75' lang='lat' dir='ltr'><strong>prohibet</strong></span> <span class='ocrx_word' id='word_1_142' title='bbox 2093 571 2173 598; x_wconf 89' lang='lat' dir='ltr'><strong>eum</strong></span> <span class='ocrx_word' id='word_1_143' title='bbox 2195 563 2256 608; x_wconf 89' lang='lat' dir='ltr'><strong>qui</strong></span> <span class='ocrx_word' id='word_1_144' title='bbox 2279 562 2354 598; x_wconf 87' lang='lat' dir='ltr'><strong>sine</strong></span> <span class='ocrx_word' id='word_1_145' title='bbox 2378 561 2461 597; x_wconf 87' lang='lat' dir='ltr'><strong>filiis</strong></span> 
     </span>
     <span class='ocr_line' id='line_1_20' title="bbox 1390 604 2460 651; baseline 0.002 -12"><span class='ocrx_word' id='word_1_146' title='bbox 1390 607 1446 639; x_wconf 86' lang='lat' dir='ltr'><strong>est</strong></span> <span class='ocrx_word' id='word_1_147' title='bbox 1467 604 1498 640; x_wconf 89' lang='lat' dir='ltr'><strong>is</strong></span> <span class='ocrx_word' id='word_1_148' title='bbox 1521 605 1581 649; x_wconf 89' lang='lat' dir='ltr'><strong>qui</strong></span> <span class='ocrx_word' id='word_1_149' title='bbox 1603 604 1696 640; x_wconf 88' lang='lat' dir='ltr'><strong>filios</strong></span> <span class='ocrx_word' id='word_1_150' title='bbox 1720 605 1827 640; x_wconf 88' lang='lat' dir='ltr'><strong>habet</strong></span> <span class='ocrx_word' id='word_1_151' title='bbox 1857 605 1911 640; x_wconf 89' lang='lat' dir='ltr'><strong>uti</strong></span> <span class='ocrx_word' id='word_1_152' title='bbox 1933 605 2040 641; x_wconf 87' lang='lat' dir='ltr'><strong>rebus</strong></span> <span class='ocrx_word' id='word_1_153' title='bbox 2067 610 2192 651; x_wconf 78' lang='lat' dir='ltr'><strong>utpote</strong></span> <span class='ocrx_word' id='word_1_154' title='bbox 2213 617 2274 643; x_wconf 85' lang='lat' dir='ltr'><strong>eas</strong></span> <span class='ocrx_word' id='word_1_155' title='bbox 2298 607 2460 643; x_wconf 89' lang='lat' dir='ltr'><strong>deteren-</strong></span> 
     </span>
    </p>
   </div>
   <div class='ocr_carea' id='block_1_9' title="bbox 242 647 2461 698">
    <p class='ocr_par' dir='ltr' id='par_1_9' title="bbox 242 647 2461 698">
     <span class='ocr_line' id='line_1_21' title="bbox 242 647 2461 698; baseline 0.002 -16"><span class='ocrx_word' id='word_1_156' title='bbox 242 653 431 693; x_wconf 70' lang='grc' dir='ltr'><strong><em>μείναντος</em></strong></span> <span class='ocrx_word' id='word_1_157' title='bbox 453 647 624 691; x_wconf 79' lang='grc' dir='ltr'><strong><em>ἇπαιδος,</em></strong></span> <span class='ocrx_word' id='word_1_158' title='bbox 648 649 777 684; x_wconf 83' lang='grc' dir='ltr'><strong><em>κωλύει</em></strong></span> <span class='ocrx_word' id='word_1_159' title='bbox 793 663 861 684; x_wconf 92' lang='grc' dir='ltr'><strong>τον</strong></span> <span class='ocrx_word' id='word_1_160' title='bbox 877 647 1017 684; x_wconf 78' lang='grc' dir='ltr'><strong><em>ἄπαιδα</em></strong></span> <span class='ocrx_word' id='word_1_161' title='bbox 1041 663 1060 683; x_wconf 93' lang='grc' dir='ltr'><strong>ο</strong></span> <span class='ocrx_word' id='word_1_162' title='bbox 1086 651 1168 684; x_wconf 84' lang='grc' dir='ltr'><strong><em>τοὺς</em></strong></span> <span class='ocrx_word' id='word_1_163' title='bbox 1190 648 1321 684; x_wconf 81' lang='grc' dir='ltr'><strong><em>παῖδας</em></strong></span> <span class='ocrx_word' id='word_1_164' title='bbox 1338 654 1376 685; x_wconf 91' lang='grc'><strong>10</strong></span> <span class='ocrx_word' id='word_1_165' title='bbox 1390 653 1477 691; x_wconf 86' lang='lat' dir='ltr'><strong>tem,</strong></span> <span class='ocrx_word' id='word_1_166' title='bbox 1509 654 1548 684; x_wconf 75' lang='lat' dir='ltr'><strong>at</strong></span> <span class='ocrx_word' id='word_1_167' title='bbox 1570 649 1630 685; x_wconf 80' lang='lat' dir='ltr'><strong>ille</strong></span> <span class='ocrx_word' id='word_1_168' title='bbox 1656 653 1758 685; x_wconf 78' lang='lat' dir='ltr'><strong>utens</strong></span> <span class='ocrx_word' id='word_1_169' title='bbox 1789 649 1904 685; x_wconf 81' lang='lat' dir='ltr'><strong>verbis</strong></span> <span class='ocrx_word' id='word_1_170' title='bbox 1928 651 2148 694; x_wconf 76' lang='lat' dir='ltr'><strong>testamenti,</strong></span> <span class='ocrx_word' id='word_1_171' title='bbox 2179 652 2262 696; x_wconf 70' lang='lat' dir='ltr'><strong>quia</strong></span> <span class='ocrx_word' id='word_1_172' title='bbox 2292 651 2461 698; x_wconf 81' lang='lat' dir='ltr'><strong>quiequid</strong></span> 
     </span>
    </p>
   </div>
   <div class='ocr_carea' id='block_1_10' title="bbox 243 692 1322 874">
    <p class='ocr_par' dir='ltr' id='par_1_10' title="bbox 243 692 1322 874">
     <span class='ocr_line' id='line_1_22' title="bbox 243 692 1319 741; baseline 0.001 -14"><span class='ocrx_word' id='word_1_173' title='bbox 243 697 337 736; x_wconf 81' lang='grc' dir='ltr'><strong><em>ἔχων</em></strong></span> <span class='ocrx_word' id='word_1_174' title='bbox 353 695 553 739; x_wconf 80' lang='grc' dir='ltr'><strong><em>κεχρῆσθαι</em></strong></span> <span class='ocrx_word' id='word_1_175' title='bbox 568 697 641 728; x_wconf 88' lang='grc' dir='ltr'><strong><em>τοῖς</em></strong></span> <span class='ocrx_word' id='word_1_176' title='bbox 656 694 865 741; x_wconf 81' lang='grc' dir='ltr'><strong><em>πράγμασιν</em></strong></span> <span class='ocrx_word' id='word_1_177' title='bbox 883 692 932 728; x_wconf 78' lang='grc' dir='ltr'><strong><em>ὠς</em></strong></span> <span class='ocrx_word' id='word_1_178' title='bbox 946 697 1064 730; x_wconf 80' lang='grc' dir='ltr'><strong><em>ταῦτα</em></strong></span> <span class='ocrx_word' id='word_1_179' title='bbox 1081 694 1319 730; x_wconf 83' lang='grc' dir='ltr'><strong><em>ἐλαττοῦντα-</em></strong></span> 
     </span>
     <span class='ocr_line' id='line_1_23' title="bbox 243 736 1322 785; baseline 0.001 -13"><span class='ocrx_word' id='word_1_180' title='bbox 243 737 263 772; x_wconf 86' lang='grc' dir='ltr'>ὁ</span> <span class='ocrx_word' id='word_1_181' title='bbox 295 737 334 773; x_wconf 85' lang='grc' dir='ltr'><strong>δὲ</strong></span> <span class='ocrx_word' id='word_1_182' title='bbox 364 736 645 784; x_wconf 75' lang='grc' dir='ltr'><strong><em>ἀποκεχρημένος</em></strong></span> <span class='ocrx_word' id='word_1_183' title='bbox 675 743 748 774; x_wconf 85' lang='grc' dir='ltr'><strong><em>τοῖς</em></strong></span> <span class='ocrx_word' id='word_1_184' title='bbox 777 739 911 785; x_wconf 82' lang='grc' dir='ltr'><strong><em>ῥήμασι</em></strong></span> <span class='ocrx_word' id='word_1_185' title='bbox 941 740 1004 783; x_wconf 83' lang='grc' dir='ltr'><strong>τῆς</strong></span> <span class='ocrx_word' id='word_1_186' title='bbox 1034 738 1227 783; x_wconf 80' lang='grc' dir='ltr'><strong><em>διαθήκης,</em></strong></span> <span class='ocrx_word' id='word_1_187' title='bbox 1261 743 1322 774; x_wconf 81' lang='grc' dir='ltr'><strong>καὶ</strong></span> 
     </span>
     <span class='ocr_line' id='line_1_24' title="bbox 243 780 1322 831; baseline 0.001 -13"><span class='ocrx_word' id='word_1_188' title='bbox 243 780 303 818; x_wconf 71' lang='grc' dir='ltr'><strong>ὅτι</strong></span> <span class='ocrx_word' id='word_1_189' title='bbox 318 784 355 818; x_wconf 81' lang='grc' dir='ltr'><strong>εἴ</strong></span> <span class='ocrx_word' id='word_1_190' title='bbox 365 798 402 818; x_wconf 92' lang='grc' dir='ltr'><strong>τι</strong></span> <span class='ocrx_word' id='word_1_191' title='bbox 417 780 586 829; x_wconf 78' lang='grc' dir='ltr'><strong><em>εὑρεθείη</em></strong></span> <span class='ocrx_word' id='word_1_192' title='bbox 606 786 646 818; x_wconf 79' lang='grc' dir='ltr'><strong>ἐν</strong></span> <span class='ocrx_word' id='word_1_193' title='bbox 662 786 775 831; x_wconf 78' lang='grc' dir='ltr'><strong><em>καιρῷ</em></strong></span> <span class='ocrx_word' id='word_1_194' title='bbox 793 783 956 827; x_wconf 79' lang='grc' dir='ltr'><strong><em>τελευτῆς</em></strong></span> <span class='ocrx_word' id='word_1_195' title='bbox 972 782 1062 830; x_wconf 87' lang='grc' dir='ltr'><strong><em>παρ’</em></strong></span> <span class='ocrx_word' id='word_1_196' title='bbox 1082 781 1193 828; x_wconf 74' lang='grc' dir='ltr'><strong><em>αὐτῷ,</em></strong></span> <span class='ocrx_word' id='word_1_197' title='bbox 1214 787 1322 819; x_wconf 82' lang='grc' dir='ltr'><strong><em>τοῦτο</em></strong></span> 
     </span>
     <span class='ocr_line' id='line_1_25' title="bbox 244 825 1320 874; baseline 0.002 -12"><span class='ocrx_word' id='word_1_198' title='bbox 244 825 357 863; x_wconf 76' lang='grc' dir='ltr'><strong><em>αὐτὸν</em></strong></span> <span class='ocrx_word' id='word_1_199' title='bbox 377 826 638 864; x_wconf 72' lang='grc' dir='ltr'><strong><em>ἀποκαθιστᾶν</em></strong></span> <span class='ocrx_word' id='word_1_200' title='bbox 653 829 822 872; x_wconf 80' lang='grc' dir='ltr'><strong><em>ἐκέλευσε,</em></strong></span> <span class='ocrx_word' id='word_1_201' title='bbox 845 829 938 864; x_wconf 81' lang='grc' dir='ltr'><strong><em>κατὰ</em></strong></span> <span class='ocrx_word' id='word_1_202' title='bbox 958 831 1067 864; x_wconf 76' lang='grc' dir='ltr'><strong><em>τοῦτο</em></strong></span> <span class='ocrx_word' id='word_1_203' title='bbox 1089 829 1258 874; x_wconf 78' lang='grc' dir='ltr'><strong><em>βούλεται</em></strong></span> <span class='ocrx_word' id='word_1_204' title='bbox 1277 829 1320 864; x_wconf 81' lang='grc' dir='ltr'><strong>τὸ</strong></span> 
     </span>
    </p>
   </div>
   <div class='ocr_carea' id='block_1_11' title="bbox 243 873 1377 928">
    <p class='ocr_par' dir='ltr' id='par_1_11' title="bbox 243 873 1377 928">
     <span class='ocr_line' id='line_1_26' title="bbox 243 873 1377 928; baseline 0.004 -21"><span class='ocrx_word' id='word_1_205' title='bbox 243 875 362 928; x_wconf 59' lang='grc' dir='ltr'><strong><em>σχῆμα</em></strong></span> <span class='ocrx_word' id='word_1_206' title='bbox 387 878 591 919; x_wconf 85' lang='grc' dir='ltr'><strong><em>παορησίαν</em></strong></span> <span class='ocrx_word' id='word_1_207' title='bbox 623 876 726 927; x_wconf 31' lang='grc' dir='ltr'><strong><em>ἔχειν*</em></strong></span> <span class='ocrx_word' id='word_1_208' title='bbox 746 875 907 920; x_wconf 83' lang='grc' dir='ltr'><strong><em>χρῆσθαι</em></strong></span> <span class='ocrx_word' id='word_1_209' title='bbox 938 877 1011 908; x_wconf 90' lang='grc' dir='ltr'><strong><em>τοῖς</em></strong></span> <span class='ocrx_word' id='word_1_210' title='bbox 1034 875 1244 928; x_wconf 75' lang='grc' dir='ltr'><strong><em>πράγμασιν</em></strong></span> <span class='ocrx_word' id='word_1_211' title='bbox 1274 873 1322 928; x_wconf 65' lang='grc' dir='ltr'><strong>(ῥς</strong></span> <span class='ocrx_word' id='word_1_212' title='bbox 1337 878 1377 912; x_wconf 84' lang='grc'><strong>15</strong></span> 
     </span>
    </p>
   </div>
   <div class='ocr_carea' id='block_1_12' title="bbox 243 906 1322 1288">
    <p class='ocr_par' dir='ltr' id='par_1_12' title="bbox 243 906 1322 1288">
     <span class='ocr_line' id='line_1_27' title="bbox 244 906 1322 965; baseline 0.002 -13"><span class='ocrx_word' id='word_1_213' title='bbox 244 933 291 953; x_wconf 86' lang='grc' dir='ltr'><strong>αν</strong></span> <span class='ocrx_word' id='word_1_214' title='bbox 321 906 534 963; x_wconf 80' lang='grc' dir='ltr'><strong><em>βουληθείη,</em></strong></span> <span class='ocrx_word' id='word_1_215' title='bbox 569 917 743 964; x_wconf 85' lang='grc' dir='ltr'><strong><em>μηδεμιας</em></strong></span> <span class='ocrx_word' id='word_1_216' title='bbox 770 918 957 954; x_wconf 77' lang='grc' dir='ltr'><strong><em>κωλύσεως</em></strong></span> <span class='ocrx_word' id='word_1_217' title='bbox 993 923 1075 965; x_wconf 77' lang='grc' dir='ltr'><strong><em>περὶ</em></strong></span> <span class='ocrx_word' id='word_1_218' title='bbox 1103 931 1167 964; x_wconf 82' lang='grc' dir='ltr'><strong>της</strong></span> <span class='ocrx_word' id='word_1_219' title='bbox 1197 917 1322 954; x_wconf 78' lang='grc' dir='ltr'><strong><em>αὐτων</em></strong></span> 
     </span>
     <span class='ocr_line' id='line_1_28' title="bbox 243 961 1321 1011; baseline 0.002 -12"><span class='ocrx_word' id='word_1_220' title='bbox 243 964 268 999; x_wconf 81' lang='grc'><strong>2</strong></span> <span class='ocrx_word' id='word_1_221' title='bbox 321 963 527 1008; x_wconf 78' lang='grc' dir='ltr'><strong><em>διοικήσεως</em></strong></span> <span class='ocrx_word' id='word_1_222' title='bbox 551 966 770 1011; x_wconf 76' lang='grc' dir='ltr'><strong><em>ἑπαγομένης</em></strong></span> <span class='ocrx_word' id='word_1_223' title='bbox 794 961 900 1007; x_wconf 83' lang='grc' dir='ltr'><strong><em>αὐτῷ.</em></strong></span> <span class='ocrx_word' id='word_1_224' title='bbox 977 962 1092 1010; x_wconf 82' lang='grc' dir='ltr'><strong><em>Ἡμεῖς</em></strong></span> <span class='ocrx_word' id='word_1_225' title='bbox 1114 969 1238 1000; x_wconf 79' lang='grc' dir='ltr'><strong><em>τοίνυν</em></strong></span> <span class='ocrx_word' id='word_1_226' title='bbox 1260 964 1321 1000; x_wconf 90' lang='grc' dir='ltr'><strong>λα-</strong></span> 
     </span>
     <span class='ocr_line' id='line_1_29' title="bbox 243 1006 1322 1056; baseline 0.003 -14"><span class='ocrx_word' id='word_1_227' title='bbox 243 1008 371 1053; x_wconf 83' lang='grc' dir='ltr'><strong><em>βόντες</em></strong></span> <span class='ocrx_word' id='word_1_228' title='bbox 394 1012 432 1042; x_wconf 83' lang='grc' dir='ltr'><strong>ἐκ</strong></span> <span class='ocrx_word' id='word_1_229' title='bbox 455 1008 584 1043; x_wconf 83' lang='grc' dir='ltr'><strong><em>τούτου</em></strong></span> <span class='ocrx_word' id='word_1_230' title='bbox 609 1009 794 1056; x_wconf 83' lang='grc' dir='ltr'><strong><em>πρόφασιν</em></strong></span> <span class='ocrx_word' id='word_1_231' title='bbox 817 1006 994 1053; x_wconf 66' lang='grc' dir='ltr'><strong><em>ᾠήθημεν</em></strong></span> <span class='ocrx_word' id='word_1_232' title='bbox 1016 1011 1145 1056; x_wconf 84' lang='grc' dir='ltr'><strong><em>χρῆναι</em></strong></span> <span class='ocrx_word' id='word_1_233' title='bbox 1171 1014 1232 1044; x_wconf 82' lang='grc' dir='ltr'><strong>καὶ</strong></span> <span class='ocrx_word' id='word_1_234' title='bbox 1253 1011 1322 1054; x_wconf 88' lang='grc' dir='ltr'><strong>τὴν</strong></span> 
     </span>
     <span class='ocr_line' id='line_1_30' title="bbox 244 1053 1322 1101; baseline 0.003 -14"><span class='ocrx_word' id='word_1_235' title='bbox 244 1054 405 1088; x_wconf 81' lang='grc' dir='ltr'><strong><em>παλαιὰν</em></strong></span> <span class='ocrx_word' id='word_1_236' title='bbox 429 1053 472 1088; x_wconf 78' lang='grc' dir='ltr'><strong>οἷο</strong></span> <span class='ocrx_word' id='word_1_237' title='bbox 497 1059 617 1089; x_wconf 87' lang='grc' dir='ltr'><strong><em>ιστίαν</em></strong></span> <span class='ocrx_word' id='word_1_238' title='bbox 641 1059 700 1088; x_wconf 82' lang='grc' dir='ltr'><strong>καὶ</strong></span> <span class='ocrx_word' id='word_1_239' title='bbox 723 1054 792 1098; x_wconf 87' lang='grc' dir='ltr'><strong>τὴν</strong></span> <span class='ocrx_word' id='word_1_240' title='bbox 814 1057 832 1087; x_wconf 83' lang='grc' dir='ltr'><strong><em>έ</em></strong></span> <span class='ocrx_word' id='word_1_241' title='bbox 861 1055 939 1098; x_wconf 81' lang='grc' dir='ltr'><strong>εξῆς</strong></span> <span class='ocrx_word' id='word_1_242' title='bbox 963 1053 1143 1101; x_wconf 83' lang='grc' dir='ltr'><strong><em>διάκρισιν</em></strong></span> <span class='ocrx_word' id='word_1_243' title='bbox 1166 1056 1235 1099; x_wconf 85' lang='grc' dir='ltr'><strong>τὴν</strong></span> <span class='ocrx_word' id='word_1_244' title='bbox 1255 1057 1322 1101; x_wconf 73' lang='grc' dir='ltr'><strong>μὲν</strong></span> 
     </span>
     <span class='ocr_line' id='line_1_31' title="bbox 244 1068 1032 1145; baseline 0.004 -14"><span class='ocrx_word' id='word_1_245' title='bbox 244 1096 364 1144; x_wconf 83' lang='grc' dir='ltr'><strong><em>ὁρίσαι</em></strong></span> <span class='ocrx_word' id='word_1_246' title='bbox 382 1099 450 1142; x_wconf 88' lang='grc' dir='ltr'><strong>τὴν</strong></span> <span class='ocrx_word' id='word_1_247' title='bbox 471 1068 511 1133; x_wconf 60' lang='grc' dir='ltr'><strong>δὲ</strong></span> <span class='ocrx_word' id='word_1_248' title='bbox 525 1100 699 1145; x_wconf 83' lang='grc' dir='ltr'><strong><em>καθαρὰν</em></strong></span> <span class='ocrx_word' id='word_1_249' title='bbox 720 1102 760 1134; x_wconf 82' lang='grc' dir='ltr'><strong>ἐν</strong></span> <span class='ocrx_word' id='word_1_250' title='bbox 776 1068 859 1134; x_wconf 59' lang='grc' dir='ltr'><strong>οἷνθ7</strong></span> <span class='ocrx_word' id='word_1_251' title='bbox 1023 1097 1032 1110; x_wconf 86' lang='lat'><em>&#39;</em></span> 
     </span>
     <span class='ocr_line' id='line_1_32' title="bbox 245 1142 1321 1191; baseline 0 -13"><span class='ocrx_word' id='word_1_252' title='bbox 245 1142 306 1178; x_wconf 83' lang='grc' dir='ltr'><strong><em>διὰ</em></strong></span> <span class='ocrx_word' id='word_1_253' title='bbox 320 1146 429 1178; x_wconf 83' lang='grc' dir='ltr'><strong><em>τοῦτο</em></strong></span> <span class='ocrx_word' id='word_1_254' title='bbox 453 1143 557 1189; x_wconf 81' lang='grc' dir='ltr'><strong><em>νόμῳ</em></strong></span> <span class='ocrx_word' id='word_1_255' title='bbox 581 1145 624 1179; x_wconf 86' lang='grc' dir='ltr'><strong>τὸ</strong></span> <span class='ocrx_word' id='word_1_256' title='bbox 649 1146 794 1191; x_wconf 83' lang='grc' dir='ltr'><strong><em>πρᾶγμα</em></strong></span> <span class='ocrx_word' id='word_1_257' title='bbox 818 1144 1036 1190; x_wconf 79' lang='grc' dir='ltr'><strong><em>περιλαβεῖν,</em></strong></span> <span class='ocrx_word' id='word_1_258' title='bbox 1060 1143 1161 1181; x_wconf 74' lang='grc' dir='ltr'><strong><em>ὅπως</em></strong></span> <span class='ocrx_word' id='word_1_259' title='bbox 1185 1144 1231 1180; x_wconf 77' lang='grc' dir='ltr'><strong>ἂν</strong></span> <span class='ocrx_word' id='word_1_260' title='bbox 1254 1145 1321 1190; x_wconf 85' lang='grc' dir='ltr'><strong><em>μά-</em></strong></span> 
     </span>
     <span class='ocr_line' id='line_1_33' title="bbox 244 1187 1319 1236; baseline 0.003 -14"><span class='ocrx_word' id='word_1_261' title='bbox 244 1189 350 1223; x_wconf 86' lang='grc' dir='ltr'><strong><em>θοιεν</em></strong></span> <span class='ocrx_word' id='word_1_262' title='bbox 379 1187 578 1234; x_wconf 77' lang='grc' dir='ltr'><strong><em>ἅνθρωποι</em></strong></span> <span class='ocrx_word' id='word_1_263' title='bbox 608 1189 677 1233; x_wconf 83' lang='grc' dir='ltr'><strong>τὴν</strong></span> <span class='ocrx_word' id='word_1_264' title='bbox 700 1192 825 1224; x_wconf 85' lang='grc' dir='ltr'><strong><em>πᾶσαν</em></strong></span> <span class='ocrx_word' id='word_1_265' title='bbox 854 1191 918 1224; x_wconf 84' lang='grc' dir='ltr'><strong>τοῦ</strong></span> <span class='ocrx_word' id='word_1_266' title='bbox 943 1190 1056 1235; x_wconf 88' lang='grc' dir='ltr'><strong><em>νόμου</em></strong></span> <span class='ocrx_word' id='word_1_267' title='bbox 1079 1191 1196 1235; x_wconf 81' lang='grc' dir='ltr'><strong><em>τάξιν,</em></strong></span> <span class='ocrx_word' id='word_1_268' title='bbox 1226 1187 1319 1236; x_wconf 79' lang='grc' dir='ltr'><strong><em>μεθ’</em></strong></span> 
     </span>
     <span class='ocr_line' id='line_1_34' title="bbox 244 1227 1321 1288; baseline 0.002 -20"><span class='ocrx_word' id='word_1_269' title='bbox 244 1227 284 1288; x_wconf 70' lang='grc' dir='ltr'><strong><em>ἧς</em></strong></span> <span class='ocrx_word' id='word_1_270' title='bbox 308 1234 472 1280; x_wconf 82' lang='grc' dir='ltr'><strong><em>προςήκει</em></strong></span> <span class='ocrx_word' id='word_1_271' title='bbox 502 1235 550 1269; x_wconf 86' lang='grc' dir='ltr'><strong>τὰ</strong></span> <span class='ocrx_word' id='word_1_272' title='bbox 580 1236 733 1269; x_wconf 77' lang='grc' dir='ltr'><strong><em>τοιαῦτα</em></strong></span> <span class='ocrx_word' id='word_1_273' title='bbox 763 1238 823 1269; x_wconf 86' lang='grc' dir='ltr'><strong>καὶ</strong></span> <span class='ocrx_word' id='word_1_274' title='bbox 853 1234 1063 1280; x_wconf 74' lang='grc' dir='ltr'><strong><em>μανθάνειν</em></strong></span> <span class='ocrx_word' id='word_1_275' title='bbox 1094 1240 1156 1270; x_wconf 85' lang='grc' dir='ltr'><strong>καὶ</strong></span> <span class='ocrx_word' id='word_1_276' title='bbox 1177 1240 1321 1282; x_wconf 90' lang='grc' dir='ltr'><strong><em>κρίνειν.</em></strong></span> 
     </span>
    </p>
   </div>
   <div class='ocr_carea' id='block_1_13' title="bbox 245 1280 1323 1327">
    <p class='ocr_par' dir='ltr' id='par_1_13' title="bbox 245 1280 1323 1327">
     <span class='ocr_line' id='line_1_35' title="bbox 245 1280 1323 1327; baseline 0.001 -14"><span class='ocrx_word' id='word_1_277' title='bbox 245 1281 347 1324; x_wconf 83' lang='grc' dir='ltr'><strong><em>ἱσμεν</em></strong></span> <span class='ocrx_word' id='word_1_278' title='bbox 372 1284 496 1314; x_wconf 81' lang='grc' dir='ltr'><strong><em>τοίνυν</em></strong></span> <span class='ocrx_word' id='word_1_279' title='bbox 520 1281 740 1324; x_wconf 80' lang='grc' dir='ltr'><strong><em>Παπινιανῷ</em></strong></span> <span class='ocrx_word' id='word_1_280' title='bbox 773 1282 826 1324; x_wconf 73' lang='grc' dir='ltr'><strong>τῷ</strong></span> <span class='ocrx_word' id='word_1_281' title='bbox 851 1280 1054 1327; x_wconf 80' lang='grc' dir='ltr'><strong><em>σοφωτάτῳ</em></strong></span> <span class='ocrx_word' id='word_1_282' title='bbox 1084 1282 1201 1327; x_wconf 77' lang='grc' dir='ltr'><strong><em>ῥηθέν</em></strong></span> <span class='ocrx_word' id='word_1_283' title='bbox 1224 1295 1260 1316; x_wconf 90' lang='grc' dir='ltr'><strong>τι</strong></span> <span class='ocrx_word' id='word_1_284' title='bbox 1284 1284 1323 1315; x_wconf 80' lang='grc' dir='ltr'><strong>ἐν</strong></span> 
     </span>
    </p>
   </div>
   <div class='ocr_carea' id='block_1_14' title="bbox 1389 694 2460 874">
    <p class='ocr_par' dir='ltr' id='par_1_14' title="bbox 1389 694 2460 874">
     <span class='ocr_line' id='line_1_36' title="bbox 1389 694 2460 741; baseline 0.003 -12"><span class='ocrx_word' id='word_1_285' title='bbox 1389 694 1606 730; x_wconf 82' lang='lat' dir='ltr'><strong>inveniretur</strong></span> <span class='ocrx_word' id='word_1_286' title='bbox 1634 695 1672 729; x_wconf 91' lang='lat' dir='ltr'><strong>in</strong></span> <span class='ocrx_word' id='word_1_287' title='bbox 1694 699 1853 740; x_wconf 77' lang='lat' dir='ltr'><strong>tempore</strong></span> <span class='ocrx_word' id='word_1_288' title='bbox 1882 695 2006 731; x_wconf 86' lang='lat' dir='ltr'><strong>mortis</strong></span> <span class='ocrx_word' id='word_1_289' title='bbox 2037 695 2132 741; x_wconf 87' lang='lat' dir='ltr'><strong>apud</strong></span> <span class='ocrx_word' id='word_1_290' title='bbox 2159 707 2257 740; x_wconf 88' lang='lat' dir='ltr'><strong>eum,</strong></span> <span class='ocrx_word' id='word_1_291' title='bbox 2287 697 2358 732; x_wconf 91' lang='lat' dir='ltr'><strong>hoc</strong></span> <span class='ocrx_word' id='word_1_292' title='bbox 2380 707 2460 732; x_wconf 88' lang='lat' dir='ltr'><strong>eum</strong></span> 
     </span>
     <span class='ocr_line' id='line_1_37' title="bbox 1390 739 2459 782; baseline 0.003 -8"><span class='ocrx_word' id='word_1_293' title='bbox 1390 740 1577 775; x_wconf 80' lang='lat' dir='ltr'><strong>restituere</strong></span> <span class='ocrx_word' id='word_1_294' title='bbox 1598 739 1720 782; x_wconf 89' lang='lat' dir='ltr'><strong>iussit,</strong></span> <span class='ocrx_word' id='word_1_295' title='bbox 1752 739 1945 776; x_wconf 87' lang='lat' dir='ltr'><strong>secundum</strong></span> <span class='ocrx_word' id='word_1_296' title='bbox 1976 740 2046 776; x_wconf 92' lang='lat' dir='ltr'><strong>hoc</strong></span> <span class='ocrx_word' id='word_1_297' title='bbox 2077 740 2153 776; x_wconf 86' lang='lat' dir='ltr'><strong>vult</strong></span> <span class='ocrx_word' id='word_1_298' title='bbox 2181 741 2325 777; x_wconf 86' lang='lat' dir='ltr'><strong>schema</strong></span> <span class='ocrx_word' id='word_1_299' title='bbox 2351 742 2459 777; x_wconf 90' lang='lat' dir='ltr'><strong>licen·</strong></span> 
     </span>
     <span class='ocr_line' id='line_1_38' title="bbox 1390 785 2460 832; baseline 0.003 -13"><span class='ocrx_word' id='word_1_300' title='bbox 1390 785 1476 820; x_wconf 89' lang='lat' dir='ltr'><strong>tiam</strong></span> <span class='ocrx_word' id='word_1_301' title='bbox 1498 785 1630 822; x_wconf 85' lang='lat' dir='ltr'><strong>habere</strong></span> <span class='ocrx_word' id='word_1_302' title='bbox 1659 785 1712 820; x_wconf 88' lang='lat' dir='ltr'><strong>uti</strong></span> <span class='ocrx_word' id='word_1_303' title='bbox 1735 786 1843 821; x_wconf 89' lang='lat' dir='ltr'><strong>rebus</strong></span> <span class='ocrx_word' id='word_1_304' title='bbox 1874 785 1967 820; x_wconf 90' lang='lat' dir='ltr'><strong>sicut</strong></span> <span class='ocrx_word' id='word_1_305' title='bbox 1986 785 2149 826; x_wconf 86' lang='lat' dir='ltr'><strong>voluerit,</strong></span> <span class='ocrx_word' id='word_1_306' title='bbox 2181 786 2281 822; x_wconf 83' lang='lat' dir='ltr'><strong>nulla</strong></span> <span class='ocrx_word' id='word_1_307' title='bbox 2302 786 2460 832; x_wconf 89' lang='lat' dir='ltr'><strong>prohibi-</strong></span> 
     </span>
     <span class='ocr_line' id='line_1_39' title="bbox 1390 829 2166 874; baseline 0.003 -9"><span class='ocrx_word' id='word_1_308' title='bbox 1390 829 1487 866; x_wconf 88' lang='lat' dir='ltr'><strong>tione</strong></span> <span class='ocrx_word' id='word_1_309' title='bbox 1510 829 1554 865; x_wconf 90' lang='lat' dir='ltr'><strong>de</strong></span> <span class='ocrx_word' id='word_1_310' title='bbox 1577 839 1699 864; x_wconf 88' lang='lat' dir='ltr'><strong>earum</strong></span> <span class='ocrx_word' id='word_1_311' title='bbox 1721 830 1977 874; x_wconf 68' lang='lat' dir='ltr'><strong>gubernatione</strong></span> <span class='ocrx_word' id='word_1_312' title='bbox 1998 830 2100 866; x_wconf 89' lang='lat' dir='ltr'><strong>illata</strong></span> <span class='ocrx_word' id='word_1_313' title='bbox 2122 830 2166 867; x_wconf 85' lang='lat' dir='ltr'><strong>ei.</strong></span> 
     </span>
    </p>
   </div>
   <div class='ocr_carea' id='block_1_15' title="bbox 1388 964 2462 1100">
    <p class='ocr_par' dir='ltr' id='par_1_15' title="bbox 1388 964 2462 1100">
     <span class='ocr_line' id='line_1_40' title="bbox 1388 964 2461 1009; baseline -0.002 -7"><span class='ocrx_word' id='word_1_314' title='bbox 1388 965 1414 1002; x_wconf 72' lang='lat'><strong>2</strong></span> <span class='ocrx_word' id='word_1_315' title='bbox 1459 964 1534 1000; x_wconf 88' lang='lat' dir='ltr'><strong>Nos</strong></span> <span class='ocrx_word' id='word_1_316' title='bbox 1558 964 1666 1009; x_wconf 84' lang='lat' dir='ltr'><strong>igitur</strong></span> <span class='ocrx_word' id='word_1_317' title='bbox 1688 967 1867 1000; x_wconf 88' lang='lat' dir='ltr'><strong>sumentes</strong></span> <span class='ocrx_word' id='word_1_318' title='bbox 1891 975 1935 1000; x_wconf 88' lang='lat' dir='ltr'><strong>ex</strong></span> <span class='ocrx_word' id='word_1_319' title='bbox 1957 965 2027 1001; x_wconf 91' lang='lat' dir='ltr'><strong>hoc</strong></span> <span class='ocrx_word' id='word_1_320' title='bbox 2050 965 2275 1001; x_wconf 87' lang='lat' dir='ltr'><strong>occasionem</strong></span> <span class='ocrx_word' id='word_1_321' title='bbox 2297 964 2461 1000; x_wconf 84' lang='lat' dir='ltr'><strong>aestima·</strong></span> 
     </span>
     <span class='ocr_line' id='line_1_41' title="bbox 1390 1009 2460 1055; baseline 0 -10"><span class='ocrx_word' id='word_1_322' title='bbox 1390 1010 1502 1045; x_wconf 87' lang='lat' dir='ltr'><strong>vimus</strong></span> <span class='ocrx_word' id='word_1_323' title='bbox 1535 1014 1698 1054; x_wconf 88' lang='lat' dir='ltr'><strong>oportere</strong></span> <span class='ocrx_word' id='word_1_324' title='bbox 1731 1015 1767 1044; x_wconf 90' lang='lat' dir='ltr'><strong>et</strong></span> <span class='ocrx_word' id='word_1_325' title='bbox 1795 1009 1976 1055; x_wconf 86' lang='lat' dir='ltr'><strong>antiquam</strong></span> <span class='ocrx_word' id='word_1_326' title='bbox 2000 1009 2275 1046; x_wconf 88' lang='lat' dir='ltr'><strong>indefinitionem</strong></span> <span class='ocrx_word' id='word_1_327' title='bbox 2304 1012 2341 1045; x_wconf 90' lang='lat' dir='ltr'><strong>et</strong></span> <span class='ocrx_word' id='word_1_328' title='bbox 2363 1010 2460 1045; x_wconf 92' lang='lat' dir='ltr'><strong>dein-</strong></span> 
     </span>
     <span class='ocr_line' id='line_1_42' title="bbox 1391 1054 2462 1100; baseline -0.002 -9"><span class='ocrx_word' id='word_1_329' title='bbox 1391 1065 1474 1099; x_wconf 90' lang='lat' dir='ltr'><strong>ceps</strong></span> <span class='ocrx_word' id='word_1_330' title='bbox 1499 1055 1746 1090; x_wconf 77' lang='lat' dir='ltr'><strong>discretionem</strong></span> <span class='ocrx_word' id='word_1_331' title='bbox 1774 1054 1867 1090; x_wconf 88' lang='lat' dir='ltr'><strong>hanc</strong></span> <span class='ocrx_word' id='word_1_332' title='bbox 1890 1055 2031 1100; x_wconf 88' lang='lat' dir='ltr'><strong>quidem</strong></span> <span class='ocrx_word' id='word_1_333' title='bbox 2055 1055 2201 1091; x_wconf 89' lang='lat' dir='ltr'><strong>definire</strong></span> <span class='ocrx_word' id='word_1_334' title='bbox 2229 1055 2322 1091; x_wconf 88' lang='lat' dir='ltr'><strong>hanc</strong></span> <span class='ocrx_word' id='word_1_335' title='bbox 2344 1059 2462 1090; x_wconf 91' lang='lat' dir='ltr'><strong>autem</strong></span> 
     </span>
    </p>
   </div>
   <div class='ocr_carea' id='block_1_16' title="bbox 855 1099 2462 1146">
    <p class='ocr_par' dir='ltr' id='par_1_16' title="bbox 855 1099 2462 1146">
     <span class='ocr_line' id='line_1_43' title="bbox 855 1099 2462 1146; baseline 0.001 -13"><span class='ocrx_word' id='word_1_336' title='bbox 855 1101 989 1145; x_wconf 77' lang='grc' dir='ltr'><strong><em>ρώποιε</em></strong></span> <span class='ocrx_word' id='word_1_337' title='bbox 1012 1101 1239 1143; x_wconf 73' lang='grc' dir='ltr'><strong><em>αποθέσθαι,</em></strong></span> <span class='ocrx_word' id='word_1_338' title='bbox 1263 1104 1322 1134; x_wconf 84' lang='grc' dir='ltr'><strong>καὶ</strong></span> <span class='ocrx_word' id='word_1_339' title='bbox 1335 1104 1376 1135; x_wconf 83' lang='grc'><strong>20</strong></span> <span class='ocrx_word' id='word_1_340' title='bbox 1390 1111 1514 1146; x_wconf 90' lang='lat' dir='ltr'><strong>puram</strong></span> <span class='ocrx_word' id='word_1_341' title='bbox 1538 1099 1738 1136; x_wconf 90' lang='lat' dir='ltr'><strong>hominibus</strong></span> <span class='ocrx_word' id='word_1_342' title='bbox 1762 1110 1800 1135; x_wconf 90' lang='lat' dir='ltr'><strong>re</strong></span> <span class='ocrx_word' id='word_1_343' title='bbox 1827 1110 1944 1143; x_wconf 88' lang='lat' dir='ltr'><strong>onere,</strong></span> <span class='ocrx_word' id='word_1_344' title='bbox 1969 1102 2004 1135; x_wconf 91' lang='lat' dir='ltr'><strong>et</strong></span> <span class='ocrx_word' id='word_1_345' title='bbox 2018 1104 2210 1146; x_wconf 88' lang='lat' dir='ltr'><strong>propterea</strong></span> <span class='ocrx_word' id='word_1_346' title='bbox 2224 1100 2301 1144; x_wconf 87' lang='lat' dir='ltr'><strong>lege</strong></span> <span class='ocrx_word' id='word_1_347' title='bbox 2319 1109 2462 1135; x_wconf 87' lang='lat' dir='ltr'><strong>causam</strong></span> 
     </span>
    </p>
   </div>
   <div class='ocr_carea' id='block_1_17' title="bbox 1391 1145 2461 1198">
    <p class='ocr_par' dir='ltr' id='par_1_17' title="bbox 1391 1145 2461 1198">
     <span class='ocr_line' id='line_1_44' title="bbox 1391 1145 2461 1198; baseline 0 -18"><span class='ocrx_word' id='word_1_348' title='bbox 1391 1145 1698 1198; x_wconf 80' lang='lat' dir='ltr'><strong>comprehendere,</strong></span> <span class='ocrx_word' id='word_1_349' title='bbox 1727 1147 1767 1180; x_wconf 92' lang='lat' dir='ltr'><strong>ut</strong></span> <span class='ocrx_word' id='word_1_350' title='bbox 1814 1146 1929 1182; x_wconf 87' lang='lat' dir='ltr'><strong>iscant</strong></span> <span class='ocrx_word' id='word_1_351' title='bbox 1951 1146 2109 1181; x_wconf 88' lang='lat' dir='ltr'><strong>homines</strong></span> <span class='ocrx_word' id='word_1_352' title='bbox 2133 1156 2271 1181; x_wconf 91' lang='lat' dir='ltr'><strong>omnem</strong></span> <span class='ocrx_word' id='word_1_353' title='bbox 2293 1145 2381 1189; x_wconf 85' lang='lat' dir='ltr'><strong>legis</strong></span> <span class='ocrx_word' id='word_1_354' title='bbox 2404 1155 2461 1181; x_wconf 92' lang='lat' dir='ltr'><strong>or-</strong></span> 
     </span>
    </p>
   </div>
   <div class='ocr_carea' id='block_1_18' title="bbox 1392 1190 2527 1235">
    <p class='ocr_par' dir='ltr' id='par_1_18' title="bbox 1392 1190 2527 1235">
     <span class='ocr_line' id='line_1_45' title="bbox 1392 1190 2527 1235; baseline 0.003 -10"><span class='ocrx_word' id='word_1_355' title='bbox 1392 1191 1519 1234; x_wconf 88' lang='lat' dir='ltr'><strong>dmem,</strong></span> <span class='ocrx_word' id='word_1_356' title='bbox 1543 1200 1623 1225; x_wconf 93' lang='lat' dir='ltr'><strong>cum</strong></span> <span class='ocrx_word' id='word_1_357' title='bbox 1641 1201 1710 1235; x_wconf 91' lang='lat' dir='ltr'><strong>quo</strong></span> <span class='ocrx_word' id='word_1_358' title='bbox 1731 1191 1900 1235; x_wconf 87' lang='lat' dir='ltr'><strong>competit</strong></span> <span class='ocrx_word' id='word_1_359' title='bbox 1918 1191 2006 1226; x_wconf 90' lang='lat' dir='ltr'><strong>talia</strong></span> <span class='ocrx_word' id='word_1_360' title='bbox 2028 1196 2063 1227; x_wconf 89' lang='lat' dir='ltr'><strong>et</strong></span> <span class='ocrx_word' id='word_1_361' title='bbox 2080 1190 2214 1226; x_wconf 81' lang='lat' dir='ltr'><strong>discere</strong></span> <span class='ocrx_word' id='word_1_362' title='bbox 2235 1193 2271 1227; x_wconf 96' lang='lat' dir='ltr'><strong>et</strong></span> <span class='ocrx_word' id='word_1_363' title='bbox 2290 1190 2460 1228; x_wconf 86' lang='lat' dir='ltr'><strong>iudicare.</strong></span> <span class='ocrx_word' id='word_1_364' title='bbox 2525 1195 2527 1197; x_wconf 84' lang='grc'><strong>’</strong></span> 
     </span>
    </p>
   </div>
   <div class='ocr_carea' id='block_1_19' title="bbox 1391 1235 2462 1326">
    <p class='ocr_par' dir='ltr' id='par_1_19' title="bbox 1391 1235 2462 1326">
     <span class='ocr_line' id='line_1_46' title="bbox 1391 1235 2462 1281; baseline -0.001 -10"><span class='ocrx_word' id='word_1_365' title='bbox 1391 1235 1561 1271; x_wconf 87' lang='lat' dir='ltr'><strong>Novimus</strong></span> <span class='ocrx_word' id='word_1_366' title='bbox 1603 1236 1710 1280; x_wconf 84' lang='lat' dir='ltr'><strong>igitur</strong></span> <span class='ocrx_word' id='word_1_367' title='bbox 1749 1235 1846 1281; x_wconf 88' lang='lat' dir='ltr'><strong>apud</strong></span> <span class='ocrx_word' id='word_1_368' title='bbox 1886 1235 2122 1281; x_wconf 71' lang='lat' dir='ltr'><strong>Papinianum</strong></span> <span class='ocrx_word' id='word_1_369' title='bbox 2163 1236 2462 1281; x_wconf 86' lang='lat' dir='ltr'><strong>sapientissimum</strong></span> 
     </span>
     <span class='ocr_line' id='line_1_47' title="bbox 1391 1280 2460 1326; baseline 0 -11"><span class='ocrx_word' id='word_1_370' title='bbox 1391 1280 1524 1315; x_wconf 89' lang='lat' dir='ltr'><strong>dictum</strong></span> <span class='ocrx_word' id='word_1_371' title='bbox 1546 1281 1585 1315; x_wconf 92' lang='lat' dir='ltr'><strong>in</strong></span> <span class='ocrx_word' id='word_1_372' title='bbox 1607 1291 1701 1316; x_wconf 91' lang='lat' dir='ltr'><strong>nono</strong></span> <span class='ocrx_word' id='word_1_373' title='bbox 1730 1280 1864 1317; x_wconf 90' lang='lat' dir='ltr'><strong>decimo</strong></span> <span class='ocrx_word' id='word_1_374' title='bbox 1893 1281 1968 1316; x_wconf 90' lang='lat' dir='ltr'><strong>eius</strong></span> <span class='ocrx_word' id='word_1_375' title='bbox 1992 1280 2264 1326; x_wconf 78' lang='lat' dir='ltr'><strong>Quaestionum,</strong></span> <span class='ocrx_word' id='word_1_376' title='bbox 2296 1281 2357 1316; x_wconf 88' lang='lat' dir='ltr'><strong>ubi</strong></span> <span class='ocrx_word' id='word_1_377' title='bbox 2379 1291 2460 1325; x_wconf 89' lang='lat' dir='ltr'><strong>per-</strong></span> 
     </span>
    </p>
   </div>
   <div class='ocr_carea' id='block_1_20' title="bbox 244 1322 2461 1372">
    <p class='ocr_par' dir='ltr' id='par_1_20' title="bbox 244 1322 2461 1372">
     <span class='ocr_line' id='line_1_48' title="bbox 244 1322 2461 1372; baseline 0.001 -14"><span class='ocrx_word' id='word_1_378' title='bbox 244 1326 299 1367; x_wconf 72' lang='grc' dir='ltr'><strong>τιῇ</strong></span> <span class='ocrx_word' id='word_1_379' title='bbox 323 1325 385 1359; x_wconf 72' lang='grc' dir='ltr'><strong>ιθ’</strong></span> <span class='ocrx_word' id='word_1_380' title='bbox 410 1326 488 1359; x_wconf 82' lang='grc' dir='ltr'><strong>τῶν</strong></span> <span class='ocrx_word' id='word_1_381' title='bbox 513 1322 624 1359; x_wconf 81' lang='grc' dir='ltr'><strong><em>αὐτοῦ</em></strong></span> <span class='ocrx_word' id='word_1_382' title='bbox 647 1326 898 1370; x_wconf 72' lang='lat' dir='ltr'><strong>quaestionum,</strong></span> <span class='ocrx_word' id='word_1_383' title='bbox 931 1326 1029 1360; x_wconf 70' lang='grc' dir='ltr'><strong><em>ἔνθα</em></strong></span> <span class='ocrx_word' id='word_1_384' title='bbox 1052 1327 1236 1372; x_wconf 81' lang='grc' dir='ltr'><strong><em>ἐπιτρέπει</em></strong></span> <span class='ocrx_word' id='word_1_385' title='bbox 1259 1326 1323 1361; x_wconf 78' lang='grc' dir='ltr'><strong>τὰς</strong></span> <span class='ocrx_word' id='word_1_386' title='bbox 1337 1329 1377 1361; x_wconf 82' lang='grc'><strong>25</strong></span> <span class='ocrx_word' id='word_1_387' title='bbox 1391 1326 1498 1360; x_wconf 89' lang='lat' dir='ltr'><strong>mittit</strong></span> <span class='ocrx_word' id='word_1_388' title='bbox 1520 1325 1752 1362; x_wconf 86' lang='lat' dir='ltr'><strong>alienationes</strong></span> <span class='ocrx_word' id='word_1_389' title='bbox 1775 1327 1812 1361; x_wconf 93' lang='lat' dir='ltr'><strong>in</strong></span> <span class='ocrx_word' id='word_1_390' title='bbox 1831 1325 1896 1361; x_wconf 85' lang='lat' dir='ltr'><strong>tali</strong></span> <span class='ocrx_word' id='word_1_391' title='bbox 1918 1336 2023 1369; x_wconf 93' lang='lat' dir='ltr'><strong>casu,</strong></span> <span class='ocrx_word' id='word_1_392' title='bbox 2052 1326 2139 1362; x_wconf 91' lang='lat' dir='ltr'><strong>illud</strong></span> <span class='ocrx_word' id='word_1_393' title='bbox 2163 1327 2277 1362; x_wconf 91' lang='lat' dir='ltr'><strong>solum</strong></span> <span class='ocrx_word' id='word_1_394' title='bbox 2300 1326 2396 1361; x_wconf 86' lang='lat' dir='ltr'><strong>velut</strong></span> <span class='ocrx_word' id='word_1_395' title='bbox 2417 1336 2461 1361; x_wconf 82' lang='lat' dir='ltr'><strong>ex</strong></span> 
     </span>
    </p>
   </div>
   <div class='ocr_carea' id='block_1_21' title="bbox 245 1368 1324 1505">
    <p class='ocr_par' dir='ltr' id='par_1_21' title="bbox 245 1368 1324 1505">
     <span class='ocr_line' id='line_1_49' title="bbox 245 1368 1323 1416; baseline 0.004 -14"><span class='ocrx_word' id='word_1_396' title='bbox 245 1368 445 1413; x_wconf 80' lang='grc' dir='ltr'><strong><em>ἐκποιήσεις</em></strong></span> <span class='ocrx_word' id='word_1_397' title='bbox 468 1372 529 1405; x_wconf 83' lang='grc' dir='ltr'><strong><em>ἐπὶ</em></strong></span> <span class='ocrx_word' id='word_1_398' title='bbox 551 1369 715 1404; x_wconf 85' lang='grc' dir='ltr'><strong><em>τοιούτου</em></strong></span> <span class='ocrx_word' id='word_1_399' title='bbox 740 1371 909 1414; x_wconf 81' lang='grc' dir='ltr'><strong><em>θέματος,</em></strong></span> <span class='ocrx_word' id='word_1_400' title='bbox 933 1373 1046 1406; x_wconf 78' lang='grc' dir='ltr'><strong><em>ἐκεῖνο</em></strong></span> <span class='ocrx_word' id='word_1_401' title='bbox 1069 1373 1183 1415; x_wconf 89' lang='grc' dir='ltr'><strong><em>μόνον</em></strong></span> <span class='ocrx_word' id='word_1_402' title='bbox 1207 1368 1323 1416; x_wconf 75' lang='grc' dir='ltr'><strong><em>ὥςπερ</em></strong></span> 
     </span>
     <span class='ocr_line' id='line_1_50' title="bbox 245 1414 1323 1462; baseline 0.002 -14"><span class='ocrx_word' id='word_1_403' title='bbox 245 1414 448 1458; x_wconf 81' lang='grc' dir='ltr'><strong><em>ἐξεπίτηδες</em></strong></span> <span class='ocrx_word' id='word_1_404' title='bbox 480 1417 519 1449; x_wconf 84' lang='grc' dir='ltr'><strong>έν</strong></span> <span class='ocrx_word' id='word_1_405' title='bbox 550 1417 735 1462; x_wconf 79' lang='grc' dir='ltr'><strong><em>αἰνίγματι</em></strong></span> <span class='ocrx_word' id='word_1_406' title='bbox 758 1416 927 1461; x_wconf 83' lang='grc' dir='ltr'><strong><em>προςθεὶς</em></strong></span> <span class='ocrx_word' id='word_1_407' title='bbox 957 1416 1000 1451; x_wconf 84' lang='grc' dir='ltr'><strong>τὸ</strong></span> <span class='ocrx_word' id='word_1_408' title='bbox 1025 1418 1223 1459; x_wconf 79' lang='grc' dir='ltr'><strong><em>τηνικαῦτα</em></strong></span> <span class='ocrx_word' id='word_1_409' title='bbox 1248 1415 1323 1450; x_wconf 87' lang='grc' dir='ltr'><strong><em>δεῖν</em></strong></span> 
     </span>
     <span class='ocr_line' id='line_1_51' title="bbox 245 1459 1324 1505; baseline 0.002 -12"><span class='ocrx_word' id='word_1_410' title='bbox 245 1459 475 1495; x_wconf 73' lang='grc' dir='ltr'><strong><em>κεκωλῦσθαι</em></strong></span> <span class='ocrx_word' id='word_1_411' title='bbox 498 1460 562 1494; x_wconf 80' lang='grc' dir='ltr'><strong>τὰς</strong></span> <span class='ocrx_word' id='word_1_412' title='bbox 586 1461 801 1504; x_wconf 84' lang='grc' dir='ltr'><strong><em>έκποιήσεις,</em></strong></span> <span class='ocrx_word' id='word_1_413' title='bbox 833 1459 939 1505; x_wconf 83' lang='grc' dir='ltr'><strong><em>ἡνίκα</em></strong></span> <span class='ocrx_word' id='word_1_414' title='bbox 964 1464 1024 1496; x_wconf 80' lang='grc' dir='ltr'><strong><em>ἐπὶ</em></strong></span> <span class='ocrx_word' id='word_1_415' title='bbox 1047 1463 1100 1505; x_wconf 76' lang='grc' dir='ltr'><strong>τῷ</strong></span> <span class='ocrx_word' id='word_1_416' title='bbox 1125 1461 1324 1496; x_wconf 85' lang='grc' dir='ltr'><strong><em>καταλῦσαι</em></strong></span> 
     </span>
    </p>
   </div>
   <div class='ocr_carea' id='block_1_22' title="bbox 1391 1371 2463 1507">
    <p class='ocr_par' dir='ltr' id='par_1_22' title="bbox 1391 1371 2463 1507">
     <span class='ocr_line' id='line_1_52' title="bbox 1392 1371 2463 1417; baseline -0.001 -11"><span class='ocrx_word' id='word_1_417' title='bbox 1392 1371 1510 1406; x_wconf 90' lang='lat' dir='ltr'><strong>studio</strong></span> <span class='ocrx_word' id='word_1_418' title='bbox 1541 1372 1579 1406; x_wconf 92' lang='lat' dir='ltr'><strong>in</strong></span> <span class='ocrx_word' id='word_1_419' title='bbox 1609 1371 1805 1416; x_wconf 87' lang='lat' dir='ltr'><strong>aenigmate</strong></span> <span class='ocrx_word' id='word_1_420' title='bbox 1835 1382 2055 1417; x_wconf 86' lang='lat' dir='ltr'><strong>proponens,</strong></span> <span class='ocrx_word' id='word_1_421' title='bbox 2092 1375 2131 1406; x_wconf 91' lang='lat' dir='ltr'><strong>ut</strong></span> <span class='ocrx_word' id='word_1_422' title='bbox 2160 1375 2247 1406; x_wconf 89' lang='lat' dir='ltr'><strong>tunc</strong></span> <span class='ocrx_word' id='word_1_423' title='bbox 2282 1374 2463 1416; x_wconf 87' lang='lat' dir='ltr'><strong>oporteret</strong></span> 
     </span>
     <span class='ocr_line' id='line_1_53' title="bbox 1391 1415 2461 1461; baseline -0.001 -10"><span class='ocrx_word' id='word_1_424' title='bbox 1391 1416 1571 1461; x_wconf 88' lang='lat' dir='ltr'><strong>prohiberi</strong></span> <span class='ocrx_word' id='word_1_425' title='bbox 1598 1416 1846 1459; x_wconf 88' lang='lat' dir='ltr'><strong>alienationes,</strong></span> <span class='ocrx_word' id='word_1_426' title='bbox 1878 1427 1958 1452; x_wconf 90' lang='lat' dir='ltr'><strong>cum</strong></span> <span class='ocrx_word' id='word_1_427' title='bbox 1986 1416 2033 1452; x_wconf 88' lang='lat' dir='ltr'><strong>ad</strong></span> <span class='ocrx_word' id='word_1_428' title='bbox 2055 1416 2259 1452; x_wconf 87' lang='lat' dir='ltr'><strong>solvendum</strong></span> <span class='ocrx_word' id='word_1_429' title='bbox 2281 1415 2461 1450; x_wconf 87' lang='lat' dir='ltr'><strong>fideicom-</strong></span> 
     </span>
     <span class='ocr_line' id='line_1_54' title="bbox 1391 1461 2460 1507; baseline -0.001 -11"><span class='ocrx_word' id='word_1_430' title='bbox 1391 1462 1536 1497; x_wconf 85' lang='lat' dir='ltr'><strong>missum</strong></span> <span class='ocrx_word' id='word_1_431' title='bbox 1560 1472 1604 1496; x_wconf 86' lang='lat' dir='ltr'><strong>ex</strong></span> <span class='ocrx_word' id='word_1_432' title='bbox 1626 1462 1743 1498; x_wconf 88' lang='lat' dir='ltr'><strong>studio</strong></span> <span class='ocrx_word' id='word_1_433' title='bbox 1769 1461 1830 1507; x_wconf 91' lang='lat' dir='ltr'><strong>qui</strong></span> <span class='ocrx_word' id='word_1_434' title='bbox 1852 1461 1919 1497; x_wconf 90' lang='lat' dir='ltr'><strong>hoc</strong></span> <span class='ocrx_word' id='word_1_435' title='bbox 1944 1465 2112 1497; x_wconf 88' lang='lat' dir='ltr'><strong>oneratus</strong></span> <span class='ocrx_word' id='word_1_436' title='bbox 2136 1465 2190 1496; x_wconf 89' lang='lat' dir='ltr'><strong>est</strong></span> <span class='ocrx_word' id='word_1_437' title='bbox 2213 1461 2258 1496; x_wconf 88' lang='lat' dir='ltr'><strong>ad</strong></span> <span class='ocrx_word' id='word_1_438' title='bbox 2281 1461 2460 1496; x_wconf 84' lang='lat' dir='ltr'><strong>alienatio·</strong></span> 
     </span>
    </p>
   </div>
   <div class='ocr_carea' id='block_1_23' title="bbox 244 1504 2462 1606">
    <p class='ocr_par' dir='ltr' id='par_1_23' title="bbox 244 1504 2462 1606">
     <span class='ocr_line' id='line_1_55' title="bbox 244 1504 2460 1563; baseline 0 -24"><span class='ocrx_word' id='word_1_439' title='bbox 244 1504 287 1539; x_wconf 86' lang='grc' dir='ltr'>τό</span> <span class='ocrx_word' id='word_1_440' title='bbox 320 1504 618 1551; x_wconf 85' lang='grc' dir='ltr'><strong><em>φιδεϊκόμμισσον</em></strong></span> <span class='ocrx_word' id='word_1_441' title='bbox 634 1504 853 1563; x_wconf 29' lang='grc' dir='ltr'><strong>ἶ’ἐξεπίτηδες</strong></span> <span class='ocrx_word' id='word_1_442' title='bbox 883 1505 903 1541; x_wconf 85' lang='grc' dir='ltr'>ὁ</span> <span class='ocrx_word' id='word_1_443' title='bbox 934 1507 1052 1550; x_wconf 84' lang='grc' dir='ltr'><strong><em>τούτῳ</em></strong></span> <span class='ocrx_word' id='word_1_444' title='bbox 1082 1511 1324 1553; x_wconf 80' lang='grc' dir='ltr'><strong><em>βεβαρημένος</em></strong></span> <span class='ocrx_word' id='word_1_445' title='bbox 1391 1517 1472 1542; x_wconf 83' lang='lat' dir='ltr'><strong>nem</strong></span> <span class='ocrx_word' id='word_1_446' title='bbox 1494 1507 1600 1542; x_wconf 77' lang='lat' dir='ltr'><strong>venit.</strong></span> <span class='ocrx_word' id='word_1_447' title='bbox 1648 1507 1697 1542; x_wconf 85' lang='lat' dir='ltr'><strong>Et</strong></span> <span class='ocrx_word' id='word_1_448' title='bbox 1723 1512 1902 1552; x_wconf 78' lang='lat' dir='ltr'><strong>tamquam</strong></span> <span class='ocrx_word' id='word_1_449' title='bbox 1932 1507 2204 1551; x_wconf 76' lang='lat' dir='ltr'><strong>philosophatus</strong></span> <span class='ocrx_word' id='word_1_450' title='bbox 2234 1506 2327 1541; x_wconf 80' lang='lat' dir='ltr'><strong>inter</strong></span> <span class='ocrx_word' id='word_1_451' title='bbox 2352 1506 2460 1551; x_wconf 79' lang='lat' dir='ltr'><strong>impe-</strong></span> 
     </span>
     <span class='ocr_line' id='line_1_56' title="bbox 246 1550 2462 1606; baseline 0.001 -24"><span class='ocrx_word' id='word_1_452' title='bbox 246 1552 306 1585; x_wconf 79' lang='grc' dir='ltr'><strong><em>ὲπὶ</em></strong></span> <span class='ocrx_word' id='word_1_453' title='bbox 328 1551 396 1594; x_wconf 84' lang='grc' dir='ltr'><strong>τὴν</strong></span> <span class='ocrx_word' id='word_1_454' title='bbox 420 1553 607 1594; x_wconf 80' lang='grc' dir='ltr'><strong><em>ἐκποίησιν</em></strong></span> <span class='ocrx_word' id='word_1_455' title='bbox 627 1550 729 1594; x_wconf 69' lang='grc' dir='ltr'><strong><em>ηλθε.</em></strong></span> <span class='ocrx_word' id='word_1_456' title='bbox 778 1555 839 1585; x_wconf 78' lang='grc' dir='ltr'><strong>καὶ</strong></span> <span class='ocrx_word' id='word_1_457' title='bbox 870 1550 905 1606; x_wconf 50' lang='grc' dir='ltr'><strong>ὁ(</strong></span> <span class='ocrx_word' id='word_1_458' title='bbox 923 1551 1118 1598; x_wconf 80' lang='grc' dir='ltr'><strong><em>φιλόσοφος</em></strong></span> <span class='ocrx_word' id='word_1_459' title='bbox 1149 1554 1189 1586; x_wconf 81' lang='grc' dir='ltr'><strong>ἐν</strong></span> <span class='ocrx_word' id='word_1_460' title='bbox 1219 1556 1323 1596; x_wconf 82' lang='grc' dir='ltr'><strong><em>βασι-</em></strong></span> <span class='ocrx_word' id='word_1_461' title='bbox 1337 1555 1378 1587; x_wconf 82' lang='grc'><strong>30</strong></span> <span class='ocrx_word' id='word_1_462' title='bbox 1392 1556 1528 1587; x_wconf 88' lang='lat' dir='ltr'><strong>ratores</strong></span> <span class='ocrx_word' id='word_1_463' title='bbox 1548 1551 1693 1587; x_wconf 89' lang='lat' dir='ltr'><strong>Marcus</strong></span> <span class='ocrx_word' id='word_1_464' title='bbox 1715 1552 1780 1587; x_wconf 86' lang='lat' dir='ltr'><strong>tali</strong></span> <span class='ocrx_word' id='word_1_465' title='bbox 1803 1552 1955 1596; x_wconf 89' lang='lat' dir='ltr'><strong>quodam</strong></span> <span class='ocrx_word' id='word_1_466' title='bbox 1976 1552 2159 1596; x_wconf 84' lang='lat' dir='ltr'><strong>proposito</strong></span> <span class='ocrx_word' id='word_1_467' title='bbox 2184 1562 2270 1587; x_wconf 85' lang='lat' dir='ltr'><strong>casu</strong></span> <span class='ocrx_word' id='word_1_468' title='bbox 2294 1551 2358 1585; x_wconf 85' lang='lat' dir='ltr'><strong>viri</strong></span> <span class='ocrx_word' id='word_1_469' title='bbox 2378 1551 2462 1586; x_wconf 89' lang='lat' dir='ltr'><strong>boni</strong></span> 
     </span>
    </p>
   </div>
   <div class='ocr_carea' id='block_1_24' title="bbox 245 1594 1324 1730">
    <p class='ocr_par' dir='ltr' id='par_1_24' title="bbox 245 1594 1324 1730">
     <span class='ocr_line' id='line_1_57' title="bbox 245 1594 1323 1642; baseline 0.002 -13"><span class='ocrx_word' id='word_1_470' title='bbox 245 1594 343 1629; x_wconf 83' lang='grc' dir='ltr'><strong>λεῦσι</strong></span> <span class='ocrx_word' id='word_1_471' title='bbox 368 1597 531 1641; x_wconf 81' lang='grc' dir='ltr'><strong><em>Μᾶρκος,</em></strong></span> <span class='ocrx_word' id='word_1_472' title='bbox 562 1596 727 1630; x_wconf 87' lang='grc' dir='ltr'><strong><em>τοιούτου</em></strong></span> <span class='ocrx_word' id='word_1_473' title='bbox 757 1597 856 1631; x_wconf 86' lang='grc' dir='ltr'><strong><em>τινὸς</em></strong></span> <span class='ocrx_word' id='word_1_474' title='bbox 886 1597 1130 1632; x_wconf 78' lang='grc' dir='ltr'><strong><em>υποτεθέντος</em></strong></span> <span class='ocrx_word' id='word_1_475' title='bbox 1153 1598 1323 1642; x_wconf 82' lang='grc' dir='ltr'><strong><em>θέματος,</em></strong></span> 
     </span>
     <span class='ocr_line' id='line_1_58' title="bbox 246 1637 1324 1687; baseline 0.002 -13"><span class='ocrx_word' id='word_1_476' title='bbox 246 1637 377 1686; x_wconf 76' lang='grc' dir='ltr'><strong><em>ἀνδρὸς</em></strong></span> <span class='ocrx_word' id='word_1_477' title='bbox 400 1638 543 1687; x_wconf 78' lang='grc' dir='ltr'><strong><em>ἀγαθοῦ</em></strong></span> <span class='ocrx_word' id='word_1_478' title='bbox 563 1645 748 1685; x_wconf 87' lang='grc' dir='ltr'><strong><em>μεσιτείαν</em></strong></span> <span class='ocrx_word' id='word_1_479' title='bbox 768 1639 885 1676; x_wconf 84' lang='grc' dir='ltr'><strong><em>δοκεῖν</em></strong></span> <span class='ocrx_word' id='word_1_480' title='bbox 905 1644 1039 1676; x_wconf 80' lang='grc' dir='ltr'><strong><em>ἐνεῖναι</em></strong></span> <span class='ocrx_word' id='word_1_481' title='bbox 1061 1645 1134 1677; x_wconf 88' lang='grc' dir='ltr'><strong><em>τοῖς</em></strong></span> <span class='ocrx_word' id='word_1_482' title='bbox 1149 1641 1324 1677; x_wconf 81' lang='grc' dir='ltr'><strong><em>τοιούτοις</em></strong></span> 
     </span>
     <span class='ocr_line' id='line_1_59' title="bbox 247 1684 637 1730; baseline 0.003 -11"><span class='ocrx_word' id='word_1_483' title='bbox 247 1685 381 1730; x_wconf 82' lang='grc' dir='ltr'><strong><em>ῥήμασι</em></strong></span> <span class='ocrx_word' id='word_1_484' title='bbox 402 1684 637 1721; x_wconf 88' lang='grc' dir='ltr'><strong><em>διετύπωσεν.</em></strong></span> 
     </span>
    </p>
   </div>
   <div class='ocr_carea' id='block_1_25' title="bbox 1391 1597 2371 1642">
    <p class='ocr_par' dir='ltr' id='par_1_25' title="bbox 1391 1597 2371 1642">
     <span class='ocr_line' id='line_1_60' title="bbox 1391 1597 2371 1642; baseline -0.001 -10"><span class='ocrx_word' id='word_1_485' title='bbox 1391 1597 1603 1633; x_wconf 90' lang='lat' dir='ltr'><strong>arbitratum</strong></span> <span class='ocrx_word' id='word_1_486' title='bbox 1627 1597 1735 1633; x_wconf 85' lang='lat' dir='ltr'><strong>videri</strong></span> <span class='ocrx_word' id='word_1_487' title='bbox 1757 1598 1873 1633; x_wconf 88' lang='lat' dir='ltr'><strong>inesse</strong></span> <span class='ocrx_word' id='word_1_488' title='bbox 1896 1597 2027 1633; x_wconf 88' lang='lat' dir='ltr'><strong>talibus</strong></span> <span class='ocrx_word' id='word_1_489' title='bbox 2050 1597 2164 1632; x_wconf 86' lang='lat' dir='ltr'><strong>verbis</strong></span> <span class='ocrx_word' id='word_1_490' title='bbox 2187 1597 2371 1642; x_wconf 85' lang='lat' dir='ltr'><strong>disposuit.</strong></span> 
     </span>
    </p>
   </div>
   <div class='ocr_carea' id='block_1_26' title="bbox 1242 1777 1451 1814">
    <p class='ocr_par' dir='ltr' id='par_1_26' title="bbox 1242 1777 1451 1814">
     <span class='ocr_line' id='line_1_61' title="bbox 1242 1777 1451 1814; baseline -0.005 -1"><span class='ocrx_word' id='word_1_491' title='bbox 1242 1777 1399 1814; x_wconf 84' lang='lat' dir='ltr'>CAPUT</span> <span class='ocrx_word' id='word_1_492' title='bbox 1421 1777 1451 1813; x_wconf 92' lang='grc' dir='ltr'><strong>Ι.</strong></span> 
     </span>
    </p>
   </div>
   <div class='ocr_carea' id='block_1_27' title="bbox 300 1837 1323 1895">
    <p class='ocr_par' dir='ltr' id='par_1_27' title="bbox 300 1837 1323 1895">
     <span class='ocr_line' id='line_1_62' title="bbox 300 1837 1323 1895; baseline 0.002 -17"><span class='ocrx_word' id='word_1_493' title='bbox 300 1841 404 1887; x_wconf 45' lang='grc' dir='ltr'><strong><em>(Ημῖν</em></strong></span> <span class='ocrx_word' id='word_1_494' title='bbox 427 1837 493 1878; x_wconf 71' lang='grc' dir='ltr'><strong>οὖν</strong></span> <span class='ocrx_word' id='word_1_495' title='bbox 517 1840 642 1895; x_wconf 72' lang='grc' dir='ltr'><strong><em>ᾆρθῶς</em></strong></span> <span class='ocrx_word' id='word_1_496' title='bbox 664 1842 787 1885; x_wconf 82' lang='grc' dir='ltr'><strong><em>ἔδοξεν</em></strong></span> <span class='ocrx_word' id='word_1_497' title='bbox 818 1846 912 1887; x_wconf 78' lang='grc' dir='ltr'><strong><em>ἔχειν</em></strong></span> <span class='ocrx_word' id='word_1_498' title='bbox 941 1841 1039 1880; x_wconf 72' lang='grc' dir='ltr'><strong><em>οὕτω</em></strong></span> <span class='ocrx_word' id='word_1_499' title='bbox 1063 1847 1231 1880; x_wconf 85' lang='grc' dir='ltr'><strong><em>τυπῶσαι</em></strong></span> <span class='ocrx_word' id='word_1_500' title='bbox 1254 1846 1323 1888; x_wconf 82' lang='grc' dir='ltr'><strong>τὴν</strong></span> 
     </span>
    </p>
   </div>
   <div class='ocr_carea' id='block_1_28' title="bbox 1459 1843 2461 1888">
    <p class='ocr_par' dir='ltr' id='par_1_28' title="bbox 1459 1843 2461 1888">
     <span class='ocr_line' id='line_1_63' title="bbox 1459 1843 2461 1888; baseline -0.001 -8"><span class='ocrx_word' id='word_1_501' title='bbox 1459 1844 1572 1880; x_wconf 89' lang='lat' dir='ltr'><strong>Nobis</strong></span> <span class='ocrx_word' id='word_1_502' title='bbox 1596 1854 1679 1888; x_wconf 86' lang='lat' dir='ltr'><strong>ergo</strong></span> <span class='ocrx_word' id='word_1_503' title='bbox 1703 1846 1800 1880; x_wconf 87' lang='lat' dir='ltr'><strong>recte</strong></span> <span class='ocrx_word' id='word_1_504' title='bbox 1823 1843 1936 1878; x_wconf 86' lang='lat' dir='ltr'><strong>visum</strong></span> <span class='ocrx_word' id='word_1_505' title='bbox 1964 1847 2018 1879; x_wconf 90' lang='lat' dir='ltr'><strong>est</strong></span> <span class='ocrx_word' id='word_1_506' title='bbox 2039 1843 2171 1879; x_wconf 84' lang='lat' dir='ltr'><strong>habere</strong></span> <span class='ocrx_word' id='word_1_507' title='bbox 2199 1844 2250 1878; x_wconf 85' lang='lat' dir='ltr'><strong>ita</strong></span> <span class='ocrx_word' id='word_1_508' title='bbox 2273 1843 2461 1888; x_wconf 88' lang='lat' dir='ltr'><strong>disponere</strong></span> 
     </span>
    </p>
   </div>
   <div class='ocr_carea' id='block_1_29' title="bbox 246 1886 2462 1935">
    <p class='ocr_par' dir='ltr' id='par_1_29' title="bbox 246 1886 2462 1935">
     <span class='ocr_line' id='line_1_64' title="bbox 246 1886 2462 1935; baseline -0 -11"><span class='ocrx_word' id='word_1_509' title='bbox 246 1887 481 1933; x_wconf 74' lang='grc' dir='ltr'><strong><em>νομοθεσίαν,</em></strong></span> <span class='ocrx_word' id='word_1_510' title='bbox 506 1886 593 1923; x_wconf 80' lang='grc' dir='ltr'><strong><em>ὡςτε</em></strong></span> <span class='ocrx_word' id='word_1_511' title='bbox 615 1890 646 1923; x_wconf 80' lang='grc' dir='ltr'><strong>εἰ</strong></span> <span class='ocrx_word' id='word_1_512' title='bbox 668 1891 736 1933; x_wconf 78' lang='grc' dir='ltr'><strong>μὲν</strong></span> <span class='ocrx_word' id='word_1_513' title='bbox 759 1889 922 1925; x_wconf 79' lang='grc' dir='ltr'><strong><em>καθόλου</em></strong></span> <span class='ocrx_word' id='word_1_514' title='bbox 945 1901 999 1925; x_wconf 80' lang='grc' dir='ltr'><strong>τις</strong></span> <span class='ocrx_word' id='word_1_515' title='bbox 1022 1891 1115 1926; x_wconf 83' lang='grc' dir='ltr'><strong><em>εἴποι</em></strong></span> <span class='ocrx_word' id='word_1_516' title='bbox 1140 1887 1323 1924; x_wconf 81' lang='grc' dir='ltr'><strong><em>ἀπακατά-</em></strong></span> <span class='ocrx_word' id='word_1_517' title='bbox 1338 1894 1380 1925; x_wconf 84' lang='grc'><strong>35</strong></span> <span class='ocrx_word' id='word_1_518' title='bbox 1393 1889 1662 1935; x_wconf 87' lang='lat' dir='ltr'><strong>legislationem,</strong></span> <span class='ocrx_word' id='word_1_519' title='bbox 1685 1891 1727 1924; x_wconf 88' lang='lat' dir='ltr'><strong>ut</strong></span> <span class='ocrx_word' id='word_1_520' title='bbox 1746 1888 1783 1928; x_wconf 71' lang='lat' dir='ltr'><strong>si</strong></span> <span class='ocrx_word' id='word_1_521' title='bbox 1796 1888 1934 1933; x_wconf 88' lang='lat' dir='ltr'><strong>quidem</strong></span> <span class='ocrx_word' id='word_1_522' title='bbox 1955 1889 2200 1924; x_wconf 88' lang='lat' dir='ltr'><strong>universaliter</strong></span> <span class='ocrx_word' id='word_1_523' title='bbox 2219 1889 2345 1934; x_wconf 87' lang='lat' dir='ltr'><strong>aliquis</strong></span> <span class='ocrx_word' id='word_1_524' title='bbox 2366 1889 2462 1924; x_wconf 89' lang='lat' dir='ltr'><strong>dicat</strong></span> 
     </span>
    </p>
   </div>
   <div class='ocr_carea' id='block_1_30' title="bbox 245 1931 1323 2025">
    <p class='ocr_par' dir='ltr' id='par_1_30' title="bbox 245 1931 1323 2025">
     <span class='ocr_line' id='line_1_65' title="bbox 246 1931 1323 1985; baseline 0.001 -18"><span class='ocrx_word' id='word_1_525' title='bbox 246 1945 376 1968; x_wconf 90' lang='grc' dir='ltr'><strong><em>στασιν</em></strong></span> <span class='ocrx_word' id='word_1_526' title='bbox 403 1935 467 1967; x_wconf 81' lang='grc' dir='ltr'><strong>τοῦ</strong></span> <span class='ocrx_word' id='word_1_527' title='bbox 492 1932 801 1980; x_wconf 81' lang='grc' dir='ltr'><strong><em>φιδεϊκομμίσσου,</em></strong></span> <span class='ocrx_word' id='word_1_528' title='bbox 836 1936 953 1985; x_wconf 56' lang='grc' dir='ltr'><strong><em>ταῦτα</em></strong></span> <span class='ocrx_word' id='word_1_529' title='bbox 972 1938 1117 1981; x_wconf 87' lang='grc' dir='ltr'><strong><em>κρατεῖν</em></strong></span> <span class='ocrx_word' id='word_1_530' title='bbox 1147 1931 1240 1980; x_wconf 76' lang='grc' dir='ltr'><strong><em>ἅπερ</em></strong></span> <span class='ocrx_word' id='word_1_531' title='bbox 1263 1936 1323 1970; x_wconf 79' lang='grc' dir='ltr'><strong><em>ἐπὶ</em></strong></span> 
     </span>
     <span class='ocr_line' id='line_1_66' title="bbox 245 1977 1323 2025; baseline 0.002 -13"><span class='ocrx_word' id='word_1_532' title='bbox 245 1980 323 2013; x_wconf 83' lang='grc' dir='ltr'><strong>τῶν</strong></span> <span class='ocrx_word' id='word_1_533' title='bbox 345 1980 521 2013; x_wconf 82' lang='grc' dir='ltr'><strong><em>τοιούτων</em></strong></span> <span class='ocrx_word' id='word_1_534' title='bbox 545 1978 734 2024; x_wconf 81' lang='grc' dir='ltr'><strong><em>διώρισται</em></strong></span> <span class='ocrx_word' id='word_1_535' title='bbox 758 1983 817 2013; x_wconf 82' lang='grc' dir='ltr'><strong>καὶ</strong></span> <span class='ocrx_word' id='word_1_536' title='bbox 842 1993 917 2025; x_wconf 87' lang='grc' dir='ltr'><strong>παρ</strong></span> <span class='ocrx_word' id='word_1_537' title='bbox 957 1977 1063 2024; x_wconf 80' lang='grc' dir='ltr'><strong><em>ἡμῶν</em></strong></span> <span class='ocrx_word' id='word_1_538' title='bbox 1085 1978 1153 2023; x_wconf 77' lang='grc' dir='ltr'><strong><em>ἤδη</em></strong></span> <span class='ocrx_word' id='word_1_539' title='bbox 1177 1993 1323 2024; x_wconf 82' lang='grc' dir='ltr'><strong><em>νενομο-</em></strong></span> 
     </span>
    </p>
   </div>
   <div class='ocr_carea' id='block_1_31' title="bbox 1390 1933 2461 2024">
    <p class='ocr_par' dir='ltr' id='par_1_31' title="bbox 1390 1933 2461 2024">
     <span class='ocr_line' id='line_1_67' title="bbox 1392 1933 2460 1979; baseline -0.001 -9"><span class='ocrx_word' id='word_1_540' title='bbox 1392 1935 1650 1971; x_wconf 90' lang='lat' dir='ltr'><strong>restitutionem</strong></span> <span class='ocrx_word' id='word_1_541' title='bbox 1669 1933 1941 1978; x_wconf 88' lang='lat' dir='ltr'><strong>fideicommissi,</strong></span> <span class='ocrx_word' id='word_1_542' title='bbox 1965 1933 2055 1969; x_wconf 84' lang='lat' dir='ltr'><strong>haec</strong></span> <span class='ocrx_word' id='word_1_543' title='bbox 2074 1938 2195 1969; x_wconf 86' lang='lat' dir='ltr'><strong>tenere</strong></span> <span class='ocrx_word' id='word_1_544' title='bbox 2219 1944 2310 1979; x_wconf 87' lang='lat' dir='ltr'><strong>quae</strong></span> <span class='ocrx_word' id='word_1_545' title='bbox 2326 1934 2364 1969; x_wconf 91' lang='lat' dir='ltr'><strong>in</strong></span> <span class='ocrx_word' id='word_1_546' title='bbox 2380 1933 2460 1969; x_wconf 88' lang='lat' dir='ltr'><strong>tali-</strong></span> 
     </span>
     <span class='ocr_line' id='line_1_68' title="bbox 1390 1978 2461 2024; baseline -0.002 -8"><span class='ocrx_word' id='word_1_547' title='bbox 1390 1981 1459 2016; x_wconf 90' lang='lat' dir='ltr'><strong>bus</strong></span> <span class='ocrx_word' id='word_1_548' title='bbox 1482 1980 1628 2015; x_wconf 87' lang='lat' dir='ltr'><strong>decreta</strong></span> <span class='ocrx_word' id='word_1_549' title='bbox 1659 1983 1742 2015; x_wconf 92' lang='lat' dir='ltr'><strong>sunt</strong></span> <span class='ocrx_word' id='word_1_550' title='bbox 1772 1982 1808 2014; x_wconf 90' lang='lat' dir='ltr'><strong>et</strong></span> <span class='ocrx_word' id='word_1_551' title='bbox 1837 1989 1860 2014; x_wconf 86' lang='lat' dir='ltr'><strong>a</strong></span> <span class='ocrx_word' id='word_1_552' title='bbox 1882 1978 1986 2015; x_wconf 90' lang='lat' dir='ltr'><strong>nobis</strong></span> <span class='ocrx_word' id='word_1_553' title='bbox 2016 1979 2087 2014; x_wconf 90' lang='lat' dir='ltr'><strong>iam</strong></span> <span class='ocrx_word' id='word_1_554' title='bbox 2110 1980 2265 2024; x_wconf 79' lang='lat' dir='ltr'><strong>sancita3</strong></span> <span class='ocrx_word' id='word_1_555' title='bbox 2300 1979 2356 2014; x_wconf 86' lang='lat' dir='ltr'><strong>sin</strong></span> <span class='ocrx_word' id='word_1_556' title='bbox 2378 1989 2461 2014; x_wconf 90' lang='lat' dir='ltr'><strong>vero</strong></span> 
     </span>
    </p>
   </div>
   <div class='ocr_carea' id='block_1_32' title="bbox 245 2078 2462 2172">
    <p class='ocr_par' dir='ltr' id='par_1_32' title="bbox 245 2078 2462 2172">
     <span class='ocr_line' id='line_1_69' title="bbox 246 2078 2461 2130; baseline -0 -13"><span class='ocrx_word' id='word_1_557' title='bbox 246 2081 357 2126; x_wconf 75' lang='lat' dir='ltr'><strong>leqem</strong></span> <span class='ocrx_word' id='word_1_558' title='bbox 380 2081 413 2116; x_wconf 83' lang='lat' dir='ltr'><strong>ei</strong></span> <span class='ocrx_word' id='word_1_559' title='bbox 435 2080 607 2116; x_wconf 84' lang='lat' dir='ltr'><strong>debentur</strong></span> <span class='ocrx_word' id='word_1_560' title='bbox 630 2092 679 2117; x_wconf 72' lang='lat' dir='ltr'><strong>ea:</strong></span> <span class='ocrx_word' id='word_1_561' title='bbox 701 2080 808 2117; x_wconf 86' lang='lat' dir='ltr'><strong>rebus</strong></span> <span class='ocrx_word' id='word_1_562' title='bbox 831 2079 875 2115; x_wconf 90' lang='lat' dir='ltr'><strong>ab</strong></span> <span class='ocrx_word' id='word_1_563' title='bbox 900 2081 981 2126; x_wconf 81' lang='lat' dir='ltr'><strong>ipso</strong></span> <span class='ocrx_word' id='word_1_564' title='bbox 1006 2080 1046 2117; x_wconf 59' lang='lat' dir='ltr'><strong>ei.</strong></span> <span class='ocrx_word' id='word_1_565' title='bbox 1060 2080 1197 2116; x_wconf 84' lang='lat' dir='ltr'><strong>relictis</strong></span> <span class='ocrx_word' id='word_1_566' title='bbox 1219 2081 1379 2126; x_wconf 85' lang='lat' dir='ltr'><strong>reliquas</strong></span> <span class='ocrx_word' id='word_1_567' title='bbox 1404 2090 1526 2115; x_wconf 89' lang='lat' dir='ltr'><strong>omnes</strong></span> <span class='ocrx_word' id='word_1_568' title='bbox 1548 2090 1607 2115; x_wconf 91' lang='lat' dir='ltr'><strong>res</strong></span> <span class='ocrx_word' id='word_1_569' title='bbox 1628 2085 1664 2115; x_wconf 86' lang='lat' dir='ltr'><strong>et</strong></span> <span class='ocrx_word' id='word_1_570' title='bbox 1686 2080 1787 2122; x_wconf 86' lang='lat' dir='ltr'><strong>iura,</strong></span> <span class='ocrx_word' id='word_1_571' title='bbox 1812 2089 2055 2130; x_wconf 77' lang='lat' dir='ltr'><strong>quaecumque</strong></span> <span class='ocrx_word' id='word_1_572' title='bbox 2078 2078 2178 2130; x_wconf 84' lang='lat' dir='ltr'><strong>apud</strong></span> <span class='ocrx_word' id='word_1_573' title='bbox 2201 2091 2279 2114; x_wconf 85' lang='lat' dir='ltr'><strong>eum</strong></span> <span class='ocrx_word' id='word_1_574' title='bbox 2304 2085 2461 2126; x_wconf 83' lang='lat' dir='ltr'><strong>tempore</strong></span> 
     </span>
     <span class='ocr_line' id='line_1_70' title="bbox 245 2122 2462 2172; baseline 0 -12"><span class='ocrx_word' id='word_1_575' title='bbox 245 2126 373 2161; x_wconf 82' lang='lat' dir='ltr'><strong>mortis</strong></span> <span class='ocrx_word' id='word_1_576' title='bbox 394 2129 540 2172; x_wconf 85' lang='lat' dir='ltr'><strong>reperta</strong></span> <span class='ocrx_word' id='word_1_577' title='bbox 562 2125 647 2168; x_wconf 85' lang='lat' dir='ltr'><strong>sint,</strong></span> <span class='ocrx_word' id='word_1_578' title='bbox 679 2126 837 2161; x_wconf 85' lang='lat' dir='ltr'><strong>transire</strong></span> <span class='ocrx_word' id='word_1_579' title='bbox 858 2128 894 2160; x_wconf 90' lang='lat' dir='ltr'><strong>et</strong></span> <span class='ocrx_word' id='word_1_580' title='bbox 916 2125 1059 2161; x_wconf 82' lang='lat' dir='ltr'><strong>restitui</strong></span> <span class='ocrx_word' id='word_1_581' title='bbox 1090 2125 1123 2160; x_wconf 85' lang='lat' dir='ltr'><strong>ei</strong></span> <span class='ocrx_word' id='word_1_582' title='bbox 1146 2125 1211 2171; x_wconf 85' lang='lat' dir='ltr'><strong>qui</strong></span> <span class='ocrx_word' id='word_1_583' title='bbox 1231 2136 1281 2161; x_wconf 80' lang='lat' dir='ltr'><strong>ex</strong></span> <span class='ocrx_word' id='word_1_584' title='bbox 1304 2125 1377 2160; x_wconf 79' lang='lat' dir='ltr'><strong>illis</strong></span> <span class='ocrx_word' id='word_1_585' title='bbox 1399 2128 1582 2171; x_wconf 88' lang='lat' dir='ltr'><strong>superstes</strong></span> <span class='ocrx_word' id='word_1_586' title='bbox 1603 2125 1754 2170; x_wconf 84' lang='lat' dir='ltr'><strong>futurus</strong></span> <span class='ocrx_word' id='word_1_587' title='bbox 1781 2125 1830 2159; x_wconf 88' lang='lat' dir='ltr'><strong>sit</strong></span> <span class='ocrx_word' id='word_1_588' title='bbox 1853 2122 1909 2159; x_wconf 85' lang='lat' dir='ltr'><strong>vel</strong></span> <span class='ocrx_word' id='word_1_589' title='bbox 1928 2122 2046 2159; x_wconf 70' lang='lat' dir='ltr'><strong>laberis</strong></span> <span class='ocrx_word' id='word_1_590' title='bbox 2067 2134 2155 2166; x_wconf 78' lang='lat' dir='ltr'><strong>etus,</strong></span> <span class='ocrx_word' id='word_1_591' title='bbox 2186 2124 2360 2170; x_wconf 80' lang='lat' dir='ltr'><strong>siquidem</strong></span> <span class='ocrx_word' id='word_1_592' title='bbox 2384 2126 2462 2171; x_wconf 85' lang='lat' dir='ltr'><strong>ipse</strong></span> 
     </span>
    </p>
   </div>
   <div class='ocr_carea' id='block_1_33' title="bbox 240 2168 2462 2763">
    <p class='ocr_par' dir='ltr' id='par_1_33' title="bbox 240 2168 2462 2763">
     <span class='ocr_line' id='line_1_71' title="bbox 245 2168 2462 2216; baseline 0 -10"><span class='ocrx_word' id='word_1_593' title='bbox 245 2171 439 2216; x_wconf 85' lang='lat' dir='ltr'><strong>defunctus</strong></span> <span class='ocrx_word' id='word_1_594' title='bbox 452 2172 510 2213; x_wconf 83' lang='lat' dir='ltr'><strong>sit,</strong></span> <span class='ocrx_word' id='word_1_595' title='bbox 536 2171 632 2206; x_wconf 89' lang='lat' dir='ltr'><strong>omni</strong></span> <span class='ocrx_word' id='word_1_596' title='bbox 656 2171 823 2206; x_wconf 85' lang='lat' dir='ltr'><strong>cautione</strong></span> <span class='ocrx_word' id='word_1_597' title='bbox 846 2174 882 2205; x_wconf 88' lang='lat' dir='ltr'><strong>et</strong></span> <span class='ocrx_word' id='word_1_598' title='bbox 901 2169 1133 2215; x_wconf 84' lang='lat' dir='ltr'><strong>fideiussione</strong></span> <span class='ocrx_word' id='word_1_599' title='bbox 1149 2175 1309 2216; x_wconf 84' lang='lat' dir='ltr'><strong>propter</strong></span> <span class='ocrx_word' id='word_1_600' title='bbox 1331 2170 1593 2206; x_wconf 85' lang='lat' dir='ltr'><strong>restitutionem</strong></span> <span class='ocrx_word' id='word_1_601' title='bbox 1615 2168 1722 2204; x_wconf 88' lang='lat' dir='ltr'><strong>modo</strong></span> <span class='ocrx_word' id='word_1_602' title='bbox 1746 2168 1878 2204; x_wconf 89' lang='lat' dir='ltr'><strong>dictam</strong></span> <span class='ocrx_word' id='word_1_603' title='bbox 1900 2168 1995 2204; x_wconf 86' lang='lat' dir='ltr'><strong>inter</strong></span> <span class='ocrx_word' id='word_1_604' title='bbox 2013 2179 2076 2204; x_wconf 85' lang='lat' dir='ltr'><strong>eos</strong></span> <span class='ocrx_word' id='word_1_605' title='bbox 2098 2176 2268 2205; x_wconf 82' lang='lat' dir='ltr'><strong>cessante.</strong></span> <span class='ocrx_word' id='word_1_606' title='bbox 2315 2170 2387 2205; x_wconf 84' lang='lat' dir='ltr'><strong>His</strong></span> <span class='ocrx_word' id='word_1_607' title='bbox 2409 2171 2462 2206; x_wconf 85' lang='lat' dir='ltr'><strong>ita</strong></span> 
     </span>
     <span class='ocr_line' id='line_1_72' title="bbox 245 2212 2462 2262; baseline -0 -11"><span class='ocrx_word' id='word_1_608' title='bbox 245 2217 355 2262; x_wconf 80' lang='lat' dir='ltr'><strong>qestis</strong></span> <span class='ocrx_word' id='word_1_609' title='bbox 378 2226 457 2250; x_wconf 88' lang='lat' dir='ltr'><strong>eum</strong></span> <span class='ocrx_word' id='word_1_610' title='bbox 480 2220 644 2251; x_wconf 89' lang='lat' dir='ltr'><strong>mortuus</strong></span> <span class='ocrx_word' id='word_1_611' title='bbox 673 2216 723 2251; x_wconf 88' lang='lat' dir='ltr'><strong>sit</strong></span> <span class='ocrx_word' id='word_1_612' title='bbox 750 2220 784 2250; x_wconf 90' lang='lat' dir='ltr'><strong>et</strong></span> <span class='ocrx_word' id='word_1_613' title='bbox 808 2225 901 2250; x_wconf 87' lang='lat' dir='ltr'><strong>unus</strong></span> <span class='ocrx_word' id='word_1_614' title='bbox 921 2214 1063 2261; x_wconf 87' lang='lat' dir='ltr'><strong>quidem</strong></span> <span class='ocrx_word' id='word_1_615' title='bbox 1086 2225 1136 2250; x_wconf 79' lang='lat' dir='ltr'><strong>ex</strong></span> <span class='ocrx_word' id='word_1_616' title='bbox 1160 2214 1280 2251; x_wconf 83' lang='lat' dir='ltr'><strong>liberis</strong></span> <span class='ocrx_word' id='word_1_617' title='bbox 1310 2219 1346 2250; x_wconf 88' lang='lat' dir='ltr'><strong>et</strong></span> <span class='ocrx_word' id='word_1_618' title='bbox 1369 2214 1558 2251; x_wconf 77' lang='lat' dir='ltr'><strong>heredibus</strong></span> <span class='ocrx_word' id='word_1_619' title='bbox 1588 2215 1665 2250; x_wconf 83' lang='lat' dir='ltr'><strong>eius</strong></span> <span class='ocrx_word' id='word_1_620' title='bbox 1689 2213 1820 2249; x_wconf 85' lang='lat' dir='ltr'><strong>liberos</strong></span> <span class='ocrx_word' id='word_1_621' title='bbox 1842 2212 1988 2255; x_wconf 88' lang='lat' dir='ltr'><strong>habeat,</strong></span> <span class='ocrx_word' id='word_1_622' title='bbox 2019 2213 2110 2250; x_wconf 85' lang='lat' dir='ltr'><strong>alter</strong></span> <span class='ocrx_word' id='word_1_623' title='bbox 2133 2225 2216 2250; x_wconf 87' lang='lat' dir='ltr'><strong>vero</strong></span> <span class='ocrx_word' id='word_1_624' title='bbox 2238 2215 2315 2250; x_wconf 85' lang='lat' dir='ltr'><strong>sine</strong></span> <span class='ocrx_word' id='word_1_625' title='bbox 2339 2215 2462 2251; x_wconf 86' lang='lat' dir='ltr'><strong>liberis</strong></span> 
     </span>
     <span class='ocr_line' id='line_1_73' title="bbox 245 2257 2462 2306; baseline 0 -11"><span class='ocrx_word' id='word_1_626' title='bbox 245 2260 433 2302; x_wconf 83' lang='lat' dir='ltr'><strong>manserit,</strong></span> <span class='ocrx_word' id='word_1_627' title='bbox 492 2260 633 2296; x_wconf 85' lang='lat' dir='ltr'><strong>rohibet</strong></span> <span class='ocrx_word' id='word_1_628' title='bbox 654 2260 686 2295; x_wconf 86' lang='lat' dir='ltr'><strong>is</strong></span> <span class='ocrx_word' id='word_1_629' title='bbox 709 2260 772 2306; x_wconf 87' lang='lat' dir='ltr'><strong>qui</strong></span> <span class='ocrx_word' id='word_1_630' title='bbox 795 2259 924 2295; x_wconf 85' lang='lat' dir='ltr'><strong>liberos</strong></span> <span class='ocrx_word' id='word_1_631' title='bbox 946 2258 1054 2296; x_wconf 86' lang='lat' dir='ltr'><strong>habet</strong></span> <span class='ocrx_word' id='word_1_632' title='bbox 1076 2271 1163 2295; x_wconf 81' lang='lat' dir='ltr'><strong>eum</strong></span> <span class='ocrx_word' id='word_1_633' title='bbox 1194 2260 1257 2306; x_wconf 87' lang='lat' dir='ltr'><strong>qui</strong></span> <span class='ocrx_word' id='word_1_634' title='bbox 1280 2259 1401 2296; x_wconf 80' lang='lat' dir='ltr'><strong>liberis</strong></span> <span class='ocrx_word' id='word_1_635' title='bbox 1431 2264 1532 2295; x_wconf 88' lang='lat' dir='ltr'><strong>caret</strong></span> <span class='ocrx_word' id='word_1_636' title='bbox 1552 2260 1658 2295; x_wconf 86' lang='lat' dir='ltr'><strong>rebus</strong></span> <span class='ocrx_word' id='word_1_637' title='bbox 1680 2259 1744 2301; x_wconf 89' lang='lat' dir='ltr'><strong>uti,</strong></span> <span class='ocrx_word' id='word_1_638' title='bbox 1776 2259 1912 2305; x_wconf 89' lang='lat' dir='ltr'><strong>quippe</strong></span> <span class='ocrx_word' id='word_1_639' title='bbox 1933 2258 1997 2304; x_wconf 80' lang='lat' dir='ltr'><strong>qui</strong></span> <span class='ocrx_word' id='word_1_640' title='bbox 2019 2269 2081 2294; x_wconf 87' lang='lat' dir='ltr'><strong>eas</strong></span> <span class='ocrx_word' id='word_1_641' title='bbox 2103 2257 2307 2301; x_wconf 86' lang='lat' dir='ltr'><strong>deminuat;</strong></span> <span class='ocrx_word' id='word_1_642' title='bbox 2341 2265 2379 2295; x_wconf 89' lang='lat' dir='ltr'><strong>at</strong></span> <span class='ocrx_word' id='word_1_643' title='bbox 2402 2261 2462 2296; x_wconf 86' lang='lat' dir='ltr'><strong>ille</strong></span> 
     </span>
     <span class='ocr_line' id='line_1_74' title="bbox 246 2302 2460 2352; baseline 0 -11"><span class='ocrx_word' id='word_1_644' title='bbox 246 2306 379 2341; x_wconf 81' lang='lat' dir='ltr'><strong>abusus</strong></span> <span class='ocrx_word' id='word_1_645' title='bbox 402 2317 463 2342; x_wconf 85' lang='lat' dir='ltr'><strong>ver</strong></span> <span class='ocrx_word' id='word_1_646' title='bbox 487 2306 518 2340; x_wconf 88' lang='lat' dir='ltr'><strong>is</strong></span> <span class='ocrx_word' id='word_1_647' title='bbox 542 2307 746 2341; x_wconf 83' lang='lat' dir='ltr'><strong>testamenti</strong></span> <span class='ocrx_word' id='word_1_648' title='bbox 766 2311 800 2341; x_wconf 83' lang='lat' dir='ltr'><strong>ec</strong></span> <span class='ocrx_word' id='word_1_649' title='bbox 821 2304 935 2351; x_wconf 89' lang='lat' dir='ltr'><strong>quod,</strong></span> <span class='ocrx_word' id='word_1_650' title='bbox 966 2305 999 2340; x_wconf 88' lang='lat' dir='ltr'><strong>si</strong></span> <span class='ocrx_word' id='word_1_651' title='bbox 1023 2304 1111 2351; x_wconf 87' lang='lat' dir='ltr'><strong>quid</strong></span> <span class='ocrx_word' id='word_1_652' title='bbox 1134 2309 1292 2352; x_wconf 86' lang='lat' dir='ltr'><strong>tempore</strong></span> <span class='ocrx_word' id='word_1_653' title='bbox 1314 2305 1440 2341; x_wconf 87' lang='lat' dir='ltr'><strong>mortis</strong></span> <span class='ocrx_word' id='word_1_654' title='bbox 1460 2305 1563 2352; x_wconf 87' lang='lat' dir='ltr'><strong>apud</strong></span> <span class='ocrx_word' id='word_1_655' title='bbox 1582 2305 1700 2352; x_wconf 89' lang='lat' dir='ltr'><strong>ipsum</strong></span> <span class='ocrx_word' id='word_1_656' title='bbox 1722 2309 1904 2350; x_wconf 86' lang='lat' dir='ltr'><strong>repertum</strong></span> <span class='ocrx_word' id='word_1_657' title='bbox 1927 2304 1986 2345; x_wconf 88' lang='lat' dir='ltr'><strong>sit,</strong></span> <span class='ocrx_word' id='word_1_658' title='bbox 2014 2302 2084 2339; x_wconf 87' lang='lat' dir='ltr'><strong>hoc</strong></span> <span class='ocrx_word' id='word_1_659' title='bbox 2107 2307 2244 2339; x_wconf 84' lang='lat' dir='ltr'><strong>tantum</strong></span> <span class='ocrx_word' id='word_1_660' title='bbox 2267 2306 2384 2351; x_wconf 71' lang='lat' dir='ltr'><strong>ipsum</strong></span> <span class='ocrx_word' id='word_1_661' title='bbox 2405 2317 2460 2342; x_wconf 90' lang='lat' dir='ltr'><strong>re-</strong></span> 
     </span>
     <span class='ocr_line' id='line_1_75' title="bbox 245 2347 2460 2397; baseline 0 -11"><span class='ocrx_word' id='word_1_662' title='bbox 245 2351 393 2386; x_wconf 87' lang='lat' dir='ltr'><strong>stituere</strong></span> <span class='ocrx_word' id='word_1_663' title='bbox 409 2356 522 2397; x_wconf 86' lang='lat' dir='ltr'><strong>pater</strong></span> <span class='ocrx_word' id='word_1_664' title='bbox 535 2351 692 2392; x_wconf 87' lang='lat' dir='ltr'><strong>iusserit,</strong></span> <span class='ocrx_word' id='word_1_665' title='bbox 715 2349 911 2386; x_wconf 85' lang='lat' dir='ltr'><strong>secundum</strong></span> <span class='ocrx_word' id='word_1_666' title='bbox 927 2350 1032 2385; x_wconf 88' lang='lat' dir='ltr'><strong>istam</strong></span> <span class='ocrx_word' id='word_1_667' title='bbox 1050 2351 1226 2386; x_wconf 84' lang='lat' dir='ltr'><strong>rationem</strong></span> <span class='ocrx_word' id='word_1_668' title='bbox 1250 2350 1429 2386; x_wconf 83' lang='lat' dir='ltr'><strong>licentiam</strong></span> <span class='ocrx_word' id='word_1_669' title='bbox 1448 2361 1487 2386; x_wconf 84' lang='lat' dir='ltr'><strong>se</strong></span> <span class='ocrx_word' id='word_1_670' title='bbox 1503 2349 1634 2386; x_wconf 86' lang='lat' dir='ltr'><strong>habere</strong></span> <span class='ocrx_word' id='word_1_671' title='bbox 1657 2349 1857 2385; x_wconf 81' lang='lat' dir='ltr'><strong>arbitratur</strong></span> <span class='ocrx_word' id='word_1_672' title='bbox 1880 2359 1952 2395; x_wconf 89' lang='lat' dir='ltr'><strong>quo</strong></span> <span class='ocrx_word' id='word_1_673' title='bbox 1969 2347 2075 2384; x_wconf 91' lang='lat' dir='ltr'><strong>modo</strong></span> <span class='ocrx_word' id='word_1_674' title='bbox 2096 2348 2181 2384; x_wconf 82' lang='lat' dir='ltr'><strong>velit</strong></span> <span class='ocrx_word' id='word_1_675' title='bbox 2197 2348 2304 2385; x_wconf 84' lang='lat' dir='ltr'><strong>rebus</strong></span> <span class='ocrx_word' id='word_1_676' title='bbox 2322 2351 2460 2394; x_wconf 85' lang='lat' dir='ltr'><strong>utendi,</strong></span> 
     </span>
     <span class='ocr_line' id='line_1_76' title="bbox 246 2392 2461 2442; baseline 0 -11"><span class='ocrx_word' id='word_1_677' title='bbox 246 2396 270 2431; x_wconf 79' lang='lat'>2</span> <span class='ocrx_word' id='word_1_678' title='bbox 315 2406 395 2430; x_wconf 88' lang='lat' dir='ltr'><strong>cum</strong></span> <span class='ocrx_word' id='word_1_679' title='bbox 418 2395 555 2431; x_wconf 86' lang='lat' dir='ltr'><strong>nullum</strong></span> <span class='ocrx_word' id='word_1_680' title='bbox 578 2395 866 2442; x_wconf 82' lang='lat' dir='ltr'><strong>impedimentum</strong></span> <span class='ocrx_word' id='word_1_681' title='bbox 890 2395 1265 2431; x_wconf 87' lang='lat' dir='ltr'><strong>de.administratione</strong></span> <span class='ocrx_word' id='word_1_682' title='bbox 1288 2406 1412 2431; x_wconf 88' lang='lat' dir='ltr'><strong>earum</strong></span> <span class='ocrx_word' id='word_1_683' title='bbox 1434 2395 1502 2431; x_wconf 86' lang='lat' dir='ltr'><strong>sibi</strong></span> <span class='ocrx_word' id='word_1_684' title='bbox 1523 2395 1719 2440; x_wconf 87' lang='lat' dir='ltr'><strong>inferatur.</strong></span> <span class='ocrx_word' id='word_1_685' title='bbox 1802 2393 1882 2430; x_wconf 91' lang='lat' dir='ltr'><strong>Nos</strong></span> <span class='ocrx_word' id='word_1_686' title='bbox 1900 2393 2012 2439; x_wconf 79' lang='lat' dir='ltr'><strong>iqitur</strong></span> <span class='ocrx_word' id='word_1_687' title='bbox 2035 2392 2117 2429; x_wconf 85' lang='lat' dir='ltr'><strong>hinc</strong></span> <span class='ocrx_word' id='word_1_688' title='bbox 2137 2394 2326 2430; x_wconf 79' lang='lat' dir='ltr'><strong>occasione</strong></span> <span class='ocrx_word' id='word_1_689' title='bbox 2374 2396 2461 2431; x_wconf 86' lang='lat' dir='ltr'><strong>etita</strong></span> 
     </span>
     <span class='ocr_line' id='line_1_77' title="bbox 246 2438 2461 2486; baseline -0 -10"><span class='ocrx_word' id='word_1_690' title='bbox 246 2441 529 2477; x_wconf 77' lang='lat' dir='ltr'><strong>existimavimus</strong></span> <span class='ocrx_word' id='word_1_691' title='bbox 559 2446 595 2476; x_wconf 88' lang='lat' dir='ltr'><strong>et</strong></span> <span class='ocrx_word' id='word_1_692' title='bbox 625 2446 777 2476; x_wconf 83' lang='lat' dir='ltr'><strong>veterem</strong></span> <span class='ocrx_word' id='word_1_693' title='bbox 809 2440 1077 2486; x_wconf 80' lang='lat' dir='ltr'><strong>ambiquitatem</strong></span> <span class='ocrx_word' id='word_1_694' title='bbox 1093 2445 1144 2476; x_wconf 67' lang='lat' dir='ltr'><strong>⁴et</strong></span> <span class='ocrx_word' id='word_1_695' title='bbox 1176 2440 1439 2476; x_wconf 82' lang='lat' dir='ltr'><strong>distinctionem</strong></span> <span class='ocrx_word' id='word_1_696' title='bbox 1467 2439 1641 2486; x_wconf 84' lang='lat' dir='ltr'><strong>deinceps</strong></span> <span class='ocrx_word' id='word_1_697' title='bbox 1667 2443 1827 2475; x_wconf 85' lang='lat' dir='ltr'><strong>secutam</strong></span> <span class='ocrx_word' id='word_1_698' title='bbox 1862 2439 2012 2474; x_wconf 83' lang='lat' dir='ltr'><strong>alteram</strong></span> <span class='ocrx_word' id='word_1_699' title='bbox 2042 2438 2278 2483; x_wconf 80' lang='lat' dir='ltr'><strong>definiendam</strong></span> <span class='ocrx_word' id='word_1_700' title='bbox 2309 2451 2332 2475; x_wconf 91' lang='lat' dir='ltr'><strong>a</strong></span> <span class='ocrx_word' id='word_1_701' title='bbox 2348 2445 2461 2476; x_wconf 87' lang='lat' dir='ltr'><strong>teram</strong></span> 
     </span>
     <span class='ocr_line' id='line_1_78' title="bbox 246 2482 2462 2539; baseline -0 -18"><span class='ocrx_word' id='word_1_702' title='bbox 246 2487 423 2538; x_wconf 77' lang='lat' dir='ltr'><strong>inteqram</strong></span> <span class='ocrx_word' id='word_1_703' title='bbox 447 2486 651 2521; x_wconf 87' lang='lat' dir='ltr'><strong>hominibus</strong></span> <span class='ocrx_word' id='word_1_704' title='bbox 674 2485 920 2532; x_wconf 82' lang='lat' dir='ltr'><strong>reponendam</strong></span> <span class='ocrx_word' id='word_1_705' title='bbox 942 2496 1036 2526; x_wconf 89' lang='lat' dir='ltr'><strong>esse,</strong></span> <span class='ocrx_word' id='word_1_706' title='bbox 1066 2490 1101 2521; x_wconf 86' lang='lat' dir='ltr'><strong>et</strong></span> <span class='ocrx_word' id='word_1_707' title='bbox 1120 2490 1320 2539; x_wconf 83' lang='lat' dir='ltr'><strong>propterea</strong></span> <span class='ocrx_word' id='word_1_708' title='bbox 1345 2486 1422 2531; x_wconf 77' lang='lat' dir='ltr'><strong>leqe</strong></span> <span class='ocrx_word' id='word_1_709' title='bbox 1445 2496 1519 2521; x_wconf 89' lang='lat' dir='ltr'><strong>rem</strong></span> <span class='ocrx_word' id='word_1_710' title='bbox 1542 2483 1930 2531; x_wconf 77' lang='lat' dir='ltr'><strong>comprehendendam,</strong></span> <span class='ocrx_word' id='word_1_711' title='bbox 1962 2488 2003 2519; x_wconf 93' lang='lat' dir='ltr'><strong>ut</strong></span> <span class='ocrx_word' id='word_1_712' title='bbox 2024 2482 2184 2519; x_wconf 87' lang='lat' dir='ltr'><strong>homines</strong></span> <span class='ocrx_word' id='word_1_713' title='bbox 2206 2495 2342 2520; x_wconf 87' lang='lat' dir='ltr'><strong>omnem</strong></span> <span class='ocrx_word' id='word_1_714' title='bbox 2372 2485 2462 2531; x_wconf 75' lang='lat' dir='ltr'><strong>leqis</strong></span> 
     </span>
     <span class='ocr_line' id='line_1_79' title="bbox 247 2527 2461 2582; baseline -0.001 -16"><span class='ocrx_word' id='word_1_715' title='bbox 247 2531 409 2566; x_wconf 79' lang='lat' dir='ltr'><strong>ordinem</strong></span> <span class='ocrx_word' id='word_1_716' title='bbox 431 2531 653 2576; x_wconf 77' lang='lat' dir='ltr'><strong>intelleqant,</strong></span> <span class='ocrx_word' id='word_1_717' title='bbox 677 2531 871 2566; x_wconf 85' lang='lat' dir='ltr'><strong>secundum</strong></span> <span class='ocrx_word' id='word_1_718' title='bbox 895 2541 999 2576; x_wconf 88' lang='lat' dir='ltr'><strong>quem</strong></span> <span class='ocrx_word' id='word_1_719' title='bbox 1020 2530 1108 2565; x_wconf 87' lang='lat' dir='ltr'><strong>haec</strong></span> <span class='ocrx_word' id='word_1_720' title='bbox 1135 2531 1223 2566; x_wconf 76' lang='lat' dir='ltr'><strong>talia</strong></span> <span class='ocrx_word' id='word_1_721' title='bbox 1247 2536 1281 2567; x_wconf 89' lang='lat' dir='ltr'><strong>et</strong></span> <span class='ocrx_word' id='word_1_722' title='bbox 1303 2531 1441 2567; x_wconf 83' lang='lat' dir='ltr'><strong>discere</strong></span> <span class='ocrx_word' id='word_1_723' title='bbox 1465 2535 1501 2566; x_wconf 88' lang='lat' dir='ltr'><strong>et</strong></span> <span class='ocrx_word' id='word_1_724' title='bbox 1523 2530 1685 2566; x_wconf 84' lang='lat' dir='ltr'><strong>iudicare</strong></span> <span class='ocrx_word' id='word_1_725' title='bbox 1708 2529 1840 2565; x_wconf 85' lang='lat' dir='ltr'><strong>deceat.</strong></span> <span class='ocrx_word' id='word_1_726' title='bbox 1887 2530 2004 2580; x_wconf 84' lang='lat' dir='ltr'><strong>Atque</strong></span> <span class='ocrx_word' id='word_1_727' title='bbox 2022 2529 2185 2564; x_wconf 86' lang='lat' dir='ltr'><strong>novimus</strong></span> <span class='ocrx_word' id='word_1_728' title='bbox 2208 2541 2231 2564; x_wconf 92' lang='lat' dir='ltr'><strong>a</strong></span> <span class='ocrx_word' id='word_1_729' title='bbox 2254 2527 2461 2582; x_wconf 75' lang='lat' dir='ltr'><strong>Papiniano</strong></span> 
     </span>
     <span class='ocr_line' id='line_1_80' title="bbox 246 2573 2462 2622; baseline 0 -11"><span class='ocrx_word' id='word_1_730' title='bbox 246 2577 324 2611; x_wconf 87' lang='lat' dir='ltr'><strong>viro</strong></span> <span class='ocrx_word' id='word_1_731' title='bbox 342 2576 624 2622; x_wconf 84' lang='lat' dir='ltr'><strong>prudentissimo</strong></span> <span class='ocrx_word' id='word_1_732' title='bbox 656 2576 789 2611; x_wconf 88' lang='lat' dir='ltr'><strong>dictum</strong></span> <span class='ocrx_word' id='word_1_733' title='bbox 820 2586 897 2611; x_wconf 90' lang='lat' dir='ltr'><strong>esse</strong></span> <span class='ocrx_word' id='word_1_734' title='bbox 930 2575 1070 2622; x_wconf 84' lang='lat' dir='ltr'><strong>aliquid</strong></span> <span class='ocrx_word' id='word_1_735' title='bbox 1101 2576 1138 2610; x_wconf 85' lang='lat' dir='ltr'><strong>in</strong></span> <span class='ocrx_word' id='word_1_736' title='bbox 1163 2575 1254 2612; x_wconf 84' lang='lat' dir='ltr'><strong>libro</strong></span> <span class='ocrx_word' id='word_1_737' title='bbox 1284 2576 1419 2612; x_wconf 85' lang='lat' dir='ltr'><strong>decimo</strong></span> <span class='ocrx_word' id='word_1_738' title='bbox 1451 2586 1548 2611; x_wconf 87' lang='lat' dir='ltr'><strong>nono</strong></span> <span class='ocrx_word' id='word_1_739' title='bbox 1581 2575 1845 2622; x_wconf 84' lang='lat' dir='ltr'><strong>quaestionum,</strong></span> <span class='ocrx_word' id='word_1_740' title='bbox 1878 2573 1937 2609; x_wconf 81' lang='lat' dir='ltr'><strong>ubt</strong></span> <span class='ocrx_word' id='word_1_741' title='bbox 1962 2573 2197 2610; x_wconf 85' lang='lat' dir='ltr'><strong>alienationes</strong></span> <span class='ocrx_word' id='word_1_742' title='bbox 2227 2574 2265 2609; x_wconf 90' lang='lat' dir='ltr'><strong>in</strong></span> <span class='ocrx_word' id='word_1_743' title='bbox 2288 2575 2462 2611; x_wconf 75' lang='lat' dir='ltr'><strong>eiusmodi</strong></span> 
     </span>
     <span class='ocr_line' id='line_1_81' title="bbox 247 2618 2462 2666; baseline -0 -10"><span class='ocrx_word' id='word_1_744' title='bbox 247 2632 334 2656; x_wconf 87' lang='lat' dir='ltr'><strong>casu</strong></span> <span class='ocrx_word' id='word_1_745' title='bbox 384 2622 549 2664; x_wconf 87' lang='lat' dir='ltr'><strong>ermittit,</strong></span> <span class='ocrx_word' id='word_1_746' title='bbox 579 2620 647 2656; x_wconf 87' lang='lat' dir='ltr'><strong>hoc</strong></span> <span class='ocrx_word' id='word_1_747' title='bbox 670 2621 785 2656; x_wconf 84' lang='lat' dir='ltr'><strong>solum</strong></span> <span class='ocrx_word' id='word_1_748' title='bbox 819 2626 1000 2666; x_wconf 83' lang='lat' dir='ltr'><strong>tamquam</strong></span> <span class='ocrx_word' id='word_1_749' title='bbox 1030 2621 1074 2656; x_wconf 89' lang='lat' dir='ltr'><strong>de</strong></span> <span class='ocrx_word' id='word_1_750' title='bbox 1097 2620 1278 2656; x_wconf 86' lang='lat' dir='ltr'><strong>industria</strong></span> <span class='ocrx_word' id='word_1_751' title='bbox 1308 2622 1346 2656; x_wconf 85' lang='lat' dir='ltr'><strong>in</strong></span> <span class='ocrx_word' id='word_1_752' title='bbox 1369 2621 1572 2666; x_wconf 81' lang='lat' dir='ltr'><strong>aeniqmate</strong></span> <span class='ocrx_word' id='word_1_753' title='bbox 1593 2619 1770 2663; x_wconf 86' lang='lat' dir='ltr'><strong>adiciens,</strong></span> <span class='ocrx_word' id='word_1_754' title='bbox 1802 2624 1875 2655; x_wconf 90' lang='lat' dir='ltr'><strong>tum</strong></span> <span class='ocrx_word' id='word_1_755' title='bbox 1898 2618 2038 2654; x_wconf 86' lang='lat' dir='ltr'><strong>demum</strong></span> <span class='ocrx_word' id='word_1_756' title='bbox 2067 2619 2193 2654; x_wconf 89' lang='lat' dir='ltr'><strong>debere</strong></span> <span class='ocrx_word' id='word_1_757' title='bbox 2224 2620 2462 2656; x_wconf 79' lang='lat' dir='ltr'><strong>alienationes</strong></span> 
     </span>
     <span class='ocr_line' id='line_1_82' title="bbox 240 2664 2462 2713; baseline -0 -12"><span class='ocrx_word' id='word_1_758' title='bbox 240 2665 353 2713; x_wconf 71' lang='lat' dir='ltr'><strong>proha</strong></span> <span class='ocrx_word' id='word_1_759' title='bbox 379 2667 449 2702; x_wconf 85' lang='lat' dir='ltr'><strong>itas</strong></span> <span class='ocrx_word' id='word_1_760' title='bbox 471 2677 559 2708; x_wconf 90' lang='lat' dir='ltr'><strong>esse,</strong></span> <span class='ocrx_word' id='word_1_761' title='bbox 590 2666 651 2701; x_wconf 90' lang='lat' dir='ltr'><strong>ubi</strong></span> <span class='ocrx_word' id='word_1_762' title='bbox 673 2666 931 2702; x_wconf 82' lang='lat' dir='ltr'><strong>intervertendi</strong></span> <span class='ocrx_word' id='word_1_763' title='bbox 948 2666 1215 2711; x_wconf 81' lang='lat' dir='ltr'><strong>fideicommissi</strong></span> <span class='ocrx_word' id='word_1_764' title='bbox 1236 2667 1360 2713; x_wconf 77' lang='lat' dir='ltr'><strong>qratia</strong></span> <span class='ocrx_word' id='word_1_765' title='bbox 1383 2665 1428 2701; x_wconf 93' lang='lat' dir='ltr'><strong>de</strong></span> <span class='ocrx_word' id='word_1_766' title='bbox 1450 2665 1629 2701; x_wconf 86' lang='lat' dir='ltr'><strong>industria</strong></span> <span class='ocrx_word' id='word_1_767' title='bbox 1661 2666 1692 2700; x_wconf 86' lang='lat' dir='ltr'><strong>is</strong></span> <span class='ocrx_word' id='word_1_768' title='bbox 1715 2665 1778 2711; x_wconf 88' lang='lat' dir='ltr'><strong>qui</strong></span> <span class='ocrx_word' id='word_1_769' title='bbox 1800 2675 1842 2700; x_wconf 90' lang='lat' dir='ltr'><strong>eo</strong></span> <span class='ocrx_word' id='word_1_770' title='bbox 1866 2669 2037 2700; x_wconf 86' lang='lat' dir='ltr'><strong>oneratus</strong></span> <span class='ocrx_word' id='word_1_771' title='bbox 2063 2670 2117 2699; x_wconf 89' lang='lat' dir='ltr'><strong>est</strong></span> <span class='ocrx_word' id='word_1_772' title='bbox 2139 2664 2189 2699; x_wconf 89' lang='lat' dir='ltr'><strong>ad</strong></span> <span class='ocrx_word' id='word_1_773' title='bbox 2210 2664 2462 2701; x_wconf 80' lang='lat' dir='ltr'><strong>alienationem</strong></span> 
     </span>
     <span class='ocr_line' id='line_1_83' title="bbox 247 2708 2462 2763; baseline -0 -17"><span class='ocrx_word' id='word_1_774' title='bbox 247 2711 353 2763; x_wconf 64' lang='lat' dir='ltr'><strong>yenit.</strong></span> <span class='ocrx_word' id='word_1_775' title='bbox 401 2709 452 2747; x_wconf 85' lang='lat' dir='ltr'><strong>Et</strong></span> <span class='ocrx_word' id='word_1_776' title='bbox 477 2710 720 2758; x_wconf 85' lang='lat' dir='ltr'><strong>philosophus</strong></span> <span class='ocrx_word' id='word_1_777' title='bbox 749 2711 844 2746; x_wconf 89' lang='lat' dir='ltr'><strong>inter</strong></span> <span class='ocrx_word' id='word_1_778' title='bbox 873 2711 1112 2758; x_wconf 87' lang='lat' dir='ltr'><strong>imperatores</strong></span> <span class='ocrx_word' id='word_1_779' title='bbox 1142 2710 1291 2747; x_wconf 87' lang='lat' dir='ltr'><strong>Marcus</strong></span> <span class='ocrx_word' id='word_1_780' title='bbox 1321 2710 1496 2747; x_wconf 86' lang='lat' dir='ltr'><strong>eiusmodi</strong></span> <span class='ocrx_word' id='word_1_781' title='bbox 1527 2710 1683 2757; x_wconf 83' lang='lat' dir='ltr'><strong>quodam</strong></span> <span class='ocrx_word' id='word_1_782' title='bbox 1719 2720 1806 2745; x_wconf 86' lang='lat' dir='ltr'><strong>casu</strong></span> <span class='ocrx_word' id='word_1_783' title='bbox 1833 2709 2026 2756; x_wconf 84' lang='lat' dir='ltr'><strong>proposito</strong></span> <span class='ocrx_word' id='word_1_784' title='bbox 2061 2709 2132 2744; x_wconf 83' lang='lat' dir='ltr'><strong>viri</strong></span> <span class='ocrx_word' id='word_1_785' title='bbox 2159 2708 2243 2744; x_wconf 86' lang='lat' dir='ltr'><strong>boni</strong></span> <span class='ocrx_word' id='word_1_786' title='bbox 2272 2709 2462 2745; x_wconf 82' lang='lat' dir='ltr'><strong>arbitrium</strong></span> 
     </span>
    </p>
   </div>
   <div class='ocr_carea' id='block_1_34' title="bbox 247 2756 1071 2802">
    <p class='ocr_par' dir='ltr' id='par_1_34' title="bbox 247 2756 1071 2802">
     <span class='ocr_line' id='line_1_84' title="bbox 247 2756 1071 2802; baseline -0.001 -11"><span class='ocrx_word' id='word_1_787' title='bbox 247 2767 363 2793; x_wconf 78' lang='lat' dir='ltr'><strong>messe</strong></span> <span class='ocrx_word' id='word_1_788' title='bbox 386 2756 501 2792; x_wconf 84' lang='lat' dir='ltr'><strong>videri</strong></span> <span class='ocrx_word' id='word_1_789' title='bbox 521 2757 560 2791; x_wconf 87' lang='lat' dir='ltr'><strong>in</strong></span> <span class='ocrx_word' id='word_1_790' title='bbox 586 2757 715 2792; x_wconf 82' lang='lat' dir='ltr'><strong>talibus</strong></span> <span class='ocrx_word' id='word_1_791' title='bbox 738 2756 854 2792; x_wconf 86' lang='lat' dir='ltr'><strong>verbis</strong></span> <span class='ocrx_word' id='word_1_792' title='bbox 874 2756 1071 2802; x_wconf 87' lang='lat' dir='ltr'><strong>praecepit.</strong></span> 
     </span>
    </p>
   </div>
   <div class='ocr_carea' id='block_1_35' title="bbox 380 2798 2460 2848">
    <p class='ocr_par' dir='ltr' id='par_1_35' title="bbox 380 2798 2460 2848">
     <span class='ocr_line' id='line_1_85' title="bbox 380 2798 2460 2848; baseline -0.002 -11"><span class='ocrx_word' id='word_1_793' title='bbox 380 2802 410 2837; x_wconf 93' lang='lat'><strong>1.</strong></span> <span class='ocrx_word' id='word_1_794' title='bbox 457 2801 573 2838; x_wconf 82' lang='lat' dir='ltr'><strong>Nobis</strong></span> <span class='ocrx_word' id='word_1_795' title='bbox 601 2802 715 2848; x_wconf 74' lang='lat' dir='ltr'><strong>iqitur</strong></span> <span class='ocrx_word' id='word_1_796' title='bbox 745 2806 841 2837; x_wconf 86' lang='lat' dir='ltr'><strong>recte</strong></span> <span class='ocrx_word' id='word_1_797' title='bbox 871 2812 910 2837; x_wconf 87' lang='lat' dir='ltr'><strong>se</strong></span> <span class='ocrx_word' id='word_1_798' title='bbox 941 2800 1072 2837; x_wconf 84' lang='lat' dir='ltr'><strong>habere</strong></span> <span class='ocrx_word' id='word_1_799' title='bbox 1101 2802 1214 2837; x_wconf 82' lang='lat' dir='ltr'><strong>visum</strong></span> <span class='ocrx_word' id='word_1_800' title='bbox 1238 2806 1291 2836; x_wconf 84' lang='lat' dir='ltr'><strong>est</strong></span> <span class='ocrx_word' id='word_1_801' title='bbox 1315 2802 1368 2836; x_wconf 86' lang='lat' dir='ltr'><strong>ita</strong></span> <span class='ocrx_word' id='word_1_802' title='bbox 1391 2801 1504 2847; x_wconf 78' lang='lat' dir='ltr'><strong>leqem</strong></span> <span class='ocrx_word' id='word_1_803' title='bbox 1529 2801 1714 2836; x_wconf 85' lang='lat' dir='ltr'><strong>instituere</strong></span> <span class='ocrx_word' id='word_1_804' title='bbox 1735 2798 1943 2846; x_wconf 77' lang='lat' dir='ltr'><strong>serendam,</strong></span> <span class='ocrx_word' id='word_1_805' title='bbox 1973 2802 2014 2833; x_wconf 84' lang='lat' dir='ltr'><strong>ut</strong></span> <span class='ocrx_word' id='word_1_806' title='bbox 2034 2798 2067 2833; x_wconf 89' lang='lat' dir='ltr'><strong>si</strong></span> <span class='ocrx_word' id='word_1_807' title='bbox 2088 2799 2169 2844; x_wconf 87' lang='lat' dir='ltr'><strong>quis</strong></span> <span class='ocrx_word' id='word_1_808' title='bbox 2196 2798 2235 2832; x_wconf 86' lang='lat' dir='ltr'><strong>in</strong></span> <span class='ocrx_word' id='word_1_809' title='bbox 2258 2799 2460 2834; x_wconf 86' lang='lat' dir='ltr'><strong>universum</strong></span> 
     </span>
    </p>
   </div>
   <div class='ocr_carea' id='block_1_36' title="bbox 247 2842 2460 2893">
    <p class='ocr_par' dir='ltr' id='par_1_36' title="bbox 247 2842 2460 2893">
     <span class='ocr_line' id='line_1_86' title="bbox 247 2842 2460 2893; baseline -0.001 -11"><span class='ocrx_word' id='word_1_810' title='bbox 247 2847 346 2882; x_wconf 88' lang='lat' dir='ltr'><strong>dicat</strong></span> <span class='ocrx_word' id='word_1_811' title='bbox 372 2846 640 2891; x_wconf 81' lang='lat' dir='ltr'><strong>fideicommissi</strong></span> <span class='ocrx_word' id='word_1_812' title='bbox 669 2846 943 2888; x_wconf 84' lang='lat' dir='ltr'><strong>restitutionem,</strong></span> <span class='ocrx_word' id='word_1_813' title='bbox 975 2857 1019 2882; x_wconf 90' lang='lat' dir='ltr'><strong>ea</strong></span> <span class='ocrx_word' id='word_1_814' title='bbox 1049 2847 1194 2882; x_wconf 84' lang='lat' dir='ltr'><strong>valeant</strong></span> <span class='ocrx_word' id='word_1_815' title='bbox 1223 2857 1317 2893; x_wconf 89' lang='lat' dir='ltr'><strong>quae</strong></span> <span class='ocrx_word' id='word_1_816' title='bbox 1345 2846 1385 2881; x_wconf 83' lang='lat' dir='ltr'><strong>in</strong></span> <span class='ocrx_word' id='word_1_817' title='bbox 1414 2845 1589 2882; x_wconf 85' lang='lat' dir='ltr'><strong>eiusmodi</strong></span> <span class='ocrx_word' id='word_1_818' title='bbox 1605 2845 1761 2882; x_wconf 67' lang='lat' dir='ltr'><strong>xcasibus</strong></span> <span class='ocrx_word' id='word_1_819' title='bbox 1790 2844 1938 2890; x_wconf 80' lang='lat' dir='ltr'><strong>definita</strong></span> <span class='ocrx_word' id='word_1_820' title='bbox 1967 2847 2003 2878; x_wconf 91' lang='lat' dir='ltr'><strong>et</strong></span> <span class='ocrx_word' id='word_1_821' title='bbox 2033 2853 2057 2878; x_wconf 93' lang='lat' dir='ltr'><strong>a</strong></span> <span class='ocrx_word' id='word_1_822' title='bbox 2086 2842 2190 2878; x_wconf 85' lang='lat' dir='ltr'><strong>nobis</strong></span> <span class='ocrx_word' id='word_1_823' title='bbox 2219 2843 2291 2878; x_wconf 86' lang='lat' dir='ltr'><strong>iam</strong></span> <span class='ocrx_word' id='word_1_824' title='bbox 2318 2844 2460 2879; x_wconf 84' lang='lat' dir='ltr'><strong>sancita</strong></span> 
     </span>
    </p>
   </div>
   <div class='ocr_carea' id='block_1_37' title="bbox 247 2944 1330 3532">
    <p class='ocr_par' dir='ltr' id='par_1_37' title="bbox 247 2944 1330 3532">
     <span class='ocr_line' id='line_1_87' title="bbox 305 2944 1321 2991; baseline -0.004 -7"><span class='ocrx_word' id='word_1_825' title='bbox 305 2952 325 2984; x_wconf 83' lang='lat'>5</span> <span class='ocrx_word' id='word_1_826' title='bbox 349 2946 579 2991; x_wconf 80' lang='grc' dir='ltr'><strong><em>*τελευτήσω</em></strong></span> <span class='ocrx_word' id='word_1_827' title='bbox 600 2949 672 2982; x_wconf 90' lang='lat' dir='ltr'><strong>ML</strong></span> <span class='ocrx_word' id='word_1_828' title='bbox 696 2950 707 2991; x_wconf 73' lang='lat' dir='ltr'>ss</span> <span class='ocrx_word' id='word_1_829' title='bbox 736 2951 753 2982; x_wconf 83' lang='lat'><strong>7</strong></span> <span class='ocrx_word' id='word_1_830' title='bbox 779 2944 1090 2989; x_wconf 84' lang='grc' dir='ltr'><strong><em>ἀποκατάστασιν]</em></strong></span> <span class='ocrx_word' id='word_1_831' title='bbox 1115 2948 1321 2981; x_wconf 84' lang='lat' dir='ltr'><strong>substitutio-</strong></span> 
     </span>
     <span class='ocr_line' id='line_1_88' title="bbox 248 2989 1319 3037; baseline -0.002 -9"><span class='ocrx_word' id='word_1_832' title='bbox 248 3005 323 3028; x_wconf 86' lang='lat' dir='ltr'><strong>nem</strong></span> <span class='ocrx_word' id='word_1_833' title='bbox 346 2996 367 3028; x_wconf 88' lang='lat' dir='ltr'><strong>i.</strong></span> <span class='ocrx_word' id='word_1_834' title='bbox 393 3007 418 3027; x_wconf 86' lang='lat' dir='ltr'><strong>e.</strong></span> <span class='ocrx_word' id='word_1_835' title='bbox 444 2991 741 3027; x_wconf 81' lang='grc' dir='ltr'><strong><em>ὑποκατάστασιν</em></strong></span> <span class='ocrx_word' id='word_1_836' title='bbox 764 3005 784 3030; x_wconf 82' lang='grc' dir='ltr'><strong><em>ς</em></strong></span> <span class='ocrx_word' id='word_1_837' title='bbox 811 2994 823 3036; x_wconf 91' lang='grc' dir='ltr'><strong>ΙΙ</strong></span> <span class='ocrx_word' id='word_1_838' title='bbox 856 2995 895 3027; x_wconf 90' lang='grc'><strong>12</strong></span> <span class='ocrx_word' id='word_1_839' title='bbox 919 2996 979 3026; x_wconf 78' lang='grc' dir='ltr'><strong>καὶ</strong></span> <span class='ocrx_word' id='word_1_840' title='bbox 1003 3007 1061 3026; x_wconf 87' lang='lat' dir='ltr'><strong>om.</strong></span> <span class='ocrx_word' id='word_1_841' title='bbox 1076 3006 1095 3030; x_wconf 80' lang='grc' dir='ltr'><strong><em>ς</em></strong></span> <span class='ocrx_word' id='word_1_842' title='bbox 1124 2992 1136 3037; x_wconf 90' lang='grc' dir='ltr'><strong>ΙΙ</strong></span> <span class='ocrx_word' id='word_1_843' title='bbox 1166 2995 1205 3028; x_wconf 88' lang='grc'><strong>13</strong></span> <span class='ocrx_word' id='word_1_844' title='bbox 1231 2989 1319 3037; x_wconf 73' lang='grc' dir='ltr'><strong><em>παρ’</em></strong></span> 
     </span>
     <span class='ocr_line' id='line_1_89' title="bbox 249 3034 1323 3083; baseline -0.001 -11"><span class='ocrx_word' id='word_1_845' title='bbox 249 3053 307 3073; x_wconf 89' lang='lat' dir='ltr'><strong>om.</strong></span> <span class='ocrx_word' id='word_1_846' title='bbox 318 3039 392 3083; x_wconf 56' lang='lat' dir='ltr'><strong>12⁰ss</strong></span> <span class='ocrx_word' id='word_1_847' title='bbox 407 3041 446 3073; x_wconf 89' lang='grc'><strong>15</strong></span> <span class='ocrx_word' id='word_1_848' title='bbox 459 3040 585 3080; x_wconf 69' lang='grc' dir='ltr'><strong><em>ἔχειςΕ</em></strong></span> <span class='ocrx_word' id='word_1_849' title='bbox 602 3040 613 3082; x_wconf 84' lang='grc' dir='ltr'><strong>ΙΙ</strong></span> <span class='ocrx_word' id='word_1_850' title='bbox 634 3041 674 3073; x_wconf 88' lang='grc'><strong>19</strong></span> <span class='ocrx_word' id='word_1_851' title='bbox 687 3034 886 3082; x_wconf 78' lang='grc' dir='ltr'><strong><em>ἀοριστίαν]</em></strong></span> <span class='ocrx_word' id='word_1_852' title='bbox 905 3037 1066 3083; x_wconf 83' lang='grc' dir='ltr'><strong><em>ἱστορίαν</em></strong></span> <span class='ocrx_word' id='word_1_853' title='bbox 1078 3040 1126 3071; x_wconf 79' lang='lat' dir='ltr'><strong>La</strong></span> <span class='ocrx_word' id='word_1_854' title='bbox 1136 3038 1148 3083; x_wconf 77' lang='lat' dir='ltr'>ss</span> <span class='ocrx_word' id='word_1_855' title='bbox 1165 3041 1209 3073; x_wconf 89' lang='grc'><strong>24</strong></span> <span class='ocrx_word' id='word_1_856' title='bbox 1221 3038 1323 3081; x_wconf 86' lang='grc' dir='ltr'><strong><em>ἴσμεν</em></strong></span> 
     </span>
     <span class='ocr_line' id='line_1_90' title="bbox 248 3083 1323 3128; baseline 0 -10"><span class='ocrx_word' id='word_1_857' title='bbox 248 3088 373 3118; x_wconf 86' lang='grc' dir='ltr'><strong><em>τοίνυν</em></strong></span> <span class='ocrx_word' id='word_1_858' title='bbox 397 3098 454 3118; x_wconf 88' lang='lat' dir='ltr'><strong>om.</strong></span> <span class='ocrx_word' id='word_1_859' title='bbox 471 3085 515 3117; x_wconf 84' lang='lat' dir='ltr'><em>M</em></span> <span class='ocrx_word' id='word_1_860' title='bbox 533 3084 546 3128; x_wconf 82' lang='grc' dir='ltr'><strong>ΙΙ</strong></span> <span class='ocrx_word' id='word_1_861' title='bbox 568 3084 774 3118; x_wconf 86' lang='grc' dir='ltr'><strong><em>παππιανῶ</em></strong></span> <span class='ocrx_word' id='word_1_862' title='bbox 800 3085 830 3117; x_wconf 90' lang='lat' dir='ltr'><em>L</em></span> <span class='ocrx_word' id='word_1_863' title='bbox 862 3083 1037 3117; x_wconf 81' lang='grc' dir='ltr'><strong><em>παπιανῶ</em></strong></span> <span class='ocrx_word' id='word_1_864' title='bbox 1063 3083 1111 3117; x_wconf 96' lang='lat' dir='ltr'><em>M</em></span> <span class='ocrx_word' id='word_1_865' title='bbox 1137 3084 1218 3127; x_wconf 76' lang='lat' dir='ltr'><strong>Diy.</strong></span> <span class='ocrx_word' id='word_1_866' title='bbox 1233 3085 1323 3123; x_wconf 82' lang='lat'><strong>36,1‚</strong></span> 
     </span>
     <span class='ocr_line' id='line_1_91' title="bbox 249 3128 1292 3175; baseline -0.002 -11"><span class='ocrx_word' id='word_1_867' title='bbox 249 3139 285 3164; x_wconf 84' lang='lat'><strong>56</strong></span> <span class='ocrx_word' id='word_1_868' title='bbox 300 3132 359 3172; x_wconf 80' lang='lat'>(54)</span> <span class='ocrx_word' id='word_1_869' title='bbox 377 3128 390 3173; x_wconf 90' lang='grc' dir='ltr'><strong>ΙΙ</strong></span> <span class='ocrx_word' id='word_1_870' title='bbox 406 3128 522 3175; x_wconf 81' lang='grc' dir='ltr'><strong><em>ῥηθέν</em></strong></span> <span class='ocrx_word' id='word_1_871' title='bbox 540 3141 577 3162; x_wconf 89' lang='grc' dir='ltr'><strong>τι</strong></span> <span class='ocrx_word' id='word_1_872' title='bbox 596 3130 788 3162; x_wconf 82' lang='lat' dir='ltr'><strong>Haloander</strong></span> <span class='ocrx_word' id='word_1_873' title='bbox 810 3129 949 3168; x_wconf 89' lang='lat' dir='ltr'><strong>(dictum</strong></span> <span class='ocrx_word' id='word_1_874' title='bbox 973 3131 1016 3170; x_wconf 86' lang='grc' dir='ltr'><strong>ς)]</strong></span> <span class='ocrx_word' id='word_1_875' title='bbox 1041 3128 1204 3174; x_wconf 81' lang='grc' dir='ltr'><strong><em>ῥηθέντα</em></strong></span> <span class='ocrx_word' id='word_1_876' title='bbox 1221 3129 1292 3162; x_wconf 86' lang='lat' dir='ltr'><strong>ML</strong></span> 
     </span>
     <span class='ocr_line' id='line_1_92' title="bbox 249 3170 1299 3218; baseline 0 -12"><span class='ocrx_word' id='word_1_877' title='bbox 249 3177 291 3209; x_wconf 83' lang='lat'><strong>25</strong></span> <span class='ocrx_word' id='word_1_878' title='bbox 305 3172 572 3208; x_wconf 79' lang='grc' dir='ltr'><strong><em>ἐνακαιδεκατω</em></strong></span> <span class='ocrx_word' id='word_1_879' title='bbox 584 3174 631 3207; x_wconf 88' lang='lat' dir='ltr'><strong>L¹</strong></span> <span class='ocrx_word' id='word_1_880' title='bbox 648 3175 661 3218; x_wconf 82' lang='grc' dir='ltr'><strong>ΙΙ</strong></span> <span class='ocrx_word' id='word_1_881' title='bbox 679 3170 788 3207; x_wconf 74' lang='grc' dir='ltr'><strong><em>αὐτοῦ</em></strong></span> <span class='ocrx_word' id='word_1_882' title='bbox 807 3175 998 3207; x_wconf 80' lang='lat' dir='ltr'><strong>Haloander</strong></span> <span class='ocrx_word' id='word_1_883' title='bbox 1007 3176 1062 3215; x_wconf 82' lang='grc' dir='ltr'><strong><em>(ς)]</em></strong></span> <span class='ocrx_word' id='word_1_884' title='bbox 1085 3173 1213 3208; x_wconf 79' lang='grc' dir='ltr'><strong><em>ἑαυτοῦ</em></strong></span> <span class='ocrx_word' id='word_1_885' title='bbox 1228 3174 1299 3206; x_wconf 46' lang='lat' dir='ltr'><strong>*ML</strong></span> 
     </span>
     <span class='ocr_line' id='line_1_93' title="bbox 249 3217 1323 3264; baseline -0.002 -11"><span class='ocrx_word' id='word_1_886' title='bbox 249 3220 472 3253; x_wconf 76' lang='lat' dir='ltr'><strong>cuaestionwn</strong></span> <span class='ocrx_word' id='word_1_887' title='bbox 483 3220 529 3252; x_wconf 90' lang='lat' dir='ltr'><em>M</em></span> <span class='ocrx_word' id='word_1_888' title='bbox 540 3219 805 3253; x_wconf 80' lang='grc' dir='ltr'><strong><em>κοιαιστιώνων</em></strong></span> <span class='ocrx_word' id='word_1_889' title='bbox 817 3218 865 3252; x_wconf 81' lang='lat' dir='ltr'><strong>L²</strong></span> <span class='ocrx_word' id='word_1_890' title='bbox 883 3222 1117 3253; x_wconf 82' lang='grc' dir='ltr'><strong><em>κοιαιστίνων</em></strong></span> <span class='ocrx_word' id='word_1_891' title='bbox 1126 3219 1174 3252; x_wconf 86' lang='lat' dir='ltr'><strong>L¹</strong></span> <span class='ocrx_word' id='word_1_892' title='bbox 1184 3217 1197 3264; x_wconf 76' lang='lat' dir='ltr'>fl</span> <span class='ocrx_word' id='word_1_893' title='bbox 1208 3219 1251 3253; x_wconf 80' lang='lat'><strong>26</strong></span> <span class='ocrx_word' id='word_1_894' title='bbox 1263 3219 1323 3252; x_wconf 66' lang='grc' dir='ltr'><strong>ἐπὶ</strong></span> 
     </span>
     <span class='ocr_line' id='line_1_94' title="bbox 247 3260 1323 3308; baseline -0.002 -10"><span class='ocrx_word' id='word_1_895' title='bbox 247 3267 320 3298; x_wconf 87' lang='grc' dir='ltr'><strong><em>τοῖς</em></strong></span> <span class='ocrx_word' id='word_1_896' title='bbox 342 3264 517 3298; x_wconf 86' lang='grc' dir='ltr'><strong><em>τοιούτοις</em></strong></span> <span class='ocrx_word' id='word_1_897' title='bbox 541 3263 702 3308; x_wconf 83' lang='grc' dir='ltr'><strong><em>θέμασιν</em></strong></span> <span class='ocrx_word' id='word_1_898' title='bbox 726 3265 756 3297; x_wconf 92' lang='lat' dir='ltr'><em>L</em></span> <span class='ocrx_word' id='word_1_899' title='bbox 779 3264 793 3308; x_wconf 86' lang='grc' dir='ltr'><strong>ΙΙ</strong></span> <span class='ocrx_word' id='word_1_900' title='bbox 821 3260 947 3307; x_wconf 86' lang='grc' dir='ltr'><strong><em>μόνον]</em></strong></span> <span class='ocrx_word' id='word_1_901' title='bbox 970 3265 1037 3307; x_wconf 75' lang='grc' dir='ltr'><strong>μὲν</strong></span> <span class='ocrx_word' id='word_1_902' title='bbox 1061 3265 1091 3297; x_wconf 88' lang='lat' dir='ltr'><em>L</em></span> <span class='ocrx_word' id='word_1_903' title='bbox 1112 3265 1124 3306; x_wconf 84' lang='grc' dir='ltr'><strong>ΙΙ</strong></span> <span class='ocrx_word' id='word_1_904' title='bbox 1155 3265 1196 3298; x_wconf 78' lang='lat'><strong>27</strong></span> <span class='ocrx_word' id='word_1_905' title='bbox 1221 3273 1323 3307; x_wconf 86' lang='grc' dir='ltr'><strong><em>προς-</em></strong></span> 
     </span>
     <span class='ocr_line' id='line_1_95' title="bbox 249 3306 1330 3361; baseline 0 -19"><span class='ocrx_word' id='word_1_906' title='bbox 249 3309 339 3351; x_wconf 86' lang='grc' dir='ltr'><strong><em>θεὶς]</em></strong></span> <span class='ocrx_word' id='word_1_907' title='bbox 369 3319 555 3352; x_wconf 85' lang='lat' dir='ltr'><strong>proponens</strong></span> <span class='ocrx_word' id='word_1_908' title='bbox 579 3312 600 3343; x_wconf 80' lang='lat' dir='ltr'><strong>i.</strong></span> <span class='ocrx_word' id='word_1_909' title='bbox 626 3323 653 3343; x_wconf 86' lang='lat' dir='ltr'><strong>e.</strong></span> <span class='ocrx_word' id='word_1_910' title='bbox 678 3308 829 3354; x_wconf 83' lang='grc' dir='ltr'><strong><em>προθεὶς</em></strong></span> <span class='ocrx_word' id='word_1_911' title='bbox 852 3320 872 3345; x_wconf 73' lang='grc' dir='ltr'><strong><em>ς</em></strong></span> <span class='ocrx_word' id='word_1_912' title='bbox 898 3309 910 3346; x_wconf 87' lang='grc' dir='ltr'><strong>ΙΙ</strong></span> <span class='ocrx_word' id='word_1_913' title='bbox 941 3310 983 3343; x_wconf 86' lang='grc'><strong>29</strong></span> <span class='ocrx_word' id='word_1_914' title='bbox 1007 3306 1261 3361; x_wconf 53' lang='grc' dir='ltr'><strong><em>Ἕιδικόμισσον</em></strong></span> <span class='ocrx_word' id='word_1_915' title='bbox 1286 3310 1330 3342; x_wconf 89' lang='lat' dir='ltr'><em>M</em></span> 
     </span>
     <span class='ocr_line' id='line_1_96' title="bbox 249 3350 1323 3399; baseline 0 -11"><span class='ocrx_word' id='word_1_916' title='bbox 249 3357 343 3394; x_wconf 83' lang='lat' dir='ltr'><strong>(idem</strong></span> <span class='ocrx_word' id='word_1_917' title='bbox 356 3356 444 3398; x_wconf 86' lang='lat' dir='ltr'><strong>infra</strong></span> <span class='ocrx_word' id='word_1_918' title='bbox 457 3356 600 3397; x_wconf 80' lang='lat' dir='ltr'><strong>saepius)</strong></span> <span class='ocrx_word' id='word_1_919' title='bbox 615 3350 887 3399; x_wconf 82' lang='grc' dir='ltr'><strong><em>φειδικόμισσον</em></strong></span> <span class='ocrx_word' id='word_1_920' title='bbox 900 3354 931 3387; x_wconf 90' lang='lat' dir='ltr'><em>L</em></span> <span class='ocrx_word' id='word_1_921' title='bbox 943 3353 955 3398; x_wconf 81' lang='grc' dir='ltr'><strong>ΙΙ</strong></span> <span class='ocrx_word' id='word_1_922' title='bbox 965 3365 1073 3387; x_wconf 87' lang='grc' dir='ltr'><strong><em>τουτο</em></strong></span> <span class='ocrx_word' id='word_1_923' title='bbox 1089 3355 1120 3387; x_wconf 88' lang='lat' dir='ltr'><em>L</em></span> <span class='ocrx_word' id='word_1_924' title='bbox 1139 3354 1151 3398; x_wconf 91' lang='grc' dir='ltr'><strong>ΙΙ</strong></span> <span class='ocrx_word' id='word_1_925' title='bbox 1167 3355 1205 3388; x_wconf 86' lang='grc'><strong>31</strong></span> <span class='ocrx_word' id='word_1_926' title='bbox 1224 3353 1323 3398; x_wconf 78' lang='grc' dir='ltr'><strong><em>Μᾶρ-</em></strong></span> 
     </span>
     <span class='ocr_line' id='line_1_97' title="bbox 249 3399 1324 3444; baseline -0.001 -12"><span class='ocrx_word' id='word_1_927' title='bbox 249 3402 317 3440; x_wconf 80' lang='grc' dir='ltr'><strong><em>κος]</em></strong></span> <span class='ocrx_word' id='word_1_928' title='bbox 342 3400 422 3444; x_wconf 77' lang='lat' dir='ltr'><em>Di9.</em></span> <span class='ocrx_word' id='word_1_929' title='bbox 438 3400 458 3431; x_wconf 88' lang='lat' dir='ltr'><strong>l.</strong></span> <span class='ocrx_word' id='word_1_930' title='bbox 473 3412 499 3433; x_wconf 86' lang='lat' dir='ltr'><strong>e.</strong></span> <span class='ocrx_word' id='word_1_931' title='bbox 519 3401 560 3442; x_wconf 69' lang='lat' dir='ltr'><strong>cs.</strong></span> <span class='ocrx_word' id='word_1_932' title='bbox 576 3402 607 3441; x_wconf 90' lang='lat'><strong>5,</strong></span> <span class='ocrx_word' id='word_1_933' title='bbox 621 3407 648 3441; x_wconf 84' lang='lat'><strong>3,</strong></span> <span class='ocrx_word' id='word_1_934' title='bbox 662 3408 697 3433; x_wconf 72' lang='lat'><strong>25</strong></span> <span class='ocrx_word' id='word_1_935' title='bbox 715 3406 774 3438; x_wconf 74' lang='lat'><strong>§16</strong></span> <span class='ocrx_word' id='word_1_936' title='bbox 789 3401 866 3440; x_wconf 75' lang='lat' dir='ltr'><strong>(vid.</strong></span> <span class='ocrx_word' id='word_1_937' title='bbox 882 3401 927 3432; x_wconf 84' lang='lat' dir='ltr'><strong>ad</strong></span> <span class='ocrx_word' id='word_1_938' title='bbox 942 3400 1019 3440; x_wconf 85' lang='lat'><strong>513,</strong></span> <span class='ocrx_word' id='word_1_939' title='bbox 1033 3401 1085 3441; x_wconf 83' lang='lat'><strong>23)</strong></span> <span class='ocrx_word' id='word_1_940' title='bbox 1102 3399 1115 3442; x_wconf 82' lang='grc' dir='ltr'><strong>ΙΙ</strong></span> <span class='ocrx_word' id='word_1_941' title='bbox 1132 3400 1175 3433; x_wconf 87' lang='grc'><strong>32</strong></span> <span class='ocrx_word' id='word_1_942' title='bbox 1190 3399 1324 3432; x_wconf 70' lang='grc' dir='ltr'><strong><em>ἐνεῖναι</em></strong></span> 
     </span>
     <span class='ocr_line' id='line_1_98' title="bbox 251 3440 1324 3488; baseline 0 -11"><span class='ocrx_word' id='word_1_943' title='bbox 251 3445 302 3480; x_wconf 73' lang='lat' dir='ltr'><strong>Lc</strong></span> <span class='ocrx_word' id='word_1_944' title='bbox 321 3446 375 3487; x_wconf 65' lang='lat' dir='ltr'><strong>(esi</strong></span> <span class='ocrx_word' id='word_1_945' title='bbox 389 3444 469 3487; x_wconf 80' lang='lat' dir='ltr'><strong>Diq.</strong></span> <span class='ocrx_word' id='word_1_946' title='bbox 485 3445 505 3478; x_wconf 85' lang='lat' dir='ltr'><strong>l.</strong></span> <span class='ocrx_word' id='word_1_947' title='bbox 520 3446 572 3486; x_wconf 87' lang='lat' dir='ltr'><strong>c.)]</strong></span> <span class='ocrx_word' id='word_1_948' title='bbox 597 3443 690 3478; x_wconf 80' lang='grc' dir='ltr'><strong><em>εἶναι</em></strong></span> <span class='ocrx_word' id='word_1_949' title='bbox 715 3445 760 3478; x_wconf 86' lang='grc' dir='ltr'><strong>Μ</strong></span> <span class='ocrx_word' id='word_1_950' title='bbox 771 3446 783 3485; x_wconf 72' lang='grc' dir='ltr'><strong>Ι]</strong></span> <span class='ocrx_word' id='word_1_951' title='bbox 800 3445 842 3478; x_wconf 87' lang='grc'><strong>36</strong></span> <span class='ocrx_word' id='word_1_952' title='bbox 867 3440 1134 3488; x_wconf 84' lang='grc' dir='ltr'><strong><em>φιδεικομίσσου</em></strong></span> <span class='ocrx_word' id='word_1_953' title='bbox 1158 3444 1188 3477; x_wconf 84' lang='lat' dir='ltr'><em>L</em></span> <span class='ocrx_word' id='word_1_954' title='bbox 1213 3445 1256 3485; x_wconf 83' lang='lat' dir='ltr'><strong>(et</strong></span> <span class='ocrx_word' id='word_1_955' title='bbox 1277 3446 1324 3477; x_wconf 81' lang='lat' dir='ltr'><strong>sic</strong></span> 
     </span>
     <span class='ocr_line' id='line_1_99' title="bbox 251 3488 1085 3532; baseline 0.004 -12"><span class='ocrx_word' id='word_1_956' title='bbox 251 3490 351 3531; x_wconf 85' lang='lat' dir='ltr'><strong>infra)</strong></span> <span class='ocrx_word' id='word_1_957' title='bbox 373 3488 386 3528; x_wconf 91' lang='grc' dir='ltr'><strong>ΙΙ</strong></span> <span class='ocrx_word' id='word_1_958' title='bbox 410 3491 450 3523; x_wconf 79' lang='grc'><strong>37</strong></span> <span class='ocrx_word' id='word_1_959' title='bbox 477 3489 774 3532; x_wconf 80' lang='grc' dir='ltr'><strong><em>νενομοθέτηται]</em></strong></span> <span class='ocrx_word' id='word_1_960' title='bbox 802 3489 879 3523; x_wconf 77' lang='lat' dir='ltr'><strong>Cod.</strong></span> <span class='ocrx_word' id='word_1_961' title='bbox 905 3491 936 3530; x_wconf 87' lang='lat'><strong>6,</strong></span> <span class='ocrx_word' id='word_1_962' title='bbox 957 3497 1005 3529; x_wconf 79' lang='lat'><strong>49,</strong></span> <span class='ocrx_word' id='word_1_963' title='bbox 1028 3497 1054 3523; x_wconf 86' lang='lat'><strong>7.</strong></span> <span class='ocrx_word' id='word_1_964' title='bbox 1069 3498 1085 3523; x_wconf 92' lang='lat'>8</span> 
     </span>
    </p>
   </div>
   <div class='ocr_carea' id='block_1_38' title="bbox 1312 3126 1317 3217">
    <p class='ocr_par' dir='ltr' id='par_1_38' title="bbox 1312 3126 1317 3217">
     <span class='ocr_line' id='line_1_100' title="bbox 1312 3126 1317 3217; baseline 0 0"><span class='ocrx_word' id='word_1_965' title='bbox 1312 3126 1317 3217; x_wconf 95' lang='lat' dir='ltr'><strong> </strong></span> 
     </span>
    </p>
   </div>
   <div class='ocr_carea' id='block_1_39' title="bbox 252 3577 1322 3755">
    <p class='ocr_par' dir='ltr' id='par_1_39' title="bbox 252 3577 1322 3755">
     <span class='ocr_line' id='line_1_101' title="bbox 298 3577 1321 3621; baseline 0.004 -13"><span class='ocrx_word' id='word_1_966' title='bbox 298 3579 313 3609; x_wconf 96' lang='grc'><strong>1</strong></span> <span class='ocrx_word' id='word_1_967' title='bbox 332 3577 475 3618; x_wconf 86' lang='lat' dir='ltr'><strong>reliquas</strong></span> <span class='ocrx_word' id='word_1_968' title='bbox 491 3577 588 3610; x_wconf 82' lang='lat' dir='ltr'><strong>rebus</strong></span> <span class='ocrx_word' id='word_1_969' title='bbox 604 3578 654 3610; x_wconf 84' lang='lat' dir='ltr'><strong>R²</strong></span> <span class='ocrx_word' id='word_1_970' title='bbox 671 3578 684 3620; x_wconf 69' lang='lat' dir='ltr'>fl</span> <span class='ocrx_word' id='word_1_971' title='bbox 699 3579 719 3611; x_wconf 85' lang='lat'><strong>3</strong></span> <span class='ocrx_word' id='word_1_972' title='bbox 736 3578 784 3610; x_wconf 76' lang='lat' dir='ltr'><strong>eis</strong></span> <span class='ocrx_word' id='word_1_973' title='bbox 808 3579 854 3611; x_wconf 78' lang='lat'><strong>1⁷¹</strong></span> <span class='ocrx_word' id='word_1_974' title='bbox 871 3579 883 3621; x_wconf 79' lang='grc' dir='ltr'><strong>ΙΙ</strong></span> <span class='ocrx_word' id='word_1_975' title='bbox 902 3580 923 3612; x_wconf 84' lang='grc'><strong>4</strong></span> <span class='ocrx_word' id='word_1_976' title='bbox 944 3586 1018 3612; x_wconf 79' lang='lat' dir='ltr'><strong>ante</strong></span> <span class='ocrx_word' id='word_1_977' title='bbox 1038 3580 1097 3611; x_wconf 85' lang='lat' dir='ltr'><strong>aut</strong></span> <span class='ocrx_word' id='word_1_978' title='bbox 1119 3585 1203 3621; x_wconf 72' lang='lat' dir='ltr'><strong>spat.</strong></span> <span class='ocrx_word' id='word_1_979' title='bbox 1217 3589 1287 3611; x_wconf 79' lang='lat' dir='ltr'><strong>vac.</strong></span> <span class='ocrx_word' id='word_1_980' title='bbox 1301 3579 1321 3612; x_wconf 85' lang='lat'><strong>3</strong></span> 
     </span>
     <span class='ocr_line' id='line_1_102' title="bbox 253 3622 1321 3668; baseline 0.002 -15"><span class='ocrx_word' id='word_1_981' title='bbox 253 3622 311 3653; x_wconf 82' lang='lat' dir='ltr'><strong>litt.</strong></span> <span class='ocrx_word' id='word_1_982' title='bbox 336 3623 368 3653; x_wconf 82' lang='lat' dir='ltr'><strong>in</strong></span> <span class='ocrx_word' id='word_1_983' title='bbox 389 3622 445 3664; x_wconf 76' lang='lat' dir='ltr'><strong>Vss</strong></span> <span class='ocrx_word' id='word_1_984' title='bbox 461 3626 614 3655; x_wconf 80' lang='lat' dir='ltr'><strong>censente</strong></span> <span class='ocrx_word' id='word_1_985' title='bbox 640 3623 694 3665; x_wconf 83' lang='grc' dir='ltr'><strong>ΊἾΙ</strong></span> <span class='ocrx_word' id='word_1_986' title='bbox 721 3625 741 3657; x_wconf 89' lang='grc'>6</span> <span class='ocrx_word' id='word_1_987' title='bbox 765 3623 952 3656; x_wconf 86' lang='lat' dir='ltr'><strong>cautionem</strong></span> <span class='ocrx_word' id='word_1_988' title='bbox 973 3624 1038 3665; x_wconf 78' lang='lat' dir='ltr'><strong>V⁰,</strong></span> <span class='ocrx_word' id='word_1_989' title='bbox 1062 3636 1119 3657; x_wconf 78' lang='lat' dir='ltr'><strong>om.</strong></span> <span class='ocrx_word' id='word_1_990' title='bbox 1134 3623 1183 3656; x_wconf 81' lang='lat' dir='ltr'><strong>R·</strong></span> <span class='ocrx_word' id='word_1_991' title='bbox 1201 3622 1321 3668; x_wconf 62' lang='lat' dir='ltr'><strong>flflffl·</strong></span> 
     </span>
     <span class='ocr_line' id='line_1_103' title="bbox 252 3664 1322 3711; baseline 0.005 -16"><span class='ocrx_word' id='word_1_992' title='bbox 252 3664 398 3697; x_wconf 77' lang='lat' dir='ltr'><strong>iussione</strong></span> <span class='ocrx_word' id='word_1_993' title='bbox 425 3667 457 3698; x_wconf 82' lang='lat' dir='ltr'><em>T</em></span> <span class='ocrx_word' id='word_1_994' title='bbox 486 3666 728 3699; x_wconf 80' lang='lat' dir='ltr'><strong>fideiussionem</strong></span> <span class='ocrx_word' id='word_1_995' title='bbox 759 3668 828 3711; x_wconf 66' lang='lat' dir='ltr'><strong>Vn</strong></span> <span class='ocrx_word' id='word_1_996' title='bbox 854 3668 891 3700; x_wconf 90' lang='lat' dir='ltr'><strong>in</strong></span> <span class='ocrx_word' id='word_1_997' title='bbox 916 3668 979 3709; x_wconf 85' lang='lat' dir='ltr'><strong>his]</strong></span> <span class='ocrx_word' id='word_1_998' title='bbox 1012 3670 1044 3701; x_wconf 89' lang='lat' dir='ltr'><strong>et</strong></span> <span class='ocrx_word' id='word_1_999' title='bbox 1075 3668 1111 3700; x_wconf 91' lang='lat' dir='ltr'><strong>in</strong></span> <span class='ocrx_word' id='word_1_1000' title='bbox 1143 3667 1195 3700; x_wconf 79' lang='lat' dir='ltr'><strong>his</strong></span> <span class='ocrx_word' id='word_1_1001' title='bbox 1224 3667 1322 3710; x_wconf 79' lang='lat' dir='ltr'><strong>RTn</strong></span> 
     </span>
     <span class='ocr_line' id='line_1_104' title="bbox 254 3709 1322 3755; baseline 0.004 -15"><span class='ocrx_word' id='word_1_1002' title='bbox 254 3711 271 3741; x_wconf 71' lang='lat' dir='ltr'><strong>&#39;a&#39;</strong></span> <span class='ocrx_word' id='word_1_1003' title='bbox 296 3709 362 3740; x_wconf 80' lang='lat' dir='ltr'><strong>alia</strong></span> <span class='ocrx_word' id='word_1_1004' title='bbox 387 3710 436 3742; x_wconf 88' lang='lat' dir='ltr'><strong>T¹</strong></span> <span class='ocrx_word' id='word_1_1005' title='bbox 453 3710 466 3752; x_wconf 82' lang='grc' dir='ltr'>Ι</span> <span class='ocrx_word' id='word_1_1006' title='bbox 483 3711 502 3744; x_wconf 89' lang='grc'>8</span> <span class='ocrx_word' id='word_1_1007' title='bbox 526 3715 679 3743; x_wconf 79' lang='lat' dir='ltr'><strong>manento</strong></span> <span class='ocrx_word' id='word_1_1008' title='bbox 703 3712 736 3744; x_wconf 81' lang='lat' dir='ltr'><strong><em>R</em></strong></span> <span class='ocrx_word' id='word_1_1009' title='bbox 752 3712 765 3755; x_wconf 88' lang='grc' dir='ltr'><strong>ΙΙ</strong></span> <span class='ocrx_word' id='word_1_1010' title='bbox 782 3715 803 3746; x_wconf 83' lang='grc'>9</span> <span class='ocrx_word' id='word_1_1011' title='bbox 822 3713 862 3754; x_wconf 82' lang='lat' dir='ltr'><strong>is]</strong></span> <span class='ocrx_word' id='word_1_1012' title='bbox 890 3713 960 3745; x_wconf 73' lang='lat' dir='ltr'><strong>uis</strong></span> <span class='ocrx_word' id='word_1_1013' title='bbox 981 3714 1030 3746; x_wconf 66' lang='lat'><strong>12¹</strong></span> <span class='ocrx_word' id='word_1_1014' title='bbox 1053 3715 1086 3745; x_wconf 88' lang='lat' dir='ltr'><strong>et</strong></span> <span class='ocrx_word' id='word_1_1015' title='bbox 1107 3712 1185 3755; x_wconf 72' lang='lat' dir='ltr'><strong>17⁰ss</strong></span> <span class='ocrx_word' id='word_1_1016' title='bbox 1202 3711 1322 3745; x_wconf 71' lang='lat' dir='ltr'><strong>habeat</strong></span> 
     </span>
    </p>
   </div>
   <div class='ocr_carea' id='block_1_40' title="bbox 1388 2943 2461 3758">
    <p class='ocr_par' dir='ltr' id='par_1_40' title="bbox 1388 2943 2461 3758">
     <span class='ocr_line' id='line_1_105' title="bbox 1391 2943 2460 2991; baseline -0.004 -10"><span class='ocrx_word' id='word_1_1017' title='bbox 1391 2949 1423 2980; x_wconf 80' lang='lat' dir='ltr'><em>R</em></span> <span class='ocrx_word' id='word_1_1018' title='bbox 1439 2947 1453 2991; x_wconf 91' lang='grc' dir='ltr'><strong>ΙΙ</strong></span> <span class='ocrx_word' id='word_1_1019' title='bbox 1470 2950 1508 2980; x_wconf 89' lang='lat' dir='ltr'><strong>ut</strong></span> <span class='ocrx_word' id='word_1_1020' title='bbox 1530 2949 1610 2991; x_wconf 86' lang='lat' dir='ltr'><strong>pute</strong></span> <span class='ocrx_word' id='word_1_1021' title='bbox 1638 2947 1687 2981; x_wconf 70' lang='grc' dir='ltr'><strong>Τι</strong></span> <span class='ocrx_word' id='word_1_1022' title='bbox 1718 2950 1756 2979; x_wconf 91' lang='lat' dir='ltr'><strong>ut</strong></span> <span class='ocrx_word' id='word_1_1023' title='bbox 1778 2949 1852 2989; x_wconf 74' lang='lat' dir='ltr'><strong>post</strong></span> <span class='ocrx_word' id='word_1_1024' title='bbox 1874 2946 1923 2979; x_wconf 64' lang='grc' dir='ltr'><strong>Β*</strong></span> <span class='ocrx_word' id='word_1_1025' title='bbox 1941 2946 1953 2988; x_wconf 76' lang='grc' dir='ltr'><strong>Ι]</strong></span> <span class='ocrx_word' id='word_1_1026' title='bbox 1976 2956 2031 2979; x_wconf 79' lang='lat' dir='ltr'><strong>eos</strong></span> <span class='ocrx_word' id='word_1_1027' title='bbox 2055 2943 2150 2988; x_wconf 63' lang='grc' dir='ltr'><strong>ΒΤ]</strong></span> <span class='ocrx_word' id='word_1_1028' title='bbox 2165 2944 2333 2978; x_wconf 86' lang='lat' dir='ltr'><strong>deterente</strong></span> <span class='ocrx_word' id='word_1_1029' title='bbox 2347 2946 2381 2978; x_wconf 84' lang='lat' dir='ltr'><strong>R.</strong></span> <span class='ocrx_word' id='word_1_1030' title='bbox 2404 2945 2460 2977; x_wconf 90' lang='lat' dir='ltr'><strong>de-</strong></span> 
     </span>
     <span class='ocr_line' id='line_1_106' title="bbox 1392 2989 2460 3035; baseline -0.002 -10"><span class='ocrx_word' id='word_1_1031' title='bbox 1392 2995 1538 3026; x_wconf 84' lang='lat' dir='ltr'><strong>terrente</strong></span> <span class='ocrx_word' id='word_1_1032' title='bbox 1558 2992 1646 3035; x_wconf 72' lang='lat' dir='ltr'><strong>VTfl</strong></span> <span class='ocrx_word' id='word_1_1033' title='bbox 1664 2995 1703 3027; x_wconf 84' lang='lat'><strong>10</strong></span> <span class='ocrx_word' id='word_1_1034' title='bbox 1727 2995 1772 3033; x_wconf 87' lang='lat' dir='ltr'><strong>at]</strong></span> <span class='ocrx_word' id='word_1_1035' title='bbox 1794 2994 1832 3024; x_wconf 92' lang='lat' dir='ltr'><strong>ut</strong></span> <span class='ocrx_word' id='word_1_1036' title='bbox 1847 2991 1964 3031; x_wconf 81' lang='lat' dir='ltr'><strong>R¹V¹,</strong></span> <span class='ocrx_word' id='word_1_1037' title='bbox 1980 2991 2041 3024; x_wconf 80' lang='lat' dir='ltr'><strong>del.</strong></span> <span class='ocrx_word' id='word_1_1038' title='bbox 2063 2989 2115 3023; x_wconf 81' lang='lat' dir='ltr'><strong>V³</strong></span> <span class='ocrx_word' id='word_1_1039' title='bbox 2130 2989 2143 3033; x_wconf 80' lang='grc' dir='ltr'><strong>ΙΙ</strong></span> <span class='ocrx_word' id='word_1_1040' title='bbox 2159 2989 2253 3022; x_wconf 87' lang='lat' dir='ltr'><strong>uerbi</strong></span> <span class='ocrx_word' id='word_1_1041' title='bbox 2274 2990 2323 3023; x_wconf 84' lang='lat' dir='ltr'><strong>V¹</strong></span> <span class='ocrx_word' id='word_1_1042' title='bbox 2338 2989 2351 3034; x_wconf 77' lang='grc' dir='ltr'>Ι</span> <span class='ocrx_word' id='word_1_1043' title='bbox 2370 2989 2460 3031; x_wconf 87' lang='lat' dir='ltr'><strong>quia]</strong></span> 
     </span>
     <span class='ocr_line' id='line_1_107' title="bbox 1390 3034 2461 3082; baseline -0.003 -11"><span class='ocrx_word' id='word_1_1044' title='bbox 1390 3048 1487 3079; x_wconf 86' lang='lat' dir='ltr'><strong>quem</strong></span> <span class='ocrx_word' id='word_1_1045' title='bbox 1509 3038 1555 3071; x_wconf 88' lang='lat' dir='ltr'><strong>V¹</strong></span> <span class='ocrx_word' id='word_1_1046' title='bbox 1574 3037 1587 3082; x_wconf 90' lang='grc' dir='ltr'><strong>ΙΙ</strong></span> <span class='ocrx_word' id='word_1_1047' title='bbox 1614 3040 1650 3072; x_wconf 92' lang='grc'><strong>11</strong></span> <span class='ocrx_word' id='word_1_1048' title='bbox 1671 3038 1733 3070; x_wconf 92' lang='lat' dir='ltr'><strong>hoc</strong></span> <span class='ocrx_word' id='word_1_1049' title='bbox 1750 3048 1825 3070; x_wconf 91' lang='lat' dir='ltr'><strong>eum</strong></span> <span class='ocrx_word' id='word_1_1050' title='bbox 1840 3049 1899 3070; x_wconf 85' lang='lat' dir='ltr'><strong>om.</strong></span> <span class='ocrx_word' id='word_1_1051' title='bbox 1920 3036 1958 3078; x_wconf 91' lang='lat' dir='ltr'><strong>V,</strong></span> <span class='ocrx_word' id='word_1_1052' title='bbox 1979 3045 2052 3068; x_wconf 86' lang='lat' dir='ltr'><strong>eum</strong></span> <span class='ocrx_word' id='word_1_1053' title='bbox 2069 3048 2126 3068; x_wconf 87' lang='lat' dir='ltr'><strong>om.</strong></span> <span class='ocrx_word' id='word_1_1054' title='bbox 2142 3034 2201 3078; x_wconf 72' lang='lat' dir='ltr'><strong>Rll</strong></span> <span class='ocrx_word' id='word_1_1055' title='bbox 2228 3036 2269 3069; x_wconf 83' lang='lat'><strong>12</strong></span> <span class='ocrx_word' id='word_1_1056' title='bbox 2285 3035 2461 3068; x_wconf 85' lang='lat' dir='ltr'><strong>instituere</strong></span> 
     </span>
     <span class='ocr_line' id='line_1_108' title="bbox 1400 3079 2460 3126; baseline -0.006 -10"><span class='ocrx_word' id='word_1_1057' title='bbox 1400 3083 1448 3116; x_wconf 90' lang='lat' dir='ltr'><strong>V¹</strong></span> <span class='ocrx_word' id='word_1_1058' title='bbox 1467 3083 1479 3125; x_wconf 91' lang='grc' dir='ltr'><strong>ΙΙ</strong></span> <span class='ocrx_word' id='word_1_1059' title='bbox 1498 3085 1539 3117; x_wconf 85' lang='grc'><strong>14</strong></span> <span class='ocrx_word' id='word_1_1060' title='bbox 1548 3093 1663 3116; x_wconf 86' lang='lat' dir='ltr'><strong>eorum</strong></span> <span class='ocrx_word' id='word_1_1061' title='bbox 1679 3082 1773 3126; x_wconf 73' lang='lat' dir='ltr'><strong>RVn</strong></span> <span class='ocrx_word' id='word_1_1062' title='bbox 1791 3081 1895 3115; x_wconf 89' lang='lat' dir='ltr'><strong>inlata</strong></span> <span class='ocrx_word' id='word_1_1063' title='bbox 1915 3080 1994 3123; x_wconf 64' lang='lat' dir='ltr'><strong>V¹fl</strong></span> <span class='ocrx_word' id='word_1_1064' title='bbox 2022 3082 2060 3115; x_wconf 79' lang='lat'><strong>17</strong></span> <span class='ocrx_word' id='word_1_1065' title='bbox 2074 3080 2245 3112; x_wconf 81' lang='lat' dir='ltr'><strong>occasione</strong></span> <span class='ocrx_word' id='word_1_1066' title='bbox 2257 3080 2306 3112; x_wconf 69' lang='lat'><strong>13¹</strong></span> <span class='ocrx_word' id='word_1_1067' title='bbox 2324 3080 2337 3124; x_wconf 71' lang='grc' dir='ltr'><strong>ΙΙ</strong></span> <span class='ocrx_word' id='word_1_1068' title='bbox 2355 3081 2396 3115; x_wconf 89' lang='grc'><strong>18</strong></span> <span class='ocrx_word' id='word_1_1069' title='bbox 2407 3079 2460 3113; x_wconf 88' lang='lat' dir='ltr'><strong>in-</strong></span> 
     </span>
     <span class='ocr_line' id='line_1_109' title="bbox 1391 3124 2459 3169; baseline -0.003 -9"><span class='ocrx_word' id='word_1_1070' title='bbox 1391 3128 1614 3161; x_wconf 89' lang='lat' dir='ltr'><strong>definitionem</strong></span> <span class='ocrx_word' id='word_1_1071' title='bbox 1630 3127 1689 3169; x_wconf 69' lang='lat'><strong>3¹]</strong></span> <span class='ocrx_word' id='word_1_1072' title='bbox 1713 3126 1981 3160; x_wconf 84' lang='lat' dir='ltr'><strong>indiffinitionem</strong></span> <span class='ocrx_word' id='word_1_1073' title='bbox 1996 3126 2029 3159; x_wconf 87' lang='lat' dir='ltr'><em>T</em></span> <span class='ocrx_word' id='word_1_1074' title='bbox 2048 3124 2282 3158; x_wconf 82' lang='lat' dir='ltr'><strong>diffinitionem</strong></span> <span class='ocrx_word' id='word_1_1075' title='bbox 2302 3125 2336 3158; x_wconf 91' lang='lat' dir='ltr'><strong><em>V</em></strong></span> <span class='ocrx_word' id='word_1_1076' title='bbox 2350 3124 2459 3157; x_wconf 81' lang='lat' dir='ltr'><strong>difini-</strong></span> 
     </span>
     <span class='ocr_line' id='line_1_110' title="bbox 1390 3169 2459 3217; baseline -0.002 -11"><span class='ocrx_word' id='word_1_1077' title='bbox 1390 3174 1513 3206; x_wconf 87' lang='lat' dir='ltr'><strong>tionem</strong></span> <span class='ocrx_word' id='word_1_1078' title='bbox 1527 3173 1577 3206; x_wconf 61' lang='lat'><strong>13²</strong></span> <span class='ocrx_word' id='word_1_1079' title='bbox 1592 3173 1606 3217; x_wconf 72' lang='grc' dir='ltr'><strong>ΙΙ</strong></span> <span class='ocrx_word' id='word_1_1080' title='bbox 1633 3175 1673 3207; x_wconf 86' lang='grc'><strong>19</strong></span> <span class='ocrx_word' id='word_1_1081' title='bbox 1697 3171 1949 3215; x_wconf 76' lang='lat' dir='ltr'><strong>disci-optionem</strong></span> <span class='ocrx_word' id='word_1_1082' title='bbox 1965 3172 1997 3204; x_wconf 89' lang='lat' dir='ltr'><em>T</em></span> <span class='ocrx_word' id='word_1_1083' title='bbox 2013 3170 2062 3211; x_wconf 88' lang='lat' dir='ltr'><strong>(in</strong></span> <span class='ocrx_word' id='word_1_1084' title='bbox 2086 3170 2174 3203; x_wconf 88' lang='lat' dir='ltr'><strong>libro</strong></span> <span class='ocrx_word' id='word_1_1085' title='bbox 2191 3180 2240 3203; x_wconf 68' lang='grc' dir='ltr'><strong>,ιι</strong></span> <span class='ocrx_word' id='word_1_1086' title='bbox 2265 3169 2459 3212; x_wconf 78' lang='lat' dir='ltr'><strong>descriptio-</strong></span> 
     </span>
     <span class='ocr_line' id='line_1_111' title="bbox 1391 3217 2457 3262; baseline -0.004 -12"><span class='ocrx_word' id='word_1_1087' title='bbox 1391 3229 1466 3251; x_wconf 89' lang='lat' dir='ltr'><strong>nem</strong></span> <span class='ocrx_word' id='word_1_1088' title='bbox 1487 3219 1587 3252; x_wconf 79' lang='lat' dir='ltr'><strong>schol.</strong></span> <span class='ocrx_word' id='word_1_1089' title='bbox 1602 3218 1649 3259; x_wconf 89' lang='grc' dir='ltr'><strong>Τ)</strong></span> <span class='ocrx_word' id='word_1_1090' title='bbox 1665 3218 1678 3262; x_wconf 77' lang='grc' dir='ltr'><strong>ΙΙ</strong></span> <span class='ocrx_word' id='word_1_1091' title='bbox 1695 3217 1830 3259; x_wconf 85' lang='lat' dir='ltr'><strong>quidam</strong></span> <span class='ocrx_word' id='word_1_1092' title='bbox 1850 3217 1881 3251; x_wconf 83' lang='lat' dir='ltr'><strong><em>V</em></strong></span> <span class='ocrx_word' id='word_1_1093' title='bbox 1893 3217 1906 3259; x_wconf 90' lang='grc' dir='ltr'><strong>ΙΙ</strong></span> <span class='ocrx_word' id='word_1_1094' title='bbox 1921 3217 1962 3250; x_wconf 86' lang='grc'><strong>20</strong></span> <span class='ocrx_word' id='word_1_1095' title='bbox 1986 3217 2115 3259; x_wconf 87' lang='lat' dir='ltr'><strong>puram]</strong></span> <span class='ocrx_word' id='word_1_1096' title='bbox 2142 3226 2234 3248; x_wconf 84' lang='lat' dir='ltr'><strong>uram</strong></span> <span class='ocrx_word' id='word_1_1097' title='bbox 2258 3228 2316 3248; x_wconf 79' lang='lat' dir='ltr'><strong>om.</strong></span> <span class='ocrx_word' id='word_1_1098' title='bbox 2330 3217 2362 3249; x_wconf 84' lang='lat' dir='ltr'><strong>in</strong></span> <span class='ocrx_word' id='word_1_1099' title='bbox 2374 3222 2457 3258; x_wconf 68' lang='lat' dir='ltr'><strong>apat.</strong></span> 
     </span>
     <span class='ocr_line' id='line_1_112' title="bbox 1390 3259 2458 3306; baseline -0.005 -9"><span class='ocrx_word' id='word_1_1100' title='bbox 1390 3276 1458 3297; x_wconf 87' lang='lat' dir='ltr'><strong>vac.</strong></span> <span class='ocrx_word' id='word_1_1101' title='bbox 1473 3265 1495 3297; x_wconf 91' lang='lat'>4</span> <span class='ocrx_word' id='word_1_1102' title='bbox 1514 3264 1572 3297; x_wconf 81' lang='lat' dir='ltr'><strong>litt.</strong></span> <span class='ocrx_word' id='word_1_1103' title='bbox 1595 3263 1644 3296; x_wconf 87' lang='lat' dir='ltr'><strong>V¹</strong></span> <span class='ocrx_word' id='word_1_1104' title='bbox 1664 3266 1677 3306; x_wconf 83' lang='grc' dir='ltr'><strong>ΙΙ</strong></span> <span class='ocrx_word' id='word_1_1105' title='bbox 1704 3263 1746 3296; x_wconf 83' lang='grc'><strong>22</strong></span> <span class='ocrx_word' id='word_1_1106' title='bbox 1770 3263 1856 3304; x_wconf 89' lang='lat' dir='ltr'><strong>eum]</strong></span> <span class='ocrx_word' id='word_1_1107' title='bbox 1879 3271 1953 3293; x_wconf 84' lang='lat' dir='ltr'><strong>eum</strong></span> <span class='ocrx_word' id='word_1_1108' title='bbox 1976 3261 2055 3304; x_wconf 64' lang='lat' dir='ltr'><strong>Van</strong></span> <span class='ocrx_word' id='word_1_1109' title='bbox 2078 3262 2155 3302; x_wconf 92' lang='lat' dir='ltr'><strong>quo]</strong></span> <span class='ocrx_word' id='word_1_1110' title='bbox 2180 3260 2296 3293; x_wconf 86' lang='lat' dir='ltr'><strong>ordine</strong></span> <span class='ocrx_word' id='word_1_1111' title='bbox 2317 3272 2344 3293; x_wconf 76' lang='grc' dir='ltr'><strong><em>ε,</em></strong></span> <span class='ocrx_word' id='word_1_1112' title='bbox 2358 3259 2458 3293; x_wconf 65' lang='lat' dir='ltr'><strong>mad·</strong></span> 
     </span>
     <span class='ocr_line' id='line_1_113' title="bbox 1389 3303 2456 3351; baseline -0.007 -9"><span class='ocrx_word' id='word_1_1113' title='bbox 1389 3321 1452 3342; x_wconf 88' lang='lat' dir='ltr'><strong>scr.</strong></span> <span class='ocrx_word' id='word_1_1114' title='bbox 1472 3308 1523 3342; x_wconf 80' lang='lat' dir='ltr'><strong>V·</strong></span> <span class='ocrx_word' id='word_1_1115' title='bbox 1544 3308 1558 3351; x_wconf 76' lang='lat' dir='ltr'><strong>{l</strong></span> <span class='ocrx_word' id='word_1_1116' title='bbox 1587 3309 1629 3342; x_wconf 84' lang='lat'><strong>23</strong></span> <span class='ocrx_word' id='word_1_1117' title='bbox 1653 3307 1834 3351; x_wconf 85' lang='lat' dir='ltr'><strong>panianum</strong></span> <span class='ocrx_word' id='word_1_1118' title='bbox 1858 3306 1907 3339; x_wconf 60' lang='grc' dir='ltr'><strong>Β*</strong></span> <span class='ocrx_word' id='word_1_1119' title='bbox 1929 3306 1942 3350; x_wconf 85' lang='grc' dir='ltr'><strong>ΙΙ</strong></span> <span class='ocrx_word' id='word_1_1120' title='bbox 1966 3305 2257 3349; x_wconf 81' lang='lat' dir='ltr'><strong>sapientissimum]</strong></span> <span class='ocrx_word' id='word_1_1121' title='bbox 2287 3303 2456 3347; x_wconf 75' lang='lat' dir='ltr'><strong>sapientis-</strong></span> 
     </span>
     <span class='ocr_line' id='line_1_114' title="bbox 1390 3348 2456 3394; baseline -0.006 -8"><span class='ocrx_word' id='word_1_1122' title='bbox 1390 3353 1509 3386; x_wconf 81' lang='lat' dir='ltr'><strong>simum</strong></span> <span class='ocrx_word' id='word_1_1123' title='bbox 1532 3353 1644 3386; x_wconf 88' lang='lat' dir='ltr'><strong>uirum</strong></span> <span class='ocrx_word' id='word_1_1124' title='bbox 1667 3353 1701 3386; x_wconf 90' lang='lat' dir='ltr'><strong><em>V</em></strong></span> <span class='ocrx_word' id='word_1_1125' title='bbox 1721 3353 1832 3386; x_wconf 88' lang='lat' dir='ltr'><strong>uirum</strong></span> <span class='ocrx_word' id='word_1_1126' title='bbox 1849 3351 2126 3394; x_wconf 83' lang='lat' dir='ltr'><strong>sapientissimum</strong></span> <span class='ocrx_word' id='word_1_1127' title='bbox 2145 3350 2197 3383; x_wconf 60' lang='grc' dir='ltr'><strong>Τ1</strong></span> <span class='ocrx_word' id='word_1_1128' title='bbox 2242 3350 2285 3383; x_wconf 79' lang='grc'><strong>24</strong></span> <span class='ocrx_word' id='word_1_1129' title='bbox 2301 3348 2360 3381; x_wconf 84' lang='lat' dir='ltr'><strong>ubi</strong></span> <span class='ocrx_word' id='word_1_1130' title='bbox 2382 3357 2456 3389; x_wconf 80' lang='lat' dir='ltr'><strong>per-</strong></span> 
     </span>
     <span class='ocr_line' id='line_1_115' title="bbox 1389 3392 2457 3441; baseline -0.006 -10"><span class='ocrx_word' id='word_1_1131' title='bbox 1389 3399 1500 3431; x_wconf 88' lang='lat' dir='ltr'><strong>mittat</strong></span> <span class='ocrx_word' id='word_1_1132' title='bbox 1523 3398 1571 3431; x_wconf 69' lang='lat'><strong>13¹</strong></span> <span class='ocrx_word' id='word_1_1133' title='bbox 1602 3397 1806 3441; x_wconf 85' lang='lat' dir='ltr'><strong>supermittit</strong></span> <span class='ocrx_word' id='word_1_1134' title='bbox 1831 3397 1881 3430; x_wconf 72' lang='grc' dir='ltr'><strong>Τ1</strong></span> <span class='ocrx_word' id='word_1_1135' title='bbox 1907 3396 1920 3439; x_wconf 68' lang='grc' dir='ltr'><strong>Π</strong></span> <span class='ocrx_word' id='word_1_1136' title='bbox 1950 3397 1991 3430; x_wconf 81' lang='grc'><strong>25</strong></span> <span class='ocrx_word' id='word_1_1137' title='bbox 2016 3395 2103 3428; x_wconf 88' lang='lat' dir='ltr'><strong>illud</strong></span> <span class='ocrx_word' id='word_1_1138' title='bbox 2126 3407 2184 3428; x_wconf 80' lang='lat' dir='ltr'><strong>om.</strong></span> <span class='ocrx_word' id='word_1_1139' title='bbox 2234 3395 2244 3414; x_wconf 88' lang='lat'><strong>¹</strong></span> <span class='ocrx_word' id='word_1_1140' title='bbox 2270 3392 2286 3435; x_wconf 73' lang='grc'>1</span> <span class='ocrx_word' id='word_1_1141' title='bbox 2312 3393 2354 3426; x_wconf 82' lang='grc'><strong>26</strong></span> <span class='ocrx_word' id='word_1_1142' title='bbox 2378 3403 2457 3433; x_wconf 79' lang='lat' dir='ltr'><strong>eug-</strong></span> 
     </span>
     <span class='ocr_line' id='line_1_116' title="bbox 1390 3438 2458 3487; baseline -0.006 -12"><span class='ocrx_word' id='word_1_1143' title='bbox 1390 3446 1476 3476; x_wconf 86' lang='lat' dir='ltr'><strong>mate</strong></span> <span class='ocrx_word' id='word_1_1144' title='bbox 1490 3442 1550 3476; x_wconf 58' lang='lat' dir='ltr'><strong>⁴R¹</strong></span> <span class='ocrx_word' id='word_1_1145' title='bbox 1564 3442 1577 3487; x_wconf 87' lang='grc' dir='ltr'><strong>ΙΙ</strong></span> <span class='ocrx_word' id='word_1_1146' title='bbox 1596 3444 1638 3477; x_wconf 84' lang='grc'><strong>28</strong></span> <span class='ocrx_word' id='word_1_1147' title='bbox 1663 3443 1725 3476; x_wconf 83' lang='lat' dir='ltr'><strong>hoc</strong></span> <span class='ocrx_word' id='word_1_1148' title='bbox 1749 3455 1807 3477; x_wconf 80' lang='lat' dir='ltr'><strong>om.</strong></span> <span class='ocrx_word' id='word_1_1149' title='bbox 1822 3441 1879 3485; x_wconf 79' lang='grc' dir='ltr'><strong>ΤΙΙ</strong></span> <span class='ocrx_word' id='word_1_1150' title='bbox 1903 3441 2083 3474; x_wconf 73' lang='lat' dir='ltr'><strong>honoratus</strong></span> <span class='ocrx_word' id='word_1_1151' title='bbox 2106 3440 2139 3473; x_wconf 84' lang='lat' dir='ltr'><strong><em>T</em></strong></span> <span class='ocrx_word' id='word_1_1152' title='bbox 2156 3439 2336 3472; x_wconf 67' lang='lat' dir='ltr'><strong>honoratus</strong></span> <span class='ocrx_word' id='word_1_1153' title='bbox 2353 3438 2385 3470; x_wconf 85' lang='lat' dir='ltr'><em>R</em></span> <span class='ocrx_word' id='word_1_1154' title='bbox 2396 3438 2429 3471; x_wconf 82' lang='lat' dir='ltr'><strong><em>V</em></strong></span> <span class='ocrx_word' id='word_1_1155' title='bbox 2446 3438 2458 3480; x_wconf 86' lang='grc' dir='ltr'><strong>ΙΙ</strong></span> 
     </span>
     <span class='ocr_line' id='line_1_117' title="bbox 1390 3482 2455 3531; baseline -0.008 -10"><span class='ocrx_word' id='word_1_1156' title='bbox 1390 3489 1432 3521; x_wconf 88' lang='grc'><strong>30</strong></span> <span class='ocrx_word' id='word_1_1157' title='bbox 1455 3487 1641 3530; x_wconf 88' lang='lat' dir='ltr'><strong>propositio</strong></span> <span class='ocrx_word' id='word_1_1158' title='bbox 1663 3488 1697 3521; x_wconf 86' lang='lat' dir='ltr'><em>R</em></span> <span class='ocrx_word' id='word_1_1159' title='bbox 1719 3488 1732 3531; x_wconf 80' lang='grc' dir='ltr'><strong>ΙΙ</strong></span> <span class='ocrx_word' id='word_1_1160' title='bbox 1758 3489 1799 3522; x_wconf 85' lang='grc'><strong>31</strong></span> <span class='ocrx_word' id='word_1_1161' title='bbox 1823 3486 2033 3527; x_wconf 83' lang='lat' dir='ltr'><strong>arbitratum]</strong></span> <span class='ocrx_word' id='word_1_1162' title='bbox 2057 3486 2093 3518; x_wconf 86' lang='lat' dir='ltr'><strong>in</strong></span> <span class='ocrx_word' id='word_1_1163' title='bbox 2115 3482 2277 3516; x_wconf 69' lang='lat' dir='ltr'><strong>arbitratu</strong></span> <span class='ocrx_word' id='word_1_1164' title='bbox 2301 3483 2332 3514; x_wconf 87' lang='lat' dir='ltr'><em>R</em></span> <span class='ocrx_word' id='word_1_1165' title='bbox 2367 3482 2455 3515; x_wconf 84' lang='lat' dir='ltr'><strong>arbi-</strong></span> 
     </span>
     <span class='ocr_line' id='line_1_118' title="bbox 1389 3526 2455 3575; baseline -0.003 -11"><span class='ocrx_word' id='word_1_1166' title='bbox 1389 3533 1491 3565; x_wconf 83' lang='lat' dir='ltr'><strong>trium</strong></span> <span class='ocrx_word' id='word_1_1167' title='bbox 1507 3533 1559 3566; x_wconf 64' lang='grc' dir='ltr'><strong>ΤΞ</strong></span> <span class='ocrx_word' id='word_1_1168' title='bbox 1573 3534 1585 3571; x_wconf 86' lang='grc' dir='ltr'><strong>ΙΙ</strong></span> <span class='ocrx_word' id='word_1_1169' title='bbox 1604 3533 1648 3566; x_wconf 83' lang='grc'><strong>34</strong></span> <span class='ocrx_word' id='word_1_1170' title='bbox 1667 3532 1796 3575; x_wconf 61' lang='lat' dir='ltr'><strong>(wais</strong></span> <span class='ocrx_word' id='word_1_1171' title='bbox 1811 3550 1854 3556; x_wconf 91' lang='grc'>-</span> <span class='ocrx_word' id='word_1_1172' title='bbox 1871 3533 1948 3573; x_wconf 81' lang='lat'><strong>515,</strong></span> <span class='ocrx_word' id='word_1_1173' title='bbox 1962 3538 1979 3566; x_wconf 76' lang='grc'><strong>3</strong></span> <span class='ocrx_word' id='word_1_1174' title='bbox 1993 3528 2244 3564; x_wconf 74' lang='lat' dir='ltr'><strong>fideicomissum</strong></span> <span class='ocrx_word' id='word_1_1175' title='bbox 2266 3539 2327 3559; x_wconf 85' lang='lat' dir='ltr'><strong>scr.</strong></span> <span class='ocrx_word' id='word_1_1176' title='bbox 2351 3526 2399 3559; x_wconf 86' lang='lat' dir='ltr'><strong>V²</strong></span> <span class='ocrx_word' id='word_1_1177' title='bbox 2424 3529 2455 3561; x_wconf 80' lang='lat' dir='ltr'><strong>in</strong></span> 
     </span>
     <span class='ocr_line' id='line_1_119' title="bbox 1388 3571 2457 3624; baseline -0.004 -15"><span class='ocrx_word' id='word_1_1178' title='bbox 1388 3586 1472 3620; x_wconf 70' lang='lat' dir='ltr'><strong>spat.</strong></span> <span class='ocrx_word' id='word_1_1179' title='bbox 1485 3590 1556 3611; x_wconf 83' lang='lat' dir='ltr'><strong>vac.</strong></span> <span class='ocrx_word' id='word_1_1180' title='bbox 1574 3577 1587 3621; x_wconf 80' lang='grc' dir='ltr'><strong>ΙΙ</strong></span> <span class='ocrx_word' id='word_1_1181' title='bbox 1603 3578 1715 3611; x_wconf 87' lang='lat' dir='ltr'><strong>uisum</strong></span> <span class='ocrx_word' id='word_1_1182' title='bbox 1730 3580 1779 3611; x_wconf 85' lang='lat' dir='ltr'><strong>est</strong></span> <span class='ocrx_word' id='word_1_1183' title='bbox 1794 3576 1914 3610; x_wconf 85' lang='lat' dir='ltr'><strong>habere</strong></span> <span class='ocrx_word' id='word_1_1184' title='bbox 1933 3578 2020 3610; x_wconf 81' lang='lat' dir='ltr'><strong>reete</strong></span> <span class='ocrx_word' id='word_1_1185' title='bbox 2038 3575 2070 3608; x_wconf 77' lang='lat' dir='ltr'><em>R</em></span> <span class='ocrx_word' id='word_1_1186' title='bbox 2086 3573 2157 3616; x_wconf 73' lang='lat'><strong>135</strong></span> <span class='ocrx_word' id='word_1_1187' title='bbox 2173 3571 2360 3604; x_wconf 81' lang='lat' dir='ltr'><strong>uniuersale</strong></span> <span class='ocrx_word' id='word_1_1188' title='bbox 2372 3571 2457 3624; x_wconf 63' lang='lat' dir='ltr'><strong>1²¹,ss</strong></span> 
     </span>
     <span class='ocr_line' id='line_1_120' title="bbox 1389 3616 2455 3663; baseline -0.006 -8"><span class='ocrx_word' id='word_1_1189' title='bbox 1389 3623 1433 3655; x_wconf 82' lang='lat'><strong>36</strong></span> <span class='ocrx_word' id='word_1_1190' title='bbox 1452 3622 1706 3663; x_wconf 85' lang='lat' dir='ltr'><strong>restitutionem]</strong></span> <span class='ocrx_word' id='word_1_1191' title='bbox 1730 3622 1914 3656; x_wconf 81' lang='lat' dir='ltr'><strong>faciendam</strong></span> <span class='ocrx_word' id='word_1_1192' title='bbox 1933 3619 2045 3654; x_wconf 80' lang='lat' dir='ltr'><strong>statim</strong></span> <span class='ocrx_word' id='word_1_1193' title='bbox 2062 3628 2131 3651; x_wconf 61' lang='grc' dir='ltr'><strong>ιν.</strong></span> <span class='ocrx_word' id='word_1_1194' title='bbox 2144 3617 2250 3650; x_wconf 68' lang='lat' dir='ltr'><strong>adscr-</strong></span> <span class='ocrx_word' id='word_1_1195' title='bbox 2266 3617 2299 3650; x_wconf 86' lang='lat' dir='ltr'><em>T</em></span> <span class='ocrx_word' id='word_1_1196' title='bbox 2303 3616 2319 3637; x_wconf 83' lang='lat'>²</span> <span class='ocrx_word' id='word_1_1197' title='bbox 2335 3616 2348 3661; x_wconf 76' lang='grc' dir='ltr'><strong>ΙΙ</strong></span> <span class='ocrx_word' id='word_1_1198' title='bbox 2364 3616 2455 3650; x_wconf 77' lang='lat' dir='ltr'><strong>fidei-</strong></span> 
     </span>
     <span class='ocr_line' id='line_1_121' title="bbox 1389 3661 2452 3709; baseline -0.006 -10"><span class='ocrx_word' id='word_1_1199' title='bbox 1389 3667 1517 3700; x_wconf 85' lang='lat' dir='ltr'><strong>comissi</strong></span> <span class='ocrx_word' id='word_1_1200' title='bbox 1538 3668 1571 3701; x_wconf 94' lang='lat' dir='ltr'><strong><em>V</em></strong></span> <span class='ocrx_word' id='word_1_1201' title='bbox 1587 3667 1871 3701; x_wconf 78' lang='lat' dir='ltr'><strong>fideicommissum</strong></span> <span class='ocrx_word' id='word_1_1202' title='bbox 1891 3666 1942 3699; x_wconf 77' lang='lat' dir='ltr'><strong>R·</strong></span> <span class='ocrx_word' id='word_1_1203' title='bbox 1958 3663 2067 3709; x_wconf 64' lang='lat' dir='ltr'><strong>&#39;hum</strong></span> <span class='ocrx_word' id='word_1_1204' title='bbox 2083 3679 2128 3686; x_wconf 91' lang='lat'>-</span> <span class='ocrx_word' id='word_1_1205' title='bbox 2152 3662 2229 3702; x_wconf 81' lang='lat'><strong>⁵15,</strong></span> <span class='ocrx_word' id='word_1_1206' title='bbox 2242 3669 2258 3695; x_wconf 86' lang='grc'><strong>3</strong></span> <span class='ocrx_word' id='word_1_1207' title='bbox 2278 3661 2347 3694; x_wconf 82' lang='lat' dir='ltr'><strong>sola</strong></span> <span class='ocrx_word' id='word_1_1208' title='bbox 2366 3661 2452 3705; x_wconf 71' lang='lat' dir='ltr'><strong>fidei}</strong></span> 
     </span>
     <span class='ocr_line' id='line_1_122' title="bbox 1389 3706 2389 3758; baseline -0.004 -14"><span class='ocrx_word' id='word_1_1209' title='bbox 1389 3725 1449 3745; x_wconf 73' lang='lat' dir='ltr'><strong>ser.</strong></span> <span class='ocrx_word' id='word_1_1210' title='bbox 1464 3712 1513 3745; x_wconf 64' lang='lat'><strong>12²</strong></span> <span class='ocrx_word' id='word_1_1211' title='bbox 1533 3714 1566 3746; x_wconf 83' lang='lat' dir='ltr'><strong>in</strong></span> <span class='ocrx_word' id='word_1_1212' title='bbox 1589 3725 1656 3746; x_wconf 75' lang='lat' dir='ltr'><strong>rae.</strong></span> <span class='ocrx_word' id='word_1_1213' title='bbox 1670 3713 1714 3758; x_wconf 62' lang='lat'><strong>22&gt;</strong></span> <span class='ocrx_word' id='word_1_1214' title='bbox 1729 3725 1775 3746; x_wconf 79' lang='lat' dir='ltr'><strong>ve.</strong></span> <span class='ocrx_word' id='word_1_1215' title='bbox 1790 3711 1804 3753; x_wconf 93' lang='grc' dir='ltr'>Ι</span> <span class='ocrx_word' id='word_1_1216' title='bbox 1822 3712 1863 3744; x_wconf 71' lang='lat'><strong>37</strong></span> <span class='ocrx_word' id='word_1_1217' title='bbox 1888 3712 1968 3742; x_wconf 71' lang='lat' dir='ltr'><strong>sunt</strong></span> <span class='ocrx_word' id='word_1_1218' title='bbox 1988 3707 2118 3740; x_wconf 70' lang='lat' dir='ltr'><strong>decret·</strong></span> <span class='ocrx_word' id='word_1_1219' title='bbox 2143 3706 2215 3748; x_wconf 82' lang='lat' dir='ltr'><em>R(²)</em></span> <span class='ocrx_word' id='word_1_1220' title='bbox 2234 3706 2247 3751; x_wconf 82' lang='grc' dir='ltr'><strong>ΙΙ</strong></span> <span class='ocrx_word' id='word_1_1221' title='bbox 2261 3706 2290 3738; x_wconf 84' lang='lat' dir='ltr'><strong>si</strong></span> <span class='ocrx_word' id='word_1_1222' title='bbox 2313 3707 2389 3749; x_wconf 77' lang='lat' dir='ltr'><strong>R(2)</strong></span> 
     </span>
    </p>
   </div>
  </div>
 </body>
</html>
