2586 3990
128 164 186 195 ET
215 165 273 195 DE
302 163 472 196 DECIMA
501 163 646 195 PARTE
674 165 788 197 LITIS

129 261 388 305 σπουδάζοντες
411 263 609 307 κελεύομεν,
640 265 684 310 τῇ
714 266 779 298 τοῦ
809 264 1122 309 μνημονευθέντος
1145 263 1204 298 νό-

127 320 194 350 μου
213 309 368 352 βοηθείᾳ
383 309 431 353 μὴ
449 309 650 354 κεχρῆσθαι
670 310 752 343 τοὺς
770 310 862 344 κατά
884 322 980 344 τινος
999 310 1063 344 τὰς
1078 310 1206 343 οἰκείας

128 353 311 400 ἐναγωγάς
341 354 599 399 προτιθέντας,
636 354 706 388 εἴτε
740 353 798 389 διὰ
836 353 979 401 ἀρχικῆς
1013 353 1206 399 μεθοδειάς

128 398 197 432 εἴτε
222 397 281 432 διὰ
304 397 462 441 δεήσεων
496 399 639 442 βασιλεῖ
668 404 965 445 προςφερομένων
989 403 1049 434 καὶ
1075 401 1127 442 τῷ
1153 398 1204 433 δι·

128 445 243 489 καστῇ
258 445 555 488 ἐμφανιζομένων
572 448 630 478 καὶ
648 443 697 478 δι’
719 443 828 479 αὐτοῦ
846 447 893 480 εἰς
907 447 1046 491 γνῶσιν
1061 446 1125 479 τοῦ
1142 441 1204 478 άν-

126 486 261 521 τιδίκου
284 492 492 534 φερομένων
515 494 575 523 καὶ
598 487 670 525 ὑπὸ
698 495 839 535 νομίμῳ
870 492 933 524 τοῦ
956 489 1124 524 δικαστοῦ
1151 489 1203 529 ἐξ·

126 534 245 566 ετάσει
269 532 488 578 ἀρχομένων.
527 533 568 568 οὐ
594 533 740 569 δικαίως
762 536 831 582 γὰρ
855 535 998 582 ἐνάγειν
1021 537 1204 579 παραιτεῖ-

125 591 186 610 ται
217 574 308 612 ὅςτις
339 576 386 612 οἷς
417 582 555 624 ἕτοιμος
585 581 654 614 τὸν
678 579 789 615 αὐτοῦ
813 578 997 615 ἀντίδικον
1029 581 1075 613 εἰς
1101 578 1204 622 δίκην

126 621 304 667 ἐκάλεσεν,
328 621 443 658 ὁπότε
467 623 487 668 ἡ
513 625 661 669 τοιαύτη
686 629 900 670 παραίτησις
922 627 975 667 τῷ
997 627 1201 670 ἐναγομένῳ

1202 148 1285 197 527

2049 152 2155 197 Nov.
2178 151 2295 195 CXII
2324 154 2348 194 3

1274 263 1484 298 festinantes
1508 263 1670 298 iubemus
1695 265 1909 299 memoratae
1932 264 2018 308 legis
2039 264 2172 300 auxilio
2197 275 2268 300 non
2286 274 2349 300 eos

1274 309 1344 352 uti,
1377 309 1436 354 qui
1461 312 1587 344 contra
1617 308 1769 352 aliquem
1803 318 1886 343 suas
1910 310 2161 354 proposuerint
2189 310 2349 345 actiones

1273 354 1346 388 sive
1377 364 1440 398 per
1470 353 1694 389 iudiciariam
1728 354 1997 389 conventionem
2029 355 2101 390 sive
2131 365 2196 399 per
2224 365 2349 400 preces

1273 399 1425 443 principi
1450 399 1589 434 oblatas
1622 401 1657 433 et
1680 397 1790 433 iudici
1812 397 2011 434 insinuatas
2043 402 2080 434 et
2102 411 2167 444 per
2193 410 2272 435 eum
2303 400 2349 435 ad

1241 447 1259 478 5
1273 444 1454 479 scientiam
1478 443 1671 479 adversarii
1695 443 1881 485 deductas,
1912 445 1965 479 vel
1990 445 2056 479 sub
2080 445 2233 489 legitimo
2256 446 2347 481 iudi-

1274 489 1324 523 cis
1362 492 1507 534 coeptas
1538 489 1708 525 examine.
1756 488 1891 523 Iniuste
1925 489 2017 524 enim
2055 500 2158 533 agere
2193 494 2348 534 recusat,

1274 534 1334 578 qui
1357 538 1505 578 paratus
1530 533 1771 570 adversarium
1803 544 1906 568 suum
1937 535 1983 570 ad
2006 534 2174 570 iudicium
2200 536 2347 579 vocavit,

1273 589 1352 613 cum
1376 579 1465 615 haec
1488 580 1671 614 excusatio
1694 579 1839 624 pulsato
1863 579 1973 623 magis
1999 589 2103 623 quam
2126 581 2239 615 actori
2262 591 2347 615 con-

1272 624 1400 659 veniat.
1449 624 1686 668 Quamobrem
1709 623 1887 659 sancimus
1911 627 2069 660 actorem
2098 627 2262 669 coeptum
2285 635 2346 660 ne-

122 666 259 721 μᾷλλον
275 667 385 723 ’ἥπερ
415 671 468 713 τῷ
499 668 666 725 ξνάγοντι
691 668 846 716 ἁρμόζει.
896 668 951 704 διὸ
978 670 1202 713 θεσπίζομεν
1218 672 1257 704 10
1270 669 1403 712 gotium
1436 680 1550 714 usque
1574 670 1619 704 ad
1643 670 1748 704 finem
1771 669 1845 703 litis
1869 678 2045 704 exercere.
2095 670 2131 704 Si
2155 680 2236 705 vero
2262 680 2346 705 cau-

122 724 190 745 τον
220 715 397 760 ἐναγοντα
429 715 471 749 τὸ
497 717 636 761 αρχθὲν
665 718 812 762 πρᾶγμα
842 718 941 760 μέχρι
963 718 1117 768 πέρατος
1139 716 1202 757 τῆς
1226 738 1229 741 v

123 754 220 810 δίκης
252 760 502 805 ἐγγυμνάζειν·
544 762 575 794 εἰ
609 760 649 794 δὲ
685 760 893 801 ἐπεξελθεῖν
927 773 979 802 τῳ
1016 759 1201 806 πράγματι

122 803 347 848 υπέρθηται,
381 804 531 850 δίδομενψ
550 804 678 840 ἄδειαν
709 808 762 848 τῷ
788 806 982 848 ἐναχθέντι
1005 805 1072 839 τὸν
1102 803 1200 838 δικα-

123 848 215 890 στὴν
239 851 352 883 αἰτεῖν
381 850 472 895 παρ’
499 852 528 893 ᾠ
560 849 581 894 ἡ
613 850 690 894 δίκη
720 851 997 905 προκατήρχθη,
1028 846 1116 883 ὦςτε
1147 846 1197 882 δι’

1271 724 1344 748 sam
1369 716 1534 759 persequi
1559 715 1750 757 distulerit,
1776 714 1900 749 damus
1924 715 2064 759 pulsato
2089 715 2270 750 licentiam
2292 715 2346 750 iu-

1270 759 1383 794 dicem
1415 760 1512 804 apud
1544 769 1647 804 quem
1678 760 1722 794 lis
1756 763 1882 804 coepta
1906 763 1961 794 est
1990 760 2213 804 postulandi,
2237 763 2278 794 ut
2300 760 2347 795 ab

1269 805 1392 839 eodem
1411 809 1513 840 actor
1530 805 1576 840 ad
1591 805 1759 840 iudicium
1779 810 1841 839 aut
1859 814 1923 849 per
1939 814 1977 840 se
1997 809 2060 839 aut
2076 815 2138 850 per
2153 805 2347 849 legitimum

1269 854 1536 893 procuratorem
1571 851 1690 885 venire
1724 854 1920 893 moneatur,
1962 852 1999 885 et
2034 850 2063 885 si
2098 851 2167 885 hoc
2205 851 2347 884 minime

124 890 235 927 αὐτοῦ
258 895 324 929 τὸν
348 895 523 940 ἑνάγοντα
547 894 888 940 ὑπομιμνησκεσθαι
908 897 955 929 εἰς
969 895 1011 929 τὸ
1034 892 1200 937 δικαστή-
1216 897 1255 929 15
1269 894 1409 936 fecerit,
1440 896 1632 940 propositis
1656 895 1771 930 tribus
1795 899 1942 930 vocetur
1965 895 2099 936 edictis,
2134 905 2347 939 unaquaque

122 951 201 982 ριον
226 938 247 982 ἢ
272 937 323 973 δι’
350 942 477 975 ἑαυτοῦ
500 938 523 983 ἢ
547 939 607 975 διὰ
639 946 791 985 νομίμου
816 940 985 975 ἐντολέως
1009 944 1200 986 παραγίνε-

122 983 230 1016 σθαι·
263 989 321 1018 καὶ
354 987 384 1019 εἰ
403 988 510 1020 τοῦτο
534 984 705 1030 μηδαμῶς
735 984 893 1029 ποιήσει,
924 986 1202 1030 προτιθεμένων

121 1031 235 1069 τριῶν
251 1028 400 1066 ἰδίκτων
418 1029 531 1065 αὐτὸν
551 1031 753 1073 καλεῖσθαι,
775 1033 859 1075 μιᾶς
878 1028 1026 1074 ἑκάστης
1046 1028 1201 1073 κλήσεως

121 1072 182 1106 οὐκ
214 1074 364 1110 ἔλαττον
395 1074 417 1119 ἢ
448 1075 642 1121 τριάκοντα
674 1073 817 1121 ἡμερῶν
848 1074 1065 1120 διαστήματι
1102 1089 1200 1120 περι-

1269 941 1454 975 vocatione
1486 951 1560 976 non
1591 941 1706 976 minus
1743 950 1849 985 quam
1883 940 2028 984 triginta
2059 940 2194 975 dierum
2230 940 2345 985 spatio

1271 985 1524 1020 concludenda.
1573 986 1740 1021 Iubemus
1765 986 1856 1020 enim
1888 985 2086 1021 ordinarios
2112 986 2249 1020 iudices
2273 995 2346 1020 non

1270 1031 1382 1065 solum
1407 1041 1624 1075 praeconum
1648 1031 1812 1073 vocibus,
1847 1031 1910 1066 sed
1934 1031 2039 1066 etiam
2062 1030 2188 1066 edictis
2213 1041 2344 1076 propo-

1271 1075 1347 1110 sitis
1384 1086 1640 1121 quamcumque
1674 1077 1890 1128 litigatorum
1925 1079 2064 1120 partem
2096 1077 2279 1111 absentem
2308 1075 2346 1110 in

121 1118 331 1174 κλειομένης.
379 1120 565 1165 κελεύομεν
584 1121 663 1177 ’γὰρ
686 1122 768 1155 τοὺς
788 1119 1008 1166 ὀρὸιναριόυς
1032 1119 1201 1154 δικαστὰς
1214 1121 1255 1153 20
1268 1120 1438 1155 iudicium
1460 1131 1605 1156 vocare:
1643 1132 1764 1157 vocem
1783 1131 1877 1156 emm
1900 1131 2115 1166 praeconum
2139 1121 2247 1166 pauci
2261 1131 2344 1166 pos-

120 1178 168 1207 μη
185 1179 299 1208 μονον
314 1170 390 1200 ταῖς
407 1168 484 1200 τῶν
508 1180 670 1211 κηρυκων
694 1170 840 1210 φωναῖς,
866 1164 946 1200 ἄλλ’
966 1170 1020 1200 ἔτι
1043 1166 1116 1210 μὴν
1139 1169 1199 1199 καὶ

121 1208 269 1244 ἱδίκτων
301 1212 579 1257 προτιθεμένων
609 1210 825 1255 οἱονδήποτε
855 1214 931 1246 τῶν
954 1210 1199 1255 δικαζομένων

120 1258 222 1300 μέρος
238 1253 583 1301 ἄπολιμπανόμενον
603 1257 725 1291 καλεῖν
741 1258 787 1291 εἰς
805 1258 847 1291 τὸ
866 1255 1095 1303 δικαστήριον
1107 1268 1114 1276 ·
1137 1257 1199 1299 τῆς

120 1300 188 1354 γὰρ
212 1303 287 1335 τῶν
311 1301 475 1347 κηρύκων
492 1304 613 1348 φωνῆς
632 1300 746 1348 ὀλίγοι
762 1301 939 1347 παρόντες
954 1299 1199 1347 εὑρισκόμενοι

1269 1169 1352 1200 sunt
1376 1166 1437 1210 qui
1460 1170 1666 1210 praesentes
1694 1167 1922 1202 inveniuntur
1945 1167 2087 1211 audire,
2124 1167 2239 1201 edicta
2262 1176 2344 1201 vero

1267 1220 1332 1255 per
1355 1211 1484 1246 multos
1516 1211 1591 1246 dies
1624 1213 1675 1247 sio
1699 1212 1882 1256 proposita
1905 1215 2055 1256 possunt
2086 1222 2198 1257 paene
2222 1221 2344 1247 omnes

1267 1266 1472 1300 agnoscere.
1520 1257 1611 1291 Aliis
1636 1261 1754 1292 autem
1787 1257 1950 1292 omnibus
1974 1257 2164 1300 iudicibus,
2197 1258 2258 1301 qui
2280 1266 2345 1301 per

1267 1301 1484 1345 imperialem
1506 1301 1698 1336 iussionem
1722 1312 1848 1337 causas
1865 1303 2076 1344 examinant,
2098 1312 2142 1337 ex
2165 1301 2345 1347 praesenti

121 1359 270 1380 ακουσαι
308 1346 502 1391 δύνανται,
541 1348 587 1380 τὰ
622 1351 787 1391 μέντοιγε
822 1346 939 1381 ἵδικτα
972 1349 1032 1382 ἐπὶ
1067 1346 1200 1381 πολλὰς
1213 1348 1253 1380 25
1266 1347 1343 1390 lege
1367 1347 1600 1392 permittimus
1624 1351 1744 1391 partes
1773 1357 1862 1391 quae
1891 1348 1929 1382 in
1952 1348 2081 1382 iudicio
2111 1358 2182 1382 non
2206 1357 2343 1392 perma-

120 1389 249 1436 ἡμέρας
262 1392 508 1437 προτιθέμενα
524 1392 657 1427 πάντες
671 1392 800 1434 σχεδὸν
810 1392 1001 1436 γινώσκειν
1014 1390 1198 1426 δύνανται.

120 1438 211 1470 πᾶσι
243 1435 282 1470 δὲ
310 1441 382 1470 τοῖς
416 1437 534 1471 ἄλλοις
566 1436 748 1472 δικασταῖς
777 1442 849 1472 τοῖς
883 1441 974 1472 κατὰ
1007 1437 1199 1482 βασιλικὴν

120 1480 277 1515 κέλευσιν
308 1481 369 1515 τὰς
400 1481 592 1516 ὑποθέσεις
620 1483 847 1525 ἐξετάζουσιν
871 1485 909 1516 ἐκ
932 1484 995 1517 τοῦ
1020 1482 1199 1527 παρόντος

120 1526 232 1569 νόμου
269 1528 506 1572 ἐπιτρέπομεν
540 1528 586 1561 τοὶ
618 1531 706 1573 μέρη
738 1529 783 1562 τὰ
815 1528 863 1572 μὴ
893 1529 945 1570 τῷ
979 1527 1198 1573 δικαστηρίῳ

1266 1395 1350 1426 nent
1382 1392 1577 1472 propqsitis
1609 1393 1735 1428 edictis
1768 1402 1911 1435 vocare,
1947 1403 1993 1428 ne
2023 1403 2153 1428 causae
2184 1393 2345 1427 infinitae

1265 1447 1479 1482 permanean
1500 1465 1507 1472 .

120 1570 399 1617 προςεδρευοντα
426 1574 699 1618 προτιθεμένοις
727 1572 872 1607 ἰδίκτοις
902 1572 1036 1615 καλεῖν,
1068 1574 1127 1607 ἵνα
1151 1574 1254 1616 ,10730

120 1620 141 1652 1
189 1614 374 1662 ἀπέραντα
406 1616 569 1665 διαμείνῃ
601 1619 647 1652 τὰ
680 1618 886 1664 πράγματα.
979 1620 1008 1652 εἰ
1038 1616 1077 1651 δὲ
1100 1619 1198 1664 παρὰ

120 1660 268 1708 δικαστῇ
294 1667 482 1717 προοιὲαιον
513 1661 534 1706 ἡ
566 1662 645 1706 δίκη
676 1662 739 1697 ουκ
772 1662 935 1706 ἐδέξατο,
965 1661 1054 1697 ἄλλα
1086 1661 1200 1706 μόνον

119 1705 179 1740 διὰ
210 1707 353 1751 βιβλίου
384 1708 615 1752 υπομνήσεως
647 1707 784 1752 ἑνήχθη
809 1721 876 1750 τις,
908 1708 930 1752 ἢ
964 1708 1123 1752 δεήσεων
1155 1710 1198 1755 τῇ

117 1750 520 1806 ἡλιιετέρᾳιγαληνότητι
557 1755 868 1798 προςενεχθεισιῦν
903 1753 1056 1788 κέλευσις
1094 1752 1200 1798 ἡμῶν

1267 1620 1288 1654 1
1335 1617 1372 1653 Si
1387 1627 1470 1653 vero
1495 1618 1591 1662 apud
1609 1618 1759 1652 iudicem
1784 1617 1924 1652 initium
1947 1617 1990 1652 lis
2014 1628 2085 1652 non
2110 1617 2258 1662 accepit,
2283 1617 2345 1654 sed

1268 1667 1406 1698 tantum
1432 1664 1691 1698 conventionali
1714 1663 1834 1698 libello
1860 1663 2072 1708 quicumque
2096 1663 2258 1707 pulsatus
2279 1668 2344 1707 est,

1268 1711 1331 1744 aut
1346 1709 1514 1754 precibus
1539 1711 1682 1743 nostrae
1706 1709 1836 1743 oblatis
1861 1709 2067 1743 clementiae
2090 1709 2201 1744 iussio
2221 1713 2345 1743 nostra

1268 1764 1376 1798 super
1411 1754 1481 1789 hoc
1513 1754 1656 1798 prolata
1687 1754 1759 1789 sive
1791 1753 1934 1798 scriptis
1970 1753 2043 1788 sive
2078 1764 2142 1798 per
2176 1754 2345 1789 mandata

118 1801 200 1844 περὶ
230 1811 359 1831 τουτου
391 1798 578 1843 προῆλθεν
607 1800 678 1832 εἴτε
709 1800 894 1854 ἐγγράφως
926 1801 996 1832 εἴτε
1027 1798 1087 1832 διὰ
1110 1813 1197 1842 μαν-
1213 1801 1254 1834 35
1266 1800 1375 1834 iudici
1397 1799 1467 1834 fuit
1489 1799 1671 1841 intimata,
1705 1803 1739 1834 et
1771 1809 1813 1833 ea
1844 1799 2046 1834 adversario
2076 1809 2141 1843 per
2171 1808 2251 1833 eum
2284 1809 2344 1834 co-

120 1841 240 1876 δάτων
261 1846 319 1876 καὶ
343 1845 397 1886 τῷ
423 1842 574 1890 δικαστῇ
597 1847 742 1890 γέγονεν
759 1847 917 1890 ἐμφανης
942 1848 1000 1878 καὶ
1023 1846 1076 1887 τῷ
1102 1842 1198 1878 ἅντι-

118 1886 207 1931 δίκῳ
229 1886 411 1934 ἐγνώσθη,
436 1892 495 1922 καὶ
513 1886 625 1923 οὕτως
650 1890 789 1929 ἐξέσται
813 1892 865 1932 τῷ
891 1890 1086 1931 ἐναχθέντι
1110 1889 1198 1934 πρὸς

119 1933 184 1967 τὸν
209 1931 384 1979 ἁρμόδιον
409 1935 500 1968 ἰέναι
525 1932 708 1979 δικαστήν,
732 1938 792 1968 καὶ
814 1933 862 1968 δι’
880 1933 988 1968 αὐτοῦ
1013 1935 1081 1969 τὸν
1104 1933 1199 1968 ἴδιον

118 1975 300 2012 ἀντίδικον
331 1979 423 2013 κατὰ
453 1979 521 2013 τὸν
553 1976 680 2023 ὅμοιον
710 1979 830 2014 καλεῖν
859 1979 1016 2025 τρόπον,
1050 1976 1137 2014 ὦςτε
1168 1981 1199 2013 εἰ

1265 1845 1381 1888 gnita,
1414 1845 1519 1879 etiam
1549 1845 1600 1879 sic
1624 1844 1746 1879 licebit
1769 1845 1909 1889 pulsato
1941 1843 1993 1878 ire
2019 1843 2065 1878 ad
2090 1848 2345 1888 competentem

1266 1890 1417 1925 iudicem
1448 1893 1483 1924 et
1506 1899 1571 1934 per
1602 1899 1681 1924 eum
1714 1900 1819 1924 suum
1843 1889 2083 1924 adversarium
2114 1890 2218 1924 simili
2240 1890 2344 1924 modo

1268 1946 1411 1978 vocare,
1444 1938 1484 1969 ut
1508 1935 1538 1969 si
1563 1935 1702 1979 quidem
1734 1936 1790 1970 sui
1813 1934 2050 1979 praesentiam
2083 1937 2184 1969 actor
2207 1934 2344 1976 fecerit,

1269 1991 1378 2016 causa
1394 1980 1588 2016 secuudum
1606 1981 1724 2025 legum
1745 1981 1902 2016 ordinem
1919 1980 2120 2015 examinata
2135 1979 2239 2015 finem
2259 1980 2343 2024 legi-

118 2025 185 2066 μέν
207 2023 275 2066 τὴν
307 2025 433 2058 ἑαυτοῦ
468 2029 669 2070 παρουσίαν
698 2024 716 2058 ὁ
750 2026 888 2071 ἐνάγων
913 2026 1123 2068 ποιήσαιτο,
1155 2025 1197 2059 τὸ
1214 2028 1257 2060 40

120 2069 265 2113 πρᾶγμα
280 2069 372 2102 κατὰ
389 2070 454 2112 τὴν
469 2071 546 2103 τῶν
562 2070 688 2106 νόμων
704 2068 810 2110 τάξιν
824 2071 1080 2115 ἐξεταζόμενον
1095 2073 1203 2116 πέρας

190 2162 229 2193 10
256 2161 478 2201 Θεσπίζομεν
501 2159 567 2192 τὸν
592 2158 768 2205 ἐνάγοντα
793 2179 833 2184 -
859 2162 900 2194 23
926 2158 1158 2204 δικαστήριον
1184 2162 1232 2193 B⁸
1258 2163 1277 2194 l.
1303 2174 1329 2194 c.
1358 2164 1375 2195 7
1401 2175 1433 2205 p.
1450 2163 1514 2196 228
1541 2162 1644 2195 Zach.

191 2206 229 2238 18
244 2218 290 2247 sq.
316 2212 532 2246 ‹irqumentum
557 2213 685 2238 notatur
708 2204 800 2238 tPow¹
830 2207 902 2246 8,1.

120 2292 302 2337 stinquere
317 2292 522 2327 studeamus
537 2292 696 2328 iubemus
710 2296 926 2328 memoratae
946 2293 1035 2338 leqis
1051 2292 1192 2327 auoeilio
1218 2302 1290 2326 non
1307 2292 1360 2327 uti
1377 2303 1438 2327 eos
1455 2292 1518 2336 qui
1537 2292 1698 2326 actiones
1714 2301 1801 2326 suas
1816 2296 1944 2326 contra
1961 2293 2116 2337 aliquem
2125 2298 2344 2339 proponunt

120 2338 192 2372 sive
213 2348 280 2382 per
303 2339 569 2372 conventionem
593 2337 796 2372 iudicialem
819 2338 891 2372 sive
909 2348 979 2383 per
996 2348 1126 2383 preces
1149 2337 1362 2382 imperatori
1387 2337 1528 2372 oblatas
1550 2340 1585 2371 et
1608 2335 1718 2370 iudici
1742 2337 1946 2372 insinuatas
1974 2342 2084 2382 atque
2104 2348 2172 2383 per
2194 2349 2274 2373 eum
2304 2340 2342 2374 in

121 2383 284 2417 notitiam
309 2382 508 2417 adversarii
528 2382 693 2428 perlatas
716 2387 751 2417 et
774 2393 797 2417 a
821 2382 937 2417 iudice
961 2382 1115 2427 leqitime
1139 2382 1344 2417 examinari
1368 2385 1523 2427 coeptas.
1571 2380 1697 2426 Neque
1724 2382 1816 2416 enim
1844 2381 1936 2417 iuste
1965 2387 2111 2417 recusat
2141 2394 2250 2428 aqere
2279 2385 2343 2429 qui

118 2433 310 2473 promptas
327 2427 572 2462 adversarium
588 2438 691 2462 suum
708 2428 744 2461 in
761 2428 818 2461 ius
834 2428 985 2468 vocavit,
1011 2437 1089 2461 cum
1114 2427 1290 2461 eiusmodi
1310 2428 1490 2461 recusatio
1515 2437 1577 2461 reo
1603 2426 1719 2471 maqis
1739 2437 1847 2471 quam
1866 2428 1984 2461 actori
2004 2428 2202 2463 conveniat.
2248 2428 2341 2464 Pro-

119 2478 246 2518 pterea
270 2473 460 2514 sancimus,
485 2476 525 2507 ut
544 2477 647 2507 actor
671 2477 832 2518 coeptam
856 2483 1001 2506 causam
1024 2482 1067 2506 us
1094 2483 1137 2507 ue
1154 2471 1202 2506 ad
1213 2472 1321 2516 finem
1331 2475 1599 2517 persequatur,·
1621 2471 1654 2505 si
1669 2476 1787 2506 autem
1804 2482 1949 2506 causam
1963 2483 2069 2517 perse
2096 2473 2133 2506 ui
2152 2473 2340 2516 distulerit,

122 2529 184 2552 reo
210 2518 391 2552 licantiam
416 2517 543 2552 damus
564 2517 776 2563 postulandi
799 2528 822 2552 a
845 2517 962 2552 iudice
985 2528 1058 2562 apu
1112 2527 1214 2561 quem
1240 2516 1283 2551 lis
1306 2522 1507 2552 contestata
1530 2520 1600 2557 est,
1630 2520 1670 2550 ut
1693 2526 1765 2561 per
1793 2527 1871 2550 eum
1901 2523 2006 2552 actor
2033 2528 2055 2551 a
2081 2523 2271 2553 moneatur
2303 2521 2341 2554 in

122 2562 290 2597 iudicium
321 2563 439 2598 venire
469 2563 523 2597 vel
545 2574 619 2608 per
645 2573 682 2597 se
712 2562 766 2598 vel
789 2573 862 2608 per
893 2562 1086 2607 leqitimum
1111 2566 1400 2607 procuratorem.
1449 2561 1499 2596 Et
1520 2562 1552 2595 si
1575 2560 1615 2594 id
1637 2572 1865 2606 nequaquam
1887 2563 2037 2606 fecerit,
2073 2563 2187 2598 tribus
2215 2563 2342 2599 edictis

118 2607 320 2654 propositis
351 2612 512 2649 vocetur,
543 2610 595 2642 ita
625 2611 666 2642 ut
691 2618 928 2653 unaquaeque
956 2607 1099 2641 vocatio
1131 2617 1204 2641 non
1234 2607 1372 2642 minore
1397 2617 1503 2652 quam
1533 2606 1683 2650 triqinta
1715 2606 1853 2641 dierum
1876 2607 2067 2642 intervallo
2091 2607 2339 2645 concludatur.

123 2652 289 2687 labemus
309 2653 399 2687 enim
419 2652 623 2687 ordinarios
639 2652 773 2687 iudices
797 2663 870 2687 non
893 2651 1010 2687 solum
1030 2662 1251 2697 praeconum
1268 2652 1421 2694 vocibus,
1445 2651 1509 2687 sed
1521 2655 1716 2697 praeterea
1732 2651 1840 2686 etiam
1861 2651 1987 2686 edictis
2000 2653 2201 2699 propositis
2217 2664 2340 2699 quam·

122 2709 270 2743 elonque
295 2698 511 2743 litt'qanlium
532 2702 674 2743 partem
699 2697 877 2733 absentem
901 2698 938 2731 in
962 2696 1132 2731 iudicium
1156 2707 1303 2731 vocare:
1335 2708 1418 2731 nam
1447 2706 1668 2742 praeconum
1696 2706 1815 2731 vocem
1833 2698 1950 2742 pauci
1971 2697 2033 2742 qui
2053 2705 2262 2743 praesentes
2284 2710 2340 2735 re-

120 2744 312 2789 periuntur
344 2742 471 2777 audire
499 2747 669 2788 possunt,
699 2742 815 2778 edicta
846 2753 930 2778 vero
953 2753 1021 2788 per
1043 2742 1173 2776 multos
1195 2741 1271 2776 dies
1290 2742 1485 2787 proposita
1509 2751 1630 2776 omnes
1650 2741 1733 2785 fere
1756 2752 1972 2786 coqnoscere
1989 2747 2157 2787 possunt.
2207 2744 2341 2779 Ceteris

123 2792 239 2823 autem
270 2788 430 2822 omnibus
458 2788 651 2830 iudicibus,
685 2789 747 2833 qui
777 2799 826 2823 ex
848 2787 1028 2833 imperiali
1058 2787 1214 2821 iussione
1237 2796 1366 2821 causas
1389 2787 1618 2827 examinant,
1641 2797 1709 2832 per
1727 2791 1955 2831 praesentem
1979 2788 2091 2832 leqem
2115 2788 2341 2825 concedimus

121 2835 141 2868 1
185 2838 310 2879 partes
334 2843 426 2878 quae
448 2835 486 2867 in
509 2833 641 2868 iudicio
661 2838 813 2879 praesto
834 2844 905 2867 non
928 2836 1012 2867 sunt
1033 2832 1232 2878 propositis
1254 2831 1379 2866 edictis
1401 2842 1542 2873 vocare,
1566 2841 1610 2866 ne
1630 2841 1763 2866 causae
1777 2831 1940 2875 infinitae
1955 2837 2134 2868 maneant.
2203 2832 2342 2876 Quodsi

122 2878 222 2924 capud
243 2878 393 2912 iudicem
416 2878 459 2912 lis
482 2879 621 2913 initium
645 2889 717 2913 non
737 2879 842 2923 cepit,
866 2878 929 2912 sed
946 2876 1188 2912 tantummodo
1205 2876 1323 2911 libello
1345 2876 1589 2911 conventionis
1605 2877 1686 2920 quis
1698 2876 1838 2922 petitus
1853 2881 1917 2918 est,
1941 2877 2178 2923 velprecibus
2192 2883 2340 2915 nostrae

122 2923 306 2958 serenitati
337 2922 468 2957 oblatis
497 2924 607 2958 iussio
640 2928 766 2958 nostra
797 2923 841 2958 de
869 2922 936 2957 ltoc
959 2922 1143 2968 processit
1172 2922 1245 2956 sive
1274 2921 1313 2955 in
1336 2922 1482 2967 scriptis
1512 2922 1584 2957 sive
1602 2931 1673 2966 per
1696 2921 1867 2956 mandata
1891 2925 1925 2956 et
1948 2923 2058 2957 iudici
2081 2923 2263 2958 insinuata
2286 2929 2340 2960 est

124 2972 230 3013 atque
254 2967 461 3003 adversario
492 2973 580 3003 nota
609 2967 767 3009 reddita,
798 2968 850 3002 sic
870 2978 1011 3013 quoque
1041 2978 1103 3002 reo
1135 2966 1251 3002 licebit
1275 2970 1529 3011 competentem
1551 2967 1703 3001 iudicem
1726 2965 1828 3000 adire
1852 2971 1886 3001 et
1907 2978 1975 3012 per
1994 2978 2072 3002 eum
2093 2967 2338 3003 adversarium

123 3023 224 3047 suum
247 3013 355 3047 simili
378 3013 483 3047 modo
508 3023 647 3054 vocare,
672 3017 711 3047 ut
733 3012 907 3058 siquidem
927 3013 1170 3057 praesentiam
1198 3011 1255 3046 sui
1275 3011 1407 3056 fecerit
1430 3015 1550 3053 actor,
1582 3021 1641 3046 res
1663 3010 1855 3046 secundum
1879 3012 2039 3046 ordinem
2064 3012 2181 3058 lequm
2203 3015 2337 3049 exami-

170 3103 189 3134 2
213 3100 304 3133 κατά
321 3114 435 3134 τινων
456 3103 487 3134 L
503 3103 514 3144 11
534 3104 553 3135 6
577 3105 636 3135 καὶ
660 3104 704 3144 (et
724 3103 813 3143 Iul.)]
839 3102 890 3134 vel
915 3104 936 3136 i.
951 3116 977 3136 e.
998 3099 1020 3144 ἢ
1045 3115 1074 3143 ς,
1099 3098 1120 3143 ἢ
1138 3104 1198 3134 καὶ

125 3148 312 3180 Zachariae
330 3147 342 3190 11
367 3149 386 3179 8
409 3147 486 3179 τῶν
510 3149 541 3180 L
560 3147 571 3190 11
596 3145 704 3180 αὑτοῦ
729 3160 796 3179 cum
818 3148 999 3190 Scrz'mqero
1023 3149 1106 3190 vulq.
1124 3148 1135 3186 11
1157 3149 1197 3180 10

125 3188 215 3235 ἤπερ
236 3192 277 3223 ῘΙΙ
298 3188 319 3233 ἢ
337 3192 387 3224 Bf
401 3191 412 3228 ΙΙ
434 3193 473 3224 12
490 3193 528 3224 ἐκ
552 3191 724 3235 υμνάζειν
738 3193 768 3224 L
786 3192 797 3235 11
816 3190 986 3225 ἐπελθεῖν
1000 3194 1029 3225 L
1053 3189 1198 3231 ὑπεξελ-

125 3236 209 3269 θεῖν
223 3237 271 3268 BS
289 3236 300 3279 11
326 3238 365 3269 13
383 3204 620 3280 ὑπερτίέεται
634 3239 682 3270 Bs
707 3237 718 3277 11
742 3239 783 3270 14
806 3237 1067 3282 προκαταρχθῇ
1086 3238 1169 3270 LB⁰
1187 3236 1198 3281 11

128 3285 166 3315 17
186 3281 324 3322 ποιήσει
341 3281 413 3322 Bss]
439 3282 583 3324 ποιήσοι
602 3283 726 3315 MLB⁶
745 3281 757 3325 11
784 3284 823 3316 18
840 3280 989 3315 ἰδίκτων
1005 3280 1096 3325 (ἢτοι
1113 3294 1196 3326 προ-

125 3326 349 3373 γραμμάτων
373 3340 397 3359 ε.
419 3340 449 3359 υ.
472 3328 528 3368 M)
554 3328 637 3367 ML]
672 3327 967 3372 προγραμμάτων
991 3329 1033 3369 (et
1056 3329 1102 3360 sic
1125 3340 1196 3360 con-

126 3375 259 3412 stanter)
289 3373 320 3404 Β
338 3372 349 3410 ΙΙ
377 3374 417 3405 20
443 3368 676 3417 ὅρδιναριόυς]
702 3372 911 3415 ἐμβάθμους
929 3374 963 3405 Β
980 3373 991 3415 11
1017 3369 1196 3413 δικαστὰς]

127 3414 293 3449 δικαστὰς
316 3414 422 3461 ἤγουν
446 3416 527 3450 τοὺς
551 3417 760 3460 ἐμβάθμους
785 3418 827 3450 Μ
842 3418 853 3460 11
878 3419 919 3451 22
944 3415 1096 3450 ἐδίκτων
1121 3418 1151 3450 L
1188 3419 1198 3458 ΙΙ

128 3465 168 3495 23
194 3459 534 3505 (ἷπολιμπανόμενον
557 3465 658 3506 μέρος
681 3462 746 3495 B⁶f
774 3464 876 3508 μέρος
905 3459 1197 3505 ἆπολιμπανόμε-

127 3517 191 3539 νον
216 3507 266 3548 εἴη
293 3508 322 3540 L
348 3507 360 3550 11
390 3509 430 3541 26
456 3507 719 3552 προςτιθέμενα
744 3509 774 3540 L
797 3508 808 3550 11
834 3509 874 3540 27
899 3510 976 3541 ταῖς
998 3507 1090 3540 κατὰ
1114 3508 1164 3541 La
1187 3507 1198 3552 11

130 3554 170 3585 30
195 3552 484 3598 προςτιθεμένοις
508 3554 538 3585 L
567 3553 579 3595 11
607 3551 882 3596 προτιθεμένων
906 3549 1198 3598 προγραμμάτων

129 3594 318 3629 καλεῖσθαι
340 3598 391 3630 Bs
416 3598 427 3638 11
455 3600 493 3631 31
523 3595 698 3640 διαμείνοι
723 3599 753 3630 L
782 3598 794 3641 11
829 3600 871 3631 33
896 3595 1032 3640 ἐνήχθη
1054 3599 1116 3639 [ις]
1142 3599 1197 3631 ἐν-

130 3641 220 3682 εχθῆ
238 3643 275 3674 Μ
297 3642 437 3688 ἐναχθῇ
451 3644 486 3676 Β
504 3642 516 3687 11
532 3645 574 3677 35
598 3639 794 3686 μανδάτων
807 3644 907 3683 ΕΒς]
930 3640 1112 3686 μανδάτου
1125 3645 1169 3676 M
1185 3643 1196 3684 11

132 3688 171 3717 37
188 3687 367 3730 ἐγνώσθη]
390 3698 447 3730 per
471 3699 545 3720 eum
570 3689 703 3729 cognita
726 3700 744 3723 ς
768 3687 780 3732 11
805 3690 846 3722 38
870 3684 919 3720 δι’
941 3685 1049 3721 αὐτοῦ
1075 3688 1196 3729 ΕΒΓς]

133 3726 182 3764 δι’
201 3731 324 3764 ἑαυτοῦ
339 3733 428 3765 MB⁰
446 3734 458 3777 11
482 3736 523 3767 40
543 3735 748 3779 παρρησίαν
764 3734 813 3766 La
830 3733 842 3776 11
859 3732 1070 3775 *ποιήσοιτο
1088 3734 1197 3767 MLB

1327 3104 1340 3134 1
1370 3102 1547 3133 memorato
1572 3102 1603 3133 R
1620 3100 1632 3144 11
1656 3101 1748 3141 legis]
1773 3101 1844 3133 litis
1870 3101 1920 3133 Τ1
1944 3100 1956 3145 11
1980 3103 1998 3134 2
2023 3102 2086 3142 uti]
2111 3104 2149 3134 ut
2170 3102 2219 3134 R¹
2236 3103 2247 3146 11
2264 3113 2338 3135 suas

1267 3159 1324 3179 om.
1341 3146 1373 3178 R
1390 3146 1402 3189 11
1419 3148 1662 3188 proposuerunt
1686 3146 1717 3178 V
1728 3146 1740 3188 11
1758 3147 1777 3178 3
1795 3146 1988 3178 iudicariam
2003 3147 2035 3178 R
2059 3147 2265 3179 iuridiariam
2289 3148 2338 3191 Vn

1265 3194 1285 3225 4
1310 3192 1457 3223 sinuatas
1481 3192 1534 3223 Ra
1560 3190 1572 3235 11
1603 3194 1621 3224 5
1646 3190 1788 3232 legitimi
1816 3191 1939 3233 Tvuly.
1971 3192 1982 3233 11
2012 3193 2029 3223 7
2056 3192 2124 3232 qui]
2160 3192 2239 3233 quia
2263 3193 2296 3225 R.
2325 3194 2330 3235 1

1263 3239 1413 3278 paratum
1438 3237 1469 3268 T
1477 3236 1486 3255 ¹
1504 3236 1516 3279 11
1533 3236 1667 3268 uocabit
1689 3235 1745 3278 Vll
1770 3237 1788 3269 8
1813 3236 1940 3268 auctori
1965 3236 1998 3268 R
2016 3235 2064 3279 119
2089 3239 2256 3269 auctorem
2276 3238 2308 3269 V
2325 3237 2330 3281 1

1268 3284 1307 3316 13
1331 3281 1504 3321 iudicium]
1540 3281 1699 3313 iuditium
1722 3280 1832 3313 iudice
1858 3281 1889 3313 T
1915 3281 1926 3323 11
1955 3280 2140 3322 legitimum
2169 3282 2337 3324 inperator

1263 3329 1509 3369 procuratorem
1528 3327 1579 3358 Ta
1595 3325 1606 3368 11
1628 3328 1668 3359 16
1692 3326 1865 3358 vocatione
1883 3326 2024 3366 Gentius]
2050 3326 2203 3359 cautione
2229 3328 2304 3360 libri
2326 3329 2338 3371 11

1268 3374 1305 3405 17
1331 3371 1549 3404 concludendi
1568 3370 1616 3404 T¹
1641 3370 1854 3403 conducenda
1871 3372 1902 3403 R
1921 3371 1932 3412 11
1959 3372 1998 3404 18
2020 3371 2117 3403 dictis
2140 3372 2172 3404 T
2180 3371 2190 3391 ¹
2209 3372 2220 3413 11
2243 3383 2335 3414 prae-

1264 3417 1378 3459 positis
1400 3416 1453 3460 VH
1475 3418 1514 3450 19
1534 3416 1711 3457 ligatorum
1730 3417 1762 3448 T
1774 3416 1786 3458 11
1805 3417 1844 3449 21
1870 3415 2092 3448 inueniuntur
2107 3416 2168 3457 R¹]
2194 3427 2261 3450 non
2285 3418 2336 3450 in-

1264 3462 1445 3494 ueniuntur
1470 3461 1518 3493 R²
1529 3461 1589 3494 VT
1617 3461 1628 3505 11
1657 3462 1698 3494 22
1723 3462 1782 3501 sic]
1814 3461 1861 3492 si*
1891 3461 1955 3498 T²;
1988 3461 2153 3494 delendum
2177 3464 2303 3496 videtur

1262 3507 1371 3549 posita
1397 3508 1489 3548 libri,
1523 3519 1603 3539 corr.
1635 3507 1863 3549 Osenbriiqyen
1892 3505 1904 3548 11
1934 3507 1974 3538 23
2000 3505 2166 3539 iudicibus
2190 3520 2247 3541 om.
2269 3508 2302 3540 R

1264 3555 1306 3586 24
1330 3551 1544 3584 iuscasionem
1568 3551 1619 3583 Ra
1641 3551 1653 3594 11
1679 3553 1721 3585 25
1745 3555 1958 3593 permaneant
1982 3551 2014 3582 R
2030 3550 2041 3594 11
2069 3552 2110 3584 32
2136 3554 2244 3584 tamen
2268 3553 2301 3585 R
2325 3554 2336 3595 11

1262 3607 1468 3639 quacumque
1490 3597 1538 3629 T¹
1562 3596 1574 3640 11
1599 3598 1642 3630 33
1666 3597 1811 3628 iussione
1839 3597 1871 3628 T
1888 3596 1899 3638 11
1926 3598 1967 3629 35
1992 3595 2058 3627 suit
2079 3597 2124 3636 T]
2149 3596 2251 3630 fuerit
2267 3598 2341 3631 RV

1264 3644 1349 3686 vulq.
1369 3643 1381 3686 11
1404 3642 1523 3675 intima
1549 3642 1599 3674 T¹
1615 3642 1627 3685 11
1654 3643 1696 3675 38
1721 3643 1770 3681 ut]
1796 3643 1827 3673 et
1854 3641 1909 3684 Τ11
1927 3643 2017 3673 actor
2042 3653 2101 3675 om.
2132 3642 2186 3685 VH
2204 3642 2283 3675 fecit
2307 3643 2339 3676 T
