2618 4010
139 123 198 154 DE
226 122 514 155 PROCONSULE
543 122 851 155 PALAESTINAE

139 233 197 256 νος
213 219 261 256 πύ
286 235 352 268 γον
367 220 596 266 καλουμένην,
621 223 759 266 ταύτην
779 220 870 270 αὐτῇ
889 220 1125 268 χαρισάμενος
1147 223 1215 265 τὴν

138 267 243 310 τιμὴν
261 235 355 301 §idn
379 263 462 300 κατ’
485 264 599 309 αὐτὴν
624 269 684 302 ἐπὶ
708 271 784 302 ταῖς
806 265 1011 303 Ἰουὸαϊκαῖς
1033 271 1147 302 νίκαις
1170 268 1218 301 εἰς

137 314 158 348 1
206 309 464 357 αὐτοκράτορας
488 308 682 358 ἀνεγράφη.
750 311 893 361 ὁρῶμεν
912 312 951 347 δὲ
967 310 1081 356 αὐτὴν
1101 313 1217 358 χώρας

138 356 318 402 ἄρχουσαν
347 356 499 403 μεγάλης
529 370 569 391 τε
601 361 660 392 καὶ
692 359 924 403 θαυμαστῆς,
956 361 1015 392 καὶ
1040 358 1216 401 αἴσθησιν

138 398 196 436 ὅτι
219 401 374 446 μάλιστα
398 402 571 446 πλείστην
594 405 638 450 τῇ
661 401 752 437 καθ’
772 402 866 448 ἡμᾶς
883 406 1127 449 παρεχομένην
1151 416 1215 438 πο-

139 446 252 490 λιτείᾳ
276 448 401 493 φόρων
421 460 460 481 τε
476 449 624 494 μεγέθει
649 453 708 482 καὶ
725 446 999 495 εὐγνωμοσύνης
1023 446 1214 494 ὑπερβολῇ,

138 495 196 525 καὶ
229 495 475 538 παρεχομένην
511 491 632 527 πόλεις
664 496 792 538 σεμνὰς
827 498 885 528 καὶ
920 493 1068 529 πολίτας
1099 495 1214 540 ἐκτρέ-

138 550 275 579 φουσαν
307 535 469 583 ἀγαθοὺς
498 542 558 572 καὶ
582 538 702 584 λόγων
725 540 875 584 μεστοὺς
906 543 965 572 καὶ
997 540 1037 572 ἐν
1062 538 1215 584 ἱερεῦσιν

137 580 425 637 ειῖδακιμοῦντας,
456 587 515 617 καὶ
539 585 581 618 τὸ
608 583 652 627 δὴ
685 582 839 619 πάντων
862 588 1042 631 μέγιστον,
1075 580 1133 617 ὅτι
1170 582 1213 627 δὴ

1212 107 1296 155 497

1983 112 2089 154 Nov.
2120 112 2215 154 CIII
2245 126 2305 166 pr,
2339 115 2357 153 1

1284 221 1378 258 tonis
1408 222 1516 257 turris
1547 222 1799 267 appellaretur,
1835 222 1930 257 hunc
1956 223 1987 258 ei
2012 223 2158 258 donavit
2181 223 2361 265 honorem,

1287 277 1329 303 eo
1354 266 1448 312 quod
1472 267 1509 302 in
1536 277 1579 302 ea
1604 267 1670 302 sub
1694 267 1848 302 Iudaicis
1873 268 2029 303 victoriis
2056 269 2149 303 inter
2172 269 2362 313 imperato-

1285 314 1305 347 1
1351 322 1408 347 res
1433 312 1632 357 adscriptus
1656 315 1720 348 est.
1787 312 1956 348 Videmus
1981 316 2099 348 autem
2123 324 2200 348 eam
2224 314 2362 358 provin-

1286 357 1362 392 ciae
1393 358 1595 402 praesidere
1617 357 1742 393 maiori
1774 361 1880 401 atque
1913 359 2082 400 mirabili,
2116 359 2363 403 compendium

1252 403 1434 438 5maxime
1471 403 1661 447 plurimum
1697 405 1842 437 nostrae
1880 403 2108 446 praebentem
2146 404 2363 448 reipublicae

1285 448 1501 483 tributorum
1525 447 1766 491 magnitudine
1791 450 1826 482 et
1850 447 2045 483 devotionis
2070 450 2294 490 excellentia,
2328 452 2363 484 et

1284 496 1525 538 praestantem
1552 493 1710 528 civitates
1735 492 1872 527 nobiles
1897 497 1932 527 et
1957 493 2048 528 cives
2074 495 2225 528 alentem
2250 496 2362 530 bonos

1284 540 1321 573 et
1340 538 1508 573 doctrinis
1534 539 1658 583 plenos
1684 542 1719 573 et
1742 538 1835 572 inter
1855 538 2058 573 sacerdotes
2084 539 2361 582 probatissimos,

1284 587 1319 618 et
1351 584 1446 628 quod
1478 584 1631 618 omnium
1664 583 1897 628 praecipuum
1930 587 2002 623 est,
2037 585 2120 627 quia
2150 584 2186 618 in
2218 594 2260 618 ea
2284 585 2361 618 uni-

136 640 203 660 κατ
258 628 372 671 αυτὴν
409 642 427 662 o
459 631 524 662 τοῦ
562 641 699 664 παντος
735 628 944 676 δημιουργὸς
982 627 1000 663 ὁ
1040 627 1215 671 δεσπότης
1230 632 1269 663 10
1284 639 1465 664 versorum
1490 632 1629 663 creator
1654 628 1817 663 dominus
1842 632 1964 663 noster
1987 628 2086 663 Iesus
2109 629 2280 670 Christus,
2306 630 2361 664 dei

135 671 239 726 ἡμῶν
254 670 384 715 Ἰησοῦς
401 674 556 720 Χριστὸς
573 673 592 708 ὁ
610 677 674 709 τοῦ
692 675 781 710 θεοῦ
799 674 902 722 λόγος
920 677 979 708 καὶ
995 675 1059 708 τοῦ
1078 674 1215 708 παντὸς

136 717 353 762 ανθρώπων
378 724 538 766 σωτηρία
560 724 682 766 γένους
705 722 765 755 ἐπὶ
788 722 851 767 γῆς
880 719 992 766 ὤφθη
1024 722 1083 753 καὶ
1108 716 1214 762 ἠξίω-

136 773 197 796 σεν
222 762 485 799 οἰκειώσασθαι
509 765 554 799 τὰ
579 764 742 811 ἡμέτερα.

1283 674 1428 709 verbum
1461 676 1496 708 et
1528 674 1640 709 totius
1674 673 1856 708 hominum
1886 674 2025 717 generis
2055 675 2168 716 salus,
2202 675 2238 709 in
2266 679 2362 709 terra

1284 719 1451 764 apparuit
1469 721 1505 754 et
1521 719 1687 763 dignatus
1709 721 1765 754 est
1779 717 1898 754 facere
1922 728 1987 754 sua
2009 730 2099 763 quae
2120 723 2244 755 nostra
2265 722 2360 755 sunt.

1138 853 1294 890 CAPUT
1317 854 1344 890 I.

209 907 349 952 Ταύτην
380 915 503 945 τοίνυν
533 913 611 947 πῶς
640 910 703 946 οὐκ
736 910 783 946 ἂν
811 909 1036 967 τιμήσαιμεν,
1069 914 1127 944 καὶ
1152 912 1213 945 ἐπ-

1338 910 1442 945 Hanc
1465 910 1573 955 igitur
1597 911 1773 955 quomodo
1798 922 1869 947 non
1893 911 2166 954 honorabimus,
2198 913 2234 945 et
2256 910 2359 945 vehe-

136 953 316 1010 ανάξρμεν
329 954 545 1012 αὐτὴνκπρᾲς
557 957 600 1010 τρ
614 959 677 1000 τῆς
693 955 943 992 &vomantur
961 957 1068 1010 αυτῆς
1084 957 1213 1011 σχῆμα,
1229 960 1268 991 15
1281 966 1359 991 mus
1392 966 1469 990 eam
1500 956 1545 990 ad
1569 957 1907 1000 proconsularitatis
1940 957 2015 992 eius
2039 956 2205 1000 figuram,
2239 960 2274 990 et
2298 956 2360 990 da-

136 1003 194 1032 καὶ
219 997 383 1045 δώσομεν
407 1015 459 1044 τῳ
477 1016 546 1045 την
563 1003 675 1047 αρχὴν
700 1005 818 1045 ἔχοντι
842 1001 979 1045 ταύτην
1003 1002 1212 1044 ανθυπατῳ

135 1058 174 1078 τε
198 1046 290 1079 εἶναι
322 1050 380 1080 καὶ
404 1046 618 1087 καλεῖσθαι;
665 1044 755 1093 ὅπερ
780 1047 988 1093 πράττομεν
1020 1045 1079 1081 διὰ
1108 1044 1214 1081 τοῦδε

135 1092 197 1123 τοῦ
230 1091 334 1125 θείου
365 1094 612 1139 πραγματικοῦ
645 1091 776 1136 τύπου,
813 1092 1005 1127 καλεῖσθαι
1039 1091 1078 1126 δὲ
1102 1089 1214 1126 αὐτὸν

135 1138 194 1168 καὶ
216 1134 332 1170 ίδικόν
350 1137 562 1181 βουλόμεθα
579 1140 799 1193 Καισαρεῦσι
824 1137 956 1182 νόμον·
994 1136 1213 1173 ἀνθύπατόν

1282 1001 1396 1036 bimus
1430 1001 1463 1036 ei
1498 1001 1558 1044 qui
1586 1002 1679 1036 hanc
1703 1001 2045 1038 administrationem
2067 1002 2177 1037 habet
2208 1011 2359 1046 procon-

1283 1047 1437 1081 sularem
1455 1056 1531 1081 esse
1550 1048 1584 1081 et
1599 1048 1743 1082 vocari?
1768 1048 1862 1092 quod
1880 1049 2016 1092 agimus
2033 1058 2097 1092 per
2112 1048 2205 1082 hanc
2223 1057 2361 1082 sacram

1281 1091 1538 1135 pragmaticam
1567 1091 1736 1135 formam,
1770 1093 1889 1128 vocari
1922 1095 2040 1128 autem
2071 1103 2148 1128 eam
2173 1092 2361 1137 specialem

1281 1137 1443 1172 volumus
1458 1137 1740 1172 Caesariensium
1757 1138 1886 1182 legem:
1912 1139 2164 1183 proconsulem
2183 1148 2265 1172 vero
2282 1137 2358 1172 effi-

135 1194 173 1213 τε
197 1178 441 1225 ἀποτελοῦμεν
473 1196 540 1216 τον
571 1183 639 1226 τὴν
664 1184 776 1228 αρχὴν
806 1185 952 1226 ἔχοντα,
984 1187 1043 1217 καὶ
1068 1181 1213 1226 δίδομεν
1226 1185 1268 1217 20
1282 1182 1393 1217 cimus
1413 1191 1492 1216 eum
1516 1183 1576 1226 qui
1597 1182 1775 1225 cingulum
1796 1184 1914 1225 habet,
1942 1187 1977 1218 et
1996 1184 2119 1218 damus
2148 1183 2179 1218 ei
2204 1187 2244 1218 ut
2267 1183 2361 1217 inter

137 1223 235 1269 αὐτῷ
271 1227 313 1261 τὸ
346 1232 417 1262 τοῖς
451 1228 702 1274 περιβλέπτοις
739 1228 990 1275 ἐγγράφεσθαι
1025 1233 1084 1262 καὶ
1120 1231 1212 1270 ἔχειν

135 1267 283 1306 ἅπαντα
302 1271 423 1307 ὁπόσα
446 1272 521 1307 ἴδια
546 1275 608 1317 τῆς
622 1273 788 1317 τοιαύτης
811 1276 909 1308 ἐστὶν
930 1271 1044 1318 ἀρχῆς,
1069 1271 1213 1307 ἀκούειν

135 1330 174 1349 τε
204 1319 281 1350 τῶν
313 1320 496 1363 ἐφεσίμων
526 1316 638 1352 δικῶν
669 1317 751 1364 ἄχρι
785 1319 906 1354 decem
935 1320 1105 1354 librarum
1135 1319 1212 1354 auri

136 1362 174 1401 ἐξ
197 1363 363 1409 ἑκατέρας
386 1363 628 1407 Παλαιστίνης
658 1366 704 1399 εἰς
732 1361 845 1417 αῦτρν
870 1368 1087 1418 φερομένων,
1119 1366 1212 1407 ἰσχυ-

1281 1227 1492 1272 spectabiles
1510 1227 1736 1262 adscribatur
1757 1232 1792 1263 et
1809 1229 1940 1263 habeat
1961 1240 2003 1263 ea
2018 1239 2260 1273 quaecumque
2277 1239 2359 1272 pro-

1281 1274 1360 1317 pria
1384 1272 1555 1307 eiusmodi
1578 1277 1662 1307 sunt
1687 1273 2014 1317 administrationis,
2041 1279 2075 1309 et
2096 1274 2217 1309 audiat
2236 1273 2360 1318 appel-

1280 1318 1454 1353 lationum
1479 1328 1606 1353 causas
1639 1329 1750 1363 usque
1775 1319 1819 1353 ad
1843 1319 1877 1353 X
1900 1320 2009 1355 libras
2033 1320 2112 1354 auri
2139 1330 2182 1354 ex
2211 1323 2361 1363 utraque

1281 1363 1487 1398 Palaestina
1522 1363 1558 1398 in
1591 1374 1670 1398 eum
1706 1363 1932 1406 deferendas,
1969 1365 2190 1408 validamque
2222 1374 2360 1408 semper

135 1406 201 1454 ρόν
225 1421 264 1441 τε
287 1422 339 1451 τῳ
366 1412 477 1444 παντὶ
501 1409 745 1452 καθεστάναι,
771 1422 859 1443 ωςτε
882 1413 941 1443 καὶ
963 1422 1026 1444 τας
1044 1413 1214 1456 ημετέρας
1227 1412 1268 1444 25
1281 1409 1448 1450 existere,
1482 1420 1550 1453 quo
1577 1412 1612 1443 et
1635 1414 1776 1444 nostras
1801 1411 2070 1454 praeceptiones
2098 1410 2212 1455 possit
2235 1410 2360 1444 melius

136 1451 341 1498 προςτάξεις
365 1452 552 1488 δύνασθαι
576 1454 721 1489 κάλλιον
746 1459 804 1488 καὶ
830 1457 1135 1502 ἐρρωμενέστερον
1160 1457 1210 1488 ἐκ·

134 1496 257 1531 τελεῖν.
301 1501 470 1544 χρήσεται
493 1498 531 1533 δὲ
551 1504 610 1533 καὶ
630 1502 674 1547 τῇ
692 1502 803 1547 σεμνῇ
820 1504 878 1534 καὶ
897 1498 1027 1545 ἀρχαίᾳ
1047 1504 1211 1545 τηβέννῳ

135 1545 264 1587 (φαμὲν
290 1542 328 1578 δὲ
350 1546 393 1592 τῇ
411 1546 669 1592 περιπορφύρῳ
695 1545 815 1592 στολῇ)
841 1547 880 1579 ἐν
899 1549 977 1579 ταῖς
997 1546 1212 1591 ἱερομηνίαις

135 1585 249 1631 αὐτὴν
279 1591 568 1634 περιτιθεζιιενος,
602 1595 661 1624 καὶ
694 1591 1023 1638 ἐγκαλλωπιζέσθω
1053 1590 1212 1637 τοσαύτῃ

1283 1456 1318 1489 et
1342 1454 1490 1489 validius
1515 1454 1717 1498 adimplere.
1767 1455 1898 1490 Utatur
1922 1458 2041 1490 autem
2073 1456 2183 1490 nobili
2212 1459 2248 1490 et
2267 1455 2359 1489 anti-

1282 1511 1352 1544 qua
1372 1502 1454 1544 toga
1475 1499 1637 1541 (dicimus
1659 1504 1778 1534 autem
1802 1511 1981 1545 purpurea
2003 1501 2107 1544 stola)
2132 1501 2244 1536 sacris
2262 1511 2358 1535 men-

1283 1546 1380 1580 sibus
1413 1555 1491 1579 eam
1523 1545 1825 1587 circumamictus,
1857 1546 2062 1591 fulgeatque
2093 1550 2194 1581 tanto
2226 1546 2362 1581 honore

1282 1595 1318 1625 et
1337 1590 1538 1626 civitatibus
1561 1591 1698 1634 praesit
1721 1591 1902 1635 tantisque
1926 1592 2108 1633 militibus,
2134 1595 2169 1626 et
2193 1591 2361 1636 quicquid

135 1635 356 1689 [περιτιθεὶς]
389 1637 473 1682 τιμῇ
504 1639 564 1669 καὶ
588 1634 733 1670 πόλεων
765 1638 942 1681 ἐξαρχέτω
975 1637 1212 1682 στρατιωτῶν
1227 1640 1268 1672 30
1282 1636 1368 1671 utile
1388 1639 1444 1672 est
1462 1635 1549 1671 fisco
1572 1639 1607 1670 et
1625 1636 1757 1671 nostris
1780 1637 2011 1672 collatoribus
2029 1641 2120 1680 agat.
2159 1637 2228 1672 Pro
2248 1647 2360 1671 anno·

133 1692 171 1712 τε
192 1691 390 1722 τοσούτων,
414 1684 473 1714 καὶ
494 1682 569 1715 πᾶν
588 1682 623 1715 εἴ
638 1695 674 1715 τι
691 1685 871 1726 συμφέρον
896 1684 973 1715 ἐστὶ
997 1685 1056 1715 καὶ
1079 1683 1134 1724 τῷ
1151 1679 1211 1725 δη-

132 1728 247 1768 μοσίῳ
273 1728 332 1758 καὶ
348 1728 420 1759 τοῖς
443 1723 624 1771 ἡμετέροις
649 1723 836 1761 ὑποτελέσι
861 1730 1063 1771 πραττέτω.
1107 1726 1213 1761 Κατὰ

133 1768 312 1812 σιτήσεων
343 1768 382 1804 δὲ
406 1769 593 1817 πρόφασιν
616 1771 738 1816 viginti
762 1773 850 1807 duas
875 1773 984 1807 libras
1010 1772 1087 1807 auri
1113 1770 1212 1815 αὐτῷ

111 1834 113 1836 v
135 1813 290 1859 δίδομεν,
322 1813 410 1850 ὥςτε
433 1818 480 1851 εἰς
504 1816 635 1851 ἑαυτόν
658 1831 697 1851 τε
721 1821 780 1851 καὶ
804 1818 872 1852 τὸν
898 1815 1007 1851 αὐτοῦ
1033 1815 1214 1864 πάρεδρον

1282 1691 1408 1716 narum
1438 1691 1521 1716 vero
1554 1682 1744 1716 occasione
1772 1682 1840 1716 XX
1872 1682 1961 1717 duas
1994 1682 2104 1717 libras
2128 1682 2207 1717 auri
2236 1682 2361 1717 damus

1284 1727 1332 1768 ei,
1357 1731 1396 1762 ut
1417 1727 1485 1762 sibi
1507 1728 1542 1761 et
1562 1737 1626 1762 suo
1650 1727 1851 1762 consiliario
1871 1731 1907 1762 et
1927 1727 2128 1762 oboedienti
2152 1727 2220 1763 sibi
2241 1727 2361 1762 officio

1283 1772 1373 1807 haec
1405 1772 1539 1807 dividat
1569 1773 1764 1807 secundum
1795 1783 1897 1816 quem
1928 1773 2005 1817 ipse
2033 1773 2183 1808 voluerit
2207 1772 2361 1815 modum,

1284 1821 1319 1852 et
1350 1818 1439 1853 haec
1472 1818 1518 1852 ad
1550 1828 1615 1853 nos
1639 1818 1845 1861 annuntiet,
1878 1821 1918 1853 ut
1943 1829 1986 1854 ex
2017 1828 2120 1854 sacra
2143 1818 2363 1863 pragmatica

133 1863 192 1893 καὶ
217 1860 291 1915 ,τὴν
314 1862 539 1905 πειθομένην
573 1860 673 1906 αὐτῷ
697 1862 803 1903 τάξιν
826 1864 942 1897 ταῦτα
967 1861 1095 1897 διελεῖν
1118 1859 1210 1897 καθ’
1229 1867 1270 1899 35

134 1902 176 1938 ὃν
208 1920 255 1940 αν
287 1905 393 1941 αὐτὸς
425 1908 622 1951 βουληθείη
647 1905 797 1953 τρόπον,
829 1912 888 1942 καὶ
913 1910 1030 1943 ταῦτα
1054 1909 1101 1942 εἰς
1124 1905 1215 1952 ἡμᾶς

133 1952 306 1994 μηνῦσαι,
339 1949 426 1986 ὦςτε
451 1955 488 1986 ἐκ
513 1953 615 1987 θείου
641 1955 891 2000 πραγματικοῦ
917 1951 1032 1988 τύπου
1064 1957 1124 1988 καὶ
1148 1954 1216 1997 τὴν

135 2028 319 2064 Stratonis
350 2031 461 2065 turris
490 2035 690 2071 vocaretur,
724 2031 895 2067 honorem
928 2032 1023 2066 hicne
1051 2032 1083 2066 ei
1108 2032 1262 2078 larqitus
1292 2032 1379 2082 quia
1411 2033 1447 2066 in
1470 2043 1513 2067 ea
1535 2036 1620 2077 post
1644 2031 1816 2068 Iudaicas
1840 2033 2010 2069 victorias
2041 2033 2079 2067 in
2102 2033 2362 2078 imperatorum

134 2077 153 2109 1
201 2086 384 2109 numerum
408 2075 613 2122 adscriptus
637 2081 699 2112 est.

802 2077 968 2112 Videmus
992 2081 1110 2111 autem
1134 2087 1212 2111 eam
1237 2078 1377 2122 reqioni
1395 2088 1567 2122 praeesse
1591 2089 1746 2123 maqnae
1770 2083 1805 2113 et
1828 2078 2038 2114 admirabili
2067 2083 2101 2112 et
2124 2078 2361 2112 existimatio-

136 2131 214 2154 nem
239 2131 346 2165 quam
371 2121 568 2156 maaeimam
592 2121 812 2167 reipublicae
837 2127 985 2158 nostrae
1002 2122 1181 2168 praebere
1206 2125 1241 2156 et
1266 2121 1481 2156 tributorum
1505 2123 1754 2168 maqnitudz'ne
1777 2128 1813 2158 et
1834 2124 2035 2159 devotionis
2051 2122 2302 2168 praestantia,
2328 2126 2363 2158 et

137 2165 297 2200 civitates
318 2171 509 2211 praestare
532 2165 702 2201 honestas
734 2172 769 2202 et
792 2167 886 2202 cives
910 2167 1008 2202 alere
1032 2168 1144 2202 bonos
1167 2167 1655 2217 ethpraeceptis’sapientiae
1678 2170 1839 2213 refertos
1869 2168 2002 2219 quique
2031 2169 2125 2203 inter
2155 2167 2362 2202 sacerdotes

79 2211 87 2215 '
137 2210 354 2244 auctoritate
375 2210 543 2255 floreant,
576 2215 612 2246 et
635 2212 734 2257 quod
758 2212 901 2256 quidem
927 2212 1083 2246 omnium
1107 2222 1304 2246 mamimum
1329 2216 1401 2253 est,
1433 2222 1471 2245 in
1502 2223 1546 2246 ea
1578 2217 1776 2248 creatorem
1808 2214 1962 2248 universi
1992 2213 2173 2247 dominum
2198 2217 2361 2247 nostrum

138 2252 256 2289 Iesum
275 2254 452 2290 Christum
478 2256 534 2290 dei
558 2256 700 2291 verbum
724 2261 758 2292 et
783 2257 893 2292 totius
916 2256 1063 2291 humani
1088 2257 1231 2301 qeneris
1254 2256 1405 2290 salutem
1428 2256 1466 2289 in
1490 2257 1597 2291 terris
1620 2257 1734 2292 visum
1757 2269 1801 2292 ac
1824 2258 1893 2293 sibi
1913 2258 2097 2294 vindicare
2120 2269 2213 2303 quae
2234 2262 2361 2292 nostra

136 2304 220 2334 sunt
244 2299 430 2345 diqnatum
454 2311 539 2335 esse.

248 2345 275 2379 1.
323 2344 431 2380 Hanc
454 2346 566 2391 iqitur
590 2346 718 2391 quidni
738 2346 877 2382 bonore
901 2346 1111 2392 afficiamus
1126 2350 1160 2381 et
1176 2346 1391 2393 reducamus
1413 2356 1491 2380 eam
1517 2345 1566 2381 ad
1588 2346 1702 2392 ipsius
1723 2348 2005 2392 proconsulatus
2019 2348 2197 2393 formam,
2222 2347 2360 2382 demus-

138 2400 206 2435 que
230 2391 265 2425 ei
287 2390 349 2436 qui
372 2392 624 2435 maqistratum
648 2390 743 2426 bunc
767 2391 911 2433 liabeat,
944 2397 983 2426 ut
1008 2391 1214 2437 proconsul
1244 2396 1279 2426 et
1302 2391 1351 2426 sit
1374 2394 1409 2425 et
1430 2392 1601 2425 vocetur?
1651 2391 1699 2426 Id
1720 2392 1819 2437 quod
1840 2393 1982 2438 aqimus
2007 2404 2079 2439 per
2102 2392 2195 2427 lianc
2217 2403 2360 2428 sacram

137 2435 401 2481 praqmaticam
425 2437 662 2477 sanctionem,
696 2438 822 2472 vocari
854 2440 971 2471 autem
1000 2437 1148 2471 eandem
1178 2436 1367 2482 specialem
1395 2436 1677 2471 Caesariensium
1712 2437 1824 2483 leqem
1849 2438 2035 2479 volumus,·
2070 2442 2179 2483 atque
2196 2449 2358 2484 procon-

136 2481 248 2516 sulem
272 2481 452 2525 efficimus
475 2492 553 2516 eum
577 2481 640 2526 qui
663 2483 915 2527 maqistratum
940 2481 1056 2522 babet,
1081 2482 1184 2526 eique
1208 2481 1433 2516 concedimus
1456 2485 1495 2515 ut
1515 2482 1762 2527 spectabilium
1793 2493 1940 2518 numero
1962 2483 2191 2518 adscribatur
2215 2483 2359 2519 habeat-

138 2537 206 2571 que
229 2526 349 2561 omnia
379 2537 623 2572 quaecumque
653 2527 828 2561 eiusmodi
858 2538 915 2561 ma
943 2527 1092 2561 istratus
1119 2527 1275 2572 propria
1299 2531 1401 2567 sunt,
1431 2525 1533 2561 etde
1556 2528 1676 2561 causis
1706 2527 1991 2573 appellationum
2022 2539 2134 2573 usque
2164 2528 2214 2563 ad
2241 2529 2360 2564 decem

139 2571 250 2605 libras
273 2571 356 2605 auri
379 2576 577 2616 coqnoscat
600 2582 648 2607 ex
671 2576 826 2617 utraque
849 2571 906 2607 Pa
921 2572 1062 2607 aestiua
1087 2572 1136 2606 ad
1158 2583 1237 2606 eum
1262 2571 1479 2616 deferendi5‚
1511 2575 1546 2606 et
1568 2572 1606 2606 in
1632 2574 1731 2607 omni
1751 2584 1883 2617 qenere
1900 2578 2035 2619 potens
2057 2574 2119 2614 sit,
2152 2584 2224 2619 quo
2252 2574 2360 2608 etiam

138 2615 309 2651 mandata
345 2621 471 2651 nostra
505 2616 632 2651 melius
668 2621 704 2652 et
735 2617 876 2663 fortius
911 2617 1043 2663 eccequi
1072 2618 1202 2662 possit.
1255 2616 1379 2652 Utetur
1409 2620 1526 2651 autem
1562 2617 1669 2652 etiam
1705 2617 1818 2652 nobili
1848 2618 1911 2652 illa
1948 2622 2056 2663 atque
2087 2620 2238 2663 antiqua
2274 2623 2360 2665 toqa

138 2666 279 2702 (vestem
304 2660 455 2696 dicimus
475 2665 706 2707 praetextam
728 2664 908 2708 purpura)
930 2662 1038 2706 festis
1062 2662 1185 2697 diebus
1209 2662 1362 2697 induens
1385 2672 1482 2702 eam,
1515 2666 1624 2707 atque
1649 2667 1749 2697 tanto
1774 2663 1951 2708 qlorietur
1974 2663 2111 2698 bonore
2140 2669 2176 2698 et
2200 2667 2251 2699 tot
2276 2664 2359 2699 civi-

139 2707 271 2741 tatibus
294 2711 328 2742 et
351 2706 522 2742 militibus
538 2707 693 2753 praesit,
727 2711 763 2742 et
786 2718 890 2742 omne
914 2707 1087 2752 quicquid
1109 2712 1144 2742 et
1161 2707 1252 2751 fisco
1278 2712 1311 2742 et
1335 2707 1501 2741 subiectis
1524 2707 1659 2742 nostris
1682 2708 1771 2743 utile
1794 2713 1849 2743 est
1872 2713 1969 2753 aqat.
2017 2711 2253 2743 Annonarum
2278 2721 2359 2745 vero

137 2751 279 2786 nominc
302 2751 429 2797 viqinti
453 2751 545 2786 duas
569 2752 682 2786 libras
706 2753 788 2786 auri
808 2753 841 2787 ei
864 2752 1008 2793 damus,
1041 2757 1081 2786 ut
1105 2754 1198 2787 inter
1220 2763 1258 2787 se
1282 2756 1318 2787 et
1340 2751 1587 2787 consiliarium
1617 2763 1720 2787 suum
1744 2756 1780 2788 et
1803 2753 1966 2798 officium
1996 2754 2064 2788 sibi
2096 2753 2287 2790 oboediens
2317 2766 2360 2790 ea

138 2795 434 2842 quemadmodum
451 2798 528 2843 ipse
544 2797 697 2832 voluerit
713 2797 915 2838 distribuat,
940 2802 976 2832 et
992 2797 1081 2832 llaec
1104 2798 1208 2833 nobis
1232 2797 1375 2838 indicet,
1398 2801 1439 2831 ut
1456 2808 1524 2843 per
1542 2808 1685 2832 sacram
1706 2799 1971 2844 praqmaticam
1995 2800 2215 2834 sanctionem
2240 2799 2360 2835 distri-

204 2890 214 2919 1
245 2883 462 2931 χρησάμενος
486 2888 517 2919 L
534 2888 545 2928 ΙΙ
572 2888 591 2920 2
612 2889 736 2928 νίκαις]
761 2885 909 2929 νήσαιςῗ
933 2888 984 2920 La
1006 2889 1017 2930 Η
1044 2889 1064 2920 4
1089 2883 1214 2932 ἀρχού-

139 2942 202 2965 σας
220 2933 269 2964 La
289 2934 299 2974 u
317 2931 503 2972 αἴσθησιν]
535 2932 765 2974 compendium
789 2943 825 2970 ς;
862 2945 904 2965 an
927 2934 986 2976 leq.
1006 2931 1181 2975 αὕξησινῩ
1204 2935 1216 2977 Η

142 2980 160 3010 5
184 2978 406 3020 παρεχομένη
431 2977 480 3008 La
508 2977 519 3015 ΙΙ
550 2979 569 3009 6
593 2979 644 3017 τε]
681 2989 721 3010 τε
743 2979 803 3009 καὶ
827 2978 858 3009 L
888 2978 899 3019 11
930 2979 948 3011 8
972 2975 1097 3023 λόγους
1122 2979 1170 3009 La
1204 2980 1214 3019 Η

143 3023 181 3056 11
209 3021 327 3063 ἰησοῦς
352 3017 370 3052 ὁ
396 3020 538 3066 χριστὸς
561 3021 614 3064 L}
648 3024 777 3055 14—17
799 3020 938 3064 Ταύτην
952 3042 994 3046 —
1009 3020 1214 3063 καλεῖσθαι]

143 3066 366 3108 Θεσπίζομεν
382 3065 450 3098 τὸν
471 3066 532 3107 τῆς
548 3069 606 3098 Πα
632 3069 792 3108 αιστίνης
817 3064 974 3110 ἄρχοντα
995 3064 1216 3100 ἀνθύπατον

141 3109 332 3155 καλεῖσθαι
350 3112 410 3143 inc.
426 3111 461 3143 B
478 3110 490 3153 ΙΙ
510 3113 549 3143 15
567 3107 673 3152 αὐτῆς
688 3112 758 3152 Me]
777 3125 833 3144 om.
849 3112 880 3144 L
897 3108 955 3152 (αὖ
975 3120 1122 3154 coeperat
1139 3112 1215 3153 La),

143 3155 249 3188 αὐθις
265 3156 451 3188 Zachariae
472 3155 484 3193 ΙΙ
512 3157 552 3189 16
573 3157 625 3197 τῷ
652 3169 709 3188 om.
723 3157 772 3188 La
790 3156 802 3199 ss
830 3158 868 3190 17
887 3154 993 3190 τοῦδε
1009 3158 1111 3198 M(;)]
1136 3154 1215 3190 τού-

140 3213 203 3234 του
221 3197 264 3242 δὴ
283 3201 314 3232 L
338 3200 445 3232 τοῦτο
463 3197 502 3232 δὲ
517 3201 566 3232 B⁶
586 3202 640 3243 (cf.
660 3202 704 3233 ad
720 3202 795 3241 499,
810 3203 858 3241 26)
877 3200 889 3245 ΙΙ
910 3204 948 3235 19
973 3203 1032 3234 καὶ
1058 3216 1114 3234 om.
1130 3203 1181 3238 Le
1205 3202 1216 3246 u

143 3248 184 3279 20
209 3248 259 3286 τε]
286 3256 361 3276 vero
386 3247 419 3284 (i.
439 3258 463 3276 e.
490 3242 539 3285 δὲ)
566 3257 583 3280 ς
606 3245 618 3288 ΙΙ
643 3241 885 3288 ἀποτελοῦμεν
910 3247 974 3287 Lg]
1000 3244 1217 3280 ἀποστελοῦ-

141 3303 207 3335 μεν
232 3291 267 3323 Β
304 3286 555 3332 ἆποκαλοῦμεν
576 3291 622 3322 M
644 3289 656 3333 Η
685 3292 723 3323 21
750 3289 793 3323 τὸ
820 3292 923 3323 om.L
949 3291 960 3334 ΙΙ
990 3293 1031 3325 22
1056 3288 1216 3333 ἅπαντα]

142 3347 179 3368 ea
204 3348 222 3371 ς
241 3336 252 3372 Il
270 3337 311 3369 23
329 3335 438 3367 decem
458 3335 620 3367 librarum
640 3335 715 3367 auri
732 3336 789 3375 M]
815 3332 900 3368 δέκα
924 3334 1057 3380 λιτρῶν
1075 3340 1217 3382 χρυσίου

143 3381 282 3426 (χρυσοῦ
298 3381 341 3421 L)
366 3381 434 3412 LB
450 3383 461 3422 11
482 3382 523 3413 24
545 3375 667 3412 αὐτῶν
684 3381 733 3412 La
749 3382 760 3422 Η
780 3377 926 3425 ἰσχυρόν
941 3393 980 3413 τε
999 3382 1045 3422 Β]
1071 3381 1218 3425 ἰσχυράν

142 3439 181 3458 τε
194 3427 287 3461 MLe
302 3426 314 3468 ΙΙ
334 3427 374 3459 27
389 3427 530 3468 τηβένω
545 3426 591 3458 Μ
607 3425 650 3470 τῇ
667 3427 787 3468 βέννῳ
806 3427 855 3458 Bc
877 3426 921 3467 τῆ
940 3428 1076 3468 βενέτω
1091 3428 1120 3459 L
1137 3427 1217 3468 (τὴν

145 3473 290 3513 βένετον
303 3472 436 3511 Theod.)
456 3470 466 3513 ΙΙ
485 3472 525 3504 28
541 3467 580 3502 δὲ
593 3471 663 3510 Μς]
682 3467 725 3512 δὴ
738 3471 806 3503 LB
826 3470 837 3514 ΙΙ
854 3472 895 3503 29
910 3469 1217 3516 ἐγκαλωπιζέσθω

146 3515 217 3548 ML
234 3516 246 3558 ΙΙ
264 3517 305 3549 30
322 3515 522 3560 περιτιθεὶς
541 3529 596 3548 om.
612 3517 644 3555 ζ,
669 3517 785 3548 seclusi
798 3517 957 3558 ylossema
974 3518 1019 3548 ad
1034 3516 1217 3560 περιτιθέ-

144 3570 246 3603 μενος
262 3562 331 3602 (29)
348 3562 542 3604 adscriptum
561 3559 775 3604 (περιτεθεὶς
795 3562 876 3594 male
900 3561 1183 3602 CGEHeimbach)
1207 3563 1218 3607 Η

147 3602 289 3638 πόλεων
317 3607 544 3650 Osenbruyqen
567 3619 604 3639 ex
624 3608 653 3645 ς]
679 3603 847 3648 πολέμων
872 3606 948 3638 ΜΒ
983 3603 1128 3640 πολλῶν
1152 3608 1184 3640 L
1208 3609 1219 3651 ΙΙ

147 3651 187 3683 31
214 3652 264 3690 τε]
287 3663 327 3683 τε
350 3653 409 3684 καὶ
433 3652 464 3683 L
491 3651 503 3695 u
530 3659 605 3694 post
626 3650 812 3683 τοσούτων
836 3652 942 3684 deesse
968 3652 1112 3694 aliquid,
1135 3665 1165 3685 υ.
1191 3665 1216 3686 c.

148 3689 250 3727 ὅσους
270 3692 367 3737 αι’-τῷ
388 3692 604 3740 ἇφορίσομεν
625 3709 652 3728 ς.
672 3694 872 3741 παρέξομεν
887 3697 942 3739 (cf.
956 3709 982 3730 c.
997 3697 1030 3738 3)
1054 3709 1116 3730 non
1136 3705 1219 3731 recte

220 3750 268 3776 111.

1283 2890 1394 2920 statuit
1419 2889 1604 2920 Zachariae
1634 2887 1646 2931 ss
1673 2890 1732 2919 καὶ
1756 2889 1821 2929 τῷ]
1847 2891 1907 2920 καὶ
1932 2903 1989 2921 om.
2008 2901 2026 2924 ς
2057 2889 2068 2931 Η
2096 2891 2137 2923 33
2162 2888 2272 2922 εἴκοσι
2298 2887 2359 2923 δύο

1282 2930 1402 2978 λίτρας
1425 2935 1568 2977 χρυσίου
1593 2933 1629 2965 Β
1664 2932 1774 2966 εἴκοσι
1798 2931 1918 2978 λίτρας
1941 2934 2069 2978 χρυσοῦ
2093 2935 2123 2967 L
2139 2934 2152 2979 ΙΙ
2180 2936 2223 2968 34
2249 2933 2359 2968 αὑτοῦ

1283 2991 1350 3011 cum
1375 2980 1557 3021 Scriinyero
1582 2979 1666 3021 vuly.

1341 3115 1356 3145 1
1383 3111 1566 3154 appellarEt
1590 3113 1818 3156 (compendium
1844 3115 1875 3146 in
1901 3114 1980 3153 ras.)
2007 3113 2039 3145 T
2063 3113 2075 3154 ΙΙ
2103 3113 2122 3144 2
2145 3112 2266 3144 iudicis
2292 3112 2324 3144 T
2349 3112 2359 3155 ΙΙ

1284 3158 1303 3190 3
1316 3157 1506 3199 provinciae
1516 3157 1620 3197 Beck]
1637 3158 1840 3199 prouintiam
1857 3158 1889 3190 V
1890 3158 1943 3189 “T
1958 3157 2130 3199 prouintia
2147 3156 2195 3189 Vb
2209 3157 2219 3199 ΙΙ
2233 3159 2253 3189 4
2265 3167 2359 3199 prae-

1282 3202 1382 3234 sideri
1401 3202 1621 3243 Vpraesidem
1636 3201 1684 3246 ΤΗ
1698 3202 1938 3243 compendium]
1956 3205 1988 3233 et
2001 3202 2231 3244 compendium
2246 3202 2337 3234 Beck
2349 3201 2360 3242 ΙΙ

1284 3250 1302 3280 5
1329 3248 1522 3290 praebentes
1550 3247 1611 3279 VT
1637 3250 1648 3289 ΙΙ
1678 3250 1694 3279 7
1721 3247 1870 3279 ciuitatis
1898 3248 1929 3279 T
1953 3247 1964 3290 ΙΙ
1995 3247 2112 3279 ciuiles
2135 3246 2259 3278 alentes
2286 3247 2317 3279 T
2348 3246 2360 3289 ss

1284 3293 1379 3325 bonis
1401 3292 1433 3324 V
1449 3292 1460 3335 ΙΙ
1492 3294 1510 3324 8
1535 3291 1695 3323 doctrinis
1718 3292 1833 3333 plenos
1857 3293 1890 3323 et
1912 3305 1969 3324 om.
1987 3293 2025 3333 T,
2055 3294 2088 3324 et
2112 3304 2169 3324 om.
2193 3292 2227 3324 V
2244 3290 2255 3333 ΙΙ
2282 3293 2301 3324 9
2327 3294 2360 3323 et

1285 3338 1383 3379 quod]
1410 3340 1441 3369 et
1465 3350 1522 3369 om.
1539 3337 1571 3369 T
1584 3337 1595 3378 ΙΙ
1613 3339 1672 3377 est]
1698 3339 1730 3368 et
1752 3337 1808 3379 Vl}
1827 3337 1915 3377 quia]
1939 3336 1998 3377 qui
2024 3335 2079 3379 ΤΙΙ
2101 3338 2137 3369 11
2165 3336 2286 3367 totium
2308 3336 2360 3379 VM

1283 3383 1382 3423 salus]
1408 3381 1483 3413 aliis
1506 3382 1538 3414 T
1558 3381 1569 3423 ΙΙ
1596 3383 1637 3415 14
1661 3381 1813 3413 uehimus
1839 3384 1928 3419 libri,
1954 3394 2035 3414 corr.
2062 3381 2155 3414 Beck
2178 3380 2189 3424 ΙΙ
2219 3383 2258 3414 16
2283 3392 2359 3423 pro-

1285 3427 1451 3460 consulem
1476 3427 1570 3459 Beck
1595 3426 1607 3468 ΙΙ
1634 3428 1673 3459 18
1699 3426 1871 3468 specialem
1897 3437 1966 3458 eam
1994 3427 2025 3458 T
2045 3425 2056 3469 ΙΙ
2087 3428 2125 3459 19
2152 3426 2359 3458 cesariensim

1293 3473 1348 3514 Vll
1374 3474 1414 3505 22
1439 3474 1516 3503 sunt
1541 3485 1597 3503 om.
1621 3472 1654 3503 V
1671 3471 1683 3514 ΙΙ
1710 3471 1848 3503 audiant
1873 3472 1963 3512 libri,
1990 3484 2070 3503 corr.
2088 3472 2179 3503 Beck
2205 3470 2217 3514 ΙΙ
2242 3472 2283 3504 23
2308 3474 2358 3512 ex]

1286 3520 1317 3549 et
1341 3527 1378 3549 ex
1403 3517 1464 3549 VT
1489 3516 1500 3558 ΙΙ
1530 3519 1670 3557 utroque
1696 3517 1727 3548 V
1751 3516 1763 3559 ΙΙ
1793 3517 1834 3548 24
1856 3516 2010 3547 defendas
2033 3515 2146 3547 ualida
2170 3526 2266 3557 quem
2292 3516 2326 3549 V
2349 3516 2362 3560 ΙΙ

1286 3563 1327 3596 26
1353 3565 1383 3594 in
1409 3564 1513 3594 verbis
1544 3563 1576 3592 et
1599 3561 1738 3602 antiqua
1769 3563 1885 3594 desinit
1910 3562 1941 3593 T
1952 3563 1985 3604 f
2009 3563 2098 3601 1963
2131 3562 2257 3604 reliqua
2286 3574 2360 3594 con-

1286 3610 1387 3640 tinuat
1412 3608 1470 3648 tf.
1486 3607 1525 3639 83
1547 3605 1558 3650 ΙΙ
1583 3607 1624 3639 28
1650 3606 1911 3638 circumamittus
1935 3605 1972 3649 ιΙΙ
2002 3607 2042 3639 29
2067 3606 2173 3647 prosit
2198 3605 2237 3649 ιΙΙ
2262 3607 2304 3640 32
2327 3609 2360 3638 et

1285 3663 1344 3684 suo
1357 3671 1399 3674 —
1412 3651 1476 3683 sibi
1501 3664 1558 3683 0711.
1578 3650 1632 3694 VH
1652 3653 1695 3685 34
1710 3651 1751 3683 ad
1773 3659 1856 3684 om.t
1873 3650 1885 3695 ΙΙ
1901 3651 2078 3683 annuntiet
2099 3653 2121 3692 t]
2146 3651 2288 3684 numtiet
2309 3652 2360 3684 Va

1287 3697 1447 3729 enumtiet
1469 3694 1516 3728 Vb
1541 3696 1727 3736 (denuntiet
1752 3697 1857 3738 Beck)

2049 3752 2091 3786 63
