2612 4016
1295 145 1371 194 801

209 260 341 305 aliquid
366 261 535 305 exegisse,
560 261 615 295 vel
639 261 675 296 in
700 261 985 305 coemptionibus
1009 259 1183 295 mensuris
1208 260 1413 295 enormibus
1443 259 1595 303 aliisque
1616 259 1841 304 praeiudiciis
1867 260 1920 294 vel
1944 258 2209 303 gravaminibus
2226 262 2290 293 aut
2309 259 2440 304 iniquis

209 306 401 340 solidorum
431 306 647 350 ponderibus
680 316 905 350 possessores
938 305 1194 347 damnificasse,
1228 315 1272 340 ex
1305 305 1379 340 suis
1412 304 1637 339 satisfaciant
1666 305 1909 340 facultatibus.
1958 305 2060 348 Quod
2093 305 2199 339 etiam
2230 304 2261 339 si
2293 304 2371 348 quis
2396 305 2439 339 de

211 351 560 386 administratoribus
592 356 656 385 aut
686 351 891 386 actionariis
924 352 967 386 de
998 351 1271 395 praeteritorum
1303 349 1539 385 nefandorum
1573 355 1806 394 tyrannorum
1838 354 1997 394 tempore
2029 350 2159 385 fecisse
2182 349 2369 390 invenitur,
2394 359 2439 384 ex

210 396 283 430 suis
307 394 541 430 facultatibus
566 396 606 436 ei,
631 406 653 430 a
677 406 746 440 quo
771 396 929 438 abstulit,
954 398 1140 430 restituere
1166 395 1340 436 iubemus,
1367 405 1445 430 cum
1470 405 1535 429 nos
1560 394 1825 429 indemnitatem
1845 396 2085 431 subiectorum
2102 394 2258 439 undique
2274 394 2437 429 volumus

209 440 406 486 procurari.
454 439 536 475 Dat.
563 440 607 475 id.
626 443 716 484 Aug.
736 440 805 476 ΟΡ.
829 442 912 486 imp.
939 440 996 475 dn.
1022 440 1214 476 Iustiniani
1238 451 1298 485 pp.
1316 442 1408 484 Aug.
1427 449 1523 474 anno
1540 439 1708 476 XXVIII.
1729 450 1785 485 pc.
1806 440 1931 475 Basihi
1946 451 1997 476 vc.
2018 450 2112 476 anno
2128 439 2229 475 XIII.
2279 442 2326 481 [a.
2345 442 2437 480 554]
2464 444 2483 475 5

211 529 258 565 13

208 162 502 195 cossrrru'rm
531 162 823 194 FRAGMA'ncA
2240 148 2350 204 App.
2367 148 2445 190 VII

371 528 429 564 Ut
451 529 721 574 proprietas
746 530 1004 573 unicuique
1028 530 1320 565 restituatur.
1357 529 1446 565 Cum
1463 531 1580 564 autem
1601 529 1838 573 cognovimus,
1862 529 2013 565 inimicIs
2034 530 2099 565 deo
2118 529 2274 575 propiti0
2291 528 2439 565 diversis

213 573 373 617 expulsis
397 574 594 618 provinciis
618 575 789 619 quosdam
812 585 935 619 greges
959 576 1177 610 invenientes
1202 576 1248 610 ab
1273 575 1343 610 illis
1367 575 1509 609 relictas
1535 578 1595 617 [et]
1620 585 1684 610 suo
1711 584 1770 609 eas
1795 574 1976 610 vindicare
1997 575 2164 619 dominio,
2188 575 2272 609 licet
2288 575 2332 609 ad
2350 574 2440 609 alios

209 624 317 653 antea
345 619 583 663 pertinebant,
615 620 794 654 sancimus
825 630 935 655 causa
956 620 1128 663 discussa,
1160 623 1332 664 quantum
1354 619 1494 664 quidem
1515 620 1560 654 ad
1585 630 1646 655 eos
1671 619 1836 664 pertinet,
1862 619 1913 655 eis
1937 622 2122 664 praestari.
2170 620 2208 655 Si
2241 619 2325 663 quid
2356 629 2439 654 vero

209 664 255 698 ab
280 664 358 698 aliis
383 665 601 708 agnoscitur,
628 665 806 699 dominum
831 675 897 699 sua
917 666 1087 718 recipere,
1113 665 1208 710 quod
1233 675 1314 700 vero
1340 675 1383 700 ex
1409 668 1505 699 certo
1531 665 1673 700 domino
1698 675 1770 699 non
1796 667 2036 707 cognoscitur,
2058 666 2151 701 inter
2166 666 2246 700 illos
2263 664 2439 705 distribui,

210 709 269 753 qui
294 718 365 788 pe}
382 709 529 789 eaigdem
553 710 770 754 provinciam
793 720 916 754 greges
942 711 1104 746 amisisse
1127 710 1366 753 inveniuntur,
1389 709 1561 745 divisione
1590 720 1656 755 pro
1679 713 1759 744 rata
1783 710 1946 755 portione
1970 711 2106 746 scilicet
2130 710 2306 746 facienda.
2356 710 2437 744 Dat.

212 763 306 789 anno
356 764 388 789 1e
411 764 429 789 e
471 764 566 790 cons.
592 765 640 789 ss.

209 843 256 878 14
368 843 430 879 De
453 854 523 887 eo,
557 844 630 879 cui
651 844 830 890 aliquid
852 844 1059 880 ablatum
1083 848 1170 888 est,
1204 846 1251 879 ut
1274 844 1574 880 restituatur.
1623 845 1659 879 Si
1683 845 1743 889 qui
1764 844 1871 880 etiam
1896 844 2105 880 collatorum
2131 855 2193 890 per
2217 845 2440 880 occasionem

210 888 428 923 tributorum
460 889 658 924 exactionis
691 891 746 926 vel
779 890 970 925 cuiuslibet
1002 891 1119 925 oneris
1144 892 1332 934 praetextu
1356 894 1419 924 aut
1441 889 1511 925 alio
1536 890 1778 924 inrationabili
1802 890 1909 924 modo
1934 900 1955 924 a
1980 890 2192 934 quibusdam
2216 891 2252 925 in
2277 900 2365 924 auro
2386 890 2441 924 vel

211 934 249 968 in
279 935 467 978 speciebus
500 934 588 969 laesi
622 945 702 970 esse
732 939 941 978 noscuntur,
974 935 1044 970 hoc
1076 935 1183 969 etIam
1217 937 1459 979 competenter
1489 935 1533 976 ei,
1565 935 1624 969 cui
1647 935 1805 970 ablatum
1830 938 1895 977 est,
1920 935 2082 971 iubemus
2107 937 2183 971 sine
2207 935 2441 977 ambiguitate

210 978 361 1021 restitui,
393 984 434 1015 ut
465 980 621 1024 undique
652 980 915 1025 provinciarum
948 981 1170 1016 habitatores
1202 980 1357 1024 legitime
1389 989 1455 1015 sua
1478 979 1654 1024 recipiant
1678 983 1714 1015 et
1737 980 1851 1016 nostri
1874 981 2046 1025 temporis
2069 981 2210 1026 possint
2232 980 2439 1016 felicitatem

214 1023 359 1060 sentire.
408 1026 492 1060 Dat.
517 1034 610 1060 anno
636 1025 692 1060 die
715 1028 750 1061 et
774 1036 871 1061 cons.
897 1036 943 1061 ss.

210 1114 256 1150 15
367 1114 429 1149 De
452 1115 626 1158 servis,
651 1116 725 1160 qui
748 1119 1047 1159 tyrannorum
1072 1118 1276 1160 tempore
1299 1115 1478 1150 liberas
1511 1114 1738 1151 duxerunt
1761 1125 1942 1150 uxores.
1990 1115 2083 1151 Illud
2106 1115 2214 1150 etiam
2238 1115 2441 1160 praeteritis

210 1159 376 1202 capitulis
410 1159 634 1194 inserendum
665 1171 744 1195 esse
775 1161 987 1199 censuimus,
1020 1162 1072 1204 ut,
1103 1161 1133 1195 si
1164 1161 1224 1205 qui
1253 1170 1317 1205 per
1343 1160 1516 1209 Gothicae
1550 1160 1745 1196 ferocitatis
1769 1160 2025 1196 nefandissima
2050 1164 2211 1205 tempora
2236 1160 2330 1196 servi
2356 1171 2440 1195 cou-

210 1204 326 1238 stituti
349 1204 480 1240 liberas
506 1215 636 1240 uxores
657 1206 885 1241 inveniantur
909 1205 1062 1248 duxisse,
1088 1206 1143 1242 vel
1167 1206 1275 1240 etiam
1299 1206 1421 1241 liberiS
1446 1206 1648 1241 hominibus
1673 1205 1826 1240 ancillae
1850 1206 2075 1248 coniunctae,
2100 1206 2277 1241 licentiam
2300 1206 2440 1250 quidem

209 1249 343 1284 liberae
375 1259 550 1294 personae
583 1250 785 1287 discedendi
817 1262 881 1295 per
912 1253 1119 1295 praesentes
1153 1256 1295 1286 nostros
1328 1255 1534 1285 mereantur
1556 1251 1697 1294 affatus,
1730 1251 1860 1286 ancilla
1877 1251 2042 1286 videlicet
2064 1251 2119 1286 vel
2143 1261 2244 1286 servo
2269 1251 2305 1286 iu
2329 1250 2440 1286 domi·

210 1304 336 1330 norum
368 1305 512 1330 suorum
551 1295 631 1330 iura
664 1297 916 1339 remeantibus,
939 1297 1036 1331 nullo
1061 1295 1280 1341 praeiudicio
1305 1296 1455 1330 dominis
1479 1306 1660 1331 servorum
1685 1296 1739 1331 vel
1762 1296 1973 1331 ancillarum
1998 1306 2042 1331 ex
2065 1297 2257 1341 praeterito
2281 1299 2441 1340 tempore

210 1340 422 1383 generando.
471 1341 509 1375 Si
542 1350 624 1375 vero
651 1341 686 1375 in
718 1344 900 1385 posterum
935 1342 1041 1376 etiam
1065 1341 1229 1385 coniugia
1253 1342 1407 1376 tenenda
1430 1351 1510 1376 esse
1533 1342 1747 1386 putaverint,
1772 1341 1909 1375 nullum
1933 1341 2189 1385 praeiudicium
2215 1342 2310 1376 circa
2334 1341 2439 1375 liber-

210 1387 320 1419 tatem
345 1385 526 1430 propriam
550 1386 745 1431 patiantur,
770 1386 836 1420 filii
858 1396 941 1421 vero
966 1390 1163 1422 maternam
1189 1386 1433 1421 condicionem
1458 1389 1674 1431 sequantur3
1700 1386 1795 1440 quod
1820 1387 1926 1421 etiam
1950 1386 1987 1421 in
2010 1387 2090 1429 illis,
2116 1387 2176 1431 qui
2199 1396 2243 1421 ex
2268 1386 2332 1420 tali
2356 1396 2441 1421 con-

209 1430 414 1483 iugio-‚nati
445 1433 545 1474 sunt,
579 1431 740 1467 obtinere
771 1431 946 1467 iubemus.
994 1432 1078 1467 Dat.
1111 1431 1159 1467 id.
1190 1431 1281 1476 Aug.
1317 1431 1385 1466 ΟΡ.
1419 1432 1501 1477 imp.
1535 1432 1594 1466 dn.
1627 1431 1818 1467 Iustiniani
1849 1442 1908 1476 pp.
1942 1431 2033 1476 Aug.
2065 1441 2159 1467 anno
2183 1431 2352 1468 XXVIII.
2383 1441 2439 1476 pc.

211 1475 334 1510 Basilii
359 1486 413 1511 vc.
439 1486 534 1511 anno
558 1476 658 1512 XIII.
2279 1479 2324 1518 [a.
2350 1479 2439 1518 554]

211 1567 259 1602 1ss
373 1566 436 1601 De
468 1567 609 1602 servis
640 1566 711 1602 vel
744 1567 922 1602 colonis
953 1565 1007 1601 ab
1039 1566 1134 1601 alio
1168 1565 1378 1602 detentis.
1426 1567 1553 1602 Servos
1579 1566 1685 1602 etiam
1706 1567 1761 1601 vel
1787 1566 1943 1609 colonos,
1969 1576 2058 1611 quos
2082 1566 2128 1601 ab
2149 1567 2268 1612 aliquo
2295 1566 2443 1610 contigit

211 1611 372 1654 detineri,
397 1611 472 1646 suis
497 1612 635 1647 restitui
660 1612 812 1647 dominis
836 1621 909 1647 una
933 1622 1014 1646 cum
1037 1611 1142 1646 medii
1166 1612 1335 1656 temporis
1359 1612 1461 1656 prole
1484 1612 1658 1647 iubemus.
1707 1612 1790 1647 Dat.
1815 1612 1873 1647 die
1897 1622 1990 1646 anno
2015 1614 2051 1647 et
2074 1622 2171 1647 cons.
2197 1623 2245 1648 ss.

211 1702 253 1737 17
366 1701 430 1736 De
463 1701 544 1737 deo
575 1701 750 1737 dicatis
783 1701 1052 1745 virginibus.
1103 1701 1191 1737 Cum
1215 1704 1332 1736 autem
1354 1702 1562 1746 tyrannicae
1585 1701 1782 1737 ferocitatIs
1806 1700 2130 1746 praesumptionem
2154 1712 2211 1737 res
2236 1702 2341 1737 etiam
2364 1701 2443 1736 inli-

213 1746 302 1781 citas
328 1746 430 1790 quasi
455 1747 646 1790 permissas
671 1747 784 1790 egisse
806 1747 882 1782 sine
907 1747 1015 1782 dubio
1040 1746 1096 1787 sit,
1123 1747 1318 1790 sancimus,
1343 1749 1385 1781 ut
1408 1747 1438 1782 si
1462 1747 1523 1792 qui
1537 1746 1706 1781 mulieres
1725 1747 1790 1781 deo
1811 1750 1973 1782 sacratas
1989 1747 2043 1781 vel
2063 1747 2224 1782 habitum
2240 1747 2443 1790 religiosum

211 1792 386 1826 habentes
417 1791 485 1826 sibi
517 1792 745 1827 coniunxisse
777 1791 1012 1832 inveniantur,
1045 1791 1179 1826 nullam
1210 1801 1271 1826 eas
1303 1791 1447 1826 tenendi
1479 1791 1533 1826 vel
1566 1792 1666 1826 dotes
1689 1792 1783 1826 forte
1808 1791 2031 1835 conscriptas
2063 1792 2227 1835 exigendi
2258 1791 2441 1826 licentiam
2466 1795 2508 1827 30

210 1836 383 1877 habeant,
415 1836 521 1871 immo
553 1837 665 1880 magle
698 1836 859 1871 nolentes
890 1836 1057 1871 mulieres
1088 1836 1346 1870 abstrahantur
1376 1845 1418 1870 ac
1450 1837 1525 1871 suis
1559 1836 1690 1871 iterum
1713 1836 1939 1871 monasteriis
1964 1835 2018 1871 vel
2041 1836 2201 1872 ecclesiis
2225 1840 2288 1872 aut
2317 1840 2442 1871 sancto

209 1880 407 1926 proposito,
440 1881 498 1916 cui
530 1881 717 1916 dedicatae
747 1884 843 1923 sunt,
875 1881 1119 1916 restituantur.
1167 1880 1249 1915 Dat.
1275 1880 1323 1916 id.
1349 1881 1439 1925 Aug.
1466 1880 1533 1916 GP.
1558 1881 1641 1926 imp.
1668 1881 1727 1916 dn.
1749 1881 1936 1917 Iustiniani
1958 1891 2018 1926 pp.
2044 1882 2137 1925 Aug.
2161 1892 2256 1918 anno
2279 1881 2443 1917 XXVIII.

210 1936 267 1971 pc.
291 1925 416 1962 Basilii
439 1936 493 1961 vc.
519 1936 613 1961 anno
637 1925 737 1960 XIII.
2280 1929 2325 1969 [a.
2351 1929 2442 1969 554]

2466 714 2506 746 10

2467 985 2507 1016 15

2466 1254 2507 1286 20

2466 1479 2508 1511 25

211 2017 259 2052 18
372 2014 435 2050 Ne
469 2024 549 2059 per
583 2025 674 2050 com
717 2014 957 2049 arationes
994 2014 1253 2058 specierum
1289 2014 1548 2049 collatores
1584 2016 1846 2057 graventur.
1894 2014 1950 2049 Ne
1986 2023 2070 2049 vero
2104 2024 2169 2058 per
2202 2015 2441 2059 coemptiones

211 2060 317 2096 etiam
348 2060 595 2103 quodcumque
626 2059 680 2094 col
696 2064 814 2093 atores
847 2058 1097 2092 detrimentum
1131 2058 1308 2093 sustinere
1337 2058 1576 2098 inveniantur,
1606 2059 1786 2093 sancimus
1817 2069 1882 2103 per
1914 2068 2200 2102 unamquamque
2222 2059 2439 2102 provinciam
2465 2064 2507 2096 35

211 2106 354 2141 illarum
385 2104 463 2138 fieri
494 2103 692 2148 specierum
723 2103 993 2147 coemptionem,
1028 2111 1118 2145 quae
1149 2111 1216 2146 per
1240 2101 1386 2136 eandem
1411 2102 1629 2145 provinciam
1653 2103 1835 2138 abundare
1858 2106 2074 2146 noscuntur3
2099 2112 2213 2146 neque
2234 2103 2326 2138 enim
2351 2104 2439 2146 eius,

213 2149 308 2195 quod
337 2148 388 2183 ibi
421 2159 491 2183 non
522 2148 663 2183 abunde
696 2148 869 2190 nascitur,
899 2147 1158 2191 coemptionem
1181 2145 1258 2181 fieri
1282 2147 1457 2191 patimur3
1482 2147 1605 2191 pretiis
1624 2147 1789 2182 videlicet
1812 2157 1877 2191 pro
1902 2148 2103 2192 specierum
2126 2148 2327 2191 venalitate,
2349 2159 2441 2193 quae

212 2200 300 2231 tunc
334 2193 504 2238 temporis
536 2193 572 2227 in
605 2193 684 2228 foro
717 2202 835 2227 rerum
867 2191 1043 2227 venalium
1077 2191 1237 2226 obtinere
1261 2194 1470 2232 noscuntur,
1496 2192 1708 2233 statuendis,
1733 2191 1822 2236 ipsis
1846 2196 1965 2228 tamen
1990 2192 2114 2236 pretiis
2138 2193 2336 2237 specierum
2362 2194 2440 2229 uni-

214 2241 343 2284 cuique
375 2238 587 2274 collatorum
617 2237 655 2272 in
685 2237 900 2272 tributorum
932 2236 1149 2281 imputandis
1181 2236 1414 2271 exactionem.
1463 2235 1690 2272 commerciis
1715 2236 1878 2272 videlicet
1899 2237 2041 2272 navium
2066 2237 2165 2272 nullo
2189 2237 2293 2273 modo
2318 2239 2438 2283 prohi-

214 2285 351 2327 bendis,
382 2286 423 2318 ut
455 2287 490 2318 et
520 2284 643 2318 noster
674 2282 900 2317 felicissimus
933 2281 1110 2316 exercitus
1134 2280 1250 2325 possit
1274 2281 1402 2316 nutriri
1426 2284 1462 2315 et
1486 2282 1674 2317 collatores
1696 2282 1859 2316 aurarias
1883 2281 2087 2317 functiones
2110 2291 2154 2316 ex
2177 2283 2436 2319 abundantium
2462 2289 2504 2321 40

215 2329 413 2375 specierum
436 2327 647 2363 commercio
670 2327 857 2362 infundere
880 2326 1041 2371 valeant3
1064 2325 1314 2361 distributione
1339 2325 1571 2371 coemptionis
1621 2337 1661 2361 ro
1686 2326 1834 2362 arbitrio
1857 2330 1930 2362 tam
1954 2327 2115 2362 locorum
2139 2327 2309 2363 antistitis
2333 2339 2438 2373 quam

214 2375 405 2421 primatum
429 2373 635 2408 uniuscuius
662 2381 707 2406 ue
729 2371 925 2416 (regionis)
950 2371 1173 2413 celebranda,
1198 2380 1244 2406 ne
1268 2370 1455 2406 collatores
1481 2380 1524 2406 ex
1549 2370 1588 2407 of
1602 2371 1750 2407 'ciorum
1774 2371 1926 2407 avaritia
1942 2381 2005 2416 per
2021 2382 2279 2416 quemcumque
2293 2374 2438 2409 modum

215 2419 368 2464 opprimi
392 2418 589 2453 videantur.
672 2420 720 2451 at.
745 2417 801 2451 die
824 2426 918 2451 anno
944 2418 980 2450 et
1003 2426 1098 2451 cons.
1125 2425 1171 2450 ss.

214 2510 377 2594 ‹lfdcasim
409 2552 570 2587 iubemus
603 2550 641 2585 in
671 2550 741 2586 illis
773 2550 948 2585 mensuris
979 2549 1033 2584 vel
1064 2549 1281 2593 ponderibus
1313 2549 1449 2593 species
1479 2548 1533 2584 vel
1564 2550 1734 2593 pecunias
1759 2550 1836 2585 dari
1860 2551 1914 2586 vel
1938 2550 2082 2596 suscipi,
2116 2561 2206 2595 quae
2230 2552 2435 2588 beatissimo
2460 2558 2504 2591 45

215 2609 332 2645 papae
355 2598 409 2633 vel
433 2595 648 2641 amplissimo
673 2595 815 2631 senatui
839 2598 962 2630 nostra
984 2594 1099 2639 pietas
1123 2594 1160 2629 in
1184 2594 1365 2639 praesenti
1387 2594 1613 2629 contradidit.
1662 2595 1743 2630 Dat.
1767 2595 1823 2630 die
1847 2605 1941 2631 anno
1965 2598 2002 2630 et
2025 2606 2123 2631 cons.
2150 2606 2197 2631 ss.

215 2690 266 2725 20
381 2687 443 2721 De
471 2685 726 2720 mutatione
758 2684 1015 2719 solidorum
1047 2683 1088 2717 id
1115 2685 1182 2718 est
1205 2687 1423 2718 monetae.
1473 2684 1559 2718 Cum
1583 2687 1700 2719 autem
1725 2684 1868 2726 scimus,
1893 2686 2051 2719 veterum
2075 2684 2318 2720 Romanorum
2339 2686 2435 2730 prin-

218 2734 338 2778 cipum
358 2731 489 2767 solidos
514 2740 578 2774 per
599 2730 662 2764 illa
685 2729 766 2764 loca
789 2729 895 2764 facile
918 2727 1078 2770 inveniri,
1112 2729 1346 2772 comperimus
1369 2731 1488 2763 autem
1511 2729 1750 2773 negotiatores
1770 2730 1824 2764 vel
1844 2729 1933 2764 alios
1982 2730 2129 2765 uosdam
2153 2734 2299 2776 propter
2322 2733 2436 2765 muta-

216 2779 348 2813 tionem
379 2777 573 2812 solidorum
606 2774 829 2818 dispendium
859 2773 1002 2817 aliquod
1034 2772 1264 2808 collatoribus
1285 2773 1416 2808 nostris
1441 2773 1582 2816 inferre,
1608 2774 1787 2810 sancimus
1810 2774 1943 2810 solidos
2003 2784 2210 2810 omanorum
2235 2775 2436 2820 principum

217 2824 331 2859 forma
352 2822 509 2866 signatos
534 2820 610 2856 sine
634 2819 907 2864 permutationis
932 2817 1116 2862 dispendio
1140 2827 1204 2862 per
1227 2828 1349 2853 omnes
1371 2818 1572 2862 provincias
1595 2819 1778 2855 ambulare
1800 2822 1836 2855 et
1859 2828 1922 2864 per
1942 2829 2003 2855 eos
2021 2820 2194 2855 celebrari
2210 2824 2433 2866 contractus3
2459 2827 2502 2858 50

374 2507 406 2542 D
418 2517 437 2542 e
471 2517 506 2541 m
517 2516 535 2541 e
545 2517 568 2541 n
578 2516 594 2541 s
604 2517 626 2540 u
635 2517 651 2540 r
660 2506 670 2540 i
680 2516 697 2540 s
733 2515 752 2540 e
761 2507 777 2540 t
811 2516 834 2550 p
845 2515 866 2540 0
875 2516 898 2539 n
908 2504 930 2539 d
940 2515 959 2540 e
968 2504 1034 2539 rib
1045 2515 1068 2539 u
1077 2514 1105 2539 s.
1154 2504 1203 2540 Ut
1236 2507 1354 2539 autem
1389 2504 1488 2539 nulla
1523 2503 1660 2540 fraudis
1691 2505 1745 2541 vel
1777 2505 1944 2542 laesionis
1975 2505 2235 2550 provinciarum
2267 2510 2438 2542 nascatur

267 2982 281 3014 1
309 2978 363 3011 uel
389 2975 635 3019 inceptionibus
653 2975 690 3017 U,
716 2972 1007 3016 quoemptionibus
1033 2973 1091 3016 Pu
1108 2972 1293 3007 inormibus

219 3025 259 3064 P,
282 3022 470 3056 inurmibus
484 3022 534 3062 M,
559 3033 616 3053 om.
634 3020 665 3054 U
686 3021 790 3059 (cuius
814 3020 886 3051 hinc
902 3031 963 3051 non
982 3019 1044 3051 iam
1063 3031 1168 3052 omnes
1188 3020 1293 3060 affero

221 3070 380 3108 lectiones)
398 3067 410 3110 ss
427 3066 502 3098 aliis
526 3078 583 3098 om.
609 3065 654 3098 M
665 3065 677 3107 ΙΙ
696 3066 714 3097 5
741 3064 822 3103 CP.]
844 3066 948 3095 const.
971 3063 1051 3105 MU,
1077 3076 1135 3095 om.
1150 3063 1182 3095 Ρ
1196 3062 1209 3107 ss
1225 3064 1291 3104 dn.]

219 3116 304 3147 dom.
331 3123 386 3145 nn.
413 3112 531 3150 Ρ(Μ*.>)
557 3111 629 3142 don]
653 3109 682 3144 U
697 3108 708 3153 ΙΙ
726 3108 910 3140 iustiniano
934 3109 1026 3140 codd.
1046 3107 1058 3149 ΙΙ
1075 3109 1160 3148 Aug.
1183 3121 1241 3141 om.
1266 3108 1295 3143 U

218 3162 229 3202 Ι]
253 3160 316 3202 pc,]
342 3156 472 3200 patrici.
499 3155 573 3198 ΜΙΙ
598 3154 694 3186 basili
720 3153 802 3194 PM,
827 3152 981 3184 basilium
1010 3151 1041 3186 U
1058 3151 1070 3195 ΙΙ
1097 3153 1162 3186 uio.
1190 3152 1247 3195 ΡΙΙ
1273 3156 1289 3186 7

1360 2974 1422 3007 sali
1449 2975 1480 3010 U
1493 2974 1505 3018 ΙΙ
1523 2975 1587 3007 uic.
1613 2975 1645 3007 Ρ
1658 2975 1670 3018 ΙΙ
1689 2976 1731 3009 26
1755 2986 1865 3008 seruos
1890 2976 1965 3011 Ml!
1982 2986 2079 3009 seruo
2093 2975 2150 3019 Pfl
2167 2975 2219 3009 vel
2243 2975 2323 3017 PU]
2349 2979 2382 3009 et
2396 2978 2438 3010 M

1361 3022 1372 3061 ΙΙ
1392 3019 1526 3052 colonos
1555 3028 1584 3053 et
1607 3020 1756 3053 detentos
1780 3021 1856 3053 libri
1876 3021 1887 3063 fl
1913 3030 2029 3053 seruus
2053 3021 2086 3053 P
2105 3021 2118 3063 ΙΙ
2142 3020 2291 3062 contegit
2314 3021 2372 3065 ΡΙΙ
2392 3022 2432 3055 27

1362 3074 1461 3096 unam
1487 3065 1534 3098 M
1554 3065 1567 3107 ΙΙ
1595 3064 1695 3097 consl.
1723 3065 1804 3105 PM,
1829 3065 1956 3100 consul.
1983 3065 2015 3100 U
2031 3065 2044 3109 ΙΙ
2072 3066 2113 3099 28
2139 3065 2262 3098 dicatas
2285 3065 2435 3107 uirgines

1362 3109 1466 3143 PMU
1489 3108 1501 3150 ΙΙ
1525 3111 1567 3143 29
1593 3110 1622 3141 si
1643 3109 1718 3150 quis
1744 3109 1776 3141 P
1797 3108 1808 3153 ΙΙ
1833 3110 1875 3142 30
1900 3120 1954 3143 eas
1983 3111 2130 3150 Osenbr.]
2155 3109 2202 3142 eis
2228 3111 2306 3143 libri
2329 3112 2341 3152 ΙΙ
2365 3112 2434 3143 exi-

1360 3154 1568 3194 gendi—ac
1591 3154 1660 3185 suis
1684 3167 1742 3187 om.
1762 3154 1796 3186 P
1816 3155 1900 3198 vulq.
1916 3154 1929 3198 ΙΙ
1948 3156 1988 3188 31
2015 3164 2053 3186 ac
2078 3155 2136 3195 Μ]
2162 3154 2203 3187 ad
2223 3154 2282 3198 Ul}
2297 3156 2340 3188 32
2363 3154 2433 3189 dat.

220 3207 252 3237 ct
277 3204 338 3236 del.
358 3200 543 3235 Zachariae
562 3200 610 3242 {19
632 3203 829 3240 agnoscetur
854 3196 908 3239 Pu
929 3207 966 3229 ex
990 3199 1080 3229 certo
1106 3195 1291 3230 Zachariae

219 3251 251 3290 (a
270 3250 358 3280 certo
386 3247 426 3278 R.
452 3245 655 3285 Schneider„
681 3245 815 3284 excepto
840 3242 932 3274 codd.
964 3241 976 3292 ΙΙ
1007 3244 1046 3274 10
1071 3244 1142 3273 rata
1165 3241 1292 3274 seilicet

219 3292 371 3336 portione
397 3289 471 3324 ΜΠ
495 3289 508 3332 11
542 3290 580 3323 11
604 3287 739 3321 consule
764 3287 847 3327 PM,
871 3289 1004 3319 constit.
1033 3286 1063 3320 U
1085 3285 1097 3328 ΙΙ
1130 3287 1170 3319 12
1197 3294 1291 3319 totum

220 3351 246 3371 c.
261 3337 321 3370 XI
329 3336 361 3369 V
372 3348 429 3367 om.
447 3334 477 3369 (J
488 3333 500 3377 ΙΙ
519 3335 569 3374 eo]
583 3333 629 3365 eis
642 3332 718 3365 PM
729 3332 740 3375 ΙΙ
758 3332 827 3373 qui]
846 3332 919 3372 quis
934 3331 1002 3362 PM
1019 3330 1030 3374 ΙΙ
1053 3333 1090 3364 13
1106 3331 1292 3363 exactiones

221 3381 316 3424 ΡΜΙΙ
328 3382 398 3420 aut]
424 3381 462 3411 ut
488 3378 543 3421 ΡΙΙ
567 3380 605 3411 16
630 3377 734 3409 consl.
752 3376 850 3416 PMH
875 3378 910 3409 17
937 3375 1019 3407 XIV
1047 3375 1078 3410 U
1098 3377 1188 3409 etsie
1203 3377 1291 3409 dein-

222 3439 293 3469 ceps
302 3425 314 3469 11
324 3426 364 3458 18
373 3423 529 3465 guthicae
540 3423 589 3464 M,
599 3422 710 3463 gutieo
724 3420 767 3462 Ul}
778 3423 818 3454 20
828 3420 945 3452 affatus
958 3433 1132 3464 anonymus
1145 3421 1176 3453 in
1190 3433 1291 3463 mary-

223 3472 321 3511 Pith]
345 3470 481 3501 affectus
506 3467 587 3508 PM,
611 3467 719 3498 afectu
747 3466 775 3500 l]
792 3465 803 3508 ΙΙ
828 3467 865 3498 21
897 3464 1119 3497 remeantibus
1144 3465 1291 3506 Osenbr.]

221 3513 467 3549 remanentibus
489 3512 569 3550 PM,
594 3510 805 3543 manentibus
831 3510 860 3544 U
882 3510 894 3552 ΙΙ
919 3511 961 3543 23
986 3509 1035 3542 fili
1059 3510 1118 3552 Pu
1139 3509 1200 3542 tali
1223 3522 1292 3543 cor-

222 3567 348 3604 ruptum
372 3559 495 3592 iudicat
512 3554 708 3590 Zachariae.
742 3555 949 3588 Discernitur
975 3556 1055 3587 inter
1080 3567 1132 3587 eos
1156 3556 1212 3597 qui
1235 3568 1292 3587 na-

222 3612 350 3638 scentur
376 3610 405 3636 et
428 3603 484 3645 qui
506 3602 578 3634 nati
598 3608 671 3633 sunt
687 3600 700 3643 11
725 3601 768 3633 24
791 3598 942 3642 optinere
965 3598 1023 3641 ΡΙΙ
1041 3598 1115 3631 idus
1141 3599 1172 3633 l]
1185 3599 1197 3642 ΙΙ
1215 3599 1293 3639 ΟΡ.]

223 3650 327 3682 const.
354 3646 443 3688 PM,
475 3656 563 3679 cons.
593 3644 624 3678 U
647 3644 659 3687 ss
694 3644 762 3685 dn.]
788 3644 871 3677 dom.
900 3654 957 3676 nn.
982 3643 1105 3684 P(M?)
1137 3643 1216 3677 dom
1235 3644 1265 3678 U
1283 3643 1295 3688 ΙΙ

223 3692 408 3726 iustiniano
440 3692 516 3724 libri
538 3694 550 3733 ῃ
575 3691 643 3732 pp]
667 3690 721 3731 pio
744 3699 800 3731 pp.
826 3690 903 3722 libri
916 3688 929 3732 ΙΙ
955 3690 996 3721 25
1021 3687 1121 3719 basili
1148 3688 1202 3729 M,
1238 3688 1293 3720 ba·
1328 3687 1332 3725 Ι

290 3747 341 3774 lll-

1361 3198 1454 3230 subd.
1478 3198 1523 3230 id.
1542 3197 1612 3241 ΜΙΙ
1628 3199 1707 3239 CP.]
1733 3200 1835 3231 const.
1862 3201 1938 3232 libri
1952 3199 1964 3242 ΙΙ
1982 3199 2068 3233 dom.
2094 3202 2155 3232 iffi
2180 3201 2249 3239 (nu.
2266 3200 2311 3239 P)
2336 3199 2434 3233 iusti-

1360 3242 1462 3275 niano
1486 3244 1563 3276 libri
1588 3243 1600 3285 fl
1629 3244 1696 3286 pp.]
1721 3243 1776 3285 pio
1799 3254 1856 3286 pp.
1881 3244 1963 3285 PM,
1987 3244 2044 3286 pio
2071 3244 2099 3279 U
2123 3245 2135 3285 11
2163 3245 2206 3278 33
2230 3244 2327 3276 basili
2352 3245 2434 3287 PM,

1360 3287 1480 3319 basiliu
1508 3287 1535 3321 U
1565 3287 1577 3329 ΙΙ
1610 3289 1652 3320 34
1682 3299 1743 3331 pro
1766 3288 1799 3320 P
1826 3289 1838 3331 ΙΙ
1871 3288 2067 3321 collatorum
2096 3289 2172 3322 libri
2203 3289 2215 3331 ΙΙ
2246 3290 2288 3323 35
2312 3299 2434 3321 unum-

1361 3342 1523 3373 quemque
1541 3330 1583 3373 P,
1606 3342 1870 3374 unamquemque
1895 3332 1970 3367 Ml]
1982 3333 1994 3376 ΙΙ
2010 3334 2053 3366 36
2078 3334 2164 3366 enim
2190 3346 2248 3366 om.
2274 3333 2345 3368 Ml]
2359 3335 2370 3375 ΙΙ
2390 3335 2431 3369 37

1361 3376 1515 3409 habunde
1540 3378 1586 3410 M
1604 3376 1616 3420 ΙΙ
1638 3387 1705 3409 non
1725 3377 1797 3409 fieri
1821 3378 1866 3411 M
1882 3378 1894 3420 ΙΙ
1919 3378 2133 3410 uenalitatem
2156 3379 2233 3411 PM
2244 3377 2257 3421 ΙΙ
2279 3379 2322 3412 38
2346 3379 2433 3421 opti-

1361 3431 1438 3453 nere
1462 3421 1495 3454 P
1519 3422 1531 3463 ΙΙ
1556 3424 1600 3455 40
1625 3435 1667 3454 an
1692 3421 1859 3454 arcarius?
1875 3422 1887 3466 ΙΙ
1914 3422 2181 3455 habundantiam
2203 3422 2262 3465 Pu
2279 3424 2319 3456 41
2346 3423 2434 3455 anti·

1360 3466 1452 3498 stites
1479 3466 1516 3507 P,
1540 3466 1706 3499 antistetis
1725 3467 1765 3499 M
1789 3469 1801 3508 u
1835 3468 1878 3500 42
1901 3466 2047 3508 regionis
2071 3468 2188 3501 addidi
2209 3468 2263 3509 (cs.
2282 3469 2358 3508 800,
2375 3469 2434 3509 44),

1361 3510 1506 3543 civitatis
1528 3510 1711 3544 Zachariae
1728 3511 1740 3553 ΙΙ
1758 3511 1869 3543 auatia
1893 3512 1952 3554 Pu
1969 3512 2011 3545 43
2036 3511 2137 3544 consl.
2153 3512 2234 3552 PM,
2257 3511 2391 3545 constit.
2407 3512 2439 3547 U

1361 3554 1373 3599 ΙΙ
1396 3558 1439 3589 45
1460 3556 1612 3589 occansio
1637 3555 1696 3598 ΡΙΙ
1722 3557 1765 3589 46
1789 3566 1876 3589 cons.
1901 3558 1957 3597 ss.]
1983 3556 2084 3590 consi.
2108 3567 2173 3589 sus.
2198 3557 2239 3599 P,
2264 3556 2367 3590 cousl.
2392 3566 2432 3589 ss.

1363 3600 1554 3677 M».⁰⁰¹¹⁸{,i·
1575 3611 1617 3635 ss.
1646 3600 1676 3635 ll
1689 3600 1702 3643 fl
1727 3602 1767 3634 47
1794 3600 1970 3634 solitorum
1990 3602 2036 3634 M
2044 3601 2056 3645 ΙΙ
2075 3601 2201 3634 monite
2225 3601 2300 3636 Ml]
2312 3601 2325 3644 ΙΙ
2341 3602 2434 3644 prin-

1363 3655 1486 3688 cipium

2098 3747 2159 3780 101
