<?xml version="1.0" encoding="UTF-8"?>
<!DOCTYPE html PUBLIC "-//W3C//DTD XHTML 1.0 Transitional//EN"
    "http://www.w3.org/TR/xhtml1/DTD/xhtml1-transitional.dtd">
<html xmlns="http://www.w3.org/1999/xhtml" xml:lang="en" lang="en">
 <head>
  <title>
</title>
<meta http-equiv="Content-Type" content="text/html;charset=utf-8" />
  <meta name='ocr-system' content='tesseract 3.04.00' />
  <meta name='ocr-capabilities' content='ocr_page ocr_carea ocr_par ocr_line ocrx_word'/>
</head>
<body>
  <div class='ocr_page' id='page_1' title='image "./corpusiuriscivil03krueuoft_0458.png"; bbox 0 0 2618 4010; ppageno 0'>
   <div class='ocr_carea' id='block_1_1' title="bbox 282 100 2500 181">
    <p class='ocr_par' dir='ltr' id='par_1_1' title="bbox 282 100 2500 181">
     <span class='ocr_line' id='line_1_1' title="bbox 282 100 2500 181; baseline 0.004 -13"><span class='ocrx_word' id='word_1_1' title='bbox 282 126 388 168; x_wconf 86' lang='lat' dir='ltr'>Nov.</span> <span class='ocrx_word' id='word_1_2' title='bbox 404 125 630 167; x_wconf 87' lang='lat' dir='ltr'>LXXXIX</span> <span class='ocrx_word' id='word_1_3' title='bbox 658 137 719 180; x_wconf 79' lang='lat' dir='ltr'>pr.</span> <span class='ocrx_word' id='word_1_4' title='bbox 963 101 966 104; x_wconf 22' lang='lat'><strong>⁴</strong></span> <span class='ocrx_word' id='word_1_5' title='bbox 992 103 1001 109; x_wconf 23' lang='grc' dir='ltr'><em>θ</em></span> <span class='ocrx_word' id='word_1_6' title='bbox 1066 100 1086 108; x_wconf 6' lang='grc' dir='ltr'>η’</span> <span class='ocrx_word' id='word_1_7' title='bbox 1304 107 1320 112; x_wconf 62' lang='lat'>-</span> <span class='ocrx_word' id='word_1_8' title='bbox 1353 122 1437 170; x_wconf 79' lang='lat'>428</span> <span class='ocrx_word' id='word_1_9' title='bbox 1881 142 2043 181; x_wconf 79' lang='lat' dir='ltr'>Qunms</span> <span class='ocrx_word' id='word_1_10' title='bbox 2071 141 2206 175; x_wconf 74' lang='lat' dir='ltr'>Moms</span> <span class='ocrx_word' id='word_1_11' title='bbox 2235 141 2500 176; x_wconf 60' lang='lat' dir='ltr'>unumne</span> 
     </span>
    </p>
   </div>
   <div class='ocr_carea' id='block_1_2' title="bbox 282 231 2506 818">
    <p class='ocr_par' dir='ltr' id='par_1_2' title="bbox 282 231 2506 512">
     <span class='ocr_line' id='line_1_2' title="bbox 282 231 2506 281; baseline 0.005 -13"><span class='ocrx_word' id='word_1_12' title='bbox 282 236 389 268; x_wconf 76' lang='grc' dir='ltr'><strong><em>τοῦτο</em></strong></span> <span class='ocrx_word' id='word_1_13' title='bbox 420 238 544 269; x_wconf 85' lang='grc' dir='ltr'><strong><em>τοίνυν</em></strong></span> <span class='ocrx_word' id='word_1_14' title='bbox 576 231 636 270; x_wconf 82' lang='grc' dir='ltr'>ἐπ’</span> <span class='ocrx_word' id='word_1_15' title='bbox 663 232 844 281; x_wconf 73' lang='grc' dir='ltr'>ἀσφαλείᾳ</span> <span class='ocrx_word' id='word_1_16' title='bbox 874 237 952 271; x_wconf 83' lang='grc' dir='ltr'>τῶν</span> <span class='ocrx_word' id='word_1_17' title='bbox 975 233 1159 279; x_wconf 77' lang='grc' dir='ltr'>ἡμετέρων</span> <span class='ocrx_word' id='word_1_18' title='bbox 1186 233 1362 278; x_wconf 80' lang='grc' dir='ltr'><strong><em>ὑπηκόων</em></strong></span> <span class='ocrx_word' id='word_1_19' title='bbox 1430 238 1555 281; x_wconf 65' lang='lat' dir='ltr'>pterea</span> <span class='ocrx_word' id='word_1_20' title='bbox 1572 236 1682 281; x_wconf 73' lang='lat' dir='ltr'>igitur</span> <span class='ocrx_word' id='word_1_21' title='bbox 1701 237 1740 272; x_wconf 81' lang='lat' dir='ltr'>in</span> <span class='ocrx_word' id='word_1_22' title='bbox 1759 237 2019 276; x_wconf 62' lang='lat' dir='ltr'><strong>observantiam</strong></span> <span class='ocrx_word' id='word_1_23' title='bbox 2038 243 2241 277; x_wconf 80' lang='lat' dir='ltr'>nostrorum</span> <span class='ocrx_word' id='word_1_24' title='bbox 2261 237 2506 278; x_wconf 72' lang='lat' dir='ltr'>subiectorum</span> 
     </span>
     <span class='ocr_line' id='line_1_3' title="bbox 282 277 2502 326; baseline 0.005 -14"><span class='ocrx_word' id='word_1_25' title='bbox 282 277 493 324; x_wconf 72' lang='grc' dir='ltr'><strong><em>βουλόμεθα</em></strong></span> <span class='ocrx_word' id='word_1_26' title='bbox 515 280 633 313; x_wconf 84' lang='grc' dir='ltr'><strong><em>ταῦτα</em></strong></span> <span class='ocrx_word' id='word_1_27' title='bbox 656 279 1010 326; x_wconf 72' lang='grc' dir='ltr'><strong><em>παραφυλάττεσθαι</em></strong></span> <span class='ocrx_word' id='word_1_28' title='bbox 1035 278 1110 314; x_wconf 78' lang='grc' dir='ltr'>ἀπὸ</span> <span class='ocrx_word' id='word_1_29' title='bbox 1127 281 1192 314; x_wconf 80' lang='grc' dir='ltr'>τοῦ</span> <span class='ocrx_word' id='word_1_30' title='bbox 1210 282 1279 315; x_wconf 83' lang='grc' dir='ltr'>νῦν</span> <span class='ocrx_word' id='word_1_31' title='bbox 1302 284 1362 315; x_wconf 80' lang='grc' dir='ltr'>καὶ</span> <span class='ocrx_word' id='word_1_32' title='bbox 1430 282 1592 316; x_wconf 78' lang='lat' dir='ltr'>volumus</span> <span class='ocrx_word' id='word_1_33' title='bbox 1623 282 1712 317; x_wconf 74' lang='lat' dir='ltr'>haee</span> <span class='ocrx_word' id='word_1_34' title='bbox 1743 283 1913 320; x_wconf 64' lang='lat' dir='ltr'>custodiri</span> <span class='ocrx_word' id='word_1_35' title='bbox 1943 287 2070 322; x_wconf 68' lang='lat' dir='ltr'>amodo</span> <span class='ocrx_word' id='word_1_36' title='bbox 2106 289 2143 322; x_wconf 82' lang='lat' dir='ltr'>et</span> <span class='ocrx_word' id='word_1_37' title='bbox 2177 287 2220 322; x_wconf 86' lang='lat' dir='ltr'>de</span> <span class='ocrx_word' id='word_1_38' title='bbox 2251 291 2369 323; x_wconf 85' lang='lat' dir='ltr'>cetero</span> <span class='ocrx_word' id='word_1_39' title='bbox 2405 287 2502 323; x_wconf 86' lang='lat' dir='ltr'>omni</span> 
     </span>
     <span class='ocr_line' id='line_1_4' title="bbox 283 319 2500 370; baseline 0.005 -13"><span class='ocrx_word' id='word_1_40' title='bbox 283 325 331 357; x_wconf 81' lang='grc' dir='ltr'>εἰς</span> <span class='ocrx_word' id='word_1_41' title='bbox 360 323 428 357; x_wconf 86' lang='grc' dir='ltr'>τὸν</span> <span class='ocrx_word' id='word_1_42' title='bbox 458 323 537 367; x_wconf 80' lang='grc' dir='ltr'><strong><em>ἑξῆς</em></strong></span> <span class='ocrx_word' id='word_1_43' title='bbox 568 319 718 359; x_wconf 76' lang='grc' dir='ltr'><strong><em>ἅπαντα</em></strong></span> <span class='ocrx_word' id='word_1_44' title='bbox 748 327 890 370; x_wconf 84' lang='grc' dir='ltr'><strong><em>χρόνον,</em></strong></span> <span class='ocrx_word' id='word_1_45' title='bbox 924 323 1011 360; x_wconf 78' lang='grc' dir='ltr'><strong><em>ὥςτε</em></strong></span> <span class='ocrx_word' id='word_1_46' title='bbox 1043 321 1239 360; x_wconf 74' lang='grc' dir='ltr'><strong><em>ἀθάνατον</em></strong></span> <span class='ocrx_word' id='word_1_47' title='bbox 1267 325 1362 360; x_wconf 78' lang='grc' dir='ltr'><strong><em>εἶναι</em></strong></span> <span class='ocrx_word' id='word_1_48' title='bbox 1430 327 1601 370; x_wconf 82' lang='lat' dir='ltr'>tempore,</span> <span class='ocrx_word' id='word_1_49' title='bbox 1632 330 1673 360; x_wconf 86' lang='lat' dir='ltr'>ut</span> <span class='ocrx_word' id='word_1_50' title='bbox 1695 326 1893 364; x_wconf 67' lang='lat' dir='ltr'>immortale</span> <span class='ocrx_word' id='word_1_51' title='bbox 1921 330 1968 365; x_wconf 82' lang='lat' dir='ltr'>sit</span> <span class='ocrx_word' id='word_1_52' title='bbox 1997 331 2103 368; x_wconf 82' lang='lat' dir='ltr'>huius</span> <span class='ocrx_word' id='word_1_53' title='bbox 2134 334 2290 367; x_wconf 60' lang='lat' dir='ltr'>nostrae*</span> <span class='ocrx_word' id='word_1_54' title='bbox 2306 332 2500 368; x_wconf 77' lang='lat' dir='ltr'><strong>sanctionis</strong></span> 
     </span>
     <span class='ocr_line' id='line_1_5' title="bbox 283 366 2500 423; baseline 0.005 -21"><span class='ocrx_word' id='word_1_55' title='bbox 283 366 414 411; x_wconf 78' lang='grc' dir='ltr'><strong><em>ταύτης</em></strong></span> <span class='ocrx_word' id='word_1_56' title='bbox 437 366 541 413; x_wconf 83' lang='grc' dir='ltr'><strong><em>ἡμῶν</em></strong></span> <span class='ocrx_word' id='word_1_57' title='bbox 564 370 627 412; x_wconf 82' lang='grc' dir='ltr'>τῆς</span> <span class='ocrx_word' id='word_1_58' title='bbox 650 371 869 415; x_wconf 74' lang='grc' dir='ltr'><strong><em>νομοθεσίας</em></strong></span> <span class='ocrx_word' id='word_1_59' title='bbox 891 371 959 414; x_wconf 77' lang='grc' dir='ltr'>τὴν</span> <span class='ocrx_word' id='word_1_60' title='bbox 983 367 1160 416; x_wconf 77' lang='grc' dir='ltr'><strong><em>ὠφέλειαν</em></strong></span> <span class='ocrx_word' id='word_1_61' title='bbox 1183 372 1236 413; x_wconf 81' lang='grc' dir='ltr'>τῷ</span> <span class='ocrx_word' id='word_1_62' title='bbox 1261 370 1362 406; x_wconf 87' lang='grc' dir='ltr'><strong><em>πολι-</em></strong></span> <span class='ocrx_word' id='word_1_63' title='bbox 1431 370 1594 406; x_wconf 79' lang='lat' dir='ltr'>iuvamen</span> <span class='ocrx_word' id='word_1_64' title='bbox 1622 371 1856 423; x_wconf 76' lang='lat' dir='ltr'>reipublicae,</span> <span class='ocrx_word' id='word_1_65' title='bbox 1890 373 2128 412; x_wconf 72' lang='lat' dir='ltr'>iudicantibus</span> <span class='ocrx_word' id='word_1_66' title='bbox 2181 377 2296 412; x_wconf 91' lang='lat' dir='ltr'>uidem</span> <span class='ocrx_word' id='word_1_67' title='bbox 2329 377 2432 412; x_wconf 86' lang='lat' dir='ltr'>nobis</span> <span class='ocrx_word' id='word_1_68' title='bbox 2462 377 2500 412; x_wconf 88' lang='lat' dir='ltr'>in</span> 
     </span>
     <span class='ocr_line' id='line_1_6' title="bbox 283 411 2501 467; baseline 0.006 -22"><span class='ocrx_word' id='word_1_69' title='bbox 283 413 450 455; x_wconf 81' lang='grc' dir='ltr'><strong><em>τεὺματι,</em></strong></span> <span class='ocrx_word' id='word_1_70' title='bbox 475 411 660 456; x_wconf 80' lang='grc' dir='ltr'><strong><em>δικάζουσι</em></strong></span> <span class='ocrx_word' id='word_1_71' title='bbox 681 415 749 459; x_wconf 72' lang='grc' dir='ltr'>μὲν</span> <span class='ocrx_word' id='word_1_72' title='bbox 773 413 859 458; x_wconf 71' lang='grc' dir='ltr'><strong><em>ἡμῖν</em></strong></span> <span class='ocrx_word' id='word_1_73' title='bbox 883 418 923 450; x_wconf 84' lang='grc' dir='ltr'>έν</span> <span class='ocrx_word' id='word_1_74' title='bbox 939 417 991 458; x_wconf 77' lang='grc' dir='ltr'>νῷ</span> <span class='ocrx_word' id='word_1_75' title='bbox 1012 418 1213 467; x_wconf 68' lang='grc' dir='ltr'><strong><em>χενομένης,</em></strong></span> <span class='ocrx_word' id='word_1_76' title='bbox 1237 415 1302 450; x_wconf 82' lang='grc' dir='ltr'>τὸν</span> <span class='ocrx_word' id='word_1_77' title='bbox 1323 413 1363 450; x_wconf 78' lang='grc' dir='ltr'>δὲ</span> <span class='ocrx_word' id='word_1_78' title='bbox 1398 418 1417 450; x_wconf 86' lang='grc'>5</span> <span class='ocrx_word' id='word_1_79' title='bbox 1431 419 1583 450; x_wconf 83' lang='lat' dir='ltr'><strong>mentem</strong></span> <span class='ocrx_word' id='word_1_80' title='bbox 1605 416 1794 460; x_wconf 81' lang='lat' dir='ltr'><strong>vementis,</strong></span> <span class='ocrx_word' id='word_1_81' title='bbox 1825 423 2045 461; x_wconf 74' lang='lat' dir='ltr'>praesentem</span> <span class='ocrx_word' id='word_1_82' title='bbox 2068 432 2151 456; x_wconf 84' lang='lat' dir='ltr'>vero</span> <span class='ocrx_word' id='word_1_83' title='bbox 2188 432 2285 467; x_wconf 84' lang='lat' dir='ltr'>egem</span> <span class='ocrx_word' id='word_1_84' title='bbox 2317 433 2501 458; x_wconf 87' lang='lat' dir='ltr'>commune</span> 
     </span>
     <span class='ocr_line' id='line_1_7' title="bbox 283 449 2144 512; baseline 0.005 -20"><span class='ocrx_word' id='word_1_85' title='bbox 283 458 450 512; x_wconf 64' lang='grc' dir='ltr'><strong><em>παρόντα</em></strong></span> <span class='ocrx_word' id='word_1_86' title='bbox 478 459 594 511; x_wconf 67' lang='grc' dir='ltr'><strong><em>νόμον</em></strong></span> <span class='ocrx_word' id='word_1_87' title='bbox 623 460 748 504; x_wconf 83' lang='grc' dir='ltr'><strong><em>κοινὴν</em></strong></span> <span class='ocrx_word' id='word_1_88' title='bbox 772 449 948 507; x_wconf 69' lang='grc' dir='ltr'><strong><em>ὦφέλειαν</em></strong></span> <span class='ocrx_word' id='word_1_89' title='bbox 979 473 1031 502; x_wconf 80' lang='grc' dir='ltr'>τῳ</span> <span class='ocrx_word' id='word_1_90' title='bbox 1057 457 1216 506; x_wconf 77' lang='grc' dir='ltr'><strong><em>ἡμετέρῳ</em></strong></span> <span class='ocrx_word' id='word_1_91' title='bbox 1241 460 1361 495; x_wconf 81' lang='grc' dir='ltr'><strong><em>τεκού-</em></strong></span> <span class='ocrx_word' id='word_1_92' title='bbox 1431 461 1594 496; x_wconf 73' lang='lat' dir='ltr'>iuvamen</span> <span class='ocrx_word' id='word_1_93' title='bbox 1618 461 1746 496; x_wconf 80' lang='lat' dir='ltr'>nostris</span> <span class='ocrx_word' id='word_1_94' title='bbox 1770 461 1941 506; x_wconf 70' lang='lat' dir='ltr'>parientis</span> <span class='ocrx_word' id='word_1_95' title='bbox 1964 465 2144 501; x_wconf 75' lang='lat' dir='ltr'>subiectis.</span> 
     </span>
    </p>

    <p class='ocr_par' dir='ltr' id='par_1_3' title="bbox 284 513 531 538">
     <span class='ocr_line' id='line_1_8' title="bbox 284 513 531 538; baseline 0.004 -2"><span class='ocrx_word' id='word_1_96' title='bbox 284 513 306 536; x_wconf 78' lang='grc' dir='ltr'><strong><em>σ</em></strong></span> <span class='ocrx_word' id='word_1_97' title='bbox 332 514 346 536; x_wconf 71' lang='grc' dir='ltr'><em>ἓ</em></span> <span class='ocrx_word' id='word_1_98' title='bbox 371 515 422 538; x_wconf 75' lang='grc' dir='ltr'>υπ</span> <span class='ocrx_word' id='word_1_99' title='bbox 445 517 486 537; x_wconf 75' lang='lat' dir='ltr'>uo</span> <span class='ocrx_word' id='word_1_100' title='bbox 524 530 531 537; x_wconf 89' lang='lat'>.</span> 
     </span>
    </p>

    <p class='ocr_par' dir='ltr' id='par_1_4' title="bbox 282 515 2502 818">
     <span class='ocr_line' id='line_1_9' title="bbox 307 515 2500 601; baseline 0.005 -20"><span class='ocrx_word' id='word_1_101' title='bbox 307 515 607 596; x_wconf 56' lang='lat' dir='ltr'>⁷7&lt;F7t⁷i¹20q3eoa&gt;</span> <span class='ocrx_word' id='word_1_102' title='bbox 659 547 707 584; x_wconf 84' lang='lat' dir='ltr'>‘H</span> <span class='ocrx_word' id='word_1_103' title='bbox 736 554 860 584; x_wconf 78' lang='grc' dir='ltr'><strong><em>τοίνυν</em></strong></span> <span class='ocrx_word' id='word_1_104' title='bbox 895 549 940 593; x_wconf 88' lang='grc' dir='ltr'><strong><em>σὴ</em></strong></span> <span class='ocrx_word' id='word_1_105' title='bbox 977 547 1131 595; x_wconf 81' lang='grc' dir='ltr'><strong><em>ὑπεροχὴ</em></strong></span> <span class='ocrx_word' id='word_1_106' title='bbox 1166 549 1211 584; x_wconf 83' lang='grc' dir='ltr'>τὰ</span> <span class='ocrx_word' id='word_1_107' title='bbox 1247 562 1363 596; x_wconf 81' lang='grc' dir='ltr'><strong><em>παρα·</em></strong></span> <span class='ocrx_word' id='word_1_108' title='bbox 1474 550 1742 596; x_wconf 82' lang='lat' dir='ltr'>(Epilogus.)</span> <span class='ocrx_word' id='word_1_109' title='bbox 1787 551 1866 586; x_wconf 79' lang='lat' dir='ltr'>Tua</span> <span class='ocrx_word' id='word_1_110' title='bbox 1888 551 1996 596; x_wconf 81' lang='lat' dir='ltr'>igitur</span> <span class='ocrx_word' id='word_1_111' title='bbox 2018 555 2206 591; x_wconf 79' lang='lat' dir='ltr'>eminentia</span> <span class='ocrx_word' id='word_1_112' title='bbox 2238 566 2329 601; x_wconf 84' lang='lat' dir='ltr'>quae</span> <span class='ocrx_word' id='word_1_113' title='bbox 2356 555 2500 600; x_wconf 82' lang='lat' dir='ltr'>placue-</span> 
     </span>
     <span class='ocr_line' id='line_1_10' title="bbox 284 591 2502 640; baseline 0.004 -14"><span class='ocrx_word' id='word_1_114' title='bbox 284 591 424 627; x_wconf 86' lang='grc' dir='ltr'><strong><em>στάντα</em></strong></span> <span class='ocrx_word' id='word_1_115' title='bbox 446 591 532 638; x_wconf 86' lang='grc' dir='ltr'><strong><em>ἡμῖν</em></strong></span> <span class='ocrx_word' id='word_1_116' title='bbox 556 598 615 629; x_wconf 78' lang='grc' dir='ltr'>καὶ</span> <span class='ocrx_word' id='word_1_117' title='bbox 639 593 699 629; x_wconf 79' lang='grc' dir='ltr'>διὰ</span> <span class='ocrx_word' id='word_1_118' title='bbox 723 593 829 629; x_wconf 85' lang='grc' dir='ltr'><strong><em>τοῦδε</em></strong></span> <span class='ocrx_word' id='word_1_119' title='bbox 852 596 916 628; x_wconf 82' lang='grc' dir='ltr'>τοῦ</span> <span class='ocrx_word' id='word_1_120' title='bbox 941 595 1045 629; x_wconf 75' lang='grc' dir='ltr'><strong><em>θείου</em></strong></span> <span class='ocrx_word' id='word_1_121' title='bbox 1074 593 1275 639; x_wconf 80' lang='grc' dir='ltr'><strong><em>δηλούμενα</em></strong></span> <span class='ocrx_word' id='word_1_122' title='bbox 1301 594 1361 628; x_wconf 85' lang='grc' dir='ltr'>νό-</span> <span class='ocrx_word' id='word_1_123' title='bbox 1430 597 1514 630; x_wconf 89' lang='lat' dir='ltr'>runt</span> <span class='ocrx_word' id='word_1_124' title='bbox 1544 596 1645 631; x_wconf 84' lang='lat' dir='ltr'>nobis</span> <span class='ocrx_word' id='word_1_125' title='bbox 1681 598 1718 631; x_wconf 87' lang='lat' dir='ltr'>et</span> <span class='ocrx_word' id='word_1_126' title='bbox 1748 605 1812 640; x_wconf 87' lang='lat' dir='ltr'>per</span> <span class='ocrx_word' id='word_1_127' title='bbox 1845 597 1939 632; x_wconf 85' lang='lat' dir='ltr'>hanc</span> <span class='ocrx_word' id='word_1_128' title='bbox 1974 597 2125 635; x_wconf 76' lang='lat' dir='ltr'>divinam</span> <span class='ocrx_word' id='word_1_129' title='bbox 2157 601 2383 637; x_wconf 82' lang='lat' dir='ltr'>manifestata</span> <span class='ocrx_word' id='word_1_130' title='bbox 2417 604 2502 635; x_wconf 89' lang='lat' dir='ltr'>sunt</span> 
     </span>
     <span class='ocr_line' id='line_1_11' title="bbox 282 638 2500 698; baseline 0.004 -27"><span class='ocrx_word' id='word_1_131' title='bbox 282 651 350 682; x_wconf 86' lang='grc' dir='ltr'>μου</span> <span class='ocrx_word' id='word_1_132' title='bbox 374 639 435 685; x_wconf 74' lang='grc' dir='ltr'>ἔργ</span> <span class='ocrx_word' id='word_1_133' title='bbox 490 643 550 673; x_wconf 80' lang='grc' dir='ltr'>καὶ</span> <span class='ocrx_word' id='word_1_134' title='bbox 575 643 703 685; x_wconf 79' lang='grc' dir='ltr'><strong><em>πέρατι</em></strong></span> <span class='ocrx_word' id='word_1_135' title='bbox 726 638 954 685; x_wconf 79' lang='grc' dir='ltr'><strong><em>παραδοῦναι</em></strong></span> <span class='ocrx_word' id='word_1_136' title='bbox 986 643 1046 674; x_wconf 80' lang='grc' dir='ltr'>καὶ</span> <span class='ocrx_word' id='word_1_137' title='bbox 1069 642 1116 674; x_wconf 88' lang='grc' dir='ltr'>εἰς</span> <span class='ocrx_word' id='word_1_138' title='bbox 1138 638 1182 675; x_wconf 83' lang='grc' dir='ltr'>τὸ</span> <span class='ocrx_word' id='word_1_139' title='bbox 1208 638 1362 682; x_wconf 72' lang='grc' dir='ltr'><strong><em>διηνεκὲς</em></strong></span> <span class='ocrx_word' id='word_1_140' title='bbox 1379 643 1416 674; x_wconf 90' lang='grc'>10</span> <span class='ocrx_word' id='word_1_141' title='bbox 1430 640 1541 684; x_wconf 86' lang='lat' dir='ltr'>legem</span> <span class='ocrx_word' id='word_1_142' title='bbox 1564 641 1664 686; x_wconf 83' lang='lat' dir='ltr'>operi</span> <span class='ocrx_word' id='word_1_143' title='bbox 1689 641 1900 685; x_wconf 83' lang='lat' dir='ltr'>effectuique</span> <span class='ocrx_word' id='word_1_144' title='bbox 1920 644 2061 679; x_wconf 75' lang='lat' dir='ltr'>tradere</span> <span class='ocrx_word' id='word_1_145' title='bbox 2085 648 2122 680; x_wconf 82' lang='lat' dir='ltr'>et</span> <span class='ocrx_word' id='word_1_146' title='bbox 2144 645 2180 680; x_wconf 88' lang='lat' dir='ltr'>iu</span> <span class='ocrx_word' id='word_1_147' title='bbox 2204 651 2413 698; x_wconf 84' lang='lat' dir='ltr'>perpetuum</span> <span class='ocrx_word' id='word_1_148' title='bbox 2437 646 2500 680; x_wconf 90' lang='lat' dir='ltr'>ob-</span> 
     </span>
     <span class='ocr_line' id='line_1_12' title="bbox 283 683 2501 736; baseline 0.003 -18"><span class='ocrx_word' id='word_1_149' title='bbox 283 696 432 729; x_wconf 83' lang='grc' dir='ltr'><strong><em>παραφυ</em></strong></span> <span class='ocrx_word' id='word_1_150' title='bbox 455 683 580 719; x_wconf 82' lang='grc' dir='ltr'><strong><em>άττειν</em></strong></span> <span class='ocrx_word' id='word_1_151' title='bbox 603 683 805 720; x_wconf 80' lang='grc' dir='ltr'><strong><em>σπευσάτω.</em></strong></span> <span class='ocrx_word' id='word_1_152' title='bbox 887 685 969 720; x_wconf 87' lang='lat' dir='ltr'>Dat.</span> <span class='ocrx_word' id='word_1_153' title='bbox 996 686 1031 720; x_wconf 91' lang='lat' dir='ltr'>k.</span> <span class='ocrx_word' id='word_1_154' title='bbox 1061 685 1157 729; x_wconf 85' lang='lat' dir='ltr'>Sept.</span> <span class='ocrx_word' id='word_1_155' title='bbox 1183 685 1252 720; x_wconf 86' lang='grc' dir='ltr'>ΟΡ.</span> <span class='ocrx_word' id='word_1_156' title='bbox 1277 686 1360 730; x_wconf 89' lang='lat' dir='ltr'><strong>imp.</strong></span> <span class='ocrx_word' id='word_1_157' title='bbox 1429 695 1570 721; x_wconf 85' lang='lat' dir='ltr'>servare</span> <span class='ocrx_word' id='word_1_158' title='bbox 1592 687 1747 721; x_wconf 83' lang='lat' dir='ltr'>festinet.</span> <span class='ocrx_word' id='word_1_159' title='bbox 1804 687 1886 722; x_wconf 83' lang='lat' dir='ltr'>Dat.</span> <span class='ocrx_word' id='word_1_160' title='bbox 1907 687 1978 722; x_wconf 86' lang='lat' dir='ltr'>kal.</span> <span class='ocrx_word' id='word_1_161' title='bbox 2002 688 2087 724; x_wconf 88' lang='lat' dir='ltr'>Dec.</span> <span class='ocrx_word' id='word_1_162' title='bbox 2112 689 2180 725; x_wconf 81' lang='lat' dir='ltr'>GP.</span> <span class='ocrx_word' id='word_1_163' title='bbox 2206 701 2288 736; x_wconf 76' lang='lat' dir='ltr'>imp.</span> <span class='ocrx_word' id='word_1_164' title='bbox 2311 691 2369 726; x_wconf 90' lang='lat' dir='ltr'>dn.</span> <span class='ocrx_word' id='word_1_165' title='bbox 2395 690 2501 725; x_wconf 88' lang='lat' dir='ltr'>lusti-</span> 
     </span>
     <span class='ocr_line' id='line_1_13' title="bbox 283 727 2500 818; baseline 0.003 -55"><span class='ocrx_word' id='word_1_166' title='bbox 283 727 343 763; x_wconf 86' lang='lat' dir='ltr'>dn.</span> <span class='ocrx_word' id='word_1_167' title='bbox 360 728 545 765; x_wconf 76' lang='lat' dir='ltr'>Iustiniani</span> <span class='ocrx_word' id='word_1_168' title='bbox 567 740 628 776; x_wconf 90' lang='lat' dir='ltr'>pp.</span> <span class='ocrx_word' id='word_1_169' title='bbox 651 732 742 775; x_wconf 85' lang='lat' dir='ltr'>Aug.</span> <span class='ocrx_word' id='word_1_170' title='bbox 767 739 862 765; x_wconf 84' lang='lat' dir='ltr'>anuo</span> <span class='ocrx_word' id='word_1_171' title='bbox 879 729 978 766; x_wconf 88' lang='lat' dir='ltr'>XIII.</span> <span class='ocrx_word' id='word_1_172' title='bbox 1004 730 1144 776; x_wconf 88' lang='lat' dir='ltr'>Apione</span> <span class='ocrx_word' id='word_1_173' title='bbox 1164 741 1195 766; x_wconf 85' lang='lat' dir='ltr'>v.</span> <span class='ocrx_word' id='word_1_174' title='bbox 1212 741 1242 766; x_wconf 90' lang='lat' dir='ltr'>c.</span> <span class='ocrx_word' id='word_1_175' title='bbox 1262 741 1359 818; x_wconf 75' lang='lat' dir='ltr'>con[s.</span> <span class='ocrx_word' id='word_1_176' title='bbox 1390 731 1527 818; x_wconf 55' lang='lat' dir='ltr'>william</span> <span class='ocrx_word' id='word_1_177' title='bbox 1557 742 1616 775; x_wconf 90' lang='lat' dir='ltr'>pp.</span> <span class='ocrx_word' id='word_1_178' title='bbox 1645 735 1732 810; x_wconf 54' lang='lat' dir='ltr'>iliug.</span> <span class='ocrx_word' id='word_1_179' title='bbox 1764 741 1859 767; x_wconf 87' lang='lat' dir='ltr'>anno</span> <span class='ocrx_word' id='word_1_180' title='bbox 1882 732 1982 768; x_wconf 81' lang='lat' dir='ltr'>XIII.</span> <span class='ocrx_word' id='word_1_181' title='bbox 2006 733 2171 779; x_wconf 84' lang='lat' dir='ltr'>Appione</span> <span class='ocrx_word' id='word_1_182' title='bbox 2200 735 2275 772; x_wconf 85' lang='lat' dir='ltr'>viro</span> <span class='ocrx_word' id='word_1_183' title='bbox 2303 736 2500 771; x_wconf 84' lang='lat' dir='ltr'>clarissimo</span> 
     </span>
    </p>

    <p class='ocr_par' dir='ltr' id='par_1_5' title="bbox 1341 786 1692 812">
     <span class='ocr_line' id='line_1_14' title="bbox 1341 786 1692 812; baseline 0 -2"><span class='ocrx_word' id='word_1_184' title='bbox 1341 786 1375 811; x_wconf 85' lang='lat' dir='ltr'>a.</span> <span class='ocrx_word' id='word_1_185' title='bbox 1538 787 1649 811; x_wconf 85' lang='lat' dir='ltr'>consu</span> <span class='ocrx_word' id='word_1_186' title='bbox 1664 787 1692 812; x_wconf 88' lang='lat' dir='ltr'>e.</span> 
     </span>
    </p>
   </div>
   <div class='ocr_carea' id='block_1_3' title="bbox 792 957 2499 1006">
    <p class='ocr_par' dir='ltr' id='par_1_6' title="bbox 792 957 2499 1006">
     <span class='ocr_line' id='line_1_15' title="bbox 792 957 2499 1006; baseline 0.002 -4"><span class='ocrx_word' id='word_1_187' title='bbox 792 957 856 1002; x_wconf 78' lang='grc' dir='ltr'>ῙΓΘ</span> <span class='ocrx_word' id='word_1_188' title='bbox 1868 967 2066 1004; x_wconf 82' lang='lat' dir='ltr'>LXXXIX.</span> <span class='ocrx_word' id='word_1_189' title='bbox 2238 969 2402 1006; x_wconf 84' lang='lat' dir='ltr'>0011.v11</span> <span class='ocrx_word' id='word_1_190' title='bbox 2417 970 2471 1005; x_wconf 82' lang='lat' dir='ltr'>tit.</span> <span class='ocrx_word' id='word_1_191' title='bbox 2485 973 2499 1005; x_wconf 92' lang='lat'>1</span> 
     </span>
    </p>
   </div>
   <div class='ocr_carea' id='block_1_4' title="bbox 499 1031 2504 1291">
    <p class='ocr_par' dir='ltr' id='par_1_7' title="bbox 499 1031 2504 1223">
     <span class='ocr_line' id='line_1_16' title="bbox 499 1031 2501 1096; baseline 0.001 -11"><span class='ocrx_word' id='word_1_192' title='bbox 499 1031 678 1086; x_wconf 86' lang='grc' dir='ltr'><strong>ΠΕΡΙ</strong></span> <span class='ocrx_word' id='word_1_193' title='bbox 707 1031 855 1086; x_wconf 69' lang='grc' dir='ltr'>ΤΩΝ</span> <span class='ocrx_word' id='word_1_194' title='bbox 884 1031 1155 1087; x_wconf 78' lang='grc' dir='ltr'><strong>ΝΟΘΩΝ.</strong></span> <span class='ocrx_word' id='word_1_195' title='bbox 1377 1037 1477 1086; x_wconf 76' lang='lat' dir='ltr'>15R</span> <span class='ocrx_word' id='word_1_196' title='bbox 1522 1036 1775 1096; x_wconf 81' lang='lat' dir='ltr'>QUIBUS</span> <span class='ocrx_word' id='word_1_197' title='bbox 1822 1036 2041 1088; x_wconf 88' lang='lat' dir='ltr'>MODIS</span> <span class='ocrx_word' id='word_1_198' title='bbox 2091 1037 2501 1088; x_wconf 84' lang='lat' dir='ltr'><strong>NATURALES</strong></span> 
     </span>
     <span class='ocr_line' id='line_1_17' title="bbox 1428 1104 2504 1164; baseline 0.003 -12"><span class='ocrx_word' id='word_1_199' title='bbox 1428 1104 1893 1154; x_wconf 78' lang='lat' dir='ltr'>EFFICIUNTUR</span> <span class='ocrx_word' id='word_1_200' title='bbox 1938 1105 2073 1164; x_wconf 84' lang='lat' dir='ltr'>SUI,</span> <span class='ocrx_word' id='word_1_201' title='bbox 2124 1107 2213 1155; x_wconf 80' lang='lat' dir='ltr'>ET</span> <span class='ocrx_word' id='word_1_202' title='bbox 2259 1107 2353 1155; x_wconf 89' lang='lat' dir='ltr'>DE</span> <span class='ocrx_word' id='word_1_203' title='bbox 2397 1106 2504 1155; x_wconf 90' lang='lat' dir='ltr'>EO-</span> 
     </span>
     <span class='ocr_line' id='line_1_18' title="bbox 1428 1172 2503 1223; baseline 0.001 -2"><span class='ocrx_word' id='word_1_204' title='bbox 1428 1172 1574 1221; x_wconf 89' lang='lat' dir='ltr'>RUM</span> <span class='ocrx_word' id='word_1_205' title='bbox 1609 1173 1703 1222; x_wconf 89' lang='lat' dir='ltr'>EX</span> <span class='ocrx_word' id='word_1_206' title='bbox 1739 1172 2201 1222; x_wconf 85' lang='lat' dir='ltr'><strong>TESTAMENTO</strong></span> <span class='ocrx_word' id='word_1_207' title='bbox 2248 1172 2379 1223; x_wconf 90' lang='lat' dir='ltr'>SEU</span> <span class='ocrx_word' id='word_1_208' title='bbox 2413 1172 2503 1222; x_wconf 89' lang='lat' dir='ltr'>AB</span> 
     </span>
    </p>

    <p class='ocr_par' dir='ltr' id='par_1_8' title="bbox 1485 1239 2454 1291">
     <span class='ocr_line' id='line_1_19' title="bbox 1485 1239 2454 1291; baseline 0.003 -4"><span class='ocrx_word' id='word_1_209' title='bbox 1485 1239 1878 1289; x_wconf 83' lang='lat' dir='ltr'>INTESTATO</span> <span class='ocrx_word' id='word_1_210' title='bbox 1916 1240 2371 1291; x_wconf 54' lang='lat' dir='ltr'>SUCOESSJONE</span> <span class='ocrx_word' id='word_1_211' title='bbox 2401 1241 2454 1290; x_wconf 75' lang='lat' dir='ltr'>R</span> 
     </span>
    </p>
   </div>
   <div class='ocr_carea' id='block_1_5' title="bbox 281 1311 2300 1451">
    <p class='ocr_par' dir='ltr' id='par_1_9' title="bbox 281 1311 2300 1451">
     <span class='ocr_line' id='line_1_20' title="bbox 281 1311 2300 1362; baseline 0.003 -15"><span class='ocrx_word' id='word_1_212' title='bbox 281 1311 531 1361; x_wconf 71' lang='grc' dir='ltr'><strong><em>Αὐτοκράτωρ</em></strong></span> <span class='ocrx_word' id='word_1_213' title='bbox 553 1312 806 1349; x_wconf 81' lang='grc' dir='ltr'><strong><em>’Ῑουστινιανός</em></strong></span> <span class='ocrx_word' id='word_1_214' title='bbox 829 1313 1037 1361; x_wconf 78' lang='grc' dir='ltr'><strong><em>Αὔγουστος</em></strong></span> <span class='ocrx_word' id='word_1_215' title='bbox 1050 1311 1200 1361; x_wconf 83' lang='grc' dir='ltr'><strong><em>Ἰωάννῃ</em></strong></span> <span class='ocrx_word' id='word_1_216' title='bbox 1225 1316 1280 1358; x_wconf 74' lang='grc' dir='ltr'>τῷ</span> <span class='ocrx_word' id='word_1_217' title='bbox 1304 1316 1359 1348; x_wconf 73' lang='grc' dir='ltr'>ἐν·</span> <span class='ocrx_word' id='word_1_218' title='bbox 1640 1317 1739 1352; x_wconf 88' lang='lat' dir='ltr'>Idem</span> <span class='ocrx_word' id='word_1_219' title='bbox 1762 1318 1854 1362; x_wconf 80' lang='lat' dir='ltr'>Aug.</span> <span class='ocrx_word' id='word_1_220' title='bbox 1878 1317 2028 1353; x_wconf 84' lang='lat' dir='ltr'>Iohanni</span> <span class='ocrx_word' id='word_1_221' title='bbox 2050 1328 2108 1362; x_wconf 90' lang='lat' dir='ltr'>pp.</span> <span class='ocrx_word' id='word_1_222' title='bbox 2132 1317 2300 1353; x_wconf 85' lang='lat' dir='ltr'>secundo.</span> 
     </span>
     <span class='ocr_line' id='line_1_21' title="bbox 282 1357 1415 1407; baseline 0.004 -14"><span class='ocrx_word' id='word_1_223' title='bbox 282 1357 468 1402; x_wconf 80' lang='grc' dir='ltr'><strong><em>ὃοξοτάτῳ</em></strong></span> <span class='ocrx_word' id='word_1_224' title='bbox 489 1360 633 1407; x_wconf 77' lang='grc' dir='ltr'><em>ἐπάρχῳ</em></span> <span class='ocrx_word' id='word_1_225' title='bbox 650 1361 728 1393; x_wconf 76' lang='grc' dir='ltr'>τῶν</span> <span class='ocrx_word' id='word_1_226' title='bbox 744 1357 972 1394; x_wconf 71' lang='grc' dir='ltr'><strong><em>ἀνατολικῶν</em></strong></span> <span class='ocrx_word' id='word_1_227' title='bbox 989 1364 1227 1406; x_wconf 81' lang='grc' dir='ltr'><strong><em>πραιτωρίων</em></strong></span> <span class='ocrx_word' id='word_1_228' title='bbox 1246 1359 1289 1395; x_wconf 83' lang='grc' dir='ltr'>τὸ</span> <span class='ocrx_word' id='word_1_229' title='bbox 1306 1360 1359 1405; x_wconf 82' lang='grc' dir='ltr'>β’,</span> <span class='ocrx_word' id='word_1_230' title='bbox 1373 1364 1415 1397; x_wconf 85' lang='grc'>20</span> 
     </span>
     <span class='ocr_line' id='line_1_22' title="bbox 423 1401 1218 1451; baseline 0.001 -13"><span class='ocrx_word' id='word_1_231' title='bbox 423 1401 497 1438; x_wconf 76' lang='grc' dir='ltr'>ἀπὸ</span> <span class='ocrx_word' id='word_1_232' title='bbox 523 1403 674 1440; x_wconf 84' lang='grc' dir='ltr'><strong><em>ὑπάτων</em></strong></span> <span class='ocrx_word' id='word_1_233' title='bbox 699 1402 922 1451; x_wconf 79' lang='grc' dir='ltr'><strong><em>ὄρδιναρίων</em></strong></span> <span class='ocrx_word' id='word_1_234' title='bbox 945 1408 1004 1439; x_wconf 78' lang='grc' dir='ltr'>καὶ</span> <span class='ocrx_word' id='word_1_235' title='bbox 1029 1409 1218 1451; x_wconf 82' lang='grc' dir='ltr'><strong><em>πατρικίῳ.</em></strong></span> 
     </span>
    </p>
   </div>
   <div class='ocr_carea' id='block_1_6' title="bbox 282 1469 2506 1977">
    <p class='ocr_par' dir='ltr' id='par_1_10' title="bbox 282 1469 2506 1977">
     <span class='ocr_line' id='line_1_23' title="bbox 326 1469 2503 1526; baseline 0.002 -20"><span class='ocrx_word' id='word_1_236' title='bbox 326 1472 384 1518; x_wconf 85' lang='grc' dir='ltr'>(Π</span> <span class='ocrx_word' id='word_1_237' title='bbox 389 1471 626 1518; x_wconf 79' lang='grc' dir='ltr'><strong><em>ροοίμιον.)</em></strong></span> <span class='ocrx_word' id='word_1_238' title='bbox 674 1472 719 1505; x_wconf 83' lang='grc' dir='ltr'>Τὸ</span> <span class='ocrx_word' id='word_1_239' title='bbox 737 1472 814 1507; x_wconf 83' lang='grc' dir='ltr'>τῶν</span> <span class='ocrx_word' id='word_1_240' title='bbox 834 1471 967 1505; x_wconf 78' lang='grc' dir='ltr'><strong><em>νόθων</em></strong></span> <span class='ocrx_word' id='word_1_241' title='bbox 982 1469 1099 1514; x_wconf 82' lang='grc' dir='ltr'><strong><em>ὄνομα</em></strong></span> <span class='ocrx_word' id='word_1_242' title='bbox 1114 1475 1159 1520; x_wconf 80' lang='grc' dir='ltr'>τῇ</span> <span class='ocrx_word' id='word_1_243' title='bbox 1174 1471 1361 1519; x_wconf 70' lang='grc' dir='ltr'><strong><em>Ῥῳμαίων</em></strong></span> <span class='ocrx_word' id='word_1_244' title='bbox 1473 1473 1623 1526; x_wconf 66' lang='lat' dir='ltr'>&lt;Praei</span> <span class='ocrx_word' id='word_1_245' title='bbox 1630 1473 1756 1518; x_wconf 86' lang='lat' dir='ltr'>atio.)</span> <span class='ocrx_word' id='word_1_246' title='bbox 1802 1473 2028 1509; x_wconf 83' lang='lat' dir='ltr'>Naturalium</span> <span class='ocrx_word' id='word_1_247' title='bbox 2051 1484 2179 1509; x_wconf 88' lang='lat' dir='ltr'>nomen</span> <span class='ocrx_word' id='word_1_248' title='bbox 2195 1474 2378 1510; x_wconf 82' lang='lat' dir='ltr'>Romanae</span> <span class='ocrx_word' id='word_1_249' title='bbox 2400 1474 2503 1519; x_wconf 83' lang='lat' dir='ltr'>legis-</span> 
     </span>
     <span class='ocr_line' id='line_1_24' title="bbox 282 1514 2506 1573; baseline 0.001 -22"><span class='ocrx_word' id='word_1_250' title='bbox 282 1517 486 1573; x_wconf 63' lang='grc' dir='ltr'><strong><em>νομοθεσίᾳ</em></strong></span> <span class='ocrx_word' id='word_1_251' title='bbox 509 1518 637 1561; x_wconf 80' lang='grc' dir='ltr'><strong><em>πρώην</em></strong></span> <span class='ocrx_word' id='word_1_252' title='bbox 667 1514 708 1551; x_wconf 83' lang='grc' dir='ltr'><strong><em>οὐ</em></strong></span> <span class='ocrx_word' id='word_1_253' title='bbox 734 1514 999 1551; x_wconf 80' lang='grc' dir='ltr'><strong><em>διεσπούδαστο</em></strong></span> <span class='ocrx_word' id='word_1_254' title='bbox 1022 1514 1108 1551; x_wconf 80' lang='grc' dir='ltr'><strong><em>οὐδέ</em></strong></span> <span class='ocrx_word' id='word_1_255' title='bbox 1127 1530 1180 1552; x_wconf 90' lang='grc' dir='ltr'>τις</span> <span class='ocrx_word' id='word_1_256' title='bbox 1203 1521 1247 1562; x_wconf 74' lang='grc' dir='ltr'>ἦν</span> <span class='ocrx_word' id='word_1_257' title='bbox 1280 1521 1360 1564; x_wconf 81' lang='grc' dir='ltr'><strong><em>περὶ</em></strong></span> <span class='ocrx_word' id='word_1_258' title='bbox 1429 1518 1556 1554; x_wconf 79' lang='lat' dir='ltr'>lat1oni</span> <span class='ocrx_word' id='word_1_259' title='bbox 1587 1519 1719 1553; x_wconf 89' lang='lat' dir='ltr'>dudum</span> <span class='ocrx_word' id='word_1_260' title='bbox 1750 1530 1823 1555; x_wconf 88' lang='lat' dir='ltr'>non</span> <span class='ocrx_word' id='word_1_261' title='bbox 1856 1523 1932 1554; x_wconf 84' lang='lat' dir='ltr'>erat</span> <span class='ocrx_word' id='word_1_262' title='bbox 1960 1519 1997 1554; x_wconf 89' lang='lat' dir='ltr'>in</span> <span class='ocrx_word' id='word_1_263' title='bbox 2028 1520 2201 1562; x_wconf 85' lang='lat' dir='ltr'>studium,</span> <span class='ocrx_word' id='word_1_264' title='bbox 2230 1530 2297 1554; x_wconf 88' lang='lat' dir='ltr'>nec</span> <span class='ocrx_word' id='word_1_265' title='bbox 2329 1519 2506 1565; x_wconf 87' lang='lat' dir='ltr'>quaelibet</span> 
     </span>
     <span class='ocr_line' id='line_1_25' title="bbox 283 1559 2504 1609; baseline 0.001 -13"><span class='ocrx_word' id='word_1_266' title='bbox 283 1562 372 1597; x_wconf 85' lang='grc' dir='ltr'>αυτό</span> <span class='ocrx_word' id='word_1_267' title='bbox 427 1561 683 1607; x_wconf 72' lang='grc' dir='ltr'><strong><em>ιλανθρωπία,</em></strong></span> <span class='ocrx_word' id='word_1_268' title='bbox 716 1559 797 1596; x_wconf 76' lang='grc' dir='ltr'>ἀλλ’</span> <span class='ocrx_word' id='word_1_269' title='bbox 825 1559 873 1596; x_wconf 75' lang='grc' dir='ltr'><strong><em>ὠς</em></strong></span> <span class='ocrx_word' id='word_1_270' title='bbox 904 1559 1057 1607; x_wconf 79' lang='grc' dir='ltr'><strong><em>ἔκφυλόν</em></strong></span> <span class='ocrx_word' id='word_1_271' title='bbox 1086 1577 1122 1596; x_wconf 90' lang='grc' dir='ltr'>τι</span> <span class='ocrx_word' id='word_1_272' title='bbox 1146 1567 1206 1596; x_wconf 82' lang='grc' dir='ltr'>καὶ</span> <span class='ocrx_word' id='word_1_273' title='bbox 1229 1576 1360 1597; x_wconf 86' lang='grc' dir='ltr'><strong><em>παντε-</em></strong></span> <span class='ocrx_word' id='word_1_274' title='bbox 1431 1564 1527 1599; x_wconf 85' lang='lat' dir='ltr'>circa</span> <span class='ocrx_word' id='word_1_275' title='bbox 1551 1565 1619 1599; x_wconf 89' lang='lat' dir='ltr'>hoc</span> <span class='ocrx_word' id='word_1_276' title='bbox 1642 1564 1762 1599; x_wconf 81' lang='lat' dir='ltr'>fuerat</span> <span class='ocrx_word' id='word_1_277' title='bbox 1784 1564 2005 1607; x_wconf 83' lang='lat' dir='ltr'>humanitas,</span> <span class='ocrx_word' id='word_1_278' title='bbox 2042 1564 2104 1599; x_wconf 84' lang='lat' dir='ltr'>sed</span> <span class='ocrx_word' id='word_1_279' title='bbox 2128 1567 2308 1609; x_wconf 82' lang='lat' dir='ltr'>tamquam</span> <span class='ocrx_word' id='word_1_280' title='bbox 2338 1564 2504 1609; x_wconf 84' lang='lat' dir='ltr'>alienige-</span> 
     </span>
     <span class='ocr_line' id='line_1_26' title="bbox 282 1605 2504 1656; baseline 0.001 -14"><span class='ocrx_word' id='word_1_281' title='bbox 282 1607 352 1642; x_wconf 82' lang='grc' dir='ltr'><strong><em>λῶς</em></strong></span> <span class='ocrx_word' id='word_1_282' title='bbox 375 1605 398 1641; x_wconf 81' lang='grc' dir='ltr'><em>ἄ</em></span> <span class='ocrx_word' id='word_1_283' title='bbox 421 1605 566 1653; x_wconf 88' lang='grc' dir='ltr'><strong><em>λότριον</em></strong></span> <span class='ocrx_word' id='word_1_284' title='bbox 582 1609 647 1642; x_wconf 81' lang='grc' dir='ltr'>τοῦ</span> <span class='ocrx_word' id='word_1_285' title='bbox 664 1606 924 1651; x_wconf 76' lang='grc' dir='ltr'><strong><em>πολιτεύματος</em></strong></span> <span class='ocrx_word' id='word_1_286' title='bbox 948 1609 1148 1651; x_wconf 73' lang='grc' dir='ltr'><strong><em>ἐνομίζετο·</em></strong></span> <span class='ocrx_word' id='word_1_287' title='bbox 1175 1610 1213 1641; x_wconf 79' lang='grc' dir='ltr'>ἐκ</span> <span class='ocrx_word' id='word_1_288' title='bbox 1230 1607 1269 1642; x_wconf 82' lang='grc' dir='ltr'>δὲ</span> <span class='ocrx_word' id='word_1_289' title='bbox 1284 1610 1361 1643; x_wconf 82' lang='grc' dir='ltr'>τῶν</span> <span class='ocrx_word' id='word_1_290' title='bbox 1375 1613 1416 1645; x_wconf 84' lang='lat'>25</span> <span class='ocrx_word' id='word_1_291' title='bbox 1430 1621 1514 1644; x_wconf 90' lang='lat' dir='ltr'>num</span> <span class='ocrx_word' id='word_1_292' title='bbox 1538 1609 1671 1652; x_wconf 89' lang='lat' dir='ltr'>aliquid</span> <span class='ocrx_word' id='word_1_293' title='bbox 1695 1614 1731 1644; x_wconf 89' lang='lat' dir='ltr'>et</span> <span class='ocrx_word' id='word_1_294' title='bbox 1753 1610 1894 1644; x_wconf 91' lang='lat' dir='ltr'>omnino</span> <span class='ocrx_word' id='word_1_295' title='bbox 1923 1610 2077 1644; x_wconf 89' lang='lat' dir='ltr'>alienum</span> <span class='ocrx_word' id='word_1_296' title='bbox 2102 1620 2124 1645; x_wconf 89' lang='lat' dir='ltr'>a</span> <span class='ocrx_word' id='word_1_297' title='bbox 2147 1610 2331 1655; x_wconf 88' lang='lat' dir='ltr'>republica</span> <span class='ocrx_word' id='word_1_298' title='bbox 2353 1610 2504 1656; x_wconf 85' lang='lat' dir='ltr'>putaba-</span> 
     </span>
     <span class='ocr_line' id='line_1_27' title="bbox 283 1650 2504 1700; baseline 0.001 -13"><span class='ocrx_word' id='word_1_299' title='bbox 283 1656 569 1687; x_wconf 83' lang='grc' dir='ltr'><strong><em>Κωνσταντίνου</em></strong></span> <span class='ocrx_word' id='word_1_300' title='bbox 604 1654 668 1687; x_wconf 84' lang='grc' dir='ltr'>τοῦ</span> <span class='ocrx_word' id='word_1_301' title='bbox 699 1653 763 1695; x_wconf 78' lang='grc' dir='ltr'>τῆς</span> <span class='ocrx_word' id='word_1_302' title='bbox 792 1650 958 1696; x_wconf 75' lang='grc' dir='ltr'><strong><em>εὐσεβοῦς</em></strong></span> <span class='ocrx_word' id='word_1_303' title='bbox 989 1650 1120 1695; x_wconf 78' lang='grc' dir='ltr'><strong><em>λήξεως</em></strong></span> <span class='ocrx_word' id='word_1_304' title='bbox 1147 1650 1291 1698; x_wconf 87' lang='grc' dir='ltr'><strong><em>χρόνων</em></strong></span> <span class='ocrx_word' id='word_1_305' title='bbox 1321 1656 1362 1688; x_wconf 80' lang='grc' dir='ltr'>ἐν</span> <span class='ocrx_word' id='word_1_306' title='bbox 1430 1659 1505 1699; x_wconf 81' lang='lat' dir='ltr'>tur;</span> <span class='ocrx_word' id='word_1_307' title='bbox 1531 1665 1553 1689; x_wconf 90' lang='lat' dir='ltr'>a</span> <span class='ocrx_word' id='word_1_308' title='bbox 1570 1654 1794 1689; x_wconf 82' lang='lat' dir='ltr'>Constantini</span> <span class='ocrx_word' id='word_1_309' title='bbox 1817 1665 1898 1690; x_wconf 89' lang='lat' dir='ltr'>vero</span> <span class='ocrx_word' id='word_1_310' title='bbox 1922 1655 2002 1700; x_wconf 84' lang='lat' dir='ltr'>piae</span> <span class='ocrx_word' id='word_1_311' title='bbox 2018 1655 2208 1690; x_wconf 86' lang='lat' dir='ltr'>memoriae</span> <span class='ocrx_word' id='word_1_312' title='bbox 2231 1656 2451 1700; x_wconf 84' lang='lat' dir='ltr'>temporibus</span> <span class='ocrx_word' id='word_1_313' title='bbox 2468 1655 2504 1690; x_wconf 87' lang='lat' dir='ltr'>in</span> 
     </span>
     <span class='ocr_line' id='line_1_28' title="bbox 283 1695 2504 1745; baseline 0.001 -13"><span class='ocrx_word' id='word_1_314' title='bbox 283 1701 357 1732; x_wconf 76' lang='grc' dir='ltr'><strong><em>τοῖς</em></strong></span> <span class='ocrx_word' id='word_1_315' title='bbox 379 1699 457 1732; x_wconf 83' lang='grc' dir='ltr'>τῶν</span> <span class='ocrx_word' id='word_1_316' title='bbox 475 1695 680 1738; x_wconf 72' lang='grc' dir='ltr'><strong><em>διατάξεων</em></strong></span> <span class='ocrx_word' id='word_1_317' title='bbox 703 1695 881 1744; x_wconf 81' lang='grc' dir='ltr'><strong><em>ἐνεγράφη</em></strong></span> <span class='ocrx_word' id='word_1_318' title='bbox 904 1697 1067 1742; x_wconf 75' lang='grc' dir='ltr'><strong><em>βιβλίοις,</em></strong></span> <span class='ocrx_word' id='word_1_319' title='bbox 1092 1698 1170 1732; x_wconf 85' lang='grc' dir='ltr'><strong><em>εἶτα</em></strong></span> <span class='ocrx_word' id='word_1_320' title='bbox 1188 1699 1281 1732; x_wconf 84' lang='grc' dir='ltr'><strong><em>κατὰ</em></strong></span> <span class='ocrx_word' id='word_1_321' title='bbox 1304 1713 1361 1743; x_wconf 90' lang='grc' dir='ltr'>μι-</span> <span class='ocrx_word' id='word_1_322' title='bbox 1431 1699 1723 1734; x_wconf 77' lang='lat' dir='ltr'>constitutionum</span> <span class='ocrx_word' id='word_1_323' title='bbox 1754 1700 1926 1745; x_wconf 80' lang='lat' dir='ltr'>scriptum</span> <span class='ocrx_word' id='word_1_324' title='bbox 1959 1702 2012 1735; x_wconf 80' lang='lat' dir='ltr'>est</span> <span class='ocrx_word' id='word_1_325' title='bbox 2035 1699 2154 1742; x_wconf 83' lang='lat' dir='ltr'>libris,</span> <span class='ocrx_word' id='word_1_326' title='bbox 2188 1700 2312 1735; x_wconf 86' lang='lat' dir='ltr'>deinde</span> <span class='ocrx_word' id='word_1_327' title='bbox 2334 1700 2504 1745; x_wconf 78' lang='lat' dir='ltr'>paulatim</span> 
     </span>
     <span class='ocr_line' id='line_1_29' title="bbox 283 1740 2503 1799; baseline 0.001 -22"><span class='ocrx_word' id='word_1_328' title='bbox 283 1743 372 1799; x_wconf 70' lang='grc' dir='ltr'><strong><em>κρὸν</em></strong></span> <span class='ocrx_word' id='word_1_329' title='bbox 406 1744 454 1778; x_wconf 81' lang='grc' dir='ltr'>εἰς</span> <span class='ocrx_word' id='word_1_330' title='bbox 487 1742 705 1789; x_wconf 78' lang='grc' dir='ltr'><strong><em>μετριότητα</em></strong></span> <span class='ocrx_word' id='word_1_331' title='bbox 744 1747 804 1776; x_wconf 78' lang='grc' dir='ltr'>καὶ</span> <span class='ocrx_word' id='word_1_332' title='bbox 839 1740 1110 1789; x_wconf 74' lang='grc' dir='ltr'><strong><em>φιλάνθρωπον</em></strong></span> <span class='ocrx_word' id='word_1_333' title='bbox 1141 1742 1293 1788; x_wconf 75' lang='grc' dir='ltr'><strong><em>γνώμην</em></strong></span> <span class='ocrx_word' id='word_1_334' title='bbox 1329 1743 1364 1778; x_wconf 86' lang='grc' dir='ltr'><strong><em>οἱ</em></strong></span> <span class='ocrx_word' id='word_1_335' title='bbox 1429 1745 1466 1780; x_wconf 88' lang='lat' dir='ltr'>in</span> <span class='ocrx_word' id='word_1_336' title='bbox 1486 1745 1762 1780; x_wconf 86' lang='lat' dir='ltr'>mediocritatem</span> <span class='ocrx_word' id='word_1_337' title='bbox 1786 1745 2061 1789; x_wconf 84' lang='lat' dir='ltr'>clementemque</span> <span class='ocrx_word' id='word_1_338' title='bbox 2082 1746 2294 1780; x_wconf 87' lang='lat' dir='ltr'>sententiam</span> <span class='ocrx_word' id='word_1_339' title='bbox 2313 1746 2503 1791; x_wconf 88' lang='lat' dir='ltr'>imperato-</span> 
     </span>
     <span class='ocr_line' id='line_1_30' title="bbox 283 1785 2505 1835; baseline 0.001 -13"><span class='ocrx_word' id='word_1_340' title='bbox 283 1801 394 1823; x_wconf 79' lang='grc' dir='ltr'><strong><em>αυιοκ</em></strong></span> <span class='ocrx_word' id='word_1_341' title='bbox 417 1788 541 1834; x_wconf 83' lang='grc' dir='ltr'><strong><em>άτορες</em></strong></span> <span class='ocrx_word' id='word_1_342' title='bbox 569 1787 808 1833; x_wconf 74' lang='grc' dir='ltr'><strong><em>μετελθόντες</em></strong></span> <span class='ocrx_word' id='word_1_343' title='bbox 836 1785 963 1832; x_wconf 87' lang='grc' dir='ltr'><strong><em>νόμους</em></strong></span> <span class='ocrx_word' id='word_1_344' title='bbox 994 1788 1136 1830; x_wconf 73' lang='grc' dir='ltr'><strong><em>ἔθεντο,</em></strong></span> <span class='ocrx_word' id='word_1_345' title='bbox 1160 1788 1196 1822; x_wconf 89' lang='grc' dir='ltr'><strong><em>οἱ</em></strong></span> <span class='ocrx_word' id='word_1_346' title='bbox 1213 1791 1280 1833; x_wconf 80' lang='grc' dir='ltr'>μὲν</span> <span class='ocrx_word' id='word_1_347' title='bbox 1303 1792 1363 1823; x_wconf 78' lang='grc' dir='ltr'>καὶ</span> <span class='ocrx_word' id='word_1_348' title='bbox 1429 1799 1487 1825; x_wconf 81' lang='lat' dir='ltr'>res</span> <span class='ocrx_word' id='word_1_349' title='bbox 1508 1792 1734 1825; x_wconf 87' lang='lat' dir='ltr'>transeuntes</span> <span class='ocrx_word' id='word_1_350' title='bbox 1757 1790 1790 1824; x_wconf 89' lang='lat' dir='ltr'>le</span> <span class='ocrx_word' id='word_1_351' title='bbox 1814 1800 1852 1825; x_wconf 88' lang='lat' dir='ltr'>es</span> <span class='ocrx_word' id='word_1_352' title='bbox 1876 1793 2091 1835; x_wconf 84' lang='lat' dir='ltr'>posuerunt,</span> <span class='ocrx_word' id='word_1_353' title='bbox 2119 1790 2182 1826; x_wconf 88' lang='lat' dir='ltr'>alii</span> <span class='ocrx_word' id='word_1_354' title='bbox 2205 1791 2344 1834; x_wconf 86' lang='lat' dir='ltr'>quidem</span> <span class='ocrx_word' id='word_1_355' title='bbox 2369 1793 2406 1826; x_wconf 89' lang='lat' dir='ltr'>et</span> <span class='ocrx_word' id='word_1_356' title='bbox 2428 1790 2505 1825; x_wconf 86' lang='lat' dir='ltr'>dari</span> 
     </span>
     <span class='ocr_line' id='line_1_31' title="bbox 284 1802 2504 1879; baseline 0.001 -11"><span class='ocrx_word' id='word_1_357' title='bbox 284 1802 460 1869; x_wconf 55' lang='lat' dir='ltr'>&amp;Euagon</span> <span class='ocrx_word' id='word_1_358' title='bbox 487 1836 548 1867; x_wconf 79' lang='grc' dir='ltr'>καὶ</span> <span class='ocrx_word' id='word_1_359' title='bbox 571 1832 918 1877; x_wconf 73' lang='grc' dir='ltr'><strong><em>καταλιμπάνεσθαί</em></strong></span> <span class='ocrx_word' id='word_1_360' title='bbox 939 1846 975 1867; x_wconf 90' lang='grc' dir='ltr'>τι</span> <span class='ocrx_word' id='word_1_361' title='bbox 999 1830 1138 1867; x_wconf 81' lang='grc' dir='ltr'><strong><em>τούτοις</em></strong></span> <span class='ocrx_word' id='word_1_362' title='bbox 1161 1834 1261 1879; x_wconf 84' lang='grc' dir='ltr'><strong><em>παρὰ</em></strong></span> <span class='ocrx_word' id='word_1_363' title='bbox 1285 1835 1362 1868; x_wconf 81' lang='grc' dir='ltr'>τῶν</span> <span class='ocrx_word' id='word_1_364' title='bbox 1376 1838 1417 1870; x_wconf 89' lang='lat'>30</span> <span class='ocrx_word' id='word_1_365' title='bbox 1431 1838 1468 1870; x_wconf 83' lang='lat' dir='ltr'>et</span> <span class='ocrx_word' id='word_1_366' title='bbox 1498 1834 1649 1879; x_wconf 77' lang='lat' dir='ltr'>relinqui</span> <span class='ocrx_word' id='word_1_367' title='bbox 1680 1835 1787 1879; x_wconf 81' lang='lat' dir='ltr'>aliqui</span> <span class='ocrx_word' id='word_1_368' title='bbox 1846 1835 1896 1870; x_wconf 76' lang='lat' dir='ltr'>eis</span> <span class='ocrx_word' id='word_1_369' title='bbox 1928 1845 1950 1870; x_wconf 82' lang='lat' dir='ltr'>a</span> <span class='ocrx_word' id='word_1_370' title='bbox 1972 1835 2135 1879; x_wconf 78' lang='lat' dir='ltr'>patribus</span> <span class='ocrx_word' id='word_1_371' title='bbox 2161 1835 2406 1878; x_wconf 81' lang='lat' dir='ltr'>concedentes,</span> <span class='ocrx_word' id='word_1_372' title='bbox 2439 1835 2504 1870; x_wconf 80' lang='lat' dir='ltr'>ali-</span> 
     </span>
     <span class='ocr_line' id='line_1_32' title="bbox 284 1875 2503 1925; baseline 0 -11"><span class='ocrx_word' id='word_1_373' title='bbox 284 1882 454 1925; x_wconf 70' lang='grc' dir='ltr'><strong><em>πᾳτέρων</em></strong></span> <span class='ocrx_word' id='word_1_374' title='bbox 477 1875 673 1920; x_wconf 78' lang='grc' dir='ltr'><strong><em>ἀξιοῦντες,</em></strong></span> <span class='ocrx_word' id='word_1_375' title='bbox 696 1877 732 1911; x_wconf 89' lang='grc' dir='ltr'><strong><em>οἱ</em></strong></span> <span class='ocrx_word' id='word_1_376' title='bbox 755 1876 795 1911; x_wconf 78' lang='grc' dir='ltr'>δὲ</span> <span class='ocrx_word' id='word_1_377' title='bbox 816 1881 875 1912; x_wconf 81' lang='grc' dir='ltr'>καὶ</span> <span class='ocrx_word' id='word_1_378' title='bbox 897 1879 1122 1912; x_wconf 80' lang='grc' dir='ltr'><strong><em>ἐπινοοῦντες</em></strong></span> <span class='ocrx_word' id='word_1_379' title='bbox 1144 1878 1284 1924; x_wconf 84' lang='grc' dir='ltr'><strong><em>τρόπον</em></strong></span> <span class='ocrx_word' id='word_1_380' title='bbox 1308 1877 1359 1913; x_wconf 80' lang='grc' dir='ltr'>δι’</span> <span class='ocrx_word' id='word_1_381' title='bbox 1432 1880 1492 1924; x_wconf 92' lang='lat' dir='ltr'>qui</span> <span class='ocrx_word' id='word_1_382' title='bbox 1516 1884 1635 1915; x_wconf 85' lang='lat' dir='ltr'>autem</span> <span class='ocrx_word' id='word_1_383' title='bbox 1659 1881 1764 1914; x_wconf 88' lang='lat' dir='ltr'>etiam</span> <span class='ocrx_word' id='word_1_384' title='bbox 1788 1880 2051 1916; x_wconf 83' lang='lat' dir='ltr'>adinvenientes</span> <span class='ocrx_word' id='word_1_385' title='bbox 2075 1880 2218 1915; x_wconf 90' lang='lat' dir='ltr'>modum</span> <span class='ocrx_word' id='word_1_386' title='bbox 2240 1890 2305 1925; x_wconf 89' lang='lat' dir='ltr'>per</span> <span class='ocrx_word' id='word_1_387' title='bbox 2321 1891 2424 1925; x_wconf 92' lang='lat' dir='ltr'>quem</span> <span class='ocrx_word' id='word_1_388' title='bbox 2440 1891 2503 1915; x_wconf 89' lang='lat' dir='ltr'>na-</span> 
     </span>
     <span class='ocr_line' id='line_1_33' title="bbox 283 1920 2504 1977; baseline 0.001 -19"><span class='ocrx_word' id='word_1_389' title='bbox 283 1923 408 1977; x_wconf 58' lang='lat' dir='ltr'>oiastiys</span> <span class='ocrx_word' id='word_1_390' title='bbox 431 1923 580 1958; x_wconf 75' lang='grc' dir='ltr'><strong><em>νοθείας</em></strong></span> <span class='ocrx_word' id='word_1_391' title='bbox 603 1920 866 1969; x_wconf 69' lang='grc' dir='ltr'><strong><em>ἀπαλλαγέντες</em></strong></span> <span class='ocrx_word' id='word_1_392' title='bbox 884 1924 946 1966; x_wconf 73' lang='grc' dir='ltr'>τῆς</span> <span class='ocrx_word' id='word_1_393' title='bbox 963 1923 1174 1968; x_wconf 70' lang='grc' dir='ltr'><strong><em>ὲζιιπροσθεν</em></strong></span> <span class='ocrx_word' id='word_1_394' title='bbox 1196 1927 1359 1970; x_wconf 78' lang='grc' dir='ltr'><strong><em>γένοιντο</em></strong></span> <span class='ocrx_word' id='word_1_395' title='bbox 1429 1925 1535 1960; x_wconf 86' lang='lat' dir='ltr'>turali</span> <span class='ocrx_word' id='word_1_396' title='bbox 1558 1925 1636 1960; x_wconf 90' lang='lat' dir='ltr'>iure</span> <span class='ocrx_word' id='word_1_397' title='bbox 1655 1925 1767 1970; x_wconf 86' lang='lat' dir='ltr'>priori</span> <span class='ocrx_word' id='word_1_398' title='bbox 1790 1925 1931 1960; x_wconf 80' lang='lat' dir='ltr'>liberati</span> <span class='ocrx_word' id='word_1_399' title='bbox 1954 1925 2099 1969; x_wconf 85' lang='lat' dir='ltr'>legitimi</span> <span class='ocrx_word' id='word_1_400' title='bbox 2122 1924 2248 1961; x_wconf 88' lang='lat' dir='ltr'>fierent</span> <span class='ocrx_word' id='word_1_401' title='bbox 2275 1928 2311 1960; x_wconf 87' lang='lat' dir='ltr'>et</span> <span class='ocrx_word' id='word_1_402' title='bbox 2333 1930 2504 1971; x_wconf 87' lang='lat' dir='ltr'>paternae</span> 
     </span>
    </p>
   </div>
   <div class='ocr_carea' id='block_1_7' title="bbox 282 1967 2503 2016">
    <p class='ocr_par' dir='ltr' id='par_1_11' title="bbox 282 1967 2503 2016">
     <span class='ocr_line' id='line_1_34' title="bbox 282 1967 2503 2016; baseline 0.001 -13"><span class='ocrx_word' id='word_1_403' title='bbox 282 1981 426 2016; x_wconf 79' lang='grc' dir='ltr'><strong><em>γνησιοι</em></strong></span> <span class='ocrx_word' id='word_1_404' title='bbox 459 1972 519 2003; x_wconf 85' lang='grc' dir='ltr'>καὶ</span> <span class='ocrx_word' id='word_1_405' title='bbox 554 1970 617 2012; x_wconf 85' lang='grc' dir='ltr'>τῆς</span> <span class='ocrx_word' id='word_1_406' title='bbox 646 1967 818 2014; x_wconf 71' lang='grc' dir='ltr'><strong><em>πατρῴοις</em></strong></span> <span class='ocrx_word' id='word_1_407' title='bbox 854 1973 1056 2013; x_wconf 87' lang='grc' dir='ltr'><strong><em>περιουσιάς</em></strong></span> <span class='ocrx_word' id='word_1_408' title='bbox 1089 1967 1265 2011; x_wconf 78' lang='grc' dir='ltr'><strong><em>διάδοχοι·</em></strong></span> <span class='ocrx_word' id='word_1_409' title='bbox 1304 1973 1364 2003; x_wconf 85' lang='grc' dir='ltr'>καὶ</span> <span class='ocrx_word' id='word_1_410' title='bbox 1433 1970 1653 2006; x_wconf 82' lang='lat' dir='ltr'>substantiae</span> <span class='ocrx_word' id='word_1_411' title='bbox 1677 1979 1919 2015; x_wconf 78' lang='lat' dir='ltr'>successore83</span> <span class='ocrx_word' id='word_1_412' title='bbox 1944 1970 2186 2015; x_wconf 81' lang='lat' dir='ltr'>paulatimque</span> <span class='ocrx_word' id='word_1_413' title='bbox 2206 1970 2312 2006; x_wconf 75' lang='lat' dir='ltr'>etiam</span> <span class='ocrx_word' id='word_1_414' title='bbox 2330 1971 2376 2006; x_wconf 81' lang='lat' dir='ltr'>ad</span> <span class='ocrx_word' id='word_1_415' title='bbox 2397 1981 2503 2016; x_wconf 88' lang='lat' dir='ltr'>nepo-</span> 
     </span>
    </p>
   </div>
   <div class='ocr_carea' id='block_1_8' title="bbox 275 2059 2504 2192">
    <p class='ocr_par' dir='ltr' id='par_1_12' title="bbox 275 2059 2504 2192">
     <span class='ocr_line' id='line_1_35' title="bbox 351 2059 2504 2104; baseline 0 -9"><span class='ocrx_word' id='word_1_416' title='bbox 351 2061 438 2095; x_wconf 84' lang='lat' dir='ltr'>Nov.</span> <span class='ocrx_word' id='word_1_417' title='bbox 453 2060 656 2094; x_wconf 88' lang='lat' dir='ltr'>LXXXIX</span> <span class='ocrx_word' id='word_1_418' title='bbox 676 2060 733 2100; x_wconf 93' lang='lat'>(=</span> <span class='ocrx_word' id='word_1_419' title='bbox 761 2059 841 2093; x_wconf 84' lang='lat' dir='ltr'>Coll.</span> <span class='ocrx_word' id='word_1_420' title='bbox 866 2059 938 2093; x_wconf 85' lang='lat' dir='ltr'>VII</span> <span class='ocrx_word' id='word_1_421' title='bbox 957 2061 1002 2093; x_wconf 81' lang='lat' dir='ltr'>tit.</span> <span class='ocrx_word' id='word_1_422' title='bbox 1025 2061 1060 2093; x_wconf 85' lang='lat'>1:</span> <span class='ocrx_word' id='word_1_423' title='bbox 1084 2061 1196 2103; x_wconf 78' lang='lat' dir='ltr'>yloss.)</span> <span class='ocrx_word' id='word_1_424' title='bbox 1225 2061 1350 2094; x_wconf 85' lang='lat' dir='ltr'>Graece</span> <span class='ocrx_word' id='word_1_425' title='bbox 1372 2067 1459 2093; x_wconf 78' lang='lat' dir='ltr'>extat</span> <span class='ocrx_word' id='word_1_426' title='bbox 1479 2062 1510 2093; x_wconf 86' lang='lat' dir='ltr'>in</span> <span class='ocrx_word' id='word_1_427' title='bbox 1537 2061 1626 2102; x_wconf 87' lang='lat' dir='ltr'>ML,</span> <span class='ocrx_word' id='word_1_428' title='bbox 1651 2073 1723 2103; x_wconf 88' lang='lat' dir='ltr'>cap.</span> <span class='ocrx_word' id='word_1_429' title='bbox 1742 2062 1761 2094; x_wconf 90' lang='grc'>8</span> <span class='ocrx_word' id='word_1_430' title='bbox 1787 2062 1819 2094; x_wconf 85' lang='lat' dir='ltr'>in</span> <span class='ocrx_word' id='word_1_431' title='bbox 1844 2061 1880 2093; x_wconf 87' lang='lat' dir='ltr'><em>B</em></span> <span class='ocrx_word' id='word_1_432' title='bbox 1901 2061 1955 2102; x_wconf 85' lang='lat'>28,</span> <span class='ocrx_word' id='word_1_433' title='bbox 1976 2068 2003 2101; x_wconf 74' lang='lat'>4,</span> <span class='ocrx_word' id='word_1_434' title='bbox 2023 2069 2074 2098; x_wconf 80' lang='lat'>48:</span> <span class='ocrx_word' id='word_1_435' title='bbox 2099 2074 2171 2104; x_wconf 85' lang='lat' dir='ltr'>cap.</span> <span class='ocrx_word' id='word_1_436' title='bbox 2196 2063 2237 2095; x_wconf 85' lang='lat'>12</span> <span class='ocrx_word' id='word_1_437' title='bbox 2265 2067 2280 2100; x_wconf 81' lang='lat'><strong>§</strong></span> <span class='ocrx_word' id='word_1_438' title='bbox 2301 2069 2382 2095; x_wconf 82' lang='grc'>2-6.</span> <span class='ocrx_word' id='word_1_439' title='bbox 2406 2069 2447 2096; x_wconf 84' lang='lat'>13.</span> <span class='ocrx_word' id='word_1_440' title='bbox 2473 2070 2504 2096; x_wconf 82' lang='grc'>15</span> 
     </span>
     <span class='ocr_line' id='line_1_36' title="bbox 275 2101 2503 2151; baseline 0 -12"><span class='ocrx_word' id='word_1_441' title='bbox 275 2107 385 2151; x_wconf 80' lang='lat' dir='ltr'>fuisse</span> <span class='ocrx_word' id='word_1_442' title='bbox 408 2107 440 2139; x_wconf 78' lang='lat' dir='ltr'>in</span> <span class='ocrx_word' id='word_1_443' title='bbox 465 2107 500 2139; x_wconf 94' lang='lat' dir='ltr'><em>B</em></span> <span class='ocrx_word' id='word_1_444' title='bbox 526 2106 579 2146; x_wconf 85' lang='lat'>32,</span> <span class='ocrx_word' id='word_1_445' title='bbox 599 2112 628 2145; x_wconf 75' lang='lat'>2,</span> <span class='ocrx_word' id='word_1_446' title='bbox 643 2112 660 2138; x_wconf 87' lang='lat'>4</span> <span class='ocrx_word' id='word_1_447' title='bbox 685 2111 842 2138; x_wconf 73' lang='lat' dir='ltr'>testantur</span> <span class='ocrx_word' id='word_1_448' title='bbox 866 2105 915 2137; x_wconf 59' lang='grc' dir='ltr'>ΒΔΐ</span> <span class='ocrx_word' id='word_1_449' title='bbox 939 2111 969 2137; x_wconf 82' lang='lat' dir='ltr'>et</span> <span class='ocrx_word' id='word_1_450' title='bbox 993 2105 1186 2147; x_wconf 83' lang='lat' dir='ltr'>Tipucitus).</span> <span class='ocrx_word' id='word_1_451' title='bbox 1220 2124 1263 2129; x_wconf 85' lang='lat'><strong>—</strong></span> <span class='ocrx_word' id='word_1_452' title='bbox 1296 2105 1385 2147; x_wconf 70' lang='lat' dir='ltr'>Epic.</span> <span class='ocrx_word' id='word_1_453' title='bbox 1414 2105 1535 2138; x_wconf 77' lang='lat' dir='ltr'>Theod.</span> <span class='ocrx_word' id='word_1_454' title='bbox 1561 2107 1604 2139; x_wconf 83' lang='lat'>89</span> <span class='ocrx_word' id='word_1_455' title='bbox 1629 2106 1716 2146; x_wconf 83' lang='lat' dir='ltr'>(inde</span> <span class='ocrx_word' id='word_1_456' title='bbox 1740 2101 1800 2138; x_wconf 70' lang='lat' dir='ltr'>B2</span> <span class='ocrx_word' id='word_1_457' title='bbox 1827 2107 1881 2146; x_wconf 84' lang='lat'>28,</span> <span class='ocrx_word' id='word_1_458' title='bbox 1897 2114 1923 2147; x_wconf 78' lang='lat'>4,</span> <span class='ocrx_word' id='word_1_459' title='bbox 1938 2113 1990 2143; x_wconf 76' lang='lat'>483</span> <span class='ocrx_word' id='word_1_460' title='bbox 2016 2107 2163 2149; x_wconf 82' lang='lat' dir='ltr'>Epitome</span> <span class='ocrx_word' id='word_1_461' title='bbox 2188 2108 2290 2150; x_wconf 75' lang='lat' dir='ltr'>Ieyum</span> <span class='ocrx_word' id='word_1_462' title='bbox 2315 2109 2370 2149; x_wconf 85' lang='lat'>24,</span> <span class='ocrx_word' id='word_1_463' title='bbox 2394 2115 2503 2141; x_wconf 74' lang='grc'>34.3·1.</span> 
     </span>
     <span class='ocr_line' id='line_1_37' title="bbox 284 2150 2181 2192; baseline -0.001 -6"><span class='ocrx_word' id='word_1_464' title='bbox 284 2151 473 2192; x_wconf 75' lang='lat'>33.41—43)‚</span> <span class='ocrx_word' id='word_1_465' title='bbox 497 2150 617 2184; x_wconf 76' lang='lat' dir='ltr'>Athan.</span> <span class='ocrx_word' id='word_1_466' title='bbox 633 2151 716 2191; x_wconf 83' lang='lat'>11‚4</span> <span class='ocrx_word' id='word_1_467' title='bbox 740 2152 785 2189; x_wconf 87' lang='lat' dir='ltr'>(et</span> <span class='ocrx_word' id='word_1_468' title='bbox 806 2150 881 2183; x_wconf 79' lang='lat' dir='ltr'>inde</span> <span class='ocrx_word' id='word_1_469' title='bbox 905 2150 938 2182; x_wconf 86' lang='lat' dir='ltr'>in</span> <span class='ocrx_word' id='word_1_470' title='bbox 958 2150 1128 2192; x_wconf 77' lang='lat' dir='ltr'>paratitlis</span> <span class='ocrx_word' id='word_1_471' title='bbox 1154 2151 1173 2184; x_wconf 88' lang='grc'>8</span> <span class='ocrx_word' id='word_1_472' title='bbox 1197 2154 1341 2189; x_wconf 70' lang='lat' dir='ltr'>§5e110.</span> <span class='ocrx_word' id='word_1_473' title='bbox 1368 2151 1387 2183; x_wconf 88' lang='lat'>9</span> <span class='ocrx_word' id='word_1_474' title='bbox 1415 2154 1488 2189; x_wconf 80' lang='lat'><strong>§¹7.</strong></span> <span class='ocrx_word' id='word_1_475' title='bbox 1516 2152 1558 2184; x_wconf 87' lang='grc'>13</span> <span class='ocrx_word' id='word_1_476' title='bbox 1586 2152 1673 2191; x_wconf 68' lang='grc'>513).</span> <span class='ocrx_word' id='word_1_477' title='bbox 1721 2150 1841 2183; x_wconf 80' lang='lat' dir='ltr'>Iulian.</span> <span class='ocrx_word' id='word_1_478' title='bbox 1866 2160 1964 2186; x_wconf 86' lang='lat' dir='ltr'>const.</span> <span class='ocrx_word' id='word_1_479' title='bbox 1989 2151 2181 2184; x_wconf 90' lang='lat' dir='ltr'>LXXXII.</span> 
     </span>
    </p>
   </div>
   <div class='ocr_carea' id='block_1_9' title="bbox 289 2213 562 2219">
    <p class='ocr_par' dir='ltr' id='par_1_13' title="bbox 289 2213 562 2219">
     <span class='ocr_line' id='line_1_38' title="bbox 289 2213 562 2219; baseline 0 0"><span class='ocrx_word' id='word_1_480' title='bbox 289 2213 562 2219; x_wconf 95' lang='lat' dir='ltr'> </span> 
     </span>
    </p>
   </div>
   <div class='ocr_carea' id='block_1_10' title="bbox 285 2247 2506 2387">
    <p class='ocr_par' dir='ltr' id='par_1_14' title="bbox 285 2247 2506 2387">
     <span class='ocr_line' id='line_1_39' title="bbox 285 2247 2506 2298; baseline 0 -12"><span class='ocrx_word' id='word_1_481' title='bbox 285 2248 488 2296; x_wconf 75' lang='lat' dir='ltr'>Propterea</span> <span class='ocrx_word' id='word_1_482' title='bbox 519 2249 632 2295; x_wconf 76' lang='lat' dir='ltr'>iqitur</span> <span class='ocrx_word' id='word_1_483' title='bbox 663 2248 713 2284; x_wconf 86' lang='lat' dir='ltr'>ad</span> <span class='ocrx_word' id='word_1_484' title='bbox 740 2248 968 2284; x_wconf 81' lang='lat' dir='ltr'>securitatem</span> <span class='ocrx_word' id='word_1_485' title='bbox 999 2247 1240 2283; x_wconf 82' lang='lat' dir='ltr'>subiectorum</span> <span class='ocrx_word' id='word_1_486' title='bbox 1264 2251 1473 2284; x_wconf 86' lang='lat' dir='ltr'>nostrorum</span> <span class='ocrx_word' id='word_1_487' title='bbox 1505 2247 1594 2284; x_wconf 83' lang='lat' dir='ltr'>haec</span> <span class='ocrx_word' id='word_1_488' title='bbox 1618 2247 1797 2284; x_wconf 84' lang='lat' dir='ltr'>custodiri</span> <span class='ocrx_word' id='word_1_489' title='bbox 1817 2248 1980 2284; x_wconf 85' lang='lat' dir='ltr'>volumus</span> <span class='ocrx_word' id='word_1_490' title='bbox 2010 2249 2092 2284; x_wconf 82' lang='lat' dir='ltr'>inde</span> <span class='ocrx_word' id='word_1_491' title='bbox 2121 2250 2165 2285; x_wconf 86' lang='lat' dir='ltr'>ab</span> <span class='ocrx_word' id='word_1_492' title='bbox 2189 2249 2257 2286; x_wconf 78' lang='lat' dir='ltr'>hoc</span> <span class='ocrx_word' id='word_1_493' title='bbox 2287 2255 2446 2298; x_wconf 84' lang='lat' dir='ltr'>tempore</span> <span class='ocrx_word' id='word_1_494' title='bbox 2467 2253 2506 2288; x_wconf 83' lang='lat' dir='ltr'>in</span> 
     </span>
     <span class='ocr_line' id='line_1_40' title="bbox 285 2292 2504 2340; baseline 0.001 -10"><span class='ocrx_word' id='word_1_495' title='bbox 285 2306 387 2331; x_wconf 90' lang='lat' dir='ltr'>omne</span> <span class='ocrx_word' id='word_1_496' title='bbox 407 2295 573 2340; x_wconf 83' lang='lat' dir='ltr'>futurum</span> <span class='ocrx_word' id='word_1_497' title='bbox 598 2304 742 2336; x_wconf 88' lang='lat' dir='ltr'>aevum,</span> <span class='ocrx_word' id='word_1_498' title='bbox 766 2297 808 2328; x_wconf 90' lang='lat' dir='ltr'>ut</span> <span class='ocrx_word' id='word_1_499' title='bbox 829 2292 1043 2328; x_wconf 86' lang='lat' dir='ltr'>immortalis</span> <span class='ocrx_word' id='word_1_500' title='bbox 1065 2293 1113 2328; x_wconf 81' lang='lat' dir='ltr'>sit</span> <span class='ocrx_word' id='word_1_501' title='bbox 1136 2293 1190 2328; x_wconf 85' lang='lat' dir='ltr'>rei</span> <span class='ocrx_word' id='word_1_502' title='bbox 1208 2293 1379 2340; x_wconf 82' lang='lat' dir='ltr'>publicae</span> <span class='ocrx_word' id='word_1_503' title='bbox 1402 2293 1540 2329; x_wconf 83' lang='lat' dir='ltr'>utilitas</span> <span class='ocrx_word' id='word_1_504' title='bbox 1564 2293 1671 2329; x_wconf 80' lang='lat' dir='ltr'>huius</span> <span class='ocrx_word' id='word_1_505' title='bbox 1694 2298 1840 2329; x_wconf 83' lang='lat' dir='ltr'>nostrae</span> <span class='ocrx_word' id='word_1_506' title='bbox 1865 2294 1897 2329; x_wconf 89' lang='lat' dir='ltr'>le</span> <span class='ocrx_word' id='word_1_507' title='bbox 1923 2294 2111 2336; x_wconf 46' lang='lat' dir='ltr'>elationis,</span> <span class='ocrx_word' id='word_1_508' title='bbox 2139 2305 2234 2340; x_wconf 83' lang='lat' dir='ltr'>quae</span> <span class='ocrx_word' id='word_1_509' title='bbox 2257 2300 2298 2331; x_wconf 85' lang='lat' dir='ltr'>ut</span> <span class='ocrx_word' id='word_1_510' title='bbox 2310 2296 2504 2336; x_wconf 65' lang='lat' dir='ltr'>iudicanti-</span> 
     </span>
     <span class='ocr_line' id='line_1_41' title="bbox 285 2338 2339 2387; baseline -0 -10"><span class='ocrx_word' id='word_1_511' title='bbox 285 2341 350 2377; x_wconf 84' lang='lat' dir='ltr'>bus</span> <span class='ocrx_word' id='word_1_512' title='bbox 372 2340 476 2375; x_wconf 84' lang='lat' dir='ltr'>nobis</span> <span class='ocrx_word' id='word_1_513' title='bbox 499 2340 537 2374; x_wconf 86' lang='lat' dir='ltr'>in</span> <span class='ocrx_word' id='word_1_514' title='bbox 560 2344 710 2375; x_wconf 90' lang='lat' dir='ltr'>mentem</span> <span class='ocrx_word' id='word_1_515' title='bbox 735 2339 831 2375; x_wconf 84' lang='lat' dir='ltr'>venit</span> <span class='ocrx_word' id='word_1_516' title='bbox 852 2338 905 2373; x_wconf 87' lang='lat' dir='ltr'>ita</span> <span class='ocrx_word' id='word_1_517' title='bbox 923 2343 1153 2385; x_wconf 80' lang='lat' dir='ltr'>praesentem</span> <span class='ocrx_word' id='word_1_518' title='bbox 1177 2338 1290 2385; x_wconf 76' lang='lat' dir='ltr'>leqem</span> <span class='ocrx_word' id='word_1_519' title='bbox 1314 2338 1364 2373; x_wconf 86' lang='lat' dir='ltr'>ad</span> <span class='ocrx_word' id='word_1_520' title='bbox 1386 2349 1604 2374; x_wconf 87' lang='lat' dir='ltr'>communem</span> <span class='ocrx_word' id='word_1_521' title='bbox 1628 2338 1819 2374; x_wconf 82' lang='lat' dir='ltr'>utilitatem</span> <span class='ocrx_word' id='word_1_522' title='bbox 1842 2350 1886 2374; x_wconf 91' lang='lat' dir='ltr'>su</span> <span class='ocrx_word' id='word_1_523' title='bbox 1910 2339 2009 2375; x_wconf 85' lang='lat' dir='ltr'>iectis</span> <span class='ocrx_word' id='word_1_524' title='bbox 2032 2341 2167 2375; x_wconf 83' lang='lat' dir='ltr'>nostris</span> <span class='ocrx_word' id='word_1_525' title='bbox 2189 2341 2339 2387; x_wconf 80' lang='lat' dir='ltr'>peperit.</span> 
     </span>
    </p>
   </div>
   <div class='ocr_carea' id='block_1_11' title="bbox 285 2383 2507 2481">
    <p class='ocr_par' dir='ltr' id='par_1_15' title="bbox 285 2383 2507 2481">
     <span class='ocr_line' id='line_1_42' title="bbox 423 2383 2507 2432; baseline 0.001 -12"><span class='ocrx_word' id='word_1_526' title='bbox 423 2384 457 2420; x_wconf 87' lang='grc' dir='ltr'><em>Ε</em></span> <span class='ocrx_word' id='word_1_527' title='bbox 461 2385 507 2432; x_wconf 87' lang='lat' dir='ltr'>pi</span> <span class='ocrx_word' id='word_1_528' title='bbox 516 2384 556 2420; x_wconf 89' lang='lat' dir='ltr'>lo</span> <span class='ocrx_word' id='word_1_529' title='bbox 599 2395 660 2419; x_wconf 87' lang='lat' dir='ltr'>us.</span> <span class='ocrx_word' id='word_1_530' title='bbox 710 2383 786 2419; x_wconf 87' lang='lat' dir='ltr'>Tua</span> <span class='ocrx_word' id='word_1_531' title='bbox 810 2383 923 2429; x_wconf 75' lang='lat' dir='ltr'>iqitur</span> <span class='ocrx_word' id='word_1_532' title='bbox 952 2383 1153 2419; x_wconf 83' lang='lat' dir='ltr'>sublimitas</span> <span class='ocrx_word' id='word_1_533' title='bbox 1184 2395 1278 2430; x_wconf 86' lang='lat' dir='ltr'>quae</span> <span class='ocrx_word' id='word_1_534' title='bbox 1309 2384 1411 2419; x_wconf 85' lang='lat' dir='ltr'>nobis</span> <span class='ocrx_word' id='word_1_535' title='bbox 1427 2384 1651 2430; x_wconf 86' lang='lat' dir='ltr'>placuerunt</span> <span class='ocrx_word' id='word_1_536' title='bbox 1681 2390 1716 2419; x_wconf 90' lang='lat' dir='ltr'>et</span> <span class='ocrx_word' id='word_1_537' title='bbox 1738 2395 1813 2431; x_wconf 85' lang='lat' dir='ltr'>per</span> <span class='ocrx_word' id='word_1_538' title='bbox 1843 2384 1936 2420; x_wconf 71' lang='lat' dir='ltr'>lianc</span> <span class='ocrx_word' id='word_1_539' title='bbox 1964 2394 2107 2420; x_wconf 87' lang='lat' dir='ltr'>sacram</span> <span class='ocrx_word' id='word_1_540' title='bbox 2138 2385 2251 2431; x_wconf 73' lang='lat' dir='ltr'>leqem</span> <span class='ocrx_word' id='word_1_541' title='bbox 2274 2386 2507 2424; x_wconf 79' lang='lat' dir='ltr'>declarantur</span> 
     </span>
     <span class='ocr_line' id='line_1_43' title="bbox 285 2395 1651 2481; baseline -0.003 -14"><span class='ocrx_word' id='word_1_542' title='bbox 285 2430 336 2467; x_wconf 80' lang='lat' dir='ltr'>ad</span> <span class='ocrx_word' id='word_1_543' title='bbox 357 2440 450 2479; x_wconf 86' lang='lat' dir='ltr'>opus</span> <span class='ocrx_word' id='word_1_544' title='bbox 473 2434 508 2466; x_wconf 90' lang='lat' dir='ltr'>et</span> <span class='ocrx_word' id='word_1_545' title='bbox 531 2395 696 2476; x_wconf 51' lang='lat' dir='ltr'>effectum</span> <span class='ocrx_word' id='word_1_546' title='bbox 722 2428 902 2465; x_wconf 78' lang='lat' dir='ltr'>adducere</span> <span class='ocrx_word' id='word_1_547' title='bbox 925 2433 961 2465; x_wconf 90' lang='lat' dir='ltr'>et</span> <span class='ocrx_word' id='word_1_548' title='bbox 983 2428 1021 2463; x_wconf 88' lang='lat' dir='ltr'>in</span> <span class='ocrx_word' id='word_1_549' title='bbox 1039 2433 1258 2475; x_wconf 79' lang='lat' dir='ltr'>perpetuum</span> <span class='ocrx_word' id='word_1_550' title='bbox 1283 2429 1474 2465; x_wconf 84' lang='lat' dir='ltr'>observare</span> <span class='ocrx_word' id='word_1_551' title='bbox 1497 2429 1651 2481; x_wconf 77' lang='lat' dir='ltr'>studeat.</span> 
     </span>
    </p>
   </div>
   <div class='ocr_carea' id='block_1_12' title="bbox 910 2584 1880 2704">
    <p class='ocr_par' dir='ltr' id='par_1_16' title="bbox 910 2584 1880 2704">
     <span class='ocr_line' id='line_1_44' title="bbox 910 2584 1880 2704; baseline 0.002 -2"><span class='ocrx_word' id='word_1_552' title='bbox 910 2652 1012 2703; x_wconf 85' lang='lat' dir='ltr'>DE</span> <span class='ocrx_word' id='word_1_553' title='bbox 1042 2584 1537 2704; x_wconf 43' lang='lat' dir='ltr'>NATURsz-{ZS</span> <span class='ocrx_word' id='word_1_554' title='bbox 1567 2653 1652 2704; x_wconf 92' lang='lat' dir='ltr'>LI</span> <span class='ocrx_word' id='word_1_555' title='bbox 1649 2653 1880 2704; x_wconf 84' lang='lat' dir='ltr'><em>BERIS.</em></span> 
     </span>
    </p>
   </div>
   <div class='ocr_carea' id='block_1_13' title="bbox 332 2719 2460 2812">
    <p class='ocr_par' dir='ltr' id='par_1_17' title="bbox 332 2719 2460 2812">
     <span class='ocr_line' id='line_1_45' title="bbox 332 2719 2460 2802; baseline -0.001 -42"><span class='ocrx_word' id='word_1_556' title='bbox 332 2721 425 2771; x_wconf 82' lang='lat' dir='ltr'>Imp.</span> <span class='ocrx_word' id='word_1_557' title='bbox 442 2721 669 2759; x_wconf 72' lang='lat' dir='ltr'>lastinianus</span> <span class='ocrx_word' id='word_1_558' title='bbox 687 2722 872 2767; x_wconf 75' lang='lat' dir='ltr'>Auqustus</span> <span class='ocrx_word' id='word_1_559' title='bbox 891 2719 1048 2756; x_wconf 76' lang='lat' dir='ltr'>Iohanni</span> <span class='ocrx_word' id='word_1_560' title='bbox 1071 2721 1339 2801; x_wconf 43' lang='lat' dir='ltr'>ploriosigsimo·</span> <span class='ocrx_word' id='word_1_561' title='bbox 1352 2721 1542 2802; x_wconf 48' lang='lat' dir='ltr'>‘midaii-q</span> <span class='ocrx_word' id='word_1_562' title='bbox 1562 2722 1751 2773; x_wconf 83' lang='lat' dir='ltr'>praetorio</span> <span class='ocrx_word' id='word_1_563' title='bbox 1769 2733 1841 2768; x_wconf 79' lang='lat' dir='ltr'>per</span> <span class='ocrx_word' id='word_1_564' title='bbox 1867 2721 2046 2758; x_wconf 79' lang='lat' dir='ltr'>Orientem</span> <span class='ocrx_word' id='word_1_565' title='bbox 2070 2721 2215 2763; x_wconf 87' lang='lat' dir='ltr'>iterum,</span> <span class='ocrx_word' id='word_1_566' title='bbox 2242 2733 2292 2758; x_wconf 76' lang='lat' dir='ltr'>ex</span> <span class='ocrx_word' id='word_1_567' title='bbox 2314 2722 2460 2759; x_wconf 85' lang='lat' dir='ltr'>consule</span> 
     </span>
     <span class='ocr_line' id='line_1_46' title="bbox 1174 2777 1607 2812; baseline 0 -11"><span class='ocrx_word' id='word_1_568' title='bbox 1174 2777 1216 2801; x_wconf 88' lang='lat' dir='ltr'>or</span> <span class='ocrx_word' id='word_1_569' title='bbox 1243 2777 1361 2802; x_wconf 84' lang='lat' dir='ltr'>marzo</span> <span class='ocrx_word' id='word_1_570' title='bbox 1385 2777 1404 2801; x_wconf 92' lang='lat' dir='ltr'>e</span> <span class='ocrx_word' id='word_1_571' title='bbox 1436 2777 1490 2812; x_wconf 84' lang='lat' dir='ltr'>pa</span> <span class='ocrx_word' id='word_1_572' title='bbox 1527 2777 1607 2801; x_wconf 71' lang='lat' dir='ltr'>icio.</span> 
     </span>
    </p>
   </div>
   <div class='ocr_carea' id='block_1_14' title="bbox 286 2821 2507 3095">
    <p class='ocr_par' dir='ltr' id='par_1_18' title="bbox 286 2821 2505 3012">
     <span class='ocr_line' id='line_1_47' title="bbox 422 2821 2505 2883; baseline 0 -24"><span class='ocrx_word' id='word_1_573' title='bbox 422 2822 683 2869; x_wconf 81' lang='lat' dir='ltr'>Praefatio.</span> <span class='ocrx_word' id='word_1_574' title='bbox 733 2821 966 2857; x_wconf 76' lang='lat' dir='ltr'>Naturalium</span> <span class='ocrx_word' id='word_1_575' title='bbox 982 2822 1175 2858; x_wconf 86' lang='lat' dir='ltr'>liberorum</span> <span class='ocrx_word' id='word_1_576' title='bbox 1199 2823 1338 2859; x_wconf 87' lang='lat' dir='ltr'>nomini</span> <span class='ocrx_word' id='word_1_577' title='bbox 1358 2824 1395 2858; x_wconf 86' lang='lat' dir='ltr'>in</span> <span class='ocrx_word' id='word_1_578' title='bbox 1417 2822 1644 2869; x_wconf 78' lang='lat' dir='ltr'>leqislatione</span> <span class='ocrx_word' id='word_1_579' title='bbox 1658 2822 1825 2859; x_wconf 86' lang='lat' dir='ltr'>Romana</span> <span class='ocrx_word' id='word_1_580' title='bbox 1849 2822 1933 2858; x_wconf 88' lang='lat' dir='ltr'>olim</span> <span class='ocrx_word' id='word_1_581' title='bbox 1958 2833 2070 2869; x_wconf 84' lang='lat' dir='ltr'>opera</span> <span class='ocrx_word' id='word_1_582' title='bbox 2087 2821 2175 2873; x_wconf 64' lang='lat' dir='ltr'>tiata</span> <span class='ocrx_word' id='word_1_583' title='bbox 2198 2832 2271 2857; x_wconf 84' lang='lat' dir='ltr'>non</span> <span class='ocrx_word' id='word_1_584' title='bbox 2288 2827 2370 2858; x_wconf 83' lang='lat' dir='ltr'>erat</span> <span class='ocrx_word' id='word_1_585' title='bbox 2391 2834 2505 2883; x_wconf 69' lang='lat' dir='ltr'>neque</span> 
     </span>
     <span class='ocr_line' id='line_1_48' title="bbox 286 2866 2504 2914; baseline -0.002 -7"><span class='ocrx_word' id='word_1_586' title='bbox 286 2870 363 2907; x_wconf 87' lang='lat' dir='ltr'>ulla</span> <span class='ocrx_word' id='word_1_587' title='bbox 385 2869 420 2906; x_wconf 84' lang='lat' dir='ltr'>ei</span> <span class='ocrx_word' id='word_1_588' title='bbox 442 2868 649 2904; x_wconf 79' lang='lat' dir='ltr'>humanitas</span> <span class='ocrx_word' id='word_1_589' title='bbox 671 2866 831 2912; x_wconf 80' lang='lat' dir='ltr'>favebat,</span> <span class='ocrx_word' id='word_1_590' title='bbox 863 2867 929 2902; x_wconf 88' lang='lat' dir='ltr'>sed</span> <span class='ocrx_word' id='word_1_591' title='bbox 951 2870 1133 2913; x_wconf 83' lang='lat' dir='ltr'>tamquam</span> <span class='ocrx_word' id='word_1_592' title='bbox 1155 2869 1389 2914; x_wconf 74' lang='lat' dir='ltr'>pereqrinum</span> <span class='ocrx_word' id='word_1_593' title='bbox 1414 2873 1449 2904; x_wconf 88' lang='lat' dir='ltr'>et</span> <span class='ocrx_word' id='word_1_594' title='bbox 1464 2868 1580 2914; x_wconf 86' lang='lat' dir='ltr'>plane</span> <span class='ocrx_word' id='word_1_595' title='bbox 1603 2868 1759 2903; x_wconf 85' lang='lat' dir='ltr'>alienum</span> <span class='ocrx_word' id='word_1_596' title='bbox 1783 2879 1806 2903; x_wconf 92' lang='lat' dir='ltr'>a</span> <span class='ocrx_word' id='word_1_597' title='bbox 1829 2867 2014 2914; x_wconf 81' lang='lat' dir='ltr'>republica</span> <span class='ocrx_word' id='word_1_598' title='bbox 2038 2866 2334 2902; x_wconf 65' lang='lat' dir='ltr'>emstzmabatur:</span> <span class='ocrx_word' id='word_1_599' title='bbox 2367 2879 2390 2903; x_wconf 90' lang='lat' dir='ltr'>a</span> <span class='ocrx_word' id='word_1_600' title='bbox 2414 2869 2504 2904; x_wconf 75' lang='lat' dir='ltr'>Lou-</span> 
     </span>
     <span class='ocr_line' id='line_1_49' title="bbox 286 2911 2505 2960; baseline -0 -9"><span class='ocrx_word' id='word_1_601' title='bbox 286 2915 438 2952; x_wconf 83' lang='lat' dir='ltr'>stantini</span> <span class='ocrx_word' id='word_1_602' title='bbox 460 2925 544 2950; x_wconf 86' lang='lat' dir='ltr'>vero</span> <span class='ocrx_word' id='word_1_603' title='bbox 563 2913 653 2960; x_wconf 85' lang='lat' dir='ltr'>piae</span> <span class='ocrx_word' id='word_1_604' title='bbox 675 2912 869 2947; x_wconf 85' lang='lat' dir='ltr'>memoriae</span> <span class='ocrx_word' id='word_1_605' title='bbox 891 2913 1110 2959; x_wconf 87' lang='lat' dir='ltr'>temporibus</span> <span class='ocrx_word' id='word_1_606' title='bbox 1132 2913 1169 2947; x_wconf 87' lang='lat' dir='ltr'>in</span> <span class='ocrx_word' id='word_1_607' title='bbox 1195 2913 1297 2949; x_wconf 84' lang='lat' dir='ltr'>libris</span> <span class='ocrx_word' id='word_1_608' title='bbox 1320 2913 1611 2949; x_wconf 81' lang='lat' dir='ltr'>constitutionum</span> <span class='ocrx_word' id='word_1_609' title='bbox 1634 2914 1806 2960; x_wconf 85' lang='lat' dir='ltr'>scriptum</span> <span class='ocrx_word' id='word_1_610' title='bbox 1831 2918 1895 2954; x_wconf 84' lang='lat' dir='ltr'>est,</span> <span class='ocrx_word' id='word_1_611' title='bbox 1920 2912 2046 2947; x_wconf 88' lang='lat' dir='ltr'>deinde</span> <span class='ocrx_word' id='word_1_612' title='bbox 2067 2911 2246 2958; x_wconf 85' lang='lat' dir='ltr'>paulatim</span> <span class='ocrx_word' id='word_1_613' title='bbox 2269 2912 2505 2959; x_wconf 85' lang='lat' dir='ltr'>imperatores</span> 
     </span>
     <span class='ocr_line' id='line_1_50' title="bbox 287 2956 2504 3012; baseline -0.001 -16"><span class='ocrx_word' id='word_1_614' title='bbox 287 2961 337 2997; x_wconf 83' lang='lat' dir='ltr'>ad</span> <span class='ocrx_word' id='word_1_615' title='bbox 358 2959 639 2996; x_wconf 82' lang='lat' dir='ltr'>moderationem</span> <span class='ocrx_word' id='word_1_616' title='bbox 669 2962 703 2992; x_wconf 87' lang='lat' dir='ltr'>et</span> <span class='ocrx_word' id='word_1_617' title='bbox 726 2957 973 2992; x_wconf 76' lang='lat' dir='ltr'>humaniorem</span> <span class='ocrx_word' id='word_1_618' title='bbox 996 2959 1210 2993; x_wconf 82' lang='lat' dir='ltr'>sententiam</span> <span class='ocrx_word' id='word_1_619' title='bbox 1235 2958 1427 3012; x_wconf 77' lang='lat' dir='ltr'>proqressi</span> <span class='ocrx_word' id='word_1_620' title='bbox 1457 2958 1489 2993; x_wconf 87' lang='lat' dir='ltr'>le</span> <span class='ocrx_word' id='word_1_621' title='bbox 1516 2969 1554 2993; x_wconf 84' lang='lat' dir='ltr'>es</span> <span class='ocrx_word' id='word_1_622' title='bbox 1586 2958 1763 3001; x_wconf 83' lang='lat' dir='ltr'>tulerunt,</span> <span class='ocrx_word' id='word_1_623' title='bbox 1796 2957 1925 3004; x_wconf 83' lang='lat' dir='ltr'>quibus</span> <span class='ocrx_word' id='word_1_624' title='bbox 1948 2957 2011 2992; x_wconf 86' lang='lat' dir='ltr'>alii</span> <span class='ocrx_word' id='word_1_625' title='bbox 2044 2961 2086 2992; x_wconf 87' lang='lat' dir='ltr'>ut</span> <span class='ocrx_word' id='word_1_626' title='bbox 2107 2956 2180 2992; x_wconf 84' lang='lat' dir='ltr'>illis</span> <span class='ocrx_word' id='word_1_627' title='bbox 2201 2968 2224 2992; x_wconf 89' lang='lat' dir='ltr'>a</span> <span class='ocrx_word' id='word_1_628' title='bbox 2240 2957 2413 3003; x_wconf 82' lang='lat' dir='ltr'>patribus</span> <span class='ocrx_word' id='word_1_629' title='bbox 2436 2959 2504 2994; x_wconf 85' lang='lat' dir='ltr'>ali-</span> 
     </span>
    </p>

    <p class='ocr_par' dir='ltr' id='par_1_19' title="bbox 302 3002 2507 3095">
     <span class='ocr_line' id='line_1_51' title="bbox 314 3002 2507 3050; baseline -0.001 -8"><span class='ocrx_word' id='word_1_630' title='bbox 314 3005 377 3042; x_wconf 82' lang='lat' dir='ltr'>uid</span> <span class='ocrx_word' id='word_1_631' title='bbox 398 3004 550 3040; x_wconf 85' lang='lat' dir='ltr'>daretur</span> <span class='ocrx_word' id='word_1_632' title='bbox 571 3007 606 3038; x_wconf 89' lang='lat' dir='ltr'>et</span> <span class='ocrx_word' id='word_1_633' title='bbox 627 3003 894 3048; x_wconf 78' lang='lat' dir='ltr'>relinqueretur</span> <span class='ocrx_word' id='word_1_634' title='bbox 915 3003 1167 3048; x_wconf 86' lang='lat' dir='ltr'>permiserunt,</span> <span class='ocrx_word' id='word_1_635' title='bbox 1192 3004 1259 3039; x_wconf 82' lang='lat' dir='ltr'>alii</span> <span class='ocrx_word' id='word_1_636' title='bbox 1279 3004 1387 3039; x_wconf 86' lang='lat' dir='ltr'>ctiam</span> <span class='ocrx_word' id='word_1_637' title='bbox 1411 3014 1468 3038; x_wconf 88' lang='lat' dir='ltr'>mo</span> <span class='ocrx_word' id='word_1_638' title='bbox 1495 3014 1553 3038; x_wconf 90' lang='lat' dir='ltr'>um</span> <span class='ocrx_word' id='word_1_639' title='bbox 1577 3004 1791 3039; x_wconf 86' lang='lat' dir='ltr'>invenerunt</span> <span class='ocrx_word' id='word_1_640' title='bbox 1814 3014 1886 3050; x_wconf 82' lang='lat' dir='ltr'>quo</span> <span class='ocrx_word' id='word_1_641' title='bbox 1908 3003 2033 3049; x_wconf 85' lang='lat' dir='ltr'>priore</span> <span class='ocrx_word' id='word_1_642' title='bbox 2055 3002 2274 3037; x_wconf 86' lang='lat' dir='ltr'>naturalium</span> <span class='ocrx_word' id='word_1_643' title='bbox 2298 3003 2507 3040; x_wconf 83' lang='lat' dir='ltr'>condicione</span> 
     </span>
     <span class='ocr_line' id='line_1_52' title="bbox 302 3047 2505 3095; baseline -0 -9"><span class='ocrx_word' id='word_1_644' title='bbox 302 3050 432 3088; x_wconf 85' lang='lat' dir='ltr'>iberati</span> <span class='ocrx_word' id='word_1_645' title='bbox 455 3053 488 3085; x_wconf 82' lang='lat' dir='ltr'>et</span> <span class='ocrx_word' id='word_1_646' title='bbox 512 3048 662 3095; x_wconf 74' lang='lat' dir='ltr'>leqitimi</span> <span class='ocrx_word' id='word_1_647' title='bbox 683 3052 719 3083; x_wconf 88' lang='lat' dir='ltr'>et</span> <span class='ocrx_word' id='word_1_648' title='bbox 740 3051 917 3094; x_wconf 85' lang='lat' dir='ltr'>paternae</span> <span class='ocrx_word' id='word_1_649' title='bbox 939 3047 1162 3083; x_wconf 78' lang='lat' dir='ltr'>substantiae</span> <span class='ocrx_word' id='word_1_650' title='bbox 1185 3048 1333 3084; x_wconf 75' lang='lat' dir='ltr'>heredes</span> <span class='ocrx_word' id='word_1_651' title='bbox 1352 3048 1504 3093; x_wconf 81' lang='lat' dir='ltr'>fierent;</span> <span class='ocrx_word' id='word_1_652' title='bbox 1528 3059 1571 3084; x_wconf 91' lang='lat' dir='ltr'>ac</span> <span class='ocrx_word' id='word_1_653' title='bbox 1590 3050 1720 3084; x_wconf 79' lang='lat' dir='ltr'>sensim</span> <span class='ocrx_word' id='word_1_654' title='bbox 1743 3049 1850 3084; x_wconf 86' lang='lat' dir='ltr'>etiam</span> <span class='ocrx_word' id='word_1_655' title='bbox 1874 3048 1924 3083; x_wconf 84' lang='lat' dir='ltr'>ad</span> <span class='ocrx_word' id='word_1_656' title='bbox 1945 3052 2094 3094; x_wconf 84' lang='lat' dir='ltr'>nepotes</span> <span class='ocrx_word' id='word_1_657' title='bbox 2117 3047 2296 3093; x_wconf 77' lang='lat' dir='ltr'>leqislatio</span> <span class='ocrx_word' id='word_1_658' title='bbox 2319 3049 2505 3095; x_wconf 79' lang='lat' dir='ltr'>processit,</span> 
     </span>
    </p>
   </div>
   <div class='ocr_carea' id='block_1_15' title="bbox 287 3147 2505 3777">
    <p class='ocr_par' dir='ltr' id='par_1_20' title="bbox 287 3147 2505 3734">
     <span class='ocr_line' id='line_1_53' title="bbox 345 3147 2505 3196; baseline -0.001 -12"><span class='ocrx_word' id='word_1_659' title='bbox 345 3155 365 3187; x_wconf 84' lang='lat'>2</span> <span class='ocrx_word' id='word_1_660' title='bbox 396 3147 731 3196; x_wconf 74' lang='grc' dir='ltr'><strong><em>περιφυλάττεσθαι</em></strong></span> <span class='ocrx_word' id='word_1_661' title='bbox 759 3149 806 3181; x_wconf 80' lang='lat' dir='ltr'>B0</span> <span class='ocrx_word' id='word_1_662' title='bbox 836 3149 848 3185; x_wconf 83' lang='grc' dir='ltr'>ΙΙ</span> <span class='ocrx_word' id='word_1_663' title='bbox 875 3150 896 3183; x_wconf 83' lang='grc'><strong>4</strong></span> <span class='ocrx_word' id='word_1_664' title='bbox 924 3147 992 3191; x_wconf 87' lang='grc' dir='ltr'>τὴν</span> <span class='ocrx_word' id='word_1_665' title='bbox 1025 3162 1082 3182; x_wconf 88' lang='lat' dir='ltr'>om.</span> <span class='ocrx_word' id='word_1_666' title='bbox 1108 3149 1159 3182; x_wconf 52' lang='grc' dir='ltr'>ΒΕ</span> <span class='ocrx_word' id='word_1_667' title='bbox 1187 3149 1200 3193; x_wconf 82' lang='grc' dir='ltr'>ΙΙ</span> <span class='ocrx_word' id='word_1_668' title='bbox 1230 3151 1249 3183; x_wconf 86' lang='grc'>5</span> <span class='ocrx_word' id='word_1_669' title='bbox 1279 3147 1364 3192; x_wconf 84' lang='grc' dir='ltr'><strong><em>ἡμῖν</em></strong></span> <span class='ocrx_word' id='word_1_670' title='bbox 1479 3153 1492 3183; x_wconf 86' lang='lat'>1</span> <span class='ocrx_word' id='word_1_671' title='bbox 1521 3149 1782 3182; x_wconf 82' lang='lat' dir='ltr'>obseruantiaR</span> <span class='ocrx_word' id='word_1_672' title='bbox 1798 3148 1811 3194; x_wconf 77' lang='grc' dir='ltr'>ΙΙ</span> <span class='ocrx_word' id='word_1_673' title='bbox 1837 3150 1857 3182; x_wconf 90' lang='grc'>2</span> <span class='ocrx_word' id='word_1_674' title='bbox 1881 3149 1996 3183; x_wconf 66' lang='lat' dir='ltr'>simodo</span> <span class='ocrx_word' id='word_1_675' title='bbox 2013 3148 2045 3181; x_wconf 83' lang='lat' dir='ltr'><em>R</em></span> <span class='ocrx_word' id='word_1_676' title='bbox 2064 3147 2076 3191; x_wconf 85' lang='grc' dir='ltr'>[Ι</span> <span class='ocrx_word' id='word_1_677' title='bbox 2098 3150 2118 3182; x_wconf 89' lang='grc'><strong>3</strong></span> <span class='ocrx_word' id='word_1_678' title='bbox 2139 3150 2188 3189; x_wconf 86' lang='lat' dir='ltr'>ut]</span> <span class='ocrx_word' id='word_1_679' title='bbox 2214 3150 2247 3182; x_wconf 86' lang='lat' dir='ltr'>et</span> <span class='ocrx_word' id='word_1_680' title='bbox 2269 3148 2346 3190; x_wconf 79' lang='lat' dir='ltr'>R¹n</span> <span class='ocrx_word' id='word_1_681' title='bbox 2365 3150 2384 3182; x_wconf 88' lang='grc'><strong>4</strong></span> <span class='ocrx_word' id='word_1_682' title='bbox 2409 3148 2505 3182; x_wconf 77' lang='lat' dir='ltr'>iuua-</span> 
     </span>
     <span class='ocr_line' id='line_1_54' title="bbox 287 3190 2504 3242; baseline -0.002 -11"><span class='ocrx_word' id='word_1_683' title='bbox 287 3195 387 3242; x_wconf 82' lang='grc' dir='ltr'><strong><em>(ὑμῖν</em></strong></span> <span class='ocrx_word' id='word_1_684' title='bbox 399 3197 461 3238; x_wconf 50' lang='grc' dir='ltr'>ΒΕ)</span> <span class='ocrx_word' id='word_1_685' title='bbox 486 3197 545 3228; x_wconf 85' lang='grc' dir='ltr'>καὶ</span> <span class='ocrx_word' id='word_1_686' title='bbox 569 3196 608 3228; x_wconf 80' lang='grc' dir='ltr'>έν</span> <span class='ocrx_word' id='word_1_687' title='bbox 632 3195 668 3228; x_wconf 89' lang='grc' dir='ltr'><em>Β</em></span> <span class='ocrx_word' id='word_1_688' title='bbox 684 3196 695 3236; x_wconf 82' lang='grc' dir='ltr'>ΙΙ</span> <span class='ocrx_word' id='word_1_689' title='bbox 713 3195 902 3239; x_wconf 77' lang='grc' dir='ltr'><strong><em>γενομένης</em></strong></span> <span class='ocrx_word' id='word_1_690' title='bbox 917 3194 1018 3235; x_wconf 75' lang='grc' dir='ltr'><strong><em>Μ(ς)]</em></strong></span> <span class='ocrx_word' id='word_1_691' title='bbox 1041 3196 1238 3240; x_wconf 79' lang='grc' dir='ltr'><strong><em>γενομένην</em></strong></span> <span class='ocrx_word' id='word_1_692' title='bbox 1252 3190 1363 3240; x_wconf 78' lang='grc' dir='ltr'><strong><em>(γενό-</em></strong></span> <span class='ocrx_word' id='word_1_693' title='bbox 1431 3206 1506 3227; x_wconf 87' lang='lat' dir='ltr'>mur</span> <span class='ocrx_word' id='word_1_694' title='bbox 1531 3195 1579 3228; x_wconf 87' lang='lat' dir='ltr'>V¹</span> <span class='ocrx_word' id='word_1_695' title='bbox 1593 3196 1625 3228; x_wconf 88' lang='grc' dir='ltr'><em>Τ</em></span> <span class='ocrx_word' id='word_1_696' title='bbox 1632 3195 1643 3215; x_wconf 93' lang='lat'><strong>¹</strong></span> <span class='ocrx_word' id='word_1_697' title='bbox 1667 3194 1703 3228; x_wconf 90' lang='lat' dir='ltr'>in</span> <span class='ocrx_word' id='word_1_698' title='bbox 1727 3198 1873 3227; x_wconf 83' lang='lat' dir='ltr'>nostram</span> <span class='ocrx_word' id='word_1_699' title='bbox 1896 3193 1944 3227; x_wconf 86' lang='lat' dir='ltr'>R¹</span> <span class='ocrx_word' id='word_1_700' title='bbox 1960 3193 1973 3238; x_wconf 82' lang='grc' dir='ltr'>ΙΙ</span> <span class='ocrx_word' id='word_1_701' title='bbox 1991 3193 2140 3226; x_wconf 83' lang='lat' dir='ltr'>iudicant</span> <span class='ocrx_word' id='word_1_702' title='bbox 2163 3194 2327 3232; x_wconf 85' lang='lat' dir='ltr'>(indicant</span> <span class='ocrx_word' id='word_1_703' title='bbox 2349 3193 2393 3234; x_wconf 88' lang='lat' dir='ltr'>V)</span> <span class='ocrx_word' id='word_1_704' title='bbox 2419 3194 2504 3233; x_wconf 76' lang='lat' dir='ltr'>libri,</span> 
     </span>
     <span class='ocr_line' id='line_1_55' title="bbox 287 3236 2504 3288; baseline -0.003 -11"><span class='ocrx_word' id='word_1_705' title='bbox 287 3255 398 3288; x_wconf 80' lang='grc' dir='ltr'><strong><em>μενον</em></strong></span> <span class='ocrx_word' id='word_1_706' title='bbox 422 3242 485 3283; x_wconf 60' lang='lat'>12⁰)</span> <span class='ocrx_word' id='word_1_707' title='bbox 509 3240 579 3274; x_wconf 89' lang='lat' dir='ltr'>LB</span> <span class='ocrx_word' id='word_1_708' title='bbox 600 3239 613 3283; x_wconf 72' lang='lat' dir='ltr'>fl</span> <span class='ocrx_word' id='word_1_709' title='bbox 646 3241 666 3272; x_wconf 88' lang='grc'><strong>6</strong></span> <span class='ocrx_word' id='word_1_710' title='bbox 690 3237 858 3281; x_wconf 79' lang='grc' dir='ltr'><strong><em>τεκούσης</em></strong></span> <span class='ocrx_word' id='word_1_711' title='bbox 877 3239 934 3280; x_wconf 86' lang='grc' dir='ltr'>Μ]</span> <span class='ocrx_word' id='word_1_712' title='bbox 966 3239 1143 3272; x_wconf 87' lang='grc' dir='ltr'><strong><em>τεκοῦσαν</em></strong></span> <span class='ocrx_word' id='word_1_713' title='bbox 1159 3240 1206 3281; x_wconf 88' lang='grc' dir='ltr'>Β,</span> <span class='ocrx_word' id='word_1_714' title='bbox 1228 3253 1285 3272; x_wconf 85' lang='lat' dir='ltr'>om.</span> <span class='ocrx_word' id='word_1_715' title='bbox 1301 3240 1330 3273; x_wconf 92' lang='lat' dir='ltr'><em>L</em></span> <span class='ocrx_word' id='word_1_716' title='bbox 1353 3239 1365 3281; x_wconf 80' lang='grc' dir='ltr'>ΙΙ</span> <span class='ocrx_word' id='word_1_717' title='bbox 1433 3253 1515 3272; x_wconf 85' lang='lat' dir='ltr'>corr.</span> <span class='ocrx_word' id='word_1_718' title='bbox 1535 3240 1666 3274; x_wconf 72' lang='lat' dir='ltr'>conitus</span> <span class='ocrx_word' id='word_1_719' title='bbox 1681 3239 1694 3282; x_wconf 85' lang='grc' dir='ltr'>ΙΙ</span> <span class='ocrx_word' id='word_1_720' title='bbox 1713 3239 1846 3282; x_wconf 81' lang='lat' dir='ltr'>quidam</span> <span class='ocrx_word' id='word_1_721' title='bbox 1869 3239 1961 3281; x_wconf 76' lang='grc'>17115</span> <span class='ocrx_word' id='word_1_722' title='bbox 1976 3241 2085 3271; x_wconf 75' lang='lat' dir='ltr'>mente</span> <span class='ocrx_word' id='word_1_723' title='bbox 2106 3236 2156 3271; x_wconf 60' lang='lat' dir='ltr'>Vb</span> <span class='ocrx_word' id='word_1_724' title='bbox 2171 3238 2184 3281; x_wconf 81' lang='grc' dir='ltr'>ΙΙ</span> <span class='ocrx_word' id='word_1_725' title='bbox 2202 3238 2393 3271; x_wconf 75' lang='lat' dir='ltr'>*uenientes</span> <span class='ocrx_word' id='word_1_726' title='bbox 2405 3237 2504 3280; x_wconf 70' lang='lat' dir='ltr'>libr-il]</span> 
     </span>
     <span class='ocr_line' id='line_1_56' title="bbox 292 3281 2501 3328; baseline -0.005 -4"><span class='ocrx_word' id='word_1_727' title='bbox 292 3291 330 3323; x_wconf 90' lang='grc'>11</span> <span class='ocrx_word' id='word_1_728' title='bbox 355 3290 476 3322; x_wconf 74' lang='lat' dir='ltr'>subscr.</span> <span class='ocrx_word' id='word_1_729' title='bbox 501 3298 560 3320; x_wconf 86' lang='lat' dir='ltr'>om.</span> <span class='ocrx_word' id='word_1_730' title='bbox 575 3284 624 3325; x_wconf 64' lang='lat' dir='ltr'>sti,</span> <span class='ocrx_word' id='word_1_731' title='bbox 646 3292 816 3328; x_wconf 79' lang='lat' dir='ltr'>praestant</span> <span class='ocrx_word' id='word_1_732' title='bbox 835 3296 864 3326; x_wconf 77' lang='grc' dir='ltr'><strong><em>ς,</em></strong></span> <span class='ocrx_word' id='word_1_733' title='bbox 888 3284 976 3317; x_wconf 78' lang='lat' dir='ltr'>Iu!.¹⁶</span> <span class='ocrx_word' id='word_1_734' title='bbox 994 3291 1023 3317; x_wconf 85' lang='lat' dir='ltr'>et</span> <span class='ocrx_word' id='word_1_735' title='bbox 1046 3284 1109 3318; x_wconf 86' lang='lat' dir='ltr'>Iul.</span> <span class='ocrx_word' id='word_1_736' title='bbox 1133 3285 1364 3323; x_wconf 65' lang='lat' dir='ltr'>Hae-uelimus,</span> <span class='ocrx_word' id='word_1_737' title='bbox 1432 3287 1647 3326; x_wconf 81' lang='lat' dir='ltr'>praesentem]</span> <span class='ocrx_word' id='word_1_738' title='bbox 1672 3287 1705 3317; x_wconf 86' lang='lat' dir='ltr'>et</span> <span class='ocrx_word' id='word_1_739' title='bbox 1729 3286 1931 3328; x_wconf 80' lang='lat' dir='ltr'>praesentem</span> <span class='ocrx_word' id='word_1_740' title='bbox 1956 3284 2011 3327; x_wconf 75' lang='lat' dir='ltr'>Vn</span> <span class='ocrx_word' id='word_1_741' title='bbox 2029 3294 2235 3316; x_wconf 80' lang='lat' dir='ltr'>communem</span> <span class='ocrx_word' id='word_1_742' title='bbox 2259 3281 2395 3327; x_wconf 77' lang='lat' dir='ltr'>V¹T¹u</span> <span class='ocrx_word' id='word_1_743' title='bbox 2414 3283 2434 3315; x_wconf 89' lang='grc'><strong>6</strong></span> <span class='ocrx_word' id='word_1_744' title='bbox 2450 3281 2501 3314; x_wconf 88' lang='lat' dir='ltr'>iu-</span> 
     </span>
     <span class='ocr_line' id='line_1_57' title="bbox 289 3325 2502 3374; baseline -0.005 -6"><span class='ocrx_word' id='word_1_745' title='bbox 289 3334 378 3374; x_wconf 54' lang='lat' dir='ltr'>Aue,</span> <span class='ocrx_word' id='word_1_746' title='bbox 394 3332 514 3366; x_wconf 75' lang='lat' dir='ltr'>Theoti.</span> <span class='ocrx_word' id='word_1_747' title='bbox 552 3331 584 3363; x_wconf 80' lang='lat' dir='ltr'>k.</span> <span class='ocrx_word' id='word_1_748' title='bbox 597 3330 687 3373; x_wconf 81' lang='lat' dir='ltr'>Sept.</span> <span class='ocrx_word' id='word_1_749' title='bbox 700 3329 763 3363; x_wconf 85' lang='lat' dir='ltr'>Iul.</span> <span class='ocrx_word' id='word_1_750' title='bbox 778 3329 965 3372; x_wconf 76' lang='grc' dir='ltr'><strong><em>ΔτΙι.(μηνὶ</em></strong></span> <span class='ocrx_word' id='word_1_751' title='bbox 980 3332 1210 3374; x_wconf 80' lang='grc' dir='ltr'><strong><em>σεπτεμβρίῳ</em></strong></span> <span class='ocrx_word' id='word_1_752' title='bbox 1220 3330 1364 3371; x_wconf 78' lang='grc' dir='ltr'><strong><em>ΤΙιεοᾱ.)]</em></strong></span> <span class='ocrx_word' id='word_1_753' title='bbox 1434 3341 1551 3363; x_wconf 83' lang='lat' dir='ltr'>namur</span> <span class='ocrx_word' id='word_1_754' title='bbox 1579 3331 1628 3363; x_wconf 70' lang='lat' dir='ltr'>T*</span> <span class='ocrx_word' id='word_1_755' title='bbox 1654 3330 1667 3374; x_wconf 74' lang='grc'>11</span> <span class='ocrx_word' id='word_1_756' title='bbox 1695 3329 1905 3373; x_wconf 76' lang='lat' dir='ltr'>*parientem</span> <span class='ocrx_word' id='word_1_757' title='bbox 1930 3330 2006 3362; x_wconf 84' lang='lat' dir='ltr'>libri</span> <span class='ocrx_word' id='word_1_758' title='bbox 2031 3329 2043 3372; x_wconf 89' lang='grc' dir='ltr'>ΙΙ</span> <span class='ocrx_word' id='word_1_759' title='bbox 2073 3331 2093 3363; x_wconf 88' lang='grc'><strong>9</strong></span> <span class='ocrx_word' id='word_1_760' title='bbox 2117 3328 2212 3361; x_wconf 87' lang='lat' dir='ltr'>nobis</span> <span class='ocrx_word' id='word_1_761' title='bbox 2234 3341 2292 3361; x_wconf 88' lang='lat' dir='ltr'>om.</span> <span class='ocrx_word' id='word_1_762' title='bbox 2315 3325 2375 3369; x_wconf 71' lang='lat' dir='ltr'>V}</span> <span class='ocrx_word' id='word_1_763' title='bbox 2396 3327 2502 3359; x_wconf 80' lang='lat' dir='ltr'>mani-</span> 
     </span>
     <span class='ocr_line' id='line_1_58' title="bbox 289 3370 2501 3420; baseline -0.003 -12"><span class='ocrx_word' id='word_1_764' title='bbox 289 3380 321 3412; x_wconf 82' lang='lat' dir='ltr'>k.</span> <span class='ocrx_word' id='word_1_765' title='bbox 339 3379 416 3412; x_wconf 80' lang='lat' dir='ltr'>Deo.</span> <span class='ocrx_word' id='word_1_766' title='bbox 443 3376 491 3420; x_wconf 68' lang='lat'>5!</span> <span class='ocrx_word' id='word_1_767' title='bbox 545 3377 580 3408; x_wconf 92' lang='lat' dir='ltr'>P.</span> <span class='ocrx_word' id='word_1_768' title='bbox 597 3375 677 3418; x_wconf 87' lang='lat' dir='ltr'>imp.</span> <span class='ocrx_word' id='word_1_769' title='bbox 697 3393 740 3398; x_wconf 86' lang='lat'>—-</span> <span class='ocrx_word' id='word_1_770' title='bbox 757 3385 843 3407; x_wconf 77' lang='lat' dir='ltr'>cons.</span> <span class='ocrx_word' id='word_1_771' title='bbox 866 3376 897 3414; x_wconf 81' lang='grc' dir='ltr'>ς]</span> <span class='ocrx_word' id='word_1_772' title='bbox 922 3374 1001 3417; x_wconf 88' lang='lat' dir='ltr'>imp.</span> <span class='ocrx_word' id='word_1_773' title='bbox 1023 3373 1078 3407; x_wconf 88' lang='lat' dir='ltr'>dn.</span> <span class='ocrx_word' id='word_1_774' title='bbox 1104 3374 1286 3407; x_wconf 84' lang='lat' dir='ltr'>Iustiniani</span> <span class='ocrx_word' id='word_1_775' title='bbox 1309 3385 1364 3418; x_wconf 89' lang='lat' dir='ltr'>pp.</span> <span class='ocrx_word' id='word_1_776' title='bbox 1433 3375 1516 3407; x_wconf 74' lang='lat' dir='ltr'>festa</span> <span class='ocrx_word' id='word_1_777' title='bbox 1539 3375 1608 3408; x_wconf 87' lang='lat' dir='ltr'>RT</span> <span class='ocrx_word' id='word_1_778' title='bbox 1627 3375 1640 3418; x_wconf 70' lang='lat' dir='ltr'>ss</span> <span class='ocrx_word' id='word_1_779' title='bbox 1667 3378 1702 3410; x_wconf 90' lang='grc'>11</span> <span class='ocrx_word' id='word_1_780' title='bbox 1730 3378 1850 3409; x_wconf 82' lang='lat' dir='ltr'>subscr.</span> <span class='ocrx_word' id='word_1_781' title='bbox 1876 3387 1956 3408; x_wconf 80' lang='lat' dir='ltr'>unas</span> <span class='ocrx_word' id='word_1_782' title='bbox 1977 3381 2125 3417; x_wconf 79' lang='lat' dir='ltr'>praestat</span> <span class='ocrx_word' id='word_1_783' title='bbox 2143 3373 2300 3407; x_wconf 62' lang='lat' dir='ltr'>Barna!</span> <span class='ocrx_word' id='word_1_784' title='bbox 2310 3370 2324 3414; x_wconf 75' lang='grc' dir='ltr'>ΙΙ</span> <span class='ocrx_word' id='word_1_785' title='bbox 2346 3371 2424 3403; x_wconf 85' lang='lat' dir='ltr'>dnn.</span> <span class='ocrx_word' id='word_1_786' title='bbox 2450 3372 2501 3403; x_wconf 90' lang='lat' dir='ltr'>iu-</span> 
     </span>
     <span class='ocr_line' id='line_1_59' title="bbox 289 3416 2502 3499; baseline -0.003 -43"><span class='ocrx_word' id='word_1_787' title='bbox 289 3434 407 3465; x_wconf 84' lang='lat' dir='ltr'>augus.</span> <span class='ocrx_word' id='word_1_788' title='bbox 432 3431 521 3455; x_wconf 77' lang='lat' dir='ltr'>anno</span> <span class='ocrx_word' id='word_1_789' title='bbox 543 3420 635 3453; x_wconf 85' lang='lat' dir='ltr'>XIII</span> <span class='ocrx_word' id='word_1_790' title='bbox 667 3419 790 3461; x_wconf 86' lang='lat' dir='ltr'>(XIIII</span> <span class='ocrx_word' id='word_1_791' title='bbox 815 3419 1053 3459; x_wconf 81' lang='lat' dir='ltr'>IIaenelianus)</span> <span class='ocrx_word' id='word_1_792' title='bbox 1080 3420 1143 3452; x_wconf 82' lang='lat' dir='ltr'>Iul.</span> <span class='ocrx_word' id='word_1_793' title='bbox 1183 3417 1366 3463; x_wconf 80' lang='grc' dir='ltr'><strong><em>βασιλείας</em></strong></span> <span class='ocrx_word' id='word_1_794' title='bbox 1432 3420 1577 3462; x_wconf 55' lang='lat' dir='ltr'>suniario</span> <span class='ocrx_word' id='word_1_795' title='bbox 1600 3420 1719 3454; x_wconf 81' lang='lat' dir='ltr'>Bamb.</span> <span class='ocrx_word' id='word_1_796' title='bbox 1737 3419 1750 3464; x_wconf 79' lang='grc' dir='ltr'>ΙΙ</span> <span class='ocrx_word' id='word_1_797' title='bbox 1782 3421 1822 3454; x_wconf 87' lang='grc'>12</span> <span class='ocrx_word' id='word_1_798' title='bbox 1844 3421 1925 3460; x_wconf 79' lang='lat' dir='ltr'>xm]</span> <span class='ocrx_word' id='word_1_799' title='bbox 1950 3429 2005 3453; x_wconf 79' lang='lat'>111</span> <span class='ocrx_word' id='word_1_800' title='bbox 2025 3419 2145 3452; x_wconf 85' lang='lat' dir='ltr'>Bamb.</span> <span class='ocrx_word' id='word_1_801' title='bbox 2169 3418 2182 3462; x_wconf 73' lang='grc' dir='ltr'>ΙΙ</span> <span class='ocrx_word' id='word_1_802' title='bbox 2213 3419 2253 3452; x_wconf 83' lang='grc'>15</span> <span class='ocrx_word' id='word_1_803' title='bbox 2277 3419 2411 3466; x_wconf 58' lang='grc' dir='ltr'><strong><em>ηιξῢιιιζειε</em></strong></span> <span class='ocrx_word' id='word_1_804' title='bbox 2435 3416 2467 3449; x_wconf 80' lang='lat' dir='ltr'><strong><em>R</em></strong></span> <span class='ocrx_word' id='word_1_805' title='bbox 2488 3416 2502 3499; x_wconf 57' lang='lat' dir='ltr'><em>H</em></span> 
     </span>
     <span class='ocr_line' id='line_1_60' title="bbox 288 3459 2483 3512; baseline -0.003 -11"><span class='ocrx_word' id='word_1_806' title='bbox 288 3465 541 3501; x_wconf 85' lang='grc' dir='ltr'><strong><em>Ἰουστινιανοῦ</em></strong></span> <span class='ocrx_word' id='word_1_807' title='bbox 565 3464 608 3498; x_wconf 88' lang='grc' dir='ltr'>τὸ</span> <span class='ocrx_word' id='word_1_808' title='bbox 635 3463 686 3510; x_wconf 86' lang='grc' dir='ltr'>ιγ’</span> <span class='ocrx_word' id='word_1_809' title='bbox 711 3460 883 3497; x_wconf 81' lang='grc' dir='ltr'><strong><em>ὑπατείας</em></strong></span> <span class='ocrx_word' id='word_1_810' title='bbox 903 3459 1078 3497; x_wconf 80' lang='grc' dir='ltr'><strong><em>Ἀπίωνος</em></strong></span> <span class='ocrx_word' id='word_1_811' title='bbox 1100 3465 1176 3497; x_wconf 77' lang='lat' dir='ltr'>Ath.</span> <span class='ocrx_word' id='word_1_812' title='bbox 1210 3465 1282 3498; x_wconf 65' lang='grc' dir='ltr'><strong><em>ἔτει</em></strong></span> <span class='ocrx_word' id='word_1_813' title='bbox 1304 3465 1367 3506; x_wconf 83' lang='grc' dir='ltr'>τῆς</span> <span class='ocrx_word' id='word_1_814' title='bbox 1434 3465 1476 3498; x_wconf 87' lang='grc'>22</span> <span class='ocrx_word' id='word_1_815' title='bbox 1499 3466 1630 3506; x_wconf 87' lang='lat' dir='ltr'>nomen]</span> <span class='ocrx_word' id='word_1_816' title='bbox 1655 3475 1774 3499; x_wconf 86' lang='lat' dir='ltr'>nomen</span> <span class='ocrx_word' id='word_1_817' title='bbox 1798 3465 1938 3498; x_wconf 80' lang='lat' dir='ltr'>secunde</span> <span class='ocrx_word' id='word_1_818' title='bbox 1962 3464 2044 3506; x_wconf 88' lang='lat' dir='ltr'>legis</span> <span class='ocrx_word' id='word_1_819' title='bbox 2066 3463 2115 3497; x_wconf 81' lang='lat' dir='ltr'>V·</span> <span class='ocrx_word' id='word_1_820' title='bbox 2138 3462 2152 3506; x_wconf 73' lang='grc' dir='ltr'>Ι</span> <span class='ocrx_word' id='word_1_821' title='bbox 2179 3460 2394 3504; x_wconf 70' lang='lat' dir='ltr'>legislatxoms</span> <span class='ocrx_word' id='word_1_822' title='bbox 2418 3460 2483 3512; x_wconf 41' lang='grc' dir='ltr'>Ε’-</span> 
     </span>
     <span class='ocr_line' id='line_1_61' title="bbox 291 3505 2501 3557; baseline -0.004 -12"><span class='ocrx_word' id='word_1_823' title='bbox 291 3511 472 3555; x_wconf 79' lang='grc' dir='ltr'><strong><em>βασιλείας</em></strong></span> <span class='ocrx_word' id='word_1_824' title='bbox 496 3509 546 3557; x_wconf 80' lang='grc' dir='ltr'>ιγ’</span> <span class='ocrx_word' id='word_1_825' title='bbox 562 3506 717 3551; x_wconf 78' lang='grc' dir='ltr'><strong><em>ὑπατείᾳ</em></strong></span> <span class='ocrx_word' id='word_1_826' title='bbox 739 3507 900 3543; x_wconf 81' lang='grc' dir='ltr'><strong><em>Ἀπίονος</em></strong></span> <span class='ocrx_word' id='word_1_827' title='bbox 925 3509 1044 3542; x_wconf 78' lang='lat' dir='ltr'>Theod.</span> <span class='ocrx_word' id='word_1_828' title='bbox 1071 3508 1084 3552; x_wconf 72' lang='lat' dir='ltr'>fl</span> <span class='ocrx_word' id='word_1_829' title='bbox 1110 3511 1151 3544; x_wconf 88' lang='lat'>15</span> <span class='ocrx_word' id='word_1_830' title='bbox 1165 3512 1252 3543; x_wconf 88' lang='lat' dir='ltr'>rubr.</span> <span class='ocrx_word' id='word_1_831' title='bbox 1276 3511 1366 3554; x_wconf 77' lang='grc' dir='ltr'><strong><em>Περὶ</em></strong></span> <span class='ocrx_word' id='word_1_832' title='bbox 1434 3510 1476 3542; x_wconf 84' lang='grc'>23</span> <span class='ocrx_word' id='word_1_833' title='bbox 1499 3510 1533 3542; x_wconf 87' lang='lat' dir='ltr'>in</span> <span class='ocrx_word' id='word_1_834' title='bbox 1559 3511 1670 3543; x_wconf 83' lang='lat' dir='ltr'>studio</span> <span class='ocrx_word' id='word_1_835' title='bbox 1695 3510 1788 3544; x_wconf 82' lang='lat' dir='ltr'>Beck</span> <span class='ocrx_word' id='word_1_836' title='bbox 1806 3511 1818 3552; x_wconf 78' lang='grc' dir='ltr'>ΙΙ</span> <span class='ocrx_word' id='word_1_837' title='bbox 1843 3511 1885 3544; x_wconf 83' lang='grc'>24</span> <span class='ocrx_word' id='word_1_838' title='bbox 1910 3511 1989 3542; x_wconf 77' lang='lat' dir='ltr'>haec</span> <span class='ocrx_word' id='word_1_839' title='bbox 2015 3510 2047 3542; x_wconf 87' lang='lat' dir='ltr'><em>T</em></span> <span class='ocrx_word' id='word_1_840' title='bbox 2067 3507 2081 3553; x_wconf 75' lang='grc' dir='ltr'>ΙΙ</span> <span class='ocrx_word' id='word_1_841' title='bbox 2103 3507 2211 3540; x_wconf 76' lang='lat' dir='ltr'>fuerat</span> <span class='ocrx_word' id='word_1_842' title='bbox 2232 3505 2410 3555; x_wconf 57' lang='lat' dir='ltr'>ltTvuqu</span> <span class='ocrx_word' id='word_1_843' title='bbox 2437 3506 2501 3538; x_wconf 77' lang='lat' dir='ltr'>suit</span> 
     </span>
     <span class='ocr_line' id='line_1_62' title="bbox 291 3549 2501 3601; baseline -0.002 -12"><span class='ocrx_word' id='word_1_844' title='bbox 291 3555 422 3589; x_wconf 75' lang='grc' dir='ltr'><strong><em>νόθων</em></strong></span> <span class='ocrx_word' id='word_1_845' title='bbox 433 3557 552 3590; x_wconf 80' lang='lat' dir='ltr'>Theod.</span> <span class='ocrx_word' id='word_1_846' title='bbox 571 3558 584 3598; x_wconf 72' lang='lat' dir='ltr'>fl</span> <span class='ocrx_word' id='word_1_847' title='bbox 601 3557 642 3589; x_wconf 90' lang='grc'>20</span> <span class='ocrx_word' id='word_1_848' title='bbox 655 3551 805 3600; x_wconf 81' lang='grc' dir='ltr'><strong><em>ὑπάρχω</em></strong></span> <span class='ocrx_word' id='word_1_849' title='bbox 814 3555 897 3596; x_wconf 84' lang='lat' dir='ltr'>ML,</span> <span class='ocrx_word' id='word_1_850' title='bbox 910 3566 992 3588; x_wconf 84' lang='lat' dir='ltr'>corr.</span> <span class='ocrx_word' id='word_1_851' title='bbox 1002 3555 1166 3599; x_wconf 73' lang='lat' dir='ltr'>Scrimqer</span> <span class='ocrx_word' id='word_1_852' title='bbox 1181 3554 1194 3598; x_wconf 80' lang='grc' dir='ltr'>ΙΙ</span> <span class='ocrx_word' id='word_1_853' title='bbox 1213 3555 1253 3588; x_wconf 88' lang='grc'>21</span> <span class='ocrx_word' id='word_1_854' title='bbox 1268 3550 1365 3600; x_wconf 64' lang='lat'><strong><em>‹3930-</em></strong></span> <span class='ocrx_word' id='word_1_855' title='bbox 1441 3554 1498 3596; x_wconf 75' lang='lat' dir='ltr'>Vu</span> <span class='ocrx_word' id='word_1_856' title='bbox 1521 3554 1752 3598; x_wconf 77' lang='lat' dir='ltr'>alienigerium</span> <span class='ocrx_word' id='word_1_857' title='bbox 1778 3555 1809 3588; x_wconf 81' lang='lat' dir='ltr'><em>R</em></span> <span class='ocrx_word' id='word_1_858' title='bbox 1835 3555 1847 3598; x_wconf 76' lang='lat' dir='ltr'>fl</span> <span class='ocrx_word' id='word_1_859' title='bbox 1879 3556 1920 3589; x_wconf 90' lang='grc'>25</span> <span class='ocrx_word' id='word_1_860' title='bbox 1946 3557 1978 3587; x_wconf 89' lang='lat' dir='ltr'>et</span> <span class='ocrx_word' id='word_1_861' title='bbox 2002 3566 2059 3586; x_wconf 84' lang='lat' dir='ltr'>om.</span> <span class='ocrx_word' id='word_1_862' title='bbox 2075 3552 2124 3585; x_wconf 84' lang='lat' dir='ltr'>R¹</span> <span class='ocrx_word' id='word_1_863' title='bbox 2192 3559 2282 3601; x_wconf 62' lang='lat' dir='ltr'>emm</span> <span class='ocrx_word' id='word_1_864' title='bbox 2304 3549 2401 3600; x_wconf 52' lang='lat' dir='ltr'>mod?</span> <span class='ocrx_word' id='word_1_865' title='bbox 2426 3550 2457 3582; x_wconf 85' lang='lat' dir='ltr'><em>R</em></span> <span class='ocrx_word' id='word_1_866' title='bbox 2488 3550 2501 3595; x_wconf 80' lang='grc' dir='ltr'>ΙΙ</span> 
     </span>
     <span class='ocr_line' id='line_1_63' title="bbox 292 3594 2501 3690; baseline -0.002 -13"><span class='ocrx_word' id='word_1_867' title='bbox 292 3598 1266 3685; x_wconf 45' lang='grc' dir='ltr'>ΜΜΕΉ</span> <span class='ocrx_word' id='word_1_868' title='bbox 1398 3627 1402 3685; x_wconf 72' lang='grc'>,</span> <span class='ocrx_word' id='word_1_869' title='bbox 1598 3600 1961 3690; x_wconf 62' lang='lat'>„¹¹2</span> <span class='ocrx_word' id='word_1_870' title='bbox 1985 3594 2184 3677; x_wconf 55' lang='lat' dir='ltr'>gisel</span> <span class='ocrx_word' id='word_1_871' title='bbox 2200 3595 2501 3682; x_wconf 45' lang='grc' dir='ltr'>ιη’</span> 
     </span>
     <span class='ocr_line' id='line_1_64' title="bbox 292 3658 1662 3734; baseline 0.002 -13"><span class='ocrx_word' id='word_1_872' title='bbox 292 3700 380 3732; x_wconf 84' lang='grc' dir='ltr'><strong><em>ματι</em></strong></span> <span class='ocrx_word' id='word_1_873' title='bbox 396 3690 423 3722; x_wconf 88' lang='lat' dir='ltr'><em>L</em></span> <span class='ocrx_word' id='word_1_874' title='bbox 441 3687 490 3731; x_wconf 64' lang='grc' dir='ltr'>1η</span> <span class='ocrx_word' id='word_1_875' title='bbox 512 3658 689 3733; x_wconf 56' lang='grc' dir='ltr'><strong><em>ἕωμαίων</em></strong></span> <span class='ocrx_word' id='word_1_876' title='bbox 713 3688 914 3732; x_wconf 74' lang='grc' dir='ltr'><strong><em>νομοθεσία</em></strong></span> <span class='ocrx_word' id='word_1_877' title='bbox 928 3689 958 3722; x_wconf 84' lang='lat' dir='ltr'><em>L</em></span> <span class='ocrx_word' id='word_1_878' title='bbox 973 3690 986 3734; x_wconf 67' lang='grc' dir='ltr'><strong>ἥ</strong></span> <span class='ocrx_word' id='word_1_879' title='bbox 1005 3690 1048 3723; x_wconf 87' lang='grc'>26</span> <span class='ocrx_word' id='word_1_880' title='bbox 1067 3690 1363 3730; x_wconf 83' lang='grc' dir='ltr'><strong><em>Κωνσταντίνου]</em></strong></span> <span class='ocrx_word' id='word_1_881' title='bbox 1399 3690 1401 3708; x_wconf 86' lang='lat'><strong>¹</strong></span> <span class='ocrx_word' id='word_1_882' title='bbox 1431 3698 1518 3722; x_wconf 84' lang='lat' dir='ltr'>sores</span> <span class='ocrx_word' id='word_1_883' title='bbox 1542 3703 1599 3723; x_wconf 87' lang='lat' dir='ltr'>om.</span> <span class='ocrx_word' id='word_1_884' title='bbox 1613 3690 1662 3723; x_wconf 66' lang='grc' dir='ltr'>Β*</span> 
     </span>
    </p>

    <p class='ocr_par' dir='ltr' id='par_1_21' title="bbox 300 3709 1402 3777">
     <span class='ocr_line' id='line_1_65' title="bbox 300 3709 1402 3777; baseline 0.002 -10"><span class='ocrx_word' id='word_1_885' title='bbox 300 3734 376 3767; x_wconf 82' lang='lat' dir='ltr'>Cod.</span> <span class='ocrx_word' id='word_1_886' title='bbox 393 3735 424 3774; x_wconf 88' lang='lat'>5,</span> <span class='ocrx_word' id='word_1_887' title='bbox 439 3740 483 3773; x_wconf 64' lang='grc' dir='ltr'>ιτ,</span> <span class='ocrx_word' id='word_1_888' title='bbox 499 3741 510 3767; x_wconf 86' lang='grc' dir='ltr'>ι</span> <span class='ocrx_word' id='word_1_889' title='bbox 530 3738 542 3776; x_wconf 75' lang='lat' dir='ltr'>u</span> <span class='ocrx_word' id='word_1_890' title='bbox 558 3735 600 3767; x_wconf 85' lang='lat'>32</span> <span class='ocrx_word' id='word_1_891' title='bbox 619 3733 836 3777; x_wconf 72' lang='grc' dir='ltr'><strong><em>νομοθεσίας</em></strong></span> <span class='ocrx_word' id='word_1_892' title='bbox 857 3735 887 3768; x_wconf 83' lang='lat' dir='ltr'><em>L</em></span> <span class='ocrx_word' id='word_1_893' title='bbox 1397 3709 1402 3769; x_wconf 67' lang='grc'>1</span> 
     </span>
    </p>
   </div>
  </div>
 </body>
</html>
