2618 4010
279 126 387 171 Nov.
418 128 542 170 XXX
574 132 597 170 7
662 131 666 134 ’

281 240 301 275 1
348 235 629 273 πολλαπλάσιον.
689 236 792 274 Ἀλλὰ
822 242 882 274 καὶ
911 237 979 283 τὴν
1009 236 1117 274 πόλιν
1148 236 1355 285 διαφυλάξει

282 287 464 318 παντοίως
488 280 676 329 ἀτάραχον,
709 287 768 318 καὶ
793 284 920 319 στάσιν
943 282 983 319 οὗ
1007 283 1228 331 συγχωρήσει
1251 283 1354 330 λυμή-

282 328 422 362 νασθαι
452 329 505 371 τῷ
537 326 781 373 πολιτεύματι.
828 330 910 364 τούς
942 328 1129 373 δημοσίους
1156 341 1196 363 τε
1227 327 1356 376 φόρους

282 371 470 419 ἀγρύπνως
493 376 552 406 καὶ
575 373 665 414 μετὰ
686 372 911 417 δικαιοσύνης
933 373 1118 419 εἰςπράξει,
1149 371 1255 408 οὐδὲν
1276 375 1356 409 τῶν

282 415 365 452 κατ’
394 419 546 452 ἐκείνους
569 416 714 462 ἀμελῶν
744 417 826 453 οὐδὲ
848 421 1043 466 συγχωρῶν
1071 417 1092 461 ἢ
1116 417 1158 453 τὸ
1182 417 1356 463 δημόσιον

281 460 303 505 ἢ
325 461 406 496 τοὺς
436 461 583 497 ἰδιώτας
614 463 703 498 κατά
735 477 771 498 τι
803 467 885 511 περὶ
914 463 961 498 τὰ
987 464 1101 497 οἰκεῖα
1124 464 1355 508 ζημιοῦσθαι,

281 507 339 541 οἷα
367 508 436 549 τὴν
458 507 550 542 κατὰ
578 506 731 543 πάντων
759 509 926 549 ἐξουσίαν
948 510 1052 551 ἔχων,
1084 508 1155 543 εἴτε
1179 510 1355 554 στρατιῶ-

281 566 342 587 ται
373 553 444 587 εἴτε
475 553 689 599 σκρινιάοιοι
723 555 802 588 τῶν
832 567 873 588 τε
904 551 1152 594 ἐνδοξοτάτων
1188 551 1356 599 ἐπάρχων

280 599 358 632 τῶν
381 611 421 632 τε
443 586 711 645 ἀνδρειοτάτων
734 599 805 633 εἶεν
824 599 1052 651 στρατηγῶν,
1077 599 1148 633 εἴτε
1167 597 1357 642 πολιτικὴν

1337 125 1422 174 230

2118 143 2179 175 DE
2205 141 2494 176 Pnocousnu:

1422 241 1444 276 1
1489 239 1561 275 Sed
1592 241 1628 275 et
1659 239 1834 276 civitatem
1864 242 2019 278 servabit
2041 242 2117 278 sine
2144 243 2238 278 omni
2261 241 2427 286 tumultu,
2457 245 2493 278 et

1424 284 1588 320 seditioni
1612 294 1684 320 non
1706 285 1886 330 permittet
1908 286 2117 334 depopulari
2139 287 2404 332 rempublicam,
2430 287 2491 324 fis-

1425 330 1587 374 caliaque
1606 329 1743 365 tributa
1761 329 1945 374 vigilanter
1961 336 1998 367 et
2017 343 2098 369 cum
2117 333 2254 369 iustitia
2272 332 2401 377 exiget,
2425 342 2493 368 nec

1423 374 1460 409 in
1482 374 1552 409 illis
1572 374 1759 420 neglegens
1783 385 1896 428 neque
1915 377 2122 422 permittens
2142 381 2207 413 aut
2225 377 2408 423 publicum
2430 382 2494 413 aut

1391 423 1410 455 5
1424 419 1580 464 privatos
1604 420 1641 454 in
1664 419 1783 464 aliquo
1809 429 1906 456 circa
1926 423 2072 474 propria
2094 423 2205 466 laedi,
2237 426 2362 468 utpote
2385 432 2494 476 super

1424 474 1546 499 omnes
1570 468 1782 509 potestatem
1802 464 1948 508 habens,
1973 476 2046 503 sive
2067 467 2196 503 milites
2221 468 2293 503 sive
2318 467 2493 503 scriniaru

1423 508 1756 554 gloriosissimorum
1773 509 2037 554 praefectorum
2052 515 2116 548 aut
2131 512 2406 548 fortissimorum
2422 512 2494 548 sint

1423 554 1674 599 magistrorum
1696 554 1866 597 militum,
1898 555 1970 591 sive
1993 556 2127 592 civilem
2156 558 2314 593 habeant
2336 557 2494 593 ordinem

1426 599 1500 635 sive
1522 599 1652 634 aerarii
1676 599 1865 644 cingulum,
1894 600 1966 636 sive
1988 601 2178 638 maioribus
2203 603 2275 638 sive
2298 602 2494 638 minoribus

281 645 396 684 ἔχοιεν
426 642 530 684 τάξιν
562 644 632 677 εἴτε
662 656 860 688 ταμειακην
893 646 1024 696 ζωνην,
1056 644 1127 678 εἴτε
1158 645 1217 679 ἐπὶ
1238 642 1355 688 μειζό-
1371 646 1412 679 10
1425 643 1656 689 dignitatibus
1687 648 1785 687 sunt,
1822 644 1896 680 sive
1925 645 2019 680 inter
2050 647 2252 684 sacerdotes
2282 647 2493 683 ministrent.

281 701 359 722 νων
384 688 455 722 εἴτε
487 686 548 724 ἐπ’
575 688 781 723 ἐλαττόνων
803 686 1025 732 ᾇξιωματων
1055 688 1128 723 εἶεν
1150 689 1222 723 εἴτε
1245 691 1285 724 ἐν
1310 688 1356 723 ἱε-

281 735 380 778 ρεῦσι
410 732 555 768 τελοῖεν.
602 733 649 768 εἷς
678 734 746 781 γὰρ
777 732 879 767 οὗτος
907 729 1046 767 ἅπασιν
1069 733 1191 787 ἅρχων
1213 733 1357 777 ἐπιστή-

281 790 384 812 σεται
407 780 468 821 τῆς
491 792 531 813 τε
553 775 658 812 αὐτὸς
682 776 790 812 αὑτοῦ
814 776 917 822 δόξης
939 779 1017 813 τῶν
1034 792 1074 813 τε
1094 782 1277 833 ημετέρων
1299 779 1357 813 νό-

1424 689 1527 725 Unus
1550 689 1642 725 enim
1666 689 1734 725 iste
1755 689 1919 725 omnibus
1942 690 2051 726 iudex
2065 701 2151 736 prae
2177 692 2296 728 onitur
2314 696 2387 728 tam
2408 702 2495 728 suae

1424 734 1556 778 gloriae
1580 744 1685 779 quam
1708 736 1911 770 nostrarum
1935 735 2050 779 legum
2073 737 2127 772 vel
2174 738 2207 773 ei
2222 747 2310 783 prae
2330 737 2495 773 omnibus

1424 789 1567 815 memor.
1615 779 1683 814 Hic
1707 779 1828 824 itaque
1877 779 2014 815 ublicas
2038 780 2237 818 functiones
2285 793 2325 818 er
2342 792 2494 828 procon-

279 836 363 867 μων
392 826 456 857 τοῦ
487 837 527 858 τε
550 824 640 858 θεοῦ
673 823 743 869 πρὸ
767 821 920 867 πάντων
945 837 989 868 με
1017 827 1180 867 νημένος·
1215 821 1253 859 ὃς
1275 823 1357 859 τοὺς
1424 824 1543 860 sulare
1574 824 1729 860 officium
1753 824 1836 860 inde
1864 825 1998 860 cienter
2027 825 2158 862 inferre
2178 837 2266 863 cura
2289 828 2333 872 it,
2366 827 2495 863 aerarii

280 870 348 912 μὲν
379 867 566 913 δημοσίους
598 868 727 915 φόρους
756 867 814 902 διὰ
843 869 904 911 τῆς
927 866 971 903 ἀν
1004 870 1201 912 υπατιανῆς
1223 867 1358 910 τάξεως
1373 873 1411 905 15
1423 879 1506 905 vero
1528 874 1696 915 quaestus
1720 879 1783 915 per
1801 869 1981 906 subiectas
2006 870 2136 906 dudum
2158 871 2210 906 illi
2229 872 2305 908 sedi
2321 883 2494 918 personas

280 911 481 948 άνελλιπῶς
513 914 775 956 εἰςκομίζεσθαι
810 916 989 959 φροντιεῖ,
1024 914 1105 949 τοὺς
1141 912 1182 948 δὲ
1211 927 1355 959 ταμεια-

281 958 360 993 noire
384 958 514 1004 πόρους
538 957 597 992 διὰ
621 960 698 993 τῶν
720 957 966 1002 ὑποκειμένων
992 961 1117 1003 ἐκείνῳ
1142 957 1271 1007 πρώην
1302 961 1355 1004 τῷ

280 1002 408 1049 θρόνῳ
441 1002 646 1049 προςώπων
674 1004 829 1044 εἰςοίσει,
860 1006 919 1037 καὶ
947 1007 1021 1039 τοῖς
1052 1004 1091 1045 ἐξ
1122 1005 1231 1039 ἔθους
1254 1016 1356 1052 προς-

279 1051 510 1101 ταττομεζιόις
530 1049 630 1095 παρὰ
645 1050 723 1083 τῶν
740 1046 990 1104 ἐνδοξοτάτων
1005 1054 1260 1095 πραιποσίτων
1277 1052 1355 1085 τῶν

1423 914 1559 957 offeret,
1590 919 1627 950 et
1650 915 1699 950 eis
1724 915 1786 960 qui
1809 925 1853 950 ex
1878 915 2135 951 consuetudine
2164 916 2353 953 mittuntur
2375 928 2397 953 a
2443 917 2493 953 lo-

1423 960 1628 996 riosissimis
1649 960 1863 1005 praepositis
1884 970 2068 996 sacrorum
2088 963 2291 997 nostrorum
2307 962 2405 998 inten
2432 972 2495 998 ens

1424 1005 1687 1050 cubiculorum3
1730 1016 1803 1041 non
1838 1005 2037 1042 valentibus
2077 1015 2140 1051 per
2173 1009 2314 1051 tempus
2351 1007 2495 1044 directis

1424 1050 1659 1086 canonicariis
1685 1050 1749 1103 (a).
1764 1051 2019 1095 gloriosissimo
2044 1051 2247 1096 praeposito
2272 1062 2384 1096 usque
2407 1053 2494 1089 obo-

279 1094 399 1127 θείων
423 1094 525 1146 ημῷν
544 1097 725 1138 προςέχων
744 1105 950 1129 κοιτωνων·
973 1095 1023 1138 μὴ
1043 1092 1257 1147 δυναμένων
1277 1097 1354 1130 τῶν
1368 1097 1410 1129 20
1423 1095 1495 1130 lum
1527 1106 1636 1131 unum
1673 1106 1836 1141 accipere
1870 1096 2005 1140 aliquid
2039 1098 2103 1131 aut
2132 1096 2273 1132 nomino
2304 1101 2495 1133 consuetu-

279 1138 371 1172 κατὰ
399 1152 524 1185 καιρον
550 1141 836 1183 ἐκπεμπομένων
866 1144 1131 1186 κανονικαρίων
1161 1153 1261 1188 παρα
1290 1142 1353 1175 τοῦ

279 1182 514 1224 ἐνδοξοτάτου
538 1188 777 1228 πραιποσίτου
799 1187 901 1230 μέχρι
924 1182 1053 1228 ὀβολοῦ
1083 1186 1173 1231 γοῦν
1197 1185 1275 1220 ἑνὸς
1298 1199 1353 1220 κο·

277 1229 455 1274 μίζεσθαί
474 1242 511 1263 τι
535 1227 556 1272 ἢ
579 1227 731 1273 ὀνόματι
755 1230 964 1273 συνηθειῶν
988 1229 1010 1272 ἢ
1034 1230 1156 1276 ἑτέρας
1177 1232 1238 1274 τῆς
1261 1230 1353 1265 olas-

278 1275 344 1308 οῦν
383 1275 498 1308 αἰτίας
537 1274 634 1321 παρὰ
673 1276 736 1309 τοῦ
777 1273 869 1309 κατὰ
909 1274 1033 1320 καιρὸν
1072 1280 1292 1320 σουμμαριόυ
1332 1274 1354 1319 ἢ

1423 1140 1545 1176 dinum
1578 1143 1644 1176 aut
1677 1141 1823 1176 alterius
1861 1141 2049 1176 cuiuslibet
2087 1151 2218 1177 causae
2252 1151 2275 1176 a
2309 1142 2497 1187 temporali

1423 1186 1614 1221 summario
1649 1190 1714 1221 aut
1743 1185 1907 1230 publicas
1946 1186 2149 1222 exactiones
2181 1186 2398 1223 facientibus
2433 1191 2498 1222 aut

1423 1231 1609 1276 spectabili
1632 1231 1845 1276 proconsule
1868 1233 1934 1266 aut
1953 1232 2071 1267 officio
2097 1232 2172 1267 eius
2196 1235 2260 1267 aut
2278 1231 2334 1268 his
2354 1231 2415 1277 qui
2434 1243 2495 1268 vo-

1424 1281 1551 1311 cantur
1573 1276 1807 1312 instructores
1831 1280 1896 1311 aut
1914 1276 2127 1322 praepositis
2150 1280 2215 1312 aut
2237 1277 2308 1312 alia
2326 1288 2496 1322 quacum-

278 1321 357 1353 τῶν
379 1318 441 1354 τὰς
465 1318 637 1368 δημοσίας
658 1318 851 1375 εἰςζτράξεις
874 1324 1102 1364 ποιουμένων
1124 1321 1146 1364 ἢ
1169 1334 1352 1374 τεουκπερι-
1367 1323 1408 1356 25
1423 1331 1492 1365 que
1514 1331 1668 1366 persona
1692 1322 1906 1366 competenti
1938 1332 2062 1357 sacrae
2091 1324 2237 1358 nostrae
2260 1322 2495 1358 substantiae.

278 1364 436 1409 βλέπτου
458 1363 674 1400 ἀνθυπάτου
703 1379 725 1409 η
755 1377 816 1408 της
845 1364 978 1406 τάξεως
1006 1367 1068 1409 τῆς
1092 1363 1200 1400 αὐτου
1231 1379 1252 1409 η
1275 1368 1354 1400 τῶν

278 1409 510 1464 καλουμένων
533 1412 838 1444 κατασκευαστῶν
866 1408 888 1453 ἢ
918 1415 1159 1455 πραιποσίτου
1187 1408 1210 1454 ἢ
1232 1411 1353 1458 ἑτέρου

278 1453 490 1498 οἱουδηποτε
514 1457 704 1502 προςιὸπου
728 1454 920 1498 ἀνήκοντος
943 1457 987 1503 τῇ
1014 1456 1107 1499 θείῳ
1132 1453 1234 1501 ἡμῶν
1255 1469 1351 1502 περι·

1422 1365 1588 1401 Militaris
1612 1368 1733 1401 autem
1756 1376 1882 1402 manus
1907 1367 2047 1411 utrique
2068 1377 2177 1402 curae
2196 1367 2324 1403 horum
2344 1367 2495 1402 auxilia-

1421 1411 1530 1454 bitur,
1550 1412 1813 1456 removebitque
1833 1412 2036 1456 potentibus
2057 1411 2343 1448 obsecundantes
2367 1417 2404 1447 et
2422 1423 2495 1448 non

1422 1456 1514 1491 sinet
1543 1455 1692 1501 praedia
1724 1456 1899 1492 devastari
1933 1460 1970 1492 et
1983 1494 1986 1497 ,
1999 1457 2197 1493 latrociniis
2230 1456 2346 1502 affici;
2382 1467 2496 1503 neque

277 1505 392 1543 ουσία.
439 1503 481 1534 τὸ
506 1500 770 1555 στρατιωτικὸν
799 1499 840 1535 δὲ
863 1501 1014 1547 ἑκατέρᾳ
1042 1503 1122 1535 τῶν
1145 1500 1353 1548 φροντίδων
1420 1501 1498 1546 ipse
1523 1500 1724 1537 circumibit
1748 1511 1801 1544 ea,
1833 1501 1928 1537 sicut
1958 1502 2094 1546 pridem
2124 1501 2306 1537 faciebant
2337 1504 2494 1538 comites.

276 1543 420 1580 τούτων
443 1547 637 1590 βοηθησει,
670 1546 800 1581 παύσει
827 1559 867 1580 τε
889 1545 971 1580 τοὺς
1000 1546 1079 1580 τῶν
1104 1544 1272 1580 δυνατῶν
1295 1545 1350 1580 δο-
1365 1549 1407 1581 30
1422 1546 1491 1581 Sed
1524 1557 1639 1592 neque
1669 1547 1739 1583 loci
1766 1549 1964 1582 servatores
1996 1547 2206 1588 destinabit,
2244 1547 2305 1582 sed
2335 1547 2495 1583 locorum

277 1589 450 1637 ρυφὸρους
481 1594 539 1624 καὶ
571 1589 611 1625 οὐ
643 1590 862 1638 συγχωρήσει
893 1590 939 1625 τὰ
971 1595 1087 1633 χωοία
1121 1591 1351 1638 πορθεῖσθαι
1419 1590 1666 1627 defensoribus
1693 1596 1729 1628 et
1758 1592 1819 1638 qui
1844 1602 1888 1628 ex
1915 1591 1991 1628 eius
2019 1592 2138 1628 officio
2164 1594 2249 1628 Sunt
2275 1592 2322 1628 ad
2340 1592 2495 1629 ministe—

278 1639 338 1670 καὶ
375 1635 630 1683 λῃστεύεσθαι·
671 1635 755 1670 οὐδὲ
790 1633 896 1670 αὐτὸς
931 1624 1188 1682 παρελεύσεται
1224 1639 1350 1678 ταῦτα,
1417 1636 1511 1672 rium
1535 1637 1656 1672 utitur.

278 1681 447 1726 καθάπερ
481 1682 517 1715 οἱ
546 1671 852 1727 πρώηνχέποίουν
887 1678 1046 1726 κόμητες.
1093 1680 1134 1716 οὔ
1165 1681 1237 1726 μὴν
1269 1679 1352 1716 οὐδὲ

278 1726 521 1772 τοποτηρητὰς
544 1729 729 1772 ἐκπέμψει,
753 1724 843 1760 ἀλλὰ
863 1730 936 1760 τοῖς
957 1728 1035 1761 τῶν
1054 1724 1182 1762 τόπων
1202 1725 1352 1762 ἐκδίκοις

277 1775 336 1805 καὶ
359 1776 431 1805 τοῖς
454 1774 493 1806 ἐκ
522 1773 584 1815 τῆς
608 1770 716 1806 αὑτοῦ
740 1769 874 1812 τάξεως
897 1770 985 1818 πρὸς
1006 1769 1100 1806 ὑπου
1147 1776 1208 1806 ίαν
1229 1771 1350 1819 χρήσει·
1365 1775 1405 1807 35

277 1817 302 1852 2
347 1830 417 1851 ται.
461 1817 493 1851 εἰ
507 1815 550 1851 δέ
566 1830 636 1852 που
656 1821 715 1851 καὶ
735 1819 975 1864 στρατιωτῶν
990 1815 1089 1861 αὐτῷ
1131 1817 1252 1860 εήσειε,
1271 1817 1352 1852 τοὺς
1419 1817 1443 1853 2
1489 1817 1527 1853 Si
1558 1827 1641 1854 vero
1677 1817 1809 1853 alicubi
1839 1818 1947 1853 etiam
1978 1817 2149 1853 militibus
2179 1821 2297 1863 egeat,
2333 1828 2377 1854 ex
2407 1818 2494 1854 loeis

277 1864 316 1896 ἐκ
347 1863 425 1897 τῶν
455 1862 583 1905 ‘can-mv
615 1864 654 1897 ἐν
684 1861 734 1897 οἷς
765 1859 786 1906 ἡ
814 1865 916 1908 χρεία
944 1861 1046 1896 καλεῖ
1070 1863 1226 1906 βοηθεῖν
1250 1874 1351 1909 προς·
1422 1862 1551 1907 quibus
1576 1872 1687 1898 causa
1717 1866 1823 1898 vocat
1852 1863 2013 1898 adiuvari
2042 1863 2250 1908 praecipiat,
2281 1867 2318 1899 et
2347 1863 2407 1899 isti
2433 1874 2493 1899 ex-

276 1905 393 1948 τάξει·
418 1911 477 1941 καὶ
495 1906 593 1942 οὗτοι
609 1905 787 1942 δαπάναις
802 1908 946 1941 οἰκείαις
963 1906 1084 1942 πάντα
1099 1907 1275 1953 πράξουσι
1291 1911 1352 1941 καὶ
1421 1908 1540 1952 pensis
1563 1908 1718 1953 propriis
1735 1908 1853 1943 omnia
1872 1912 1980 1952 agant
2004 1911 2039 1943 et
2056 1909 2145 1943 nihil
2165 1908 2393 1945 damnificent
2410 1909 2495 1944 sub-

277 1951 383 1987 οὑδὲν
407 1951 625 1997 ζημιώσουσι
647 1951 728 1987 τοὺς
750 1950 923 1995 ὑπηκόους
948 1949 1032 1986 οὐδὲ
1054 1950 1355 1987 καταναλώσουσί
1421 1953 1532 1988 iectos
1564 1962 1678 1998 neque
1709 1953 1912 1998 expendant
1942 1953 2076 1997 aliquid
2095 1954 2219 1998 gratis.
2267 1954 2336 1990 Sed
2360 1958 2396 1990 et
2418 1954 2496 1999 ipse

275 2011 313 2032 τι
336 2001 478 2042 προῖκα.
526 1995 604 2032 ἀλλ’
629 1995 734 2032 αὐτός
758 2010 794 2032 τε
818 1995 961 2031 τούτων
984 1995 1152 2042 ἀφέξεται
1173 1996 1354 2044 χρώμενος
1366 2002 1408 2033 40
1421 1998 1478 2034 his
1510 1998 1706 2034 abstinebit
1737 2003 1841 2033 utens
1873 1998 2073 2043 sumptibus
2103 1999 2256 2043 propriis
2280 1999 2495 2053 ubicumque

277 2041 456 2078 δαπάναις
483 2044 627 2077 οἰκείαις
655 2043 753 2077 ἔνθα
783 2041 828 2076 ἂν
852 2043 916 2085 εἴη,
948 2040 1015 2076 κᾶν
1046 2043 1078 2077 εἰ
1108 2043 1197 2087 πρὸς
1225 2043 1353 2089 ἑτέραν
1421 2043 1547 2087 fuerit,
1588 2043 1644 2078 vel
1679 2043 1711 2079 si
1745 2043 1792 2078 ad
1827 2043 1932 2078 aliam
1968 2053 2049 2078 eum
2082 2044 2342 2089 praecipiamus
2378 2054 2496 2080 vemre

277 2086 389 2123 αι’-τὸν
412 2088 672 2135 προςτάξαιμεν
695 2087 819 2122 ἐλθεῖν
840 2086 975 2135 χώραν,
999 2085 1019 2122 ὅ
1037 2100 1077 2122 τε
1097 2085 1272 2136 πάρεδρος
1292 2085 1351 2122 αὖ·

275 2180 295 2214 1
344 2177 417 2214 Sed
438 2180 545 2214 etiam
568 2178 691 2214 urbem
713 2177 868 2213 servabit
891 2177 935 2212 ab
961 2178 1058 2213 omni
1077 2177 1351 2224 perturbatione
1374 2177 1534 2220 liberam,
1558 2188 1624 2213 nec
1640 2177 1850 2214 seditionem
1873 2179 2037 2224 qrassari
2058 2179 2098 2214 in
2117 2178 2301 2225 republica
2318 2178 2493 2225 patietur.

276 2227 336 2259 Ac
356 2223 489 2259 tributa
503 2224 655 2270 publica
676 2223 869 2269 viqilanter
892 2227 928 2259 et
946 2233 1026 2258 cum
1043 2223 1183 2258 iustitia
1203 2222 1339 2269 exiqet,
1362 2222 1454 2257 nihil
1476 2221 1575 2268 quod
1597 2222 1647 2257 ad
1669 2233 1712 2258 ea
1728 2223 1891 2269 pertinet
1912 2223 2106 2270 neqleqens
2135 2234 2201 2259 nec
2220 2223 2437 2270 permittens
2455 2227 2496 2259 ut

276 2274 341 2304 aut
359 2269 472 2314 fiscus
496 2274 560 2304 aut
576 2269 719 2315 privati
739 2268 815 2303 ullo
838 2268 877 2302 in
899 2267 1007 2303 rebus
1029 2268 1105 2303 suis
1125 2267 1257 2303 damno
1282 2268 1512 2314 afficiantur:
1537 2268 1624 2314 quip
1653 2279 1673 2303 e
1693 2268 1761 2321 qui
1782 2267 1955 2303 adversus
1975 2279 2098 2304 omnes
2114 2272 2334 2315 potestatem
2353 2267 2494 2310 habeat,

275 2315 350 2351 sive
371 2314 500 2349 milites
522 2315 596 2349 sive
618 2313 803 2349 scriniarii
825 2316 862 2349 et
882 2312 1228 2359 qloriosissimorum
1249 2313 1524 2365 praefectorum
1547 2316 1583 2349 et
1627 2312 1889 2349 ortassimorum
1920 2312 2049 2349 ducum
2070 2314 2155 2356 sint,
2186 2313 2261 2349 sive
2284 2312 2386 2348 civile
2408 2313 2494 2364 offi-

277 2360 370 2394 cium
401 2360 475 2395 sive
506 2358 688 2405 cinqulum
720 2358 912 2394 tamiacum
943 2358 1110 2401 habeant,
1140 2358 1215 2394 sive
1244 2369 1284 2394 tn
1311 2357 1510 2394 maioribus
1537 2358 1612 2394 sive
1642 2359 1680 2394 in
1710 2357 1910 2394 minoribus
1940 2357 2177 2405 diqnitatibus
2206 2361 2393 2394 versentur
2422 2368 2496 2393 save

275 2405 371 2440 inter
393 2405 599 2440 sacerdotes
622 2407 863 2439 numerentur.
923 2402 1020 2438 Unus
1043 2403 1136 2439 enim
1159 2402 1218 2439 liic
1240 2403 1477 2450 maqistratus
1508 2402 1671 2439 omnibus
1686 2403 1854 2450 praeerit
1880 2407 1914 2439 et
1936 2414 2025 2440 suae
2047 2404 2127 2450 ipse
2147 2403 2274 2449 famae
2295 2407 2330 2439 et
2353 2407 2495 2439 nostrae

275 2461 357 2485 rum
381 2449 498 2496 leyum
529 2454 565 2485 et
587 2450 647 2485 dei
667 2453 752 2484 ante
776 2449 896 2484 omnia
919 2459 1055 2484 memor
1062 2461 1077 2490 ;
1115 2449 1178 2495 qui
1210 2449 1344 2484 tributa
1368 2447 1510 2494 quidem
1531 2447 1680 2496 publica
1737 2459 1778 2484 er
1797 2449 2063 2495 proconsulare
2094 2449 2256 2495 officium
2286 2448 2364 2484 sine
2391 2458 2496 2484 mora

275 2495 472 2542 inferenda
504 2494 662 2537 curabit,
696 2495 869 2530 tamiacos
899 2505 984 2530 vero
1012 2493 1150 2529 reditus
1171 2505 1244 2541 per
1263 2505 1449 2546 personas
1477 2493 1532 2528 illi
1561 2493 1640 2529 sedi
1669 2505 1690 2530 o
1705 2505 1754 2529 im
1776 2493 1939 2529 subditas
1969 2493 2120 2536 invehet,
2151 2498 2261 2540 atque
2283 2493 2329 2529 iis
2351 2503 2496 2539 quoque

278 2552 427 2588 operam
453 2540 553 2575 dabit
581 2551 675 2586 quae
698 2551 748 2575 ex
778 2539 1034 2575 consuetudine
1063 2550 1086 2574 a
1115 2539 1387 2585 qloriosaessimis
1413 2539 1636 2586 praepositis
1665 2538 1763 2574 sacri
1794 2539 1911 2574 nostri
1941 2539 2095 2575 cubiculi
2118 2539 2418 2586 praecipiuntur.-
2455 2544 2496 2574 ut

276 2586 340 2632 qui
363 2585 413 2621 ad
436 2590 575 2632 tempus
597 2597 620 2620 a
643 2585 906 2631 ylariosissimo
928 2585 1140 2636 praeposito
1164 2585 1376 2620 emittuntur
1398 2584 1623 2620 canonicarii
1646 2595 1691 2619 ne
1705 2595 1815 2619 unum
1839 2583 1981 2630 quidem
2005 2583 2148 2620 obolum
2161 2583 2308 2630 possint
2329 2583 2495 2630 accipere

275 2631 351 2667 sive
374 2630 671 2666 consuetudinum
697 2630 839 2665 nomine
868 2630 943 2666 sive
965 2629 1061 2665 alius
1108 2629 1355 2676 ualiscumque
1385 2640 1517 2677 causae
1547 2640 1571 2665 a
1592 2629 1788 2664 summario
1844 2630 1884 2664 ui
1905 2639 1981 2676 pro
2015 2633 2173 2681 tempore
2203 2632 2257 2664 est
2286 2628 2342 2664 vel
2362 2627 2410 2663 iis
2431 2629 2498 2675 qui

275 2676 444 2723 publicas
467 2676 677 2712 exactiones
697 2675 845 2721 faciunt
874 2675 932 2711 vel
958 2640 1147 2722 spectaiili
1202 2674 1396 2710 roconsule
1424 2674 1480 2711 vel
1508 2674 1635 2720 officio
1664 2674 1742 2710 eius
1771 2639 1842 2710 ve?
1856 2679 2122 2725 catasceuastis·
2142 2676 2207 2725 qui
2236 2675 2411 2709 vocantur
2439 2673 2495 2725 pel

270 2721 487 2769 praeposito
509 2721 564 2756 vel
583 2720 658 2756 alia
678 2720 930 2767 qualicumque
943 2730 1108 2767 persona
1128 2731 1151 2755 a
1190 2730 1335 2756 sacrum
1355 2723 1518 2756 nostrum
1530 2719 1795 2766 patrimonium
1809 2719 2021 2765 pertinente.
2068 2718 2247 2755 Militares
2266 2729 2350 2755 vero
2367 2728 2495 2765 copiae

276 2768 422 2812 utrique
445 2777 570 2802 earum
590 2776 760 2801 curarum
779 2765 999 2807 subvenient,
1022 2770 1058 2800 et
1076 2765 1250 2801 satellites
1265 2765 1472 2812 potentium
1495 2764 1691 2811 repriment
1713 2774 1779 2800 nec
1796 2763 1952 2810 praedia
1972 2765 2111 2800 vastari
2128 2769 2165 2800 et
2179 2763 2335 2811 spoliari
2380 2763 2494 2800 atien-

279 2818 359 2854 tur;
382 2822 498 2857 neque
519 2811 598 2857 ipse
618 2810 706 2846 haec
756 2810 1002 2853 raetermittet,
1030 2810 1126 2846 sicut
1145 2810 1290 2857 priores
1313 2810 1459 2846 comites
1480 2809 1677 2856 faciebant.
1730 2810 1779 2845 At
1800 2820 1846 2845 ne
1868 2809 2023 2845 vicarios
2072 2809 2190 2845 uidem
2211 2808 2315 2855 deleq
2362 2808 2401 2850 it,
2429 2808 2496 2844 sed

276 2857 302 2893 2
357 2856 516 2892 locorum
540 2856 725 2902 defensori
750 2866 793 2891 us
816 2860 851 2892 et
872 2855 919 2891 iis
941 2856 1005 2902 qui
1031 2866 1082 2892 ex
1113 2855 1229 2907 ἱρείας
1250 2860 1336 2891 sunt
1359 2855 1486 2901 officio
1516 2854 1565 2890 ad
1586 2854 1821 2890 ministerium
1843 2858 1972 2890 utetur.
2068 2855 2163 2891 icubi
2182 2858 2300 2890 autem
2323 2853 2494 2890 militibus

277 2913 422 2949 quoque
445 2902 479 2937 ei
502 2912 594 2948 opus
617 2902 696 2944 erit,
721 2912 783 2936 eos
806 2900 870 2947 qui
891 2905 977 2936 sunt
1006 2901 1044 2936 in
1068 2901 1170 2943 loe-2³,
1193 2900 1257 2936 ubi
1283 2899 1477 2936 necessitas
1505 2899 1682 2947 postulat,
1714 2898 1890 2946 opitulari
1917 2899 2071 2942 iubebit;
2104 2904 2214 2946 atque
2233 2898 2271 2934 Iu·
2292 2897 2494 2980 sumptibus

275 2947 439 3000 propriis
463 2947 582 2981 omnia
602 2951 783 2993 peraqent
805 2956 920 2997 neque
945 2945 1021 2981 ullo
1044 2945 1208 2981 subditos
1231 2945 1363 2981 damno
1393 2945 1561 2991 afficient
1589 2955 1704 2991 neque
1733 2945 1852 2991 qratis
1874 2945 2067 2991 quicquam
2090 2948 2308 2981 consument.
2391 2943 2438 2980 ed
2458 2949 2494 2980 et

276 3003 356 3040 ipse
390 2991 446 3027 liis
481 2991 680 3034 abstinebit,
708 2991 879 3038 propriis
911 2991 1111 3038 sumptibus
1143 2995 1248 3026 utens
1281 2990 1493 3037 ubicumque
1526 2990 1584 3033 sit,
1619 2990 1759 3026 etiamsi
1788 2989 1839 3025 ad
1871 2989 1981 3025 aliam
2005 2990 2234 3037 provinciam
2264 2999 2344 3026 eum
2374 2989 2494 3025 vcnim

1467 3084 1482 3116 1
1512 3082 1659 3115 seruauit
1684 3080 1740 3126 Τ11
1763 3083 1783 3115 2
1807 3080 1969 3114 seditione
1994 3081 2034 3123 T,
2061 3080 2255 3114 seditionem
2279 3079 2458 3114 Heimbaclt
2479 3078 2494 3124 11

1421 3129 1441 3161 3
1462 3127 1589 3161 tributa
1605 3127 1784 3170 vigilanter
1802 3129 1835 3159 et
1852 3127 2092 3171 Osenbru'qqen]
2113 3128 2146 3159 et
2166 3125 2293 3159 tributa
2312 3124 2491 3168 uigilanter

1422 3173 1500 3206 libri
1511 3173 1524 3217 11
1551 3175 1571 3207 5
1595 3175 1713 3215 utpute
1745 3170 1799 3216 Vl}
1824 3174 1844 3206 6
1867 3173 2045 3215 potestates
2071 3170 2149 3215 V⁰ss
2174 3172 2195 3205 9
2219 3169 2354 3212 cingulo
2378 3169 2456 3204 libri
2476 3167 2502 3211 Ι.

1424 3221 1463 3253 10
1487 3219 1566 3251 sunt
1588 3218 1634 3260 V]
1658 3218 1727 3250 sint
1749 3218 1834 3261 vulq.
1860 3215 1873 3260 11
1902 3218 1938 3250 11
1968 3217 2027 3260 leq.
2052 3216 2295 3259 praeponetur?
2316 3214 2330 3259 Ι
2361 3214 2401 3248 12
2423 3211 2488 3252 vel]

1421 3265 1454 3296 et
1475 3264 1561 3307 vulq.
1581 3261 1594 3307 fl
1622 3264 1664 3298 14
1687 3262 1805 3296 inferri
1828 3262 1912 3306 vulq.
1930 3261 1943 3305 11
1960 3262 2092 3294 curauit
2112 3261 2175 3304 Vll
2203 3262 2243 3296 16
2263 3259 2358 3294 offert
2379 3254 2489 3334 libr-full

1423 3309 1463 3342 19
1493 3308 1741 3341 cannoneoariis
1773 3305 1840 3350 V!
1867 3317 1887 3340 a
1916 3308 1993 3341 add.
2015 3307 2100 3351 vulq.
2129 3306 2142 3350 11
2170 3306 2284 3348 usqne]
2318 3311 2422 3353 usque
2455 3346 2462 3352 ·

1421 3354 1505 3396 vulq.
1525 3353 1538 3397 11
1553 3352 1691 3387 obulum
1722 3350 1780 3397 1711
1803 3353 1846 3386 20
1870 3351 2104 3385 consuetudini
2133 3349 2187 3395 VH
2211 3350 2255 3384 22
2276 3356 2487 3383 ιιιιιιιιιιιιοτιο

1429 3397 1483 3442 Vll
1502 3400 1545 3433 23
1569 3401 1628 3432 aut
1647 3398 1771 3439 officio]
1794 3399 1854 3430 aut
1876 3409 1934 3431 om.
1959 3396 2075 3449 71124
2098 3397 2157 3429 aut
2178 3391 2362 3443 praeposito
2385 3391 2484 3434 vulq]

1420 3445 1454 3475 et
1475 3443 1679 3486 praepositos
1705 3443 1753 3477 1⁷¹
1785 3444 1818 3476 et
1840 3442 2019 3485 praepositi
2040 3440 2091 3475 1⁷⁸
2101 3440 2146 3475 αἱ.
2161 3439 2263 3560 Laut
2282 3435 2485 3477 alxqueoum-

326 3088 340 3119 1
367 3082 435 3126 τὴν
453 3081 589 3126 πολλὴν
603 3084 634 3116 L
650 3082 662 3127 11
681 3085 701 3117 4
726 3079 844 3124 οὐδὲν]
869 3093 929 3115 neo
950 3084 983 3123 (i.
997 3095 1022 3116 e.
1035 3079 1131 3122 οὐδὲ)
1150 3094 1169 3119 ς’
1185 3081 1198 3126 11
1216 3084 1234 3116 ’1
1258 3082 1352 3123 ἔχειν

277 3131 328 3164 B⁶
341 3131 351 3173 1,,
364 3133 384 3164 8
397 3124 595 3175 Ι’ὑπάρχων
609 3130 685 3162 libri
699 3128 712 3172 11
732 3131 769 3162 11
789 3127 860 3161 εἶεν
873 3128 1080 3169 Haloander]
1093 3127 1185 3160 εἰσὶν
1198 3125 1353 3171 ΜΙιΒς11

279 3177 320 3210 13
345 3176 406 3217 τῆς
429 3187 468 3208 τε
492 3174 600 3207 om.B
619 3173 630 3218 11
652 3171 758 3206 αὐτὸς
781 3173 870 3213 ΜΒ]
896 3168 1002 3215 αὐτῆς
1025 3173 1057 3206 L
1075 3173 1087 3214 ΙΙ
1113 3174 1154 3207 14
1177 3167 1353 3206 ἁπάντων

278 3222 347 3255 LB
366 3220 379 3265 11
394 3216 442 3261 ὃς]
468 3220 522 3252 hie
539 3219 652 3260 itaque
673 3230 692 3255 ς
708 3219 721 3262 11
743 3221 779 3251 17
805 3214 1052 3261 ὑποκειμένων
1066 3218 1137 3258 Mc]
1162 3214 1353 3259 ὑποκεκλη-

276 3268 400 3309 μένων
423 3266 455 3299 L
479 3262 695 3306 κεκλιμένων
722 3264 756 3297 Β
778 3263 790 3307 11
813 3261 941 3316 πρώην
966 3263 1091 3305 ἐκείνῳ
1117 3263 1151 3296 Β
1168 3262 1181 3306 11
1210 3263 1248 3297 18
1271 3259 1354 3295 τοὺς

279 3313 310 3344 L
327 3312 340 3355 11
357 3312 614 3356 πραττομένοις
627 3309 661 3342 Β
680 3308 692 3351 11
714 3310 750 3342 19
763 3321 862 3352 παρα
875 3307 938 3342 τοῦ
952 3305 1148 3347 ἐνδοξοτοίτ
1162 3309 1352 3353 πραιποσί-

279 3369 356 3390 των
366 3357 396 3389 L
410 3354 521 3397 (παρὰ
537 3354 601 3388 τοῦ
617 3350 851 3393 ἐνδοξοτάτου
868 3356 1109 3410 πριιιποσίτου
1121 3352 1328 3394 Haloander)
1341 3350 1353 3397 11

280 3403 321 3435 23
346 3403 393 3441 τι]
415 3401 503 3434 τεΒ
520 3399 533 3444 11
551 3402 593 3434 26
614 3395 635 3441 ἢ
653 3399 712 3441 τῆς
733 3396 842 3431 αὐτοῦ
862 3396 996 3437 ταξεως
1018 3399 1053 3431 Β
1069 3397 1082 3442 fl
1100 3399 1140 3432 27
1161 3399 1352 3443 πραιποσί·

279 3457 356 3478 των
380 3447 410 3479 L
429 3445 442 3489 11
458 3447 500 3479 29
523 3445 601 3478 τῶν
625 3443 900 3489 στρατιωτικῶν
920 3443 951 3476 L
967 3442 979 3483 11
999 3445 1037 3477 31
1065 3442 1298 3486 πορθεῖσθαί
1312 3454 1352 3476 τε

280 3492 339 3521 καὶ
354 3491 387 3523 Β
403 3491 415 3534 11
434 3493 476 3525 32
490 3486 745 3534 παρελεύσεται
759 3489 807 3529 Β]
823 3485 1082 3533 περιελεύσεται
1095 3489 1188 3525 M'Ls·
1236 3489 1278 3522 35
1292 3489 1352 3521 καὶ

280 3536 352 3566 τοῖς
369 3554 406 3558 —
422 3538 459 3567 :37
483 3535 560 3568 τῶν
580 3533 708 3567 τύπων
728 3547 785 3567 om.
801 3533 851 3566 ΒΕ
869 3541 880 3567 «ι
898 3535 939 3566 36
960 3529 1084 3567 αὐτῶν
1097 3534 1147 3567 L⁰
1166 3534 1178 3577 11
1217 3529 1352 3575 εὴσειεν

281 3579 345 3618 Lc]
379 3576 492 3620 δεήσει
521 3580 559 3611 M
582 3580 594 3624 u
626 3581 667 3613 39
692 3574 808 3619 οὐδὲν]
840 3575 923 3611 οὐδὲ
953 3579 982 3610 L
1011 3578 1023 3622 ΙΙ
1051 3581 1093 3612 40
1115 3590 1152 3612 τι
1176 3591 1234 3612 om.
1258 3578 1304 3612 M
1340 3576 1352 3623 11

280 3624 323 3657 42
341 3622 620 3702 *πρῗτάξοιμεν
639 3622 763 3658 ἐλθεῖν
779 3623 849 3658 ML
873 3620 998 3657 ἐλθεῖν
1018 3621 1275 3669 προςτάξοιμεν
1289 3622 1322 3657 Β
1340 3625 1354 3668 Ι

279 3678 321 3701 τι
343 3680 401 3701 om.

1421 3498 1484 3530 quo
1517 3489 1550 3522 V
1567 3488 1580 3533 11
1610 3490 1653 3523 26
1677 3494 1818 3530 utraque
1842 3488 1920 3521 libri
1947 3483 2158 3565 fldgffieV
2213 3481 2487 3568 Ξῖηὶῗῖιὲἰὲιίιῧαῇ

1422 3533 1498 3566 uiri
1529 3533 1541 3576 n
1570 3535 1611 3568 28
1643 3533 1808 3567 deuastati
1831 3533 1929 3576 υιιῑφ]
2040 3574 2083 3609 2⁹
2102 3569 2241 3606 satiebat
2272 3569 2337 3614 Vl
2364 3572 2405 3604 ³⁰
2429 3570 2485 3604 ⁸0⁶

1420 3577 1508 3610 affici
1532 3580 1630 3623 vul9.]
1655 3578 1742 3612 offici
1764 3578 1797 3612 T
1816 3577 1915 3611 offitii
1948 3575 2014 3627 Vfl
2118 3617 2126 3624 ·
2423 3616 2429 3622 ,
2460 3616 2467 3623 Ι

1421 3622 1580 3667 locorum]
1604 3623 1660 3657 sed
1683 3636 1742 3657 om.
1765 3622 1821 3667 Vll
1838 3623 1877 3657 31
1903 3621 1945 3655 ad
1966 3617 2185 3667 ministerium
2209 3615 2307 3666 vulg-J
2329 3615 2371 3648 ad
2386 3626 2485 3648 nnm-

1420 3667 1521 3701 sterio
1554 3668 1639 3713 VTu
1656 3669 1698 3703 32
1722 3669 1836 3701 utetur
1858 3666 1953 3743 ηυιξ.
1971 3707 1980 3716 ·
1993 3664 2036 3697 36
2059 3661 2140 3695 locis
2162 3670 2198 3693 m
2222 3659 2343 3702 qmbus
2366 3661 2451 3741 υιιαιῖ.
2473 3659 2487 3706 Ι

1422 3714 1463 3748 37
1488 3713 1646 3748 adiuvare
1668 3713 1754 3758 cuiq.
1769 3710 1783 3757 Ι
1801 3713 1844 3746 40
1866 3720 1905 3744 m
1983 3706 2044 3742 bus
2063 3705 2118 3752 V}
2142 3707 2182 3741 41
2210 3705 2253 3739 ad
2275 3718 2334 3741 om.
2356 3705 2391 3740 V
