2618 4010
136 113 580 174 EchEsusncARUm
610 139 765 173 RERUM

135 252 204 288 ψιν
228 242 471 289 ἐπιτρέποντα
493 243 572 275 ταῖς
592 237 808 287 ἁγιωτάταις
831 239 1030 285 ἐκκλησίαις
1048 244 1107 275 καὶ
1128 240 1216 288 πρός

135 299 176 335 γε
205 288 251 334 τῇ
287 284 471 334 ἁγιωτάτῃ
506 284 641 333 μεγάλῃ
677 285 845 330 ἐκκλησίᾳ
879 287 924 334 τῇ
957 285 1048 321 κατὰ
1077 283 1215 331 ταύτην

137 330 224 379 οὔσῃ
244 330 311 376 τὴν
326 329 521 376 εὐδαίμονα
540 329 659 374 πόλιν,
683 328 789 374 ἡνίκα
808 329 829 376 ἡ
844 330 1013 376 βασιλεία
1036 330 1162 388 λαβεῖν
1181 345 1218 367 τι

136 378 236 424 παρά
265 387 362 412 τινος
391 376 470 411 τῶν
497 373 640 424 εὗαγῶν
671 377 781 411 οἴκων
810 375 1019 422 βουληθείη.
1066 388 1218 425 υστερον

135 425 203 466 μὲν
222 414 286 456 οὖν
305 422 429 468 ἕτερον
444 423 462 454 ἐ
484 421 653 469 ράψαμεν
673 421 797 467 νόμον,
819 422 930 469 οὗπερ
951 420 1130 468 ἐξείλομεν
1149 422 1217 466 τὴν

136 464 341 513 ἁγιωτάτην
359 464 448 514 μεγά
471 479 517 510 ην
540 465 741 511 ἐκκλησίαν,
767 470 1028 515 ἐπιτρέψαντός
1044 480 1143 503 τινας
1163 470 1218 502 ἐκ-

137 510 306 555 ποιήσεις,
323 508 432 558 ἅςπερ
448 513 578 547 ἐκεῖνος
594 509 613 546 ὁ
627 511 734 557 νόμος
752 512 853 561 λέγει.
884 511 1031 556 Ἐπειδὴ
1053 512 1094 548 δέ
1106 515 1216 561 ἔγνω-

135 570 202 601 μεν
233 552 281 590 ὥς
310 568 405 591 τινες
435 555 478 591 τὸ
506 559 568 599 τῆς
595 561 771 606 προτέρας
795 555 992 599 διατάξεως
1009 558 1216 606 κεφάλαιον,

136 600 225 647 ὅπερ
256 603 317 656 ἐπὶ
347 598 491 656 ἆμείιμει
523 600 777 656 διαφερόντων
811 607 884 638 τοῖς
915 601 1081 651 εὖαγέσιν
1111 604 1218 639 οἴκοις

1202 121 1288 175 309

2099 128 2207 175 Nov.
2237 130 2313 175 LV
2344 134 2364 174 1

1284 243 1403 277 autem
1425 239 1737 277 commutationem
1760 241 2025 286 permittentem
2049 241 2286 278 sanctissimis
2307 251 2367 278 ec-

1285 286 1402 323 clesiis
1433 296 1500 323 nec
1531 296 1603 322 non
1634 286 1882 323 sanctissimae
1912 287 2040 323 maiori
2063 287 2235 323 ecclesiae
2259 287 2367 323 huius

1285 331 1511 368 felicissimae
1532 331 1695 374 civitatis,
1722 331 1806 367 dum
1829 332 2018 378 imperium
2041 332 2208 378 accipere
2231 332 2367 378 aliquid

1285 377 1332 413 ab
1356 377 1478 422 aliqua
1500 376 1756 414 venerabilium
1780 377 1948 413 domuum
1966 377 2129 414 voluerit.
2167 377 2299 414 Postea.
2318 377 2367 414 si-

1253 426 1272 458 5
1287 421 1428 467 quidem
1452 423 1558 459 aliam
1582 421 1788 468 scripsimus
1812 422 1935 467 legem,
1963 433 2034 468 qua
2057 423 2260 468 excepimus
2284 432 2367 460 san-

1286 468 1481 504 ctissimam
1504 468 1673 504 maiorem
1696 467 1894 510 ecclesiam,
1919 468 2169 513 permittentes
2193 468 2368 514 quasdam

1284 513 1534 558 alienationes,
1565 523 1654 559 quas
1682 512 1745 549 illa
1774 512 1833 548 lex
1864 513 1960 549 dicit.
2010 513 2103 556 Quia
2126 524 2208 550 vero
2234 524 2366 559 cogno-

1284 559 1416 602 vimus,
1452 568 1494 595 eo
1551 559 1623 595 uod
1653 557 1764 603 aliqui
1799 558 1930 603 prioris
1967 558 2235 595 constitutionis
2268 559 2366 605 capi-

1285 604 1418 647 tulum,
1450 570 1550 649 quoii
1575 604 1619 640 de
1648 603 1914 685 permutatione
1944 603 2220 649 competentium
2248 614 2368 640 rerum

136 659 362 701 πραγματων
391 658 481 701 προς
509 661 576 691 την
607 647 798 693 βασιλείαν
828 646 1047 696 ἐγράψαμεν,
1080 650 1128 684 εἰς
1143 648 1218 703 (τὴν
1232 652 1274 684 10
1286 649 1522 685 sanctissimis
1559 649 1654 687 domi
1679 659 1722 685 us
1758 647 1806 684 ad
1838 648 2026 694 imperium
2056 649 2126 684 scri
2154 649 2284 692 simus,
2321 649 2368 685 ad

135 704 228 726 κατα
261 704 326 726 του
361 705 473 736 νομου
508 696 638 737 τέχνην
673 695 844 741 ἔτρεψαν,
878 694 1018 741 ᾔτησαν
1054 693 1093 729 δὲ
1129 706 1218 729 ωςτε

135 735 224 781 ἡμᾶς
251 738 320 781 μὲν
350 736 450 782 παρὰ
478 738 540 781 τῆς
563 735 763 784 ἁγιωτάτης
787 737 970 782 ἐκκλησίας
993 738 1130 784 λαβεῖν,
1156 737 1217 773 αὗ-

135 784 210 816 τοῖς
233 780 273 815 δέ
295 783 412 816 ταῦτα
435 780 573 827 δοῦναι,
607 783 781 819 ἐντεῦθεν
810 782 849 818 δὲ
880 781 1109 830 (ὁρμήθησαν
1132 784 1216 820 πολ-

136 825 191 860 λοὶ
214 830 292 862 ταῖς
315 826 453 872 ὁμοίαις
477 826 638 872 αἱτήσεσι
668 828 847 885 Ξρώμενοι
876 829 945 872 τὴν
976 829 1089 864 θείαν
1120 842 1216 875 περι-

1286 698 1400 730 artem
1423 695 1494 740 legi
1510 694 1727 731 contrariam
1752 696 2005 730 converterunt
2026 698 2110 738 post
2149 697 2369 740 averuntque

1286 749 1352 775 nos
1368 739 1510 785 quidem
1527 750 1551 776 a
1566 739 1794 776 sanctissima
1810 739 1962 775 ecclesia
1977 739 2155 784 accipere,
2176 739 2232 775 his
2248 743 2368 775 autem

1286 785 1376 820 haec
1401 784 1503 830 dare,
1536 785 1619 821 hinc
1643 784 1801 830 adgressi
1831 788 1917 821 sunt
1947 783 2051 820 multi
2080 784 2223 828 quidam
2247 785 2367 821 simili-

1286 830 1355 865 bus
1385 830 1620 875 petitionibus
1649 832 1792 866 utentes
1822 839 1964 866 sacram
1995 829 2251 865 circumvenire
2281 840 2367 866 con-

133 868 487 926 γράφεινκδιάταξιν·
511 873 557 908 τὰ
579 876 648 919 μὲν
671 886 740 909 οσα
763 876 970 920 πέπρακται
993 872 1084 920 παρ’
1111 872 1217 919 ἡμῶν
1233 878 1272 909 15
1287 875 1518 911 stitutionem.
1567 876 1749 921 Quaecum
1774 885 1819 911 ue
1842 875 1952 920 igitur
1980 878 2082 920 gesta
2113 877 2198 910 sunt
2221 885 2243 910 a
2265 875 2368 911 nobis

133 920 238 963 μέχρι
261 929 322 961 της
342 930 393 953 πα
418 916 523 963 οὔσης
545 919 615 963 ἡμέ
636 930 686 963 ας,
709 920 826 954 ταῦτα
847 921 907 954 ἐπὶ
927 920 991 953 τοῦ
1013 921 1080 954 νῦν
1094 922 1218 964 μένειν

135 960 313 1006 σχήματος
331 932 553 1009 βουίλόμεθα,
578 963 619 999 οὔ
644 963 721 999 ενὸς
740 961 1033 1012 ἀνατρεπομένου
1057 966 1135 999 τῶν
1150 962 1217 1009 ἤδη

135 1006 226 1052 παρ’
260 1005 364 1053 ἡμῶν
396 1009 486 1056 πρὸς
515 1010 583 1054 τὴν
612 1006 818 1057 ἆγιωτοίτην
841 1008 1033 1052 ἐκκλησίαν
1062 1011 1123 1045 ἐπὶ
1144 1012 1218 1045 τοῖς

135 1051 311 1088 τοιούτοις
341 1053 611 1103 συναλλάγμασι
638 1054 885 1103 πραχθέντων
913 1052 935 1099 ἢ
967 1054 1057 1102 πρὸς
1090 1054 1219 1090 αὐτοὺς

135 1097 239 1144 οἵπερ
266 1100 382 1134 ταῦτα
407 1097 496 1147 παρ’
530 1097 635 1145 ἡμῶν
664 1099 845 1146 εἰλήφασι.

1286 930 1400 965 usque
1424 920 1471 957 ad
1494 925 1720 967 praesentem
1771 921 1856 964 ‘em,
1887 921 1978 957 haec
2002 920 2069 957 sub
2094 920 2275 957 schemate
2298 931 2368 965 quo

1286 975 1381 1000 nunc
1414 969 1468 1001 est
1500 967 1618 1002 valere
1646 966 1827 1009 volumus,
1859 966 1959 1002 nullo
1982 965 2217 1012 permutando
2241 966 2369 1002 horum

1287 1019 1379 1054 quae
1410 1010 1482 1045 iam
1513 1021 1536 1046 a
1559 1011 1663 1047 nobis
1696 1022 1777 1047 cum
1800 1011 2028 1048 sanctissima
2050 1011 2204 1048 ecclesia
2226 1010 2264 1047 in
2286 1011 2369 1046 tali-

1286 1055 1355 1091 bus
1380 1057 1625 1092 contractibus
1649 1060 1750 1102 gesta
1773 1060 1858 1094 sunt
1880 1060 1945 1094 aut
1968 1068 2049 1094 cum
2066 1057 2123 1093 his
2149 1056 2209 1102 qui
2232 1056 2322 1092 haec
2347 1066 2371 1092 a

1231 1103 1274 1135 20
1286 1100 1390 1137 nobis
1414 1104 1663 1147 perceperunt.

1141 1191 1299 1227 CAPUT
1324 1190 1353 1226 Ι.

180 1258 244 1291 τοῦ
273 1256 400 1293 λοιποῦ
432 1257 472 1292 δὲ
491 1258 717 1303 θεσπίζομεν
749 1256 878 1303 μηδενὶ
902 1257 1091 1294 παντελῶς
1113 1257 1217 1303 μηδε-

134 1306 224 1346 μίαν
247 1302 340 1337 εἴναι
363 1307 571 1350 παρρησίαν
593 1302 735 1338 τοιοῦτό
759 1316 796 1338 τι
819 1301 1005 1351 πράττειν,
1029 1299 1110 1338 ἀλλ’
1132 1306 1216 1339 ἐκεί-

135 1359 200 1381 νας
227 1345 340 1392 μὸνας
368 1348 558 1394 ἐρρῶσθαι
587 1348 650 1383 τὰς
674 1348 836 1395 ἀμείψεις
864 1348 927 1384 τὰς
950 1348 1040 1396 πρὸς
1062 1348 1130 1394 τὴν
1152 1353 1216 1394 βα-

136 1391 276 1436 σιλικὴν
306 1393 425 1428 οἰκίαν
455 1395 517 1428 ἐπὶ
545 1392 666 1438 τούτῳ
694 1397 900 1449 γινομένας,
934 1393 1022 1429 ὦςτε
1045 1393 1218 1438 διηνεκῶς

1343 1259 1400 1295 De
1436 1260 1555 1295 cetero
1590 1262 1711 1295 autem
1745 1260 1926 1299 sancimus
1960 1262 2049 1297 nulli
2082 1262 2224 1307 penitus
2260 1261 2371 1298 ullam

1286 1314 1366 1341 esse
1389 1304 1571 1341 licentiam
1594 1305 1729 1350 aliquid
1753 1306 1825 1341 tale
1848 1316 1965 1351 agere,
1997 1307 2060 1342 sed
2083 1308 2163 1343 illas
2188 1308 2283 1344 solas
2308 1318 2369 1344 va-

1286 1350 1359 1386 lere
1416 1349 1673 1387 ermutationes
1710 1361 1803 1396 quae
1839 1351 1877 1387 in
1907 1351 2126 1396 imperialem
2158 1352 2302 1389 domum
2332 1353 2370 1388 in

1285 1395 1355 1431 hoc
1401 1399 1505 1432 actae
1536 1398 1640 1441 sunt,
1672 1398 1713 1431 ut
1743 1400 1919 1442 perpetuo
1950 1398 2048 1451 apud
2077 1398 2263 1443 imperium
2294 1408 2370 1433 ma-

136 1436 236 1483 παρὰ
257 1438 303 1480 τῆ
323 1437 491 1482 βασιλείᾳ
508 1442 630 1483 μένειν
654 1443 714 1473 καὶ
731 1453 781 1484 μη
795 1437 1038 1485 μεταβάλλειν
1054 1441 1102 1475 εἰς
1119 1438 1216 1475 ἰδιώ-
1231 1442 1272 1476 25
1285 1443 1396 1477 neant
1425 1443 1463 1477 et
1486 1452 1560 1477 non
1583 1441 1850 1478 transferantur
1881 1442 1929 1478 ad
1950 1445 2129 1487 prlvatum
2152 1453 2268 1488 neque
2292 1443 2370 1479 illa-

134 1495 204 1525 την
225 1497 275 1527 μη
301 1485 317 1516 ὲ
340 1485 402 1527 τῆς
425 1486 561 1518 ἐκείνου
585 1485 756 1531 γίνεσθαι
779 1483 990 1521 δεσποτείας
1022 1484 1082 1520 διὰ
1109 1489 1217 1531 μέσης

135 1529 196 1570 τῆς
227 1527 411 1572 βασιλείας
442 1527 504 1565 ἐπ’
532 1527 646 1565 αὐτὸν
677 1527 876 1566 ὁδευούσας.
923 1528 1003 1565 ἀλλ’
1029 1531 1066 1565 εἴ
1093 1544 1130 1566 τι
1161 1535 1214 1578 γέ-

135 1585 235 1607 νοιτο
257 1575 434 1619 τοιοῦτον,
458 1573 584 1609 ἄδειαν
609 1572 758 1620 δίδομεν
781 1579 855 1610 τοῖς
878 1575 1151 1620 εὖλαβεστάτοις
1167 1577 1216 1610 oi-

136 1616 301 1663 κονόμοις
318 1620 396 1674 τοῖν
412 1620 639 1674 πραγμάτων
655 1620 978 1676 ἐπιλαμβάνεσθαι
997 1620 1141 1657 τούτων
1157 1626 1217 1656 καὶ

1285 1497 1365 1522 rum
1387 1486 1445 1522 ius
1469 1497 1533 1532 per
1556 1487 1710 1522 medium
1732 1487 1919 1532 imperium
1948 1488 1995 1523 ad
2018 1498 2080 1524 eos
2104 1488 2370 1534 proficiscatur.

1285 1532 1356 1568 Sed
1376 1533 1407 1568 si
1428 1533 1513 1577 quid
1536 1532 1608 1568 tale
1626 1532 1703 1577 fiat,
1727 1532 1908 1568 licentiam
1929 1532 2055 1569 damus
2077 1533 2371 1570 reverentissimis

1286 1577 1492 1614 oeconomis
1527 1587 1586 1614 res
1618 1578 1886 1623 apprehendere
1917 1579 2122 1615 huiusmodi
2156 1581 2194 1615 et
2227 1579 2396 1615 traherev

1286 1633 1348 1659 eas
1371 1633 1498 1659 rursus
1529 1623 1577 1658 ad
1607 1623 1870 1659 sanctissimam
1900 1624 2104 1668 ecclesiam,
2136 1627 2317 1670 tamquam
2341 1625 2374 1660 si

136 1661 303 1717 ἀφέλκειν
335 1677 426 1699 αντα
456 1662 566 1700 πάλιν
601 1667 649 1700 εἰς
677 1680 745 1721 την
776 1665 983 1720 ἁγιωτάτην
1015 1666 1216 1711 ἐκκλησίαν,
1231 1670 1273 1702 30
1286 1678 1353 1704 nec
1386 1669 1431 1704 ab
1462 1668 1566 1704 initio
1601 1669 1811 1713 contigisset
1844 1670 2127 1715 permutationes
2162 1670 2291 1706 harum
2326 1670 2373 1706 ad

138 1707 185 1742 ὡς
208 1722 254 1743 αν
277 1710 309 1743 εἰ
330 1708 422 1754 μηδὲ
448 1709 516 1754 τὴν
537 1708 648 1756 ἀρχὴν
678 1713 872 1759 ἐτυγχανεν
902 1716 1047 1758 αμειψίς
1077 1724 1132 1747 τις
1156 1714 1217 1747 ἐπὶ

136 1752 276 1789 τούτοις
306 1756 395 1801 πρὸς
424 1754 492 1799 τὴν
521 1755 711 1801 βασιλείαν
742 1760 925 1804 γενομένη.
972 1755 1063 1792 ἀλλὰ
1086 1756 1216 1804 φυλάτ-

135 1800 271 1834 τεσθαι
286 1802 393 1835 τοῦτο
414 1799 457 1835 τὸ
481 1803 598 1845 σχῆμα
622 1803 670 1837 εἰς
692 1800 735 1837 τὸ
758 1800 915 1846 διηνεκὲς
938 1804 977 1837 ἐκ
998 1804 1060 1847 τῆς
1084 1802 1216 1851 παρού-

136 1842 357 1899 σης’ἦμέρας
383 1844 598 1893 ἀρχόμενον·
625 1845 788 1902 ἱπάντων
819 1849 898 1882 τῶν
927 1846 1012 1892 ἤδη,
1045 1849 1217 1904 καθάπερ

1286 1714 1472 1759 imperium
1494 1713 1623 1749 factas.
1672 1714 1743 1750 Sed
1767 1714 1901 1750 servari
1922 1715 1993 1751 hoc
2017 1715 2162 1751 schema
2183 1715 2221 1751 in
2243 1725 2372 1761 perpe-

1286 1763 1389 1795 tuum
1427 1769 1472 1796 ex
1501 1759 1686 1805 praesenti
1724 1759 1781 1796 die
1811 1760 2036 1805 incohatum3
2080 1761 2245 1797 omnibus
2281 1771 2373 1807 quae

1287 1805 1438 1849 dudum,
1470 1804 1578 1841 sicuti
1600 1804 1853 1851 praediximus,
1885 1808 1970 1850 post
1992 1806 2149 1851 priorem
2178 1807 2293 1852 legem
2315 1816 2371 1843 se-

1287 1850 1444 1886 cundum
1465 1850 1610 1886 modum
1630 1850 1855 1896 praedictum
1877 1854 1979 1896 gesta
1996 1854 2092 1895 sunt,
2117 1852 2205 1888 ratis
2225 1861 2371 1888 manen-

137 1890 298 1941 εἴπαντες
328 1891 513 1937 ἔφθημεν,
547 1905 639 1937 μετα
670 1906 736 1928 τον
767 1893 946 1940 πρότερον
981 1891 1096 1939 νόμον
1126 1908 1217 1929 κατα
1231 1897 1273 1930 35
1286 1895 1393 1939 tibus,
1419 1906 1462 1932 eo
1483 1895 1580 1942 quod
1601 1895 1663 1932 illa
1684 1897 1825 1941 quidem
1846 1906 1938 1941 quae
1958 1896 2011 1932 sic
2025 1897 2125 1933 facta
2143 1901 2229 1933 sunt
2247 1908 2269 1933 a
2288 1896 2372 1933 viris

135 1948 202 1969 τον
225 1936 412 1983 εἰρημένον
433 1941 640 1984 γενομένων
669 1936 809 1985 τρόπον
832 1942 996 1983 βεβαίων
1018 1938 1216 1984 μενόντων,

137 1977 198 2014 διὰ
227 1982 270 2015 τὸ
302 1984 419 2016 ἐκεῖνα
450 1985 518 2027 μὲν
545 1982 591 2018 τὰ
620 1980 716 2018 οὕτω
744 1983 921 2031 γενόμενα
951 1983 1043 2031 παρ’
1070 1983 1218 2032 ἀνδρῶν

135 2027 312 2072 γενέσθαι
347 2028 449 2075 οἵπερ
485 2026 525 2062 οὐ
560 2028 791 2072 τεχνάζοντες
826 2027 910 2064 οὐδὲ
940 2031 1217 2078 κακουργοῦντες

137 2072 294 2114 ἐποίουν,
326 2069 415 2107 ἀλλὰ
443 2076 503 2107 καὶ
532 2073 624 2119 παρ’
651 2072 755 2119 ἡμῶν
788 2075 836 2110 εἰς
857 2076 966 2111 τοῦτο
989 2079 1215 2123 προτραπέν-

1285 1945 1387 1986 gesta
1411 1943 1496 1978 sunt
1520 1955 1666 1984 netu,
1698 1952 1794 1978 nunc
1817 1944 1938 1978 autem
1970 1942 2114 1987 quidam
2143 1943 2269 1979 volunt
2291 1942 2371 1979 illo·
2390 1961 2393 1963 Α

1286 1997 1366 2023 rum
1390 1987 1550 2033 exemplo
1576 1989 1718 2023 utentes
1749 1990 1784 2024 et
1806 1987 1910 2024 nobis
1935 1997 2015 2023 esse
2038 1988 2180 2024 molesti
2207 1991 2244 2024 et
2267 1998 2372 2024 sanc-

1285 2032 1460 2069 tissimam
1490 2032 1660 2069 maiorem
1683 2032 1872 2070 ecclesiam
1902 2032 2010 2069 huius
2033 2032 2261 2071 felicissimae
2286 2033 2371 2069 civi-

136 2128 193 2151 τες
212 2111 341 2162 ἦλθον,
365 2120 433 2153 νῦν
451 2117 494 2153 δέ
510 2131 610 2154 τινας
633 2117 836 2164 βούλεσθαι
859 2122 912 2164 τῷ
935 2122 1084 2156 ἐκείνων
1101 2134 1215 2168 παρα·
1231 2125 1274 2157 40

137 2160 303 2208 δείγματι
326 2167 527 2211 χρωμένους
549 2163 639 2209 ἡμᾶς
664 2178 704 2199 τε
728 2163 922 2208 διενοχλεῖν
945 2169 1005 2200 καὶ
1027 2168 1094 2210 τὴν
1113 2163 1219 2213 ἁγιω-

136 2207 250 2251 τάτην
267 2208 426 2256 μεγάλην
449 2207 639 2252 ἐκκλησίαν
671 2211 732 2253 τῆς
755 2207 967 2254 εὐδαίμονος
996 2211 1128 2255 ταύτης
1155 2209 1218 2247 πό-

193 2301 266 2332 cap.
291 2289 316 2322 Ι
334 2290 538 2322 summarium
564 2296 652 2322 extat
676 2289 727 2322 Bt
749 2292 780 2330 5,
802 2296 830 2331 2,
851 2297 867 2324 3
893 2291 945 2331 (ex
970 2291 1129 2332 Theodff)

134 2368 438 2415 permutationem
471 2366 707 2401 sanctissimis
744 2365 903 2402 ecclesiis
937 2370 972 2402 et
1006 2367 1155 2413 insuper
1186 2368 1435 2402 sanctissimae
1469 2378 1623 2413 maqnae
1654 2367 1825 2404 ecclesiae
1855 2378 1949 2414 quae
1978 2369 2018 2403 in
2049 2369 2118 2404 nac
2148 2369 2254 2414 felici
2282 2371 2370 2406 urbe

138 2417 192 2448 est
223 2411 418 2459 permittit,
462 2410 608 2457 quando
644 2411 734 2457 quid
766 2411 968 2457 imperator
1003 2422 1026 2446 a
1061 2411 1318 2448 venerabilium
1353 2411 1523 2447 domuum
1565 2411 1691 2458 aliqua
1726 2412 1893 2458 accipere
1926 2413 2090 2449 voluerit.
2154 2415 2208 2449 Ac
2234 2418 2370 2460 postea

138 2458 292 2494 alteram
313 2456 524 2503 scripsimus
549 2456 678 2503 leqem,
712 2455 808 2491 unde
830 2456 1039 2503 excepimus
1061 2457 1324 2493 sanctissimam
1346 2467 1517 2503 maqnam
1540 2456 1747 2500 ecclesiam,
1777 2468 1857 2493 cum
1878 2458 2168 2504 permitteremus
2217 2459 2369 2495 uasdam

138 2502 388 2544 alienationes,
414 2512 506 2547 quas
529 2501 594 2536 illa
618 2501 680 2538 lex
703 2501 830 2547 refert.
889 2499 1069 2545 Quoniam
1092 2505 1212 2538 autem
1235 2502 1476 2548 comperimus
1491 2502 1635 2548 prioris
1658 2503 1927 2539 constitutionis
1950 2506 2072 2550 caput,
2097 2469 2265 2550 quodque
2281 2516 2368 2552 per-

137 2548 336 2584 mutatione
363 2557 483 2583 rerum
512 2557 607 2593 quae
627 2546 819 2594 pertinent
848 2547 898 2582 ad
916 2547 1136 2583 venerabiles
1160 2547 1283 2583 domos
1307 2558 1387 2583 cum
1410 2547 1630 2595 imperatore
1651 2547 1827 2593 facienda
1849 2548 2079 2595 scripsimus,
2112 2549 2309 2585 nonnullos
2330 2550 2369 2585 in

136 2592 308 2641 fraudem
333 2592 424 2638 leqis
447 2592 595 2628 vertisse
623 2594 659 2627 et
721 2592 841 2628 etiisse
863 2595 904 2627 ut
926 2603 993 2628 nos
1016 2603 1040 2628 a
1063 2593 1289 2628 sanctissima
1319 2592 1470 2628 ecclesia
1495 2592 1584 2628 talia
1607 2592 1870 2639 acciperemus,
1901 2597 2052 2639 accepta
2075 2594 2166 2641 ipsis
2188 2593 2367 2638 daremus,

137 2643 248 2685 atque
271 2636 355 2674 inde
377 2637 511 2673 multos
532 2601 718 2673 eiusmodi,
729 2636 966 2683 petitionibus
989 2648 1076 2673 usos
1098 2648 1241 2674 sacram
1266 2637 1557 2674 constitutionem
1582 2638 1838 2674 circumvenire
1860 2638 2007 2674 molitos
2029 2650 2123 2676 esse:
2158 2650 2201 2675 ea
2224 2640 2368 2685 quidem

138 2693 382 2731 quaecumque
405 2694 429 2718 a
451 2682 555 2719 nobis
577 2693 690 2729 usque
713 2681 763 2718 ad
785 2681 880 2717 hunc
903 2682 995 2719 diem
1019 2685 1103 2719 acta
1126 2686 1213 2718 sunt
1234 2693 1380 2719 manere
1402 2683 1441 2718 in
1465 2693 1507 2719 eo
1532 2694 1605 2729 quo
1630 2693 1726 2719 nunc
1753 2687 1840 2719 sunt
1861 2687 1960 2720 statu
1983 2684 2148 2721 volumus
2178 2695 2245 2721 nec
2269 2685 2368 2732 quic-

138 2740 246 2781 quam
269 2727 426 2764 rescindi
449 2739 574 2764 eorum
605 2739 700 2774 quae
723 2739 746 2764 a
770 2727 874 2763 nobis
898 2738 978 2763 cum
1001 2728 1231 2764 sanctissima
1255 2727 1406 2764 ecclesia
1435 2727 1475 2763 in
1498 2727 1676 2764 eiusmodi
1695 2728 1942 2765 contractibus
1973 2733 2056 2766 acta
2086 2733 2174 2765 sunt
2202 2729 2259 2766 vel
2287 2741 2366 2766 cum

136 2776 183 2810 iis
206 2774 269 2821 qui
292 2772 381 2809 haec
404 2784 428 2809 a
450 2773 554 2809 nobis
577 2776 804 2820 acceperunt.
2084 2806 2086 2809 f

272 2819 300 2854 I.
350 2817 396 2854 In
411 2822 603 2866 posterum
626 2829 710 2855 vero
734 2818 925 2862 sancimus,
950 2819 1084 2856 nemini
1107 2818 1253 2854 omnino
1277 2817 1388 2853 ullam
1408 2827 1485 2853 esse
1507 2817 1687 2854 licentiam
1710 2818 1886 2854 eiusmodi
1909 2819 2000 2864 quid
2019 2819 2164 2866 aqendi,
2195 2820 2261 2856 sed
2283 2820 2367 2856 illas

137 2865 237 2901 solas
257 2865 385 2909 firmas
408 2875 484 2900 esse
500 2864 803 2911 permutationes,
835 2874 928 2910 quae
951 2875 1031 2900 cum
1055 2863 1238 2911 imperiali
1259 2862 1365 2898 domo
1390 2873 1434 2899 ea
1457 2862 1669 2899 condicione
1688 2863 1794 2908 fiant,
1822 2867 1864 2899 ut
1883 2867 2063 2911 perpetuo
2087 2864 2190 2911 apud
2210 2865 2365 2912 impera-

140 2914 253 2946 torem
277 2913 448 2945 maneant
477 2920 564 2946 neve
588 2909 863 2955 transferantur
895 2909 944 2945 ad
960 2910 1149 2956 privatum
1180 2911 1245 2944 aut
1264 2907 1413 2944 dominii
1432 2907 1530 2959 fiant
1550 2908 1628 2943 eius
1647 2918 1716 2955 per
1739 2908 1892 2944 medium
1915 2909 2104 2956 imperium
2128 2910 2179 2946 ad
2198 2921 2277 2946 eum
2301 2911 2366 2946 mi-

138 2958 296 3002 qrantes.
345 2954 420 2990 Sed
440 2955 474 2990 si
495 2954 585 3000 quid
606 2953 782 2990 eiusmodi
803 2954 889 2999 fiat,
921 2954 1102 2990 licentiam
1125 2953 1254 2989 damus
1276 2952 1557 2999 religiosissimis
1581 2953 1787 2989 oeconomis
1810 2964 1870 2990 res
1892 2954 1978 2989 illas
2000 2954 2209 2991 vindicandi
2231 2966 2366 3002 easque

138 3011 267 3035 rursus
292 2999 458 3035 trahendi
481 2999 531 3035 ad
551 2999 815 3035 sanctissimam
839 2998 1042 3042 ecclesiam,
1075 3003 1257 3045 tamquam
1285 2998 1318 3033 si
1341 3007 1386 3033 ne
1410 2997 1454 3033 ab
1479 2997 1584 3033 initio
1613 2997 1757 3044 quidem
1787 2998 1827 3033 in
1855 2999 1902 3034 iis
1929 2998 2006 3035 ulla
2026 3000 2252 3046 permutatio
2284 3011 2365 3036 cum

138 3046 359 3091 imperatore
379 3045 486 3089 facta
510 3048 612 3080 esset.
658 3045 711 3080 Ac
733 3047 896 3080 servetur
919 3043 1008 3080 hacc
1029 3044 1157 3090 forma
1187 3044 1226 3079 in
1247 3046 1464 3090 perpetuum
1495 3042 1601 3078 initio
1632 3054 1656 3078 a
1684 3047 1878 3089 praesente
1901 3044 1959 3079 die
1980 3045 2104 3090 facto:
2138 3055 2218 3081 cum
2243 3046 2365 3081 omnia

139 3100 234 3136 quae
256 3089 340 3131 iam,
365 3089 420 3124 uti
438 3100 553 3136 supra
577 3089 747 3131 diximus,
770 3092 856 3135 post
873 3089 1039 3135 priorem
1063 3089 1176 3135 leqem
1200 3100 1242 3125 eo
1264 3099 1368 3135 quem
1391 3087 1665 3124 memoravimus
1687 3087 1795 3123 modo
1814 3089 1921 3133 facta
1941 3093 2038 3132 sunt,
2058 3090 2167 3135 firma
2182 3095 2365 3133 maneant,

139 3135 312 3180 quoniam
343 3133 409 3169 illa
440 3135 583 3180 quidem
614 3145 709 3180 quae
739 3133 791 3169 ita
819 3133 926 3178 facta
955 3137 1041 3170 sunt
1064 3145 1087 3169 a
1110 3134 1199 3170 viris
1227 3137 1312 3169 sunt
1338 3133 1445 3179 facta
1477 3133 1540 3178 qui
1570 3143 1645 3168 non
1667 3143 1741 3179 per
1771 3133 2074 3170 machinationem
2105 3134 2162 3171 vel
2192 3135 2364 3181 fraudem

139 3191 214 3215 rem
234 3181 435 3225 qesserunt,
466 3179 530 3215 sed
552 3180 661 3215 etiam
684 3190 708 3214 a
730 3178 832 3215 nobis
855 3178 1009 3214 excitati
1032 3178 1083 3214 ad
1105 3178 1172 3214 hoc
1194 3182 1385 3220 venerunt,
1421 3188 1518 3213 nunc
1546 3188 1631 3213 vero
1663 3178 1832 3213 nonnulli
1859 3178 2004 3214 illorum
2028 3179 2196 3226 exemplo
2225 3184 2366 3217 utentes

139 3229 175 3260 et
197 3224 302 3260 nobis
325 3223 524 3260 molestiam
547 3225 730 3269 facessere
760 3226 798 3259 et
826 3224 1075 3259 sanctissimae
1097 3234 1252 3270 maynae
1275 3223 1446 3260 ecclesiae
1477 3222 1584 3258 liuius
1605 3222 1728 3268 felicis
1760 3222 1861 3259 urbis
1880 3223 2053 3269 fraudem
2075 3225 2203 3269 facere
2227 3225 2363 3262 volunt.

185 3316 205 3348 2
226 3312 407 3355 καταυτὴν
420 3314 470 3356 ΙΙΙ,
484 3327 565 3347 corr.
576 3315 740 3358 Scrimyer
754 3313 767 3359 ΙΙ
787 3316 806 3348 5
824 3312 950 3391 νὸλιιον]
971 3326 1041 3347 nov.
1055 3315 1126 3348 XL
1136 3314 1187 3347 Vl
1207 3312 1219 3358 ΙΙ

140 3361 161 3394 8
178 3358 383 3404 κεφάλαιον]
405 3372 473 3393 nov.
493 3359 566 3393 VII
577 3372 604 3393 c.
618 3361 639 3394 2
657 3363 673 3398 §
689 3366 702 3393 1
720 3358 732 3402 ΙΙ
752 3360 792 3393 13
808 3370 856 3394 πο
880 3356 946 3401 λοὶ]
966 3358 1066 3393 multi
1083 3359 1218 3401 quidam

1294 3312 1343 3346 7ι
1362 3312 1373 3356 ΙΙ
1391 3288 1641 3353 circumvenire]
1663 3312 1778 3345 uenire
1796 3312 1847 3345 R¹
1864 3312 1876 3356 ΙΙ
1904 3315 1945 3347 16
1965 3316 2080 3356 usque]
2102 3314 2158 3348 uel
2177 3325 2282 3357 usque
2302 3316 2337 3350 V

138 3406 173 3447 (i.
189 3418 215 3439 e.
228 3402 358 3440 πολλοί
375 3406 481 3446 τινες)
504 3416 523 3441 ς
540 3403 554 3449 11
577 3406 617 3439 27
635 3400 823 3446 ὃδευούσης
839 3405 1027 3439 Zachariae
2350 3314 2366 3451 u

1286 3360 1364 3400 quo]
1397 3357 1456 3399 qui
1488 3357 1521 3390 V
1544 3356 1555 3399 ΙΙ
1586 3359 1624 3390 17
1650 3357 1868 3400 permutendo
1891 3358 1941 3391 R¹
1971 3359 1982 3402 [Ι
2020 3360 2060 3393 18
2085 3369 2160 3392 cum
2185 3373 2243 3394 om.
2267 3360 2317 3394 V¹

1289 3405 1329 3437 19
1354 3401 1579 3435 contractibus
1603 3402 1736 3445 om.R}J
1760 3404 1870 3436 autem
1892 3404 1945 3437 V¹¹
1960 3402 1973 3448 ΙΙ
1998 3405 2040 3438 20
2064 3405 2274 3447 perceperint
2296 3405 2330 3439 R

1286 3449 1326 3482 21
1353 3447 1457 3480 ullam
1479 3459 1536 3480 om.
1551 3447 1585 3480 R
1603 3446 1615 3491 ΙΙ
1639 3448 1682 3481 23
1706 3447 1742 3480 in
1766 3460 1826 3482 om.
1847 3448 1897 3482 V¹
1911 3447 1924 3492 ΙΙ
1949 3449 1993 3482 26
2016 3449 2192 3492 imperium
2208 3452 2365 3484 maneant

1285 3492 1327 3526 ad
1350 3493 1403 3525 Ra
1419 3492 1432 3536 ΙΙ
1455 3494 1521 3533 eos]
1548 3492 1608 3536 leq.
1623 3491 1722 3525 eum?
1737 3491 1750 3537 ΙΙ
1775 3492 2028 3535 proficiscantur
2051 3494 2106 3537 Vll
2132 3496 2175 3529 28
2195 3496 2365 3539 yconomis

1286 3537 1479 3581 (yconomiis
1499 3537 1562 3578 17¹)
1586 3537 1694 3571 RVT
1715 3536 1728 3580 ΙΙ
1758 3538 1801 3572 30
1825 3540 1898 3580 nec]
1930 3538 2037 3572 nichil
2065 3539 2099 3573 V
2122 3538 2129 3584 Ι
2162 3542 2364 3582 permutatio

1285 3602 1329 3607 —
1353 3583 1392 3616 31
1419 3582 1507 3615 facta
1530 3582 1625 3616 Beck
1647 3581 1660 3626 ΙΙ
1684 3583 1724 3616 31
1751 3592 1858 3616 scema
1880 3583 1915 3616 R
1938 3584 2053 3617 chema
2072 3584 2131 3629 Vl
2161 3586 2204 3620 32
2226 3585 2364 3620 incoha-

1284 3630 1367 3669 tum]
1391 3628 1493 3660 inu·
1518 3628 1628 3660 autem
1648 3627 1696 3661 7ι
1714 3626 1727 3671 ΙΙ
1750 3628 1794 3661 34
1812 3628 2018 3670 praedictum
2038 3629 2170 3663 modum
2192 3631 2226 3665 R
2246 3629 2261 3676 ΙΙ
2283 3632 2327 3666 35
2344 3642 2364 3664 a

1283 3673 1376 3714 viris]
1409 3685 1426 3703 ε
1451 3672 1523 3706 uris
1555 3672 1604 3707 7Ι
1646 3671 1730 3705 iuris
1761 3672 1811 3706 V³
1843 3671 1857 3718 ss
1896 3674 1939 3708 36
1963 3675 2112 3710 lacunam
2152 3688 2216 3711 non
2251 3683 2366 3711 notant

1285 3719 1362 3752 libri
1385 3717 1399 3762 ΙΙ
1433 3718 1474 3752 37
1499 3717 1654 3752 uiuentes
1677 3717 1712 3751 R
2055 3726 2057 3728 ·

186 3540 206 3574 2
229 3539 376 3573 ecclesiis
397 3539 443 3572 V¹
475 3538 486 3581 ΙΙ
514 3540 535 3571 4
553 3537 676 3580 aliqua]
702 3537 880 3580 aliquaque
901 3537 957 3582 711
983 3540 1002 3572 5
1019 3540 1096 3579 qua]
1118 3548 1216 3580 quam

140 3584 190 3617 ΕΙ
215 3585 294 3626 quia
313 3584 364 3618 V²
390 3582 404 3628 ΙΙ
429 3586 448 3618 ’7
474 3594 554 3625 quas
579 3596 635 3616 om.
658 3583 709 3616 V¹
727 3583 740 3627 ΙΙ
763 3583 849 3616 dixit
869 3582 926 3627 Vll
951 3585 970 3617 8
992 3593 1029 3616 eo
1053 3583 1153 3625 quod]
1179 3594 1217 3616 eo

142 3641 199 3662 om.
225 3629 310 3672 vulq.
340 3628 353 3672 ΙΙ
386 3629 513 3672 priores
537 3628 771 3662 constitutioni
802 3627 852 3662 7ι
881 3628 893 3673 ΙΙ
927 3629 947 3662 9
971 3628 1217 3671 perimitat-ione

141 3673 191 3706 Β*
206 3671 219 3717 ΙΙ
239 3675 277 3707 11
294 3676 508 3708 conuertetur
520 3674 570 3707 12¹
588 3673 600 3717 ss
616 3673 934 3716 postulaveruntque
945 3674 1001 3707 vul
1023 3675 1045 3714 .]
1068 3673 1215 3716 postula-

141 3719 264 3753 uerunt
282 3718 381 3764 RVn
406 3721 448 3754 12
467 3729 487 3753 a
510 3732 569 3753 om.
592 3719 640 3753 7ι
657 3718 670 3762 ΙΙ
695 3719 735 3753 13
756 3719 836 3752 haec
855 3731 913 3754 om.
929 3718 978 3752 13²
1026 3719 1068 3752 14
1087 3729 1217 3753 sacrum
