2618 4010
258 112 365 155 Nov.
397 111 453 154 VI
482 123 542 166 pr.
580 115 593 150 1

258 222 435 275 προϊοῦσα
475 223 534 274 καί
564 218 630 254 τὸν
659 217 902 274 ἀνθρώπινον
936 222 1212 266 κατακοσμοῦσα
1245 224 1339 266 βίον.

1338 107 1396 155 36

1738 123 1951 162 QUOMODO
1981 124 2213 156 OPORTEAT
2242 125 2477 158 EPISGOPOS

1405 232 1450 258 ex
1473 233 1546 257 uno
1566 221 1764 267 eodemque
1788 223 1964 275 principio
1988 227 2138 268 utraque
2159 224 2390 269 procedentia
2411 225 2477 261 hu-

258 279 346 320 ωςτε
370 262 611 321 οὐδὲνῑούτως
633 263 679 299 ἂν
705 266 759 319 εζη
789 265 1103 312 περισπούδαστον
1131 265 1340 310 βασιλεῦσιν
1405 277 1544 302 manam
1576 269 1752 302 exornant
1773 270 1890 303 utam.
1935 268 2091 314 Ideoque
2113 269 2202 304 nihil
2229 269 2283 305 sic
2311 270 2380 307 erit
2402 274 2477 306 stu—

258 324 305 347 ως
329 325 350 354 η
372 324 450 345 των
475 323 602 356 ιερεων
625 322 808 367 σεμνοτης,
833 312 903 359 εἴγε
926 315 985 346 καὶ
1002 309 1092 358 ὑπὲρ
1113 307 1235 345 αὐτῶν
1251 313 1338 346 ἐκεί·

257 369 334 391 νων
363 353 418 389 ἀεὶ
442 354 508 389 τὸν
537 353 631 389 θεὸν
659 368 888 391 ικετευουσιν.
936 358 982 391 Εἰ
1003 356 1071 403 γὰρ
1095 352 1116 399 ἡ
1138 357 1205 400 μὲν
1228 355 1337 401 ἄμεμ-

1030 401 1037 410 ³
1167 403 1175 413 ι

1406 312 1560 362 diosum·
1579 310 1873 356 imperatoribus,
1907 314 2002 350 sicut
2034 313 2261 350 sacerdotum
2298 315 2478 357 honestas,

1405 367 1487 392 eum
1511 359 1562 391 uti
1588 365 1633 390 ue
1657 358 1693 390 et
1723 366 1788 408 pro
1811 357 1881 393 illis
1902 358 1916 393 i
1959 358 1989 394 is
2012 369 2152 412 semper
2175 359 2241 395 deo
2264 359 2477 405 supplicent.

258 413 346 437 πτος
370 401 422 444 εἴη
447 397 683 443 πανταχόθεν
701 404 762 435 καὶ
784 402 845 446 τῆς
863 401 951 449 πρὸς
965 402 1066 455 ’θεον
1085 413 1227 446 μετεχοι
1247 414 1336 448 παρ·
1373 405 1391 436 5
1405 401 1497 436 Nam
1521 401 1552 436 si
1606 410 1650 435 oc
1675 401 1816 445 quidem
1837 401 1877 437 in
1935 403 2052 448 pabile
2075 407 2122 439 sit
2144 404 2300 450 undique
2323 408 2361 440 et
2383 404 2479 449 apud

256 450 397 493 ρησίας,
422 442 443 488 ἡ
467 443 506 479 δὲ
529 443 653 492 ὀρθῶς
675 458 716 480 τε
739 449 800 480 καὶ
823 457 1071 494 προςηκοντως
1093 450 1336 491 κατακοσμοίη

256 491 323 534 τὴν
346 488 627 535 παραδοθεῖσαν
657 488 749 535 αὐτῆ
781 490 979 534 πολιτείαν,
1011 493 1114 525 ἔσται
1145 495 1338 537 συμφωνία

256 547 310 570 τις
332 532 474 583 ἀγαθή,
509 536 586 582 πᾷν
609 537 645 571 εἴ
663 548 700 571 τι
721 528 878 584 ἑρηστὸν
901 538 956 580 τῷ
979 533 1209 583 ἀνθρωπίνῳ
1240 549 1337 582 χαρι·

256 584 386 660 ζοὲιένη
416 583 521 627 γένει.
568 577 684 635 ᾙμεῖς
715 586 839 616 τοίνυν
869 585 1042 635 μεγίστην
1073 582 1201 626 ἔχομεν
1231 594 1338 627 φρον-

1405 445 1509 481 deum
1533 444 1664 480 fiducia
1687 445 1843 499 plenum,
1865 446 2050 492 imperium
2068 452 2188 484 autem
2205 455 2304 485 recte
2325 453 2362 485 et
2384 460 2479 484 eom-

1406 494 1567 535 petenter
1585 494 1733 526 exornet
1749 490 1918 527 traditam
1935 492 2002 529 sibi
2018 494 2286 539 rempublicam,
2308 494 2379 530 erit
2394 505 2479 529 con-

1406 536 1572 571 sonantia
1610 535 1783 580 quaedam
1818 537 1931 582 bona,
1967 548 2071 574 omne
2105 539 2274 584 quicquid
2310 539 2396 575 utile
2427 541 2482 575 est

1406 580 1561 617 humano
1587 580 1774 616 conferens
1798 581 1929 626 generi.
1974 582 2049 619 Nos
2075 583 2181 628 igitur
2203 585 2393 621 maximam
2415 584 2480 619 ha-

256 641 275 661 τ
316 639 340 659 α
370 630 456 679 περί
485 638 526 661 τε
553 638 600 661 τα
626 624 749 681 ἀληθῆ
777 628 843 661 τοῦ
867 628 957 660 θεου
989 623 1153 681 δόγματα
1184 630 1270 671 περί
1297 639 1338 661 τε
1356 629 1392 661 10
1407 626 1530 662 bemus
1554 625 1828 662 sollicitudinem
1849 626 1945 662 circa
1962 637 2046 663 vera
2063 627 2120 664 dei
2136 629 2303 674 dogmata
2324 632 2363 665 et
2386 629 2482 665 circa

1256 674 1263 683 r

254 670 323 715 τὴν
347 685 423 706 των
447 670 572 718 ἱερέων
602 684 820 717 σεμνοτητα,
854 664 892 715 ἧς
915 673 1065 706 ἐκείνων
1088 684 1215 714 αντεχο
1241 684 1338 713 evam

256 714 556 761 πεπιστεύκαμεν,
581 714 629 751 ὦς
652 715 707 751 δι’
735 716 840 759 αὐτῆς
861 714 1000 764 μεγάλα
1022 713 1108 760 ἡμῖν
1131 686 1257 764 ἆγαθιά
1280 714 1322 751 δο

257 760 411 805 θήσεται
436 761 536 808 παρὰ
560 762 663 804 θεοῦ,
694 765 754 796 καὶ
778 760 823 796 τά
846 775 886 796 τε
909 761 1002 796 ὄντα
1025 765 1184 806 βεβαίως
1211 762 1338 806 ἕξομεν

254 805 301 842 τά
323 819 364 841 τε
386 805 488 842 οὔπω
512 809 571 840 καὶ
598 808 665 841 νῦν
696 806 877 861 ἆΙφιγμένα
906 803 1217 860 προςκτησιξμεθα.
1264 810 1337 842 Ka-

1406 671 1633 707 sacerdotum
1655 671 1895 714 honestatem,
1919 682 2025 716 quam
2046 673 2115 709 illis
2138 674 2381 711 obtinentibus
2405 685 2480 710 cre·

1406 716 1520 752 dimus
1550 716 1633 762 quia
1665 727 1730 762 per
1753 727 1831 752 eam
1859 716 2014 752 maxima
2042 718 2144 755 nobis
2175 719 2271 756 dona
2300 719 2482 755 dabuntur

1407 772 1430 797 a
1452 762 1538 805 deo,
1572 766 1607 798 et
1631 772 1683 805 ea,
1708 772 1800 807 quae
1823 766 1924 804 sunt,
1947 761 2051 797 firma
2072 762 2299 807 habebimus,
2331 768 2367 800 et
2391 774 2482 809 quae

1406 807 1564 843 nondum
1587 807 1760 843 hactenus
1779 810 1960 849 venerunt,
1985 807 2212 852 adquirimus.
2247 809 2346 845 Bene
2363 812 2482 845 autem

255 851 324 906 λῶς
348 850 388 886 δὲ
410 848 628 906 ἄν’ἅπαντα
645 864 849 908 ,πραττοιτο
869 854 929 886 καὶ
953 863 1211 898 προςηκοντως,
1236 853 1337 900 εἴπερ
1355 855 1392 888 15
1407 852 1575 889 universa
1604 856 1775 897 geruntur
1799 856 1835 888 et
1859 863 1935 888 com
1963 854 2109 894 etenter,
2139 853 2171 888 si
2194 853 2247 890 rei
2264 854 2482 900 principium

254 911 275 940 η
304 898 368 932 τοῦ
398 909 607 944 πραγματος
637 911 725 942 αρχη
759 899 899 944 γένοιτο
934 899 1121 944 πρέπουσα
1155 901 1215 931 καὶ
1252 896 1337 943 φίλη

256 943 348 986 θεῷ.
393 944 501 977 τοῦτο
526 940 566 976 δὲ
591 943 744 976 ἔσεσθαι
768 940 996 987 πιστεύομεν,
1021 942 1120 999 εἴπερ
1146 941 1168 986 ἡ
1189 945 1267 978 τῶν
1291 942 1336 977 ἱε-

254 989 332 1035 ρῶν
355 985 524 1022 κανόνων
555 984 801 1034 παρατήρησις
826 986 1060 1033 φυλάττοιτο,
1092 1001 1137 1044 ην
1160 989 1199 1022 οἵ
1223 1002 1263 1023 τε
1287 986 1337 1023 δι-

252 1037 364 1086 καίως
385 1030 601 1077 ὑμνούμενοι
625 1035 684 1066 καὶ
709 1035 941 1079 προςκυνητοὶ
974 1036 1033 1066 καὶ
1066 1032 1246 1068 αυτόπται
1276 1036 1335 1067 καὶ

1406 897 1470 932 fiat
1503 897 1634 934 decens
1668 902 1705 933 et
1739 898 1892 933 amabile
1951 908 2005 933 eo.
2061 897 2142 933 Hoc
2176 902 2295 935 autem
2323 899 2482 935 futurum

1407 952 1486 978 esse
1522 943 1716 986 eredimus,
1759 944 1791 978 si
1826 953 2007 978 sacrarum
2042 943 2246 987 regularum
2283 944 2483 981 observatio

1407 988 1649 1030 custodiatur,
1681 999 1786 1033 quam
1809 988 1902 1023 iuste
1931 987 2068 1023 laudati
2092 992 2128 1023 et
2149 988 2322 1024 adorandi
2343 989 2483 1035 inspec-

1406 1036 1502 1069 tores
1535 1036 1571 1069 et
1606 1033 1758 1069 ministri
1789 1034 1846 1069 dei
1869 1034 1966 1069 verbi
1995 1033 2219 1069 tradiderunt
2248 1035 2419 1079 apostoli,
2449 1039 2485 1071 et

253 1081 428 1134 vunqejto‘z'a
456 1078 521 1112 τοῦ
546 1078 636 1112 θεοῦ
670 1075 775 1124 λόγου
807 1076 1113 1124 παραδεδώκασιν
1143 1075 1341 1114 ἀπόστολοι
1355 1081 1396 1113 20
1410 1078 1528 1115 sancti
1550 1082 1672 1125 patres
1697 1081 1734 1115 et
1756 1079 2001 1115 custodierunt
2024 1083 2060 1116 et
2083 1079 2374 1124 explanaverunt.

254 1126 314 1157 καὶ
336 1137 372 1157 οι
395 1136 489 1169 αγιοι
514 1125 664 1169 πατέρες
688 1119 871 1168 ἐφύλαξάν
893 1137 934 1158 τε
957 1126 1016 1157 καὶ
1042 1121 1285 1171 ὑφηγήσαντο.

1272 1192 1428 1228 CAPUT
1452 1192 1481 1228 Ι.

265 1294 274 1304 1
297 1240 362 1303 (F)
410 1249 636 1303 Θεσπίξομεν
656 1250 795 1301 ετοίνυν
829 1250 903 1282 τοῖς
941 1248 1056 1282 θείοις
1091 1245 1152 1282 διὰ
1186 1246 1340 1283 πάντων

256 1306 424 1348 επομενοι
453 1305 616 1335 κανοσιν,
646 1296 752 1336 ηνίκα
782 1304 836 1327 τις
864 1294 912 1327 εἰς
940 1292 1005 1327 τὸν
1036 1292 1164 1328 λοιπὸν
1192 1289 1339 1328 ἅπαντα

1454 1248 1644 1285 Sancimus
1674 1248 1783 1293 igitur
1811 1258 1933 1285 sacras
1965 1259 2031 1294 per
2060 1249 2178 1285 omnia
2208 1253 2398 1294 sequentes
2430 1261 2484 1286 re·

1407 1293 1520 1337 gulas,
1546 1294 1628 1328 dum
1653 1293 1829 1340 quispiam
1851 1295 2013 1339 sequenti
2032 1294 2125 1330 omni
2144 1299 2303 1347 tempore
2322 1295 2369 1331 ad
2392 1295 2485 1331 ordi-

253 1352 386 1386 χρονον
410 1340 469 1373 ἐπὶ
490 1342 718 1394 χειροτονίαν
741 1339 936 1373 ἐπίσκοπος
959 1337 1092 1385 ἄγοιτο,
1119 1338 1339 1373 σκοπεῖσθαι
1408 1339 1589 1374 nationem
1624 1339 1854 1383 episcopatus
1889 1339 2097 1383 adducitur,
2135 1340 2352 1376 consnderari
2385 1340 2486 1386 prius

255 1383 433 1431 πρότερον
457 1386 566 1418 αυτοῦ
591 1382 660 1436 τὸν
680 1386 764 1427 βίον
788 1382 879 1417 κατὰ
903 1382 970 1418 τὸν
994 1384 1100 1417 θεῖον
1123 1381 1338 1425 ἀπόστολον,
1352 1387 1394 1419 25
1408 1384 1487 1419 eius
1510 1384 1617 1419 vitam
1641 1384 1838 1419 secundum
1862 1394 2003 1420 sacrum
2027 1385 2249 1430 apostolum,
2281 1386 2312 1421 si
2334 1385 2486 1422 honesta

254 1430 285 1464 εἰ
319 1429 446 1475 σεμνός
477 1442 517 1464 τε
547 1432 608 1463 καὶ
638 1439 823 1473 αμεμπτος
853 1431 914 1462 καὶ
945 1426 1185 1471 πανταχόθεν
1216 1426 1338 1462 ἀνεπί-

254 1474 387 1518 ληπτος
416 1475 469 1519 εἴη
501 1477 560 1508 καὶ
591 1471 650 1508 ἐπ’
682 1471 836 1520 ἀγαθοῖς
865 1476 1178 1520 μεμαρτυρημένος
1207 1487 1247 1508 τε
1279 1477 1339 1507 καὶ

253 1521 317 1567 (ᾗ)
348 1523 367 1556 l
415 1519 703 1573 icosi-aginam·
797 1522 856 1552 καὶ
887 1518 969 1553 οὔτε
1001 1521 1039 1552 ἐκ
1069 1518 1285 1562 ταξεωτικῆς
1316 1515 1338 1562 ἢ

1407 1432 1444 1464 et
1466 1429 1693 1474 inculpabilis
1719 1432 1756 1465 et
1778 1429 1935 1474 undique
1957 1429 2277 1474 irreprehensibilis
2300 1430 2359 1474 sit,
2391 1435 2427 1467 et
2448 1431 2486 1467 in

1407 1474 1511 1509 bonis
1546 1474 1786 1509 testimonium
1822 1474 1970 1519 habeat,
2015 1479 2051 1510 et
2088 1475 2308 1511 sacerdotem
2342 1476 2484 1512 decens.

1406 1521 1426 1554 1
1472 1518 1524 1553 Et
1552 1530 1668 1564 neque
1699 1530 1744 1555 ex
1768 1519 1913 1556 officiali
1943 1523 2006 1555 aut
2037 1531 2081 1556 ex
2105 1520 2232 1556 curiali
2261 1520 2381 1557 veniat
2411 1521 2485 1558 for-

255 1571 294 1603 ἐκ
317 1565 543 1619 flovit-vuum
566 1578 670 1618 ορμιρ
698 1576 775 1598 ενος
797 1564 917 1607 τύχης,
951 1562 1045 1607 πλὴν
1069 1565 1100 1597 εἰ
1120 1563 1170 1609 μὴ
1195 1566 1233 1598 ἐκ
1258 1566 1338 1598 νέας
1407 1566 1496 1599 tuna
1510 1590 1518 1606 ‚
1544 1564 1612 1600 nisi
1635 1571 1755 1600 tamen
1779 1575 1823 1600 ex
1846 1565 1986 1600 novella
2009 1568 2146 1608 aetate,
2173 1565 2368 1602 secundum
2393 1567 2487 1611 quod

255 1612 405 1657 ἡλικίας,
440 1623 533 1644 κατα
566 1623 609 1644 το
645 1623 666 1652 η
690 1623 711 1652 η
743 1607 994 1651 διατυπωθέν,
1022 1609 1478 1665 x⁶²11'peovao‘mqoi'ty30iam
1510 1609 1721 1654 dispositum
1753 1613 1808 1645 est

253 1656 457 1702 καταλεγεὶς
480 1655 750 1702 ἐλευθερωθείη
769 1655 831 1698 τῆς
853 1653 968 1697 τύχης,
992 1667 1034 1688 το
1058 1667 1234 1700 τεταρτον
1256 1657 1337 1699 με’ν-

254 1717 311 1738 τοι
346 1699 524 1748 πρότερον
558 1702 619 1744 τῆς
655 1703 860 1746 περιουσίας
895 1697 1089 1735 ἀποδιδοὺς
1123 1701 1169 1743 τῆ
1208 1698 1338 1748 βουλῇ·

252 1749 278 1785 2
323 1747 408 1782 οὔτε
432 1746 470 1787 ἐξ
497 1744 646 1780 ἰδιώτου
675 1747 737 1779 καὶ
765 1746 844 1779 τῶν
872 1743 1103 1790 καλουμένων
1132 1736 1269 1780 λἀϊκῶν
1292 1743 1339 1779 εἷς

254 1790 446 1829 καθεστὼς
469 1791 548 1826 εἶτα
571 1787 681 1825 εὐθὺς
711 1792 772 1825 ἐπὶ
795 1789 863 1833 τὴν
887 1789 1089 1834 ἐπισκοπὴν
1112 1788 1337 1835 ἀναβαίνων,

1407 1658 1496 1690 tuna
1520 1655 1702 1697 liberetur,
1727 1621 1895 1700 quariaixlll
1910 1615 2148 1702 &3331ss
2167 1613 2390 1693 gtiblssttaitiiltffi
2406 1611 2486 1692 §gd--

1408 1700 1431 1734 2
1478 1700 1565 1735 dens
1591 1701 1727 1745 euriae3
1780 1710 1894 1745 neque
1917 1711 1962 1736 ex
1984 1701 2096 1736 idiota
2127 1706 2163 1736 et
2193 1701 2249 1737 his
2273 1702 2333 1747 qui
2356 1712 2485 1738 vocan-

1406 1749 1467 1780 tur
1489 1745 1573 1781 laici
1597 1746 1752 1782 existens
1776 1749 1813 1782 et
1834 1746 1886 1781 ita
1907 1757 1990 1782 mox
2013 1747 2258 1799 episcopatum
2278 1748 2485 1792 ascendens,

1408 1801 1475 1826 nec
1507 1790 1751 1835 imaginariam
1787 1791 1960 1836 suscipiat
1994 1792 2270 1835 ordinationem,
2306 1795 2486 1838 tamquam

254 1838 338 1874 οὐδὲ
368 1839 677 1882 ἐσχηματισμένην
709 1833 890 1880 λαμβάνοι
921 1835 989 1879 τὴν
1019 1849 1072 1879 χει
1097 1839 1256 1878 οτονίαν,
1291 1833 1339 1870 αἶς
1353 1839 1395 1872 35
1407 1835 1513 1872 modo
1547 1836 1691 1880 quidem
1725 1836 1854 1879 idiota,
1889 1848 1971 1872 mox
2002 1841 2121 1873 autem
2157 1837 2326 1881 clericus,
2360 1837 2487 1874 deinde

254 1884 337 1932 ἄρτι
362 1885 429 1929 μὲν
454 1879 617 1925 ἰδιώτης,
649 1880 760 1915 εὐθὺς
783 1879 824 1915 δὲ
847 1879 1025 1928 κληρικός,
1055 1894 1071 1915 ε
1086 1895 1133 1916 τα
1163 1879 1279 1928 βραχύ
1302 1895 1339 1916 τι

254 1931 280 1967 3
314 1927 498 1964 διαλιπὼν
520 1929 716 1962 ἐπίσκοπος
734 1923 1026 1972 ἀναφαίνεσθαι·
1096 1924 1178 1961 οὔτε
1200 1927 1338 1980 γαμετῇ

254 1975 449 2016 συνοικῶν,
479 1969 558 2007 ἀλλ’
585 1969 607 2016 ἢ
631 1972 820 2019 παρθενίᾳ
850 1973 917 2015 συζ
927 1970 1004 2006 ’σας
1033 1971 1072 2012 ἐξ
1094 1970 1200 2015 ἀρχῆς
1231 1985 1252 2014 η
1280 1985 1339 2018 γυ-

255 2023 363 2056 ναῖκα
383 2021 451 2064 μὲν
475 2015 584 2061 σχών,
617 2019 656 2051 ἐκ
683 2017 888 2064 παρθενίας
941 2018 960 2051 ἃ
989 2017 1038 2052 εἰς
1069 2014 1180 2051 αὐτὸν
1211 2015 1339 2051 ἐλθοῦ-

1405 1881 1432 1917 3
1462 1892 1610 1926 parvum
1627 1882 1761 1926 aliquid
1783 1882 2004 1928 praeteriens
2027 1883 2215 1927 episcopus
2231 1887 2416 1928 appareat.
2451 1886 2488 1918 et

1408 1937 1524 1970 neque
1556 1927 1661 1962 uxori
1683 1927 1776 1962 aliae
1808 1927 2015 1972 copulatus,
2047 1928 2111 1964 sed
2141 1932 2205 1963 aut
2227 1928 2263 1964 in
2288 1927 2488 1973 virginitate

1409 1971 1541 2017 degens
1565 1982 1588 2007 a
1611 1972 1786 2018 principio
1821 1977 1886 2008 aut
1918 1983 2063 2008 uxorem
2088 1973 2228 2019 quidem
2257 1973 2416 2017 habens,
2443 1986 2487 2011 ex

300 2090 373 2122 cap.
386 2077 411 2110 I
427 2089 482 2120 pr.
497 2076 518 2120 5
537 2078 564 2109 1.
579 2077 598 2109 2
621 2077 677 2118 (-—-
689 2071 904 2118 ἀναβαίνων
927 2088 956 2109 υ.
971 2076 1027 2117 34)
1050 2083 1080 2109 et
1099 2083 1251 2119 excerpta
1274 2076 1294 2117 ἓ
1309 2076 1395 2110 3-5
1410 2076 1506 2110 habet
1522 2076 1602 2110 Coll.
1616 2076 1770 2110 LXXX
1780 2076 1848 2109 VII
1867 2077 1963 2119 capit.
1979 2077 1999 2110 2
2024 2077 2113 2117 (inde
2131 2078 2297 2120 appendix
2309 2077 2440 2112 Nomoc.
2455 2079 2487 2112 L

256 2126 302 2158 tit.
327 2136 401 2167 cap.
427 2122 501 2155 eccl.
526 2122 567 2163 l).

301 2169 323 2212 ξ
344 2171 364 2203 3
388 2168 593 2201 summarium
617 2173 706 2199 extat
726 2166 859 2200 Nomoc.
882 2165 984 2199 XIV
999 2166 1046 2199 tie.
1073 2167 1103 2204 1.
1122 2173 1167 2199 23.

255 2248 325 2283 que
347 2235 392 2271 ab
417 2245 491 2270 uno
515 2234 709 2279 eodemque
728 2233 915 2279 principio
932 2232 1185 2279 proficiscitur
1202 2237 1238 2268 et
1257 2232 1451 2268 humanam
1472 2233 1581 2268 vitam
1601 2237 1771 2268 exornat.

1812 2232 1934 2276 Quare
1957 2233 2048 2268 uilzic
2069 2233 2350 2280 imperatoribus
2372 2247 2487 2288 aeque

256 2293 365 2317 curae
386 2279 506 2326 fuerit
527 2282 636 2325 atque
659 2277 891 2314 sacerdotum
913 2277 1105 2320 honestam
1127 2277 1161 2313 si
1183 2277 1328 2323 quidem
1344 2277 1383 2313 Izi
1401 2277 1511 2314 etiam
1528 2288 1605 2324 pro
1622 2277 1696 2314 illis
1718 2278 1809 2324 ipsis
1830 2289 1972 2325 semper
1994 2278 2063 2314 deo
2079 2279 2298 2326 supplicant.
2336 2280 2431 2316 Nam
2453 2293 2484 2316 si

257 2327 412 2362 alterum
436 2325 533 2361 omni
556 2335 606 2360 ex
622 2328 735 2370 parte
757 2324 938 2369 integrum
962 2327 1016 2359 est
1038 2326 1075 2359 et
1092 2322 1231 2368 fiducia
1255 2322 1313 2358 dei
1329 2321 1563 2369 praeditum,
1593 2322 1748 2358 alterum
1771 2327 1868 2359 recte
1891 2327 1927 2359 et
1949 2323 2116 2360 decenter
2138 2324 2394 2371 rempublicam
2417 2326 2486 2362 sibi

257 2371 429 2408 traditam
451 2372 631 2412 exornat,
656 2368 771 2404 bonus
793 2368 942 2414 quidam
965 2372 1162 2403 concentus
1183 2367 1327 2409 eaeistet,
1352 2367 1416 2413 qui
1439 2367 1614 2413 quicquid
1636 2367 1724 2403 utile
1747 2371 1804 2404 est
1824 2368 1981 2404 humano

2031 2369 2131 2405 eneri
2179 2369 2335 2406 raebeat.
2372 2370 2486 2407 Nobis

255 2417 370 2464 iqitur
392 2415 576 2451 maximae
599 2425 709 2450 curae
727 2417 815 2449 sunt
836 2416 872 2450 et
891 2424 978 2449 vera
997 2412 1056 2448 dei
1079 2412 1254 2459 doqmata
1276 2416 1313 2448 et
1334 2411 1564 2460 sacerdotum
1583 2411 1767 2456 honestas,
1791 2424 1901 2459 quam
1919 2413 1952 2449 si
1967 2413 2023 2448 ili
2036 2418 2138 2450 custo
2165 2414 2255 2458 tunt,
2273 2427 2346 2462 per
2367 2416 2486 2463 ipsam

255 2473 391 2509 maqna
413 2461 509 2513 bona
532 2471 557 2495 a
580 2459 647 2495 deo
671 2458 776 2494 nobis
798 2458 923 2494 datum
946 2458 995 2493 iri
1017 2469 1156 2510 nosque
1179 2462 1216 2494 et
1263 2469 1332 2493 uae
1356 2456 1526 2493 babemus
1545 2458 1702 2503 firmiter
1729 2469 1967 2504 possessuros
1989 2462 2026 2495 et
2048 2470 2143 2505 quae
2171 2459 2330 2495 nondum
2361 2460 2486 2509 adepti

255 2518 379 2543 sumus
406 2516 556 2552 insuper
579 2504 830 2557 adquisitum-5
859 2515 936 2539 esse
960 2503 1185 2548 confidimus.

1270 2514 1334 2539 ene
1356 2508 1476 2538 autem
1499 2506 1537 2539 et
1557 2502 1724 2538 decenter
1747 2503 1868 2539 omnia
1898 2508 2083 2550 9erentur,
2111 2505 2146 2540 si
2167 2504 2275 2540 modo
2299 2505 2429 2542 decens
2450 2511 2488 2543 et

256 2553 324 2589 deo
348 2556 495 2599 qratum
525 2550 580 2587 rei
609 2550 751 2585 initium
772 2554 950 2596 ponatur.
997 2547 1047 2584 Id
1068 2552 1188 2584 autem
1209 2548 1298 2594 fore
1321 2548 1516 2590 credimus,
1548 2548 1581 2583 si
1602 2559 1792 2583 sacrorum
1816 2559 1995 2584 canonum
2019 2549 2221 2585 observatio
2245 2551 2483 2594 custodiatur,

231 2598 234 2602 ’
256 2609 366 2645 quam
389 2601 425 2632 et
448 2595 608 2644 apostoli
631 2595 759 2631 merito
785 2593 960 2630 laudandi
982 2598 1093 2640 atque
1119 2592 1332 2636 venerandi,
1355 2597 1579 2640 spectatores
1601 2597 1639 2629 et
1659 2593 1816 2629 ministri
1843 2593 1941 2629 verbi
1967 2593 2043 2637 dei,
2065 2594 2292 2630 tradiderunt
2309 2599 2347 2631 et
2365 2597 2485 2632 sancti

256 2647 382 2690 patres
403 2646 439 2679 et
463 2640 712 2677 custodierunt
733 2642 770 2676 et
791 2651 811 2675 e
867 2639 1050 2675 lanarum.

392 2687 421 2723 I.
469 2685 660 2722 Sancimus
682 2685 795 2731 iqitur
842 2685 958 2720 ivinos
981 2694 1139 2720 canones
1160 2684 1257 2719 omni
1276 2694 1326 2720 ex
1342 2686 1456 2730 parte
1478 2683 1603 2725 secuti,
1627 2686 1679 2726 ut,
1702 2682 1850 2729 quando
1874 2683 1913 2718 in
1930 2694 2035 2719 omne
2046 2684 2216 2730 futurum
2240 2688 2380 2731 tempus
2401 2686 2484 2733 quis

258 2733 307 2769 ad
330 2732 596 2769 ordinationem
612 2730 767 2782 ducatur
781 2730 985 2777 episcopus,

1036 2729 1115 2764 rius
1138 2730 1212 2766 vita
1235 2729 1314 2765 eius
1336 2727 1530 2765 secundum
1554 2727 1712 2764 divinum
1730 2727 1936 2779 apostolum
1951 2733 2144 2774 spectetur,
2168 2740 2252 2764 num
2269 2729 2319 2766 sit
2331 2728 2483 2767 honesta

258 2783 295 2815 et
315 2778 461 2824 inteqra
481 2780 518 2813 et
540 2775 700 2856 αηάἰὲαε
721 2740 1047 2822 ιννερνείιοηεὶῠίἔε
1069 2778 1105 2810 et
1127 2786 1222 2826 quae
1244 2773 1422 2810 bonorum
1441 2784 1592 2820 operum
1617 2773 1858 2809 testimomum
1882 2772 2013 2809 habeat
2035 2777 2071 2809 et
2092 2774 2316 2810 sacerdotem
2338 2775 2463 2812 deceat
2469 2789 2484 2818 ;

257 2825 279 2861 1
325 2834 370 2859 ac
393 2833 508 2874 neque
531 2833 554 2856 a
574 2832 617 2856 co

646 2821 756 2856 ortali
778 2824 844 2856 aut
867 2820 998 2855 curiali
1021 2819 1233 2855 condimone
1253 2819 1459 2872 profectus,
1483 2818 1554 2854 nisi
1576 2830 1600 2854 a
1625 2823 1747 2854 tenera
1770 2822 1901 2860 aetate,
1925 2818 1980 2854 uti
2002 2818 2075 2854 iam
2098 2819 2332 2855 constitutum
2355 2825 2420 2863 est,
2443 2821 2483 2856 in

259 2871 516 2905 monasterium
539 2866 692 2902 allectus
715 2865 928 2902 condicione
950 2865 1017 2901 illa
1040 2865 1214 2901 liberatus
1235 2869 1303 2900 stt:
1332 2867 1375 2900 ut
1398 2867 1516 2900 tamen
1539 2867 1674 2916 quarta
1695 2874 1792 2915 pars
1822 2863 1999 2899 bonorum
2021 2864 2145 2900 curiae
2170 2865 2277 2911 prius
2296 2865 2461 2902 solvatur
2467 2879 2483 2908 ;

258 2914 284 2951 2
328 2924 444 2966 neque
466 2923 516 2948 eoe
535 2912 694 2959 privato,
726 2917 761 2947 et
784 2922 908 2947 eorum
932 2922 1026 2946 unus
1049 2910 1114 2962 qui
1137 2910 1222 2946 laici
1245 2913 1433 2951 vocantur,
1463 2913 1588 2946 statim
1611 2908 1661 2944 ad
1689 2913 1937 2961 episcopatum
1960 2908 2154 2952 ascendat,
2185 2921 2250 2946 nec
2277 2910 2482 2946 simulatam

261 2959 421 3006 accipiat
444 2957 723 2999 ordinationem,
747 2960 788 2992 ut
811 2956 875 3002 qui
897 2955 1004 2992 modo
1018 2960 1203 3003 pri-natm,
1227 2966 1317 2991 mox
1340 2954 1504 2998 clericus,
1529 2953 1657 2990 deinde
1679 2953 1777 2990 brem
1803 2958 1962 3006 tempore
1984 2954 2172 2990 interiecto

2242 2955 2388 3003 iscopus
2408 2957 2483 3008 sit-,-

258 3004 285 3041 8
329 3014 395 3040 nec
418 3003 531 3039 uxori
555 3002 787 3043 coniunctas,
819 3001 884 3036 sed
905 3001 970 3047 qui
993 3005 1059 3036 aut
1080 3000 1126 3036 ab
1144 3000 1250 3036 initio
1275 2999 1415 3036 caelebs
1435 2999 1530 3036 vixit
1551 3003 1619 3035 aut
1640 3010 1795 3035 uxorem
1817 2998 1960 3045 quadem
1983 2998 2126 3042 babuit,
2155 3011 2193 3035 se
2241 3011 2350 3046 quam
2374 3001 2481 3047 virqn-

267 3053 2483 3065 ...φῇ-Μ

306 3076 326 3107 2
349 3068 463 3106 οὕτως
486 3068 590 3104 οὐδὲν
603 3072 633 3103 A
652 3069 664 3114 ΙΙ
681 3073 699 3104 4
723 3067 779 3103 ἀεὶ
798 3083 856 3104 om.
869 3071 901 3103 A
918 3068 932 3114 ΙΙ
948 3072 967 3104 5
989 3071 1130 3114 μετέχοι
1144 3070 1191 3103 Μ
1201 3070 1282 3104 cole.
1297 3070 1338 3103 87

260 3119 346 3162 cap]
369 3114 483 3161 μεστὴ
505 3115 585 3160 ΑςΙΙ
604 3117 624 3151 8
648 3114 685 3148 εἴ
701 3117 748 3156 τι]
774 3110 832 3148 ὅτι
855 3116 886 3148 A
906 3115 919 3159 ΙΙ
947 3117 985 3149 11
1011 3112 1078 3157 τὴν
1102 3127 1162 3148 om.
1182 3115 1212 3148 A
1231 3113 1243 3158 ss
1259 3124 1340 3158 σεμ-

260 3162 407 3205 νότητος
429 3163 461 3195 A
487 3163 499 3204 ΙΙ
534 3163 573 3196 14
605 3162 678 3194 Καὶ
702 3158 818 3194 καλῶς
841 3156 887 3193 ἂν
910 3160 1033 3194 πάντα
1054 3160 1087 3194 A
1120 3159 1134 3204 ΙΙ
1163 3162 1203 3194 15
1238 3158 1340 3203 εἴπερ

262 3217 290 3243 et
317 3211 357 3243 16
380 3207 444 3241 τοῦ
468 3202 676 3253 πράγματος
701 3219 759 3241 om.
779 3207 811 3239 A
838 3205 851 3250 ΙΙ
885 3207 920 3239 17
947 3201 1163 3248 πιστεύομεν
1185 3203 1339 3237 ἔσεσθαι

262 3257 292 3287 A
308 3255 319 3297 Ι]
341 3255 381 3287 18
397 3264 438 3286 τε
458 3265 516 3286 om.
530 3252 561 3285 A
579 3251 593 3294 11
612 3253 650 3285 19
671 3253 730 3283 καὶ
743 3252 983 3304 προσκυνητοὶ
1003 3251 1063 3282 καὶ
1081 3263 1138 3283 om.
1152 3251 1184 3283 A
1201 3249 1215 3291 ss
1230 3260 1338 3295 προσ-

262 3295 470 3342 κυνούμενοι
499 3297 580 3331 Con.
605 3298 645 3330 87
672 3309 744 3340 cap.
775 3298 787 3340 ΙΙ
813 3297 873 3328 καὶ
899 3296 1075 3340 υπηρέται
1099 3307 1159 3328 om.
1190 3295 1270 3349 ίζρίί.
1295 3296 1335 3328 87

263 3356 334 3386 cap.
365 3344 378 3387 u
406 3345 449 3376 20
481 3341 585 3376 θείου
614 3342 693 3376 Coll.
720 3343 759 3375 87
795 3353 866 3383 cap.
897 3341 910 3383 ΙΙ
937 3342 978 3374 22
1014 3341 1150 3382 τοίνυν]
1186 3351 1251 3373 ουν
1274 3340 1306 3372 A
1327 3337 1339 3383 ΙΙ

673 3386 872 3420 ἐπίσκοπον
893 3387 923 3419 A
960 3382 1159 3419 ἐπισκόπου
1189 3385 1269 3419 coll.
1295 3387 1336 3418 87

265 3391 306 3422 21
341 3390 541 3433 χειροτονία
571 3386 603 3420 A
629 3384 643 3429 ΙΙ
1204 3431 1248 3463 26
1326 3431 1338 3461 ἱ

1279 3441 1323 3462 κα

264 3446 348 3476 cap„
379 3433 440 3472 leq.
464 3431 656 3474 ἐπισκοπῆς
680 3430 751 3472 (ς)ῗ
786 3433 827 3474 cf
854 3432 912 3471 38,
939 3438 978 3464 12.
1009 3431 1069 3471 39,
1090 3437 1136 3464 18.
1162 3428 1175 3474 ss

264 3488 373 3511 παντ.
399 3468 638 3519 ἆνεπίληπτος
661 3489 719 3510 om.
739 3475 798 3520 An
817 3477 858 3509 27
883 3487 924 3509 τε
943 3488 1002 3510 om.
1022 3476 1054 3508 A
1072 3473 1084 3519 ΙΙ
1099 3477 1159 3508 καὶ
1182 3472 1339 3520 ἱεροπρε·

264 3519 332 3565 πὴς
356 3523 434 3555 con.
449 3523 488 3555 87
506 3535 578 3565 cap.
596 3522 608 3566 H
624 3523 668 3557 28
692 3522 731 3555 ἐκ
754 3533 812 3555 om.
825 3521 856 3554 A
873 3516 924 3565 1Ιῆ
947 3521 995 3561 ἐκ]
1020 3521 1058 3553 ἐκ
1081 3533 1141 3554 om.
1153 3521 1184 3553 A
1202 3520 1281 3554 Gall.
1296 3521 1336 3553 87

266 3579 338 3609 cap.
353 3565 367 3610 ΙΙ
385 3568 427 3600 29
441 3579 489 3622 ξς.
520 3568 570 3610 Cf.
582 3568 686 3622 *Cod3
704 3569 731 3606 1,
756 3573 785 3607 3,
810 3573 845 3600 52
870 3567 943 3609 (5³),
966 3573 977 3599 1
998 3564 1065 3618 [1¹31
1082 3578 1138 3618 ⁸921
1154 3562 1197 3599 τὸ
1211 3564 1337 3607 -τῆςῙ

265 3612 638 3690 ῗέίἳῖοἴΐῖἕοιῖηέτ
651 3614 792 3699 οέἒξῗαζ]
804 3609 877 3696 ‘¹15¹'
888 3612 1082 3689 ιέιῖτῖἶῖἒ]
1096 3622 1178 3711 τῖῗιῖ
1201 3609 1271 3696 221¹*
1285 3608 1340 3688 τῖῗ

268 3704 298 3735 A
310 3703 382 3744 (om.
398 3701 430 3741 ς)
448 3700 461 3743 n
478 3702 518 3733 35
533 3697 730 3742 λαμβάνων
741 3704 771 3735 A
790 3701 803 3745 ΙΙ
818 3703 861 3735 36
873 3699 986 3734 εἴτεΔ
1003 3699 1017 3745 Ι
1033 3701 1075 3734 38
1094 3695 1161 3733 ἀλλ
1192 3696 1226 3743 ἢ]
1242 3698 1339 3742 aliae,

1406 3069 1462 3102 sed
1485 3071 1545 3102 aut
1566 3070 1601 3111 (i.
1627 3081 1652 3103 e.
1676 3065 1764 3111 ἄλλη

1787 3063 1867 3101 ἀλλ’
1889 3064 1923 3111 ἢ)
1948 3081 1977 3110 ς,
2002 3071 2044 3112 cs.
2057 3069 2133 3102 Aila.
2152 3070 2234 3112 (p.1
2257 3082 2289 3104 η.
2303 3071 2347 3104 20
2369 3071 2480 3104 Haim-

1409 3115 1503 3157 bach)
1527 3114 1540 3156 ss
1564 3115 1605 3149 39
1631 3114 1724 3155 ἔχων
1746 3114 1778 3147 A
2409 3124 2417 3134 ·

1458 3208 1470 3239 l
1506 3206 1557 3245 ex]
1595 3204 1655 3248 leq.
1680 3205 1731 3249 <et
1780 3204 1844 3238 ex?
1869 3204 1883 3249 ΙΙ
1911 3207 1932 3238 4
1963 3204 2043 3246 ipsis
2069 3204 2106 3238 V
2110 3205 2139 3246 Ε]
2159 3204 2223 3247 ipsi
2249 3205 2336 3239 RV⁶
2359 3206 2444 3250 ναις.
2466 3203 2481 3250 Ι

1407 3253 1426 3284 5
1457 3251 1500 3291 et]
1531 3249 1630 3283 etiam
1655 3249 1693 3283 V
1764 3251 1783 3284 8
1806 3249 1893 3283 bon·
1921 3249 1958 3283 V
1966 3250 1977 3270 ²
2007 3250 2019 3292 [Ι
2057 3251 2095 3283 12
2126 3249 2214 3283 dona
2236 3249 2404 3283 dabuntur
2426 3249 2463 3283 V
2465 3251 2477 3291 ]

1407 3295 1622 3328 donabuntur
1639 3295 1674 3328 R
1697 3294 1784 3327 bona
1805 3294 1975 3328 dabuntur
1992 3294 2105 3338 vul9.ss
2126 3296 2167 3328 14
2189 3294 2399 3336 adquiremus
2423 3294 2460 3327 V
2464 3294 2480 3316 ⁸

1406 3337 1516 3385 vala]
1530 3342 1570 3374 17
1584 3339 1731 3382 regulam
1742 3339 1780 3374 V
1784 3338 1819 3419 'Ii'
1834 3341 1872 3374 18
1880 3340 2107 3373 custoditur-R
2124 3338 2225 3384 'iuste
2236 3340 2476 3383 Osenbrquen]

1405 3385 1487 3418 iusti
1511 3385 1614 3428 libr-ill
1631 3384 1759 3417 laudati
1821 3384 1885 3426 Ψ]
1909 3384 2069 3418 laudandi
2125 3383 2141 3405 ⁸
2163 3384 2250 3427 vulq.
2266 3382 2279 3426 ΙΙ
2293 3382 2476 3416 adornandi

1405 3431 1440 3464 R
1457 3428 1471 3472 11
1485 3431 1528 3464 20
1553 3431 1586 3463 et
1597 3430 1826 3463 custodierunt
1837 3430 1882 3471 R]
1908 3432 1941 3463 et
1956 3443 2014 3464 om.
2029 3429 2068 3464 V
2074 3429 2159 3472 vulq-
2175 3425 2191 3471 fl
2205 3429 2244 3461 21
2270 3429 2357 3462 rubr.
2370 3427 2411 3462 de
2422 3440 2474 3461 οι·-

1405 3475 1578 3508 dinatione
1596 3475 1824 3517 episcoporum
1834 3475 1870 3509 R
1885 3474 1899 3518 fl
1915 3477 1957 3509 24
1982 3475 2095 3514 vitam}
2111 3473 2183 3506 uita
2194 3471 2290 3505 debet
2302 3471 2341 3506 V
2347 3475 2476 3515 oportet

1406 3520 1511 3553 uitam
1531 3519 1565 3552 T
1574 3518 1587 3562 [Ι
1605 3520 1647 3553 25
1669 3522 1702 3551 et
1719 3520 1869 3562 undique
1886 3517 2184 3563 irreprehensibilis
2195 3516 2302 3551 om.V
2312 3516 2329 3561 Ι
2345 3518 2387 3551 27
2414 3519 2473 3561 leq.

1406 3564 1529 3597 habens
1537 3563 1555 3596 7
1570 3564 1582 3607 ΙΙ
1601 3566 1643 3598 28
1657 3567 1766 3598 tamen
1778 3566 1830 3606 ex]
1842 3567 1909 3597 tam
1921 3575 1960 3598 ex
1972 3563 2039 3598 ΕΤ
2054 3564 2139 3597 etate
2151 3560 2206 3597 V‘
2228 3562 2261 3595 in
2272 3573 2339 3596 rat.
2351 3563 2373 3596 4
2388 3563 2445 3596 liu.
2470 3566 2475 3603 Ι

1405 3611 1513 3642 aetate
1534 3621 1591 3642 om.
1606 3608 1666 3654 VM
1684 3610 1726 3643 29
1750 3610 1816 3642 iam
1829 3609 1891 3644 del.
1903 3609 1954 3643 12²
1997 3610 2037 3643 81
2056 3608 2109 3649 ex]
2134 3619 2174 3638 o·
2188 3605 2254 3647 V',
2278 3605 2380 3639 eciam
2396 3607 2450 3640 V³

1406 3653 1532 3687 idioata
1549 3653 1582 3687 V
1591 3655 1600 3674 ¹
1619 3652 1633 3698 fl
1650 3655 1787 3687 uocatur
1809 3653 1915 3687 laicus
2011 3652 2102 3732 ’'32
2125 3649 2278 3684 ascendat
2301 3651 2335 3684 R
2357 3653 2440 3695 ναις.

1406 3700 1450 3735 34
1474 3698 1571 3732 modo
1595 3711 1654 3734 om.
1675 3697 1714 3733 V
1725 3698 1738 3743 Ι
1753 3700 1794 3733 35
1818 3699 1990 3741 prae-iens
2053 3695 2150 3741 1137
2174 3695 2368 3740 printieipio
2389 3697 2428 3731 V
