2618 4010
123 133 372 166 SUFFRAGIO
400 133 536 166 mm·

1209 115 1260 164 71

2057 117 2164 163 Nov.
2197 117 2296 163 VIII
2326 120 2350 163 8

1096 248 1254 291 CAPUT
1278 253 1376 292 VIII.

165 317 196 361 ’ὃ
249 323 333 359 Τοὺς
356 322 396 359 δὲ
419 319 534 358 οὕτως
557 320 735 368 ἀμίσθους
765 321 1118 372 παραλαμβάνοντας
1140 321 1203 358 τὰς

123 367 229 418 ἀρχὰς
251 371 402 417 πρῶτον
426 366 602 404 ἁπάντων
625 366 841 414 σπούδασμα
865 371 958 412 ἔχειν
978 368 1044 416 χρὴ
1063 368 1106 404 τὸ
1130 371 1203 403 τοῖς

124 413 305 459 δημοσίοις
327 412 518 462 ἀγρύπνους
541 417 733 461 προςέχειν,
763 418 823 448 καὶ
848 415 929 449 τοὺς
951 417 1017 459 μὲν
1041 413 1062 448 ἀ
1087 427 1201 459 νωμο-

123 461 275 495 νοῦντας
298 463 358 494 καὶ
382 458 566 504 δεομένους
597 457 751 513 ἀνάγκης
781 461 872 504 μετὰ
903 459 1018 504 πάσης
1042 457 1201 506 ειςπράτ-

1315 322 1390 358 Eos
1415 323 1551 365 autem,
1583 321 1644 366 qui
1674 321 1726 356 ita
1750 320 1827 357 sine
1849 321 2012 358 mercede
2035 325 2181 359 sumunt
2205 321 2352 359 admini-

1272 367 1483 409 strationes,
1515 376 1602 412 prae
1636 367 1799 402 omnibus
1825 368 1981 403 studium
2011 368 2144 405 habere
2167 368 2270 404 decet
2292 368 2353 404 fis-

1273 413 1364 449 calia
1399 413 1584 457 vigilanter
1618 411 1813 457 inspicere,
1851 417 1886 447 et
1920 412 2104 448 indevotos
2141 413 2283 459 quidem
2318 417 2355 450 et

1272 460 1412 504 egentes
1437 457 1652 493 necessitate
1676 468 1757 492 cum
1781 458 1875 493 omni
1900 458 2039 502 exigere
2062 459 2287 503 fortitudine,
2317 459 2355 494 in

98 518 201 560 ,τειν
223 507 284 561 τῆς
301 503 553 559 σιξοὸρᾴτητος,
576 502 689 548 μηδὲν
703 504 1094 550 υποκατακλινομένους
1113 502 1204 549 μηδὲ
1239 504 1371 540 5nullo
1408 503 1519 539 flexos
1558 512 1672 548 neque
1712 513 1779 547 pro
1815 503 1883 538 hoc
1919 503 1997 548 ipso
2033 503 2173 539 lucrum
2210 505 2355 550 aliquod

124 552 214 598 υπὲρ
240 564 348 585 αυτου
367 563 496 584 τουτου
514 548 636 596 κέρδος
659 563 696 584 τι
720 550 957 585 παντάπασιν
981 552 1203 591 ἐννοοῦντας,

123 599 196 630 τοῖς
219 593 259 630 δὲ
290 593 490 643 εὐγνώμοσι
514 597 698 643 πατρικῶς
727 598 1044 652 προςφερομένους·
1077 599 1203 630 ἒπειτα

123 640 166 675 τὸ
198 641 280 675 τοὺς
309 641 496 688 ἡμετέρους
525 637 700 683 ὑπηκόους
735 640 928 687 φυλαττειν
965 639 1204 683 πανταχόθεν

124 683 424 732 ἀνεπηρεάστους,
455 683 533 720 οὐδ’
560 684 681 720 ὁτιοῦν
713 684 804 733 παρ’
831 682 973 719 οὐδενὸς
998 684 1121 719 αὐτῶν
1145 698 1202 719 κο-

1273 549 1417 585 omnino
1443 548 1730 592 considerantes,
1756 548 1891 584 devotis
1915 552 2034 584 autem
2058 553 2207 593 paterne
2231 560 2269 585 se
2293 560 2353 586 ex-

1271 595 1412 639 hibere3
1447 593 1572 629 deinde
1601 596 1744 629 nostros
1780 594 1960 629 subiectos
1992 604 2175 629 reservare
2200 595 2354 640 undique

1272 641 1348 676 sine
1371 639 1558 682 violentia,
1584 638 1673 674 nihil
1696 639 1741 674 ab
1765 638 1839 674 ullo
1864 649 1987 675 eorum
2011 639 2265 684 percipientes:
2292 641 2353 676 sed

1272 685 1375 730 aequi
1399 685 1471 720 sint
1493 684 1531 719 in
1554 683 1711 726 iudiciis,
1744 684 1851 728 aequi
1880 695 1963 720 vero
1994 684 2033 719 in
2062 685 2215 730 publicis
2248 686 2352 721 disci-

122 733 343 776 uagouewovs.
389 729 470 765 ἀλλ’
498 731 568 765 ἶσοι
583 733 660 786 ’μὲν
681 733 721 765 ἐν
744 733 821 765 ταῖς
845 729 973 772 δίκαις,
1006 731 1076 764 ἴσοι
1101 729 1141 764 δὲ
1164 733 1203 764 έν
1218 734 1258 765 10
1271 730 1395 776 plinis,
1428 732 1642 775 exequentes
1667 740 1808 775 quoque
1837 729 1985 774 delicta,
2017 730 2182 765 innoxios
2214 731 2354 775 quidem

123 779 201 811 ταῖς
225 774 408 821 δημώδεσι
432 787 695 810 καταστασεσιν
725 777 907 816 ἔστωσαν,
940 773 1141 816 ἐπεξιόντες
1163 788 1203 809 τε

124 825 197 856 τοῖς
219 819 449 867 ἁμαρτήμασι
473 825 532 856 καὶ
565 821 646 856 τούς
676 823 744 865 μὲν
775 818 996 855 ἀνευθύνους
1023 820 1202 863 πανταχό-

125 867 196 901 θεν
221 866 458 912 φυλάττοντες
482 867 675 913 καθαρούς,
699 869 771 901 τοῖς
789 864 1005 901 ὑπευθύνοις
1026 864 1066 899 δὲ
1089 867 1201 901 ἐπιτι-

126 913 256 947 θέντες
287 911 388 966 πρὸςε
408 911 474 946 τὸν
507 910 620 966 νόμον
635 910 710 965 ,τὴν
733 910 875 954 ποινήν,
907 914 967 944 καὶ
996 908 1110 945 οὕτως
1141 909 1201 956 ἅρ-

1272 776 1426 820 undique
1451 775 1689 811 custodientes
1714 785 1775 810 eos
1801 775 1861 820 qui
1891 776 1974 820 puri
1998 779 2098 819 sunt,
2130 776 2202 811 reis
2235 778 2354 811 autem

1271 821 1493 866 imponentes
1525 820 1720 856 secundum
1743 820 1855 865 legem
1878 820 2083 867 (poenam),
2119 824 2154 855 et
2175 821 2227 856 ita
2251 831 2353 866 prae-

1271 866 1428 901 sidentes
1446 865 1688 909 collatoribus,
1712 868 1894 911 tamquam
1909 870 2031 911 patres
2050 866 2143 910 filiis,
2170 866 2354 911 diligentes

1272 911 1412 956 quidem
1436 921 1496 947 eos
1521 911 1581 956 qui
1612 914 1696 946 sunt
1718 912 1943 954 innocentes,
1976 912 2036 957 qui
2067 922 2149 947 vero
2179 911 2232 947 rei
2254 922 2353 947 mon-

124 969 245 1000 χοντες
268 959 347 992 τῶν
369 957 540 1001 υπηκόων
558 968 605 991 ως
628 969 674 990 αν
697 959 847 1003 πατέρες
865 955 966 997 υἱῶν,
990 954 1012 990 ἀ
1038 958 1203 991 απῶντες
1219 959 1255 990 15
1271 959 1442 998 strantur,
1476 957 1691 1000 castigantes
1716 967 1759 992 ac
1783 957 1991 1010 punientes,
2018 967 2227 1002 omnemque
2250 957 2354 992 iusti-

124 1005 192 1047 μὲν
216 999 343 1037 αὐτοὺς
366 999 585 1037 ἀνευθύνους
607 1000 729 1043 ὄντας,
761 997 987 1036 ὑπευθύνους
1034 1004 1051 1035 ὲ
1080 1014 1202 1046 φαινο-

125 1051 251 1093 μένους
274 1038 561 1094 σωφρονίζοντέὲ
579 1060 620 1081 τε
650 1049 716 1080 καὶ
741 1044 1021 1093 τιμωρούμενοι,
1053 1050 1113 1081 καὶ
1137 1048 1202 1081 πᾶ-

127 1105 196 1127 σαν
221 1091 451 1136 δικαιοσύνην
474 1095 514 1126 ἔν
528 1106 568 1126 τε
590 1094 664 1126 τοῖς
690 1090 869 1136 δημοσίοις
888 1093 928 1126 ἔν
947 1105 986 1126 τε
1005 1095 1078 1126 τοῖς
1102 1090 1205 1126 ἰδίοις

126 1137 355 1183 συμβολαίοις
378 1136 496 1172 αὐτοῖς
520 1135 786 1185 διατηροῦντες·
812 1140 870 1170 καὶ
887 1135 950 1171 οὐκ
973 1136 1075 1172 αὐτοὶ
1098 1136 1203 1182 μόνοι

1271 1002 1357 1036 tiam
1390 1005 1425 1036 et
1456 1002 1492 1036 in
1528 1001 1680 1046 publicis
1716 1005 1752 1037 et
1786 1013 1824 1037 1n
1862 1003 2011 1047 privatis
2045 1002 2266 1039 documentis
2302 1003 2354 1038 eis

1274 1049 1473 1091 servantes3
1506 1050 1542 1081 et
1566 1057 1638 1081 non
1668 1047 1737 1092 ipsi
1761 1048 1827 1083 soli
1860 1049 1930 1084 hoc
1954 1050 2118 1093 agentes,
2151 1048 2216 1084 sed
2249 1047 2355 1084 etiam

1274 1101 1413 1137 semper
1452 1092 1693 1127 consiliarium
1735 1093 1842 1128 talem
1879 1097 2058 1129 sumentes
2094 1096 2129 1129 et
2165 1093 2226 1138 qui
2260 1094 2356 1129 circa

1273 1147 1335 1173 eos
1360 1139 1444 1172 sunt
1468 1147 1606 1172 omnes:
1644 1140 1685 1172 ut
1709 1148 1780 1173 non
1804 1139 1990 1174 videantur
2021 1139 2071 1174 illi
2095 1139 2236 1185 quidem
2259 1139 2356 1175 velut

126 1197 233 1218 τουτο
264 1181 500 1230 πράττοντες,
536 1180 625 1216 ἀλλὰ
655 1185 713 1215 καὶ
749 1181 814 1216 τὸν
849 1181 903 1216 ἀεὶ
935 1181 1204 1237 παρερἶρεύοντα
1217 1185 1259 1217 20
1273 1183 1411 1218 innoxii
1434 1193 1522 1225 esse,
1547 1192 1611 1227 per
1635 1182 1723 1218 alios
1742 1186 1860 1218 autem
1881 1185 2089 1229 delinquant
2110 1189 2219 1230 atque
2234 1185 2355 1220 furen-

126 1229 291 1263 τοιοῦτον
314 1225 555 1272 λαμβάνοντες
578 1230 636 1261 καὶ
661 1227 742 1261 τοὺς
764 1231 846 1274 περὶ
873 1225 998 1262 αὐτοὺς
1029 1239 1204 1271 απαντας,

128 1271 175 1308 οὖς
196 1273 246 1319 μὴ
277 1271 394 1307 δοκεῖν
425 1275 577 1307 ἐκείνους
607 1275 674 1317 μὲν
703 1271 820 1316 δῆθεν
850 1271 1071 1308 ἀνευθύνους
1101 1274 1203 1314 εἶναι,

253 1321 261 1331 1

126 1316 177 1353 δι’
201 1318 256 1352 ἑτε
281 1331 334 1352 ων
358 1316 397 1352 δὲ
420 1317 638 1363 πλημμελεῖν
654 1331 694 1352 τε
710 1322 770 1352 καὶ
787 1318 964 1360 κλέπτειν,
989 1320 1097 1353 τοῦτο
1114 1317 1205 1363 ὅπερ

125 1365 179 1397 ἔτι
209 1332 346 1417 stadii-ov
378 1361 609 1409 αἰσχρότερόν
641 1365 717 1397 ἐστι
741 1363 784 1398 τὸ
815 1367 874 1398 καὶ
903 1364 1097 1399 κοινωνούς
1127 1365 1205 1398 τῶν

124 1406 357 1461 ἀδικηματων
381 1407 591 1453 λαμβάνειν.
623 1406 726 1443 ’Ώςτε
749 1410 889 1450 ἐξέσται
914 1411 957 1457 τῇ
980 1411 1023 1457 σῇ
1048 1407 1203 1462 ὑπεροέῇ
1218 1411 1259 1443 25
1275 1414 1310 1445 et
1333 1411 1485 1445 aliarum

124 1466 202 1488 των
225 1457 452 1501 σεμνοτέρων
474 1454 575 1488 τινὰς
595 1456 654 1489 ἐπὶ
674 1454 735 1488 τὰς
752 1453 857 1499 ἀρχὰς
874 1458 1031 1499 πέμπειν
1051 1459 1110 1489 καὶ
1126 1469 1205 1489 των

125 1501 379 1544 ἐπισταμένων
402 1498 448 1534 τὰ
479 1498 652 1545 δημόσια,
685 1499 892 1544 βουλευτῶν
924 1514 963 1534 τε
996 1503 1114 1557 φαμὲν
1144 1503 1204 1534 καὶ

125 1544 260 1591 ἑτέρων
290 1544 505 1592 προςιόπων,
541 1548 669 1593 πεῖραν
693 1545 841 1579 ’ἑαυτῶν
871 1544 1087 1581 δεδωκότων
1118 1544 1204 1594 ἀγα-

124 1589 201 1633 θὴν
225 1593 284 1624 καὶ
304 1589 392 1637 πρὸς
416 1590 477 1625 τὰς
499 1588 606 1638 ἀρχὰς
629 1589 856 1634 ἐπιτηδείων.
903 1595 956 1626 τίς
979 1591 1046 1639 γὰρ
1071 1589 1117 1626 ἂν
1141 1589 1204 1625 οὐκ

1272 1232 1343 1271 tur,
1376 1229 1444 1263 hoc
1478 1227 1571 1272 quod
1602 1228 1712 1272 magis
1745 1229 1886 1273 turpius
1919 1234 1992 1272 est,
2026 1234 2068 1264 ut
2096 1234 2133 1266 et
2164 1230 2355 1276 participes

1272 1274 1527 1309 iniustitiarum
1559 1276 1711 1310 sumant.
1759 1273 1914 1318 Ideoque
1943 1275 2066 1310 licebit
2096 1278 2181 1310 tuae
2210 1276 2354 1311 celsitu-

1274 1319 1348 1354 dini
1378 1319 1625 1355 honestiorum
1649 1318 1821 1363 quosdam
1845 1319 1891 1354 ad
1923 1320 2246 1356 administrationes
2271 1321 2354 1356 diri-

1273 1375 1355 1410 gere
1379 1368 1414 1400 et
1439 1365 1626 1400 scientium
1658 1364 1794 1399 tributa
1817 1364 1973 1417 fiscalia,
2009 1365 2196 1418 curialium
2227 1366 2356 1418 quippe

1275 1456 1409 1491 bonum
1435 1459 1470 1490 et
1492 1411 2356 1501 ιὲθξὲξῑῖἷὲἒᾰεθέἕξέὲῗίιῗὲἓῗιᾚᾝιὲξᾚὲἒ

1273 1512 1345 1537 non
1369 1501 1491 1546 diligat
1515 1511 1595 1536 eum
1619 1505 1654 1536 et
1685 1501 1874 1537 honestate
1900 1502 2070 1547 compleri
2093 1512 2220 1547 magna
2243 1506 2354 1547 putet,

1274 1547 1305 1582 si
1327 1551 1450 1582 nostro
1476 1547 1619 1582 decreto
1651 1546 1852 1592 iudicioque
1883 1548 1937 1582 tui
1969 1548 2129 1583 culminis
2159 1547 2206 1582 ad
2236 1548 2355 1592 cingu-

1273 1593 1346 1628 lum
1379 1592 1517 1635 veniat,
1561 1592 1802 1627 testimonium
1838 1593 1979 1637 quidem
2020 1593 2157 1629 habens
2194 1593 2277 1638 quia
2311 1593 2358 1628 sit

124 1633 319 1682 ἀγαπήσειε
349 1639 409 1670 καὶ
431 1635 654 1690 (σεμνότητος
683 1635 941 1681 ἐμπεπλῆσθαι
959 1635 1123 1691 ,μεγαλης
1145 1650 1202 1671 νο-
1218 1639 1260 1672 30
1273 1638 1446 1690 optimus,
1482 1638 1592 1682 gratis
1628 1647 1710 1673 vero
1747 1648 1827 1673 eum
1862 1638 2081 1683 suscipiens,
2117 1649 2190 1674 non
2225 1648 2356 1674 vacans

123 1684 273 1725 μίσειεν,
297 1681 397 1729 εἴπερ
422 1685 573 1738 ημετέρᾳ
598 1692 709 1727 ψηφῳ
727 1685 787 1715 καὶ
804 1686 916 1729 κρίσει
934 1695 995 1726 της
1015 1695 1076 1726 σης
1099 1696 1202 1728 υπερ-

124 1727 204 1770 οχῆς
235 1728 298 1761 ἐπὶ
327 1726 394 1770 τὴν
425 1725 537 1774 αρχὴν
567 1740 619 1762 πα
645 1726 763 1769 ε’λθοι,
797 1732 1108 1775 μεμαρτυρημένος
1138 1730 1204 1773 μὲν

125 1768 173 1807 οἷς
196 1772 247 1815 εἴη
270 1769 439 1819 χρηστός,
465 1775 596 1820 προῖκα
619 1740 659 1807 δὲ
684 1769 796 1816 αὐτὴν
820 1770 1022 1817 δεχόμενος,
1055 1772 1119 1808 οὐκ
1150 1776 1203 1807 ἐν·

123 1816 360 1874 ησχολημένος
383 1815 423 1852 δὲ
446 1816 633 1853 παντελῶς
656 1815 776 1851 οὐδενὶ
795 1817 921 1863 φαύλῳ
938 1818 1030 1853 κατὰ
1048 1818 1115 1863 τὴν
1135 1817 1202 1862 χιό-

1273 1694 1416 1719 omnmo
1449 1693 1515 1729 per
1537 1683 1756 1728 provinciam
1790 1683 1854 1718 ulli
1877 1684 2063 1729 pravitati,
2099 1694 2165 1719 nec
2189 1684 2355 1729 quemad-

1272 1730 1414 1765 modum
1459 1729 1554 1774 quod
1595 1728 1692 1764 dedit
1736 1731 1925 1774 congreget
1971 1740 2037 1765 nec
2079 1730 2172 1765 unde
2213 1730 2357 1774 colligat

1272 1785 1418 1817 aurum,
1462 1774 1526 1810 sed
1561 1777 1602 1809 ut
1636 1774 1707 1810 hoc
1745 1774 1859 1810 solum
1902 1775 2035 1811 habeat
2071 1775 2245 1819 studium,
2290 1775 2355 1810 deo

1272 1821 1446 1865 nobisque
1482 1823 1592 1856 semet
1629 1820 1747 1865 ipsum
1785 1821 2032 1856 commendare
2068 1823 2104 1856 et
2136 1821 2250 1866 gloria
2284 1820 2355 1856 frui

148 1876 203 1904 αν,
228 1861 310 1897 ουδὲ
333 1859 433 1898 ὅπως
455 1863 497 1898 τὸ
521 1861 636 1898 δοθὲν
658 1861 984 1917 ἀθροίσειεν,ὀύὃὲ
1006 1860 1101 1899 ὅθεν
1125 1863 1202 1919 συλ-
1218 1867 1259 1900 35
1273 1866 1406 1912 optima
1431 1869 1466 1902 et
1490 1866 1777 1911 repensationem
1800 1876 1947 1911 sperare
1970 1866 2227 1912 praecipuam?

124 1876 233 1949 λέξεις
263 1913 419 1956 χρυσίον,
452 1905 533 1943 ἀλλ’
561 1910 620 1943 ἴνα
645 1907 689 1963 δη
711 1921 818 1943 τουτο
845 1923 960 1954 μονον
991 1911 1064 1953 ἔχοι
1094 1922 1203 1945 σπου·

125 1952 246 1998 δασμα
268 1953 311 1989 τὸ
335 1955 389 1998 τῷ
414 1955 497 1998 θεῷ
519 1968 559 1989 τε
582 1958 643 1989 καὶ
666 1956 751 1998 ημῖν
774 1953 902 1989 ἑαυτὸν
926 1957 1117 1999 συστῆσαι,
1145 1958 1204 1990 καὶ

124 1997 229 2042 δόξης
261 1996 463 2034 ἀπολαῦσαι
494 2001 664 2046 χρηστῆς,
700 2002 760 2033 καὶ
791 1997 942 2045 ἀμοιβὰς
974 1999 1119 2036 ἐλπίσαι
1147 2015 1206 2046 με·

379 2046 426 2079 Εἰ
450 2043 492 2080 δέ
512 2057 565 2080 τις
589 2044 687 2093 παρὰ
705 2045 825 2099 ῒταῦτά
847 2059 884 2080 τι
908 2045 1089 2094 πράξειεν,
1114 2047 1206 2081 ἵστω

123 2047 143 2080 1
188 2042 312 2092 γάλας;

1274 2048 1294 2082 1
1341 2047 1380 2083 Si
1404 2047 1481 2092 quis
1506 2050 1625 2083 autem
1648 2051 1790 2092 praeter
1814 2049 1903 2084 haec
1928 2049 2061 2095 aliquid
2085 2049 2206 2094 egerit,
2232 2051 2268 2084 et
2292 2049 2354 2085 do-

123 2092 183 2124 καὶ
207 2091 357 2144 ἕωςῐέπὶ
384 2091 450 2146 τῆς
469 2088 590 2139 ἀρχῆς,
615 2088 676 2137 ἐφ’
701 2101 740 2147 ηῙς
763 2092 841 2125 ἐστι
866 2089 1050 2136 δικαστής,
1076 2091 1207 2136 κλοπῆς
1219 2095 1262 2127 40
1276 2102 1342 2127 nec
1365 2092 1402 2127 in
1427 2093 1754 2138 administratione,
1778 2094 1815 2129 in
1840 2105 1911 2139 qua
1933 2099 1989 2130 est
2012 2094 2136 2138 iudex,
2161 2095 2249 2130 furti
2272 2105 2354 2130 reus

124 2135 245 2170 αἰτίαν
267 2147 574 2181 υποστησομενος·
607 2139 666 2170 καὶ
691 2139 762 2183 εἰγε
815 2140 914 2180 ανείη
949 2135 1029 2171 δοὺς
1057 2142 1202 2185 χρυσίον

122 2178 213 2227 ὑπὲρ
241 2182 305 2216 τοῦ
336 2180 461 2226 λαβεῖν
491 2180 558 2226 τὴν
589 2178 700 2229 ἀρχὴν
729 2178 750 2224 ἢ
1038 2183 1052 2190 ”

256 2271 354 2308 VIII.

804 2181 909 2225 αβιὸν
941 2184 980 2216 ἐκ
1011 2195 1073 2226 της
1102 2181 1207 2230 ἀρχῆς

1271 2140 1462 2183 appareat,
1494 2142 1530 2174 et
1554 2139 1584 2174 si
1614 2139 1786 2183 probetur
1809 2145 1872 2174 aut
1897 2140 1986 2175 dans
2017 2150 2162 2182 aurum,
2196 2144 2237 2175 ut
2260 2141 2354 2175 acci·

1276 2184 1351 2228 piat
1375 2184 1734 2227 administrationem,
1767 2187 1830 2220 aut
1853 2185 2033 2230 accipiens
2064 2195 2108 2220 ex
2131 2185 2354 2221 administra-

401 2271 472 2315 Qui
506 2275 625 2307 autem
660 2271 730 2307 boc
760 2276 875 2318 pacto
911 2273 1030 2318 qratis
1060 2273 1298 2318 maqistratus
1328 2274 1549 2320 suscipiunt,
1582 2285 1645 2310 eos
1673 2275 1835 2321 primum
1863 2276 2020 2311 omnium
2043 2276 2201 2312 studium
2224 2276 2355 2313 Izabere

123 2320 280 2363 oportet,
301 2321 343 2352 ut
360 2317 410 2352 ad
427 2317 562 2353 tributa
577 2316 771 2362 viqilanter
788 2317 979 2352 attendant
1001 2328 1117 2362 eaque
1133 2328 1156 2351 a
1171 2318 1442 2353 contumacibus
1459 2323 1495 2353 et
1510 2319 1639 2364 quibus
1659 2321 1853 2355 necessitas
1869 2320 2073 2357 adhibenda
2091 2321 2140 2357 sit
2157 2332 2236 2357 cum
2258 2322 2354 2358 omni

122 2362 311 2397 severitate
334 2362 504 2408 exiqant,
535 2361 627 2396 nilzit
651 2361 876 2404 concessuri,
909 2372 1025 2441 nepae
1055 2362 1094 2396 in
1117 2372 1159 2397 eo
1183 2362 1263 2408 ipso
1289 2363 1428 2398 lucrum
1452 2363 1596 2398 omnino
1622 2364 1734 2399 ullum
1758 2366 1976 2411 spectaturi,
2007 2377 2096 2413 erqa
2121 2366 2354 2413 obsequentes

122 2417 208 2442 vero
232 2410 391 2452 paterne
413 2417 452 2442 se
474 2410 627 2452 9erant;
659 2405 787 2441 deinde
809 2409 851 2441 ut
873 2406 938 2441 sub
965 2407 1036 2441 itos
1059 2411 1205 2442 nostros
1228 2407 1388 2453 undique
1417 2407 1592 2443 immunes
1615 2409 1659 2444 ab
1687 2410 1833 2445 iniuriis
1855 2414 1998 2447 servent
2019 2422 2085 2447 nec
2108 2412 2300 2458 quicquam
2329 2423 2352 2447 a

124 2462 307 2497 quoquam
335 2462 459 2487 eorum
491 2451 693 2498 accipiant:
726 2450 790 2486 sed
818 2451 926 2497 aequi
957 2452 995 2486 in
1021 2451 1164 2487 iudiciis
1192 2452 1284 2494 sint,
1317 2453 1425 2498 aequi
1452 2453 1490 2487 in
1519 2453 1675 2500 publicis
1704 2455 1843 2499 causis,
1881 2459 1922 2491 ut
1952 2456 2017 2502 qui
2042 2460 2200 2503 peccata
2227 2468 2352 2503 perse-

125 2501 286 2542 quantur
318 2500 354 2532 et
383 2497 544 2532 insontes
585 2496 727 2542 quidem
759 2496 919 2542 undique
955 2497 1118 2543 inteqros
1146 2502 1304 2544 servent,
1348 2497 1512 2533 sontibus
1551 2510 1635 2534 vero
1673 2500 1868 2535 secundum
1899 2500 2013 2547 Zeqem
2044 2513 2206 2548 poenam
2237 2503 2352 2548 impo-

124 2546 231 2584 nant,
264 2545 373 2588 atque
395 2542 449 2578 ita
470 2541 635 2578 subditos
657 2541 890 2577 moderentur
913 2546 954 2578 ut
970 2547 1101 2588 patres
1120 2542 1236 2587 filios,
1269 2542 1458 2589 diliqentes
1481 2554 1559 2586 eos,
1590 2545 1623 2579 si
1645 2545 1807 2581 insontes
1828 2550 1931 2588 sunt,
1955 2546 1988 2581 si
2009 2551 2134 2582 sontes
2159 2551 2351 2593 apparent,

124 2591 160 2622 et
182 2587 406 2634 corrigentes
425 2591 460 2623 et
476 2587 683 2633 punientes,
710 2597 919 2633 omnemque
942 2588 988 2622 iis
1004 2587 1178 2623 iustitiam
1202 2591 1273 2623 tam
1292 2588 1331 2623 in
1347 2588 1508 2634 publicis
1528 2600 1636 2635 quam
1653 2590 1691 2625 in
1708 2591 1868 2637 privatis
1884 2591 2130 2628 contractibus
2149 2597 2353 2635 servantes;

124 2643 239 2678 neque
258 2632 330 2679 ipsi
351 2632 422 2668 soli
445 2632 514 2668 lzoc
534 2632 699 2679 faciant,
723 2631 788 2668 sed
811 2634 918 2668 etiam
942 2632 1048 2669 talem
1071 2644 1211 2680 semper
1235 2644 1452 2669 assessorem
1475 2639 1662 2670 assumant
1683 2643 1719 2671 et
1742 2647 1864 2672 omnes
1887 2637 1951 2683 qui
1974 2637 2073 2672 circa
2096 2648 2159 2673 eos
2177 2642 2278 2673 sunt:
2308 2649 2352 2674 ne

123 2677 226 2722 forte
247 2677 320 2724 ipsi
344 2677 486 2724 quidem
517 2678 678 2713 insontes
706 2688 801 2720 esse,
834 2688 903 2724 per
929 2678 1022 2714 alios
1045 2689 1128 2714 vero
1157 2688 1311 2726 peccare
1337 2682 1373 2714 et
1400 2679 1527 2724 furari
1556 2679 1758 2724 videantur,
1790 2680 1831 2716 id
1854 2682 1953 2728 quod
1975 2682 2084 2729 lonqe
2116 2683 2259 2735 turpius
2286 2687 2349 2726 est,

124 2723 244 2758 socios
274 2722 366 2758 adeo
393 2723 611 2758 iniuriarum
636 2733 826 2758 assumere.
885 2722 1016 2770 Itaque
1040 2723 1160 2759 licebit
1190 2723 1401 2760 sublimitati
1428 2728 1510 2760 tuae
1542 2725 1717 2771 quosdam
1745 2726 1796 2762 ad
1823 2727 2059 2774 maqistratus
2091 2727 2273 2764 destinare
2302 2739 2353 2765 ea:

125 2767 391 2804 honestioribus
416 2772 452 2804 et
480 2779 601 2804 rerum
621 2768 802 2814 fiscalium
824 2768 974 2815 peritis,
1005 2768 1202 2805 curialibus
1233 2769 1383 2804 dicimus
1407 2769 1531 2805 aliisve
1551 2771 1738 2817 personis,
1774 2782 1867 2818 quae
1891 2772 2022 2808 bonum
2044 2773 2090 2809 de
2110 2784 2149 2809 se
2173 2774 2352 2820 specimen

125 2813 305 2849 ediderint
333 2816 368 2849 et
400 2813 450 2849 ad
478 2814 715 2860 maqistratus
748 2813 870 2848 idonei
900 2814 981 2849 sint.
1038 2814 1126 2857 Quis
1158 2814 1250 2849 enim
1280 2825 1362 2861 eum
1392 2825 1464 2849 non
1497 2814 1649 2851 libenter
1679 2818 1839 2864 accipiat
1868 2822 1976 2864 atque
2006 2830 2141 2865 maqna
2172 2819 2352 2865 pravitate

122 2858 329 2905 praeditum
353 2859 554 2902 existimet,
577 2860 613 2894 si
633 2858 775 2904 quidem
799 2862 927 2894 nostra
949 2859 1127 2895 sententia
1151 2864 1187 2895 et
1208 2859 1437 2894 sublimitatis
1462 2864 1545 2895 tuae
1567 2861 1700 2896 iudicio
1725 2862 1775 2897 ad
1795 2863 2047 2909 maqistratum
2073 2866 2226 2906 venerit,
2255 2865 2350 2900 testi-

125 2904 243 2939 monio
269 2904 453 2950 probatus
475 2905 538 2951 qui
561 2904 616 2940 vir
647 2904 762 2939 bonus
792 2904 840 2939 sit
869 2907 904 2939 et
933 2906 1051 2950 qratis
1085 2905 1338 2951 maqistratum
1369 2906 1569 2951 susceperit
1598 2917 1712 2952 neque
1742 2907 1810 2943 ulli
1842 2908 1988 2944 omnino
2012 2909 2066 2944 rei
2094 2909 2284 2956 improbae
2313 2910 2351 2944 in

122 2949 313 2995 provincia
345 2960 493 2996 operam
523 2949 680 2992 dederit,
713 2959 779 2984 nec
816 2950 996 2995 quomodo
1027 2949 1127 2996 quod
1159 2949 1350 2986 donaverit
1379 2954 1554 2996 conqerat
1583 2962 1648 2987 nec
1678 2952 1774 2988 unde
1796 2954 1993 3000 pecuniam
2018 2954 2184 3000 compat,
2219 2955 2284 2990 sed
2312 2955 2352 2990 id

124 2994 242 3029 solum
264 2994 416 3037 nitatur,
452 2998 494 3030 ut
523 2994 590 3030 deo
622 3005 667 3030 ac
697 2994 801 3029 nobis
828 3005 867 3029 se
897 2994 1117 3030 commendet
1142 2995 1177 3028 et
1196 2995 1291 3030 bona
1319 2995 1471 3040 fruatur
1498 2995 1766 3038 existimatione
1794 3002 1831 3034 et
1860 3010 2014 3045 maynas
2042 3000 2350 3036 remunerationes

125 3041 145 3074 1
190 3043 320 3086 speret.
414 3038 456 3075 Si
486 3050 570 3075 vero
596 3039 678 3086 quis
701 3043 829 3075 contra
853 3038 942 3074 haec
972 3039 1061 3086 quid
1079 3040 1231 3086 fecerit,
1262 3040 1356 3076 sciat
1385 3050 1423 3074 se
1447 3041 1554 3075 etiam
1577 3040 1660 3076 dum
1683 3042 1722 3077 in
1746 3054 1787 3078 eo
1811 3044 2045 3090 maqistratu,
2077 3045 2116 3079 in
2166 3056 2212 3080 uo
2236 3045 2350 3081 iudex

126 3088 199 3127 est,
223 3084 325 3130 furti
351 3084 483 3120 crimen
505 3084 725 3128 subiturum,
754 3088 790 3119 et
810 3084 843 3118 si
866 3095 945 3119 eum
965 3085 1161 3131 pecuniam
1184 3085 1234 3120 ad
1256 3085 1506 3131 maqz'stracum
1532 3085 1761 3122 obtinendum
1785 3087 1940 3132 dedisse,
1969 3093 2035 3125 aut
2057 3055 2213 3135 quicfex
2235 3090 2348 3137 maye·-

176 3178 190 3210 1
216 3171 383 3219 ἇμίσθως
406 3177 516 3220 Epan.
544 3175 556 3220 ΙΙ
580 3178 598 3209 7
625 3178 926 3223 προσφερομένοις
949 3177 997 3209 M
1005 3176 1017 3221 ss
1036 3178 1055 3211 8
1080 3174 1123 3210 τὸ
1145 3190 1201 3210 om.

129 3220 164 3254 B
194 3220 206 3265 ΙΙ
232 3217 405 3263 ὑπηκόους
428 3234 486 3254 om.
510 3221 542 3254 L
572 3219 585 3265 ΙΙ
614 3224 651 3255 11
683 3218 853 3254 στάσεσιν
879 3222 988 3264 Epan.
1020 3221 1032 3266 ΙΙ
1064 3224 1101 3256 13
1132 3224 1205 3255 τοῖς

127 3263 346 3301 ὑπευθύνοις
364 3264 404 3299 δὲ
420 3266 468 3307 Β]
491 3267 564 3299 τοῖς
587 3263 803 3300 ὑπευθύνοις
825 3278 866 3299 τε
885 3267 933 3300 Μ
945 3268 1018 3300 τοῖς
1037 3264 1078 3300 δὲ
1100 3263 1203 3300 ὑπευ-

128 3308 256 3345 θύνοις
279 3312 311 3345 L
335 3311 476 3389 Epami!
495 3313 536 3345 14
563 3311 641 3344 τῶν
665 3307 790 3355 νόμων
814 3311 862 3343 L2
879 3310 892 3355 ΙΙ
910 3313 950 3345 19
975 3310 1204 3356 συμβολαίοις

129 3357 176 3391 Μ
192 3357 315 3400 Epan.]
340 3353 451 3390 συναλ
473 3352 629 3402 ἀγμασιν
647 3357 716 3390 LB
740 3358 752 3399 ss
778 3353 891 3399 μόνον
914 3357 1023 3400 Epan.
1039 3358 1051 3400 ΙΙ
1071 3359 1113 3391 22
1137 3359 1204 3401 μὲν

129 3414 187 3437 om.
212 3402 322 3446 Epan.
352 3401 364 3446 ΙΙ
391 3404 433 3436 23
463 3413 503 3434 τε
528 3414 585 3435 om.
612 3402 646 3434 B
676 3400 688 3446 ΙΙ
716 3403 756 3435 27
789 3398 995 3444 βουλευτῶν
1021 3414 1061 3435 τε
1093 3410 1123 3436 et
1145 3405 1204 3435 καὶ

137 3445 148 3457 e
183 3447 189 3457 v
534 3443 543 3457 2
595 3441 611 3453 Ἀ
985 3444 993 3456 r
1162 3450 1175 3467 c

129 3446 495 3535 Ξῖεἰῗῖεἷΐὲξξεῃῖἶιι
505 3458 569 3526 ἒυέ
581 3459 636 3534 ἕὴν
642 3445 772 3531 ᾗέτῗῗ
791 3449 1175 3537 ἕῗέτῖἳῖἶροιιμῖἷὲζηΒι,

131 3537 171 3568 37
195 3537 368 3580 συστῆναι
391 3538 422 3571 L
446 3536 458 3581 ΙΙ
481 3539 524 3572 40
554 3538 632 3578 ἕως]
658 3536 690 3569 εἰ
709 3550 735 3570 s.
759 3549 787 3569 v.
812 3536 870 3578 L²‚
896 3538 1005 3570 eadem
1029 3550 1141 3572 manus
1159 3540 1201 3572 39

129 3579 220 3615 ἵστω
239 3589 313 3617 ante
330 3577 388 3616 ὅτι
406 3595 442 3626 p.
459 3584 543 3635 7251
569 3582 837 3625 transponendum
851 3594 917 3615 esse
928 3583 1095 3626 significat
1113 3584 1168 3627 (cs.
1183 3595 1202 3620 ς

131 3632 162 3659 et
169 3626 289 3661 Iulian.
301 3639 329 3662 c.
341 3628 390 3669 56)
405 3627 418 3672 ΙΙ
437 3623 495 3672 ἐφ’
511 3638 550 3670 ης
564 3628 652 3669 ἔστι,
672 3623 771 3660 δίκας
785 3625 847 3670 τῆς
858 3624 989 3670 κλοπῆς
1003 3622 1202 3671 ύποστησό-

129 3681 217 3717 μενο
277 3697 286 3714 ,
301 3671 423 3707 αἰτίαν
431 3685 491 3707 om.
502 3673 586 3706 BL:
600 3672 793 3717 quaefacile
802 3673 1020 3715 praetulerim,
1036 3674 1200 3708 dummodo

133 3711 192 3756 ἐφ’
222 3726 260 3762 ης
283 3728 408 3762 quoque
426 3719 589 3754 omittatur
602 3719 615 3765 ΙΙ
634 3721 673 3754 41
700 3719 759 3752 aut
779 3716 859 3751 dans
881 3718 915 3760 (i.
934 3730 960 3753 e.
979 3713 1001 3755 ἢ
1024 3714 1116 3759 δοὺς)
1137 3730 1156 3756 ς

1321 3179 1335 3211 1
1359 3177 1638 3212 aministrationes
1652 3180 1683 3212 R,
1707 3181 2004 3214 aministrationem
2024 3182 2057 3214 Τ
2068 3180 2080 3224 ΙΙ
2099 3185 2118 3215 5
2143 3181 2272 3223 aliquid
2285 3183 2318 3216 R
2336 3182 2349 3226 ΙΙ

1273 3225 1292 3256 7
1317 3224 1456 3263 nostros]
1481 3222 1518 3254 in
1541 3225 1670 3256 nostros
1687 3224 1720 3258 V
1733 3224 1745 3268 ΙΙ
1765 3227 1784 3260 8
1808 3225 1849 3258 ab
1868 3225 1952 3267 ullo]
1976 3236 1996 3258 a
2015 3225 2110 3258 nullo
2130 3226 2178 3260 R¹
2198 3227 2209 3271 ΙΙ
2226 3229 2246 3260 9
2270 3230 2349 3261 sunt
2406 3246 2409 3248 -

1272 3268 1320 3301 R*
1336 3267 1348 3312 ΙΙ
1371 3270 1408 3301 12
1434 3278 1572 3310 poenam
1597 3282 1654 3302 om.
1670 3269 1779 3312 RVT,
1805 3278 1878 3305 ante
1902 3271 2107 3314 imponentes
2127 3273 2203 3306 add.
2225 3274 2309 3317 vuly.
2335 3271 2348 3319 ΙΙ

1275 3314 1314 3346 13
1341 3312 1430 3353 filiis]
1463 3313 1491 3344 is
1512 3313 1550 3347 V
1554 3313 1568 3334 ⁸
1592 3315 1624 3348 in
1648 3327 1715 3348 ras.
1744 3314 1756 3360 ΙΙ
1791 3319 1829 3350 15
1862 3316 2063 3349 iniustitiam
2087 3317 2119 3349 R
2146 3316 2158 3361 ΙΙ
2193 3319 2231 3351 16
2256 3321 2289 3351 et
2310 3318 2346 3351 in

1270 3357 1413 3400 publicis
1437 3358 1487 3399 V]
1515 3360 1548 3391 et
1572 3371 1630 3393 om.
1651 3360 1686 3393 R
1710 3361 1793 3405 vulp.
1813 3360 1826 3406 ΙΙ
1845 3363 1884 3396 18
1905 3361 1972 3395 tale
1990 3362 2025 3395 R
2040 3366 2052 3405 ΙΙ
2074 3363 2114 3395 19
2139 3364 2178 3395 ut
2196 3375 2253 3397 om.
2269 3363 2315 3397 V¹
2333 3362 2346 3410 ss

1272 3404 1314 3436 20
1339 3413 1405 3436 esse
1430 3416 1486 3436 om.
1513 3403 1562 3436 R²
1588 3403 1600 3448 ΙΙ
1630 3406 1668 3439 21
1696 3406 1861 3449 particeps
1883 3407 1932 3440 R¹
1959 3406 1972 3451 ΙΙ
2003 3408 2044 3440 22
2076 3409 2242 3442 summant
2263 3408 2312 3442 R¹
2334 3411 2346 3454 ΙΙ

1271 3449 1314 3482 23
1335 3448 1375 3480 ad
1401 3461 1459 3482 cm.
1484 3448 1518 3480 R
1538 3447 1550 3500 Ι]
1577 3450 1624 3484 29·
1639 3450 1775 3484 haberes
1799 3452 1847 3485 R²
1874 3451 1886 3494 ΙΙ
1908 3453 1947 3486 31
1975 3451 2039 3484 ulli
2063 3453 2205 3495 Contius]
2227 3455 2344 3497 populi

1272 3493 1349 3526 libri
1365 3493 1376 3535 ΙΙ
1391 3493 1551 3535 prauitati
1575 3496 1623 3529 ed.
1643 3497 1763 3538 princ]
1788 3497 1914 3538 priuati
1939 3498 2016 3530 libri
2029 3495 2041 3542 ΙΙ
2060 3499 2101 3531 33
2127 3498 2196 3540 sed]
2220 3499 2315 3534 sitV
2334 3498 2345 3545 ΙΙ

1270 3537 1401 3578 habeat]
1434 3540 1472 3570 ut
1502 3539 1622 3572 habeat
1646 3541 1683 3574 V
1699 3540 1711 3585 ΙΙ
1738 3543 1780 3575 35
1813 3542 1930 3584 optimi
1958 3542 2016 3576 Va
2041 3541 2054 3587 ΙΙ
2077 3545 2342 3588 reconpensatio-

1270 3593 1345 3615 nem
1367 3583 1417 3616 R³
1439 3584 1524 3627 vulq.
1554 3583 1566 3629 u
1596 3587 1639 3619 40
1670 3586 1706 3618 in
1739 3586 2036 3628 administratione]
2072 3589 2341 3623 amministratio-

1269 3638 1344 3680 nem
1356 3629 1389 3661 R
1404 3627 1416 3672 ΙΙ
1435 3630 1475 3662 41
1502 3638 1658 3672 appareas
1674 3631 1724 3664 R²
1748 3632 1904 3674 apparuit
1916 3632 1954 3667 V
1962 3631 1976 3680 ss
1993 3634 2044 3676 ut]
2067 3635 2100 3667 et
2116 3634 2166 3670 R¹
2184 3634 2198 3681 ΙΙ
2213 3636 2256 3670 42
2284 3639 2342 3670 aut

1269 3683 1431 3718 accipiens
1453 3684 1491 3707 ex
1515 3674 1799 3711 administratione
1823 3690 1880 3713 om.
1907 3678 1940 3714 R
