2618 4010
290 130 397 172 Nor.
429 130 470 172 Π
502 132 525 171 3

288 236 516 282 τελευτήσειε,
529 240 588 282 τῆς
601 241 735 272 ἐκείνου
746 242 881 286 μοίρας,
893 240 924 273 εἰ
935 242 1003 284 μὲν
1015 239 1090 282 ἔχοι
1103 238 1234 273 παῖδας
1246 238 1366 281 ἰδίους,

289 285 349 318 ἐπὶ
362 283 443 318 τοὺς
455 281 586 318 παῖδας
597 279 870 337 ἀφικνουμένην
887 284 919 317 εἰ
938 282 979 318 δὲ
990 283 1053 319 οὐκ
1064 282 1138 326 ἔχοι
1150 286 1218 328 μὲν
1235 282 1367 318 παῖδας

289 327 409 369 ἰδίους,
422 329 474 372 εἴη
493 327 532 363 δὲ
544 329 621 362 τῶν
632 325 801 374 ἀδελφῶν
815 343 837 373 η
853 327 982 372 κλῆσις,
1001 333 1061 363 καὶ
1075 330 1134 371 τῆς
1145 327 1278 374 μητρὸς
1293 325 1368 372 ἅμα

289 377 360 408 τοῖς
377 371 542 419 ἀδελφοῖς
559 371 652 407 κατὰ
663 371 706 408 τὸ
727 371 817 420 παρ’
833 370 936 417 ἡμῶν
955 374 1290 418 νενομοθετημένον
1308 375 1368 408 ἐπὶ

288 417 354 452 τὸν
377 416 506 465 κλῆρον
523 419 709 464 ἐρχομένης
726 421 786 453 καὶ
803 420 933 453 τοῦτον
953 419 1103 466 ἰσχυρῶς
1126 415 1280 461 ἐχούσης,
1298 419 1368 453 εἴτε

288 462 463 509 δευτέροις
485 459 642 507 ὡμίλησε
660 464 785 509 γάμοις
800 464 871 498 εἴτε
888 466 948 497 καὶ
965 462 1024 507 μή.
1060 459 1109 498 Οὐ
1123 462 1191 510 γὰρ
1207 466 1367 510 πικροτέ-

288 519 351 563 ρας
373 506 436 541 τὰς
459 505 586 542 ποινὰς
608 507 699 542 κατὰ
718 509 794 543 τῶν
812 509 860 542 εἰς
884 506 1048 553 δευτέρου
1066 511 1370 554 παραγινομένων

287 550 415 599 ανδρὸς
436 553 621 599 γυναικῶν
644 552 839 597 ποιήσομεν
867 550 951 587 οὐδὲ
983 553 1158 587 ἐντεῦθεν
1190 550 1298 586 αὐτὰς
1321 553 1370 586 εἰς

287 594 447 643 ἀνάγκην
464 595 735 650 κατασῖήσομεν
753 597 886 644 πικρὰν
903 601 962 631 καὶ
979 599 1056 631 τῶν
1078 593 1263 651 ἡμετέρων
1282 594 1367 632 ἀνα-

1374 125 1424 172 14

1714 143 1772 173 NE
1803 142 2023 175 MULIERES
2053 144 2252 176 SECUNDO
2282 145 2511 176 NUBENTES

1434 243 1591 284 partem,
1614 239 1643 274 si
1667 239 1808 282 quidem
1830 241 1996 278 habuerit
2018 242 2110 278 filios
2160 242 2316 288 roprios.
2345 242 2392 278 ad
2414 242 2508 280 filios

1434 284 1572 337 venire;
1597 283 1628 318 si
1647 285 1768 318 autem
1781 295 1859 337 ‘non
1876 285 2042 322 habuerit
2062 287 2122 332 qui
2148 298 2202 322 em
2220 287 2311 323 filios
2331 288 2510 339 proprios,

1436 331 1485 364 sit
1506 329 1657 364 fratrum
1674 331 1826 371 vocatio,
1850 333 1887 366 et
1909 332 2031 367 matris
2052 342 2125 368 una
2148 343 2228 367 cum
2246 332 2418 368 fratnbus
2441 335 2510 375 (se-

1437 373 1591 426 cun-dum
1614 372 1710 417 quod
1733 382 1756 407 a
1778 373 1881 411 nobis
1904 376 2081 412 sancitum
2104 380 2172 419 est)
2203 377 2250 413 ad
2277 375 2512 413 hereditatem

1404 423 1421 453 5
1435 421 1607 453 venientis
1639 419 1676 468 et
1704 427 1782 452 eam
1806 417 1910 469 firme
1939 419 2122 463 habentis,
2154 421 2228 458 sive
2255 422 2302 458 ad
2333 421 2512 458 secundas

1437 462 1541 497 vellet
1572 471 1691 497 venire
1714 464 1859 506 nuptias
1882 463 1955 500 sive
1977 475 2061 501 non.
2101 465 2178 502 Nec
2201 467 2294 503 enim
2317 467 2511 503 amariores

1438 517 1574 551 poenas
1596 505 1766 558 adversus
1777 507 1966 559 mulieres,
1990 519 2082 553 quae
2104 510 2152 547 ad
2173 511 2349 547 secundas
2367 512 2514 547 veniunt

1439 551 1505 587 viri
1529 562 1578 587 nu
1604 553 1692 594 tias,
1716 551 1886 594 facimus,
1909 562 2025 598 neque
2046 564 2091 591 ex
2111 555 2181 592 hoc
2205 566 2265 592 eas
2288 556 2336 592 ad
2358 556 2511 593 necessi—

1439 599 1547 632 tatem
1579 562 1784 632 deducimus
1820 606 1979 634 amaram
2013 601 2050 634 et
2078 602 2283 637 nostrorum
2314 605 2513 646 temporum

288 643 370 682 ξίαν
393 643 541 688 καιρῶν,
567 654 654 677 ωςτε
677 640 748 676 δέει
771 644 848 676 τῶν
868 642 1072 698 σωφρόνων
1091 655 1229 695 γαμων,
1254 643 1286 676 εἰ
1307 645 1368 676 καὶ
1385 646 1423 677 10
1438 641 1511 677 indi
1535 651 1637 684 nam,
1672 645 1714 676 ut
1743 645 1840 677 metu
1872 645 2054 679 castarum
2081 645 2304 690 nuptiarum,
2339 645 2424 682 licet
2458 657 2513 682 se-

288 684 447 733 δεύτεροι
463 686 735 730 καθεστήκοιεν,
755 686 898 721 τούτους
912 689 979 731 μὲν
991 688 1278 734 αποτρεπεσθαι,
1292 700 1368 733 φοι-

287 733 356 766 τᾶν
379 729 419 766 δὲ
440 731 488 766 εἴς
510 743 612 766 τινας
644 729 930 779 ἀπηγορευμένας
959 732 1071 777 μίξεις
1102 735 1162 765 καὶ
1192 732 1278 766 ἴσως
1309 734 1368 765 καὶ

288 775 376 823 πρὸς
398 776 550 811 οἰκετῶν
574 774 725 823 φθοράς,
750 780 810 810 καὶ
830 775 932 811 ἐπειδ
943 775 1023 822 ’περ
1043 773 1105 810 οὐκ
1128 775 1247 817 ἔξεστι
1271 781 1368 821 νομί·

286 833 363 866 μως
386 825 601 868 σωφρονεῖν,
624 821 846 874 παρανόμως
869 819 932 855 ἀσε
953 826 1103 868 γαίνειν.
1147 820 1273 857 Οὐκέτι
1296 826 1369 856 τοί·

1439 697 1510 722 cun
1535 697 1577 723 ae
1600 686 1683 728 sint,
1707 687 1752 722 ab
1777 686 1832 723 his
1857 686 2000 732 quidem
2020 688 2224 726 abstineant
2240 694 2276 726 et
2295 690 2515 727 descendant

1438 732 1485 767 ad
1503 731 1675 777 quasdam
1693 731 1902 768 interdictas
1922 732 2186 777 permixtiones,
2211 738 2247 770 et
2264 735 2388 772 forsan
2406 736 2513 772 etiam

1438 777 1485 813 ad
1519 787 1701 812 servorum
1737 777 2004 822 corruptiones,
2047 781 2084 813 et
2125 779 2291 823 quoniam
2324 791 2398 816 non
2431 780 2515 816 licet

1437 822 1596 867 legaliter
1619 824 1719 858 caste
1742 821 1869 865 vivere,
1894 825 2021 858 contra
2043 823 2139 866 leges
2161 823 2396 861 luxurientur.
2441 824 2514 861 Ne-

287 880 354 900 νυν
377 870 522 911 κρατεῖν
545 866 755 919 βουλόμεθα
778 879 859 920 oure
876 866 943 909 τὴν
962 870 1003 901 ἐν
1023 865 1127 920 τῷΙέ
1153 866 1286 911 βιβλίῳ
1305 869 1369 901 τοῦ
1387 870 1424 903 15
1439 877 1616 912 quaquam
1659 867 1766 911 igitur
1807 867 1925 903 valere
1967 867 2128 903 volumus
2172 878 2287 913 neque
2320 869 2359 906 in
2392 871 2515 914 quinto

288 911 479 954 ἐπωνύμου
503 913 564 955 τῆς
586 915 695 955 ημετέ
717 923 756 945 ας
779 915 960 955 ευσεβείας
987 923 1234 959 συνταγματος
1256 915 1368 957 κειμέ-

287 970 356 998 νην
387 954 563 997 διάταξιν,
596 955 663 1000 τὴν
686 925 912 1002 διορίζουσαν
943 955 988 990 τὰ
1012 960 1095 1004 περὶ
1126 958 1205 992 τῶν
1227 956 1370 1003 κλήρων

287 1002 365 1036 τῶν
388 999 544 1043 παίδων,
574 997 630 1035 οὓς
655 1001 694 1036 αἱ
711 1003 862 1055 μητέρες
891 999 1067 1048 δευτέροις
1098 997 1286 1046 ὁμιλοῦσαι
1331 1002 1369 1036 ά-

286 1057 365 1091 μοις
388 1044 486 1080 εἶδον
504 1045 827 1099 προαπελθοντας,ς
843 1044 926 1081 οὔτε
940 1046 1016 1099 ιτὴν
1039 1049 1080 1081 ἐν
1102 1048 1156 1091 τῷ
1181 1047 1209 1085 ς’
1235 1016 1368 1092 βιβλίῳ

287 1093 350 1125 τοῦ
376 1089 484 1144 αὐτοζι
509 1088 780 1144 συγγράμματος
807 1090 879 1126 υπὸ
911 1105 977 1126 τον
1005 1093 1071 1126 τοῦ
1100 1091 1369 1139 Τερτυλλιανίου
1382 1095 1424 1128 20
1438 1092 1711 1137 conscriptionis
1735 1093 1802 1128 sub
1825 1093 1929 1128 titulo

286 1134 419 1177 τίτλον,
439 1149 507 1179 την
525 1148 571 1170 πε
595 1139 608 1169 i
624 1149 702 1171 των
721 1137 904 1182 γυναικῶν
923 1134 1178 1184 διαλεγομένην
1196 1139 1275 1172 τῶν
1294 1136 1368 1172 δευ·

286 1185 400 1226 τέροις
421 1182 489 1225 μὲν
506 1177 566 1225 ὁμι
631 1183 709 1216 σῶν
730 1179 865 1227 γάμοις,
890 1181 960 1228 πρὸ
983 1186 1107 1227 μέντοι
1126 1183 1188 1226 τῆς
1204 1180 1369 1217 δευτέοας

286 1229 480 1270 συναφείας
497 1223 764 1271 ἀποβαλουσῶν
785 1225 865 1260 τοὺς
888 1225 1036 1262 παῖδας·
1069 1226 1158 1262 ἀλλὰ
1181 1216 1368 1262 καλείσθω

287 1269 433 1305 πάντως
451 1268 473 1314 ἡ
489 1268 607 1319 μήτηρ
623 1270 714 1316 μετὰ
731 1272 809 1306 τῶν
820 1268 990 1318 ἀδελφῶν
1009 1274 1068 1308 ἐπὶ
1082 1271 1147 1307 τὸν
1164 1275 1230 1307 τοῦ
1242 1271 1370 1308 παιδὸς

286 1315 427 1362 κλῆρον,
445 1319 506 1350 καὶ
517 1329 648 1351 τουτον
669 1319 779 1360 ἐχέτω
792 1319 965 1372 βεβαίως,
989 1315 1094 1352 οὐδὲν
1107 1318 1239 1370 tusam
1252 1316 1366 1352 δευτέ-
1381 1320 1423 1352 25
1438 1317 1562 1354 cundis
1598 1317 1772 1353 laedenda
1805 1317 1951 1362 nuptiis.

286 1374 362 1406 ρων
375 1359 608 1407 βλαπτομένη
626 1361 764 1408 γάμων.
806 1363 904 1407 Οπερ
917 1365 976 1396 καὶ
990 1364 1051 1398 ἐπὶ
1063 1364 1123 1406 τῆς
1137 1366 1369 1408 υποκειμένης

286 1404 474 1449 ζητήσεως,
498 1403 521 1450 ἢ
543 1405 608 1441 τὸν
631 1406 744 1451 νόμον
761 1408 892 1440 τοῦτον
916 1409 1065 1451 ἐκίνησε,
1090 1411 1284 1453 κρατείτω·
1308 1411 1369 1442 καὶ

286 1453 308 1493 η
330 1450 446 1497 μήτηρ
469 1446 543 1496 ἅμα
565 1452 610 1498 τῇ
635 1450 741 1486 παιδὶ
764 1449 993 1494 διαδεχέσθω
1016 1452 1081 1487 τὸν
1101 1451 1163 1495 κλῆ
1187 1466 1239 1495 ον,
1264 1451 1286 1496 ἢ
1309 1455 1369 1486 καὶ

287 1493 523 1540 διαδεξαμένη
546 1499 676 1531 τοῦτον
700 1494 769 1531 ἀνα
801 1500 951 1545 αιρέτως
973 1499 1094 1540 ἐχέτω,
1118 1495 1158 1532 οὗ
1184 1500 1223 1532 ἐν
1247 1500 1285 1532 ἐκ
1307 1499 1352 1541 τῆ

286 1539 433 1576 ἐλπίδος
453 1543 531 1576 τῶν
550 1539 729 1589 δευτέρων
744 1510 798 1586 βλ

286 1584 416 1620 τούτου
438 1586 528 1631 μετὰ
550 1588 613 1630 τῆς
636 1585 762 1622 παιδὸς
782 1586 958 1628 καθάπαξ
976 1588 1208 1623 καθεστῶσα.
1246 1591 1305 1622 Κα
1334 1587 1340 1596 “

285 1633 353 1675 μὲν
374 1629 442 1678 γὰρ
466 1629 512 1666 ἂν
536 1631 589 1675 εἴη
613 1635 673 1665 καὶ
697 1631 890 1666 ἐπαινετὸν
913 1635 973 1666 καὶ
997 1631 1099 1673 ἄξιον
1122 1631 1223 1676 εὐχῆς
1246 1632 1288 1668 τὸ
1309 1633 1371 1668 τὰς

285 1679 454 1723 γυναῖκας
485 1673 580 1711 οὕτω
606 1675 815 1711 διακεῖσθαι
846 1678 1003 1722 σεμνῶς,
1035 1676 1084 1712 ais
1114 1677 1178 1712 τὰς
1200 1674 1300 1719 ἅπαξ
1323 1679 1370 1712 εἰς

284 1718 415 1775 ἀνδρὸς
438 1719 616 1777 ἐλθούσας
635 1724 756 1768 τηρεῖν
769 1721 936 1776 ,ἄθικτον
953 1724 1007 1766 τῷ
1028 1721 1281 1766 τελευτήσαντι
1302 1722 1371 1767 τὴν

1437 913 1529 948 libro
1565 911 1707 948 Codicis
1750 922 1791 948 co
1841 912 1968 948 ominis
2003 916 2148 948 nostrae
2183 913 2328 957 pietatis
2362 915 2516 959 positam

1439 957 1750 999 constitutionem,
1816 961 2038 993 ecernentem
2079 957 2123 994 de
2158 957 2415 995 hereditatibus
2449 959 2515 995 flli-

1439 1013 1558 1046 orum‚
1590 1013 1679 1047 quos
1711 1005 1845 1038 matres
1877 1003 1925 1038 ad
1956 1003 2132 1039 secundas
2163 1002 2308 1047 nuptias
2336 1003 2517 1040 venientes

1437 1047 1602 1083 viderunt
1621 1047 1898 1100 praeobeuntes‚
1922 1058 1968 1083 ne
1992 1058 2037 1084 ue
2062 1048 2100 1083 in
2124 1052 2224 1083 sexto
2244 1047 2336 1086 libro
2361 1048 2517 1085 eiusdem

1988 1093 2186 1135 ertulliani‚
2212 1093 2272 1138 qui
2295 1093 2339 1128 de
2362 1093 2517 1130 mulieri-

1437 1138 1505 1173 bus
1530 1137 1691 1182 disputat
1714 1137 1881 1173 secundis
1913 1138 2053 1182 quidem
2084 1149 2134 1173 nu
2160 1138 2219 1174 tiis
2251 1137 2402 1182 iunctis,
2435 1140 2519 1173 ante

1437 1182 1631 1218 secundam
1664 1185 1784 1217 tamen
1826 1183 2087 1228 copulationem
2167 1183 2218 1219 'os
2254 1183 2517 1218 amittentibus:

1437 1228 1500 1263 sed
1523 1231 1671 1264 vocetur
1693 1227 1807 1263 modis
1832 1228 1994 1264 omnibus
2017 1232 2131 1263 mater
2160 1239 2241 1263 cum
2269 1228 2442 1264 fratribus
2472 1227 2519 1263 ad

1437 1272 1500 1308 filii
1523 1272 1758 1308 hereditatem
1782 1275 1819 1308 et
1840 1272 1934 1308 hanc
1956 1273 2088 1309 habeat
2118 1273 2236 1316 firme,
2267 1273 2357 1308 nihil
2387 1283 2431 1309 ex
2461 1283 2518 1308 se-

2007 1318 2109 1363 Quod
2143 1318 2252 1354 etiam
2286 1318 2325 1354 in
2355 1317 2520 1354 subiecta

1437 1362 1665 1407 quaestione,
1701 1372 1792 1406 quae
1825 1362 1938 1407 legem
1970 1363 2065 1399 hanc
2099 1363 2226 1407 movit,
2268 1363 2446 1405 obtineat,
2482 1365 2520 1398 et

1436 1411 1550 1443 mater
1573 1417 1646 1442 una
1669 1417 1750 1442 cum
1771 1407 1847 1443 filia
1878 1408 2050 1444 succedat
2079 1407 2285 1450 hereditati,
2317 1412 2382 1444 aut
2413 1408 2518 1444 etiam

1437 1452 1635 1488 succedens
1659 1452 1752 1487 hanc
1776 1452 2074 1497 inrefragabiliter
2096 1453 2244 1495 habeat,
2277 1453 2365 1488 nihil
2388 1463 2433 1488 ex
2455 1464 2518 1498 spe

1440 1497 1681 1533 secundarum
1705 1497 1878 1533 laedenda
1901 1498 2127 1542 nuptiarum,
2158 1498 2222 1534 sed
2252 1498 2394 1534 domina
2423 1498 2518 1534 eius-

794 1545 976 1586 απτομένη
995 1542 1133 1589 γάμων,
1157 1540 1246 1578 ἀλλὰ
1265 1557 1307 1577 κν
1332 1547 1369 1577 ta
1382 1545 1425 1578 30
1439 1543 1518 1578 dem
1541 1542 1749 1579 hereditatis
1774 1552 1855 1578 cum
1878 1542 1954 1578 filia
1977 1543 2142 1579 absolute
2165 1543 2376 1579 consistens.
2417 1543 2517 1588 Opti-

1439 1598 1535 1623 mum
1557 1587 1680 1633 itaque
1704 1589 1760 1623 est
1783 1597 1805 1622 a
1845 1597 1890 1622 ue
1912 1587 2092 1623 laudabile
2121 1590 2158 1624 et
2180 1587 2323 1633 dignum
2346 1588 2518 1630 oratione,

1439 1635 1480 1668 ut
1503 1633 1671 1668 mulieres
1695 1632 1747 1668 ita
1771 1643 1810 1668 se
1859 1635 1984 1669 oneste
2013 1636 2185 1675 tractent,
2217 1636 2395 1686 quatenus
2427 1644 2519 1678 quae

1440 1678 1549 1713 semel
1570 1678 1616 1713 ad
1639 1677 1758 1713 virum
1778 1682 1971 1721 venerunt,
2003 1682 2144 1714 servent
2172 1679 2380 1724 inviolatum
2410 1679 2518 1714 mori-

1438 1723 1573 1759 entium
1608 1726 1742 1758 torum:
1773 1726 1809 1758 et
1840 1723 2042 1758 huiusmodi
2070 1723 2253 1759 mulierem
2283 1726 2320 1758 et
2349 1723 2519 1759 miramur

286 1766 408 1810 ευνὴν·
440 1770 501 1801 καὶ
523 1780 590 1810 την
613 1780 653 1814 γε
676 1780 849 1822 rogaverat
870 1770 1023 1814 γυναῖκα
1046 1771 1107 1802 καὶ
1135 1765 1371 1813 θαυμάζομεν
1384 1772 1424 1804 35
1439 1769 1573 1813 pariter
1595 1771 1633 1803 et
1654 1767 1841 1803 laudamus
1866 1770 1902 1804 et
1921 1779 1994 1803 non
2011 1768 2138 1813 procul
2156 1779 2178 1804 a
2196 1768 2397 1813 virginitate
2416 1769 2516 1814 poni-

286 1814 346 1845 καὶ
370 1813 589 1854 ἐπαινοῦμεν
612 1815 672 1846 καὶ
695 1825 736 1847 ου
756 1825 881 1859 πορρω
898 1813 1052 1857 τίθεμεν
1070 1813 1285 1861 παρθενίας.
1325 1814 1371 1847 Εἰ

287 1855 327 1891 δὲ
355 1853 420 1891 οὐκ
451 1856 564 1899 ἰσχύοι
595 1860 668 1900 (καὶ
699 1856 766 1905 γὰρ
793 1857 884 1892 εἰκὸς
914 1860 975 1892 καὶ
998 1861 1086 1892 νέαν
1118 1856 1232 1901 αὐτὴν
1256 1852 1369 1893 οὖσαν

286 1903 393 1936 τοῦτο
415 1902 568 1944 παθεῖν)
599 1898 681 1937 οὐδὲ
702 1899 845 1945 ἀντέχοι
867 1902 956 1949 πρὸς
978 1902 1040 1938 τὰς
1061 1905 1123 1947 τῆς
1146 1902 1286 1950 φύσεως
1311 1900 1367 1950 ὁρ-

285 1946 361 2001 μᾴς,
384 1944 426 1981 οὐ
446 1946 640 1982 κολαστέον
660 1945 773 1991 αὐτὴν
794 1946 853 1982 διὰ
872 1949 980 1982 τοῦτο
999 1946 1084 1983 οὐδὲ
1101 1946 1369 1995 ἀπαγορευτέον

1438 1824 1529 1848 mus.
1578 1813 1616 1848 Si
1639 1817 1759 1848 autem
1782 1824 1853 1848 non
1877 1813 2027 1848 valuerit
2050 1816 2145 1856 (cum
2167 1813 2291 1849 forsan
2323 1817 2359 1849 et
2380 1813 2518 1850 iuvenis

1437 1858 1506 1894 hoc
1541 1858 1712 1903 patiatur)
1747 1867 1814 1893 nec
1848 1858 1964 1903 possit
1998 1861 2125 1894 contra
2160 1858 2335 1894 fervorem
2368 1862 2519 1894 naturae

1436 1904 1618 1945 resistere,
1652 1914 1724 1938 non
1748 1905 1803 1938 est
1826 1903 2028 1947 torquenda
2050 1906 2200 1983 propter
2222 1903 2291 1938 hoc
2319 1913 2387 1939 nec
2409 1903 2517 1939 inter-

1439 1948 1610 1984 dicendae
1642 1951 1728 1984 sunt
1757 1947 1791 1983 ei
1820 1959 2025 1984 communes
2071 1959 2168 1992 eges,
2204 1947 2266 1984 sed
2302 1950 2339 1983 et
2372 1947 2420 1984 ad
2453 1948 2520 1984 viri

286 1993 377 2039 αυτῇ
398 1992 476 2026 τῶν
497 1994 630 2027 κοινῶν
654 1991 791 2036 νόμων,
818 1989 908 2027 ἀλλὰ
928 1996 988 2027 καὶ
1012 1994 1061 2027 εἰς
1090 1990 1219 2040 ἀνδρὸς
1247 1993 1369 2047 ἑτέρου
1382 1996 1424 2029 40
1438 1993 1586 2029 alterius
1609 1993 1754 2073 nuptias
1778 1993 1896 2028 veniat
1919 1993 2068 2029 honeste
2091 1997 2127 2028 et
2153 1993 2250 2029 omni
2272 1993 2415 2029 luxuria
2435 1993 2518 2029 abs-

285 2035 401 2083 γάμον
419 2036 561 2071 ἐλθέτω
579 2039 720 2081 σεμνῶς
741 2041 801 2072 καὶ
823 2032 1013 2073 ἀκολασίας
1036 2036 1233 2080 ἀπεχέσθω
1254 2049 1369 2091 πασης

1436 2039 1550 2074 tineat
1588 2042 1623 2073 et
1674 2041 1799 2073 ruatur
1839 2039 2065 2075 successione
2102 2038 2266 2074 filiorum.
2330 2037 2391 2074 Sic
2426 2039 2519 2074 enim

286 2084 346 2115 καὶ
368 2079 579 2117 ἇπολαυέτω
603 2083 664 2124 τῆς
687 2083 765 2116 τῶν
793 2081 941 2117 παίδων
964 2081 1139 2126 διαδοχῆς.
1186 2079 1282 2117 οὕτω
1305 2097 1373 2130 γαρ

287 2183 445 2226 cesserit,
469 2182 646 2229 siquidem
662 2184 843 2231 proprios
861 2183 995 2220 liberos
1011 2184 1154 2227 habeat,
1171 2196 1267 2232 pars
1284 2185 1383 2220 illius
1401 2184 1450 2220 ad
1473 2183 1606 2220 liberos
1624 2184 1756 2225 veniat,
1779 2184 1813 2219 si
1836 2195 1921 2220 vero
1972 2184 2120 2231 roprios
2137 2195 2211 2219 non
2232 2183 2366 2220 babeat
2387 2185 2520 2222 liberos

286 2239 331 2264 ac
350 2229 495 2275 fratres
518 2232 702 2271 vocentur,
727 2232 843 2265 mater
865 2240 1012 2282 quoque
1030 2241 1105 2265 una
1123 2240 1205 2265 cum
1226 2229 1410 2276 fratribus
1425 2228 1622 2265 secundum
1640 2229 1754 2274 leqem
1772 2240 1797 2264 a
1812 2229 1917 2265 nobis
1953 2234 2051 2264 atam
2068 2229 2118 2264 ad
2133 2228 2369 2266 hereditatem
2385 2230 2515 2272 veniat,

286 2284 436 2320 eamque
462 2273 618 2319 firmiter
647 2274 821 2316 retineat,
851 2284 927 2310 sive
953 2274 1133 2310 secundas
1156 2275 1306 2322 nuptias
1334 2274 1566 2311 contraxerit
1595 2274 1670 2310 sive
1700 2284 1784 2309 non.
1832 2273 1959 2320 Neque
1990 2274 2083 2310 enim
2111 2285 2252 2320 poenas
2282 2275 2322 2310 in
2351 2275 2519 2311 mulieres

284 2318 444 2354 secundo
469 2318 548 2355 viro
572 2318 745 2354 nubentes
766 2323 926 2355 statutas
947 2319 1152 2356 acerbiores
1174 2319 1384 2362 reddemus,
1414 2330 1531 2370 neque
1553 2318 1638 2354 inde
1659 2318 1744 2353 illas
1767 2318 1817 2354 ad
1846 2318 1977 2354 duram
2000 2323 2037 2355 et
2061 2319 2282 2366 temporibus
2305 2320 2441 2355 nostris
2463 2320 2517 2355 in-

285 2363 325 2399 di
351 2375 435 2399 nam
458 2364 703 2399 necessitatem
726 2363 949 2410 rediqemus,
983 2369 1025 2400 ut
1046 2367 1143 2400 metu
1166 2369 1350 2400 castarum
1373 2375 1424 2399 nu
1452 2368 1602 2405 aarum,
1635 2363 1719 2399 licet
1740 2363 1920 2399 secundae
1941 2364 2036 2405 sint,
2066 2364 2111 2399 iis
2135 2363 2278 2410 quidem
2301 2364 2517 2408 abstineant,

286 2375 350 2444 αιῗ
355 2408 504 2445 illicitas
526 2419 611 2444 vero
635 2408 812 2454 quasdam
836 2409 1125 2452 coniunctiones,
1155 2413 1192 2445 et
1243 2420 1355 2444 orsan
1378 2375 1470 2444 adeo
1501 2418 1690 2444 servorum
1720 2411 1852 2454 stupra
1882 2408 2110 2450 delabantur,
2147 2413 2184 2444 et
2212 2419 2293 2443 cum
2323 2410 2519 2445 secundum

286 2455 384 2501 leqes
406 2458 528 2489 castas
551 2464 628 2489 esse
650 2464 725 2489 non
749 2453 875 2496 liceat,
909 2457 1038 2490 contra
1063 2454 1161 2501 leqes
1184 2454 1211 2489 li
1234 2454 1374 2490 idinose
1396 2453 1541 2490 vivant(
1576 2451 1709 2500 Itaque
1732 2464 1848 2499 neque
1878 2464 1957 2489 eam
1988 2453 2278 2489 constitutionem
2300 2454 2375 2489 iam
2399 2454 2520 2491 valere

286 2499 460 2541 volumus,
484 2510 579 2545 quae
602 2498 696 2534 libro
720 2499 848 2544 quinto
870 2498 1022 2542 Codicis,
1047 2500 1111 2546 qui
1134 2511 1157 2535 a
1181 2503 1310 2535 nostra
1329 2499 1470 2546 pietate
1493 2509 1625 2534 nomen
1649 2498 1778 2540 traxit,
1802 2498 1941 2534 inserta
1965 2510 2009 2535 ea
2031 2498 2169 2543 definit,
2190 2509 2286 2544 quae
2307 2498 2358 2534 ad
2378 2498 2517 2535 heredi-

286 2549 379 2580 tates
402 2544 598 2580 liberorum
616 2547 793 2590 spectant,
812 2555 905 2590 quos
922 2548 1058 2580 matres
1078 2544 1237 2580 secundo
1261 2543 1434 2579 nubentes
1453 2547 1538 2578 ante
1559 2554 1599 2579 se
1617 2543 1812 2622 defunctos
1832 2543 2015 2585 viderunt,
2040 2554 2155 2589 neque
2174 2554 2264 2585 eam,
2288 2555 2382 2589 quae
2401 2549 2456 2580 est
2477 2545 2516 2579 in

286 2589 378 2625 libro
397 2593 505 2625 sexto
525 2588 682 2624 eiusdem
707 2589 829 2635 operis
847 2588 913 2623 sub
935 2589 1040 2624 titulo
1061 2589 1275 2625 Tertulliani
1290 2587 1387 2631 soti,
1409 2598 1503 2634 quae
1526 2587 1571 2623 de
1590 2599 1650 2622 mu
1665 2587 1799 2622 ieribus
1816 2587 1974 2623 secundo
1994 2587 2219 2629 nubentibus,
2244 2587 2377 2623 liberos
2396 2592 2515 2624 autem

287 2639 372 2670 ante
389 2633 586 2670 secundum
606 2633 813 2678 coniugatum
835 2633 1081 2669 amittentibus
1104 2633 1257 2669 disserit.
1294 2632 1370 2669 Sed
1388 2633 1439 2668 ad
1459 2631 1655 2668 liberorum
1675 2631 1910 2668 hereditatem
1928 2643 2009 2667 cum
2027 2631 2212 2678 fratribus
2232 2636 2347 2668 mater
2367 2633 2513 2669 omnino

287 2682 444 2721 vocetur,
469 2689 619 2724 eamque
636 2678 794 2722 firmiter
807 2678 964 2714 retineat
983 2689 1048 2714 nec
1067 2678 1259 2725 quicquam
1283 2677 1407 2713 damni
1427 2677 1472 2713 ob
1491 2676 1670 2713 secundas
1688 2677 1836 2724 nuptias
1855 2677 1988 2723 capiat.
2024 2675 2132 2720 Quod
2153 2676 2297 2722 quidem
2314 2677 2354 2712 in
2401 2688 2514 2724 ropo-

285 2724 358 2759 sita
381 2733 526 2769 quoque
549 2723 781 2769 quaestione,
813 2733 907 2769 quae
930 2722 1013 2759 huic
1037 2723 1109 2770 leqi
1133 2724 1357 2759 occasionem
1381 2722 1496 2765 dedit,
1527 2721 1704 2764 obtineat,
1735 2721 1914 2767 simulque
1937 2732 2016 2756 cum
2037 2721 2117 2766 filia
2140 2726 2256 2757 mater
2279 2721 2364 2758 ltere
2391 2723 2514 2759 itatem

287 2768 414 2810 adeat,
444 2767 500 2804 vel
522 2767 670 2813 quando
694 2779 773 2803 eam
797 2768 869 2802 iam
893 2768 1003 2810 adiit,
1027 2768 1312 2805 irrevocabiliter
1334 2768 1508 2810 retineat,
1538 2777 1604 2802 nec
1627 2766 1672 2803 ob
1695 2777 1795 2814 spem
1821 2766 2061 2802 secundarum
2083 2767 2296 2813 nuptiarum
2319 2768 2514 2814 quicquam

287 2812 490 2849 detrimenti
518 2813 701 2859 patiatur,
738 2823 861 2848 verum
890 2813 1006 2859 plane
1037 2813 1184 2849 domina
1217 2814 1294 2850 eius
1323 2813 1373 2849 sit
1403 2823 1479 2848 una
1509 2822 1590 2848 cum
1621 2812 1712 2857 filia.
2198 2811 2316 2847 uidem
2350 2817 2444 2848 esset
2480 2818 2516 2848 et

287 2857 469 2894 laudabile
508 2862 544 2893 et
579 2857 830 2904 exoptandum
867 2858 1036 2894 mulieres
1073 2870 1118 2895 ea
1154 2869 1231 2895 esse
1269 2858 1456 2901 castitate,
1499 2861 1541 2893 ut
1563 2867 1676 2937 ἔκαε
1711 2856 1822 2893 semel
1862 2867 1941 2892 vtro
1984 2867 2170 2908 nupserun
2192 2883 2202 2898 ,
2245 2856 2422 2892 intactum
2456 2857 2514 2893 de-

284 2904 417 2950 functo
442 2907 561 2938 torum
584 2906 744 2938 servent:
782 2913 827 2938 ac
851 2903 958 2939 talem
981 2903 1165 2940 mulierem
1188 2903 1413 2939 admiramur
1436 2906 1473 2939 et
1500 2902 1562 2937 lau
1588 2911 1691 2937 amus
1712 2911 1779 2937 nec
1795 2901 1934 2948 procul
1955 2912 1979 2937 a
2002 2901 2211 2947 mrqinztate
2230 2902 2427 2952 ponimus;
2457 2902 2515 2937 sin

287 2959 372 2984 vero
408 2959 482 2983 non
513 2948 634 2983 valeat
662 2947 806 2990 (etenim
837 2954 1116 2984 consentaneum
1151 2953 1205 2985 est
1234 2949 1396 2985 iuvenem
1425 2958 1503 2984 eam
1533 2947 1573 2982 id
1596 2947 1690 2993 pati)
1726 2957 1792 2983 nec
1823 2946 1873 2981 im
1899 2951 1994 2982 etum
2024 2950 2180 2981 naturae
2207 2950 2404 2989 sustineat,
2440 2958 2514 2982 non

283 2993 472 3040 punienda
495 2996 550 3028 est
573 2992 642 3027 hoc
665 2993 808 3028 nomine
832 3004 877 3028 ne
903 3004 948 3028 ue
971 2993 1218 3029 communibus
1240 2993 1380 3040 leqibus
1402 2993 1436 3029 ei
1460 2991 1756 3034 interdicendum,
1779 2991 1845 3027 sed
1893 2996 2015 3027 onestc
2039 2996 2076 3027 et
2096 2990 2246 3026 secundi
2273 2991 2343 3026 viri
2365 3003 2415 3027 nu
2444 2992 2514 3027 tias

288 3037 480 3074 contrahat
502 3041 538 3073 et
562 3037 660 3073 omni
683 3037 830 3073 libidine
852 3049 874 3074 a
897 3038 1032 3074 stineat
1054 3042 1091 3074 et
1111 3038 1337 3074 successione
1366 3037 1561 3074 liberorum
1590 3037 1753 3082 fruatur.
1801 3035 1863 3072 Sic
1886 3036 1979 3072 enim
2009 3036 2118 3072 etiam
2149 3036 2267 3082 maqis
2288 3047 2352 3071 eos
2375 3036 2412 3071 dt
2427 3036 2513 3082 ἐρεῖ,

1772 2811 1910 2863 Nempe
1937 2810 2137 2858 pulchrum

336 3155 350 3185 1
374 3147 577 3193 τελευτήσω
597 3151 627 3184 A
645 3149 651 3194 Ι
674 3150 823 3184 ἐκείνων
836 3152 866 3185 A
886 3150 898 3195 ss
914 3152 985 3194 ἔχει
998 3153 1044 3186 M
1051 3151 1065 3196 ΙΙ
1083 3153 1103 3186 2
1123 3149 1205 3186 τοὺς
1224 3148 1367 3192 παῖδας]

288 3194 370 3230 τοὺς
382 3193 491 3229 ἰδίους
502 3192 634 3230 παῖδας
677 3197 890 3238 roch.‚Epan.
910 3195 922 3241 ΙΙ
938 3194 1046 3238 ἔχειΔ
1073 3196 1079 3241 Ι
1095 3199 1115 3231 3
1129 3194 1236 3231 ἰδίους
1248 3197 1345 3231 om.A
1358 3196 1369 3240 ΙῘ

289 3244 308 3275 4
333 3244 374 3285 cs.
394 3242 471 3275 cod.
488 3243 519 3282 6,
539 3248 585 3281 56,
601 3248 615 3274 7
631 3239 645 3285 ΙΙ
664 3243 684 3275 6
709 3236 770 3281 Οὐ]
794 3243 835 3274 ἦ
857 3254 918 3285 my.
931 3243 964 3276 A
980 3244 991 3284 ss
1010 3244 1029 3275 7
1075 3243 1156 3275 ευτέ
1176 3252 1234 3276 ους
1254 3254 1367 3285 παρα-

288 3287 494 3331 γενομένων
512 3282 582 3319 ἆνδ
605 3295 646 3318 ας
668 3286 699 3319 A
725 3284 738 3330 ΙΙ
760 3287 780 3319 9
813 3284 963 3331 πικρὰν]
998 3283 1119 3329 δεινὴν
1139 3254 1174 3320 ἕ
1195 3286 1201 3331 l
1220 3288 1257 3322 ll
1281 3282 1367 3321 ἄπο-

289 3330 514 3375 στρέφεσθαι
534 3331 565 3364 Α
582 3297 654 3374 ffffl
675 3332 736 3364 καὶ
755 3328 961 3377 ἐπειδήπερ]
985 3327 1078 3366 ἄνθ’
1102 3322 1155 3366 ὧν
1194 3328 1368 3377 πειδήπερ

290 3386 350 3430 Au
371 3388 412 3420 ιι
437 3382 572 3429 οὐκέτι]
595 3390 634 3442 ιβ
656 3399 717 3432 my.
741 3388 773 3421 A
788 3386 801 3432 n
823 3390 862 3421 15
887 3382 927 3440 ε’]
956 3388 1033 3422 cod.
1048 3390 1079 3430 5,
1099 3395 1195 3431 o,a,1
1219 3387 1232 3432 ι]

291 3443 349 3463 om.
374 3431 405 3464 A
423 3429 436 3474 ΙΙ
456 3433 494 3464 18
513 3427 728 3474 ὁμιλησασαι
750 3433 782 3466 A
800 3432 812 3476 ΙΙ
831 3434 870 3467 19
895 3434 938 3473 ς]
967 3433 1045 3466 Cod.
1058 3435 1090 3475 6,
1107 3441 1154 3473 56,
1173 3441 1189 3467 5
1201 3431 1214 3476 ΙΙ
1227 3429 1270 3467 20
1290 3444 1366 3477 τερ-

290 3471 486 3527 tvl-harae,
500 3477 530 3509 A
549 3477 561 3517 11
577 3478 617 3510 21
641 3479 725 3521 περὶ
746 3477 930 3523 γυναικῶν
950 3478 981 3510 A
999 3477 1011 3519 ΙΙ
1028 3479 1070 3512 23
1091 3479 1284 3521 συναφείας
1301 3477 1366 3517 As]

291 3519 410 3553 onaM
433 3523 445 3563 ΙΙ
467 3518 568 3561 αλλὰ]
594 3519 638 3566 ιγ’
663 3523 769 3566 ηι9.Δ
794 3521 807 3567 ΙΙ
831 3524 873 3556 27
898 3517 920 3564 ἢ
943 3524 975 3563 5]
999 3519 1078 3564 ἢΜ
1097 3522 1128 3556 εἰ
1145 3523 1188 3565 A]
1209 3522 1222 3567 ΙΙ
1247 3524 1289 3557 28
1301 3519 1367 3555 τὸν

291 3561 421 3610 κλῆρον
444 3561 671 3606 διαδεχέσθω
694 3569 725 3600 A
748 3567 761 3610 [1
779 3568 817 3602 31
842 3564 983 3608 τούτου]
1008 3567 1152 3601 eiusdem
1173 3566 1367 3602 hereditatis

292 3619 311 3644 ς
330 3606 343 3652 ΙΙ
359 3606 493 3649 Καλὸν]
516 3606 561 3642 ιδ’
584 3622 629 3643 πε
653 3613 687 3644 l.
702 3636 710 3644 .
725 3636 733 3644 .
751 3625 810 3655 my.
825 3612 856 3646 A
871 3611 884 3655 ΙΙ
902 3613 945 3646 32
965 3610 1008 3646 τὸ
1023 3613 1125 3646 om.A
1144 3612 1214 3654 1134
1234 3608 1367 3655 ἄνδρας

295 3653 336 3706 Α,
354 3651 379 3705 ΙΙ,
394 3653 435 3687 35
449 3655 517 3707 gcal
538 3661 611 3687 ante
631 3622 866 3698 θαυμάζομεν
890 3669 948 3690 om.
974 3657 1005 3690 A
1031 3657 1043 3700 ΙΙ
1074 3659 1114 3691 37
1141 3653 1252 3699 ἰσχύει
1267 3657 1336 3690 MA
1353 3655 1366 3700 ΙΙ

294 3708 407 3740 αυτην
426 3707 539 3731 ουσαν
560 3711 618 3733 om.
632 3700 659 3732 A
682 3702 738 3743 (cs.
752 3704 784 3742 ς)
802 3701 815 3745 ΙΙ
831 3702 873 3736 38
893 3699 1032 3743 ἀντέχει
1044 3702 1075 3735 A
1094 3700 1107 3746 ΙΙ
1122 3704 1165 3737 40
1185 3698 1299 3744 αὐτὴν
1316 3702 1365 3735 A⁰

1438 3146 1528 3193 αι’·τὴ
1551 3150 1600 3184 Ab
1625 3150 1638 3194 ΙΙ
1664 3149 1743 3183 τῶν
1766 3149 1900 3183 κοινῶν
1932 3146 2023 3191 (ἢτοι
2050 3149 2129 3182 τῶν
2158 3145 2414 3183 ἀποστολικῶν
2436 3151 2513 3184 add.

1436 3209 1462 3230 s.
1484 3198 1528 3237 v.)
1551 3192 1676 3239 νόμων
1698 3195 1745 3228 Μ
1758 3191 1824 3228 τὸν
1843 3191 1965 3227 κοινὸν
1988 3190 2101 3236 νόμον
2123 3194 2155 3227 A

1486 3299 1499 3331 l
1537 3295 1701 3337 siquidem
1733 3295 1852 3329 habuit
1870 3313 1915 3320 —
1940 3296 1961 3329 2
1995 3294 2115 3328 habuit
2147 3295 2234 3328 filios
2269 3294 2402 3336 quidem
2436 3304 2511 3336 pro-

1435 3341 1526 3418 Pdios
1548 3341 1585 3374 V
1587 3340 1602 3362 ²
1626 3342 1658 3374 in
1673 3340 1788 3418 ἷῐαιεΤιΙΙ
1817 3342 1839 3375 4
1861 3342 2024 3405 εειιείιιιιιιει
2037 3340 2075 3374 V
2078 3339 2092 3358 ²
2119 3338 2132 3384 ΙΙ
2162 3342 2182 3373 6
2201 3339 2391 3417 9amariores
2414 3338 2511 3415 ΙΙῦΙΊΙηΙ

1435 3395 1695 3464 ἓοειιῐῖῗδιζιαγ*
1711 3430 1723 3473 ΙΙ
1745 3433 1785 3465 13
1806 3385 2152 3473 ἓὶδδῗιῖιὲῗιιιῖἰοὲιαιιιθδη
2162 3383 2255 3461 'licet
2268 3426 2306 3460 V
2307 3426 2322 3446 ²
2339 3393 2411 3469 5¹?ss
2434 3382 2514 3469 οοςέ,

1435 3476 1581 3509 nominis
1604 3472 1666 3515 13¹]
1699 3475 1917 3517 cognouimus
1941 3474 2028 3508 R2V
2028 3475 2060 3508 T
2087 3473 2101 3518 ΙΙ
2140 3474 2177 3507 19
2206 3471 2404 3515 prebeantes
2426 3470 2476 3505 R¹
2499 3471 2511 3514 Η

1436 3522 1478 3554 20
1502 3519 1676 3554 tertuliani
1699 3519 1803 3554 RTV
1821 3519 1834 3562 ΙΙ
1856 3519 1928 3562 qui]
1961 3529 2045 3561 quae
2067 3518 2162 3561 vu190
2186 3517 2199 3559 ΙΙ
2220 3517 2262 3550 22
2286 3517 2409 3556 tamen]
2438 3518 2510 3548 tan-

1434 3567 1505 3599 tum
1531 3564 1570 3598 V
1589 3565 1601 3607 ΙΙ
1632 3566 1675 3598 24
1708 3564 1862 3598 secundis
1886 3564 1925 3598 V
1927 3564 1942 3585 ²
1973 3566 2006 3616 in
2039 3575 2104 3615 ras.
2132 3560 2215 3639 312⁷
2256 3570 2324 3593 una
2348 3573 2415 3612 pm.
2445 3560 2484 3622 V¹

1434 3611 1477 3643 29
1501 3609 1642 3643 ledenda
1661 3608 1879 3643 secundarum
1894 3609 1931 3643 V
1939 3609 1953 3653 Ι
1971 3618 2042 3642 eius
2055 3606 2111 3640 ide
2179 3605 2193 3649 Ι
2211 3607 2251 3639 31
2273 3607 2421 3638 oratione
2435 3605 2467 3638 R

1434 3656 1477 3693 36
1501 3654 1673 3688 noluerint
1697 3654 1736 3695 T,
1761 3653 1798 3686 V
1799 3653 1814 3674 ²
1837 3654 1870 3687 in
1894 3666 1960 3688 ras.
1987 3653 2001 3697 Ι
2028 3650 2160 3686 iuuenis
2184 3650 2217 3683 R
2242 3649 2255 3692 ΙΙ
2284 3651 2326 3683 37
2359 3650 2421 3683 hoc
2443 3659 2510 3683 non

1432 3699 1580 3741 patiatur
1603 3699 1637 3732 R
1662 3711 1735 3743 my„
1758 3698 1843 3742 vulq.
1861 3696 1876 3742 Ι
1891 3699 1933 3732 39
1957 3700 1991 3731 et
2012 3696 2067 3738 ad]
2091 3696 2125 3729 et
2146 3706 2205 3728 om.
2227 3694 2261 3728 R
2285 3694 2330 3729 ai.

1262 3390 1300 3422 17
1322 3385 1368 3420 τὰ
