2586 3990
233 135 343 180 Nov.
368 134 523 179 CXVII
552 137 590 178 6.
622 137 647 177 7

231 260 309 281 των
338 246 416 280 τῶν
437 243 561 279 ἄλλων
584 242 762 288 θεμάτων
783 244 862 279 τῶν
890 244 939 288 μὴ
964 247 1229 290 περιεχομένων
1259 245 1313 288 τῷ

233 289 390 336 παρόντι
419 289 522 332 νόμῳ
551 287 621 332 τὴν
651 286 749 323 ἰδίαν
777 290 871 332 ἐχειν
895 289 1006 332 ἰσχύν.
1054 290 1122 324 τὸν
1146 287 1186 323 δὲ
1209 291 1312 323 Κων-

232 338 425 369 σταντίνου
454 335 519 368 τοῦ
551 334 613 376 τῆς
636 330 803 378 εὐσεβοῦς
834 333 964 377 λήξεως
994 334 1109 378 νόμον
1134 333 1203 368 τὸν
1226 334 1314 379 πρὸς

232 380 430 426 Γρηγόριον
451 381 708 425 γεγραμμένον,
732 382 792 412 καὶ
815 379 883 422 τὴν
907 375 969 412 ἐπ’
990 376 1089 422 αὐτῷ
1113 381 1309 426 γενομένην

231 426 423 480 ἑρμηνείαν
453 421 525 457 ὑπὸ
550 426 766 468 Μαρκιανοῦ
797 425 862 458 τοῦ
894 425 957 467 τῆς
986 421 1151 468 εὐσεβοῦς
1176 421 1316 467 λήξεως,

231 468 267 504 δι
313 469 368 503 ὠν
399 468 439 502 αἱ
468 470 545 502 τῶν
575 470 760 516 γυναικῶν
791 470 973 515 συζυγίαι,
1005 466 1047 503 (ἲς
1071 465 1091 503 ὁ
1116 472 1315 503 Κωνσταν-

231 518 332 549 τίνου
362 514 469 557 νόμος
501 512 651 547 εὐτελεῖς
684 512 861 550 ἐκάλεσεν,
891 515 981 558 πρός
1004 526 1106 548 τινας
1136 511 1316 558 ἀξιώμασι

231 562 509 604 κεκοσμημένους
544 558 765 602 κωλύονται,
806 555 927 592 οὐδενὶ
964 559 1151 595 παντελῶς
1185 559 1315 604 τρόπῳ

231 607 375 648 κρατεῖν
405 605 669 651 συγχωροῦμεν,
705 600 787 638 ἄλλ’
819 602 948 638 ἄδειαν
984 608 1056 639 τοῖς
1088 603 1316 649 βουλομένοις

1301 128 1386 177 556

1792 147 1855 180 u'r
1872 146 2038 179 monam
2067 131 2207 177 ΜΑΤΒΙ
2235 145 2294 176 m·
2322 143 2462 178 Avmn

1385 243 1612 279 continentur
1635 244 1814 288 praesenti
1835 245 1931 290 lege,
1961 246 2145 298 propriam
2165 245 2297 280 habeat
2319 243 2461 280 fortitu-

1382 289 1513 324 dinem.
1561 288 1787 324 Constantini
1817 299 1899 326 vero
1934 301 2014 336 piae
2045 290 2234 327 memoriae
2268 290 2383 334 legem
2415 287 2463 324 ad

1383 333 1592 377 Gregorium
1618 332 1790 377 scriptam
1819 335 1857 369 et
1887 345 1995 380 super
2018 345 2097 371 eam
2127 336 2260 371 factam
2287 334 2461 379 interpre-

1383 379 1555 414 tationem
1578 387 1601 412 a
1624 377 1812 413 Marciano
1834 378 1916 424 piae
1937 381 2145 425 memoriae,
2170 391 2234 426 per
2255 389 2361 424 quam
2384 389 2462 414 mu-

1353 424 1510 458 5lierum
1542 423 1821 466 coniunctiones,
1852 433 1941 468 quas
1969 424 2192 461 Constantini
2222 426 2280 460 lex
2303 425 2462 460 abiectas

1384 468 1534 511 vocavit,
1557 468 1604 503 ad
1625 467 1797 513 quosdam
1814 467 2042 513 dignitatibus
2062 470 2248 507 decoratos
2269 469 2461 515 prohiben-

1384 516 1456 557 tur,
1486 513 1586 548 nullo
1609 513 1751 558 penitus
1783 514 1887 549 modo
1910 514 2027 550 valere
2050 516 2302 560 permittimus,
2334 515 2397 550 sed
2420 515 2463 550 li-

1385 558 1539 594 centiam
1554 559 1755 594 volentibus
1771 558 1995 603 praebemus,
2012 560 2080 595 etsi
2093 561 2311 605 quibuslibet
2326 560 2462 604 magnis

1384 603 1614 647 dignitatibus
1639 604 1862 646 decorentur,
1886 604 2088 640 huiusmodi
2111 605 2274 641 mulieres
2298 616 2379 641 cum
2400 606 2463 640 do-

231 651 507 704 παρέχομεν,κεί
531 653 589 683 καὶ
604 647 837 703 ,οἱοιςδήποτε
860 649 1027 696 μεγάλοις
1050 648 1233 694 ἀξιώμασι
1257 661 1315 682 κο-
1331 652 1370 684 10
1383 649 1516 685 talibus
1539 649 1784 685 instrumentis
1816 649 1957 684 sibimet
1988 650 2168 694 copulare.
2217 650 2357 696 Reliqui
2380 660 2462 686 vero

231 698 391 739 σμοῖντο,
423 706 487 729 τας
510 706 679 729 τοιαύτας
709 696 878 741 γυναῖκας
900 695 991 737 μετὰ
1013 696 1209 740 προικιρων
1228 706 1313 739 συμ-

231 739 392 784 βολαίων
423 740 559 774 ἑαυτοῖς
588 738 797 774 συνάπτειν.
845 739 881 774 οἱ
903 738 943 774 δὲ
967 739 1085 776 λοιποὶ
1112 738 1211 785 παρὰ
1233 739 1315 774 τοὺς

231 788 304 820 τοῖς
326 784 491 831 μεγάλοις
522 783 703 830 ἀξιώμασι
727 789 1008 830 κεκοσμημένους
1036 784 1164 820 ἄδειαν
1187 787 1314 827 ἐχέτω-

231 842 302 865 σαν
323 831 386 864 wls
407 830 576 865 τοιαύτας
599 834 767 876 γυναῖκας
791 830 1002 883 λαμβάνειν,
1037 832 1107 865 εἴτε
1130 830 1236 878 έγγριὶ
1270 841 1316 864 ως

1385 695 1477 730 citra
1512 705 1572 730 eos
1610 694 1670 739 qui
1699 694 1894 729 maioribus
1931 693 2161 739 dignitatibus
2192 694 2350 731 decorati
2380 698 2465 732 sunt

1383 739 1562 775 licentiam
1582 739 1766 774 habebunt
1786 739 1990 775 huiusmodi
2008 740 2174 775 mulieres
2192 740 2366 785 accipere,
2391 741 2463 776 sive

1384 785 1518 830 scripto
1543 785 1718 820 voluerint
1741 784 1814 820 sive
1839 785 1914 820 solo
1938 784 2069 820 affectu
2092 784 2262 838 nuptiali,
2286 785 2317 821 si
2343 788 2463 821 tamen

1384 830 1518 866 liberae
1541 830 1613 866 sint
1636 833 1674 865 et
1693 839 1775 865 cum
1798 830 1928 875 quibus
1951 829 2037 865 licet
2059 834 2204 876 nuptias
2228 830 2418 866 celebrare.

231 875 446 930 βουληθεῖεν
465 876 536 910 εἴτε
550 889 645 923 μονῃ
663 874 828 920 διαθέσει
844 889 970 922 γαμου,
990 877 1021 910 εἰ
1036 879 1201 922 μέντοιγε
1219 877 1236 908 ἐ
1259 873 1314 909 εύ-
1332 878 1371 911 15

233 922 343 969 θεραι
366 923 492 964 εἰησαν
514 924 573 955 καὶ
596 918 689 965 μεθ’
709 921 764 954 ὠν
779 922 898 962 ἔξεστι
921 920 1038 967 γάμον
1055 921 1314 956 ἐπιτελεῖσθαι.

1218 1033 1374 1070 CAPUT
1399 1034 1478 1069 VII.

300 1099 455 1137 Κάκεῖνο
487 1101 527 1136 δὲ
558 1101 787 1137 διατυπῶσαι
817 1100 1038 1147 συνείδομεν,
1072 1103 1131 1136 ἵνα
1162 1103 1198 1136 εἴ
1223 1114 1313 1137 ποτε

232 1148 300 1182 τὸν
322 1147 458 1192 μεταξὺ
482 1145 614 1193 ἀνδρὸς
637 1150 697 1181 καὶ
715 1148 884 1195 γυναικὸς
906 1147 1024 1195 γάμον
1048 1146 1206 1190 λυθῆναι
1229 1159 1273 1181 συ
1300 1167 1314 1173 -

231 1197 331 1239 βαίη,
362 1193 398 1227 οἱ
425 1195 464 1227 ἐκ
487 1195 552 1228 τοῦ
583 1192 747 1227 τοιούτου
776 1192 891 1239 γάμου
921 1194 1160 1239 γεννηθέντες
1191 1161 1315 1228 antiis

1448 1102 1542 1137 Illud
1565 1110 1708 1147 quoque
1740 1100 1998 1146 disponendum
2031 1111 2110 1137 esse
2132 1102 2395 1147 perspeximus,
2425 1104 2466 1137 ut

1384 1148 1415 1183 si
1446 1147 1588 1191 quando
1624 1147 1719 1182 inter
1747 1146 1914 1182 maritum
1951 1149 1987 1182 et
2019 1157 2167 1182 uxorem
2202 1147 2346 1192 nuptias
2377 1147 2466 1183 solvi

1385 1193 1583 1238 contigerit,
1609 1202 1653 1227 ex
1675 1192 1876 1227 huiusmodi
1901 1192 2159 1238 (matrimonio)
2182 1192 2258 1228 nati
2281 1192 2344 1227 filii
2368 1192 2464 1228 nullo

231 1237 358 1283 μηδενὶ
386 1236 517 1292 τρόπῳἱ
543 1238 734 1294 βλαβῶσιν
765 1242 804 1272 ἐκ
836 1240 899 1282 τῆς
930 1237 1143 1281 διαζεύξεως
1166 1239 1230 1273 τοῦ
1277 1238 1315 1271 ά·
1329 1240 1370 1273 20
1383 1239 1488 1274 modo
1518 1237 1708 1274 laedantur
1739 1247 1783 1272 ex
1814 1238 2039 1282 separatione
2067 1238 2292 1284 nuptiarum,
2328 1237 2390 1273 Sed
2419 1237 2466 1273 ad

231 1297 311 1329 μου,
335 1281 426 1318 ἀλλὰ
451 1295 541 1328 προς
570 1298 639 1327 την
663 1285 741 1318 τῶν
763 1286 902 1330 γονέων
931 1283 1170 1328 κληρονομίαν
1200 1298 1244 1317 κα
1269 1287 1314 1317 εί-

233 1330 392 1364 σθωσαν
423 1331 461 1363 ἐκ
493 1331 555 1372 τῆς
584 1330 649 1363 τοῦ
673 1329 810 1374 πατρὸς
841 1326 964 1364 ούσίας
991 1327 1316 1376 ἆναμφιςβητήτως

232 1372 528 1421 ἆποτρεφόμενοι.
576 1377 636 1408 καὶ
666 1375 696 1408 εἰ
725 1377 793 1419 μὲν
824 1372 844 1408 ὁ
876 1375 996 1420 πατὴρ
1027 1375 1096 1418 τὴν
1127 1373 1316 1420 πρόφασιν

231 1423 295 1468 τῆς
310 1418 524 1462 διαζεύξεως
547 1423 702 1476 παρέσχε
725 1423 785 1453 καὶ
807 1416 829 1463 ἡ
848 1419 966 1466 μήτηρ
989 1421 1036 1454 εἷς
1060 1418 1228 1466 δεύτερον
1251 1417 1315 1454 ούκ

1384 1286 1572 1329 parentum
1595 1282 1828 1318 hereditatem
1851 1287 2022 1319 vocentur
2052 1294 2095 1319 ex
2118 1283 2233 1329 patris
2264 1283 2465 1319 substantia

1383 1329 1627 1364 indubitanter
1651 1328 1778 1364 alendi.
1826 1328 1876 1363 Et
1900 1329 1930 1363 si
1952 1328 2090 1373 quidem
2114 1332 2218 1374 pater
2241 1329 2465 1364 occasionem

1385 1374 1621 1419 separationis
1641 1373 1812 1419 praebeat
1831 1376 1868 1409 et
1882 1378 1998 1409 mater
2018 1374 2063 1409 ad
2082 1373 2259 1410 secundas
2283 1385 2355 1410 non
2371 1373 2466 1409 venit

1383 1420 1546 1465 nuptias,
1586 1419 1683 1464 apud
1719 1421 1870 1454 matrem
1908 1420 2112 1454 nutriantur
2150 1429 2327 1464 expensas
2363 1422 2465 1465 patre

231 1467 324 1520 ἠλιῗε
345 1464 473 1520 γάμον,
498 1478 598 1511 παρα
622 1479 667 1512 τῃ
685 1468 794 1511 μητρὶ
819 1466 1037 1521 τρέφεσθαι,
1061 1465 1126 1499 τὰς
1150 1463 1315 1500 δαπάνας
1329 1467 1370 1499 25
1383 1467 1597 1510 praebente3
1643 1465 1674 1500 Si
1709 1475 1791 1500 vero
1827 1475 1891 1510 per
1927 1475 2072 1500 causam
2106 1466 2231 1500 matris
2265 1464 2466 1500 ostenditur

232 1525 296 1546 του
313 1522 451 1557 πατρος
475 1514 703 1558 παρέχοντος,
724 1511 755 1544 εἰ
778 1509 818 1544 δὲ
841 1525 916 1557 παρ
953 1511 1073 1544 αἰτίαν
1097 1511 1160 1554 τῆς
1181 1509 1315 1557 μητρὸς

233 1556 414 1592 δείκνυται
438 1555 614 1590 λελύσθαι
643 1555 711 1590 τὸν
733 1554 862 1602 γάμον,
891 1554 975 1590 τότε
1000 1556 1099 1601 παρὰ
1123 1557 1178 1599 τῷ
1202 1570 1277 1591 πατ
1302 1557 1314 1588 ἱ

232 1606 292 1637 καὶ
322 1603 536 1637 οἶκείτωσαν
571 1601 607 1635 οἱ
640 1601 766 1636 παῖδες
800 1604 860 1635 καὶ
891 1602 1167 1647 τρεφὲσθωσαν.
1215 1602 1246 1635 εἰ
1275 1568 1315 1636 δὲ

232 1649 351 1702 συμβῇ
376 1648 443 1681 τὸν
465 1649 532 1702 μὲν
557 1650 698 1702 πἀἶέρα
720 1646 863 1692 ἄπορον
886 1647 997 1690 εἶναι,
1028 1646 1095 1690 τὴν
1117 1644 1156 1680 δὲ
1177 1650 1314 1692 μητέρα

1384 1511 1540 1546 solutum
1559 1510 1820 1546 matrimonium
1831 1537 1839 1552 ,
1864 1514 1950 1546 tunc
1971 1510 2068 1555 apud
2086 1513 2225 1555 patrem
2243 1514 2280 1546 et
2298 1513 2465 1546 maneant

1383 1556 1447 1591 filii
1470 1558 1506 1591 et
1529 1556 1680 1591 alantur.
1730 1556 1768 1591 Si
1792 1558 1911 1591 autem
1943 1556 2131 1600 contigerit
2162 1559 2300 1600 patrem
2324 1556 2466 1601 quidem

1383 1602 1501 1637 minus
1525 1602 1692 1637 idoneum
1715 1611 1794 1636 esse
1826 1604 1974 1636 matrem
2002 1610 2085 1636 vero
2108 1601 2338 1646 locupletem,
2370 1601 2466 1646 apud

1384 1657 1461 1682 eam
1481 1657 1657 1692 pauperes
1680 1646 1772 1682 filios
1796 1656 1939 1682 manere
1963 1649 1999 1682 et
2015 1648 2061 1682 ab
2079 1656 2121 1682 ea
2141 1646 2270 1682 nutriri
2288 1647 2463 1682 iubemus.

233 1705 406 1748 svatopov„
430 1705 506 1738 παρ
549 1705 640 1738 αυτῃ
673 1695 887 1735 πενομένους
918 1691 1000 1727 τούς
1031 1689 1163 1726 παῖδας
1176 1695 1314 1748 Εμένειν
1328 1694 1370 1727 30
1384 1692 1685 1737 Quemadmodum
1705 1692 1798 1727 enim
1816 1691 1879 1726 filii
1898 1692 2094 1737 locupletes
2119 1695 2295 1737 coguntur
2314 1697 2465 1727 matrem

233 1742 292 1773 καὶ
316 1751 392 1785 παρ
434 1735 542 1781 αὐτῆς
565 1737 767 1793 τρέφεσθαι
791 1736 1125 1783 παρακελευόμεθα.
1171 1751 1217 1771 ον
1246 1737 1313 1784 γὰρ

232 1783 371 1830 τρόπον
394 1782 431 1817 οἱ
452 1782 577 1817 παῖδες
600 1783 837 1828 ευποροῦντες
867 1779 1137 1829 ἀναγκάζονται
1159 1783 1226 1825 τὴν
1247 1797 1313 1827 μη-

232 1833 319 1876 τέρα
355 1826 528 1873 δεομένην
563 1831 719 1872 τρέφειν,
754 1824 852 1862 οὕτω
889 1826 1029 1861 δίκαιον
1057 1831 1226 1873 κρίνομεν
1254 1831 1315 1862 καὶ

233 1874 331 1920 παρὰ
353 1875 414 1917 τῆς
436 1873 569 1918 μητρὸς
593 1870 812 1918 εύπορούσης
843 1873 925 1907 τοὺς
955 1871 1086 1907 παῖδας
1117 1870 1314 1920 ἀποτρέψε-

233 1921 336 1954 σθαι.
397 1916 414 1928 ‘'
1037 1918 1044 1925 ³

234 1965 315 2000 τοὺς
330 1963 462 1999 παῖδας
485 1961 704 2008 διωρίσαμεν
729 1966 961 2008 πενομένους,
985 1965 1093 1997 τοῦτο
1111 1962 1154 2007 δὴ
1180 1967 1240 1997 καὶ
1257 1966 1315 1998 ἐπὶ

233 2009 389 2045 πάντων
412 2011 488 2043 τῶν
506 2005 693 2043 ἀνιόντων
711 2011 770 2042 καὶ
787 2008 994 2042 κατιόντων
1013 2010 1217 2054 προςιύπων
1237 2009 1316 2042 ἑκα-

232 2059 336 2100 τέρας
359 2052 502 2101 φύσεως
525 2056 670 2100 κρατεῖν
692 2051 889 2098 κελεύομεν.

1384 1742 1544 1782 egentem
1577 1738 1690 1779 alere,
1725 1737 1776 1771 ita
1807 1737 1939 1772 iustum
1973 1737 2194 1772 decernimus
2230 1741 2268 1772 et
2298 1747 2321 1772 a
2351 1742 2465 1772 matre

1382 1784 1562 1827 locuplete
1583 1782 1675 1818 filios
1699 1782 1808 1827 pasci.
1858 1783 1960 1826 Quod
1984 1785 2103 1818 autem
2134 1783 2178 1818 de
2201 1782 2329 1825 alenda
2350 1787 2465 1817 matre

1384 1832 1420 1863 et
1435 1828 1516 1863 filiis
1533 1827 1753 1862 definivimus
1776 1827 2026 1872 indigentibus,
2050 1828 2119 1863 hoc
2135 1838 2275 1873 quoque
2298 1828 2334 1863 in
2352 1828 2463 1863 omni-

1384 1874 1452 1909 bus
1471 1872 1745 1908 ascendentibus
1763 1872 2128 1919 descendentibusque
2143 1873 2307 1919 personis
2328 1873 2462 1909 utrius-

392 1932 484 1964 οπερ
516 1916 556 1952 δὲ
579 1921 661 1964 περὶ
684 1919 748 1952 τοῦ
772 1919 975 1962 τρέφεσθαι
1004 1932 1073 1960 την
1095 1922 1232 1963 μητέρα
1257 1922 1316 1952 καὶ
1331 1920 1371 1952 35
1385 1929 1455 1964 que
1477 1923 1629 1954 naturae
1653 1918 1770 1953 valere
1793 1919 2041 1963 praecipimus.

289 2161 316 2181 c.
338 2147 411 2181 VII
420 2148 493 2190 fuit
517 2148 548 2179 in
574 2146 610 2179 B
624 2147 720 2187 31,c‚
735 2153 766 2180 13
789 2147 959 2179 secundum
986 2147 1163 2189 Tipucitum
1189 2153 1219 2179 et
1241 2147 1375 2179 indicem
1393 2145 1553 2188 Reqinae,
1572 2146 1771 2188 principium
1796 2153 1825 2178 et
1839 2147 1942 2186 finem
1960 2147 2001 2187 (υ.
2019 2147 2159 2180 17-23,
2185 2146 2331 2187 35-38)
2355 2154 2466 2179 servat

234 2193 283 2228 B*
306 2194 342 2226 Γ
361 2194 393 2234 8,
406 2201 433 2226 5.
448 2199 465 2225 6
486 2205 521 2235 p.
544 2193 608 2226 164
629 2191 732 2224 Zach.
766 2210 809 2215 —
843 2192 992 2224 Summas
1017 2193 1135 2224 liabent
1158 2192 1335 2234 Appendiz
1359 2190 1505 2234 Ecloqae
1530 2191 1550 2223 2
1574 2190 1776 2231 (Zachariae
1796 2185 1927 2223 Ἇνέκδ.
1948 2203 1984 2234 p.
2009 2192 2084 2232 186)
2110 2198 2139 2224 et
2162 2192 2346 2235 Anonymus
2371 2191 2463 2225 Bod-

235 2240 359 2272 leianus
383 2240 425 2271 ib.
448 2238 525 2278 215,
549 2238 725 2270 summaria
750 2237 900 2280 Epitome
926 2238 979 2277 24,
1000 2244 1035 2270 46
1051 2244 1129 2270 extr.
1156 2238 1210 2277 49,
1232 2244 1266 2270 10
1279 2244 1359 2269 extr.

233 2326 375 2362 casibus
406 2326 470 2371 qui
484 2325 674 2372 praesenti
705 2324 783 2371 leqe
806 2335 880 2360 non
905 2324 1136 2360 continentur
1165 2335 1268 2360 suam
1301 2325 1369 2360 vim
1394 2322 1534 2358 habeat.
1585 2322 1811 2358 Constantini
1834 2333 1917 2358 vero
1949 2323 2035 2369 piae
2058 2323 2250 2359 memoriae
2281 2324 2394 2370 leqem
2416 2325 2465 2359 ad

234 2371 450 2417 Greqorium
472 2372 665 2417 scriptam,
697 2376 733 2406 et
760 2370 1095 2416 interpretationem
1126 2370 1170 2406 de
1201 2381 1244 2404 ea
1269 2369 1411 2415 factam
1435 2380 1458 2403 a
1483 2368 1673 2404 Marciano
1700 2368 1786 2414 piae
1813 2370 2025 2411 memoriae,
2050 2379 2123 2414 per
2153 2379 2246 2415 quas
2276 2369 2464 2405 mulierum

233 2417 422 2463 coniuqia,
455 2427 549 2462 quae
578 2415 803 2451 Constantini
833 2415 896 2450 lex
928 2414 1067 2451 abiecta
1097 2416 1255 2458 vocavit,
1287 2425 1367 2451 eum
1391 2414 1479 2454 viris
1510 2413 1723 2459 quibusdam
1746 2412 1982 2458 dignitatibus
2006 2413 2185 2449 decoratis
2207 2414 2463 2460 prohibentur,

232 2462 333 2498 nullo
363 2462 475 2508 plane
505 2461 609 2497 modo
641 2461 759 2496 valere
787 2461 967 2507 patimur,
1001 2460 1066 2496 sed
1095 2461 1310 2505 facultatem
1343 2460 1471 2494 damus
1505 2458 1721 2501 volentibus,
1754 2458 1895 2493 etiamsi
1923 2458 2139 2504 quibuslibet
2173 2460 2315 2506 maqnis
2345 2460 2463 2507 diqni-

235 2508 367 2544 tatibus
390 2506 618 2549 decorentur,
647 2506 821 2542 eiusmodi
843 2505 1011 2541 mulieres
1034 2516 1113 2540 cum
1137 2505 1319 2541 dotalibus
1342 2505 1588 2540 instrumentis
1609 2504 1678 2540 sibi
1700 2502 1907 2550 copulandi.
1958 2503 2075 2540 Ceteri
2095 2508 2213 2540 autem
2232 2509 2381 2553 praeter
2403 2516 2464 2542 eos

234 2554 297 2600 qui
319 2552 461 2599 maqnis
484 2551 722 2598 diqnitatibus
754 2551 916 2587 decorati
946 2555 1032 2586 sunt
1058 2551 1275 2597 facultatem
1299 2550 1454 2586 habeant
1486 2549 1661 2585 eiusmodi
1682 2549 1849 2584 mulieres
1871 2547 2042 2591 ducendi,
2074 2549 2149 2586 sive
2171 2550 2210 2584 in
2232 2550 2380 2597 scriptis
2403 2562 2463 2587 vo·

234 2599 367 2634 tuerint
387 2598 462 2634 sive
485 2597 564 2633 sola
588 2596 747 2643 nuptiali
770 2596 974 2642 affectione,
999 2595 1192 2631 dummodo
1216 2597 1290 2631 sint
1314 2595 1447 2631 liberae
1469 2600 1505 2631 et
1527 2605 1606 2630 cum
1629 2593 1888 2640 quibusliceat
1911 2595 2058 2640 nuptias
2081 2595 2272 2631 celebrare.

369 2642 448 2678 VII.
498 2641 571 2678 Sed
590 2642 683 2676 illud
705 2653 849 2688 quoque
873 2641 1023 2686 desinire
1045 2642 1159 2677 visum
1181 2646 1236 2676 est
1261 2642 1377 2682 nobis,
1406 2644 1448 2676 ut
1477 2641 1511 2675 si
1532 2639 1678 2687 quando
1702 2638 1969 2674 matrimonium
1999 2641 2092 2675 inter
2113 2640 2226 2676 virum
2250 2644 2286 2676 ct
2308 2652 2463 2678 uxorem

233 2689 326 2725 solvi
359 2688 571 2734 contiqerit,
607 2687 710 2722 liberi
749 2698 798 2723 ex
834 2686 1010 2722 eiusmodi
1044 2687 1274 2722 matrimonio
1303 2685 1494 2733 procreati
1528 2685 1629 2720 nullo
1666 2685 1773 2719 modo
1809 2694 1858 2719 ex
1886 2684 2124 2720 dissolutione
2157 2686 2378 2721 matrimonii
2407 2688 2462 2722 in-

233 2734 331 2770 iuria
354 2734 583 2779 afficiantur,
613 2732 679 2768 sed
700 2732 750 2767 ad
764 2738 963 2779 parentum
987 2731 1219 2767 hereditatem
1242 2735 1412 2767 vocentur
1435 2742 1485 2767 cx
1505 2731 1630 2777 patris
1656 2729 1857 2765 substantia
1887 2730 1965 2764 sine
1990 2729 2214 2765 dubitatione
2237 2731 2368 2767 alendi.
2414 2732 2464 2767 Et

234 2780 268 2814 si
288 2779 432 2825 quidem
461 2782 570 2825 pater
593 2788 740 2813 causam
764 2777 911 2813 divortii
935 2777 1109 2823 praebuit
1139 2781 1174 2812 ct
1195 2783 1311 2812 mater
1334 2776 1383 2812 ad
1404 2775 1581 2811 secundas
1604 2786 1652 2810 nu
1682 2775 1751 2809 tias
1774 2784 1848 2810 non
1871 2774 1984 2816 venit,
2019 2774 2120 2821 apud
2142 2779 2290 2811 matrem
2315 2777 2463 2812 alantur

260 2833 340 2861 atre
362 2829 527 2869 sumptus
547 2822 767 2870 praebente;
798 2823 856 2858 sin
880 2829 999 2857 autem
1023 2823 1131 2868 culpa
1153 2822 1281 2857 matris
1304 2821 1571 2857 matrimonium
1593 2830 1634 2855 so
1652 2824 1749 2854 utum
1773 2829 1849 2855 esse
1864 2819 2060 2865 probatur,
2092 2824 2178 2855 tunc
2199 2820 2300 2867 apud
2316 2827 2462 2868 patrem

255 2870 339 2905 'beri
374 2874 409 2905 et
443 2869 603 2904 habitent
638 2872 675 2903 et
703 2867 862 2904 alantur.
909 2866 1046 2911 Quodsi
1074 2868 1176 2913 sorte
1207 2872 1316 2914 pater
1346 2867 1465 2912 inops,
1500 2869 1616 2902 mater
1646 2870 1765 2900 autem
1798 2864 1881 2900 locu
1908 2865 1959 2901 les
1988 2865 2053 2908 sit,
2089 2865 2191 2912 apud
2222 2876 2299 2901 cam
2334 2867 2396 2902 ino
2424 2878 2463 2902 es

236 2915 367 2951 liberos
395 2924 541 2949 manere
572 2913 617 2949 ab
650 2924 765 2959 eaque
793 2913 846 2948 ali
868 2913 1125 2960 praecipimus.
1173 2911 1475 2955 Quemadmodum
1505 2911 1599 2947 enim
1629 2909 1734 2946 liberi
1764 2909 1868 2957 locup
1886 2914 1960 2946 etes
1992 2914 2142 2946 matrem
2173 2915 2332 2956 eqentem
2364 2878 2462 2947 ascire

235 2965 427 3007 coquntur,
450 2959 502 2994 ita
524 2970 596 3006 par
611 2969 688 2993 esse
709 2958 911 2994 iudicamus
934 2958 1042 2994 etiam
1066 2969 1089 2992 a
1113 2963 1228 2993 matre
1251 2957 1333 2992 locu
1363 2957 1428 2993 lete
1452 2956 1583 2992 liberos
1602 2955 1662 2991 ali.
1709 2954 1817 2999 Quod
1835 2960 1953 2991 autem
1976 2955 2021 2991 de
2036 2955 2167 2991 alenda
2190 2961 2304 2991 matre
2326 2957 2461 2992 liberis-

235 3017 305 3052 que
327 3005 512 3050 egentibus
533 3003 768 3048 definivimus,
792 3003 861 3039 hoc
877 3003 1020 3049 quidem
1043 3003 1151 3038 etiam
1174 3003 1213 3038 in
1234 3013 1330 3038 omni
1355 3013 1398 3038 us
1421 3000 1694 3038 ascendentibus
1715 3005 1752 3037 et
1774 3000 2066 3038 descendentibus
2086 3001 2253 3047 personis
2276 3002 2462 3049 utriusque

234 3061 347 3086 sexus
370 3050 488 3086 valere
512 3049 681 3084 iubemus.

305 3143 325 3175 2
342 3139 444 3183 ἰσχύν
469 3154 526 3173 om.
542 3141 587 3174 M
598 3140 610 3183 11
627 3152 901 3174 κωνσταντινον
919 3141 962 3174 M
977 3139 988 3183 11
1005 3142 1024 3174 3
1042 3137 1169 3183 νόμον]
1192 3141 1269 3175 Coa.
1284 3142 1315 3177 5.,

238 3195 284 3229 27,
298 3195 310 3220 ι
330 3186 343 3222 ΙΙ
359 3188 379 3220 4
401 3187 595 3231 γενομένην
612 3187 643 3219 L
662 3186 674 3229 11
691 3188 710 3220 5
726 3186 950 3230 Μαρκιανοῦ]
980 3186 1058 3219 Cod.
1073 3187 1105 3227 5,
1118 3194 1146 3227 5,
1162 3194 1176 3219 7
1194 3185 1207 3229 11
1224 3186 1244 3219 6
1261 3182 1312 3218 δι’

237 3223 303 3274 ὦν]
324 3227 376 3264 δι’
403 3230 444 3264 οὑ
471 3232 527 3267 Be
545 3231 557 3274 11
574 3233 592 3265 8
617 3229 816 3265 κωλύοντες
828 3231 877 3264 L¹
899 3228 1087 3264 κωλύοντα
1100 3230 1147 3263 L²
1161 3230 1174 3274 11
1193 3232 1214 3264 9
1234 3242 1313 3274 κρα-

237 3279 314 3310 τεῖν
338 3290 396 3310 om.
411 3277 442 3310 L
459 3275 471 3320 11
493 3278 532 3310 15
558 3274 743 3321 ἐλεύθεροι
767 3276 837 3318 BV,
863 3276 912 3310 B⁸
933 3290 961 3309 v.
979 3277 1000 3309 l.
1018 3275 1030 3318 11
1049 3278 1090 3309 19
1115 3275 1179 3309 τοῦ
1201 3273 1316 3309 τοιού-

238 3324 312 3363 του]
339 3321 466 3354 τούτου
478 3322 550 3362 (om.
564 3334 592 3355 v.
608 3323 642 3363 1.)
658 3322 722 3355 τοῦ
736 3322 786 3355 B⁸
803 3321 816 3366 11
834 3323 875 3355 23
893 3317 1206 3366 ἀποστρεφόμενοι
1219 3321 1265 3354 M
1265 3323 1282 3342 ⁰
1305 3320 1317 3364 11

239 3369 281 3401 24
302 3369 466 3411 παρέσχε]
490 3366 646 3409 praebeat
670 3378 689 3403 ς
707 3367 719 3410 11
736 3368 778 3401 25
791 3366 1058 3412 τρεφέσθωσαν
1083 3366 1315 3400 ηιαΙὶιΖοεΙια-

240 3414 309 3446 riae
325 3414 393 3445 sine
413 3424 512 3445 causa
532 3412 544 3455 11
562 3413 603 3446 30
621 3414 833 3456 πενομένων
846 3413 896 3445 L⁰
911 3413 924 3456 11
943 3413 986 3445 32
1003 3406 1246 3456 ἀναγκάζεται
1258 3411 1289 3444 L
1305 3410 1316 3447 11

241 3459 284 3490 34
306 3454 353 3489 τοὶ
377 3459 486 3490 τέκνα
508 3456 711 3502 τρέφεσθαι
735 3459 765 3490 L
789 3457 802 3500 11
832 3459 873 3492 35
898 3459 980 3500 περὶ
1004 3455 1086 3489 τοὺς
1109 3453 1240 3490 παῖδας
1261 3458 1321 3489 καὶ

242 3501 308 3543 τὴν
326 3504 461 3546 μητέρα
491 3501 694 3546 τρέφεσθαι
719 3503 748 3535 L
772 3501 785 3547 11
812 3501 881 3545 τὴν
903 3503 1053 3547 μητέρα]
1089 3499 1155 3535 τὸν
1179 3502 1317 3545 πατέρα

249 3545 305 3583 Β”;
330 3555 489 3590 suspectat
513 3549 596 3581 banc
615 3560 719 3581 vocem
736 3547 923 3581 Zachariae
943 3549 1012 3581 sine
1037 3547 1154 3580 idonea
1172 3559 1273 3581 cauea

1454 3141 1469 3173 1
1497 3141 1655 3171 tenentur
1674 3138 1745 3171 ΒΤ
1757 3138 1769 3182 11
1785 3137 1908 3171 habent
1929 3139 1962 3172 T
1973 3138 1986 3183 11
2005 3140 2026 3172 2
2049 3138 2260 3170 constantino
2281 3138 2312 3171 T
2319 3138 2329 3158 ¹
2346 3137 2359 3180 11
2374 3137 2459 3181 piae]

1379 3184 1520 3217 diuinae
1547 3184 1579 3217 T
1599 3182 1612 3227 11
1640 3185 1659 3217 3
1683 3194 1782 3226 super
1807 3194 1844 3216 ea
1866 3184 1952 3228 ναῖς.
1977 3183 1989 3227 11
2020 3185 2060 3218 13
2083 3183 2205 3225 scripta
2230 3182 2262 3215 R
2287 3182 2300 3225 11
2328 3183 2375 3216 tffi
2391 3181 2426 3215 R
2447 3182 2460 3226 11

1385 3231 1428 3264 14
1451 3229 1551 3262 liceat
1575 3229 1700 3272 Toulq.
1719 3229 1732 3272 11
1751 3231 1791 3263 17
1806 3231 1892 3262 rubr.
1917 3229 1967 3262 De
1987 3228 2100 3261 liberis
2124 3239 2163 3261 ex
2187 3239 2225 3261 eo
2249 3226 2458 3260 matrimonio

1383 3276 1472 3308 natis
1505 3274 1593 3317 quod
1624 3275 1764 3317 repudio
1795 3273 1992 3307 dissolutum
2023 3276 2071 3307 est
2092 3275 2154 3316 (est
2172 3276 2204 3306 et
2226 3274 2273 3315 R)
2304 3271 2457 3314 quemad-

1383 3320 1518 3353 modum
1537 3319 1672 3352 alantur
1690 3320 1759 3353 RT
1770 3332 1872 3363 mary.
1887 3321 1940 3361 (ex
1953 3319 2030 3359 Iul.)
2047 3319 2060 3364 11
2076 3322 2116 3351 ut
2138 3331 2196 3352 om.
2213 3319 2246 3352 T
2256 3316 2270 3361 Ι
2287 3318 2328 3352 19
2343 3317 2457 3348 matri-

1383 3366 1496 3398 monio
1513 3366 1590 3398 add.
1607 3366 1836 3409 Osenbru’qyen
1849 3364 1991 3407 (nuptiis
2004 3365 2109 3406 Beck)
2127 3363 2140 3408 11
2156 3365 2196 3398 21
2210 3362 2384 3406 parantum
2396 3362 2456 3399 1³¹,

1383 3413 1559 3453 parentum
1575 3422 1634 3444 om.
1645 3409 1702 3453 Τ11
1720 3410 1762 3444 23
1777 3411 1835 3454 leq.
1849 3409 2029 3452 praebuit?
2044 3409 2057 3453 11
2075 3409 2128 3451 ad]
2146 3411 2179 3441 et
2192 3406 2234 3440 ad
2254 3405 2310 3448 Vn
2326 3408 2456 3439 uenerit

1387 3456 1513 3499 Tvulq.
1561 3456 1605 3490 24
1624 3455 1813 3488 nutriendis
1833 3454 1888 3498 Vn
1906 3465 2045 3498 expensa
2064 3453 2141 3496 17²1!
2160 3453 2202 3486 25
2221 3450 2249 3482 ti
2269 3452 2359 3491 uero]
2384 3453 2456 3485 siue

1388 3500 1442 3541 T¹,
1467 3511 1547 3533 uero
1568 3503 1601 3534 in
1625 3513 1691 3534 ras.
1717 3501 1811 3534 habet
1830 3499 1882 3534 V²
1911 3499 1924 3545 11
1953 3500 2068 3533 matris
2086 3496 2136 3532 1⁷²
2153 3498 2186 3530 in
2209 3507 2274 3528 ras.
2306 3495 2318 3538 11
2346 3500 2454 3530 osteu-

1385 3545 1476 3578 ditur
1499 3546 1543 3588 V]
1567 3545 1759 3579 ostendatur
1781 3546 1851 3579 ΒΤ
1859 3546 1942 3589 vuly.
1960 3545 1974 3589 11
1991 3545 2034 3579 26
2055 3541 2144 3587 patri
2163 3540 2215 3574 R⁰
2239 3543 2377 3574 matrem
2391 3543 2455 3585 Tss,

1384 3593 1511 3632 patrem
1535 3594 1568 3625 in
1592 3604 1657 3625 ras.
1680 3589 1731 3624 V²
1758 3589 1771 3642 11
1798 3593 1831 3623 et
1853 3591 2019 3631 maneant]
2054 3589 2087 3620 et
2108 3598 2167 3620 om.
2193 3585 2239 3617 T¹
2269 3586 2281 3628 11
2311 3588 2352 3620 28
2377 3598 2455 3621 vero

1385 3648 1444 3668 om.
1458 3635 1507 3668 R¹
1518 3637 1550 3669 T
1556 3637 1566 3657 ¹
1585 3637 1597 3678 11
1612 3635 1862 3679 locupletiorem
1878 3636 1910 3668 Τ
1918 3635 1928 3656 ¹
1944 3639 1957 3678 11
1975 3635 2017 3669 29
2033 3642 2102 3665 eam
2114 3631 2212 3674 only]
2235 3641 2331 3672 quam
2346 3633 2422 3666 libri

1384 3680 1426 3712 ab
1450 3690 1488 3712 ea
1511 3694 1569 3714 om.
1585 3682 1634 3715 T¹
1660 3679 1673 3724 11
1697 3682 1739 3715 30
1764 3679 1996 3722 locupletiores
2019 3677 2052 3710 T
2070 3675 2083 3717 11
2110 3676 2152 3708 32
2175 3674 2350 3719 locupletis
2372 3677 2420 3710 R¹

1384 3724 1510 3758 aientia
1535 3726 1586 3759 T¹
1604 3724 1676 3770 1133
1700 3724 1872 3757 defluimus
1892 3722 1948 3767 Vfl
1963 3723 2012 3763 in]
2036 3723 2069 3754 et
2091 3720 2128 3752 in
2149 3720 2183 3753 V
