2618 4010
236 121 343 167 Nov.
374 122 450 165 LX
471 135 529 177 pr.
562 124 579 163 1
1300 111 1388 164 326
1816 132 1879 164 m·
1907 130 2131 164 omnen
2160 130 2243 163 ssu
2273 129 2448 163 sununs

237 232 384 266 οἴκοθεν
407 230 670 273 κατενεχθῆναι
701 227 767 264 τὸν
789 226 927 274 νεκρόν,
959 229 1039 272 ἵστη
1064 226 1219 271 δημοσίᾳ
1243 226 1312 272 τὴν
1378 231 1567 271 mortuum,
1592 228 1749 265 instabat
1770 230 1912 275 publice
1934 230 2072 276 portari
2094 230 2225 266 lectum
2241 238 2313 265 non
2329 228 2448 264 sinens

237 274 393 321 ἐκφορὰν
409 275 469 317 τῆς
485 273 603 316 κλίνης
626 272 882 318 ἐπιλαβόμενος
905 276 964 308 καὶ
987 271 1050 307 οὐκ
1068 271 1214 315 ἀνήσειν
1236 271 1307 307 ἕλε·
1376 283 1492 319 neque
1522 272 1768 309 deducendum
1796 274 1917 311 dicens
1946 275 2015 312 nisi
2044 275 2202 311 debitum
2234 273 2448 319 perceperim

235 334 298 398 χΞν
321 320 351 352 εἰ
378 317 428 374 μὴ
459 317 501 372 τέ’)
525 321 632 372 χρέος
646 322 871 398 κομὲσαιτιόν
885 320 951 372 ἕως
975 320 1033 351 καὶ
1057 314 1313 396 ἀνότιιξωνητὴν
1379 318 1494 398 ξθοηθο
1517 327 1726 396 spons-optem
1739 318 1890 398 §⁰⁰⁰2st
1911 322 1948 355 et
1963 319 2016 372 {ta
2030 320 2109 372 ,iam
2132 320 2339 397 defunfitum
2356 317 2451 352 tradi

235 367 564 455 ξῇαέἷνῖἷᾶιρῗσῖἴῗ
586 376 668 442 ’ἷΞῖι
682 376 753 452 Za?
764 375 830 443 0352
849 374 1135 451 τῖἒὲοἙῖΞῗωῖ
1155 375 1248 440 „⁷²:32
1266 375 1313 449 {53¹1
1348 411 1367 443 5
1380 372 1498 443 ωἷέἷὲ
1521 364 2133 458 ξῗιῖιῗ’”ἐόωρεξὲἕιῗῗωωῗὲιῗέὲιιῗιᾞ
2147 374 2241 444 ᾳὲἓιι
2266 371 2451 452 αξξοῗέῗε

235 454 350 487 ταῦτα
372 451 573 498 ἡμάρτηται
605 452 651 487 τὰ
681 450 902 499 προσήκοντα
927 449 1151 494 διετυπώθη,
1184 451 1312 495 χρῆναι
1380 455 1498 488 autem
1523 450 1721 487 iudicamus
1746 454 1852 487 etlam
1871 453 2027 496 generali
2049 454 2126 498 lege
2142 453 2231 489 haec
2253 451 2450 492 emendare,

236 496 275 531 δὲ
297 494 484 542 ἡγούμεθα
522 500 582 531 καὶ
613 497 744 544 γενικῷ
773 495 875 542 νόμῳ
899 498 1015 532 ταῦτα
1036 496 1312 550 ἐπανορθῶσαι,
1380 506 1452 548 nou
1473 496 1630 532 sinentes
1654 496 1744 532 haec
1760 505 1886 532 rursus
1902 497 2073 533 committi
2095 507 2233 544 semper
2251 498 2326 534 sine
2346 496 2449 541 legis-

235 539 276 575 οὐ
300 542 565 589 συγχωροῦντες
596 540 686 578 αὐτὰ
716 545 775 576 καὶ
800 536 909 576 αὖθις
929 540 1233 586 πλημμεληθηναι
1253 543 1311 585 με’-
1380 542 1514 578 latlone
1535 541 1726 577 manentia.

235 599 347 621 νοντα
369 589 472 635 μέχρι
495 587 632 623 παντὸς
654 585 920 632 ἀνομοθέτητα.

1239 697 1395 734 CAPUT
1423 698 1453 734 1.

294 768 519 811 Θεσπίζομεν
548 770 688 801 τοίνυν·
726 767 762 800 εἴ
787 778 841 800 τις
871 768 1006 800 ἐκείνου
1041 764 1228 811 περιόντος
1258 766 1313 799 ἔτι
1328 768 1369 800 10
1427 764 1612 800 Sancimus
1629 763 1748 809 igItur,
1773 764 1803 799 si
1819 763 1898 809 quis
1918 763 1979 800 illo
2001 764 2192 809 superstite
2208 765 2325 801 adhuc
2348 774 2451 810 quem

235 813 298 846 τοῦ
323 814 556 855 νομιζομένου
587 814 780 856 χρεωστεῒν
813 809 911 853 αὐτῷ
944 808 1143 854 καταλάβοι
1175 809 1242 853 τὴν
1265 811 1312 844 οἱ·
1381 813 1485 855 putat
1509 810 1638 846 debere
1661 809 1731 844 SIbi
1754 810 1926 845 ascendat
1953 809 2095 845 domum
2117 810 2193 846 eius
2223 814 2259 846 et
2281 810 2451 846 molestus

235 861 319 891 ιιιάν
342 855 410 899 τὴν
430 853 538 890 αὐτοῦ
562 860 621 889 καὶ
645 855 804 898 ἐνοχλοίη
825 854 999 901 περιόντα
1023 854 1089 890 τὸν
1108 853 1313 901 ἄνθρωπον
1382 855 1429 890 sit
1453 854 1637 907 superstiti
1660 853 1795 889 homini
1824 856 1889 890 aut
1912 854 1972 898 qui
2003 854 2079 890 eius
2105 858 2205 897 sunt,
2234 855 2337 891 uxori
2360 855 2453 890 forte

236 904 295 935 καὶ
329 900 410 934 τοὺς
445 901 591 934 οἰκείους
631 899 713 934 τοὺς
749 900 858 934 αὐτοῦ
898 899 1069 946 (γαμετήν
1103 913 1222 945 φαμεν
1254 902 1314 934 καὶ
1381 901 1436 935 vel
1458 899 1542 935 finis
1566 901 1631 935 aut
1654 898 1774 935 domui
1795 899 1951 941 omnino,
1976 901 2040 934 aut
2060 899 2165 934 etiam
2185 899 2365 944 signacula
2387 908 2453 951 per

236 943 367 980 παῖδας
391 949 450 979 καὶ
471 945 568 979 οἶκον
589 941 702 987 ὅλως),
727 943 748 987 ἢ
771 949 831 978 καὶ
855 942 1043 991 σήμαντρα
1066 942 1151 979 κατ’
1178 946 1314 979 οἰκείαν
1381 944 1563 990 propriam
1586 945 1801 990 potestatem
1824 944 2007 989 imponere
2030 948 2237 989 praesumat
2259 954 2330 980 non
2349 953 2452 998 prius

236 991 402 1031 ἐξουσίαν
427 990 636 1025 ἐπιτιθέναι
660 987 806 1034 τολμῴη
829 989 877 1033 μὴ
902 989 1080 1035 πρότερον
1104 987 1225 1035 ψήφου
1254 993 1313 1023 καὶ
1329 993 1369 1024 15
1383 990 1524 1026 decreto
1549 992 1586 1025 et
1604 988 1723 1024 officio
1747 988 1851 1034 legali
1871 992 2010 1025 servato
2031 991 2114 1034 post
2132 989 2220 1033 eius,
2244 989 2304 1033 qui
2324 988 2454 1024 dicitur

235 1034 369 1076 τάξεως
398 1038 549 1079 νομίμης
582 1033 672 1077 μετὰ
703 1034 771 1077 τὴν
804 1036 868 1068 τοῦ
901 1033 1089 1081 λεγομένου
1119 1038 1314 1081 χρεωστεῖν
1382 1035 1520 1077 debere,
1550 1037 1710 1076 mortem,
1742 1034 1883 1070 actione
1906 1034 2047 1079 quidem
2069 1033 2184 1070 modis
2208 1033 2371 1069 omnibus
2394 1042 2453 1068 ca-

235 1079 403 1122 τελευτὴν
434 1078 693 1125 φυλαχθείσης,
725 1080 786 1121 τῆς
815 1081 882 1123 μὲν
913 1076 1052 1126 ἀγωγῆς
1082 1079 1228 1114 πάντως
1259 1081 1313 1113 ἐκ·
1382 1079 1455 1122 dat,
1488 1080 1562 1116 Sive
1591 1079 1723 1115 iustam
1757 1078 1890 1115 habeat
1923 1080 2017 1115 hanc
2052 1078 2125 1114 sive
2157 1089 2248 1123 non,
2284 1079 2455 1123 quantum

236 1128 415 1165 πιπτέτω,
435 1124 507 1157 εἴτε
526 1123 671 1158 δικαίαν
688 1126 761 1166 ἔχοι
777 1123 914 1168 ταύτην
934 1125 1005 1158 εἴτε
1020 1127 1079 1158 καὶ
1094 1124 1153 1168 μή,
1175 1122 1314 1160 ὁπόσον
1381 1134 1463 1160 vero
1487 1124 1610 1160 deberi
1632 1124 1701 1159 sibi
1722 1123 1819 1165 dicit,
1842 1127 1982 1159 tantum
2006 1123 2103 1159 aliud
2126 1123 2397 1169 superexigatur
2420 1125 2455 1157 et

236 1168 276 1203 δὲ
296 1167 511 1215 ὀφείλεσθαι
532 1167 633 1214 λέγει,
654 1169 829 1203 τοσοῦτον
849 1170 972 1214 ἕτερον
990 1169 1312 1215 προςαπαιτείσθω
1382 1169 1485 1206 detur
1507 1169 1667 1205 iniuriati
1689 1169 1896 1213 heredibus;
1934 1168 2223 1204 confiscationem
2254 1177 2395 1213 quoque
2417 1166 2455 1201 in

235 1217 294 1249 καὶ
327 1211 461 1248 διδότω
485 1216 559 1248 τοῖς
581 1214 646 1247 τοῦ
667 1217 966 1260 περιυβρισμένου
984 1212 1229 1261 κληρονόμοις,
1254 1212 1313 1257 δή·
1327 1216 1368 1248 20
1382 1215 1523 1250 tertiam
1547 1214 1768 1250 substantiae
1791 1214 1966 1250 sustineat
1983 1215 2089 1256 (sicut
2113 1217 2149 1249 et
2168 1213 2314 1249 Marcus
2337 1212 2454 1257 philo-

234 1262 361 1304 μευσίν
391 1272 431 1293 τε
463 1259 511 1293 εἰς
540 1258 583 1292 τὸ
612 1262 736 1305 τρίτον
767 1260 828 1301 τῆς
857 1262 1063 1305 περιουσίας
1092 1257 1312 1305 ὑφιστάσθω
1382 1259 1616 1305 sophissimus
1639 1259 1893 1303 imperatorum
1915 1259 1952 1294 in
1976 1259 2050 1294 suis
2072 1258 2284 1303 conscripsit
2306 1257 2455 1302 legibus)

236 1303 349 1346 (καθὰ
372 1307 430 1338 καὶ
446 1304 591 1349 Μᾶρκος
614 1301 633 1337 ὁ
662 1302 960 1349 φιλοσοφώτατος
989 1305 1068 1338 τῶν
1099 1302 1312 1350 αὐτοκρατό-
1382 1308 1418 1339 et
1440 1304 1588 1340 infamia
1610 1304 1769 1339 feriatur.
1814 1303 1882 1348 Qui
1906 1304 1998 1339 enim
2021 1303 2171 1339 hominis
2196 1305 2361 1338 naturam
2383 1311 2455 1336 non

236 1362 312 1396 ρων
328 1350 482 1383 ἐπὶτῶν
498 1348 626 1382 ἑαυτοῦ
646 1351 803 1395 γέγραφε
822 1347 960 1393 νόμων)
985 1351 1044 1382 καὶ
1062 1346 1188 1393 ἀτιμίᾳ
1204 1347 1314 1391 πλητ-
1382 1349 1533 1392 erubuit,
1571 1349 1696 1394 dignus
1733 1350 1788 1384 est
1823 1352 1860 1384 et
1893 1348 2054 1394 pecuniis
2089 1350 2125 1384 et
2158 1348 2273 1392 gloria
2307 1351 2343 1383 et
2374 1346 2454 1382 aliis

235 1394 373 1429 τέσθω.
420 1392 440 1428 ὁ
462 1392 531 1441 γὰρ
561 1391 629 1436 τὴν
649 1391 854 1440 ἀνθρώπου
877 1393 988 1439 φύσιν
1019 1391 1082 1427 οὐκ
1106 1393 1314 1436 αἰσχυνθεὶς
1383 1394 1548 1430 omnibus
1573 1393 1810 1430 condemnari.

236 1438 370 1474 δίκαιος
399 1435 443 1472 ἂν
468 1439 521 1481 εἴη
551 1440 611 1471 καὶ
639 1437 793 1484 χρήμασι
825 1441 885 1472 καὶ
914 1437 1000 1485 δόξῃ
1021 1442 1081 1472 καὶ
1103 1442 1176 1473 τοῖς
1198 1437 1315 1473 ἄλλοις
1326 1441 1368 1473 25

236 1487 256 1520 1
302 1481 416 1519 ἅπασι
439 1482 670 1528 ζημιοῦσθαι.
718 1484 764 1516 Εἰ
780 1481 820 1517 δὲ
843 1486 902 1517 καὶ
918 1481 1194 1526 τελευτήσαντος
1217 1495 1314 1518 τινος
1381 1485 1402 1518 1
1449 1482 1487 1518 Si
1509 1492 1593 1518 vero
1617 1482 1725 1519 etiam
1748 1482 1920 1519 moriente
1943 1482 2096 1527 quodam
2122 1483 2218 1519 circa
2238 1481 2347 1517 funus
2370 1490 2453 1526 pec-

236 1531 319 1576 περὶ
349 1527 416 1571 τὴν
446 1526 567 1573 ταφὴν
597 1524 747 1573 ἁμάρτοι
777 1539 831 1562 τις
853 1529 916 1562 τοῦ
949 1527 1224 1571 τελευτήσαντος
1253 1531 1314 1562 καὶ
1382 1529 1484 1563 cetur
1518 1527 1653 1572 aliquid
1692 1528 1874 1564 morientis
1918 1529 2014 1573 quod
2049 1528 2215 1572 exequias
2256 1526 2455 1572 prohibeat,

235 1574 305 1617 τὴν
334 1572 490 1620 ἐκφορὰν
516 1570 665 1615 κωλύοι,
694 1575 895 1620 γέγραπται
922 1575 990 1617 μὲν
1020 1571 1086 1616 ἤδη
1118 1572 1224 1618 νόμος
1253 1576 1313 1607 καὶ
1381 1573 1518 1618 scripta
1541 1573 1681 1617 quidem
1703 1573 1775 1608 iam
1799 1574 1857 1608 lex
1877 1576 1933 1609 est
1955 1575 1991 1608 et
2014 1583 2037 1608 a
2060 1577 2183 1609 nostro
2213 1574 2317 1625 patre
2349 1580 2456 1616 super

235 1619 290 1662 τῷ
315 1616 422 1663 ἡμετέ
443 1631 473 1662 ῳ
504 1620 617 1663 πατρὶ
649 1621 731 1664 περὶ
762 1616 913 1660 τούτων,
946 1616 1040 1661 πλὴν
1070 1615 1159 1652 ἀλλὰ
1190 1621 1251 1652 καὶ
1275 1618 1314 1658 ἐξ
1381 1618 1466 1660 hoc,
1496 1620 1615 1653 tamen
1639 1618 1744 1654 simul
1773 1618 1880 1654 etiam
1912 1627 1955 1653 ex
1989 1618 2121 1654 nostris
2153 1627 2267 1653 mmor
2287 1620 2458 1662 sequatur

236 1661 340 1708 ἡμῶν
370 1676 414 1708 με
452 1675 506 1697 ων
537 1662 688 1697 ἑπέσθω
712 1665 785 1697 τοῖς
809 1661 1082 1707 πλημμελήμασι
1106 1663 1224 1706 ποινή,
1255 1666 1314 1696 καὶ
1327 1665 1368 1697 30
1382 1662 1518 1699 delictis
1546 1673 1682 1708 poena,
1724 1666 1759 1698 et
1793 1663 1918 1698 iisdem
1949 1663 2132 1698 subiaceat
2164 1671 2255 1707 quae
2286 1670 2456 1706 praesens

236 1711 311 1743 τοῖς
326 1705 445 1742 αὐτοῖς
463 1706 676 1742 ὑποκείσθω
696 1706 748 1742 οῖς
768 1704 787 1741 ὁ
804 1707 935 1751 παρὼν
958 1705 1089 1755 ὑπάγει
1108 1707 1216 1752 νόμος
1233 1706 1315 1742 τοὺς
1382 1707 1489 1743 infert
1511 1707 1569 1743 lex
1592 1708 1643 1743 eis
1675 1707 1735 1753 qui
1758 1707 1795 1743 in
1818 1708 1957 1743 vivente
1987 1709 2058 1744 tale
2081 1707 2217 1753 aliquid
2240 1706 2344 1752 quale
2367 1705 2456 1741 dixi-

237 1755 278 1787 ἐν
308 1754 383 1800 ζωῇ
412 1753 554 1787 τοιοῦτό
585 1764 622 1786 τι
651 1749 779 1787 ὁποῖον
807 1755 946 1798 ἔφημεν
981 1751 1314 1797 πλημμελήσαντας.
1382 1761 1461 1788 mus
1497 1753 1737 1788 committunt:
1780 1753 1887 1788 huius
1924 1753 1975 1788 rei
2009 1752 2269 1798 providentiam
2302 1751 2458 1786 habente

238 1797 365 1832 τούτου
388 1796 566 1845 πρόνοιαν
588 1797 783 1841 τιθεμένου
807 1795 1052 1846 διαφερόντως
1081 1799 1148 1842 μὲν
1171 1798 1235 1832 τοῦ
1259 1799 1314 1839 bv:
1383 1797 1574 1842 praecipue
1597 1797 1736 1842 quidem
1760 1798 2015 1842 gloriosissimo
2039 1797 2222 1843 praefecto
2249 1796 2354 1831 huius
2378 1795 2457 1831 feli-

238 1841 432 1884 δοξοτάτου
456 1841 611 1888 ἐπάρχου
634 1843 696 1885 τῆς
719 1840 927 1887 εὐδαίμονος
957 1841 1088 1885 ταύτης
1111 1841 1312 1885 notetus-‚345
1384 1842 1549 1878 cissimae
1569 1843 1732 1885 civitatis,
1757 1842 1815 1878 cui
1834 1842 1958 1878 talium
1981 1842 2266 1878 emendationum
2287 1851 2374 1876 cura
2390 1845 2456 1884 est,

236 1889 298 1931 τῆς
319 1889 400 1922 τῶν
414 1886 594 1922 τοιούτων
617 1885 910 1934 ἐπανορθώσεως
932 1886 1040 1931 μέλει,
1064 1885 1170 1922 οὐδὲν
1195 1885 1234 1921 δὲ
1257 1885 1314 1930 ἣτ-
1329 1889 1371 1922 35
1386 1887 1494 1923 nihilo
1518 1887 1636 1923 minus
1656 1891 1775 1923 autem
1796 1890 1832 1923 et
1846 1888 2099 1932 gloriosissimo
2116 1896 2300 1923 sacrorum
2317 1889 2457 1921 nostro-

236 1946 302 1967 τον
330 1936 390 1966 καὶ
422 1933 486 1967 τοῦ
518 1929 754 1972 ἐνδοξοτάτου
783 1933 861 1967 τῶν
895 1932 1003 1987 ζερῶν
1028 1929 1131 1976 ἡμῶν
1155 1944 1314 1984 πραιτω-
1382 1942 1462 1968 rum
1477 1932 1742 1977 praetoriorum
1761 1933 1943 1978 praefecto
1966 1936 2001 1968 et
2016 1932 2271 1977 gloriosissimo
2289 1930 2457 1975 magistro

237 1981 328 2023 ρι’ων
362 1975 515 2023 ἐπάρχου
550 1979 610 2010 καὶ
642 1977 706 2010 τοῦ
739 1975 975 2018 ἐνδοξοτατου
1005 1981 1203 2024 μαγίστρου
1237 1990 1315 2011 των
1384 1986 1568 2014 sacrorum
1603 1976 1820 2020 officiorum,
1855 1982 1892 2013 et
1926 1987 2064 2023 semper
2099 1977 2154 2013 his
2189 1975 2458 2013 oboedientibus

238 2023 356 2057 θείων
387 2020 490 2067 ἡμῶν
518 2019 711 2067 ὀφφικίων,
747 2025 807 2056 καὶ
837 2023 915 2056 τῶν
946 2020 1001 2055 ἀεὶ
1024 2019 1165 2056 τούτοις
1187 2022 1315 2056 πειθο-

294 2126 367 2157 cap.
390 2113 415 2146 I
436 2113 672 2154 Θεσπίζομεν,
696 2111 732 2145 εἴ
749 2122 803 2145 τις
827 2136 949 2146 .....
974 2119 1062 2146 extat
1085 2111 1122 2144 B
1147 2113 1202 2153 23,
1224 2119 1276 2154 2‚1
1302 2113 1543 2156 (Θεσπίζομεν
1566 2132 1610 2137 -
1633 2115 1677 2148 32
1702 2111 2022 2157 πλημμελήσαντας
2046 2113 2095 2147 Β*
2115 2126 2150 2156 p.
2173 2114 2236 2147 683
2262 2112 2389 2154 zach).
2415 2131 2456 2136 —

237 2159 387 2192 Summas
409 2159 530 2191 habent
554 2155 610 2192 ΒΣ
636 2160 687 2198 (ex
713 2157 745 2190 Τ
742 2158 846 2198 head.)
871 2165 902 2191 et
923 2158 1111 2200 Anonymus
1134 2157 1342 2190 Bodleianus
1366 2158 1567 2199 (Zachariae
1587 2155 1719 2192 Ἀνέκὸ.
1741 2172 1776 2202 p.
1797 2160 1873 2200 213,
1898 2160 1953 2192 ubi
1976 2160 2092 2192 citatur
2115 2156 2224 2203 νεαρὰ
2245 2155 2335 2198 aff).

292 2216 365 2248 cap.
390 2203 415 2236 I
425 2215 478 2246 pr.
503 2209 721 2247 aryumentum
745 2203 861 2236 citatur
884 2203 918 2236 in
941 2203 1033 2235 codd.
1059 2202 1182 2245 aliquot
1204 2201 1359 2236 Prochiri
1379 2203 1435 2243 37,
1451 2209 1468 2236 2
1493 2210 1522 2236 et
1544 2204 1578 2236 in
1601 2204 1699 2237 schol.
1726 2204 1772 2237 ad
1793 2205 2020 2248 Epanaqoqen
2045 2205 2098 2245 35,
2112 2211 2136 2237 1.

235 2314 346 2349 henso
364 2312 512 2359 publice
534 2311 710 2358 exequias
732 2311 886 2347 inhibuit
909 2321 974 2347 nec
995 2321 1034 2346 se
1057 2311 1269 2347 destitutum
1299 2321 1376 2347 esse
1399 2310 1497 2347 dixit
1528 2311 1601 2347 nisi
1623 2312 1779 2349 debitum
1801 2313 2039 2360 percepisset:
2076 2312 2190 2347 donec
2210 2312 2458 2357 fideiussorem

235 2358 375 2405 accepit
404 2362 515 2403 atque
546 2361 620 2392 tum
643 2355 783 2392 demum
812 2355 1025 2402 defunctum
1058 2360 1177 2392 terrae
1207 2355 1305 2392 tracti
1327 2365 1466 2402 passus
1496 2360 1559 2392 est.
1605 2357 1724 2404 Atque
1753 2357 1798 2405 de
1827 2358 1910 2405 ipsa
1934 2367 2064 2400 causa,
2095 2358 2135 2392 in
2184 2369 2231 2393 ua
2255 2356 2343 2393 haec
2365 2367 2458 2392 com-

234 2404 344 2438 missa
365 2408 460 2445 sunt,
484 2412 579 2448 quae
594 2412 672 2448 par
695 2406 750 2437 est
771 2401 1041 2444 constituimus;
1075 2401 1326 2437 existimamus
1348 2405 1467 2437 autem
1499 2401 1607 2437 etiam
1629 2403 1794 2449 qenerali
1823 2402 1902 2450 leqe
1925 2402 2014 2439 haec
2036 2413 2135 2439 emen
2162 2401 2260 2438 anda
2283 2411 2379 2444 esse,
2414 2412 2459 2438 ne

229 2448 419 2496 patiamur
442 2458 486 2483 ea
509 2447 627 2482 denuo
651 2446 823 2493 delinqui,
847 2447 882 2482 si
896 2451 1078 2493 perpetuo
1101 2450 1273 2482 maneant
1296 2446 1375 2492 leqe
1397 2457 1471 2482 non
1494 2446 1653 2492 definita.

367 2492 397 2528 1.
444 2491 635 2528 Sancimus
657 2491 791 2538 iqitur:
813 2491 846 2526 si
861 2492 944 2537 quis
965 2492 1161 2537 superstite
1183 2490 1303 2527 adhuc
1326 2490 1389 2526 illo
1413 2501 1517 2537 quem
1539 2491 1612 2528 sibi
1632 2492 1760 2530 debere
1775 2496 1895 2540 putat,
1919 2492 2062 2529 domum
2082 2493 2160 2529 eius
2180 2496 2330 2539 occupet
2351 2495 2461 2538 atque

235 2542 343 2575 vexet
359 2537 537 2573 hominem
557 2536 671 2572 donec
686 2542 869 2583 superstes
887 2540 943 2572 est
961 2539 998 2572 et
1009 2536 1191 2582 familiam
1206 2536 1284 2572 eius
1297 2538 1465 2580 (uxorem
1481 2536 1633 2573 dicimus
1650 2541 1686 2573 et
1703 2537 1835 2574 liberos
1854 2543 1890 2573 et
1911 2539 2055 2574 omnino
2073 2537 2243 2581 domum),
2262 2538 2337 2574 sive
2351 2539 2461 2573 etiam

233 2585 341 2636 siqua
363 2593 414 2618 ex
462 2582 590 2628 ropria
614 2582 833 2617 auctoritate
855 2581 1042 2627 imponere
1065 2581 1163 2617 ausit
1185 2592 1258 2617 non
1275 2582 1384 2628 prius
1408 2580 1596 2618 observato
1619 2581 1764 2618 decreto
1794 2587 1831 2618 et
1852 2583 2010 2629 leqitimo
2042 2583 2169 2618 ordine
2194 2586 2279 2629 post
2309 2585 2461 2618 mortem

234 2638 312 2664 eius
335 2628 398 2674 qui
445 2627 555 2662 icitur
578 2625 717 2668 debere,
741 2626 885 2662 actione
934 2626 1050 2661 uidem
1075 2626 1221 2662 omnino
1244 2626 1365 2669 cadat,
1395 2627 1470 2662 sive
1492 2626 1624 2662 iustam
1647 2638 1726 2662 eam
1750 2626 1882 2663 habeat
1910 2628 1986 2664 sive
2007 2638 2082 2663 non
2106 2626 2253 2669 habeat,
2285 2630 2460 2673 quantum

234 2677 354 2709 autem
381 2671 451 2707 sibi
480 2670 601 2707 deberi
632 2671 736 2713 dicit,
769 2672 847 2707 eius
877 2682 899 2706 a
917 2676 1030 2707 terum
1063 2675 1202 2706 tantum
1232 2670 1277 2706 ab
1309 2671 1322 2705 i
1349 2681 1390 2706 so
1423 2672 1571 2718 insuper
1593 2676 1761 2708 exactum
1792 2671 1983 2708 heredibus
2013 2676 2176 2719 praestet
2205 2672 2282 2707 eius
2312 2671 2375 2717 qui
2407 2671 2460 2705 in-

234 2718 333 2753 iuria
356 2717 510 2763 affectus
532 2720 586 2751 est
594 2728 608 2757 ;
644 2727 688 2751 ac
739 2716 993 2752 ublicationem
1019 2716 1145 2752 tertiae
1168 2716 1291 2762 partis
1337 2727 1488 2752 onerum
1517 2716 1644 2753 subeat
1666 2716 1978 2763 (quemadmodum
2001 2718 2108 2753 etiam
2132 2716 2282 2752 Marcus
2303 2726 2462 2751 summus

234 2764 491 2809 imperatorum
520 2760 695 2813 philosop
724 2771 767 2796 us
804 2762 842 2797 in
877 2760 1015 2807 leqibus
1051 2761 1128 2796 suis
1162 2760 1322 2807 scripsit)
1358 2766 1393 2796 et
1427 2761 1583 2806 infamia
1617 2766 1771 2798 notetur.
1829 2760 1900 2805 Qui
1934 2762 2028 2798 enim
2062 2766 2232 2797 naturam
2267 2761 2461 2796 humanam

235 2819 310 2843 non
339 2807 516 2843 reveritus
543 2806 607 2848 sit,
640 2806 774 2852 diqnus
802 2810 857 2841 est
888 2806 951 2852 qui
981 2810 1015 2842 et
1044 2805 1219 2841 bonorum
1247 2810 1283 2842 et
1314 2806 1595 2843 existimationis
1626 2811 1663 2842 et
1690 2807 1913 2853 reliquorum
1945 2807 2104 2842 omnium
2134 2806 2303 2842 damnum
2331 2806 2459 2851 saciat.

234 2855 255 2889 1
310 2850 452 2895 Quodsi
471 2851 552 2896 quis
576 2851 684 2887 etiam
708 2855 852 2887 mortuo
877 2851 1001 2897 aliquo
1034 2851 1133 2886 circa
1155 2851 1381 2897 sepulturam
1402 2850 1578 2896 ,defuncti
1592 2857 1723 2899 peccet
1752 2856 1788 2887 et
1815 2852 1931 2897 fimus
1953 2852 2145 2898 impediat,
2177 2851 2222 2887 de
2245 2861 2287 2887 eo
2318 2850 2460 2897 quidem

234 2898 308 2933 iam
329 2898 405 2944 scri
434 2900 470 2932 ta
494 2900 549 2932 est
571 2896 634 2932 lex
657 2907 680 2930 a
698 2900 810 2943 patre
833 2900 972 2938 nostro,
1005 2900 1249 2932 verumtamen
1271 2907 1345 2942 per
1368 2906 1436 2931 nos
1465 2896 1574 2931 etiam
1596 2896 1715 2931 maior
1746 2907 1868 2943 poena
1890 2901 2065 2943 sequatur
2087 2896 2238 2937 delicta,
2269 2900 2377 2942 atque
2401 2895 2460 2929 iis-

235 2943 314 2978 dem
345 2908 531 2977 sussaceat
560 2941 690 2987 quibus
716 2951 894 2987 praesens
927 2940 990 2976 lex
1020 2951 1081 2977 eos
1111 2940 1259 2983 subicit,
1295 2940 1359 2992 qui
1389 2940 1426 2975 in
1459 2942 1687 2992 superstitem
1723 2941 1795 2977 tale
1828 2941 1935 2988 quale
1970 2941 2132 2978 diximus
2168 2941 2334 2977 delictum
2366 2950 2459 2975 eom-

235 2987 405 3023 miserint.
453 2985 551 3021 Huic
574 2990 693 3022 autem
716 2986 771 3021 rei
791 2986 999 3033 prospiciat
1013 2986 1215 3032 praecipue
1247 2985 1390 3031 quidem
1418 2985 1703 3030 qtomosissimus
1727 2987 1945 3032 praefectus
1978 2986 2086 3022 huius
2107 2986 2228 3032 felicis
2251 2985 2368 3026 urbis,
2399 2984 2460 3029 qui

235 3031 411 3068 eiusmodi
433 3042 554 3067 rerum
578 3031 862 3067 emendationem
882 3035 999 3073 curat,
1023 3041 1088 3066 nec
1114 3035 1232 3066 tamen
1255 3030 1373 3065 minus
1394 3030 1679 3076 qloriosissimus
1700 3042 1807 3067 sacro
1831 3036 1959 3067 nostro
1976 3031 2169 3078 praetorio
2219 3030 2403 3076 raefectus
2426 3031 2460 3063 et

235 3077 519 3124 qloriosissimus
546 3076 721 3123 maqister
751 3086 942 3112 sacrorum
971 3079 1180 3112 nostrorum
1212 3074 1438 3121 officiorum,
1471 3079 1581 3121 atque
1610 3086 1705 3122 quae
1726 3087 1867 3123 semper
1900 3076 1946 3112 iis
1962 3080 2101 3123 parent
2124 3086 2145 3111 ο
2165 3042 2263 3122 [ιζ-ἔα.
2310 3074 2460 3109 Necesse

2131 3149 2453 3156 -——-————

284 3194 298 3225 1
325 3190 444 3232 ἵστησι
455 3186 516 3224 ΒΣ
535 3188 548 3233 ΙΙ
571 3185 748 3232 δημοσίαν
762 3189 794 3223 L
817 3188 830 3232 ΙΙ
856 3191 874 3222 7
899 3180 1217 3233 ἐπανορθωθῆναι
1229 3184 1290 3222 ΒΣ
1302 3187 1314 3230 'l
1380 3197 1479 3230 super
1491 3189 1554 3221 hoo
1568 3200 1588 3224 ς
1605 3187 1618 3231 ΙΙ
1634 3189 1677 3223 30
1690 3189 1832 3223 ἐπέστω
1844 3188 1920 3232 ΒἸΙ
1940 3190 1984 3222 34
1992 3201 2038 3232 sq.
2054 3178 2085 3221 οἷ
2098 3187 2234 3230 καὶτῆς
2246 3187 2278 3221 L
2295 3185 2309 3231 ss
2325 3187 2366 3220 35
2377 3181 2457 3229 ,udin

240 3238 278 3270 11
300 3234 367 3277 τὴν
380 3235 510 3276 οἰκίαν]
534 3231 601 3276 τὴν
624 3246 682 3283 orn.
697 3234 746 3267 B·
764 3234 777 3278 ΙΙ
804 3235 843 3268 12
864 3232 934 3276 τὴν
947 3231 1067 3275 αὐτοῦ]
1091 3230 1159 3276 τὴν
1179 3233 1283 3267 om.L
1302 3194 1314 3275 ΙΙ
1346 3203 1349 3290 5
1381 3230 1434 3266 λει
1460 3233 1531 3266 ML
1546 3233 1559 3277 ΙΙ
1585 3234 1627 3267 37
1654 3230 1844 3278 *ὑπάρχου
1868 3235 1945 3268 libri
1961 3234 1974 3278 ΙΙ
1996 3235 2038 3268 38
2062 3230 2167 3276 ἡμῶν
2190 3245 2249 3266 om.
2263 3243 2283 3268 ς

242 3283 341 3323 1339,
366 3277 387 3322 ἢ
410 3276 543 3313 παῖδας
565 3275 588 3321 ἢ
610 3278 708 3312 οἷκον
732 3278 783 3311 ΒΤ
803 3278 817 3322 ΙΙ
847 3280 888 3312 14
911 3273 997 3312 ὅλον
1020 3278 1105 3312 LB·
1125 3278 1138 3322 fl
1170 3279 1211 3313 15
1234 3274 1313 3311 τολ-
1385 3289 2455 3324 ———-——————-——-—-———--T-·-

237 3324 318 3367 μώη
333 3325 390 3365 M']
410 3322 557 3368 τολμῶν
570 3324 653 3357 LB⁸
675 3320 858 3366 τολμῶσιν
870 3323 921 3356 Bt
937 3322 948 3367 ΙΙ
965 3324 1139 3369 προτέρας
1152 3322 1204 3356 ΒΓ
1217 3322 1230 3366 ΙΙ
1246 3321 1313 3367 ψή-
1347 3296 1350 3392 ι
1427 3322 1449 3354 4
1473 3323 1591 3363 terrae]
1615 3322 1785 3366 sepulture
1805 3322 1855 3356 V²
1871 3321 1884 3367 ΙΙ
1910 3324 1931 3356 6
1953 3322 2176 3355 iudicauimus
2193 3321 2227 3354 R
2244 3319 2257 3363 Η
2282 3320 2321 3352 13
2344 3318 2454 3356 etlam]

239 3381 306 3412 φου
330 3371 401 3410 καὶ]
426 3367 590 3414 phoscus?
616 3369 667 3402 La
691 3368 704 3411 11
729 3370 768 3402 17
795 3366 983 3401 παντελῶς
1005 3368 1057 3401 Bs
1069 3367 1082 3412 ΙΙ
1108 3368 1314 3402 ἐκπιπτέτω
1383 3367 1415 3398 et
1435 3365 1493 3409 ῩΙΙ
1507 3376 1567 3409 per
1591 3380 1650 3400 om.
1673 3368 1706 3401 V
1722 3367 1735 3412 ΙΙ
1755 3369 1798 3401 14
1820 3369 1956 3410 propria
1979 3369 2139 3410 potestate
2160 3364 2242 3408 1⁷¹9
2267 3364 2307 3397 16
2325 3361 2454 3401 dobere]

238 3421 312 3455 post
327 3415 366 3447 18
407 3411 576 3455 ὴεοῖὶοσαι
587 3413 637 3447 Β’
653 3413 666 3457 ΙΙ
693 3414 733 3447 18
758 3413 830 3454 ἔχει
848 3413 898 3446 B⁸
920 3413 933 3456 ΙΙ
958 3410 1030 3456 μὴν
1050 3413 1098 3446 L²
1116 3411 1130 3457 ΙΙ
1157 3414 1197 3446 19
1223 3410 1315 3458 λε’γει
1382 3409 1502 3443 habore
1516 3411 1565 3443 Β*
1584 3410 1597 3456 ΙΙ
1615 3413 1656 3446 18
1671 3415 1888 3455 superegutur
1909 3412 1957 3446 V·
1975 3413 1988 3456 ΙΙ
2004 3413 2047 3447 20
2063 3409 2264 3445 substantiae
2285 3405 2337 3457 T}
2354 3403 2452 3448 vquJ

242 3457 342 3497 LBc]
392 3460 447 3534 ’ἰη
462 3459 507 3492 Μ
530 3457 543 3502 ΙΙ
570 3460 607 3493 21
637 3469 677 3492 τε
696 3457 804 3499 MBr]
830 3454 870 3490 δὲ
893 3457 976 3490 LB¹
1046 3459 1089 3492 22
1114 3457 1269 3503 Μᾶρκος]
1293 3452 1316 3490 ὁ
1382 3455 1600 3489 substantiam
1624 3457 1778 3491 VT¹0m.
1792 3457 1827 3490 R
1851 3457 1864 3500 fl
1892 3458 1925 3489 et
1948 3469 2006 3492 om.
2029 3456 2078 3490 V¹
2100 3455 2114 3500 ΙΙ
2141 3450 2407 3502 ρΙιίΙοιοᾷυῑξπῑιι
2427 3448 2461 3481 V

241 3498 372 3544 μάρκος
426 3527 432 3533 .
469 3503 535 3535 Pro
560 3505 630 3537 divi
646 3502 761 3536 Marci
782 3504 908 3536 decreto
925 3503 980 3545 (Cfi
1032 3504 1074 3547 iq.
1088 3504 1143 3545 48,
1158 3503 1315 3543 ⁷‚7=4,
1381 3499 1657 3542 philophissimus
1679 3502 1715 3535 R
1743 3501 1756 3545 ΙΙ
1783 3503 1822 3536 21
1849 3502 2028 3544 imperator
2054 3500 2119 3543 V!
2148 3499 2190 3532 27
2213 3494 2360 3538 Pffllbm‘
2382 3493 2416 3525 R
2442 3492 2455 3578 μ

243 3552 272 3583 2,
285 3547 327 3584 13)
350 3549 456 3588 potine
481 3547 531 3579 Iex
554 3548 643 3582 Iulia
667 3549 706 3582 de
729 3548 764 3581 vi
785 3548 959 3581 excitanda
984 3555 1069 3581 erat:
1094 3550 1137 3590 ef.
1161 3547 1242 3591 Diq.
1260 3547 1315 3589 48,
2242 3583 2249 3590 ,
2440 3584 2445 3591 ,

244 3596 299 3640 ⁷⁹3
307 3600 353 3630 pr.
369 3597 397 3621 et
409 3598 425 3622 s
444 3590 468 3640 11Κ
480 3591 522 3623 23
541 3593 741 3637 γέγραπται
753 3592 785 3626 L
807 3591 821 3636 ss
847 3593 891 3626 24
905 3589 980 3633 οὐκ]
1002 3589 1053 3635 μὴ
1070 3592 1118 3625 Β·
1176 3593 1218 3626 27
1230 3602 1316 3638 γρα·
1383 3589 1510 3623 hisdem
1530 3583 1608 3625 libri
1628 3590 1641 3635 ΙΙ
1664 3592 1705 3625 31
1728 3591 1765 3624 in
1790 3603 1848 3625 om.
1863 3590 1911 3624 13¹
1934 3590 1947 3635 ΙΙ
1978 3589 2112 3623 uiuente
2130 3584 2192 3625 12¹]
2210 3584 2384 3635 ‘umentem
2403 3581 2454 3614 Β*

243 3645 316 3677 ‹pm›
337 3631 425 3686 ¹³2¹!
448 3634 610 3678 αμάρτοι]
634 3639 789 3679 peccetur
812 3648 833 3673 ς
858 3636 872 3682 ιι
900 3646 954 3670 τις
977 3636 1038 3677 Β·]
1069 3648 1106 3670 τι
1171 3636 1281 3672 Lete
1303 3634 1316 3680 u
1383 3635 1468 3677 vueq.
1493 3636 1665 3669 uenientes
1685 3635 1742 3687 Vll
1758 3636 1802 3670 32
1814 3634 1987 3668 habentem
2010 3632 2060 3666 V·
2079 3624 2454 3674 13³qu=d0m⁰m1³¹fl

244 3678 287 3711 28
307 3674 566 3722 κωλυειΜΒἸΙ
588 3678 706 3723 νόμος]
732 3682 808 3715 cod.
825 3683 858 3724 9,
872 3689 917 3723 ιο,
931 3689 948 3715 6
965 3680 978 3725 fl
996 3682 1039 3715 29
1059 3676 1315 3727 περὶτούτων]
1347 3685 1351 3722 1
1384 3680 1429 3713 34
1452 3680 1514 3724 ley-
1539 3679 1807 3714 emendationis?
1828 3679 1844 3724 Ι
1865 3688 1947 3713 our·
1968 3677 2029 3718 eut]
2052 3683 2167 3708 curate
2189 3672 2239 3705 Β*

1384 3546 1427 3579 29
1446 3545 1510 3578 hoo
1529 3558 1588 3579 om.
1611 3546 1661 3579 V¹
1679 3545 1752 3591 1130
1771 3556 1858 3589 pena
1873 3546 1987 3580 delicti
1998 3545 2049 3583 R;
2075 3544 2135 3588 ley.
2153 3539 2272 3574 delicta
2287 3536 2419 3580 poena?
