2618 4010
86 1546 128 1578 25

88 1828 130 1861 30

89 2145 130 2176 35

89 2370 131 2401 40

1236 151 1312 197 187
1957 153 2064 196 Νον.
2096 151 2239 193 XXIII
2270 164 2328 205 pr.
2367 153 2384 192 1

159 172 217 202 DE
248 169 659 201 APPELLATIONIBUS

158 271 350 317 στρατηγῷ
381 270 443 304 τοῦ
476 270 581 303 θείου
614 271 848 315 πραισέντου,
887 267 959 303 ἀπὸ
995 265 1147 303 ὑπάτων
1178 270 1239 301 καὶ

158 319 348 361 πατρικίῳ.
395 315 492 359 Legi.

200 358 354 407 Ἐγράφη
378 358 420 394 τὸ
443 358 617 394 ἰσότυπον
642 361 774 402 Τζίττᾳ
799 360 851 402 τῷ
879 355 1104 401 ἐνδοξοτάτῳ
1130 369 1237 404 στρα-

156 407 255 452 τηγῷ
279 407 342 439 τοῦ
367 406 471 439 θείου
495 407 729 451 πραισέντου,
756 402 829 438 ἀπὸ
850 401 1002 438 ὑπάτων
1026 406 1085 437 καὶ
1108 415 1236 450 πατρι-

156 455 235 493 κίῳ.
281 450 378 495 Legi.
1273 452 1293 484 5

200 493 355 542 Ἐγράφη
389 495 429 529 τὸ
464 493 637 528 ἰσότυπον
663 494 905 537 Μαξεντιανῷ
931 495 984 537 τῷ
1011 490 1237 536 ἐνδοξοτάτῳ

156 542 347 586 στρατηγῷ
382 542 445 574 τοῦ
478 540 582 573 θείου
618 542 836 584 πραισεῗντου
875 541 935 573 καὶ
970 535 1043 574 ἀπὸ
1077 536 1239 574 ὑπάτων.

156 586 254 628 Legi.

200 629 355 676 Ἐγράφη
389 628 430 663 τὸ
463 629 636 664 ἰσότυπον
673 628 815 673 Φλώρῳ
847 629 900 671 τῷ
927 626 1153 671 ἐνδοξοτάτῳ
1187 628 1242 662 κὸ-

155 689 243 718 μητι
267 677 345 709 τῶν
369 675 488 708 θείων
511 672 704 719 πριβάτων
729 677 787 707 καὶ
812 671 884 708 άπὸ
906 670 1069 707 ὑπάτων.
1117 674 1216 717 Legi.
1259 676 1298 708 10

209 720 255 754 ‘H
273 724 397 754 τοίνυν
427 718 473 762 σὴ
495 717 651 763 ὑπεροχὴ
680 717 723 754 τὸ
757 716 998 763 παραστάντα
1026 717 1110 762 ἡμῖν
1135 716 1241 763 γινώ-

157 777 290 799 σκουσα
318 767 357 798 ἐν
389 766 442 808 τῷ
477 763 697 810 δικαστηρίῳ
726 765 780 806 τῷ
811 764 863 806 σῷ
896 761 1034 816 φανερὰ
1058 776 1242 806 νκαταστη-

156 809 257 844 σάτω
293 813 366 844 τοῖς
401 823 442 843 τε
478 809 685 855 συνηγόροις
720 812 791 842 τοῖς
819 821 858 841 τε
891 798 1007 841 ἄλλοις
1043 806 1096 841 ὡν
1133 806 1241 854 ἄρχει,

157 853 246 890 ὥςτε
275 854 367 888 κατὰ
397 855 513 888 ταῦτα
540 855 742 897 τέμνεσθαι
771 852 833 887 τὰς
857 851 1061 886 ὑποθέσεις.
1109 849 1148 885 οὐ
1173 852 1243 896 μὴν

157 900 354 947 προθήσεις
380 898 533 942 δημοσίᾳ
566 898 674 941 τήνδε
703 896 806 942 ἡμῶν
839 897 906 939 τὴν
931 898 1042 931 θείαν
1065 896 1242 938 διάταξιν,
1260 901 1299 932 15

155 943 367 992 ἀρκούντων
387 946 464 978 τῶν
487 947 568 989 περὶ
594 941 723 977 τούτου
741 940 830 988 παρ>
854 941 958 985 ἡμῶν
976 945 1236 988 γεγραμμένων

155 990 242 1036 πρὸς
279 990 359 1024 τοὺς
395 988 647 1029 ἐνδοξοτάτους
682 989 852 1030 ἐπάρχους
885 988 962 1020 τῶν
994 987 1101 1033 ἱερῶν
1132 986 1236 1031 ἡμῶν

154 1039 401 1081 πραιτωρίων.

214 1080 333 1123 Νόμος
366 1081 513 1126 γραφεῖς
546 1076 694 1124 Ἰωάννῃ
732 1078 785 1120 τῷ
823 1076 1047 1119 ἐνδοξοτάτῳ
1090 1075 1234 1124 ἐπάρχῳ

155 1128 232 1159 τῶν
257 1126 365 1171 ἱερῶν
392 1127 454 1167 τῆς
478 1121 552 1157 ‘'Ew
577 1127 813 1169 πραιτωρίων
838 1121 879 1156 τὸ
905 1121 957 1166 β’,
987 1119 1058 1156 ἀπὸ
1083 1120 1236 1158 ὑπάτων
1250 1126 1292 1158 20

155 1174 215 1204 καὶ
246 1174 438 1214 πατρικίῳ.
509 1169 590 1203 Dat.
617 1178 679 1203 xv.
713 1169 749 1203 k.
770 1167 883 1212 April.
920 1168 987 1202 GP.
1021 1169 1105 1212 post
1137 1178 1234 1202 cons.

156 1216 319 1250 Belisarii
342 1227 374 1250 v.
401 1226 429 1250 c.
1093 1216 1138 1254 [a.
1158 1215 1237 1253 536]

1208 1394 1342 1429 XXIII.
2108 1395 2195 1430 Coll.
2222 1395 2271 1431 IV
2296 1396 2350 1430 tit.
2374 1398 2392 1430 2

203 1467 252 1514 R.
288 1466 380 1514 DE
418 1464 1054 1514 APPELLATIONIBUS
1077 1465 1456 1582 5135]ss{3331
1469 1464 1654 1525 QUAE
1693 1464 2015 1514 TEMPORA
2053 1464 2332 1513 DEBEAT

360 1622 449 1667 Imp.
475 1622 696 1657 Iustinianus
722 1621 812 1663 Aug.
841 1620 1061 1656 Triboniano
1088 1622 1218 1656 illustri
1241 1623 1410 1667 magistro
1437 1621 1636 1656 officiorum
1662 1621 1698 1655 et
1726 1621 1906 1665 quaestori
1932 1621 2024 1656 sacri
2048 1620 2182 1666 palatii.

290 1689 580 1735 (Praefatio.)
628 1689 856 1724 Anteriorum
881 1689 997 1733 legum
1022 1689 1210 1724 acerbitati
1235 1690 1390 1734 plurima
1416 1689 1573 1724 remedia
1589 1688 1812 1733 imponentes
1834 1691 1869 1723 et
1890 1688 2041 1723 maxime
2059 1688 2128 1724 hoc
2151 1689 2246 1723 circa
2271 1690 2393 1734 appel-

156 1734 307 1769 lationes
333 1734 505 1770 facientes
530 1737 567 1770 et
589 1734 626 1768 in
650 1734 831 1779 praesenti
856 1734 902 1768 ad
927 1734 1130 1769 huiusmodi
1155 1735 1366 1770 beneficium
1385 1734 1572 1778 pervenire
1594 1733 1758 1768 duximus
1777 1744 1854 1769 esse
1876 1733 2129 1769 necessarium.
2178 1733 2395 1778 Antiquitati

156 1780 283 1814 etenim
311 1783 453 1814 cautum
479 1783 557 1814 erat
580 1784 629 1822 ut,
657 1780 687 1814 si
712 1779 790 1823 quis
815 1789 878 1823 per
902 1790 939 1814 se
964 1780 1062 1814 litem
1086 1780 1285 1814 exercuerit
1313 1783 1349 1814 et
1374 1780 1485 1814 fuerit
1511 1779 1779 1822 condemnatus,
1811 1779 1906 1814 intra
1932 1779 2022 1814 duos
2048 1779 2123 1814 dies
2149 1779 2393 1815 tantummodo

156 1825 338 1859 licentiam
365 1825 614 1870 appellationis
640 1825 806 1868 haberet3
844 1824 900 1859 sin
924 1829 1043 1859 autem
1067 1835 1130 1869 per
1155 1829 1424 1869 procuratorem
1454 1834 1565 1859 causa
1589 1824 1759 1859 ventilata
1783 1825 1846 1867 sit,
1881 1828 1918 1859 et
1940 1825 1977 1859 in
2002 1824 2162 1859 triduum
2193 1825 2394 1868 proximum

155 1880 232 1904 eam
266 1870 420 1905 extendi.
481 1871 538 1905 Ex
571 1881 689 1904 rerum
722 1873 840 1905 autem
874 1870 1094 1914 experientia
1125 1870 1323 1906 invenimus
1355 1871 1424 1905 hoc
1457 1870 1545 1905 satis
1578 1879 1656 1905 esse
1689 1869 1915 1904 damnosum:
1954 1870 2075 1914 plures
2108 1869 2201 1905 enim
2233 1870 2394 1905 homines

155 1915 297 1958 ignaros
323 1916 439 1958 legum
466 1915 674 1950 subtilitatis
708 1918 743 1950 et
774 1919 942 1959 putantes
977 1915 1013 1949 in
1041 1915 1199 1950 triduum
1232 1926 1311 1951 esse
1334 1915 1606 1960 provocationes
1639 1915 1870 1959 porrigendas
1903 1915 1940 1949 in
1964 1917 2169 1959 promptum
2193 1915 2394 1959 periculum

155 1960 322 2040 incildisse
355 1964 391 1995 et
422 1960 529 1995 biduo
560 1964 742 1995 transacto
778 1971 905 1995 causas
939 1961 1150 2004 perdidisse.
1213 1961 1316 1996 Unde
1348 1961 1590 1996 necessarium
1625 1960 1789 1996 duximus
1820 1960 2022 1995 huiusmodi
2058 1961 2109 1996 rei
2149 1963 2395 2005 competenter

156 2015 211 2040 me
239 2015 300 2040 eri.

1170 2073 1326 2109 CAPUT
1351 2074 1378 2109 I.

293 2141 343 2175 Et
367 2140 546 2175 sancimus
573 2150 694 2175 omnes
717 2139 986 2183 appellationes,
1014 2140 1086 2175 sive
1111 2151 1174 2185 per
1200 2151 1237 2176 se
1263 2141 1333 2175 sive
1357 2151 1423 2184 per
1444 2144 1697 2185 procuratores
1723 2152 1787 2177 seu
1811 2151 1875 2185 per
1899 2141 2107 2176 defensores
2131 2140 2185 2175 vel
2211 2144 2394 2176 curatores

157 2189 192 2220 et
215 2187 353 2221 tutores
378 2186 604 2227 ventilentur,
640 2195 747 2229 posse
776 2184 873 2219 intra
907 2185 1029 2220 decem
1064 2185 1202 2220 dierum
1237 2186 1391 2230 spatium
1416 2195 1437 2219 a
1462 2186 1674 2221 recitatione
1709 2186 1906 2221 sententiae
1936 2185 2194 2220 numerandum
2218 2185 2394 2221 iudicibus

157 2232 202 2266 ab
233 2230 289 2265 his
321 2241 471 2274 quorum
502 2231 651 2265 interest
685 2229 824 2270 offerri,
859 2230 931 2264 sive
956 2231 1073 2273 magni
1107 2231 1179 2265 sive
1203 2231 1357 2265 minores
1388 2234 1472 2265 sunt
1505 2234 1668 2275 (excepta
1693 2231 1857 2267 videlicet
1888 2230 2142 2265 sublimissima
2164 2231 2395 2274 praetoriana

158 2276 416 2320 praefectura):
443 2280 483 2310 ut
500 2276 608 2310 liceat
631 2275 765 2310 homini
789 2274 884 2308 intra
907 2274 944 2308 id
969 2275 1124 2318 spatium
1149 2275 1352 2319 plenissime
1378 2275 1587 2317 deliberare,
1614 2276 1687 2310 sive
1712 2276 1965 2320 appellandum
1991 2275 2023 2309 ei
2047 2275 2094 2310 sit
2118 2275 2190 2310 sive
2209 2275 2393 2319 quiescen-

158 2321 250 2364 dum,
275 2331 320 2355 ne
343 2320 469 2354 timore
494 2320 649 2354 instante
681 2330 771 2363 opus
797 2319 1071 2362 appellatorium
1096 2320 1353 2363 frequentetur,
1387 2320 1449 2354 sed
1474 2320 1520 2354 sit
1546 2321 1710 2356 omnibus
1744 2320 1976 2365 inspectionis
2007 2320 2129 2364 copia,
2164 2330 2255 2363 quae
2281 2323 2317 2355 et
2340 2321 2393 2355 in-

157 2366 337 2401 discussos
363 2365 543 2399 hominum
570 2365 706 2399 calores
730 2366 846 2408 potest
871 2363 1065 2399 refrenare.

201 2457 284 2490 Nov.
311 2456 454 2489 XXIII
473 2455 530 2497 (=
556 2456 636 2489 C'oll.
659 2455 778 2488 IVtit.
798 2456 834 2487 2:
860 2455 972 2497 yloss.)
997 2455 1116 2488 Latine
1143 2462 1263 2488 tantum
1289 2462 1385 2488 extat.
1433 2456 1488 2488 Ex
1511 2456 1702 2490 Authentico
1728 2457 1824 2489 habet
1852 2455 2012 2489 Gratiani
2035 2456 2191 2489 decretum
2216 2457 2315 2499 (pars
2335 2457 2393 2497 II)

161 2503 193 2535 C.
208 2502 252 2536 II
270 2515 320 2545 qu.
337 2504 357 2535 6
379 2514 404 2534 e.
420 2502 462 2535 28
483 2501 597 2543 (Corp.
612 2502 673 2534 iur.
687 2512 800 2533 canon.
815 2500 882 2543 Ip.
892 2501 957 2533 473
972 2501 1021 2533 ed.
1036 2501 1248 2544 Friedbery).
1270 2520 1313 2524 —
1334 2500 1424 2543 Epir.
1443 2501 1564 2535 leeod.
1583 2503 1638 2543 23,
1657 2501 1734 2535 Ath.
1753 2503 1784 2542 7,
1803 2506 1820 2532 2
1842 2501 1930 2543 (inde
1948 2501 2032 2541 LM,
2053 2501 2086 2533 Β
2099 2501 2131 2542 9,
2147 2505 2176 2542 2,
2192 2504 2234 2542 2).
2270 2501 2393 2535 Iulian.

156 2547 491 2636 LOZZb.J{{ZK;Ham
518 2592 591 2623 hab.
616 2588 743 2623 Ῥοπαί
764 2591 794 2630 8,
821 2595 849 2621 7.

155 2702 262 2727 mano
288 2691 550 2738 qloriosissimo
576 2689 661 2724 duci
684 2690 783 2725 sacri
799 2690 1025 2737 praesentis,
1058 2689 1248 2725 exconsuli
1272 2692 1307 2725 et
1321 2690 1497 2742 patricio.
1545 2689 1643 2734 Legi.

155 2737 417 2783 qloriosissimo
450 2735 534 2771 duci
563 2735 661 2770 sacri
678 2736 907 2781 praesentis,
939 2735 1131 2771 exconsuli
1163 2738 1198 2770 et
1221 2735 1394 2781 patricio.
1445 2735 1544 2779 Legi.

155 2781 419 2827 qloriosissimo
444 2781 528 2816 duci
550 2781 651 2816 sacri
670 2781 876 2832 praesentis
899 2785 935 2816 el
957 2779 1156 2816 exconsuli.
1205 2780 1303 2823 Legi.

158 2826 235 2862 miti
258 2838 449 2862 sacrarum
473 2836 593 2861 rerum
644 2830 844 2860 rwatarum
869 2830 904 2861 et
927 2826 1126 2861 exconsuli.
1177 2825 1275 2869 Legi.

295 2872 371 2907 Tua
394 2872 509 2918 iqitur
531 2870 595 2906 sub
612 2871 732 2905 imitas
753 2882 847 2916 quae
871 2870 975 2906 nobis
993 2871 1216 2917 placuerunt
1240 2881 1460 2915 coqnoscens
1484 2871 1522 2905 in
1543 2870 1678 2905 iudicio
1701 2874 1762 2906 tuo
1783 2870 1981 2916 manifesta
2003 2871 2125 2916 faciat
2148 2875 2185 2907 et
2207 2871 2394 2907 advocatis

156 2920 192 2951 et
222 2917 350 2952 ceteris
381 2916 512 2963 quibus
533 2920 703 2962 praeest,
745 2920 785 2950 ut
816 2915 1011 2951 secundum
1048 2915 1137 2950 llaec
1173 2926 1304 2950 causae
1337 2915 1561 2950 decidantur.
1629 2914 1755 2961 Neque
1789 2926 1873 2951 vero
1911 2916 2055 2961 publice
2081 2927 2273 2963 propones
2302 2916 2395 2952 hanc

156 2968 317 2997 nostram
341 2972 483 2997 sacram
508 2960 817 3003 constitutionem,
849 2971 928 2996 cum
951 2960 1143 3006 sufficiant
1173 2971 1266 3005 quae
1290 2960 1335 2996 de
1359 2959 1426 2995 Ιιοσ
1451 2972 1473 2995 a
1497 2959 1602 2995 nobis
1632 2961 1772 3006 scripta
1795 2964 1881 2996 sunt
1909 2961 1958 2995 acl
1979 2961 2265 3008 qloriosissimos
2287 2973 2394 3008 prae—

155 3006 275 3051 fectos
298 3017 404 3042 sacro
429 3010 556 3041 nostro
608 3005 782 3040 raecorio.

293 3051 374 3086 Lex
397 3051 535 3097 scripta
584 3050 719 3085 chunni
742 3050 1005 3096 qloriosissimo
1023 3050 1220 3096 praefecto
1245 3062 1351 3086 sacro
1380 3049 1538 3085 Orientis
1559 3050 1749 3096 praetorio
1774 3050 1924 3092 iterum,
1950 3051 2144 3087 exconsuli
2166 3055 2202 3086 et
2224 3051 2392 3097 patricio.

1738 2688 1923 2735 Scriptum
1957 2694 2012 2725 est
2040 2691 2230 2737 exemplar
2256 2690 2395 2726 Tzittae

1640 2734 1822 2781 Scriptum
1850 2738 1904 2771 est
1933 2735 2123 2782 exemplar
2154 2735 2395 2772 Maxentiano

1398 2779 1583 2827 Scriptum
1612 2783 1664 2816 est
1688 2779 1878 2826 exemplar
1902 2780 2015 2816 Floro
2048 2781 2311 2827 qloriosissimo
2335 2790 2392 2816 co-

210 3154 222 3184 1
248 3149 472 3196 πραισάντου
485 3153 515 3184 L
535 3151 547 3196 ΙΙ
564 3154 583 3184 3
602 3153 708 3197 τζίγα
720 3152 771 3191 L;
793 3153 834 3194 cf.
856 3152 1033 3194 Cod.1‚29‚
1046 3159 1061 3183 5
1078 3154 1133 3186 ubi
1145 3154 1240 3186 scrib.

159 3197 284 3234 Zittae;
301 3197 452 3230 Mulalas
463 3198 502 3230 X
511 3197 637 3239 VIIIp.
647 3199 711 3231 465
722 3197 825 3228 Dind.
834 3196 938 3239 (opud
946 3197 1139 3240 Procopium
1151 3198 1241 3230 Pers.

159 3243 183 3275 I
198 3244 245 3275 12.
260 3243 309 3275 15.
325 3243 377 3275 21.
390 3242 463 3274 II3
479 3243 622 3282 Σίττας,
638 3243 737 3284 aedis.
748 3244 767 3274 6
788 3241 914 3280 Τζίτας
929 3243 1083 3283 traditur)
1102 3242 1115 3286 ΙΙ
1131 3244 1152 3276 4
1170 3239 1241 3276 ἀπὸ

160 3283 300 3321 ὑπάτου
314 3287 345 3319 L
362 3286 374 3330 ΙΙ
394 3290 413 3320 5
439 3284 698 3332 Βοὲἰ.Ἐγράφη
712 3305 754 3309 —
771 3288 787 3318 7
807 3283 879 3320 ἀπὸ
892 3281 1054 3320 ὑπάτων.
1079 3288 1164 3329 Legi
1185 3301 1241 3321 om.

159 3333 191 3365 L
208 3331 221 3376 ss
244 3335 280 3366 15
299 3330 366 3373 τὴν
386 3331 495 3364 θείαν
511 3329 614 3374 ἦμῶν
628 3333 660 3364 L
677 3332 689 3374 Η
712 3333 748 3364 17
770 3327 972 3376 *ὑπάρχους
987 3331 1054 3376 Mn
1074 3331 1244 3379 ἐπάρχους

158 3397 202 3401 -
226 3379 265 3411 19
291 3373 518 3418 ἐνδοξοτάτῳ
543 3389 601 3409 om.
617 3377 648 3408 L
668 3376 679 3419 ΙΙ
697 3378 738 3409 20
764 3375 856 3409 ἑώας
877 3377 907 3409 L
924 3375 935 3420 ss
957 3378 997 3411 21
1022 3387 1074 3411 XV
1087 3378 1119 3410 k.
1134 3380 1163 3410 A
1188 3378 1242 3410 ril.

160 3423 225 3455 GP.
251 3423 310 3463 M]
342 3420 412 3467 πρὸ
438 3420 476 3454 ιε’
504 3418 654 3454 καλανδ.
685 3417 805 3466 ἀπριλ.
833 3422 908 3454 Ach.
943 3424 1030 3464 μηνὶ
1063 3418 1152 3468 ἄπρι
1177 3420 1243 3465 May

163 3468 295 3507 Theoti„
321 3467 457 3500 om.Iul.
477 3466 489 3511 ΙΙ
505 3465 764 3507 ροτρεῖ,,ΒίῙεαι-.
793 3477 842 3498 uc.
869 3476 956 3499 cons.
983 3468 1034 3508 M,
1058 3478 1089 3510 p.
1113 3478 1139 3500 c.
1165 3468 1243 3501 bili-

158 3513 239 3545 sarii
262 3513 326 3546 Iul.
359 3510 450 3555 μετὰ
472 3509 540 3554 τὴν
566 3506 742 3545 ὑπατείαν
770 3509 982 3558 Βελισαριόυ
1010 3513 1141 3554 Theod.‚
1167 3514 1243 3546 Aah.

204 3604 247 3636 24
260 3615 307 3645 sq.
333 3602 386 3646 ῆι]
414 3603 453 3647 Β]
474 3602 545 3635 ΚΒ
565 3603 643 3645 (pro
664 3596 760 3641 KF')
788 3601 822 3634 V
837 3601 850 3645 ΙΙ
869 3602 965 3634 inser.
987 3597 1069 3634 KP'
1090 3605 1172 3647 περὶ
1194 3603 1244 3635 ἐκ·

160 3644 319 3688 κλήτων·
344 3649 643 3681 ΑΝΤΘΕΙΘΩΌΠΙ
665 3648 823 3680 Ι-ΕὸυΠε
854 3642 876 3688 ἡ
896 3641 958 3688 ἕλη
978 3644 1105 3692 νεαρά;
1130 3643 1166 3680 ‘0
1185 3645 1244 3681 αὗ-

162 3688 222 3724 τὶς
241 3689 406 3734 βασιλεὺς
425 3691 669 3738 τριβουνιανῶ
689 3694 899 3736 κοιαίστωρι
917 3692 947 3724 L
965 3692 1045 3732 (sim.
1061 3692 1135 3726 Atta.
1152 3694 1245 3734 cod).

164 3735 273 3783 νεαρὰ
298 3734 394 3770 ΚΓ’.
430 3740 511 3783 περὶ
544 3738 622 3770 τῶν
646 3734 828 3781 έγκλήτων
860 3734 949 3781 πρὸς
979 3739 1062 3769 τίνα
1087 3734 1245 3781 ἀναπέμ-

1311 3163 1443 3186 πονται
1468 3150 1498 3183 εἰ
1523 3152 1625 3194 μέχρι
1650 3148 1736 3183 δέκα
1759 3155 1903 3196 χρυσίου
1929 3150 2063 3197 λιτρῶν
2096 3154 2196 3186 ἐστὶν
2228 3149 2248 3195 ἡ
2276 3151 2394 3192 ἐκκλη-

1314 3197 1422 3230 θεῖσα
1443 3193 1619 3229 ὑπόθεσις
1635 3197 1690 3237 M,
1714 3199 1797 3240 περὶ
1823 3195 2005 3241 ἐγκλήτων
2020 3199 2142 3231 Theod.
2165 3196 2286 3243 (νεαροὶ
2313 3199 2395 3244 περὶ

1312 3238 1492 3283 ἐκκλήτων
1517 3238 1697 3282 [ἐκκλήτου
1723 3243 1779 3282 al.]
1806 3244 1855 3275 cit.
1878 3239 2002 3276 Ῥοπαί
2024 3245 2055 3285 8,
2076 3245 2108 3284 ῖ)
2126 3242 2138 3286 ΙΙ
2156 3245 2197 3277 26
2223 3243 2394 3277 triboniafi

1315 3288 1346 3320 T
1362 3287 1555 3319 tribuniano
1578 3286 1656 3318 Val.
1683 3286 1918 3329 trffiuniantio,
1933 3300 2016 3321 corr.
2032 3287 2230 3320 tribuniano
2243 3288 2276 3320 R
2289 3289 2393 3329 (Trib.

1313 3352 1355 3355 —
1378 3332 1495 3374 palatii
1521 3343 1580 3365 om.
1598 3331 1766 3371 Gratiam.)
1785 3331 1797 3376 n
1814 3332 1956 3365 illustris
1977 3333 2030 3375 Vl!
2050 3335 2082 3365 et
2107 3346 2164 3366 om.
2185 3333 2218 3365 R
2235 3332 2248 3376 ΙΙ
2265 3332 2394 3376 palatii}

1313 3378 1433 3410 iterum
1450 3378 1482 3409 et
1502 3376 1670 3408 exconsuli
1692 3378 1768 3410 add.
1784 3378 1868 3420 vulq.
1887 3377 1899 3421 ΙΙ
1919 3380 1958 3411 27
1982 3378 2045 3410 hoc
2062 3378 2140 3419 ΒΤ]
2161 3378 2241 3411 haee
2264 3379 2395 3413 VGra-

1316 3425 1405 3463 tion„
1430 3422 1514 3464 vulq.
1532 3420 1544 3465 ss
1569 3421 1803 3463 appellationis
1833 3423 1882 3456 V¹
1898 3422 1910 3467 ΙΙ
1936 3424 1977 3455 28
2003 3426 2035 3454 et
2059 3436 2119 3456 om.
2143 3424 2237 3465 Val„
2262 3425 2348 3468 vulq.
2383 3424 2395 3469 Η

1317 3469 1359 3502 28
1369 3480 1416 3510 sq.
1432 3469 1472 3510 cf.
1484 3467 1564 3509 Diq.
1575 3468 1629 3508 49,
1645 3471 1670 3507 l,
1684 3472 1700 3498 5
1715 3471 1730 3506 §
1743 3473 1770 3500 4.
1784 3473 1813 3509 4,
1824 3472 1852 3499 2.
1866 3468 1944 3502 Cod.
1956 3469 1986 3509 7,
1998 3472 2049 3509 62,
2062 3472 2077 3499 6
2090 3473 2105 3507 ς’
2119 3473 2134 3499 5
2155 3468 2166 3511 11
2184 3469 2223 3502 31
2240 3470 2396 3503 extendat

1314 3514 1365 3546 vel
1388 3511 1536 3544 extendit
1565 3511 1722 3545 Gratiani
1742 3514 1834 3546 codd.
1856 3514 2003 3557 plerique
2030 3512 2042 3557 ΙΙ
2065 3513 2274 3546 inueniemus
2302 3515 2349 3547 12¹
2383 3515 2395 3558 11

1316 3559 1356 3590 32
1381 3557 1597 3598 impromtum
1618 3556 1670 3599 Vll
1689 3557 1839 3600 piculum
1868 3559 1912 3590 [ιη
1930 3558 1941 3602 ΙΙ
1962 3560 2002 3592 33
2024 3558 2168 3600 perdisse
2193 3559 2225 3592 R
2244 3558 2256 3603 ΙΙ
2273 3561 2315 3593 35
2340 3559 2395 3593 uel

1314 3614 1373 3645 per
1398 3604 1565 3633 curatores
1591 3601 1623 3633 R
1641 3600 1653 3645 ΙΙ
1670 3603 1711 3636 36
1735 3603 1962 3635 recitationem
1987 3602 2064 3646 12¹1}
2085 3605 2125 3637 37
2151 3604 2219 3636 sive
2239 3604 2394 3644 minores]

1314 3648 1381 3680 sive
1406 3659 1463 3679 om.
1487 3647 1520 3680 V
1537 3645 1549 3689 ΙΙ
1579 3649 1658 3679 sunt
1680 3647 1806 3688 RVT]
1831 3648 1899 3680 sint
1928 3648 2093 3691 Gratiam,
2117 3650 2203 3693 vulq.
2224 3648 2236 3693 ΙΙ
2264 3652 2306 3684 39
2332 3651 2395 3682 sre-

1316 3693 1455 3734 quenter
1481 3691 1528 3724 R¹
1546 3690 1558 3734 ΙΙ
1584 3691 1862 3734 inconspectionis
1886 3693 1935 3726 R¹
1954 3692 1966 3737 ΙΙ
1983 3703 2067 3734 quae
2085 3695 2118 3726 et
2130 3693 2330 3728 indiscussos
2351 3695 2395 3735 V]

1317 3748 1400 3780 quac
1425 3738 1457 3769 et
1481 3736 1640 3769 discussos
1665 3737 1714 3770 R²
1746 3748 1829 3780 quae
1855 3738 2054 3771 indiscussos
2077 3739 2161 3772 R2T
2185 3738 2338 3773 Gratian.

2035 3783 2105 3817 24*
