2618 4010
180 145 239 175 DE
270 142 510 182 QUATTUOR
542 144 751 175 ARMENIIS
1262 130 1346 177 235
1986 133 2093 176 Nov.
2125 133 2271 176 XXXI
2295 146 2354 189 pr.
2390 137 2408 176 1

177 243 474 290 παραγγέλμασιν
498 241 611 287 ἡμῶν,
636 239 729 290 ἅπερ
750 242 917 289 δώσομεν
943 240 1042 290 αὐτῷ
1063 244 1153 290 μετὰ
1178 246 1257 279 τῶν
1325 245 1390 280 bat
1414 247 1532 281 autem
1558 243 1664 280 etiam
1689 244 1866 280 mandatis
1891 245 2037 287 nostris,
2071 254 2164 290 quae
2187 244 2351 281 dabimus
2378 245 2413 281 ei

179 288 374 333 συμβόλων
392 290 454 332 τῆς
472 288 588 334 ἀρχῆς,
613 289 714 323 καθὰ
734 291 947 336 ὲζαπροσθεν
967 290 1172 337 εἰρήκαμεν·
1201 293 1261 324 καὶ
1332 300 1412 325 cum
1447 289 1620 326 codicillis
1656 288 1988 333 administrationis,
2025 290 2118 326 sicut
2153 290 2286 326 dudum
2322 290 2412 326 dixi-

181 335 280 381 εἵπερ
312 332 394 368 κατ’
430 336 547 367 ἐκεῖνα
580 333 747 380 πράξειεν
780 333 945 378 ἅπαντα,
979 333 1192 379 θαυμαστός
1220 349 1260 369 τε
1329 346 1419 377 mus,
1457 340 1492 371 et
1525 335 1557 371 si
1588 334 1729 380 quidem
1767 335 1963 370 secundum
1994 336 2056 371 illa
2092 336 2204 380 egerit
2235 336 2412 380 universa,

175 382 280 413 ἔσται
311 383 370 413 καὶ
395 377 455 413 διὰ
477 377 630 413 πάντων
659 380 755 420 ἄξιος
779 383 839 423 τῆς
863 378 1034 428 ἡμετέρας
1057 382 1258 427 φανήσεται
1328 381 1500 416 mirabilis
1526 380 1593 416 erit
1626 384 1661 415 et
1684 389 1747 424 per
1773 380 1891 414 omnia
1925 380 2051 425 dignus
2076 381 2265 426 apparebit
2288 383 2412 417 nostro

175 422 280 472 ἀρχῆς
302 437 342 458 τε
365 427 424 458 καὶ
449 428 607 470 κρίσεως.
1295 426 1471 461 5iudicio.

220 468 507 516 (Ἐπίλυγος.)
560 471 679 503 Ταῦτα
699 475 823 505 τοίνυν
843 468 990 506 ἅπαντα
1011 471 1056 505 τὰ
1076 470 1135 505 διὰ
1153 470 1259 505 τοῦδε
1380 469 1653 517 (Epilogus.)
1698 469 1798 504 Haec
1823 470 1928 514 igitur
1953 471 2082 512 omnia,
2116 481 2207 515 quae
2231 482 2295 516 per
2317 471 2412 507 hanc

174 517 237 548 τοῦ
263 515 368 548 θείου
385 512 496 558 νόμου
518 513 718 560 δηλούμενα
743 514 764 559 ἡ
788 516 833 559 σὴ
856 514 1010 564 ὑπεροχὴ
1029 516 1258 563 γινώσκουσα
1328 526 1467 551 sacram
1491 520 1648 551 nostram
1673 515 1858 550 declarata
1882 519 1966 550 sunt
1990 517 2112 560 legem,
2146 520 2210 551 tua
2237 517 2410 553 celsitudo

174 558 237 593 τάς
256 572 296 594 τε
315 560 499 605 εἰρημένας
516 558 670 603 σιτήσεις
693 563 746 605 τῷ
769 563 829 604 τῆς
849 559 954 607 ἀρχῆς
973 563 1106 605 ταύτης
1123 560 1257 596 διδότω
1328 572 1545 605 cognoscens
1567 565 1603 596 et
1620 563 1835 596 memoratas
1852 570 2013 596 annonas
2031 561 2161 606 cinguli
2178 562 2286 597 huius
2306 572 2409 607 prae-

174 602 303 649 θρόνῳ
340 602 437 639 οὕτω
466 618 506 639 τε
538 602 649 649 αὐτὴν
681 607 771 641 ἴστω
804 607 938 650 σεμνὴν
964 610 1173 653 γενομένην,
1211 605 1258 641 ως
1328 608 1411 642 beat
1444 607 1521 642 sedi
1553 610 1588 641 et
1620 607 1672 641 sic
1704 617 1780 642 eam
1813 606 1952 641 noverit
1975 607 2161 644 honestam
2186 607 2336 649 factam,
2370 610 2411 643 ut

174 648 316 684 πολλοῖς
350 649 439 684 εἰκὸς
473 651 628 684 ἔσεσθαι
665 650 982 698 περισπούδαστον
1017 654 1062 695 τῆ
1092 653 1155 686 τοῦ
1191 654 1314 687 vinulo
1327 653 1453 688 merito
1486 652 1648 697 plurimis
1681 651 1728 687 sit
1759 651 1916 686 studium
1952 662 2048 686 nunc
2084 652 2117 686 ei
2148 651 2221 686 dati
2254 663 2275 687 a.
2307 652 2409 687 nobis

174 692 269 774 gurg
296 693 471 729 δοθέντος
503 694 592 742 παρ’
621 694 724 740 ἡμῶν
748 696 885 731 ἄνθους
908 710 948 730 τε
972 689 1258 741 καὶ’ἀξιώματος
1326 697 1426 733 floris
1451 701 1487 733 et
1512 697 1692 741 dignitatis
1719 697 2024 741 concupiscentia.

194 752 236 774 πι
269 754 289 773 v
318 744 366 773 ία.

217 754 317 830 ωας.
337 775 399 821 izv.
425 786 461 820 k.
487 786 599 831 April.
627 786 696 822 GP.
717 798 753 832 p.
773 797 804 822 c.
826 786 990 822 Belisarii
1013 797 1044 822 v.
1065 785 1114 831 c.)
1222 789 1266 829 [a.
1282 789 1359 828 536]
1412 787 1496 822 Dat.
1518 798 1581 822 xv.
1606 786 1678 822 kal.
1703 787 1818 832 April.
1844 787 1913 823 GP.
1939 798 1974 832 p.
1993 798 2021 822 c.
2047 785 2213 822 Belisarii
2235 797 2268 822 v.
2288 796 2318 822 c.

683 959 739 1001 Π
1802 967 1934 1002 ΧΧΧΙ.

351 1034 531 1086 ΠΕΡΙ
562 1033 1070 1087 ΔΙΑΤῩΠῼΣΕῼΣ
1270 1048 1310 1080 15
1524 1037 1575 1085 R
1603 1038 1695 1086 DE
1721 1036 2205 1088 DISPOSITIONE

213 1100 362 1154 ΤΩΝ
392 1100 772 1154 ΤΕΣΣΑΡῼΝ
803 1101 1212 1155 ΑΡΧΟΝΤΩΝ
1377 1104 1755 1164 QUATTUOR
1790 1105 2360 1158 ADMINISTRATIO-

511 1168 914 1221 APMENIAE.
1551 1172 1700 1221 NUM
1735 1172 2105 1223 ARMENIAE.
2138 1175 2192 1224 R

191 1244 227 1281 Ὁ
253 1246 359 1282 αὐτὸς
382 1246 548 1292 βασιλεὺς
568 1244 716 1294 Ἰωάννῃ
748 1248 802 1291 τῷ
829 1246 1055 1290 ἐνδοξοτάτῳ
1085 1245 1230 1293 ἐπάρχῳ
1506 1248 1595 1293 Imp.
1621 1249 1843 1285 Iustinianus
1867 1250 1960 1294 Aug.
1986 1251 2138 1286 Iohanni
2162 1263 2223 1298 pp.

191 1294 268 1326 τῶν
300 1292 408 1339 ἱερῶν
438 1294 498 1336 τῆς
521 1290 594 1326 ‘'E'w
620 1297 860 1339 πραιτωρίων
892 1294 934 1327 τὸ
959 1291 1012 1336 β’,
1046 1291 1118 1327 ἀπὸ
1143 1291 1232 1327 ὑπά-

521 1351 598 1372 των
622 1341 682 1371 καὶ
707 1342 900 1385 πατρικίῳ.
1268 1342 1309 1373 20

189 1405 518 1461 ,<Προορ’μιον.>,
563 1404 611 1439 Τὰ
631 1403 751 1459 μάτην
767 1410 912 1460 κείμενοι
937 1409 996 1439 καὶ
1017 1408 1254 1450 ἐκκεχυμένως
1378 1406 1662 1452 (Praefatio.)
1716 1408 1773 1442 Ea
1805 1418 1896 1451 quae
1932 1408 2070 1444 frustra
2102 1410 2219 1454 posita
2255 1414 2339 1446 sunt
2373 1414 2410 1446 et·

167 1463 197 1484 ει
219 1463 308 1494 προς
328 1464 394 1494 την
412 1462 658 1498 προςηκουσαν
676 1455 842 1496 αφίκοιτο
863 1451 967 1491 ταξιν
986 1455 1045 1485 καὶ
1064 1450 1253 1494 διατεθείη
1324 1451 1434 1486 effuse
1472 1452 1502 1486 Si
1527 1452 1573 1487 ad
1598 1455 1858 1497 competentem
1879 1454 2025 1489 veniant
2049 1455 2207 1490 ordinem
2232 1459 2268 1491 et
2288 1456 2408 1501 dispo-

167 1494 294 1537 καλῶς,
319 1496 423 1541 ἕτερά
445 1509 483 1530 τε
507 1495 586 1541 <ιῖν>
610 1494 704 1530 ἀνθ’
729 1497 864 1530 ἑτέοων
888 1497 932 1530 τὰ
953 1495 1150 1543 πράγματα
1173 1501 1253 1542 ‹pat-
1324 1500 1457 1532 nantur
1478 1497 1578 1540 bene,
1601 1498 1692 1533 aliae
1713 1509 1778 1542 pro
1801 1498 1879 1534 aliis
1902 1509 2033 1534 causae
2047 1500 2222 1544 videntur,
2244 1502 2409 1537 meliores

167 1553 266 1575 νοιτο
288 1540 422 1575 καλλίω
446 1555 486 1575 τε
511 1544 549 1574 ἐκ
568 1540 744 1588 χειρόνων
770 1527 807 1582 ἐξ
828 1540 1000 1586 ἀκόσμων
1020 1555 1061 1576 τε
1086 1554 1253 1586 κεκοσμη-
1324 1552 1369 1577 ex
1393 1542 1585 1587 peioribus,
1612 1553 1658 1578 ex
1678 1543 1856 1579 indecoris
1878 1548 2037 1587 ornatae,
2064 1546 2261 1591 dispositae
2281 1550 2318 1581 et
2337 1546 2408 1582 dis-

166 1589 258 1629 μένα
291 1585 552 1632 διηρθρωμένα
584 1600 623 1620 τε
653 1591 712 1620 καὶ
745 1585 998 1631 διακεκριμένα
1026 1590 1065 1621 ἐκ
1093 1589 1171 1621 τῶν
1194 1590 1253 1632 ἔμ-
1269 1591 1308 1623 25
1325 1592 1443 1623 cretae
1476 1598 1520 1623 ex
1549 1589 1758 1624 inordinatis
1790 1589 1889 1634 prius
1921 1592 2028 1635 atque
2053 1591 2224 1628 confusis.
2273 1592 2351 1628 Hoc
2375 1595 2411 1627 et

167 1632 334 1676 προσθεν
364 1630 531 1666 ἀτάκτων
563 1645 602 1666 τε
632 1636 691 1665 καὶ
724 1636 1004 1679 συγκεχυμένων.
1059 1634 1170 1667 Τοῦτο
1195 1636 1253 1666 καὶ
1324 1643 1432 1678 super
1463 1634 1715 1669 Armeniorum
1747 1635 1890 1679 regione
1925 1636 2153 1673 commissum
2187 1636 2408 1673 invenientes

166 1679 226 1710 ἐπὶ
264 1679 325 1720 τῆς
356 1675 555 1723 Ἀρμενίων
591 1677 708 1724 χώρας
750 1675 1052 1724 ἁμαρτανόμενον
1091 1675 1254 1725 εὑρόντες
1323 1679 1590 1714 aestimavimus
1617 1682 1782 1724 oportere
1810 1680 1847 1715 in
1872 1691 1979 1715 unam
2005 1682 2273 1726 congruentiam
2297 1682 2408 1728 depu-

169 1719 344 1765 ᾠήθημεν
377 1724 504 1768 χρῆναι
537 1722 625 1769 πρὸς
656 1727 745 1765 μίαν
778 1720 956 1769 ἁρμονίαν
990 1723 1096 1764 τάξαι
1131 1721 1252 1767 αὐτην,
1323 1725 1401 1759 tare
1431 1735 1509 1759 eam
1541 1728 1579 1760 et
1607 1735 1651 1760 ex
1676 1725 1865 1771 disciplina
1888 1726 1999 1761 robur
2029 1727 2062 1763 ei
2093 1727 2180 1764 dare
2203 1734 2409 1774 competens

166 1771 226 1800 καὶ
251 1770 288 1801 ἐκ
309 1769 370 1811 τῆς
394 1765 556 1808 εὐταξίας
578 1766 680 1810 ἰσχύν
705 1782 744 1802 τε
769 1767 859 1816 αὐτῇ
893 1766 1020 1802 δοῦναι
1052 1768 1120 1812 τὴν
1150 1781 1251 1816 προς·
1324 1769 1552 1815 ordinemque
1577 1770 1761 1816 imponere
1786 1770 1981 1807 decentem.

166 1811 323 1855 ἥκουσαν
347 1812 451 1854 τάξιν
475 1826 515 1847 τε
540 1814 727 1849 ἐπιθεῖναι
751 1814 819 1857 τὴν
844 1818 1064 1860 πρέπουσαν.
1267 1818 1308 1849 30

1183 1905 1339 1940 CAPUT
1372 1906 1397 1940 Ι.

216 1972 409 2017 Τοιγαροῦν
441 1974 616 2019 τέσσαραέ
651 1972 743 2005 εἶναι
780 1970 1026 2016 πεποιήκαμεν
1054 1971 1253 2017 Ἀρμενίας·
1368 1973 1494 2017 Itaque
1527 1976 1697 2017 quattuor
1727 1974 1880 2010 fecimus
1905 1975 2104 2017 Armenias,
2137 1976 2243 2011 aliam
2267 1976 2410 2021 quidem

167 2015 233 2058 τὴν
256 2019 323 2060 μὲν
348 2014 554 2059 ἐνδοτάτην,
588 2017 626 2059 ῆς
649 2015 670 2059 ἡ
693 2014 913 2063 μητρόπολις
937 2019 980 2064 τῇ
1005 2019 1066 2060 τῆς
1090 2016 1255 2061 εὐσεβοῦς
1324 2018 1540 2060 interiorem‚
1566 2019 1668 2054 cuius
1694 2021 1901 2064 metropolis
1926 2021 2007 2065 piae
2031 2024 2176 2056 nostrae
2197 2022 2407 2066 appellatio-

166 2058 268 2103 ἡμῶν
301 2066 531 2108 προςηγορίας
564 2063 752 2106 ἐπωνυμίᾳ
784 2062 1096 2107 κατακεκόσμηται
1126 2061 1252 2109 πρότε-
1322 2064 1378 2098 nis
1416 2064 1624 2107 cognomine
1657 2064 1826 2099 decorata
1858 2068 1923 2108 est,
1961 2066 2123 2110 primitus
2156 2066 2299 2102 Bazane
2334 2066 2409 2102 sive

167 2119 231 2150 ρον
252 2108 410 2148 Βαζανὶς
432 2106 510 2150 ἤτοι
535 2106 781 2142 Λεοντόπολις
806 2106 1022 2152 καλουμένη,
1055 2105 1169 2154 ἥνπερ
1194 2111 1253 2141 καὶ
1323 2108 1557 2153 Leontopolis
1577 2114 1804 2155 nuncupata:
1832 2121 1938 2155 quam
1957 2111 2064 2146 etiam
2082 2112 2409 2156 proconsularitate

216 2197 300 2231 Nov.
323 2199 458 2230 XXXI
481 2199 605 2232 Graece
631 2206 718 2232 extat
742 2200 775 2232 in
804 2199 886 2239 ML,
911 2200 968 2232 c.l
1003 2200 1184 2244 Τέσσαρας
1207 2198 1300 2232 εἶναι
1321 2223 1352 2233 ..
1367 2223 1376 2232 .
1399 2219 1441 2223 -
1468 2201 1486 2232 3
1513 2201 1546 2232 in
1570 2200 1606 2232 B
1631 2201 1663 2242 6,
1682 2207 1725 2234 14.
1750 2219 1794 2224 -—
1826 2201 1915 2244 Epic.
1935 2201 2056 2235 Theod.
2071 2204 2132 2244 31,
2157 2203 2278 2236 Alban.
2303 2205 2345 2246 4,
2367 2211 2407 2238 11.

164 2243 286 2276 Iulian.
312 2251 409 2276 const.
437 2246 612 2277 XXXIX.

316 2305 2390 2317 *Q

164 2337 275 2379 petuo
299 2333 487 2378 susceptis.
542 2330 729 2366 Incumbet
752 2333 871 2366 autem
893 2330 932 2364 in
955 2329 1130 2365 mandata
1155 2341 1298 2376 quoque
1321 2335 1460 2373 nostra,
1494 2343 1588 2378 quae
1611 2331 1775 2367 dabimus
1797 2332 1855 2368 illi
1876 2344 1955 2368 cum
1978 2333 2182 2380 instqnibus
2203 2335 2406 2380 potestatis,

165 2379 259 2413 sicut
290 2382 398 2413 antea
423 2377 600 2412 diximus:
636 2381 670 2411 et
693 2375 869 2421 siquidem
900 2374 1096 2410 secundum
1127 2375 1191 2410 itta
1221 2377 1355 2420 fecerit
1386 2377 1525 2418 omnia,
1558 2380 1593 2411 et
1624 2376 1832 2412 laudandus
1863 2379 1934 2414 erit
1965 2383 2000 2413 et
2030 2383 2155 2414 nostro
2189 2380 2340 2426 imperio
2372 2383 2406 2415 et

165 2423 299 2458 iudicio
351 2434 390 2457 er
415 2422 536 2457 omnia
560 2420 693 2466 diqnus
712 2420 913 2467 apparebit.
1698 2467 1701 2469 -

302 2434 347 2503 ἔ
343 2467 442 2514 pilo
450 2478 539 2513 qus.
591 2466 660 2501 His
679 2466 793 2512 iqitur
812 2464 976 2501 omnibus
1000 2475 1094 2510 quae
1111 2476 1183 2511 per
1203 2464 1298 2499 banc
1321 2476 1465 2500 sacram
1490 2465 1522 2501 le
1548 2477 1603 2501 em
1627 2466 1815 2502 declarata
1834 2471 1920 2503 sunt
1942 2468 2100 2514 coqnitis
2122 2471 2184 2504 tua
2203 2468 2406 2505 sublimitas

165 2517 200 2549 et
221 2523 388 2548 annonas
408 2523 501 2559 quas
521 2511 682 2547 diximus
702 2511 779 2546 sedi
800 2510 906 2546 liuius
927 2510 1164 2556 maqistratus
1186 2510 1362 2556 praebeat
1386 2515 1422 2546 et
1441 2477 1591 2546 emacient
1616 2511 1707 2547 adeo
1733 2511 1952 2548 honoratum
1972 2513 2066 2548 sciat
2086 2514 2229 2559 factum
2252 2525 2340 2557 esse,
2365 2518 2407 2550 ut

165 2558 288 2594 multis
312 2558 440 2594 merito
465 2556 692 2604 expetendus
715 2556 763 2592 sit
784 2556 938 2602 futurus
962 2555 1104 2591 decoris
1128 2559 1163 2590 et
1186 2555 1378 2601 diqnitatis
1399 2566 1497 2591 nunc
1520 2556 1553 2591 ei
1578 2567 1601 2592 a
1626 2557 1730 2592 nobis
1754 2557 1862 2594 datae
1884 2557 2076 2594 desiderio.

317 2806 419 2857 DE
450 2804 968 2857 DISC'RIPTIONE
1002 2733 1358 2864 QUAWffJ}
1391 2803 1811 2855 PRAESJDUM
1844 2804 2245 2857 ARMENJAE.

230 2886 325 2922 [dem
346 2888 533 2933 Auqustus
554 2884 714 2920 Iohanni
735 2884 997 2930 qloriosissimo
1015 2883 1206 2929 praefecto
1230 2892 1337 2916 sacro
1360 2880 1517 2918 Orientis
1529 2884 1723 2930 praetorio
1744 2884 1886 2926 iterum,
1911 2884 2102 2920 exconsuli
2126 2887 2162 2920 et
2172 2885 2345 2931 patricio.

302 2953 561 2999 Praefatio.
617 2952 718 2994 Quae
745 2955 874 2986 temere
897 2951 1017 2986 iacent
1048 2954 1083 2985 et
1106 2950 1231 2995 effuse
1261 2949 1294 2983 si
1317 2948 1367 2984 ad
1388 2949 1521 2984 iustum
1546 2950 1709 2986 ordinem
1727 2951 1946 2997 perveniant
1975 2955 2012 2987 et
2034 2951 2122 2987 bene
2145 2950 2402 2998 disponantur,

166 3005 201 3034 et
224 2999 318 3034 aliae
346 3010 418 3045 pro
444 2998 527 3032 aliis
559 3008 618 3032 res
642 2997 873 3042 apparebunt
903 3000 938 3031 et
968 2995 1134 3030 meliores
1163 3006 1213 3030 ex
1237 2993 1476 3029 deterioribus
1507 2999 1543 3030 et
1566 3006 1615 3030 ex
1639 2996 1821 3031 inornatis
1845 3001 1999 3031 ornatae
2022 3000 2056 3031 et
2081 2996 2272 3031 ordinatae
2294 3001 2404 3042 atque

166 3045 356 3079 distinctae
376 3054 424 3078 ex
445 3042 663 3077 inordinatis
681 3042 787 3087 prius
811 3045 919 3086 atque
940 3041 1114 3085 confusis.
1163 3038 1241 3082 Quo
1264 3040 1302 3073 in
1322 3050 1452 3084 qenere
1476 3050 1555 3074 cum
1576 3041 1685 3076 etiam
1708 3041 1747 3075 in
1764 3041 2017 3076 Armeniorum
2041 3041 2192 3087 reqione
2210 3047 2403 3087 peccatum

166 3099 242 3123 esse
265 3089 498 3128 inveniamus,
533 3088 569 3121 in
594 3098 703 3121 unam
729 3086 1001 3131 conqruentiam
1027 3097 1105 3119 eam
1129 3084 1362 3135 rediyendam
1394 3090 1427 3119 et
1452 3096 1501 3120 ex
1533 3085 1627 3120 bona
1651 3086 1909 3121 constitutione
1937 3090 1973 3121 et
1994 3085 2109 3121 robur
2132 3086 2347 3122 conveniens
2369 3086 2404 3122 ei

167 3133 325 3168 dandum
350 3137 386 3167 et
409 3132 570 3167 ordinem
596 3131 776 3166 decentem
803 3130 1028 3165 tribuendum
1052 3140 1128 3165 esse
1152 3130 1447 3165 existimavimus.

302 3178 330 3212 Ι.
386 3177 517 3222 Itaque
542 3180 716 3227 quattuor
740 3175 932 3210 Armenias
954 3175 1191 3210 instituimus:
1225 3186 1334 3210 unam
1358 3174 1499 3220 quidem
1524 3175 1750 3216 interiorem,
1787 3175 1890 3210 cuius
1913 3175 2125 3221 metropolis
2146 3177 2231 3222 piae
2255 3178 2404 3212 nostrae

167 3222 426 3270 appellationis
449 3232 592 3256 nomine
616 3220 790 3255 decorata
822 3224 876 3255 est
900 3224 1008 3255 arztea
1033 3219 1199 3255 Bazanis
1221 3231 1285 3255 seu
1306 3219 1542 3266 Leontopolis
1567 3224 1707 3261 vocata,
1741 3230 1849 3265 quam
1873 3220 1981 3255 etiam
1998 3220 2269 3266 proconsulatu
2290 3220 2403 3257 hono-

213 3315 232 3347 2
253 3311 423 3357 καθάπερ
438 3314 473 3345 Β
491 3311 503 3356 Η
520 3311 735 3357 ἔμπροσθεν
748 3312 829 3351 LB]
846 3310 1013 3356 πρόσθεν
1029 3312 1096 3354 Mn
1114 3314 1133 3345 4
1153 3312 1248 3345 ἔστω
1321 3314 1362 3346 34
1386 3312 1537 3355 βαζανίε
1562 3312 1633 3344 ML
1669 3311 1813 3353 βεζανὶς
1839 3311 1873 3344 Β
1908 3308 2048 3355 βαζάνη
2075 3312 2197 3345 Theoti.
2212 3323 2232 3348 ς

168 3360 199 3392 L
218 3359 230 3400 ΙΙ
256 3363 274 3393 5
300 3355 405 3401 ἀρχῆς
428 3370 467 3390 τε
491 3359 549 3390 καὶ
575 3370 632 3390 om.
659 3368 689 3397 ς,
724 3369 764 3389 τε
788 3358 847 3388 καὶ
872 3359 1017 3399 κρίσεως
1043 3370 1100 3389 om.
1127 3358 1198 3390 L&
1238 3358 1251 3398 Π
1325 3377 1343 3380 >
1554 3375 2402 3381 >————————-—-—-—-———

170 3407 187 3438 7
208 3403 314 3437 θείου
335 3401 457 3446 νόμου]
477 3413 600 3435 sacram
622 3404 767 3434 nostram
786 3401 893 3442 legem
914 3413 933 3438 ς
951 3401 962 3445 ΙΙ
983 3404 1022 3435 10
1045 3399 1180 3444 πολλὴν
1194 3404 1223 3434 L
1239 3401 1250 3446 ΙΙ
1366 3403 1384 3434 2
1412 3411 1487 3434 cum
1513 3413 1571 3433 om.
1593 3399 1648 3444 VI}
1668 3402 1686 3434 3
1712 3400 1806 3433 illam
1834 3402 1910 3434 libri
1926 3399 1938 3444 ΙΙ
1955 3402 1976 3434 4
1999 3399 2148 3433 mirabili
2171 3399 2227 3445 VH
2246 3402 2266 3435 7
2290 3403 2404 3434 nostra

168 3447 259 3482 εἰκὸς
291 3450 349 3489 Μ]
385 3445 530 3481 εἰκότως
562 3449 591 3480 L
619 3445 638 3491 ΛΠ
681 3449 719 3480 13
752 3449 871 3480 subscr.
898 3460 957 3480 om.
982 3448 1053 3480 ML
1086 3447 1098 3491 ΙΙ
1142 3458 1191 3479 xv
1216 3448 1248 3479 k.
1328 3447 1361 3479 V
1379 3447 1389 3486 Η
1417 3449 1507 3478 tuam
1539 3445 1600 3488 Vss
1633 3448 1669 3480 11
1696 3445 2010 3487 *concupiscentiae
2037 3446 2115 3479 libri
2136 3446 2192 3487 (cf.
2215 3447 2401 3487 XXVIII,

169 3494 274 3536 April.
299 3495 439 3536 5(Ath.)]
466 3494 497 3525 k.
519 3492 623 3535 April.
650 3493 736 3525 Iutw
762 3493 833 3531 (om.
852 3492 917 3524 Iul.
940 3494 1032 3526 codd.
1054 3495 1137 3533 rell.)
1163 3495 1249 3536 μηνὶ
1319 3491 1519 3524 XXVIIII
1531 3491 1623 3533 extr.)
1641 3490 1654 3536 ss
1681 3493 1718 3525 13
1744 3490 2023 3532 constantinopol.
2046 3491 2077 3523 V
2097 3491 2308 3524 constantino
2332 3492 2364 3525 T
2391 3490 2403 3532 ΙΙ

169 3535 325 3583 ἅπριλίῳ
353 3540 472 3572 Theod.
503 3538 515 3582 ΙΙ
544 3549 575 3580 p.
600 3548 627 3569 c.
650 3536 804 3569 Belisarii
828 3548 847 3572 ς
867 3537 956 3577 (Aah.
982 3538 1126 3579 Theod.)]
1159 3548 1247 3570 cons.
1319 3536 1482 3568 bilisiario
1514 3546 1544 3568 v.
1569 3546 1596 3568 c.
1625 3547 1698 3569 con.
1729 3537 1791 3570 VT
1808 3536 1971 3579 Neoburq.
2000 3535 2012 3578 ΙΙ
2051 3537 2092 3569 14
2116 3548 2164 3580 sq.
2197 3536 2237 3580 Rs
2264 3536 2400 3570 XXXI.

170 3583 241 3615 bili.
266 3585 350 3617 Iutv
384 3584 472 3616 bilis.
494 3585 583 3617 Iulfl’
602 3582 613 3625 ΙΙ
635 3590 707 3624 post
731 3584 993 3624 subscriptionem
1018 3595 1080 3615 non
1104 3590 1251 3616 servatur
1320 3583 1367 3613 Dc
1394 3581 1609 3623 dispositione
1643 3580 1676 3614 V
1699 3581 1710 3625 ΙΙ
1742 3583 1783 3615 22
1807 3580 1922 3613 ueniat
1955 3581 2013 3623 Vll
2042 3582 2083 3615 29
2105 3580 2265 3614 dicentem
2301 3582 2365 3616 VT
2389 3581 2402 3621 ΙΙ

171 3633 269 3665 index
281 3634 320 3665 de
334 3645 395 3675 quo
410 3632 518 3674 ayitur
540 3631 616 3670 229,
630 3637 656 3662 4.
671 3636 712 3662 13.
735 3629 811 3670 234,
825 3636 862 3663 20
875 3628 890 3669 ss
920 3630 959 3662 16
972 3623 1174 3674 ἀρχόντων]
1198 3631 1255 3663 ad·
1319 3630 1362 3662 34
1380 3641 1427 3671 sq.
1444 3626 1744 3670 proconsularitate
1765 3628 1980 3661 onorauimus
2001 3628 2182 3673 Neobury]
2209 3628 2403 3671 proconsul-

169 3679 452 3711 ministrationum
476 3680 510 3720 (i.
527 3691 551 3711 e.
572 3674 704 3717 (ὶοχιῦν)
732 3688 749 3711 ς
774 3675 785 3719 ΙΙ
836 3677 872 3708 15)
898 3676 947 3707 ἕω
973 3675 1029 3713 Μ]
1056 3672 1167 3706 aiebas
1185 3675 1214 3706 L
1237 3674 1249 3714 ΙΙ
1317 3676 1442 3706 tantem
1521 3673 1669 3704 rauimus
1694 3673 1731 3713 V,
1756 3672 2057 3714 proconsularitate
2075 3692 2119 3698 —
2141 3674 2247 3715 236,3
2274 3683 2401 3715 compe-

173 3725 215 3758 23
240 3720 286 3757 ἄν
310 3725 428 3757 addidi
453 3723 465 3769 ΙΙ
496 3725 535 3756 27
563 3710 730 3766 (iduatas
751 3721 781 3753 L
808 3720 819 3764 Η
852 3721 889 3753 31
919 3718 1010 3753 εἶναι
1034 3732 1091 3752 om.
1112 3720 1202 3761 L(;)
1238 3718 1250 3762 ΙΙ
1318 3722 1389 3751 tens
1414 3720 1461 3750 est
1483 3730 1540 3750 om.
1567 3718 1598 3750 Τ

2069 3778 2132 3812 30*
