2618 4010
179 170 240 202 ur
269 169 329 201 EA
359 168 478 207 QUAE
507 167 747 200 vocANTUR
774 166 1065 200 msmUA'rIvA
1269 151 1348 199 311
2049 156 2156 200 Nov.
2187 156 2283 199 LVI
2301 169 2362 211 pr.
2396 159 2414 198 1

693 339 752 389 Νξ
1829 345 1922 382 LVI.
2175 347 2263 383 coll.
2276 346 2309 384 V
2327 346 2382 383 tit.
2398 349 2418 382 9

228 415 414 469 ῼΣΤΕ
443 414 537 467 ΤΑ
570 413 1050 466 KAAOYMENA
1086 413 1215 466 EM·
1404 413 1457 462 R
1489 413 1583 463 UT
1617 413 1712 464 EA
1748 414 1934 474 QUAE
1971 415 2347 467 VOOANTUR

183 481 591 537 ΦΑΝΙΣΤΙΚΑ
651 481 801 534 ΤΩΝ
859 479 1265 534 ΚΛΗΡΙΚῼΝ
1335 480 1791 532 INSINUATIVA
1843 482 2062 533 SUPER
2107 483 2416 534 CLERICIS

263 549 398 603 ΕΠΙ
435 548 599 602 ΜΕΝ
638 549 785 602 ΤΗΣ
819 544 1185 602 ΜΕΓΑΛΗΣ
1336 549 1411 599 IN
1457 549 1702 600 MAIORI
1761 550 2031 611 QUIDEM
2087 551 2417 602 EOCLESIA

179 616 648 671 ΕΚΚΑΗΣΙΑΣ
700 616 1061 676 ΔΙΔΟΣΘΑΙ,
1120 615 1267 669 EIII
1304 617 1644 678 sDENTUR,
1695 617 1770 668 IN
1804 617 1986 668 ALIIS
2031 619 2274 669 AUTEM
2315 620 2419 670 EC-

180 685 265 739 ΔΕ
304 684 455 738 ΤΩΝ
498 685 761 739 ΑΛΛῼΝ
809 683 1267 737 ΕΚΚΑΗΣῙῼΝ
1494 684 1760 737 CLESIIS
1797 686 2093 736 PENITUS
2129 686 2270 737 NON

388 754 511 807 ΜΗ
550 751 1044 807 ΠΑΡΕΧΕΣΘΑΙ.
1698 754 1984 805 DENTUR
2013 754 2067 803 R

181 830 218 867 Ὁ
242 829 349 867 αὐτὸς
371 831 539 877 βασιλεὺς
563 835 674 890 Milan}
699 834 754 876 τῷ
778 828 1266 887 ἁγιωτάτῳὶάρχιεπισκὸπῳ
1357 831 1447 877 Imp.
1468 831 1690 868 Iustinianus
1713 831 1804 876 Aug.
1831 831 1960 867 Menae
1983 831 2253 879 archiepiscopo
2278 834 2397 878 regiae

254 878 316 920 τῆς
338 876 527 922 βασιλίδος
551 890 683 921 ταυτης
707 876 845 913 πόλεως
868 879 928 910 καὶ
952 889 1185 921 οικουμενικῳ
1617 877 1769 913 civitatis
1794 876 2135 923 Constantinopolis.

616 921 830 969 πατριάρχῃ.
874 926 877 927 ’
1279 925 1294 956 1
1300 925 1320 956 Ο

232 991 290 1036 <11
293 1005 314 1037 ρ
322 1003 341 1024 ο
352 1004 371 1024 o
381 994 396 1024 ί
401 1005 427 1035 μ
436 1005 449 1025 ι
458 1003 477 1045 ‘3
485 990 535 1035 ν.)
553 1032 562 1044 ‚
581 989 689 1038 Παρὰ
713 988 868 1044 ἱπολλῶν
880 1033 888 1042 x
901 986 1141 1036 προςελεύσεις
1172 986 1268 1031 δεχό-
1378 989 1425 1034 <P
1434 1000 1453 1024 r
1462 999 1484 1024 a
1492 999 1512 1025 e
1520 989 1537 1024 f
1543 1000 1565 1025 a
1574 990 1609 1025 ti
1619 990 1670 1035 ο.>
1715 990 1749 1025 A
1779 990 1940 1036 plurimis
1972 991 2149 1027 aditiones
2182 990 2419 1036 suscipientes

180 1049 281 1080 μενοι
305 1033 412 1070 τόνδε
435 1049 502 1071 τον
522 1048 635 1080 νομον
656 1046 744 1083 προς
763 1048 831 1078 την
850 1046 918 1078 σην
938 1037 1176 1080 καταπέμψαι
1198 1047 1267 1078 μα-
1333 1034 1429 1069 hanc
1460 1034 1571 1079 legem
1604 1036 1754 1079 dirigere
1792 1036 1839 1072 ad
1868 1040 1967 1071 tuam
1998 1036 2255 1073 beatitudinem
2285 1037 2419 1072 iustum

181 1080 377 1128 καριότητα
399 1079 541 1115 δίκαιον
559 1077 783 1126 ἡγησάμεθα.
820 1079 856 1114 οἱ
873 1079 942 1127 γὰρ
957 1078 1280 1126 χειροτονούμενοι-
1335 1079 1612 1116 aestimavimus.
1661 1081 1729 1125 Qui
1754 1082 1846 1117 enim
1869 1081 2081 1117 ordinantur
2101 1092 2124 1118 a
2139 1086 2203 1118 tua
2222 1083 2420 1118 reverentia

182 1125 282 1172 παρὰ
311 1127 372 1169 τῆς
400 1127 462 1170 σῆς
483 1124 673 1171 θεοφιλίασ
696 1124 854 1172 κληρικοὶ
885 1126 925 1159 ἐν
949 1128 1027 1159 ταῖς
1049 1122 1266 1172 ἁγιωτάταις
1335 1124 1456 1160 clerici
1474 1125 1513 1159 in
1529 1126 1764 1162 sanctissimis
1782 1127 1941 1162 ecclesiis
1963 1127 2110 1172 (absque
2130 1130 2251 1164 tamen
2267 1129 2418 1164 sanctis-

181 1171 381 1214 ἐκκλησίαις
410 1173 529 1216 (χωρὶς
558 1174 684 1215 μέντοι
707 1172 769 1214 τῆς
799 1167 821 1205 οἱ
846 1167 1001 1213 ιωτάτης
1028 1168 1181 1216 μεγάλης
1213 1171 1264 1204 ἐκ·
1282 1173 1322 1206 15
1336 1169 1426 1205 sima
1443 1171 1578 1205 maiore
1595 1172 1758 1214 ecclesia)
1780 1172 1936 1216 omnium
1956 1173 2144 1217 patiuntur
2164 1173 2419 1218 crudelissima,

181 1215 337 1260 κλησίας)
361 1215 407 1251 τὰ
430 1218 583 1251 πάντων
607 1212 783 1259 πάσχουσι
830 1214 1018 1258 εινότατα,
1049 1215 1099 1259 μὴ
1123 1213 1265 1261 προςδε-
1336 1226 1408 1251 non
1429 1216 1705 1260 suscipientibus
1732 1227 1792 1252 eos
1816 1217 1889 1252 illic
1911 1218 2049 1255 clericis
2073 1222 2158 1254 ante
2181 1228 2287 1264 quam
2307 1229 2418 1264 quan-

181 1265 345 1306 χομένων
376 1260 503 1296 αὐτοὺς
534 1263 612 1296 τῶν
645 1263 756 1295 ἐκεῖσε
787 1260 967 1308 κληρικῶν
999 1264 1088 1308 πρὶν
1111 1256 1198 1295 ὅσον
1222 1258 1267 1295 ἂν
1335 1264 1412 1296 tum
1443 1261 1620 1296 voluerint
1651 1262 1834 1306 accipiant
1863 1272 2001 1298 aurum.
2056 1264 2107 1299 Et
2138 1264 2298 1300 novimus
2330 1265 2420 1301 haec

181 1306 397 1351 βουληθεῖεν
419 1304 563 1351 λάβοιεν
583 1310 741 1354 χρυσίον.
780 1310 841 1341 καὶ
863 1307 968 1351 ἴσμεν
988 1307 1106 1340 ταῦτα
1127 1307 1166 1340 ἐκ
1186 1317 1267 1349 συχ-
1337 1316 1381 1341 ex
1404 1305 1653 1352 frequentibus
1678 1307 1896 1343 aditionibus
1921 1308 1964 1343 de
1988 1309 2057 1344 11οο
2080 1309 2186 1345 factis
2210 1310 2326 1346 nobis.

180 1352 261 1388 νῶν
283 1349 546 1399 προσελεύσεων
569 1355 654 1399 περὶ
676 1352 806 1387 τούτου
828 1353 1035 1400 γενομένων
1057 1348 1153 1396 ἡμῖν.

1195 1465 1351 1502 CAPUT
1380 1466 1409 1501 1.

228 1535 454 1578 Θεσπίζομεν
473 1536 609 1576 τοίνυν,
635 1532 704 1577 τὴν
717 1531 969 1580 μακαριότητα
987 1534 1055 1578 τὴν
1076 1533 1143 1578 σὴν
1159 1536 1267 1569 τοῦτο
1281 1536 1323 1569 20
1382 1532 1569 1569 Sancimus
1593 1533 1702 1578 igitur
1721 1534 1978 1571 beatitudinem
1998 1536 2097 1570 tuam
2119 1536 2189 1572 hoc
2208 1535 2422 1573 validissime

181 1581 478 1627 ἐροωμενέστατα
508 1577 678 1624 φυλάξαι,
719 1582 780 1613 καὶ
812 1580 848 1614 εἴ
874 1593 910 1614 τι
933 1582 1002 1625 μὲν
1032 1579 1166 1615 εἰωθός
1189 1581 1267 1614 ἐστι
1337 1579 1529 1622 custodire,
1567 1582 1603 1614 et
1635 1579 1666 1615 si
1701 1580 1787 1624 quid
1822 1580 1963 1626 quidem
1994 1581 2214 1617 consuetudo
2250 1584 2307 1618 est
2337 1583 2423 1618 dare

181 1612 323 1660 διδόναι
342 1623 423 1659 τοὺς
443 1627 775 1669 καταταττομένους
799 1627 839 1660 ἐν
862 1626 907 1672 τῇ
928 1623 1113 1672 ἁνιωτάτῃ
1131 1624 1266 1672 μεγάλῃ
1337 1634 1398 1660 eos
1430 1624 1491 1670 qui
1524 1624 1734 1660 ordinantur
1764 1626 1802 1661 in
1834 1626 2062 1662 sanctissima
2093 1627 2227 1663 maiore
2258 1628 2421 1670 ecclesia,

182 1668 359 1713 ἐκκλησίᾳ,
383 1671 491 1704 τοῦτο
515 1667 643 1704 αὐτοὺς
667 1673 838 1714 παρέχειν
862 1660 980 1713 (οὐδέν
999 1670 1067 1718 γὰρ
1086 1674 1167 1717 περὶ
1189 1672 1267 1705 τῶν
1336 1670 1405 1706 1100
1430 1681 1490 1706 eos
1514 1670 1687 1715 praebere
1712 1671 1813 1714 (nihil
1837 1672 1931 1707 enim
1955 1672 1999 1707 de
2023 1672 2079 1708 his
2113 1682 2205 1717 quae
2228 1673 2362 1709 dantur
2385 1674 2422 1709 in

182 1714 388 1760 δεδομένων
408 1715 456 1749 εἰς
475 1714 543 1759 τὴν
563 1713 771 1762 ἁγιωτάτην
794 1715 952 1763 μεγάλην
976 1716 1166 1759 ἐκκλησίαν
1190 1729 1266 1750 και·
1337 1716 1565 1751 sanctissima
1588 1716 1721 1752 maiore
1741 1717 1894 1753 ecclesia
1914 1720 2111 1762 novamus),
2135 1720 2323 1764 praeterea
2339 1730 2421 1755 vero

180 1763 356 1805 νίζομεν),
385 1762 493 1806 χωρὶς
522 1759 562 1794 δὲ
591 1757 699 1804 αὐτῆς
729 1762 768 1794 ἐν
797 1764 876 1795 ταῖς
898 1759 1020 1796 ἄλλαις
1050 1760 1180 1796 πάσαις
1203 1776 1266 1806 μη·
1281 1764 1323 1797 25
1335 1761 1374 1796 in
1406 1761 1484 1797 aliis
1515 1761 1681 1797 omnibus
1717 1762 1807 1798 nulli
1839 1763 1876 1797 in
1907 1763 1958 1798 eis
1995 1763 2207 1799 clericorum
2242 1764 2423 1800 licentiam

182 1805 259 1840 δενὶ
287 1807 366 1840 τῶν
397 1807 437 1840 ἐν
462 1802 585 1840 αὗταῖε
615 1805 795 1851 κληρικῶν
819 1811 1027 1854 παρρησίαν
1059 1807 1152 1841 εἶναι
1176 1819 1267 1842 παν·
1338 1816 1417 1842 esse
1441 1807 1584 1851 penitus
1615 1817 1681 1851 pro
1713 1807 1770 1843 his
1803 1818 1895 1853 quae
1919 1812 2093 1844 vocantur
2116 1809 2334 1845 insinuativa
2357 1810 2421 1845 ali-

182 1850 292 1886 τελῶς
321 1849 412 1897 ὑπὲρ
443 1853 521 1886 τῶν
551 1849 783 1896 καλουμένων
812 1854 1069 1898 ἐμφανισίμων
1102 1866 1138 1887 τι
1169 1856 1267 1897 κομί·
1338 1852 1424 1897 quid
1453 1852 1557 1888 ferre.
1608 1852 1677 1888 Sed
1709 1853 1739 1889 si
1769 1854 1848 1898 quis
1883 1853 1956 1889 tale
1991 1854 2127 1899 aliquid
2158 1855 2286 1899 egerit,
2322 1855 2423 1891 illum

183 1896 324 1939 ζεσθαι.
360 1894 440 1930 ἀλλ’
467 1896 503 1930 εἴ
520 1908 572 1931 τις
594 1894 737 1931 τοιοῦτό
766 1910 803 1931 τι
827 1896 1006 1943 πράξειεν,
1040 1900 1177 1932 ἐκεῖνον
1201 1900 1268 1942 μὲν
1338 1898 1477 1942 quidem
1509 1898 1643 1943 privari
1675 1899 1893 1943 sacerdotio,
1925 1899 1963 1934 in
1985 1899 2080 1936 illius
2113 1903 2233 1936 autem
2264 1900 2422 1937 officium

183 1941 423 1988 ἀφαιρεῖσθαι
446 1943 507 1985 τῆς
531 1940 741 1988 ἱερωσύνης,
771 1943 819 1977 εἰς
843 1941 882 1977 δὲ
911 1942 978 1987 την
1001 1946 1136 1978 ἐκείνου
1163 1943 1268 1984 τάξιν
1336 1943 1485 1979 introire
1509 1944 1570 1988 qui
1593 1944 1722 1979 missus
1747 1948 1812 1987 est,
1843 1949 1879 1980 et
1902 1944 1996 1981 hanc
2030 1955 2111 1981 eum
2133 1945 2306 1982 avaritiae
2329 1946 2423 1993 ferre

183 1989 419 2032 ἐπεμβαίνειν
434 1986 501 2021 τὸν
517 1985 707 2029 σταλέντα,
727 1991 788 2022 καὶ
803 1989 934 2023 τοῦτον
950 1986 1061 2023 αὐτὸν
1079 1990 1140 2031 τῆς
1154 1987 1266 2031 ἆπλη-
1280 1991 1323 2024 30
1337 1989 1548 2025 mercedem.
1599 1989 1786 2025 custodire
1810 2000 1894 2026 vero
1917 1990 2007 2026 haec
2031 1991 2137 2026 etiam
2161 1991 2228 2027 deo
2252 1993 2421 2028 amantis-

182 2036 285 2067 στίας
299 2032 517 2077 κομίζεσθαι
529 2031 595 2067 τὸν
607 2029 759 2077 μισθόν.
789 2046 889 2081 παρα
920 2033 1085 2069 υλάττειν
1099 2032 1268 2069 δὲταῦτα
1338 2034 1445 2070 simos
1477 2034 1647 2070 ecclesiae
1680 2035 1885 2071 defensores
1916 2036 2165 2073 sanctissimae
2196 2038 2340 2073 maioris
2364 2049 2421 2074 ec-

182 2081 242 2111 καὶ
265 2076 345 2112 τοὺς
368 2076 671 2124 θεοφιλεστάτους
694 2077 877 2133 ἐκκλησιεκ
903 2083 995 2114 [nove
1026 2081 1087 2123 τῆς
1111 2077 1266 2126 ἁγιωτά-
1336 2080 1477 2123 0100100,
1502 2090 1656 2125 poenam
1680 2080 1914 2117 formidantes
1937 2081 2060 2117 decem
2079 2082 2252 2118 librarum
2276 2084 2367 2126 auri,
2392 2083 2423 2119 si

182 2135 245 2166 της
274 2122 426 2171 μεγάλης
457 2122 656 2166 ἐκκλησίας,
696 2124 829 2167 ποινὴν
857 2128 1110 2171 υφορωμένουε
1145 2126 1267 2161 decem
1335 2125 1422 2170 quid
1438 2125 1567 2161 horum
1582 2126 1815 2170 neglexerint.
1847 2126 1917 2163 Sed
1934 2127 2048 2171 gratis
2071 2129 2190 2164 omnia
2207 2129 2420 2173 procedere:

183 2168 357 2204 librarum
380 2168 470 2211 auri,
495 2169 531 2202 εἴ
549 2180 646 2203 τινος
669 2168 812 2204 τούτων
836 2169 1136 2214 παραμελησαιεν.
1179 2167 1270 2204 ἀλλά

229 2272 315 2306 Νου.
338 2271 432 2305 LVI
452 2271 508 2314 (=
537 2271 617 2305 οο11.
639 2271 730 2304 Vtit.
745 2273 780 2305 9:
805 2273 918 2316 qloss.)
946 2272 1071 2306 Graece
1096 2279 1183 2305 extat
1207 2274 1239 2305 in
1265 2272 1314 2304 M,
1339 2289 1382 2296 —-
1411 2272 1502 2315 Epit.
1530 2274 1651 2307 Theod.
1672 2276 1725 2315 56,
1750 2275 1871 2308 Athan.
1893 2277 1923 2315 1,
1945 2283 1974 2309 11
2000 2277 2087 2317 (inde
2116 2277 2195 2310 0011.
2221 2286 2320 2311 const.
2346 2280 2420 2313 eccl.

183 2317 249 2351 III
269 2319 300 2359 1,
320 2317 373 2359 11),
408 2317 541 2351 Nomoc.
555 2316 619 2349 XI
624 2316 711 2350 Vtit.
726 2318 757 2358 1,
772 2324 817 2350 24.
864 2317 986 2351 Iulian.
1001 2324 1099 2351 const.
1115 2317 1216 2351 L.—
1241 2317 1459 2351 Summarium
1483 2319 1580 2352 habet
1608 2319 1688 2353 0011.
1709 2320 1942 2353 LXXXVII
1964 2322 2060 2364 capit.
2077 2322 2119 2355 18
2144 2323 2232 2363 (inde
2256 2326 2422 2367 appendix

184 2363 318 2397 Nomoc.
343 2363 375 2395 L
400 2363 563 2396 titulorum
587 2374 660 2405 cap.
686 2362 761 2395 eccl.
788 2363 831 2404 7).

1252 2517 1355 2554 LVI.

223 2588 311 2639 UT
338 2585 877 2638 EMPHANJSTIOA
915 2586 1102 2647 QUAE
1141 2586 1492 2638 VOCANTUR
1530 2586 1986 2640 CLERICOBUM
2018 2589 2111 2640 IN
2136 2590 2384 2644 MAGNA

221 2654 511 2717 QUIDEM
542 2653 884 2705 ECCLESJA
928 2654 1702 2775 Dffillss'lffiAsslgTssqquUssIS
1740 2656 1786 2706 Α
1793 2656 1988 2708 [ITEM
2016 2658 2389 2712 ECCLESIIS

320 2802 421 2839 Idem
443 2803 630 2848 Auqustus
649 2801 781 2838 Menae
803 2802 1031 2838 sanctissimo
1056 2801 1333 2848 archiepiscopo
1359 2801 1465 2837 liuius
1488 2803 1612 2848 reqiae
1635 2802 1736 2838 urbis
1760 2806 1796 2839 et
1812 2802 2054 2850 patriarchae
2075 2805 2282 2842 universali.

319 2870 585 2916 Praefatio.
636 2869 722 2906 Cum
751 2869 946 2905 multorum
978 2870 1197 2906 aditionibus
1254 2874 1406 2911 etamur,
1436 2869 1529 2904 lianc
1561 2869 1672 2916 leqem
1704 2870 1754 2906 ad
1776 2874 1874 2907 tuam
1898 2872 2039 2908 mittere
2070 2873 2325 2911 beatitudinem
2342 2888 2419 2923 par

184 2929 262 2954 esse
291 2916 585 2953 existimavimus.
646 2914 742 2949 Nam
776 2915 840 2960 qui
875 2926 898 2950 a
935 2920 996 2950 tua
1029 2916 1166 2962 pietate
1202 2926 1220 2950 c
1236 2915 1324 2951 erici
1358 2919 1529 2950 creantur
1564 2915 1602 2949 in
1636 2916 1874 2952 sanctissimis
1905 2917 2064 2953 ecclesiis
2098 2921 2267 2967 (excepta
2299 2925 2417 2958 tamen

183 2962 412 2999 sanctissima
443 2970 578 3006 maqna
609 2959 784 3003 ecclesia),
818 2960 974 2995 omnium
1003 2961 1219 3006 qravissima
1247 2960 1452 3006 patiuntur,
1485 2970 1564 2994 cum
1596 2961 1661 3006 qui
1687 2960 1739 2996 ibi
1768 2966 1854 2996 sunt
1878 2962 2001 2998 clerici
2031 2974 2094 2999 eos
2117 2976 2191 3000 non
2215 2967 2418 3012 suscipiant

186 3012 379 3053 antequam
401 3009 579 3058 quantum
602 3004 784 3046 voluerint
807 3005 890 3040 auri
914 3006 1131 3052 acceperint.
1187 3007 1305 3051 Atque
1332 3004 1422 3040 haec
1444 3005 1576 3040 scimus
1606 3016 1656 3041 ex
1688 3005 1824 3042 crebris
1853 3007 2207 3054 interpellationibus
2235 3021 2278 3046 ea
2309 3011 2354 3048 de
2377 3023 2418 3048 re

185 3053 290 3089 nobis
334 3056 434 3086 actiS.
1702 3078 1704 3081 ,

310 3053 349 3132 li.
397 3095 588 3131 Sancimus
610 3095 735 3147 iqitur,
760 3098 802 3130 ut
825 3094 1007 3131 beatitudo
1035 3099 1096 3131 tua
1121 3096 1190 3131 boc
1213 3095 1430 3132 validissime
1454 3094 1644 3137 custodiat,
1670 3100 1705 3132 et
1727 3097 1762 3131 si
1783 3095 1873 3142 quid
1891 3108 1941 3133 ex
1960 3099 2219 3135 consuetudine
2238 3100 2348 3136 datur
2371 3103 2415 3138 ab

186 3143 244 3185 iis,
268 3141 332 3188 qui
354 3141 595 3176 instituuntur
617 3151 656 3174 in
673 3140 900 3175 sanctissima
923 3151 1057 3187 maqna
1080 3142 1241 3183 ecclesia,
1266 3141 1305 3176 id
1325 3140 1528 3188 praebeant
1547 3143 1675 3191 (neque
1697 3141 1789 3177 enim
1809 3142 2002 3188 quicquam
2025 3143 2070 3179 de
2089 3144 2135 3179 iis
2153 3156 2248 3196 quae
2267 3148 2416 3183 sanctis-

186 3188 298 3223 simae
320 3196 475 3231 maqnae
497 3185 669 3220 ecclesiae
692 3185 780 3220 data
803 3189 889 3220 sunt
910 3186 1154 3230 innovamus),
1184 3190 1332 3232 praeter
1355 3197 1433 3221 eam
1464 3189 1583 3220 autem
1613 3196 1652 3220 in
1676 3186 1803 3221 ceteris
1835 3187 2000 3222 omnibus
2030 3189 2162 3224 nemini
2195 3201 2246 3226 ex
2276 3191 2417 3228 clericis

187 3233 252 3279 qui
272 3230 321 3267 ibi
343 3235 429 3265 sunt
452 3229 598 3266 licentia
621 3230 669 3265 sit
688 3241 760 3282 pro
785 3229 1055 3276 emphanisimis
1083 3242 1177 3277 quae
1207 3234 1383 3267 vocantur
1414 3230 1607 3276 quicquam
1640 3231 1786 3267 omnino
1811 3232 2024 3283 accipiendi.
2073 3233 2148 3270 Sed
2167 3235 2200 3270 si
2223 3236 2305 3281 quis
2354 3238 2418 3274 uid

187 3276 366 3314 eiusmodi
387 3287 406 3311 e
433 3275 512 3319 erit,
543 3275 605 3311 ille
635 3274 777 3321 quidem
802 3275 971 3321 privetur
993 3276 1199 3312 sacerdotio
1232 3281 1341 3322 atque
1372 3277 1409 3311 in
1433 3275 1511 3311 eius
1541 3275 1659 3310 locum
1683 3276 1907 3312 succedatis
1929 3278 1992 3323 qui
2014 3279 2146 3315 missus
2168 3285 2232 3322 est,
2264 3284 2300 3317 et
2347 3294 2417 3319 anc

187 3323 248 3358 itte
267 3321 402 3357 insatia
425 3319 485 3355 ilis
501 3319 712 3366 cupiditatis
731 3319 926 3356 mercedem
940 3321 1051 3364 ferat.
1103 3320 1298 3358 Observent
1317 3332 1400 3357 vero
1417 3320 1506 3356 baec
1529 3321 1636 3356 ctiam
1656 3320 1723 3356 deo
1742 3321 1920 3357 carissimi
1939 3322 2152 3368 defensores
2171 3326 2417 3364 sanctissimae

187 3377 341 3413 maynae
356 3365 537 3407 ecclesiae,
561 3365 625 3411 qui
643 3364 786 3411 quidem
802 3376 959 3412 poenam
982 3365 1101 3403 decem
1121 3366 1296 3402 librarum
1320 3366 1403 3402 auri
1422 3369 1593 3407 metuant,
1616 3365 1649 3400 si
1667 3365 1757 3412 quid
1771 3365 1899 3402 horum
1921 3368 2160 3414 neqlexerint.
2209 3369 2283 3406 Sed
2296 3373 2416 3418 qratis

1335 3481 1476 3513 Mennae
1500 3481 1585 3522 vulq.
1614 3479 1626 3523 ΙΙ
1662 3481 1682 3513 9
1708 3481 2022 3524 constantinopolim
2047 3483 2124 3516 RV
2147 3482 2159 3527 ΙΙ
2191 3486 2228 3518 11
2255 3487 2285 3518 A
2310 3486 2416 3530 pluri-

1334 3526 1396 3558 mis
1419 3525 1502 3566 RT]
1538 3526 1602 3557 Per
1625 3524 1786 3567 plurimas
1818 3527 1852 3559 V
1869 3526 2048 3566 (Plurimae
2070 3529 2169 3572 ναῖς.)
2197 3529 2210 3574 Ι]
2238 3530 2415 3575 aditiones]

1335 3570 1529 3604 donationes
1561 3570 1596 3603 V
1612 3570 1771 3603 aditionis
1795 3570 1876 3604 cleri
1902 3573 1934 3605 T
1956 3571 1967 3614 ΙΙ
1997 3574 2038 3606 13
2063 3573 2324 3610 existimauimus
2347 3579 2381 3611 R

1337 3617 1377 3649 16
1391 3626 1489 3657 quam
1507 3628 1565 3648 om.
1578 3615 1627 3649 Β*
1645 3615 1657 3659 ΙΙ
1685 3618 1725 3650 17
1740 3616 1938 3649 nouissimus
1952 3618 2000 3652 R!
2017 3617 2029 3662 ΙΙ
2057 3620 2099 3652 20
2112 3618 2319 3655 beatitudine
2341 3623 2391 3656 V¹

1335 3663 1374 3695 21
1400 3660 1481 3702 quid
1501 3673 1559 3694 om.
1574 3661 1659 3694 R¹T
1680 3659 1692 3705 ΙΙ
1724 3662 1765 3694 23
1787 3662 1866 3693 haec
1895 3663 1926 3694 V
1947 3662 1959 3706 ΙΙ
1989 3664 2030 3696 25
2055 3664 2092 3696 in
2117 3664 2175 3706 eis]
2211 3666 2248 3698 in
2273 3680 2331 3701 om.
2352 3668 2386 3700 V

1334 3708 1376 3784 {7
1395 3705 1587 3784 quislquuid
1610 3705 1665 3749 Vll
1693 3707 1735 3739 29
1752 3708 1810 3748 est]
1836 3717 1853 3739 e
1874 3707 1923 3741 V²
1949 3709 1962 3752 Ι]
1986 3709 2029 3742 30
2054 3709 2165 3752 etiam]
2188 3712 2221 3744 et
2247 3713 2277 3745 R
2301 3712 2314 3756 ΙΙ
2341 3712 2413 3754 (100]

1357 3762 1373 3784 0
1397 3762 1435 3783 eo

234 3483 357 3515 2rubr.
376 3477 486 3513 Ὥστε
517 3477 562 3513 τὰ
595 3477 798 3522 καλούμενα
830 3478 1072 3524 ἐμφανιστικὰ
1103 3481 1164 3515 ἐπὶ
1187 3481 1266 3514 τῶν

188 3524 367 3572 κληρικῶν
390 3528 451 3559 καὶ
475 3523 520 3558 τὰ
540 3524 618 3567 ἑξῆς
633 3525 708 3558 Am.
738 3519 849 3558 ε’.Ωστε
869 3526 930 3559 ἐπὶ
978 3521 1060 3567 όνης
1083 3526 1144 3568 τῆς
1161 3524 1266 3572 μεγά-

189 3570 248 3614 λης
278 3569 463 3614 ἐκκλησίας
489 3567 912 3604 Κωνσταντινουπόλεως
970 3567 1120 3604 [cocum
1156 3572 1266 3616 ἐμφα-

187 3612 329 3650 νιστικά
349 3617 469 3650 Theod.
489 3615 502 3661 ΙΙ
519 3618 556 3650 11
585 3611 737 3649 ἐλεύσειε
760 3617 812 3650 cit.
830 3616 951 3649 Theod.

232 3706 253 3739 3
277 3706 492 3748 insinuativa]
517 3704 611 3740 ‘alias
634 3702 820 3739 insinuata’
846 3707 1088 3750 flmmeum.
1107 3705 1119 3750 ΙΙ
1137 3706 1266 3739 clericis

189 3763 246 3785 om.
278 3753 385 3795 spatio
418 3753 528 3787 relicto
552 3753 602 3786 Β*
632 3752 710 3785 add.
741 3753 774 3786 in
805 3764 866 3796 my.
890 3750 941 3785 R²
969 3750 982 3795 ss
1016 3752 1035 3785 8
1057 3762 1152 3785 mene
1176 3752 1265 3793 RV]
