2586 3990
256 128 362 172 Nov.
382 127 499 172 CXX
532 128 639 168 1-—3
1315 123 1398 170 58⁰
2075 141 2135 172 nn
2161 139 2463 174 ALmNATmNn

254 235 435 283 πρόςοδος,
458 235 495 270 οἱ
515 233 556 269 δὲ
577 235 887 279 μνημονενθέντες
907 232 1043 282 εὐαγεῖς
1069 235 1160 270 οἴκοι
1182 235 1233 270 οῖς
1249 234 1325 271 δια·
1392 236 1596 316 praedictae
1618 247 1701 273 vero
1716 238 1932 275 venerabiles
1952 239 2088 282 domus,
2113 238 2241 283 quibus
2257 242 2475 284 competunt·

253 285 421 329 φέρουσιν
444 279 480 314 οἱ
501 281 610 314 τόποι
639 279 785 315 τούτους
815 277 1094 323 ἀνοικοδομῆσαι
1116 279 1165 324 μή
1197 279 1325 315 δύναν-
1408 291 1484 324 oca,
1508 281 1597 316 haec
1621 281 1847 318 reaedificare
1869 294 1941 318 non
1962 288 2123 328 possunt,
2146 283 2324 319 licentiam
2339 283 2463 320 damus

252 341 329 366 ται,
360 323 486 359 ἄδειαν
517 322 664 367 δίδομεν
691 328 764 360 τοῖς
794 324 938 360 τούτων
962 323 1155 367 διοικηταῖς
1184 326 1237 369 τῷ
1264 326 1327 368 τῆς
1394 326 1480 370 ipsis
1499 326 1762 362 ordinatoribus
1777 337 1900 362 earum
1915 329 2181 375 emphyteoseos
2199 330 2371 373 perpetuo
2386 329 2464 364 iure

253 370 496 415 έμφυτεύσεως
526 366 682 411 διηνεκεῖ
712 367 841 413 δικαίῳ
872 367 1056 404 ἐκδιδόναι
1086 368 1169 405 τοὺς
1200 366 1328 404 αὐτοὺς
1396 371 1536 405 tradere
1557 371 1638 414 ipsa
1659 371 1751 414 loca,
1774 371 1826 407 ita
1840 376 1958 408 tamen
1979 378 2022 409 ut
2036 374 2138 418 emph
2163 374 2273 409 teosis
2296 374 2335 408 in
2358 373 2464 408 tertia

251 414 398 456 τόπους,
435 411 533 447 οὕτω
561 415 724 460 μέντοιγε
754 411 844 449 ὥςτε
873 414 942 466 τὴν
973 411 1190 458 ἐμφύτευσιν
1221 411 1244 458 ἢ
1268 417 1328 450 ἐπὶ
1363 418 1382 450 5
1395 420 1496 460 parte
1515 415 1735 459 pensionum.
1761 426 1853 460 quae
1872 427 1917 452 ex
1931 417 2140 455 habitationi
2167 429 2208 454 us
2232 419 2350 454 adhuc
2365 421 2463 454 stan-

250 463 354 507 τρίτῃ
377 462 486 505 μοίρᾳ
508 459 586 493 τῶν
608 462 864 506 στεγονομίων,
889 456 999 494 ἅτινα
1021 460 1060 493 ἐκ
1083 461 1161 494 τῶν
1184 458 1328 502 οἴκημά·
1394 459 1491 495 tibus
1524 460 1790 505 colligebantur,
1825 471 1871 497 ex
1899 462 2079 507 principiis
2110 463 2282 508 temporis
2318 464 2462 508 emphy-

250 517 327 539 των
350 502 404 537 ἔτι
427 502 602 538 ἑστώτων
625 503 808 550 συνήγετο,
832 505 872 537 ἐκ
891 507 1095 550 προοιμίων
1118 505 1182 538 τοῦ
1197 505 1327 549 χρόνου
1394 508 1535 540 teoseos
1558 506 1747 550 procedat,
1779 510 1842 541 aut
1872 506 1904 542 si
1926 508 2151 553 emphyteota
2180 508 2331 544 voluerit
2354 508 2464 552 magis

251 550 314 583 τοῦ
346 547 614 593 ἐμφυτεύματος
648 551 830 594 προϊέναι,
865 547 889 592 ἢ
922 549 1020 594 εἴπερ
1054 545 1074 583 ὁ
1111 548 1328 595 ἐμφυτευτὴς
1395 550 1461 585 sub
1484 550 1552 585 isto
1576 555 1682 595 pacto
1707 550 1841 595 accipi,
1872 554 1912 585 ut
1934 551 2015 586 loca
2042 554 2203 597 primitus
2224 553 2399 597 aedificet,
2428 557 2464 588 et

250 592 447 638 βουληθείη
463 592 601 636 μᾶλλον
625 595 686 629 ἐπὶ
707 593 827 637 τούτῳ
848 595 901 637 τῷ
919 590 994 638 ὅρῳ
1017 593 1142 638 λαβεῖν
1165 593 1247 628 τοὺς
1267 593 1326 628 τό·
1395 605 1438 630 ex
1458 594 1588 631 additis
1610 595 1683 630 illic
1703 605 1767 639 per
1782 596 2060 631 aestimationem
2084 599 2312 642 pensionibus
2335 598 2463 633 medie-

250 650 354 680 πους,
386 636 475 673 ὦςτε
498 638 675 684 πρότερον
706 637 936 683 οἰκοδομῆσαι
969 642 1028 672 καὶ
1057 641 1095 673 ἐκ
1123 640 1202 674 τῶν
1225 649 1327 683 προς·
1341 641 1381 674 10
1394 642 1505 675 tatem
1535 641 1648 685 partis
1671 640 1750 675 dari
1773 641 1965 676 venerabili
1989 641 2107 677 domui
2135 653 2159 678 a
2180 653 2253 687 qua
2274 643 2353 688 ipsa
2384 644 2464 678 loca·

249 686 452 730 γινομένων
487 686 599 717 ἐκεῖσε
633 683 726 718 κατὰ
761 681 970 728 διατίμησιν
1004 688 1249 739 στξγονομίων
1281 683 1324 717 τὸ
1394 685 1544 729 accepit,
1567 688 1604 720 et
1627 686 1695 720 hoc
1718 685 1795 720 fieri
1819 686 2061 728 concedimus,
2085 688 2139 722 uti
2161 698 2244 723 vero
2265 688 2465 724 huiusmodi

250 724 359 771 ἥμισυ
373 731 478 774 μέρος
492 726 634 763 διδόναι
657 730 710 772 τῷ
728 725 850 775 εὖαγεῖ
863 730 949 772 οἴκῳ
967 728 1006 768 ἐξ
1024 742 1064 763 ου
1088 728 1170 763 τοὺς
1198 725 1326 763 αὐτοὺς
1393 731 1653 775 emphyteutam
1683 734 1720 764 et
1749 731 1823 766 illic
1851 731 1995 767 inventa
2017 731 2107 777 (de)
2135 732 2305 778 depositis
2328 733 2464 768 habita-

249 771 383 808 τόπους
406 772 599 852 λαμέάνει,
631 776 691 807 καὶ
722 774 830 808 τοῦτο
860 775 1036 820 γενέσθαι
1064 775 1326 820 συγχωροῦμεν,
1394 775 1551 811 tionibus
1574 775 1733 811 materia.

249 819 450 863 κεχρῆσθαι
488 819 513 852 *a
535 818 602 852 τὸν
618 820 784 853 τοιοῦτον
804 819 1027 863 έμᾳωτευτὴν
1050 822 1110 852 καὶ
1124 822 1201 853 ταῖς
1216 820 1327 852 ἐκεῖσε

249 861 515 909 εὑρισκομέναις
533 865 572 897 ἐκ
588 865 666 898 τῶν
682 866 981 906 κατενεχθέντων
995 864 1200 908 οἰκημάτων
1217 861 1326 898 ὕλαις.
1340 865 1381 900 15

1248 998 1406 1035 CAPUT
1429 999 1475 1035 11.

318 1065 364 1100 Εἰ
384 1063 427 1099 δέ
445 1077 499 1100 τις
521 1065 610 1109 βουλ
634 1065 717 1109 θείη
740 1064 956 1109 οἱονδήποτε
985 1067 1131 1112 πρᾶγμα
1154 1062 1326 1110 ἀκίνητον
1453 1066 1492 1102 Si
1513 1077 1596 1103 vero
1620 1066 1747 1112 aliquis
1771 1068 1922 1104 voluerit
1944 1068 2138 1114 quamlibet
2160 1079 2234 1105 rem
2253 1070 2467 1108 immobilem

249 1107 317 1146 ἇνό
346 1123 407 1144 ατι
430 1110 586 1155 χρήσεως
631 1125 653 1144 α
681 1114 734 1146 εῖν
757 1111 857 1156 παρὰ
874 1112 934 1155 τῆς
949 1110 1153 1158 ἁγιωτάτης
1174 1110 1327 1158 μεγάλης
1395 1112 1536 1148 nomine
1558 1122 1645 1147 usus
1669 1113 1832 1156 accipere
1855 1123 1879 1149 a
1902 1114 2126 1149 sanctissima
2157 1115 2290 1151 maiore
2316 1117 2468 1152 ecclesia

250 1157 309 1189 έκκ
332 1159 434 1198 ησίας
463 1156 526 1199 τῆς
554 1159 642 1200 βασι
667 1155 739 1191 ίδος
769 1155 908 1193 πόλεως
936 1155 960 1200 ἢ
983 1156 1062 1191 ἑνὸς
1093 1157 1169 1191 τῶν
1191 1170 1326 1202 μνημο-
1395 1157 1511 1201 regiae
1537 1157 1687 1192 civitatis
1711 1163 1774 1193 aut
1793 1159 1898 1194 unius
1922 1164 2192 1194 memoratarum
2215 1162 2467 1197 venerabilium

249 1201 461 1235 νευθέντων
494 1198 636 1248 εὖαγών
666 1202 787 1244 οἴκων,
821 1201 872 1246 μὴ
905 1200 1021 1237 ἄλλως
1051 1202 1160 1236 τοῦτο
1189 1201 1327 1246 λαμβα-
1396 1202 1596 1245 domorum,
1633 1213 1705 1237 non
1735 1203 1839 1238 aliter
1869 1207 1938 1239 hoc
1968 1204 2123 1249 accipiat
2158 1205 2226 1240 nisi
2256 1206 2363 1241 aliam
2385 1217 2467 1243 mox

249 1248 355 1288 νέτω,
387 1246 418 1280 εἰ
439 1245 489 1291 μὴ
514 1248 637 1291 ἕτερον
660 1243 772 1281 εὐθὺς
795 1248 945 1294 πρᾶγμα
969 1245 1177 1282 δεσποτείας
1199 1245 1327 1290 δικαίῳ
1341 1250 1382 1283 20
1396 1257 1469 1282 rem
1501 1247 1645 1283 dominii
1674 1248 1752 1283 iure
1782 1249 2001 1293 praebuerit,
2036 1259 2081 1284 ex
2111 1260 2180 1295 quo
2212 1251 2359 1286 eandem
2393 1262 2468 1287 rem

249 1291 416 1339 παράσχῃ
453 1292 509 1335 τῷ
543 1288 663 1339 εὖαγεῖ
694 1292 782 1336 οἴκῳ
822 1292 862 1333 ἐξ
896 1285 939 1327 οὗ
973 1292 1016 1327 τὸ
1052 1289 1142 1326 αὐτὸ
1180 1293 1327 1339 πρᾶγμα
1396 1293 1552 1338 accepit,
1584 1295 1723 1328 tantum
1753 1293 1943 1329 habentem
1974 1294 2125 1330 reditum
2158 1299 2329 1340 quantum
2358 1298 2468 1332 habet

249 1334 446 1381 λαμβάνει,
480 1333 663 1380 τοσαύτην
694 1339 776 1380 ἕχον
807 1335 985 1383 πρόςοδον
1008 1334 1151 1381 ὁπόσην
1182 1339 1252 1380 ἔχει
1282 1337 1325 1372 τὸ
1395 1348 1463 1380 res,
1496 1348 1587 1382 quae
1618 1337 1651 1372 ei
1674 1337 1789 1380 datur,
1819 1346 1854 1374 et
1880 1349 1952 1374 non
1975 1340 2167 1375 maioribus
2199 1340 2276 1376 fisci
2307 1345 2465 1386 praesta-

249 1382 416 1428 πρᾶγμα,
448 1378 540 1426 ὅπερ
571 1379 672 1425 αὐτῷ
696 1380 855 1426 δίδοται,
886 1386 947 1417 καὶ
975 1382 1025 1427 μὴ
1050 1381 1189 1417 πλείοσι
1220 1380 1325 1438 Syno-
1396 1383 1550 1419 tionibus
1574 1387 1833 1428 pragravatam,
1857 1388 1897 1419 ut
1920 1388 2001 1429 post
2023 1385 2098 1419 eius
2120 1390 2279 1430 mortem,
2303 1389 2368 1422 aut
2384 1391 2467 1432 post

249 1430 339 1461 σίοις
368 1425 561 1482 τελέσμασι
590 1430 849 1473 βεβαρημενον,
882 1425 970 1462 ὥςτε
999 1428 1090 1472 μετὰ
1119 1427 1186 1470 τὴν
1214 1428 1324 1462 αυτοῦ
1393 1432 1533 1473 tempus
1563 1428 1601 1463 in
1632 1438 1702 1472 quo
1732 1429 1827 1464 datio
1859 1439 1945 1465 usus
1976 1429 2142 1465 convenit
2172 1433 2255 1473 (non
2282 1434 2466 1468 transcen·

249 1469 429 1518 τελευτήν,
466 1485 488 1515 η
522 1471 614 1516 μετὰ
649 1472 717 1508 τὸν
749 1471 882 1518 χρόνον
917 1469 976 1520 ἐφ’
1003 1470 1048 1507 ὃν
1078 1470 1100 1516 ἦ
1133 1470 1233 1507 δόσις
1265 1473 1327 1515 τῆς
1339 1475 1382 1509 25
1394 1473 1480 1508 dens
1505 1473 1666 1509 videlicet
1689 1474 1898 1519 accipientis
1922 1474 2043 1518 vitam)
2073 1478 2225 1519 utraque
2247 1486 2305 1512 res
2329 1477 2466 1522 integra

248 1516 404 1562 χρήσεως
427 1513 598 1564 συνήρεσε
628 1517 688 1562 (μὴ
709 1514 979 1563 ὑπερβαίνοντα
1005 1516 1140 1574 δηλαδὴ
1171 1517 1237 1560 τὴν
1260 1518 1325 1551 τοῦ
1395 1524 1430 1554 et
1451 1518 1490 1553 in
1513 1518 1705 1554 dominium
1737 1522 1773 1555 et
1802 1520 1839 1555 in
1861 1530 1965 1555 usum
1994 1520 2032 1556 in
2062 1520 2209 1556 eandem
2231 1522 2466 1558 venerabilem

249 1561 497 1606 λαμβάνοντος
530 1560 642 1606 ζωὴν)
682 1562 854 1609 ἑκάτερον
888 1565 1038 1609 πρᾶγμα
1072 1564 1119 1598 ἐπ
1171 1559 1325 1607 ἀκεραίῳ
1394 1563 1537 1599 domum
1558 1563 1751 1610 perveniat.

248 1610 308 1641 καὶ
332 1607 424 1642 κατὰ
446 1605 660 1643 δεσποτείαν
690 1611 750 1642 καὶ
772 1607 866 1644 κατὰ
888 1610 1016 1656 χρῆσιν
1045 1609 1093 1643 εἰς
1123 1608 1190 1643 τὸν
1214 1605 1327 1643 αὐτὸν

249 1649 360 1699 εὐαγῆ
384 1653 483 1687 οἶκον
506 1652 723 1699 περιελθεῖν.

1236 1765 1392 1802 CAPUT
1415 1766 1479 1802 111.

311 1832 379 1867 Τὰς
399 1832 602 1878 μισθώσεις
625 1831 665 1867 δὲ
686 1832 786 1878 παρὰ
809 1834 887 1867 τῶν
906 1829 1030 1868 αὐτῶν
1053 1830 1195 1880 εὐαγῶν
1214 1833 1326 1868 οἴκων
1338 1835 1380 1868 30
1460 1833 1673 1869 Locationes
1701 1845 1784 1871 vero
1815 1835 1861 1870 ab
1892 1834 1979 1879 ipsis
2009 1834 2272 1870 venerabilibus
2302 1836 2464 1874 domibus

247 1878 420 1925 γίνεσθαι
449 1879 699 1924 συγχωροῦμεν
729 1879 777 1912 εἰς
805 1875 864 1912 οὓς
895 1876 941 1912 ἂν
969 1881 1042 1912 τοῖς
1064 1877 1324 1912 συναλλάττου-
1392 1878 1470 1913 fieri
1498 1879 1725 1915 concedimus
1759 1881 1796 1915 in
1830 1884 2136 1925 quantoscumque
2172 1882 2465 1918 contrahentibus

249 1935 309 1958 σιν
332 1922 514 1957 ἐνιαυτοὺς
546 1926 740 1971 συναρέσῃ,
775 1921 825 1967 μὴ
862 1921 1149 1969 ὑπερβαινούσας
1188 1921 1324 1967 δηλαδὴ
1392 1933 1507 1959 annos
1531 1924 1723 1969 placuerit,
1754 1936 1826 1960 non
1849 1925 2184 1961 transcendentibus
2214 1926 2377 1962 videlicet
2401 1927 2463 1962 tri-

247 1967 316 2003 τὸν
338 1970 596 2014 τριακονταετῆ
618 1965 759 2014 χρόνον.
1391 1967 1490 2013 ginta
1512 1979 1685 2005 annorum
1707 1975 1858 2015 tempus.

317 2071 344 2093 c.
367 2059 414 2092 II
432 2058 489 2091 Εἴ
504 2067 558 2091 τις
581 2082 589 2090 .
603 2082 611 2090 .
625 2083 633 2090 .
647 2083 655 2091 .
680 2059 775 2091 habet
797 2058 1001 2101 Epanaqoye
1027 2061 1079 2101 10,
1094 2067 1122 2093 9.

311 2116 337 2137 c.
362 2104 428 2137 III
447 2104 669 2147 interpolatum
694 2104 841 2137 exhibent
863 2102 1043 2137 Prochiron
1071 2106 1122 2146 15,
1139 2112 1167 2146 5,
1190 2105 1397 2148 Epanaqoye
1423 2105 1475 2146 10,
1492 2110 1519 2137 2.

244 2192 456 2239 praebetur,
490 2194 706 2227 memoratae
736 2195 854 2226 autem
888 2190 1108 2227 venerabiles
1138 2190 1264 2227 domus
1297 2190 1346 2227 ad
1374 2202 1467 2238 quas
1499 2190 1589 2228 haec
1618 2191 1699 2227 loca
1728 2192 1911 2238 pertinent
1944 2203 1988 2227 ea
2018 2192 2165 2237 reficere
2197 2202 2272 2228 non
2299 2199 2464 2240 possunt,

247 2241 460 2284 potestatem
490 2235 618 2271 damus
647 2235 999 2271 administratoribus
1032 2247 1156 2272 earum
1187 2241 1366 2283 perpetuo
1398 2236 1668 2289 emphyteuseos
1697 2237 1776 2272 iure
1806 2237 1871 2272 illa
1902 2237 1981 2273 loca
2004 2237 2166 2280 locandi,
2201 2238 2252 2273 ita
2276 2242 2393 2275 tamen
2424 2246 2466 2278 ut

248 2281 492 2329 emphyteusis
519 2280 575 2316 vel
603 2280 670 2316 sub
701 2281 806 2316 tertia
833 2286 943 2327 parte
968 2282 1203 2328 pensionum,
1239 2292 1333 2328 quae
1363 2293 1413 2318 ex
1432 2281 1607 2327 aedificiis
1636 2281 1755 2317 adhuc
1783 2283 1961 2318 stantibus
1990 2282 2261 2328 colliqebantur,
2291 2284 2336 2320 ab
2360 2285 2463 2322 initio

249 2332 316 2364 tem
345 2327 420 2362 oris
441 2325 715 2373 emphyteuseos
728 2326 921 2372 procedat,
953 2326 1011 2362 vel
1030 2327 1063 2362 si
1085 2326 1316 2374 emphyteuta
1338 2326 1407 2362 hac
1423 2327 1552 2373 potius
1575 2326 1786 2363 condicione
1809 2338 1852 2362 ea
1876 2327 1957 2362 loca
1981 2327 2144 2374 accipere
2167 2327 2269 2370 velit,
2300 2333 2342 2365 ut
2387 2332 2465 2366 rius

248 2338 413 2417 aediiicet
446 2376 482 2408 et
515 2382 565 2407 eae
624 2371 831 2407 ensionibus
865 2371 939 2407 illic
972 2372 1167 2407 secundum
1202 2372 1483 2408 aestimationem
1516 2371 1686 2408 redituris
1723 2371 1907 2407 dimidiam
1934 2378 2079 2418 partem
2112 2373 2307 2409 venerabili
2368 2376 2464 2411 omui

244 2421 407 2465 praestet
435 2428 459 2452 a
482 2427 556 2463 qua
579 2381 644 2452 iiia
666 2417 753 2452 loca·
770 2416 914 2463 accipit,
945 2418 1052 2453 etiam
1075 2416 1142 2453 hoc
1161 2417 1245 2463 fieri
1265 2417 1516 2464 permittimus,
1548 2417 1602 2453 uti
1624 2421 1743 2452 autem
1766 2417 2030 2464 emphyteutam
2054 2416 2160 2454 talem
2182 2417 2289 2454 etiam
2312 2422 2464 2457 materia

247 2462 297 2499 ibi
319 2473 370 2499 ex
391 2461 523 2497 dirutis
544 2461 720 2507 aedificiis
743 2462 898 2498 inventa.
1490 2494 1492 2496 .

381 2507 427 2543 11.
475 2507 610 2550 Quodsi
658 2507 715 2542 uis
737 2506 893 2543 voluerit
915 2507 1107 2553 quamlibet
1129 2518 1204 2542 rem
1219 2506 1431 2543 immobilem
1453 2506 1686 2552 ususfructus
1701 2507 1844 2542 nomine
1863 2518 1886 2542 a
1905 2507 2131 2543 sanctissima
2154 2508 2291 2545 maiore
2313 2510 2462 2547 eeclesia

246 2552 371 2605 reqiae
393 2551 548 2588 civitatis
578 2518 729 2588 velquna
752 2563 803 2588 ex
825 2552 1030 2588 memoratis
1053 2552 1312 2588 venerabilibus
1334 2551 1498 2587 domibus
1521 2551 1695 2598 accipere,
1726 2563 1800 2586 non
1822 2551 1930 2587 aliter
1957 2563 2037 2588 eam
2060 2552 2219 2599 accipiat
2249 2554 2320 2589 nisi
2341 2556 2461 2591 statim

248 2599 357 2634 aliam
379 2608 453 2633 rem
477 2596 670 2633 venerabili
692 2596 814 2632 domui
836 2608 859 2632 a
883 2607 956 2643 qua
979 2608 1058 2633 eam
1080 2608 1156 2632 rem
1179 2597 1317 2644 accepit
1340 2596 1489 2632 dominii
1513 2597 1592 2632 iure
1609 2597 1848 2642 praestiterit,
1881 2607 1975 2642 quae
1999 2601 2135 2633 tantum
2158 2598 2312 2634 reditum
2334 2598 2463 2637 habeat

248 2646 422 2690 quantum
445 2641 552 2678 habet
570 2653 641 2684 res,
664 2653 758 2688 quae
776 2642 810 2678 ei
828 2642 948 2685 datur,
972 2653 1038 2678 nec
1055 2641 1227 2689 pluribus
1241 2642 1402 2688 publicis
1427 2642 1567 2678 tributis
1588 2645 1744 2688 ⁴qravata
1765 2642 1828 2683 sit,
1853 2646 1893 2676 ut
1907 2646 2000 2688 post
2021 2648 2170 2678 mortem
2192 2643 2279 2687 eius,
2303 2645 2359 2680 vel
2376 2650 2464 2691 post

249 2696 387 2735 tempus
409 2687 448 2723 in
471 2686 571 2734 quod
593 2698 695 2722 usum
718 2686 802 2722 dari
819 2687 964 2734 placuit
993 2690 1079 2730 (non
1102 2687 1280 2723 excedens
1301 2687 1438 2723 scilicet
1459 2688 1567 2722 vitam
1590 2687 1666 2722 eius
1689 2686 1752 2739 qui
1775 2687 1927 2733 aceepit)
1960 2691 2114 2733 utraque
2144 2698 2203 2723 res
2223 2688 2262 2723 in
2285 2689 2461 2736 inteqrum

246 2738 282 2770 et
306 2733 458 2769 dominii
477 2737 515 2768 et
536 2733 769 2778 ususfructus
791 2732 871 2768 iure
893 2732 944 2768 ad
965 2732 1113 2768 eandem
1137 2732 1369 2769 venerabilem
1394 2731 1537 2767 domum
1553 2735 1757 2779 pervemat.

382 2778 446 2814 111.
493 2777 710 2813 Locutiones
739 2781 858 2813 autem
888 2777 933 2813 ab
960 2777 1086 2813 iisdem
1116 2776 1375 2813 venerabilibus
1405 2777 1494 2813 locis
1520 2777 1604 2823 fieri
1630 2777 1869 2823 permittimus
1898 2775 1938 2811 in
1968 2780 2023 2813 tot
2051 2787 2169 2813 annos
2198 2782 2290 2824 quot
2318 2783 2460 2815 eontra-

248 2823 414 2860 hentibus
433 2822 627 2871 placuerit,
651 2827 692 2858 ut
714 2822 882 2858 nimirum
905 2833 980 2858 non
1003 2822 1182 2858 excedant
1207 2828 1345 2869 tempus
1367 2822 1519 2868 triginta
1541 2832 1728 2857 annorum.

293 2937 314 2970 2
336 2933 399 2979 μὴ]
421 2930 465 2968 οὗ
480 2935 513 2969 L
531 2934 579 2979 113
604 2934 687 2969 τοὺς
709 2931 854 2969 τούτων
877 2931 1058 2976 διοικητὰς
1083 2935 1113 2968 L
1136 2934 1218 2978 ipsis
1236 2933 1324 2968 ordi-

248 2981 420 3014 natoribus
440 2991 552 3013 earum
568 2992 588 3016 ς
603 2982 616 3024 11
635 2984 654 3015 5
678 2977 701 3023 ἢ
722 2993 780 3014 om.
793 2992 813 3017 ς
829 2980 842 3024 11
859 2981 880 3014 9
903 2978 1068 3025 βουληθῇ
1090 2981 1197 3024 Epan.
1215 2980 1227 3023 11
1244 2978 1325 3014 τοὺς
1393 2981 1413 3014 3
1437 2990 1551 3013 eorum
1564 2978 1656 3013 R2T
1675 2990 1787 3012 eorum
1810 2979 1846 3012 in
1869 2978 1921 3023 Vn
1939 2981 1962 3013 4
1984 2979 2028 3012 tu'u
2044 2979 2078 3012 R
2095 2978 2107 3022 11
2124 2980 2144 3013 6
2164 2979 2372 3022 principibus
2394 2981 2428 3014 R

246 3023 397 3067 τόπους,
421 3020 521 3066 ὥςτε]
552 3029 590 3058 ut
613 3025 686 3059 loca
707 3037 729 3062 ς
753 3025 760 3070 1
793 3027 833 3060 10
857 3021 1138 3068 ἀνοικοδομῆσαι
1160 3025 1324 3068 Β311καὶ]
1393 3027 1411 3058 7
1429 3024 1539 3058 uoluit
1558 3025 1592 3058 V
1608 3023 1764 3057 maluerit
1783 3023 1837 3068 Τ11
1856 3026 1875 3058 8
1899 3024 2032 3067 *accipi
2055 3027 2095 3057 ut
2117 3023 2202 3066 loca]
2225 3026 2367 3067 accipiat
2388 3025 2462 3059 loca

253 3068 270 3081 ’⁸
294 3072 345 3105 B⁶
367 3071 381 3115 11
408 3071 448 3105 13
472 3069 605 3104 τόπους
630 3083 687 3104 om.
717 3071 747 3105 C
772 3070 777 3114 1
802 3069 974 3116 γίνεσθαι
1002 3071 1147 3114 CEpan.
1170 3070 1182 3111 11
1209 3072 1251 3105 14
1273 3066 1325 3110 δὲ]
1391 3070 1461 3103 RT
1486 3069 1628 3112 accipiat
1649 3074 1689 3102 ut
1711 3069 1784 3102 loca
1803 3069 1836 3103 V
1853 3069 1994 3111 accipiat
2015 3069 2175 3112 (accipere
2198 3070 2304 3112 Beck)
2327 3069 2401 3103 loca
2423 3073 2462 3104 ut

247 3083 291 3150 δὲ
311 3118 373 3150 καὶ
395 3116 447 3158 L,
473 3116 522 3150 B·
538 3128 570 3149 υ.
585 3117 606 3149 l.
625 3116 638 3160 11
658 3115 838 3156 τοιοῦτον]
860 3114 1004 3149 τούτων
1032 3116 1060 3149 0
1087 3121 1093 3160 1
1115 3114 1259 3149 ἐκεῖθεν
1282 3115 1324 3156 L,
1391 3116 1476 3158 vuly.
1495 3114 1508 3159 11
1524 3116 1544 3149 9
1568 3114 1667 3147 aditis
1686 3114 1718 3148 V
1731 3114 1743 3157 11
1759 3114 1915 3158 pensibus
1938 3115 1987 3147 R¹
2004 3114 2016 3158 11
2036 3117 2075 3149 10
2100 3114 2177 3147 dare
2192 3115 2286 3148 Beck
2303 3115 2315 3157 ss
2333 3117 2371 3150 11
2398 3117 2461 3149 hoo

248 3163 299 3196 B·
321 3175 351 3195 v.
365 3162 415 3205 1.11
443 3162 483 3196 15
507 3161 547 3194 ἐκ
570 3173 628 3195 om.
651 3161 702 3194 B·
720 3174 748 3194 υ.
763 3161 784 3194 l.
809 3160 822 3204 11
849 3162 889 3194 16
913 3170 966 3194 τις
990 3173 1048 3194 om.
1104 3162 1118 3180 ⁶
1139 3162 1151 3203 11
1177 3158 1325 3203 κινητὸν
1393 3160 1532 3204 Tvu19.]
1557 3160 1636 3193 haec
1651 3159 1752 3203 RVn
1766 3160 1818 3192 uti
1843 3160 1887 3201 Τ]
1911 3162 1950 3192 ut
1969 3159 2019 3192 R¹
2048 3162 2164 3192 utatur
2186 3159 2287 3198 1⁷‚R2
2301 3162 2334 3194 in
2347 3173 2460 3204 mar-9„

253 3207 283 3240 0
301 3205 315 3250 11
341 3208 380 3241 17
405 3203 608 3250 λαμβάνειν
632 3206 682 3240 Βο
703 3206 716 3249 11
747 3207 789 3240 19
813 3201 955 3250 εὗαγῶν
978 3218 1037 3240 om.
1067 3205 1215 3248 G'Epan.
1243 3207 1255 3243 ΙΙ
1282 3205 1320 3239 21
1391 3206 1475 3247 vuly.
1500 3205 1512 3248 11
1536 3215 1613 3238 vero
1636 3217 1695 3238 om.
1721 3205 1770 3237 lt²
1793 3203 1806 3248 11
1836 3205 1878 3238 12
1901 3203 2134 3247 emphiteotam
2158 3204 2219 3246 12¹]
2253 3205 2460 3249 emphyteota

249 3250 429 3297 παράσχοι
445 3252 510 3286 cv.
526 3253 561 3306 L,¹
569 3251 680 3295 Epan.
700 3251 712 3292 11
727 3250 780 3304 τῷ
799 3247 920 3295 εὖαγεῖ
933 3249 1020 3293 οἴκῳ
1037 3263 1096 3284 om.
1109 3262 1128 3286 ς
1145 3250 1158 3293 11
1175 3251 1218 3284 22
1234 3246 1324 3285 ‹ind-
1399 3250 1462 3283 VT
1460 3250 1508 3283 122
1523 3250 1536 3293 11
1559 3251 1732 3283 inuentam
1757 3249 1789 3283 T
1807 3249 1820 3293 11
1836 3249 1876 3282 de
1900 3251 1977 3283 add.
1992 3250 2079 3292 vuly.
2097 3250 2109 3292 11
2138 3250 2178 3283 13
2202 3251 2374 3283 materiam
2398 3251 2431 3284 T
2446 3248 2460 3295 11

250 3307 316 3330 σον
344 3296 456 3341 01125
478 3292 515 3339 ἢ]
538 3308 560 3338 η
583 3298 644 3329 καὶ
667 3296 703 3329 Β
719 3295 733 3339 11
749 3290 815 3341 υφ’
834 3291 880 3329 ὃν
903 3296 947 3329 Μ
968 3295 981 3339 11
1008 3297 1047 3330 27
1074 3291 1229 3339 ἆκεραίῳ
1253 3297 1323 3336 καὶ]
1393 3296 1433 3328 16
1458 3294 1651 3337 quamlibet]
1675 3294 1775 3327 aliam
1794 3293 1975 3337 quamlibet
1996 3294 2051 3338 Vll
2071 3296 2110 3329 18
2130 3295 2223 3336 regia
2243 3294 2295 3328 V¹
2311 3294 2325 3340 fl
2339 3305 2459 3328 memo-

249 3343 309 3374 καὶ
332 3355 391 3376 om.
419 3342 448 3375 0
471 3340 483 3386 11
512 3342 554 3375 28
579 3336 694 3374 αὐτὸν
718 3354 776 3374 om.
803 3341 832 3374 0
859 3342 871 3382 11
899 3341 942 3374 30
965 3341 1066 3384 παρὰ
1091 3340 1170 3374 τῶν
1201 3336 1325 3373 αὐτῶν
1390 3343 1537 3372 ratorum
1569 3340 1603 3373 V
1618 3340 1631 3383 11
1659 3350 1729 3373 rem
1751 3350 1827 3372 mox
1852 3339 1884 3372 T
1908 3339 1921 3382 11
1949 3341 1991 3373 20
2016 3349 2055 3371 ex
2079 3349 2145 3381 qua
2166 3339 2217 3372 R²
2239 3341 2296 3382 (id.
2322 3340 2424 3381 Beck)
2445 3337 2458 3383 11

249 3386 326 3420 LB
339 3387 368 3420 0
375 3387 439 3421 Iul.
464 3391 506 3428 (π
553 3385 577 3419 ὰ
601 3386 679 3420 τῶν
701 3385 898 3430 εἰρημένων
920 3385 1038 3419 Proch.
1062 3386 1198 3428 Epan.)]
1230 3380 1321 3429 παρ’
1354 3398 1357 3452 Ι
1390 3385 1430 3418 21
1452 3388 1560 3418 tamen
1572 3385 1681 3418 R¹T¹
1697 3385 1710 3428 11
1727 3385 1770 3418 22
1794 3395 1831 3417 ea
1848 3384 1898 3417 13²
1913 3383 1925 3428 11
1944 3386 1984 3418 23
2009 3386 2258 3435 praegrauatam
2275 3395 2337 3435 ses.
2358 3382 2408 3417 V²
2423 3385 2456 3416 in

251 3426 375 3464 αὐτῶν
397 3431 476 3465 τῶν
545 3443 565 3468 ι-
581 3431 594 3475 11
617 3432 655 3466 31
683 3430 855 3476 γίνεσθαι
879 3443 936 3463 om.
959 3430 987 3463 C
1007 3430 1020 3473 11
1043 3426 1114 3472 οὓς]
1148 3425 1251 3464 ὅσους
1274 3431 1323 3464 Β·
1353 3453 1356 3470 ,
1389 3442 1455 3462 ras.
1471 3432 1489 3463 7
1511 3432 1570 3464 liu.
1586 3430 1600 3474 11
1618 3431 1667 3470 ut]
1700 3431 1734 3463 et
1757 3432 1795 3462 ut
1816 3429 1851 3462 R
1868 3431 1881 3470 1
1896 3432 2033 3462 mortem
2057 3439 2129 3462 eius
2153 3430 2186 3462 T
2204 3429 2217 3472 11
2245 3429 2289 3463 24
2308 3437 2346 3461 m
2367 3428 2456 3469 quod

250 3488 279 3507 v.
294 3477 326 3517 1.,
342 3477 419 3513 B‘c
431 3477 549 3510 Proch.
563 3478 672 3520 Epan.
687 3477 777 3518 (lul.)
794 3475 807 3518 11
826 3477 868 3509 32
883 3475 1056 3508 ἐνιαυτοῖς
1068 3476 1123 3516 Μ,
1136 3488 1194 3509 οηι.
1205 3475 1320 3509 Proch.
1353 3475 1356 3518 1
1389 3474 1483 3508 Beck
1499 3476 1512 3518 11
1529 3474 1761 3508 transcendens
1781 3472 1846 3517 Tb]
1869 3473 2106 3507 transcendent
2122 3474 2177 3508 T*
2205 3472 2456 3506 transcendente

251 3520 359 3562 Epan.
387 3522 399 3561 11
428 3523 604 3567 συναρέσῃ
628 3521 759 3562 Procli]
794 3521 983 3564 συναρέσαι
1007 3521 1150 3554 MLBO
1169 3521 1280 3564 Epan.
1309 3519 1322 3564 11
1387 3519 1457 3552 ΒΤ
1474 3520 1547 3562 1125
1572 3520 1771 3564 accipientes
1786 3520 1862 3561 (dol.
1882 3519 1943 3561 V⁸)
1976 3518 2075 3562 VT!
2100 3519 2203 3551 uitam
2218 3517 2263 3558 R]
2294 3516 2343 3549 ita
2367 3517 2431 3568 ΥΤ
2443 3517 2457 3562 11

252 3561 536 3608 ὑπερβαίνοντας
554 3567 638 3600 L13⁰
648 3566 760 3610 Epan.
792 3564 1100 3598 transcendentibus
1122 3567 1196 3607 (i-e.
1215 3561 1321 3610 ὑπερ·
1388 3564 1431 3598 26
1452 3563 1490 3597 in
1513 3565 1626 3598 eadem
1648 3566 1681 3599 R
1715 3566 1749 3598 et
1769 3563 1807 3597 in
1827 3564 1963 3598 eandem
1984 3563 2034 3598 Τι
2078 3565 2123 3597 30
2132 3560 2455 3613 ήδη-Ἔζοῃοηῦύοε

252 3611 439 3650 βαίνουσιν
446 3611 475 3653 τ)
499 3622 519 3647 ς
1386 3608 1501 3686 {inmun
1516 3610 1630 3651 (huius
1643 3610 1734 3688 regiqe
1747 3609 1896 3663 pinitatis
1915 3610 2004 3688 agg}
2010 3652 2011 3655 Ἴ
2043 3606 2337 3685 ῃζοῗῃῗδζιέεέηιξα
2346 3617 2455 3686 ξιὲιιιιῗ

1386 3663 1701 3744 οἷίῗέῃῗὲἒὲἷέῗη
1719 3667 1772 3733 33²
1784 3655 1915 3742 2'2‘230'31‘22'
1936 3663 2042 3738 3,ιῖἒί
2065 3694 2266 3739 temporibus
2291 3675 2367 3730 uir.-

1459 2935 1481 2969 2
1503 2934 1584 2967 haeo
1605 2933 1678 2967 loca
1700 2934 1830 2978 Rvuly.
1858 2933 1871 2978 11
1892 2933 2103 2967 rehedifloare
2131 2933 2224 2986 VTJJ
2253 2934 2381 2978 possint
2399 2935 2434 2969 V
