2618 4010
271 110 312 153 N
313 123 379 154 ov.
399 108 516 152 XCII
549 114 567 153 1

271 220 472 263 ποιήσαιτο.
519 214 616 253 οὕτω
644 217 714 264 γὰρ
743 215 850 254 οὐδὲν
880 220 934 254 ἔτι
965 223 1042 254 ταῖς
1073 217 1221 264 δωρεαῖς
1243 221 1346 267 dyna-

270 265 446 306 λέσουσιν,
466 265 606 306 ἔχοντες
627 265 696 307 μὲν
720 264 780 299 ἐπὶ
799 263 901 311 πάσῃ
923 266 968 311 τῇ
992 262 1098 299 οὐσία
1120 265 1185 298 τοῦ
1209 265 1346 310 πατρὸς

270 309 312 344 τὸ
349 306 423 343 ἀπὸ
457 309 537 343 τῶν
570 304 709 352 νόμων,
745 308 837 343 κατὰ
867 311 1042 344 τοσοῦτον
1079 298 1119 343 δὲ
1149 305 1345 354 αὐξομένου

269 352 397 388 τούτου
421 354 485 387 τοῦ
509 355 650 397 μέτρου,
674 349 768 387 καθ’
790 349 879 388 ὅσον
904 357 963 387 καὶ
986 354 1031 388 τὰ
1057 354 1254 400 πράγματα
1275 354 1345 397 εἶχε

268 399 333 432 τοῦ
350 397 487 443 πατρὸς
507 400 595 442 πρὶν
617 400 694 431 ταῖς
710 395 860 444 δωρεαῖς
882 398 1102 442 ἐξαντληθεί
1124 425 1131 432 .
1175 395 1217 433 οὗ
1238 397 1345 434 δυνα-

267 446 390 487 μένων
409 443 487 477 τῶν
505 445 583 476 ταῖς
598 439 746 487 δωρεαῖς
764 446 1014 488 τετιμημένων
1033 448 1103 478 παί
1126 457 1180 478 ων
1194 443 1345 489 φάσκειν

268 484 459 532 ἀρκεῖσθαι
487 489 555 531 μὲν
583 490 661 522 ταῖς
683 483 846 533 ἀμέτροις
868 489 1017 523 ταύταις
1040 487 1203 534 δωρεαῖς,
1228 487 1345 524 δοκεῖν

269 530 308 566 δὲ
322 530 554 579 ἀφίστασθαι
569 533 634 567 τοῦ
651 533 822 578 πατρῴου
838 532 977 578 κλήρου,
1002 530 1080 568 ἀλλ’
1102 531 1165 568 οὔκ
1189 531 1344 580 ἀναγκα-

269 580 432 633 ζομένων
446 580 524 622 μέν,
541 578 572 632 εἰ
587 574 782 632 ᾀρκοῦνται
796 581 874 612 ταῖς
890 576 1053 623 δωρεαῖς,
1078 577 1345 622 καταδέχεσθαι

1331 107 1416 156 458

1836 124 1897 156 DE
1923 125 1970 156 IN
1971 124 2129 157 MENSIS
2156 123 2484 157 DONA’HORIBUS

1413 218 1618 264 honoravit,
1641 219 1786 258 faceret.
1832 221 1892 258 Sic
1914 223 2008 260 enim
2030 223 2120 259 nihil
2139 223 2287 259 ulterius
2309 222 2348 259 in
2371 222 2480 259 dona-

1413 263 1570 299 tionibus
1594 265 1836 308 querebantur
1869 267 2040 304 babentes
2062 268 2202 314 quidem
2224 269 2260 304 in
2279 267 2376 304 omni
2397 268 2481 304 sub-

1414 308 1548 344 stantia
1570 310 1684 362 patris
1714 311 1809 355 quod
1829 293 2023 356 fegitimum
2045 317 2110 357 est,
2141 314 2178 350 in
2200 316 2339 349 tantum
2362 317 2482 348 autem

1413 357 1521 389 aucta
1542 356 1756 398 quantitate.
1788 360 1960 400 quantum
1987 358 2114 395 babuit
2140 358 2340 395 substantia
2391 358 2481 394 atris

1381 404 1400 435 5
1413 403 1496 434 ante
1520 409 1603 434 uam
1637 399 1887 436 donationibus
1923 402 2186 448 exhauriretur-3
2226 415 2299 440 non
2332 414 2352 439 v
2390 403 2480 438 enti-

1413 443 1481 479 bus
1544 443 1565 451 ''
1603 443 1670 524 {¹¹³
1692 444 1945 483 donationibus
1963 447 2127 485 honorati
2144 452 2229 485 sunt
2251 449 2370 485 dicere
2393 458 2480 484 con-

1412 492 1531 524 tentos
1554 499 1613 534 qui
1639 499 1694 525 em
1717 498 1797 526 esse
1815 490 1983 528 inmensis
2004 491 2061 529 bis
2081 493 2344 538 donationibus,
2367 493 2480 529 videri

1412 536 1532 568 autem
1562 534 1742 571 abstinere
1771 538 1921 580 paterna
1949 536 2154 581 hereditate,
2186 539 2249 575 sed
2279 548 2393 584 neque
2418 548 2479 574 co·

1411 578 1534 623 gendis
1558 579 1715 624 quidem,
1739 579 1772 616 si
1795 581 1953 616 contenti
1975 585 2059 617 sunt
2082 583 2342 628 donationibus,
2366 583 2480 620 susci·

267 636 335 657 τον
365 621 506 676 κ-λῆρον,
537 635 696 669 αναγκην
728 620 768 657 δὲ
795 622 958 666 ἐχόντων
989 625 1079 658 πᾶσι
1102 622 1252 670 τρόποις
1283 626 1344 658 ἐπ·
1359 628 1400 660 10
1412 633 1496 668 pere
1530 623 1781 667 hereditatem,
1823 626 2071 662 necessitatem
2109 631 2229 664 autem
2266 629 2480 665 habentibus

268 679 420 702 ανισουν
453 671 527 702 τοῖς
556 664 721 714 ἀδελφοῖς
754 668 798 702 τὸ
835 668 1009 703 ἐντεῦθεν
1044 667 1216 715 διαφέρον
1251 665 1341 703 καθ’

267 710 357 748 ὅσον
372 712 562 758 εἰρήκαμεν
580 716 722 758 μέτρον,
746 709 834 748 dieve
853 713 902 758 μὴ
921 712 1076 748 ἔλαττον
1100 711 1230 748 αὐτοὺς
1253 716 1345 757 ἐχειν

266 758 309 792 τὸ
335 759 373 791 ἐκ
401 758 479 792 τῶν
501 757 629 803 νόμων
652 755 771 792 αὐτοῖς
795 755 1030 804 ὀφειλόμενον
1063 757 1123 793 διὰ
1154 759 1222 803 τὴν
1244 772 1343 806 γενο-

265 806 379 848 μένην
403 804 463 838 ἐπὶ
486 806 564 838 ταῖς
587 801 736 849 δωρεαῖς
759 800 948 859 ἀμετρίανχ·
974 800 1065 839 ὅπου
1087 818 1128 852 γε
1148 804 1265 845 ἔξεστι
1289 806 1342 848 τῷ

1413 668 1578 704 omuibus
1601 669 1714 705 modis
1739 670 1916 715 complere
1937 671 2109 708 fratribus
2140 674 2236 718 quod
2257 674 2340 710 hinc
2364 673 2481 710 differt

1413 714 1606 749 secundum
1629 725 1734 760 quam
1751 715 1956 760 scripsimus
1978 727 2195 760 mensuram.
2217 722 2258 754 ut
2272 729 2345 755 non
2363 719 2480 754 minus

1412 758 1465 794 illi
1498 759 1654 795 habeant
1688 759 1783 805 quod
1817 771 1862 795 ex
1895 761 2030 806 legibus
2065 762 2116 797 eis
2150 762 2299 799 debetur
2334 767 2481 810 propter

1413 803 1545 840 factam
1582 805 1618 839 in
1653 804 1904 841 donationibus
1943 806 2221 843 inmensitatemz
2260 808 2343 844 dum
2375 808 2481 844 liceat

267 851 378 903 πατρὶ
401 851 529 903 μέτρια
554 849 778 894 φρονήσαντι
801 852 883 895 περὶ
907 862 975 892 την
999 850 1124 884 πᾶσαν
1146 850 1258 896 γονὴν
1284 854 1344 884 καὶ
1359 852 1399 886 15
1413 849 1507 894 patri
1526 849 1753 886 mediocriter
1774 851 1927 895 sapienti
1951 851 2047 887 circa
2071 862 2209 888 omnem
2226 853 2359 898 prolem
2375 853 2481 890 etiam

265 905 339 927 τοις
363 906 437 939 παρ
477 895 586 927 αυτοῦ
611 892 749 937 μᾶλλον
772 890 1023 941 ἀγαπωμένοις
1052 896 1281 941 χαρίσασθαί
1307 908 1343 930 τι

267 938 377 974 πλέον
408 941 468 972 καὶ
498 938 548 983 μὴ
578 938 660 973 τοὺς
691 938 836 974 λοιποὺς
863 937 995 974 παῖδας
1018 937 1079 973 διὰ
1103 942 1164 983 τῆς
1186 941 1233 975 εἰς
1256 942 1342 974 ἐκεί-

266 995 348 1018 νους
381 986 573 1030 γενομένης
608 981 777 1038 ᾇμετρίας
807 982 948 1037 βλάψαι
985 988 1045 1018 καὶ
1079 984 1148 1020 τὸν
1175 983 1343 1032 ἡμέτερον

1412 895 1468 930 his
1499 895 1559 940 qui
1583 896 1630 930 ab
1654 905 1696 931 eo
1719 895 1841 940 potius
1865 896 2058 941 diliguntur
2087 896 2222 933 donare
2251 897 2383 944 aliquid
2406 909 2479 934 am-

1412 940 1517 985 plius,
1546 943 1582 975 et
1605 950 1676 976 non
1702 945 1838 976 ceteros
1861 941 1954 978 filios
1976 952 2042 987 per
2062 941 2323 979 inmensitatem
2344 944 2381 978 in
2400 943 2480 979 illos

1412 985 1543 1020 factam
1562 985 1702 1020 laedere
1726 990 1762 1021 et
1784 989 1942 1022 nostram
1965 987 2218 1024 transcendere
2239 988 2480 1024 intentionem.

266 1030 477 1074 παραβῆναι
506 1041 655 1064 σκοπον.
703 1032 763 1063 καὶ
792 1043 900 1064 τουτο
933 1031 1072 1077 ἐγένετο
1099 1031 1167 1074 μὲν
1194 1028 1281 1075 ἡμῖν
1305 1031 1343 1071 ἐξ
1411 1030 1461 1065 Et
1492 1030 1562 1065 hoo
1595 1030 1734 1075 quidem
1757 1034 1881 1067 nostra
1903 1032 1950 1068 ab
1973 1032 2071 1068 initio
2095 1033 2261 1077 cogitatio
2281 1037 2351 1077 ost,
2381 1033 2479 1069 diffe-

266 1071 373 1119 ἀρχῆς
404 1073 594 1119 ἐνθύμιον,
631 1071 922 1119 ἀναβαλλόμενοι
955 1073 995 1109 δὲ
1017 1072 1107 1110 αὐτὸ
1132 1075 1260 1120 πρώην
1283 1079 1342 1110 καὶ
1357 1078 1397 1111 20
1411 1079 1529 1110 rentes
1565 1079 1683 1111 autem
1715 1075 1802 1112 illud
1835 1076 1969 1112 dudum
2008 1082 2043 1113 et
2076 1077 2310 1113 humanarum
2344 1078 2482 1124 experti

265 1121 343 1154 τῶν
371 1116 628 1166 ἀνθρωπίνων
651 1119 868 1165 πειρώμενοι
891 1122 1029 1167 ψυχῶν,
1060 1119 1254 1166 ἐπειδήπερ
1277 1122 1342 1155 ἑω-

265 1165 385 1210 ρῶμεν
417 1162 545 1199 αὐτοὺς
578 1166 627 1199 εἰς
658 1165 721 1199 τὰς
753 1165 921 1200 τοιαύτας
955 1167 1203 1212 προςπαθείας
1234 1166 1342 1208 ἐξολι-

265 1207 488 1245 σθαίνοντάς
523 1223 564 1244 τε
597 1213 657 1244 καὶ
687 1214 1010 1257 καταφερομένους,
1046 1209 1106 1245 διὰ
1136 1212 1244 1246 τοῦτο
1275 1213 1343 1246 νῦν

265 1254 476 1301 προςθήκην
503 1257 629 1299 ἐκείνῳ
658 1257 712 1299 τῷ
736 1255 839 1300 νόμῳ
870 1255 1009 1298 ταύτην
1035 1255 1251 1301 ποιούμεθα.

1411 1121 1620 1163 animarum,
1645 1122 1810 1165 quoniam
1825 1121 2029 1158 videbamus
2048 1132 2109 1158 eos
2128 1123 2166 1158 in
2182 1123 2382 1159 huiusmodi
2396 1133 2480 1168 pas·

1412 1165 1572 1201 sionibus
1587 1166 1799 1202 labefactari
1814 1171 1921 1212 atque
1936 1167 2163 1211 descendere,
2179 1171 2372 1214 propterea
2384 1179 2481 1204 nunc

1410 1215 1637 1256 augmentum
1659 1212 1711 1247 illi
1734 1211 1802 1257 legi
1825 1212 1893 1248 hoc
1915 1212 2078 1250 facimus.

264 1302 285 1336 1
336 1301 456 1355 Ταῦτα
487 1303 617 1356 μέντοι,
640 1303 760 1355 φαμὲν
791 1305 873 1349 περὶ
903 1300 1049 1356 παίδων
1076 1305 1342 1356 κεχαρισμένων
1355 1304 1397 1338 25
1411 1303 1431 1337 1
1477 1301 1578 1337 Haec
1601 1301 1724 1346 itaque
1747 1301 1896 1338 dicimus
1927 1302 1971 1338 de
2000 1302 2083 1339 filiis
2112 1303 2222 1348 gratis
2244 1303 2479 1340 existentibus

264 1345 389 1380 ὄντων
411 1349 546 1389 αυτοῖς,
577 1359 619 1380 ου
641 1360 715 1390 μην
745 1349 826 1391 περὶ
857 1349 936 1381 τῶν
959 1360 1188 1392 αγνωμονων
1210 1351 1269 1381 καὶ
1292 1347 1343 1382 οἷς

264 1388 285 1424 ὁ
309 1391 432 1436 πατὴρ
455 1389 600 1426 δικαίαν
630 1404 671 1425 τε
700 1394 759 1425 καὶ
779 1391 935 1436 νόμιμον
960 1389 1174 1438 ἀχαριστίαν
1205 1392 1340 1439 ἐπάγει.

264 1437 303 1492 εἰ(
316 1436 387 1490 γόιρ
410 1437 519 1470 τοῦτο
550 1433 665 1471 οὕτως
687 1438 769 1479 ἔχον
792 1441 920 1483 φανείη
951 1441 1010 1492 οιαὶ
1035 1434 1342 1491 ἇποδειχθείησαν

1410 1346 1472 1388 eis,
1498 1357 1569 1382 non
1591 1346 1634 1382 de
1651 1347 1799 1391 ingratis
1822 1353 1858 1383 et
1904 1348 2009 1384 uibus
2032 1352 2135 1393 pater
2156 1349 2285 1384 iustam
2308 1352 2344 1384 et
2366 1349 2478 1394 legiti-

1410 1402 1504 1427 mam
1526 1391 1815 1436 ingratitudinem
1839 1392 1875 1428 in
1893 1397 1957 1429 ert.
2004 1393 2096 1429 Nam
2127 1394 2158 1429 si
2181 1393 2250 1429 hoc
2281 1394 2332 1429 ita
2353 1403 2392 1429 se
2415 1394 2478 1429 ha-

1412 1437 1494 1472 bere
1525 1437 1733 1489 apparuerit
1765 1441 1801 1472 et
1829 1439 2073 1483 approbentur
2102 1438 2367 1482 ingratitudinis
2395 1449 2479 1475 cau-

263 1495 302 1515 αι
321 1492 383 1525 της
413 1479 621 1527 ἀχαριστίας
651 1483 781 1520 αἰτίαι,
812 1484 907 1516 ἔστω
930 1495 975 1516 τα
1008 1484 1085 1517 τῶν
1108 1496 1236 1528 νομων
1263 1485 1342 1518 τῶν
1410 1492 1488 1523 sae,
1522 1489 1592 1518 Slnt
1615 1493 1659 1518 ea
1682 1492 1774 1527 quae
1798 1483 1874 1528 lege
1906 1483 1950 1519 de
1971 1484 2118 1529 ingratis
2142 1484 2260 1529 posita
2282 1487 2367 1520 sunt
2388 1489 2479 1527 rata,

263 1529 324 1581 {912
355 1530 428 1562 τοῖς
457 1523 660 1572 ἀχαρίστοις
689 1530 864 1561 κειαένων
886 1526 1008 1574 κύρια,
1039 1525 1145 1563 οὐδὲν
1175 1530 1215 1562 ἐκ
1237 1527 1339 1572 τῆςδε
1355 1532 1395 1563 30
1410 1528 1496 1562 nihil
1519 1528 1588 1563 hac
1612 1532 1735 1564 nostra
1757 1528 1978 1573 legislatione
2000 1529 2202 1564 minuenda.

262 1573 367 1616 ημῶν
389 1573 452 1615 τῆς
474 1572 692 1617 νομοθεσίας
715 1573 733 1605 ἐ
778 1572 965 1616 ττούμενα.

318 1614 599 1664 <Furii-0706.)
660 1616 709 1652 Τὰ
738 1621 864 1652 τοίνυν
894 1616 1135 1662 παραστάντα
1163 1615 1250 1662 ἡμῖν
1280 1622 1339 1653 καὶ

263 1660 324 1696 διὰ
359 1660 464 1697 τοῦδε
499 1660 698 1706 δηλούμενα
733 1664 797 1697 τοῦ
828 1663 933 1697 θείου
963 1660 1067 1707 ἡμῶν
1098 1662 1210 1707 νόμου
1242 1661 1264 1706 ἡ
1293 1663 1339 1707 σὴ

263 1705 418 1753 ὑπεροχὴ
443 1709 536 1755 ἔργῳ
565 1711 626 1742 καὶ
649 1711 778 1752 πέρατι
802 1706 1031 1754 παραδοῦναι
1055 1705 1259 1743 σπευσάτω.

318 1753 402 1789 Dat.
425 1763 476 1789 vr.
501 1753 549 1788 id.
575 1753 653 1788 Oct.
683 1753 770 1799 (GP.
796 1753 880 1798 imp.
905 1753 964 1789 dn.
988 1753 1177 1789 Iustiniani
1206 1764 1255 1799 pp

261 1808 355 1834 anno
371 1797 470 1833 XIII.
494 1798 635 1844 Apione
658 1809 688 1833 v.
715 1809 745 1834 c.
771 1798 889 1843 cons.)

1451 1618 1719 1663 (Epilogus.)
1764 1618 1863 1663 Quae
1877 1619 1985 1663 igitur
2007 1619 2217 1664 placuerunt
2237 1619 2341 1655 nobis
2365 1621 2401 1654 et
2415 1630 2479 1665 per

1408 1663 1501 1698 hanc
1525 1673 1664 1699 sacram
1687 1666 1847 1699 nostram
1871 1664 2053 1700 declarata
2076 1668 2159 1700 sunt
2178 1665 2300 1709 legem,
2324 1668 2388 1700 tua
2408 1666 2477 1700 cel-

1407 1709 1525 1744 situdo
1550 1709 1650 1754 operi
1672 1709 1883 1753 effectuique
1906 1709 2049 1745 tradere
2068 1709 2221 1746 festinet.

1259 1781 1266 1789 .
1292 1755 1335 1790 Δ.
1350 1756 1392 1789 35
1455 1754 1534 1789 Dat.
1558 1764 1609 1789 vr.
1634 1753 1715 1789 idus
1739 1754 1867 1790 Octob.
1895 1769 1980 1786 nu

1312 1802 1357 1841 [a.
1372 1801 1450 1841 539]

261 1899 340 1925 eam
365 1887 567 1923 honoratos
589 1887 787 1932 conferret.
836 1885 896 1923 Ita
919 1887 1011 1924 enim
1034 1898 1107 1923 non
1130 1886 1286 1933 amplius
1310 1886 1525 1922 donationes
1547 1887 1772 1931 incusabant,
1796 1899 1876 1924 cum
1895 1893 1931 1924 et
1949 1899 2000 1924 ex
2019 1888 2118 1923 omni
2136 1887 2338 1924 substantia
2359 1890 2479 1935 patris

261 1933 416 1970 habeant
438 1932 538 1985 quod
560 1932 755 2013 legitimum
778 1936 832 1968 est
854 1936 890 1968 et
911 1933 944 1967 is
966 1932 1092 1968 modus
1113 1933 1151 1967 in
1175 1936 1313 1967 tantum
1337 1936 1466 1968 auctus
1488 1933 1547 1976 sit,
1570 1937 1744 1979 quantum
1767 1933 1970 1969 substantia
1991 1934 2111 1980 patris
2134 1932 2259 1969 habuit
2285 1939 2478 1980 antequam

260 1977 517 2014 donationibus
539 1988 589 2013 ex

615 1978 807 2013 auriretur.
856 1977 953 2014 Neve
983 1978 1090 2013 liceat
1118 1977 1240 2013 liberis
1263 1976 1517 2013 donationibus
1545 1976 1735 2013 honoratis
1757 1979 1875 2014 dicere
1904 1989 1943 2015 se
1966 1982 2154 2014 contentos
2181 1989 2258 2014 esse
2280 1979 2479 2015 immodicis

259 2024 334 2060 illis
357 2022 627 2065 donationibus,
658 2022 774 2058 videri
794 2027 914 2058 autem
937 2034 960 2057 a
978 2027 1140 2069 paterna
1163 2021 1363 2058 hereditate
1385 2021 1575 2063 abstinere,
1597 2022 1662 2058 sed
1683 2034 1728 2059 ne
1751 2027 1929 2070 coqantur
1951 2023 2008 2059 illi
2030 2022 2190 2069 quidem,
2219 2024 2254 2059 si
2274 2024 2477 2060 donationi-

260 2069 326 2105 bus
349 2068 509 2105 contenti
531 2069 623 2110 sint,
655 2066 887 2103 hereditatem
910 2067 1023 2109 adire,
1054 2067 1217 2103 omnibus
1246 2078 1331 2103 vcro
1362 2066 1478 2102 modis
1507 2078 1648 2104 necesse
1679 2067 1835 2104 habeant
1855 2068 2036 2115 fratribus
2065 2067 2105 2103 id
2125 2069 2227 2114 quod
2246 2069 2331 2105 inde
2353 2069 2392 2105 di
2423 2073 2479 2106 ert

260 2114 310 2150 ad
331 2125 410 2150 eam
459 2124 542 2149 uam
566 2112 727 2148 diximus
749 2123 952 2148 mensuram
976 2123 1197 2158 exaequare,
1229 2123 1275 2148 ne
1305 2112 1352 2147 iis
1382 2111 1482 2158 quod
1511 2123 1561 2148 ex
1584 2112 1722 2159 leqibus
1751 2113 1899 2149 debetur
1926 2114 2160 2149 imminuatur
2186 2119 2340 2160 propter
2387 2125 2474 2150 onas

261 2160 377 2196 tiones
407 2170 431 2194 u
446 2163 506 2195 tra
529 2157 673 2193 modum
695 2158 839 2203 factas:
874 2167 954 2192 cum
986 2157 1094 2193 liceat
1119 2157 1226 2204 patri
1255 2156 1375 2192 animo
1399 2157 1586 2193 moderato
1617 2168 1707 2203 crya
1730 2159 1932 2194 universam
1959 2158 2099 2205 prolem
2123 2158 2255 2204 affecto
2288 2163 2325 2195 et
2346 2159 2392 2195 iis
2440 2171 2475 2195 uz

259 2205 376 2251 maqis
399 2203 444 2239 ab
466 2204 548 2250 ipso
572 2203 775 2249 diliquntur
798 2202 954 2249 amplius
978 2202 1119 2248 aliquid
1142 2201 1274 2248 larqiri
1297 2213 1413 2248 neque
1434 2202 1502 2237 reli
1528 2213 1595 2237 uos
1618 2202 1750 2238 liberos
1765 2215 1838 2250 per
1861 2203 2091 2239 donationem
2121 2203 2160 2238 in
2183 2204 2266 2239 illos
2287 2205 2394 2240 immo
2421 2206 2475 2241 ice

257 2251 399 2296 factam
423 2248 566 2285 laedere
588 2251 824 2294 nostrumque
847 2248 1102 2284 circumvenire
1131 2247 1371 2294 propositum.
1419 2246 1468 2283 Et
1516 2257 1560 2283 oc
1586 2248 1728 2293 quidem
1752 2248 1855 2284 nobis
1878 2248 1922 2284 ab
1943 2249 2045 2284 initio
2069 2249 2107 2283 in
2130 2249 2249 2284 animo
2271 2249 2366 2294 fuit,
2397 2261 2477 2285 eum

259 2300 378 2331 autem
401 2293 441 2330 id
455 2293 566 2341 prius
597 2293 826 2339 differremus
855 2297 891 2328 et
920 2292 1102 2328 hominum
1134 2293 1275 2328 animos
1308 2297 1374 2328 tem
1405 2298 1577 2335 tarmus,
1610 2294 1778 2339 quoniam
1806 2305 1869 2330 eos
1899 2293 1949 2329 ad
1970 2292 2146 2329 eiusmodi
2172 2294 2327 2338 affectus
2359 2295 2479 2331 delabi

258 2342 278 2376 1
325 2345 436 2386 atque
457 2339 600 2391 deferri
611 2338 841 2390 cedebamus,
868 2342 1067 2390 propterea
1090 2348 1187 2373 nunc
1211 2336 1305 2373 lianc
1333 2337 1363 2372 il
1375 2338 1389 2373 i
1415 2337 1487 2390 leqi
1513 2338 1747 2374 adiectionem
1771 2339 1939 2385 facimus.

2031 2338 2133 2374 Haec
2154 2342 2270 2374 tamen
2292 2339 2337 2375 de
2357 2340 2477 2376 liberis

258 2385 409 2421 dicimus
433 2395 494 2431 qut
518 2388 616 2430 qratt
639 2387 724 2419 sunt
748 2394 837 2430 crya
861 2394 971 2435 ιρςοε,
1003 2394 1047 2419 ne
1073 2394 1118 2418 ue
1142 2394 1226 2419 vero
1250 2382 1295 2418 de
1317 2383 1474 2429 inqratis
1503 2388 1539 2418 et
1562 2383 1692 2435 quibu-‘3'
1707 2390 1819 2431 pater
1840 2384 1972 2420 iustam
2002 2389 2037 2420 et
2068 2383 2260 2429 leqitimam
2284 2385 2476 2431 inqratitu-

258 2431 376 2467 dinem
398 2429 573 2466 attribuit.
620 2427 716 2464 Nam
744 2428 778 2463 si
805 2427 876 2464 hoc
905 2433 959 2464 ita
989 2439 1028 2464 se

1077 2428 1184 2464 abere
1207 2429 1425 2476 apparuerit
1452 2433 1489 2464 et
1519 2438 1651 2464 causae
1673 2429 1947 2474 mqratitudinis
1970 2428 2152 2476 probatae
2173 2429 2257 2472 sint,
2288 2429 2406 2476 quum
2432 2430 2477 2467 de

258 2476 415 2522 inqratis
437 2475 594 2511 latarum
610 2477 814 2521 praecepta
836 2477 921 2509 rata
943 2473 1017 2509 sint
1048 2484 1134 2510 neve
1157 2484 1206 2509 ex
1230 2473 1299 2508 bac
1323 2472 1401 2520 leqe
1425 2478 1552 2509 nostra
1574 2474 1650 2509 ullo
1674 2473 1781 2510 modo
1805 2475 2072 2510 imminuantur.

393 2519 459 2566 Ep
469 2519 634 2566 iloqus.
681 2517 782 2561 Quae
812 2519 924 2565 iqitur
954 2519 1058 2555 nobis
1082 2518 1305 2565 placuerunt
1340 2523 1376 2554 et
1398 2529 1472 2565 per
1501 2518 1597 2554 hanc
1626 2529 1769 2554 sacram
1800 2519 1912 2565 leqem
1947 2523 2108 2555 nostram
2143 2518 2378 2556 declarantur
2415 2525 2477 2557 tua

257 2566 458 2602 sublimitas
478 2565 528 2600 ad
547 2575 640 2612 opus
662 2564 900 2610 effectumque
923 2564 1103 2599 adducere
1124 2563 1278 2599 studeat.

306 2659 319 2690 1
339 2654 420 2702 γὰρ]
443 2653 489 2702 γοὶ
533 2651 581 2688 ἄν
598 2654 714 2687 ΡνοοΙι.
729 2659 823 2693 auct„
846 2652 917 2705 γὰρ
933 2652 1078 2699 γεγονὸς
1091 2654 1201 2694 Epan.
1216 2660 1311 2686 aucta
1323 2651 1335 2698 ss

257 2698 342 2736 οὐδὲ
362 2702 406 2735 B·
419 2714 447 2735 v.
462 2667 515 2744 l&
529 2699 595 2740 ἔτι]
617 2699 677 2733 ἐπὶ
690 2698 726 2731 Β
742 2698 885 2732 ulterius
900 2709 938 2732 ιιι
954 2711 973 2735 ς
989 2698 1001 2741 ΙΙ
1018 2700 1096 2731 ταῖς
1114 2695 1262 2742 δωρεαῖς
1275 2711 1333 2731 om.

259 2748 374 2781 Proch.
387 2760 418 2780 υ.
434 2747 453 2780 ἰ.
473 2745 486 2789 fl
507 2742 720 2790 ἐγκαλοῦσιν
741 2744 855 2777 ΡνοεΙι.
871 2757 900 2777 υ.
911 2745 930 2776 ί.
947 2745 959 2786 ΙΙ
986 2745 1005 2777 3
1028 2739 1272 2785 αὐξανομένου
1285 2743 1335 2776 Β8

258 2793 375 2826 ΡνοοΙι.
388 2791 455 2824 υ.1.
475 2791 567 2834 Epir.
597 2785 845 2832 (ἆντεξομένου
867 2789 991 2832 Epan.)
1019 2789 1032 2832 ΙΙ
1059 2791 1081 2823 4
1105 2788 1235 2822 τούτου
1257 2788 1333 2828 τοῦ]

257 2837 322 2871 τοῦ
346 2834 511 2871 τοιούτου
524 2835 646 2879 Εραη.,
670 2832 798 2867 τούτου
822 2847 879 2868 om.
898 2835 944 2867 Β*
954 2847 985 2867 υ.
998 2835 1030 2872 l..
1053 2834 1168 2867 Procli.
1182 2840 1278 2873 auct„
1293 2832 1335 2877 ςΙΙ

256 2879 716 2972 ἵῖῗῖἷῖξμιέῗῖἶιῖἐὴᾚ
735 2878 1334 2968 ἓῖἷιῗῖῗὲςίᾎῗὲξχέἶιῗὲῗῑῖἐῗῖἒέζ

258 2974 368 3017 Epan.
383 2979 479 3007 aucta
503 2971 515 3015 ΙΙ
542 2973 559 3004 ‘1
585 2966 750 3014 ἀμέτραις
776 2970 825 3002 L·
848 2970 861 3013 ss
886 2971 906 3003 8
930 2966 1129 3015 ἀφικέσθαι
1154 2969 1235 3010 ΠἿΙ
1257 2964 1334 3008 οὐκ]

258 3028 366 3061 neque
389 3029 410 3054 e
431 3017 444 3056 Ιὶ
470 3018 491 3051 9
512 3016 592 3060 μὲν]
615 3012 770 3059 novam?
795 3015 845 3048 L‘*
869 3014 882 3058 ΙΙ
912 3016 954 3049 12
978 3012 1177 3060 εἰρήκαμεν]
1201 3012 1334 3056 scripsi—

258 3075 332 3097 mus
354 3075 374 3100 ς
388 3063 401 3107 ΙΙ
419 3057 540 3095 αὐτοῖς
562 3063 633 3101 (om.
651 3061 690 3094 13
706 3056 835 3101 αὐτοῖς)
851 3060 941 3103 Epir.
957 3060 970 3102 ΙΙ
991 3062 1032 3094 13
1047 3059 1125 3093 τῶν
1145 3072 1202 3093 οηι.
1217 3058 1334 3092 Proch.

258 3110 367 3152 Epan.
398 3107 412 3152 Ι
442 3109 483 3142 14
505 3103 598 3140 ὅπου
618 3117 659 3151 γε
680 3124 724 3130 —
749 3106 792 3139 24
814 3102 1022 3148 ποιούμεθα
1046 3117 1106 3138 om.
1120 3105 1180 3144 B⁸‚
1213 3105 1253 3138 19
1275 3104 1336 3136 καὶ

257 3154 367 3188 τοῦτο
378 3171 422 3177 —-
434 3154 478 3186 24
490 3149 697 3193 ποιούμεθα
720 3163 779 3184 om.
795 3151 911 3184 Proch-
925 3151 1037 3193 Epan.
1056 3150 1069 3193 ΙΙ
1087 3151 1128 3184 21
1154 3148 1336 3193 ἑωροῢμεν

259 3200 290 3233 L
305 3199 319 3239 Ι
337 3200 381 3234 26
396 3195 519 3231 ὄντων
537 3192 657 3229 αὐτοῖς
670 3195 780 3228 MLB
789 3195 918 3236 Proch.‚
933 3195 1042 3239 Epan.
1058 3196 1165 3235 aucta]
1190 3195 1263 3227 τοῖς
1276 3205 1334 3238 γο-

258 3244 383 3278 νεῦσιν
406 3244 527 3287 Epan.,
552 3253 611 3274 om.
626 3242 716 3283 Epit.
735 3240 747 3277 ΙΙ
766 3242 807 3274 28
831 3239 913 3282 ἔχον
936 3242 1077 3284 φανείη]
1102 3239 1199 3285 φανῇ
1223 3239 1333 3282 Epan.

259 3297 356 3323 aucta
371 3292 383 3331 ΙΙ
402 3290 445 3322 29
461 3287 506 3321 τὰ
519 3286 598 3319 τῶν
610 3283 737 3328 νόμων
748 3304 791 3310 -
806 3287 849 3319 30
861 3287 1035 3326 κειμένων
1047 3288 1205 3328 (κείμενα
1218 3283 1334 3317 Proch-

259 3348 288 3367 υ.
302 3335 350 3375 1.)]
374 3343 412 3367 ea
450 3343 511 3365 uae
527 3331 601 3373 lege
626 3350 668 3355 -
691 3331 801 3374 posita
817 3333 896 3363 sunt
913 3342 932 3366 ς
947 3331 959 3372 ΙΙ
983 3330 1061 3363 τῶν
1078 3330 1149 3371 ἐπὶ]
1173 3328 1251 3362 τῶν
1274 3341 1333 3362 om.

260 3379 290 3413 L
308 3379 320 3422 ΙΙ
338 3381 380 3414 30
399 3375 518 3418 ουδὲν]
537 3374 651 3419 μηδὲν
668 3376 716 3409 Β*
738 3377 808 3416 (om.
825 3376 872 3409 B⁸
884 3389 913 3409 v.
928 3376 963 3417 Ι.)
981 3375 993 3417 ΙΙ
1009 3375 1047 3408 ἐκ
1066 3375 1129 3417 τῆς
1147 3371 1253 3417 ἡμῶν
1275 3384 1335 3407 νυ-

259 3423 434 3466 μοθεσίας
447 3423 497 3457 Br
510 3423 523 3466 ss
540 3423 582 3455 33
600 3418 659 3454 διὰ
680 3417 787 3453 τοῦδε
808 3417 1009 3463 δηλούμενα
1027 3418 1131 3453 θείου
1150 3415 1254 3462 ἡμῶν
1273 3417 1334 3452 νό-

260 3481 326 3509 μου
351 3470 398 3503 Μ
426 3466 487 3502 &a
517 3463 622 3501 τοῦδε
652 3465 716 3499 τοῦ
749 3465 853 3499 θείου
885 3463 1085 3509 δηλούμενα
1115 3463 1228 3507 νόμου
1259 3464 1289 3497 L
1322 3461 1336 3508 ΙΙ

261 3515 304 3546 35
327 3516 447 3547 subscr.
469 3526 527 3547 om.
547 3513 591 3545 M
595 3525 602 3550 ;
627 3510 694 3544 dat.
706 3520 756 3545 vl.
781 3511 855 3544 idua
878 3510 993 3544 Octob.
1015 3522 1051 3550 ες
1076 3510 1107 3542 d.
1124 3519 1173 3544 vl.
1198 3509 1244 3543 id.
1268 3510 1333 3542 oct.

263 3558 329 3590 ind.
343 3567 368 3591 v
387 3560 490 3598 (immo
509 3560 564 3596 m)
585 3558 663 3599 imp.
685 3556 747 3589 Iul.
762 3557 832 3590 cod.
851 3556 1049 3590 coloniensis
1071 3555 1139 3588 dat.
1158 3554 1204 3587 id.
1226 3553 1333 3606 octob.

263 3601 376 3635 indict.
390 3612 453 3637 vn.
474 3612 575 3635 mens.
594 3602 691 3635 Mart.
710 3601 798 3635 Iul.¹⁰
815 3603 887 3644 (om.
903 3601 967 3635 Iul.
982 3601 1074 3634 codd.
1087 3601 1173 3642 ceu.)
1197 3600 1334 3645 ἐγραφη

1403 2650 1432 2690 ς’
1447 2650 1537 2686 ἰδῶν
1551 2649 1783 2698 Ὀκτωβρίων
1800 2651 1983 2697 βασιλείας
1995 2649 2250 2686 Ἰουστινιανοῦ
2265 2650 2309 2686 τὸ
2326 2651 2371 2698 ιγ’
2386 2650 2476 2686 ὑπα-

1401 2701 1498 2732 τείας
1519 2694 1692 2732 Ἀπίωνος
1714 2700 1790 2732 Aeli.
1825 2696 2041 2744 ἑξεφωνήθη
2063 2700 2148 2741 μηνὶ
2171 2694 2361 2742 ὄκτωβρίῳ
2383 2695 2474 2731 ὑπα-

1401 2746 1481 2786 τείᾳ
1502 2739 1661 2778 Ἀπίονος
1686 2744 1806 2778 ΤΙιεοιΙ.

1451 2879 1466 2911 1
1492 2877 1709 2910 honorauerit
1725 2875 1801 2921 132ss
1819 2875 1943 2909 faciens
1960 2875 2012 2909 T¹
2030 2874 2043 2919 ΙΙ
2064 2875 2163 2917 nihil]
2194 2868 2216 2908 ἦ
2237 2876 2284 2910 1⁷¹
2309 2886 2377 2910 non
2398 2875 2446 2909 V³
2463 2874 2476 2921 ΙΙ

1404 2924 1424 2957 2
1441 2922 1690 2964 quaerebuntur
1711 2922 1839 2963 RVTu
1857 2921 2053 2962 *habentesq
2077 2921 2221 2954 habeant
2237 2921 2270 2954 R
2293 2921 2418 2954 habent
2431 2921 2476 2955 T*

1403 2979 1477 3001 cum
1502 2967 1626 3000 habent
1646 2967 1681 3000 V
1697 2968 1755 3009 qui
1779 2966 1902 3000 habent
1926 2966 2074 3009 T²va19.
2104 2965 2118 3011 ΙΙ
2146 2966 2280 3008 quidem
2302 2967 2364 3000 del.
2391 2965 2443 3000 Τ*
2464 2965 2477 3011 ΙΙ

1403 3013 1514 3046 omnia
1535 3012 1583 3046 V¹
1602 3012 1650 3054 113
1675 3012 1807 3054 quidem
1831 3011 1879 3045 R·
1898 3012 1911 3054 ΙΙ
1935 3013 1955 3045 5
1980 3011 2187 3044 exam-iretur
2210 3011 2389 3052 (exarietur
2411 3012 2475 3053 γ’)

1403 3058 1510 3092 RVT
1519 3057 1532 3102 fl
1551 3059 1571 3092 6
1589 3060 1792 3100 contemptos
1807 3056 1938 3100 RVTn
1955 3058 1973 3089 ‘1
1995 3055 2139 3098 quidem]
2164 3067 2198 3089 se
2215 3056 2348 3098 quidem
2365 3055 2476 3101 vulg-ss

1404 3114 1470 3135 esse
1493 3103 1530 3135 in
1554 3102 1713 3136 inmensis
1731 3103 1763 3136 T
1776 3102 1788 3145 ΙΙ
1805 3104 1825 3137 9
1843 3100 2131 3144 contemptilzvu
2153 3103 2188 3135 11
2217 3101 2317 3143 quod]
2342 3101 2474 3143 quidem

1403 3148 1498 3182 R¹T¹
1516 3148 1605 3190 quod
1621 3151 1671 3181 est
1689 3147 1760 3189 V¹1f
1775 3147 1853 3180 huic
1866 3147 1946 3188 RV,
1966 3146 2021 3180 uel
2037 3146 2092 3179 hio
2109 3146 2188 3180 3²⁸.
2199 3159 2227 3179 v.
2239 3145 2252 3190 ss
2264 3147 2306 3179 al.
2320 3146 2409 3189 quod
2420 3146 2474 3180 his

1404 3193 1493 3227 deest
1504 3195 1601 3237 yloss.
1619 3193 1680 3227 Ts.
1693 3205 1725 3227 υ.
1744 3191 1757 3237 ΙΙ
1774 3194 1815 3227 13
1828 3191 1952 3225 habent
1974 3191 2021 3225 1⁷¹
2038 3190 2052 3236 ΙΙ
2066 3191 2167 3233 quod]
2182 3201 2281 3234 quam
2301 3191 2350 3225 V³
2361 3193 2473 3233 (quam

1403 3238 1491 3280 quod
1515 3239 1613 3281 ναις.)
1630 3238 1643 3280 ΙΙ
1670 3239 1713 3272 14
1736 3237 1814 3270 lieet
1838 3236 1915 3280 R¹u
1935 3238 1975 3272 15
1997 3237 2146 3280 sapiente
2171 3237 2247 3278 R¹u
2274 3237 2315 3272 16
2337 3234 2473 3277 aliquod

1404 3284 1435 3316 R
1450 3283 1463 3327 ΙΙ
1484 3285 1523 3317 17
1541 3285 1648 3316 certos
1668 3282 1723 3326 ΤΙΙ
1739 3282 1774 3314 in
1796 3295 1855 3316 om.
1870 3282 1919 3315 R¹
1936 3280 1951 3333 fl
1966 3281 2028 3315 illo
2052 3282 2126 3325 V¹fl
2149 3283 2188 3315 19
2209 3282 2271 3314 boo
2291 3281 2368 3321 VT]
2390 3280 2472 3312 baec

1402 3328 1435 3361 R
1448 3329 1535 3372 vulq.
1555 3327 1568 3372 ΙΙ
1591 3330 1719 3361 nostras
1739 3327 1833 3361 V¹T
1846 3326 1859 3371 ΙΙ
1882 3327 1967 3360 intio
1991 3326 2032 3360 T¹
2049 3326 2066 3379 st
2087 3325 2247 3368 cogitatio
2265 3326 2324 3366 est]
2347 3326 2470 3366 008118-

1402 3374 1493 3406 tione
1515 3373 1562 3406 V¹
1594 3372 1830 3416 cogitationem
1852 3371 1901 3405 Β*
1931 3371 2148 3414 cogitationes
2170 3369 2251 3414 Τί.
2272 3371 2310 3403 21
2335 3378 2390 3402 eas
2408 3368 2442 3402 V
2459 3370 2471 3412 11

1402 3418 1438 3451 in
1459 3418 1647 3452 huiusmodi
1668 3418 1801 3462 Vvu19.]
1827 3417 2015 3450 huiusmodi
2033 3417 2069 3450 in
2086 3415 2178 3460 RTu
2195 3415 2236 3450 23
2259 3415 2468 3447 aucmentum

1411 3463 1466 3506 Vn
1483 3463 1555 3505 lege
1583 3462 1730 3498 RV¹T¹
1746 3463 1758 3506 ΙΙ
1776 3463 1838 3496 hao
1863 3461 1963 3496 R¹T¹
1982 3463 1994 3502 ΙΙ
2010 3463 2052 3496 26
2076 3461 2128 3501 de]
2151 3460 2191 3493 de
2213 3461 2246 3491 et
2267 3458 2304 3498 V,
2329 3458 2469 3536 ‘'m’'R‘i'

1403 3509 1443 3541 27
1463 3508 1528 3541 fert
1544 3509 1586 3542 T¹
1605 3508 1618 3552 fl
1635 3509 1678 3543 29
1701 3508 1774 3550 lega
1800 3508 1880 3548 ΕΤ]
1904 3507 1940 3540 in
1964 3506 2036 3548 lege
2058 3505 2179 3548 Vvulq.
2195 3502 2208 3546 Ι
2225 3504 2267 3536 30
2286 3503 2346 3535 hac
2363 3504 2455 3536 mein

1408 3552 1456 3597 ΤΗ
1469 3555 1510 3587 32
1524 3552 1640 3595 igitur]
1654 3554 1702 3587 ita
1715 3553 1772 3597 ΤΕ
1789 3554 1832 3588 33
1844 3554 1990 3586 nostram
2004 3563 2062 3585 on·
2071 3550 2104 3584 R
2118 3548 2133 3592 Ι
2148 3549 2191 3582 35
2203 3549 2323 3581 subscr.
2337 3547 2403 3581 dat.
2419 3558 2467 3582 vx.

1402 3597 1478 3631 idus
1502 3598 1611 3631 octub.
1634 3599 1671 3641 V,
1695 3611 1752 3633 om.
1765 3605 1836 3632 cett.
2017 3612 2019 3614 ·
