2618 4010
179 120 388 153 mmnnus
418 119 702 153 cnnmcomm
1265 102 1319 152 23
2088 107 2196 152 Nov.
2227 109 2290 153 III
2318 111 2357 152 2.
2389 111 2413 151 3

177 220 322 255 τάττειν
346 221 385 254 ἐκ
408 221 468 262 τῆς
491 216 613 255 οὐσίας
642 220 721 254 τῶν
743 220 852 253 τοῦτο
879 219 1100 268 πραξάντων
1123 220 1258 255 οἰκονό-
1330 219 1531 256 substantia
1553 219 1622 255 hoc
1640 219 1819 264 agentium
1836 229 2110 256 oeconomorum
2128 219 2314 255 autetiam
2334 229 2413 264 per-

175 262 363 310 μωνῆκαὶ
382 267 446 299 τοῦ
465 267 729 313 ἐπιτρέψαντος
746 261 1026 313 ἀρχιεπισκόπου
1038 267 1156 301 ταῦτα
1171 265 1259 301 ἀπο·
1329 265 1504 301 mittentis
1528 264 1789 310 archiepiscopi
1818 265 1910 300 haec
1932 265 2060 301 sarciri
2083 264 2333 301 sanctissimae
2356 274 2414 300 ec·

176 308 365 352 σώζεσθαι
388 311 433 357 τῇ
456 308 640 358 ἁγιωτάτῃ
665 308 849 353 ἐκκλησίᾳ·
885 307 974 345 ciis-‘ce
995 310 1045 356 μὴ
1068 314 1127 346 καὶ
1153 306 1261 346 αὖθις
1332 311 1470 346 clesiae.
1520 310 1749 355 Quapropter
1778 319 1823 345 ne
1854 320 1980 346 rursus
2012 310 2077 346 fiat
2107 310 2192 346 talis
2220 310 2342 356 aliqua
2364 310 2417 346 rei

175 355 350 403 γενέσθαι
370 354 453 390 τινὰ
473 352 647 399 τοιαύτην
664 357 719 399 τῷ
742 355 927 402 πράγματι
948 356 1118 404 σύγχυσίν
1139 369 1180 391 τε
1201 359 1261 391 καὶ
1331 356 1495 392 confusio
1531 358 1641 401 atque
1675 355 1867 397 tumultus,
1913 366 2023 391 causa
2065 356 2112 391 ad
2147 365 2351 391 mensuram
2394 365 2417 390 a

175 399 348 448 ταραχήν.
386 401 453 434 Τοῦ
474 399 682 448 πράγματος
703 399 743 434 δὲ
765 402 813 435 εἰς
832 401 935 441 τὸνὲξ
954 399 1060 449 ἀρχῆς
1077 413 1260 448 περιιστω
1298 404 1317 435 5
1331 401 1507 447 principio
1533 400 1763 437 constitutam
1792 400 1958 442 redacta,
1991 404 2077 436 tunc
2109 401 2278 436 ordinare
2308 400 2417 436 liceat

174 449 284 490 μένου
302 448 448 492 μέτρον,
467 446 668 489 τηνικαῦτα
684 450 903 494 χειροτονεῖν
925 447 1057 487 ἐξέστω
1074 446 1166 482 κατὰ
1180 458 1261 481 τοσ-
1331 450 1368 482 in
1399 450 1557 488 tantum,
1592 451 1633 481 ut
1664 456 1737 481 non
1768 446 2045 481 transcendatur
2074 446 2219 481 definita
2248 456 2417 482 mensura

175 492 294 532 οὗτον,
329 488 418 525 ὥςτε
446 490 496 536 μὴ
527 489 595 525 ὑπε
619 495 763 535 βαίνειν
790 491 833 525 τὸ
876 493 885 504 ‘
914 492 983 526 θὲν
1011 495 1145 541 μέτρον
1171 491 1263 537 μηδὲ
1332 502 1447 537 neque
1478 501 1648 528 numerus
1679 490 1903 526 transiliatur
1933 495 1998 526 aut
2027 490 2092 526 fiat
2121 491 2295 536 quaedam
2321 491 2416 526 circa

174 535 242 571 τὸν
260 533 425 582 ἀριθμὸν
448 533 588 581 ὑπερβά
613 535 689 571 λειν
711 533 734 580 ἢ
753 505 931 583 γίνεσὲἶιιί
946 550 1031 571 τινα
1055 540 1136 584 περὶ
1154 539 1262 572 τοῦτο
1332 537 1421 573 haec
1453 536 1641 572 calliditas.
1696 536 1780 572 Non
1811 536 1905 571 enim
1935 536 2026 571 illud
2058 537 2236 581 patiemur
2272 536 2415 571 omnino

174 594 283 615 κακον
306 585 402 628 γίαν.
449 578 534 615 οὐδὲ
564 580 631 628 γὰρ
664 583 778 616 ἐκεῖνο
808 579 1016 626 ἀνεξόμεθα
1045 582 1262 617 παντάπασι
1330 582 1427 627 fieri,
1461 586 1502 617 ut
1525 582 1666 618 dicatur
1697 581 1781 626 quia
1812 581 1958 617 licentia
1982 582 2050 616 erit
2073 581 2240 616 ordinare
2264 581 2417 627 quidem,

173 593 350 673 yeve'cgat
373 624 416 660 τὸ
438 625 602 672 φάσκειν,
629 624 676 661 ὡς
696 625 800 661 ἄδεια
822 628 924 661 ἔσται
944 631 1164 675 χειροτονεῖν
1182 631 1260 670 με’ν,
1278 631 1316 662 11)
1331 638 1405 663 11011
1438 631 1559 663 tamen
1594 627 1832 663 emolumenta
1867 627 2059 672 praebere3
2107 627 2176 662 hoc
2224 628 2317 662 enim
2363 632 2417 662 est

174 670 214 705 οὗ
227 671 302 716 μὴν
314 669 519 706 ἐπιδιδόναι
531 671 674 718 τροφάς.
705 675 812 707 τοῦτο
828 671 897 719 γάρ
909 673 1011 706 ἐστιν
1024 666 1133 706 αὖθις
1150 673 1263 718 <τῶν>
1330 683 1457 709 rursus
1489 671 1734 708 confusionem
1766 671 1996 707 efficientium
2027 674 2064 707 et
2093 672 2265 708 immensa
2297 671 2416 718 adiec-

174 716 344 764 σύγχυσιν
369 717 386 749 ἐ
409 719 622 762 γαζομένων
643 720 703 751 καὶ
724 719 769 765 τῇ
793 719 872 752 τῶν
894 713 986 763 ὑπὲρ
1009 717 1077 751 τὸν
1098 715 1262 763 ἀριθμὸν
1331 719 1427 753 tione
1452 717 1610 754 secunda
1635 718 1783 762 collegia
1808 717 2124 762 constituentium3
2158 716 2286 752 deinde
2310 717 2417 752 etiam

126 781 133 788 ·
174 761 362 809 προςθῆκῃ
386 730 574 810 δευτέρους
602 761 820 810 καταλόγους
843 760 1109 797 συνιστάντων·
1146 760 1261 797 ἄλλως
1329 764 1503 807 plurimas
1546 763 1693 799 habebit
1728 772 1839 798 causa
1875 761 2214 802 circumventiones,
2250 765 2292 796 ut
2327 761 2417 797 alias

172 820 212 841 τε
234 810 294 841 καὶ
318 806 450 842 πολλὰς
473 805 520 842 ἂν
543 812 643 850 σχοίη
667 807 710 843 τὸ
735 808 885 855 πρᾶγμα
908 806 1146 854 περιγραφάς,
1171 803 1260 841 ὥςτε
1330 808 1473 844 sibimet
1496 809 1571 844 vias
1595 808 1766 843 avaritiae
1789 807 1971 843 inveniant
1994 811 2056 850 [et]
2081 818 2147 852 pro
2169 807 2417 842 alimentorum

173 853 294 898 ἑτέρας
327 849 454 887 αὐτοὺς
489 850 592 887 ὁδους
621 851 820 896 ἀπληστίας
852 851 1068 899 ἐξευρίσκειν
1094 850 1176 886 ἀντὶ
1200 854 1261 896 τῆς
1277 856 1314 888 15
1329 854 1506 898 expensis.
1551 853 1602 888 Et
1622 854 1691 889 hoc
1710 853 1817 898 igitur
1840 854 1896 897 agi
1920 854 2062 898 penitus
2087 853 2193 887 etiam
2218 853 2285 888 sub
2306 852 2419 887 multa

173 901 255 943 περὶ
276 897 344 941 τὴν
362 897 502 945 τροφὴν
521 902 697 944 χορηγίας.
732 900 806 931 Καὶ
829 898 937 931 τοῦτο
957 901 1082 932 τοίνυν
1106 896 1260 944 πράττε-
1329 909 1420 943 quae
1455 902 1604 934 vocatur
1647 898 1890 934 ecclesiastica
1932 898 2183 943 prohibemus,
2227 898 2418 934 maximam

174 943 269 977 σθαι
289 942 479 978 παντελῶς
501 941 782 990 ἀπαγορεύομεν,
803 945 863 976 καὶ
882 939 953 977 ὑπὸ
974 942 1017 976 τὸ
1038 941 1260 987 καλούμενον
1328 944 1521 979 utilitatem
1545 945 1639 979 hanc
1663 954 1742 979 esse
1766 947 1955 988 putantes,
1988 948 2028 978 ut
2052 943 2282 979 sanctissima
2305 943 2419 978 maior

173 987 469 1032 ἐκκλησιαστικὸν
481 990 663 1033 ἐπιτίμιον
675 987 818 1035 ἄγομεν,
838 986 998 1034 μεγάλην
1011 988 1152 1022 ἑαυτῶν
1166 986 1258 1034 ιόφέ-
1329 989 1483 1024 ecclesia
1520 1000 1636 1034 neque
1674 989 1803 1024 debitis
1837 989 2022 1024 subiaceat
2060 998 2176 1034 neque
2207 991 2419 1033 angustetur

174 1032 275 1067 λειαν
298 1034 391 1068 εἶναι
414 1035 621 1078 νομίζοντες
642 1031 684 1067 τὸ
704 1032 772 1076 τὴν
796 1030 1004 1080 ἁγιωτάτην
1026 1032 1185 1080 μεγάλην
1207 1035 1260 1067 ἐκ·
1331 1044 1447 1078 neque
1471 1040 1643 1079 perpetuo
1667 1034 1821 1077 deficiat,
1846 1035 1909 1070 sed
1934 1044 2073 1080 semper
2095 1034 2266 1070 abundet.

173 1078 325 1122 κλησίαν
349 1077 439 1112 ἰδεῖν
460 1077 550 1123 μήτε
580 1076 839 1122 δανειζομένην
862 1076 953 1123 μήτε
976 1081 1262 1124 στενοχωρουμέ-
1276 1081 1318 1113 20

172 1138 241 1179 νην
275 1123 366 1168 μήτε
399 1121 571 1165 διηνεκῶς
605 1122 855 1165 ἐλλείπουσαν,
890 1121 980 1158 ἀλλὰ
1018 1122 1077 1158 διὰ
1109 1123 1264 1159 πάντων

173 1169 456 1213 ευθηνουμένην.

1170 1214 1327 1250 CAPUT
1358 1215 1421 1250 III.

216 1272 246 1316 Ῐ“’
287 1276 420 1328 Ὥςπερ
448 1277 488 1315 δὲ
513 1279 580 1324 τὴν
612 1283 695 1329 περὶ
726 1282 834 1316 τοῦτο
865 1280 1034 1326 δαπάνην
1066 1279 1260 1328 ὠρίσαμεν,
1377 1283 1480 1318 Sicut
1503 1282 1597 1318 enim
1627 1282 1671 1318 de
1695 1281 1751 1318 his
1784 1292 1978 1327 expensam
2008 1282 2336 1329 determinavimus,
2368 1284 2419 1320 ita

171 1322 268 1360 οὕτω
299 1324 464 1372 προςήκει
487 1324 555 1360 τὸν
577 1325 668 1361 κατὰ
701 1326 829 1372 καιρὸν
852 1324 1059 1374 ἁγιώτατον
1084 1328 1260 1375 πατριάρ-
1332 1331 1508 1372 congruet
1540 1339 1605 1374 per
1633 1332 1775 1373 tempus
1808 1328 2072 1364 sanctissimum
2108 1330 2349 1374 patriarcham
2384 1334 2420 1365 et

170 1385 238 1414 χην
270 1373 330 1405 καὶ
361 1369 444 1406 τούς
474 1369 756 1451 εὖλοὲθεστάτους
789 1371 996 1418 οἰκονόμους
1027 1377 1261 1420 περισκοπεῖν
1274 1376 1317 1409 25
1331 1374 1636 1409 reverentissimos
1663 1384 1876 1409 oeconomos
1901 1374 2149 1418 considerare,
2174 1380 2216 1409 ut
2240 1375 2333 1410 aliae
2357 1386 2418 1410 ex-

170 1415 213 1450 τὸ
237 1419 297 1450 καὶ
320 1414 384 1451 τὰς
415 1414 523 1451 ἄλλας
569 1416 712 1451 απάνας
735 1417 798 1452 τὰς
820 1422 1008 1466 γινομένας
1039 1421 1077 1453 ἐκ
1104 1420 1182 1454 τῶν
1208 1421 1260 1452 ἐκ·
1331 1429 1476 1464 pensae,
1501 1429 1594 1464 quae
1619 1419 1709 1453 fiunt
1733 1429 1776 1454 ex
1798 1419 2053 1454 ecclesiasticis
2078 1421 2299 1464 quaestibus,
2324 1420 2420 1456 circa

170 1461 440 1506 κλησιαστικῶν
462 1462 592 1508 πόρων
615 1466 697 1510 περὶ
722 1461 878 1508 εὐσεβεῖς
905 1462 1147 1500 δαπανᾶσθαι
1171 1463 1260 1509 πρά·
1330 1465 1410 1509 pios
1436 1468 1628 1509 erogentur
1651 1469 1756 1499 actus
1782 1467 1818 1499 et
1841 1465 1906 1500 deo
1931 1465 2132 1510 placentes,
2167 1468 2203 1501 et
2234 1465 2304 1501 illis
2330 1466 2420 1501 haec

172 1507 242 1548 ξεις
264 1509 324 1540 καὶ
345 1507 427 1551 θεῷ
451 1504 678 1555 ἆρεσκούσας,
703 1510 762 1542 καὶ
782 1510 830 1543 εἰς
850 1511 1002 1544 ἐκείνους
1021 1510 1139 1544 ταῦτα
1159 1523 1260 1557 χορη-
1330 1510 1594 1553 ministrentur,
1628 1511 1686 1554 qui
1720 1520 1786 1555 pro
1816 1510 1965 1546 veritate
1996 1513 2102 1555 egent
2130 1514 2167 1546 et
2189 1522 2264 1546 non
2287 1511 2421 1546 habent

170 1555 248 1599 γεῒν
274 1550 356 1586 τοὺς
385 1555 464 1587 ταῖς
492 1551 683 1596 ἀληθείαις
712 1551 900 1599 δεομένους
931 1558 991 1589 καὶ
1021 1551 1084 1589 οὐκ
1114 1556 1262 1598 ἔχοντας
1332 1555 1477 1591 aliunde
1509 1555 1759 1590 alimentorum
1791 1556 2018 1591 occasionem
2048 1556 2151 1598 (haec
2184 1557 2277 1591 enim
2307 1555 2419 1591 domi·

172 1597 359 1645 ἑτέρωθεν
382 1599 514 1644 τροφῆς
535 1597 702 1654 ἀφορμήν
736 1600 866 1641 (ταῦτα
888 1599 956 1647 γὰρ
986 1599 1053 1634 τὸν
1077 1598 1261 1644 δεσπότην
1275 1603 1317 1636 30
1331 1611 1415 1635 num
1450 1601 1599 1646 placant
1634 1601 1773 1643 deum),
1810 1605 1846 1635 et
1878 1611 1951 1636 non
1980 1601 2192 1646 patrociniis
2224 1604 2262 1637 et
2292 1601 2419 1638 studiis

171 1641 265 1677 θεὸν
287 1642 516 1689 θεραπεύει),
552 1643 642 1678 αλλὰ
663 1643 714 1688 μὴ
735 1650 974 1698 προστασίαις
1003 1648 1063 1679 καὶ
1087 1643 1262 1680 σπουδαῖς
1331 1646 1514 1681 hominum
1540 1646 1803 1681 ecclesiasticas
1827 1655 1871 1681 ex
1900 1656 2005 1681 ensas
2030 1647 2068 1681 in
2092 1647 2297 1683 hominibus
2321 1646 2419 1683 locu-

170 1684 390 1734 ἀνθρώπων
421 1687 484 1727 τὰς
517 1688 809 1732 ἐκκλησιαστικας
837 1688 1003 1726 δαπάνας
1034 1691 1081 1725 εἰς
1111 1687 1260 1738 ἀνθρώ·
1331 1691 1487 1736 pletibus
1512 1691 1775 1727 distribuantur
1799 1694 1835 1726 et
1858 1692 1870 1726 i
1897 1702 1938 1727 eo
1962 1692 2088 1738 inopes
2113 1693 2318 1728 necessaria
2347 1703 2419 1729 non

171 1745 259 1768 πους
281 1730 524 1781 εὐποροῦντας
546 1732 764 1776 ἐπιδιδόναι,
787 1739 848 1769 καὶ
867 1737 1046 1771 ἐντεῦθεν
1067 1735 1149 1771 τοὺς
1173 1734 1260 1771 ἀπο·
1331 1741 1549 1772 mereantur.
1608 1737 1734 1772 Sciant
1767 1740 1887 1772 autem
1924 1737 1991 1773 deo
2027 1737 2199 1773 amabiles
2234 1738 2420 1773 oeconomi

171 1781 362 1825 ρουμένους
394 1778 445 1823 μὴ
479 1780 670 1826 τυγχάνειν
699 1781 780 1815 τῶν
809 1778 1032 1828 ἀναγκαίων.
1082 1780 1261 1816 Ἰστωσαν
1331 1785 1368 1818 et
1423 1783 1459 1817 ui
1488 1793 1585 1817 nunc
1614 1785 1651 1817 et
1682 1793 1748 1826 pro
1779 1787 1938 1827 tempore
1969 1782 2082 1818 futuri
2115 1787 2217 1825 sunt,
2250 1783 2352 1828 quia,
2389 1784 2419 1818 si

170 1823 238 1871 γὰρ
261 1823 298 1858 οἱ
319 1823 599 1870 θεοφιλέστατοι
625 1824 808 1870 οἰκονόμοι
831 1827 926 1861 οἵτε
948 1828 1018 1861 νῦν
1048 1827 1086 1861 οἴ
1106 1840 1146 1861 τε
1170 1827 1261 1861 κατὰ
1277 1831 1317 1863 :35
1332 1828 1393 1872 qui
1441 1829 1587 1873 praeter
1610 1828 1700 1862 haec
1724 1828 1879 1872 egerint,
1911 1830 1947 1863 et
1970 1828 2097 1863 divinis
2122 1829 2310 1873 suppliciis
2334 1830 2418 1864 sub-

171 1868 298 1915 καιρὸν
322 1867 496 1913 ἐσόμενοι,
522 1867 570 1906 ὦς
594 1871 630 1904 εἴ
648 1884 685 1905 τι
709 1870 809 1918 παρὰ
831 1873 950 1906 ταῦτα
973 1871 1162 1919 πράξαιεν,
1184 1876 1262 1907 ταῖς
1330 1873 1502 1908 iacebunt
1526 1877 1562 1908 et
1584 1883 1629 1908 ex
1653 1883 1719 1908 sua
1743 1874 1945 1908 substantia
1968 1874 2236 1909 indemnitatem
2267 1875 2417 1910 sanctis—

170 1927 212 1949 τε
237 1917 274 1948 ἐκ
298 1915 362 1948 τοῦ
386 1914 478 1949 θεοῦ
502 1919 644 1950 ποιναῖς
667 1914 924 1952 ὑποκείσονται
948 1920 1009 1952 καὶ
1035 1920 1074 1951 ἐκ
1099 1918 1162 1961 τῆς
1183 1918 1261 1952 ἑαυ-
1333 1919 1445 1954 simae
1468 1919 1720 1963 procurabunt
1743 1918 1927 1954 ecclesiae.

171 1961 257 2040 {⁶5²2
274 1957 397 1994 οὐσίας
419 1959 462 1995 τὸ
493 1959 646 2006 ἀζήμιον
675 1963 721 2010 τῇ
751 1958 936 2010 ἁγιωτάτῃ
968 1961 1265 2011 περιποιὴσουσιν

192 2019 235 2039 mc
281 2009 354 2040 σιά.

215 2018 492 2098 (ἐπίλογοι-ὸ
520 2050 591 2096 Τὴν
601 2051 850 2101 μακαριότητα
864 2052 1065 2097 τοίνυντὴν
1077 2052 1156 2097 σήν,
1170 2050 1261 2101 ἥπερ
1280 2058 1319 2090 10
1377 2054 1655 2100 (Epilogus.)
1700 2054 1965 2091 Beatitudinem
1988 2054 2099 2098 igitur
2122 2056 2234 2096 tuam,
2258 2065 2349 2099 quae
2373 2055 2418 2090 ab

174 2095 211 2136 ἐξ
241 2093 346 2142 ἀρχῆς
376 2098 436 2130 καὶ
469 2098 507 2131 ἐκ
537 2101 670 2141 νηπίας
700 2096 830 2141 σχεδὸν
858 2096 997 2142 ἡλικίας
1025 2103 1066 2133 ἐν
1090 2099 1259 2146 ἱερατικῷ
1330 2100 1430 2135 initio
1462 2102 1499 2135 et
1530 2111 1574 2136 ex
1606 2100 1761 2135 infantili
1790 2110 1905 2145 paene
1937 2102 2057 2135 aetate
2087 2100 2124 2135 in
2156 2104 2299 2135 sacrato
2324 2100 2418 2135 omni

218 2177 290 2208 cap.
311 2165 377 2198 III
394 2166 452 2206 (24
477 2163 649 2211 προσήκει
669 2163 735 2200 τὸν
757 2186 797 2191 -
821 2169 863 2202 39
885 2165 1067 2210 ἐκκλησίᾳ)
1093 2169 1190 2202 habet
1212 2168 1394 2202 Nomocffld
1421 2170 1471 2210 10,
1498 2177 1520 2202 1.

169 2254 389 2302 prohibendi
407 2259 443 2290 et
465 2253 514 2291 ad
531 2256 789 2302 imperatorem
812 2256 1014 2302 deferendi,
1036 2262 1077 2293 ut
1096 2258 1129 2293 is
1148 2269 1190 2294 re
1210 2269 1252 2294 co
1281 2259 1358 2294 nita
1378 2270 1429 2295 ex
1451 2258 1555 2294 bonis
1576 2269 1866 2300 oeconomorum,
1887 2258 1951 2304 qui
1972 2258 2012 2293 id
2028 2258 2211 2304 fecerunt,
2234 2259 2291 2295 vel
2309 2260 2416 2295 etiam

171 2299 451 2352 archiepiscopi,
471 2301 535 2346 qui
551 2301 732 2347 permisit,
756 2302 1007 2338 sanctissimae
1029 2302 1201 2338 ecclesiae
1223 2303 1252 2337 il
1266 2315 1288 2338 α
1310 2304 1485 2339 resarciri
1506 2303 1645 2339 iubeat:
1678 2315 1724 2339 ne
1741 2303 1861 2339 denuo
1883 2303 2060 2338 eiusmodi
2080 2304 2251 2350 confusio
2275 2308 2312 2340 et
2332 2316 2415 2351 per-

174 2345 333 2381 turbatio
357 2344 426 2380 hac
447 2345 486 2380 in
509 2356 551 2380 re
574 2347 774 2392 continqat.
822 2346 878 2382 Re
900 2351 1020 2382 autem
1051 2347 1101 2382 ad
1124 2348 1325 2393 pristinum
1348 2348 1493 2384 modum
1516 2348 1686 2390 redacta,
1717 2353 1801 2384 tune
1823 2359 1938 2394 usque
1960 2359 2003 2383 eo
2029 2348 2203 2384 ordinare
2228 2349 2352 2393 liceat,
2376 2355 2418 2386 ut

172 2401 218 2425 ne
238 2389 357 2425 dictus
377 2389 506 2424 modus
528 2390 817 2433 transcendatur,
838 2401 926 2426 neve
948 2402 1119 2426 numerus
1139 2391 1340 2427 excedatur
1362 2403 1432 2427 neu
1454 2393 1519 2438 qui
1539 2392 1646 2428 dolus
1664 2392 1734 2427 hac
1753 2393 1792 2427 in
1811 2404 1853 2428 re
1875 2393 2130 2428 committatur.
2174 2393 2302 2440 Neque
2323 2395 2416 2430 enim

173 2433 268 2469 illud
284 2434 367 2480 fieri
387 2435 533 2469 omnino
551 2435 751 2481 patiemur,
774 2440 816 2470 ut
838 2435 986 2470 dicatur
1009 2436 1117 2471 licere
1137 2435 1280 2482 quidem
1300 2437 1485 2479 ordinare,
1508 2448 1575 2473 nec
1597 2448 1683 2473 vero
1706 2437 1879 2473 alimenta
1899 2437 2093 2483 praebere:
2112 2438 2153 2473 id
2171 2439 2265 2474 enim
2288 2451 2417 2476 rursus·

173 2483 228 2515 est
247 2479 501 2525 confusionem
522 2480 741 2526 aqitantium
764 2484 800 2515 et
819 2480 1023 2516 adiectione
1039 2482 1444 2527 supernumerariorum
1463 2481 1643 2518 secundos
1661 2481 1851 2534 cataloqos
1871 2482 2166 2518 constituentium
2172 2495 2188 2525 ;
2208 2494 2288 2519 cum
2306 2495 2415 2537 prae-

173 2525 297 2560 sertim
328 2524 462 2559 multas
485 2534 597 2560 causa
621 2525 942 2561 circumventiones
971 2526 1093 2572 ferat,
1122 2530 1163 2561 ut
1220 2537 1264 2561 ro
1298 2526 1551 2562 alimentorum
1573 2526 1868 2574 suppeditatione
1894 2527 1989 2562 alias
2018 2528 2097 2563 vias
2118 2527 2339 2565 insatietatis
2361 2530 2414 2564 in-

174 2570 329 2605 veniant.
378 2568 501 2612 Quare
524 2569 594 2604 hoc
617 2580 763 2616 quoque
785 2581 831 2606 ne
847 2570 919 2615 siat
938 2571 1084 2606 omnino
1144 2582 1186 2606 ro
1214 2571 1368 2614 ibemus,
1399 2576 1436 2607 et
1450 2583 1599 2618 poenae
1630 2571 1896 2608 ecclesiasticae
1915 2583 2010 2618 quae
2031 2577 2183 2609 vocatur
2209 2573 2414 2618 subicimus,

174 2625 329 2661 maqnae
351 2614 443 2660 ipsis
465 2613 569 2650 nobis
594 2614 748 2655 utilitati
767 2615 856 2661 fore
878 2616 971 2658 rati,
999 2616 1033 2650 si
1063 2616 1099 2651 vi
1125 2627 1249 2652 eamus
1271 2617 1535 2653 sanctissimam
1559 2628 1729 2663 maqnam
1749 2617 1935 2653 ecclesiam
1967 2628 2083 2664 neque
2107 2618 2186 2653 aeri
2210 2618 2330 2655 alieno
2354 2619 2415 2655 ob-

173 2660 328 2695 noxiam
348 2670 464 2705 neque
483 2660 522 2694 in
545 2660 738 2706 anqustias
756 2660 943 2696 redactam
966 2672 1083 2707 neque
1099 2672 1173 2707 per
1199 2665 1284 2697 etuo
1305 2666 1478 2708 eqentem,
1499 2662 1563 2698 sed
1577 2673 1651 2709 per
1676 2673 1781 2698 omne
1805 2666 1944 2708 tempus
1964 2661 2164 2708 florentem.

309 2703 374 2740 111.
421 2703 728 2748 Quemadmodum
748 2709 868 2741 autem
886 2716 1071 2752 expensas
1090 2706 1140 2741 ad
1184 2717 1254 2742 anc
1275 2717 1351 2741 rem
1364 2708 1594 2754 pertinentes
1614 2707 1850 2753 definivimus,
1874 2708 1928 2743 ita
1949 2708 2216 2744 sanctissimum
2229 2720 2306 2756 pro
2330 2713 2413 2749 tem-

171 2761 265 2797 pore
286 2749 543 2802 patriarcham
565 2754 601 2785 et
622 2750 918 2796 reliqiosissimos
937 2761 1155 2787 oeconomos
1174 2751 1374 2798 providere
1399 2752 1583 2795 convenit,
1616 2757 1658 2788 ut
1684 2752 1849 2798 reliquae
1878 2753 1987 2788 etiam
2007 2764 2210 2800 expensae,
2241 2766 2336 2801 quae
2364 2766 2415 2792 ex

174 2795 427 2830 ecclesiasticis
449 2794 625 2830 reditibus
641 2795 753 2840 fiunt,
782 2796 822 2831 in
846 2796 935 2843 pias
961 2800 995 2831 et
1027 2796 1095 2831 deo
1125 2801 1255 2843 qratas
1278 2807 1411 2832 causas
1432 2797 1702 2844 impendantur,
1732 2798 1843 2843 inque
1865 2808 1928 2833 eos
1948 2802 2158 2845 eroqentur,
2179 2799 2243 2845 qui
2264 2810 2306 2835 re
2327 2810 2414 2836 vera

174 2844 280 2887 eqent
304 2851 421 2892 neque
441 2839 588 2875 aliunde
608 2839 741 2876 liabent
760 2840 1014 2876 alimentorum
1035 2842 1252 2887 facultatem
1274 2841 1378 2884 (haec
1397 2842 1490 2877 enim
1510 2842 1694 2877 dominum
1714 2842 1818 2878 deum
1839 2842 2017 2889 placant),
2038 2854 2105 2879 nec
2124 2855 2210 2880 vero
2230 2844 2413 2880 hominum

173 2885 391 2932 patrociniis
416 2889 452 2920 et
479 2884 609 2920 studiis
633 2885 866 2921 ecclesiastici
886 2890 1052 2938 sumptus
1075 2886 1246 2922 divitibus
1269 2886 1473 2921 hominibus
1493 2887 1636 2929 dentur,
1665 2891 1707 2922 ut
1730 2886 1815 2922 inde
1843 2888 1972 2935 inopes
1996 2889 2202 2924 necessaria
2230 2900 2305 2925 non
2328 2900 2412 2926 con-

174 2934 384 2976 sequantur.
432 2929 561 2965 Sciant
581 2930 674 2965 enim
697 2930 764 2966 deo
789 2931 966 2966 carissimi
993 2932 1191 2974 oeconomi,
1217 2935 1252 2967 et
1275 2931 1338 2977 qui
1357 2941 1454 2967 nunc
1473 2935 1508 2967 et
1527 2932 1591 2978 qui
1611 2932 1709 2967 omni
1730 2936 1890 2979 tempore
1910 2933 2034 2979 futuri
2053 2938 2150 2977 sunt,
2170 2945 2210 2970 se
2229 2935 2262 2970 si
2282 2940 2412 2970 contra

175 2975 264 3010 haec
287 2975 380 3020 quid
399 2975 662 3017 commiserint,
696 2979 769 3011 tam
791 2986 937 3022 poenas
959 2975 1103 3011 divinas
1133 2976 1318 3012 subituros
1349 2987 1459 3022 quam
1481 2976 1526 3012 de
1555 2977 1632 3012 suis
1657 2977 1902 3023 facultatibus
1932 2978 2197 3015 sanctissimam
2226 2979 2411 3016 ecclesiam

175 3019 375 3055 indemnem
391 3020 643 3071 praestituros
666 3031 754 3056 esse.

313 3063 543 3111 Epiloqus.
611 3064 804 3100 Sancimus
834 3065 962 3111 iqitur,
1003 3069 1045 3101 ut
1084 3065 1269 3101 beatitudo
1305 3069 1384 3108 tua,
1424 3077 1518 3112 quae
1554 3066 1599 3101 ab
1635 3066 1740 3102 initio
1774 3070 1811 3102 et
1842 3067 1926 3113 sere
1963 3067 2008 3102 ab
2039 3068 2203 3114 infantia
2237 3069 2276 3104 in
2315 3070 2412 3105 omni

177 3201 207 3233 A
225 3200 238 3244 ss
254 3201 540 3246 ἐπιστρέψαντος
554 3201 584 3234 L
603 3200 616 3246 ΙΙ
631 3198 830 3236 ἐπισκόπου
854 3202 890 3234 Β
906 3202 918 3245 ΙΙ
937 3204 957 3236 4
980 3201 1153 3245 τοιαύτην
1176 3200 1260 3236 τινὰ
1327 3202 1492 3235 scribatur
1520 3202 1574 3247 ΤΗ
1594 3205 1613 3238 8
1638 3204 1718 3237 haec
1743 3203 1793 3244 V]
1821 3205 1883 3237 hoc
1907 3206 1993 3248 vulq.
2016 3205 2118 3246 (Gn),
2143 3218 2201 3238 om.
2229 3206 2260 3238 T
2280 3205 2292 3248 ΙΙ
2314 3207 2334 3240 9
2359 3206 2410 3238 di-

182 3246 224 3285 B,
253 3243 425 3287 τοιαύτην
448 3258 507 3280 om.
530 3246 563 3278 A
592 3246 604 3290 ΙΙ
632 3249 651 3280 5
674 3243 725 3287 δὲ]
750 3260 808 3279 om.
831 3258 850 3282 ς
877 3245 890 3290 ΙΙ
919 3249 938 3280 8
958 3247 1135 3293 γενέσθαι
1155 3248 1225 3281 AB
1248 3246 1260 3291 ΙΙ
1327 3248 1434 3287 catur]
1460 3247 1550 3279 dicat
1572 3248 1609 3280 in
1633 3248 1667 3282 V
1694 3249 1706 3290 ΙΙ
1737 3250 1777 3282 12
1802 3250 2071 3282 constituendum
2093 3249 2159 3282 VT
2181 3249 2194 3292 ΙΙ
2225 3252 2262 3284 13
2289 3250 2410 3284 habere

176 3290 294 3330 τοῦτο]
318 3291 398 3322 haec
421 3302 439 3326 ς
471 3291 482 3333 ΙΙ
514 3293 552 3324 10
575 3289 683 3324 ἔσται
706 3289 748 3324 τὸ
771 3294 990 3336 χειροτονεῖν
1013 3293 1044 3325 L
1074 3291 1086 3336 ΙΙ
1119 3295 1154 3326 11
1181 3292 1259 3325 τῶν

177 3336 255 3369 add.
278 3335 474 3368 Haloander
503 3334 515 3379 ΙΙ
541 3336 581 3369 12
603 3336 845 3382 ἐργαζομένην
871 3335 917 3369 L¹
937 3335 1175 3382 ἐργαζόμενον
1198 3339 1227 3370 Α
1327 3336 1536 3381 ditionesTss
1555 3339 1606 3379 ut]
1619 3338 1693 3371 etV
1709 3338 1721 3381 ΙΙ
1741 3341 1779 3372 14
1790 3340 1824 3372 et
1834 3341 1988 3383 om.vul9.
2007 3340 2020 3380 ΙΙ
2038 3340 2076 3372 17
2086 3339 2267 3384 sanctaTn
2284 3340 2409 3375 maiore

181 3382 219 3413 13
245 3378 508 3414 συνιστώντων
530 3381 562 3413 L
585 3380 597 3424 11
627 3383 665 3414 15
689 3377 807 3414 αὐτοῖς
828 3383 873 3423 (in
895 3384 976 3422 ras.)
1001 3383 1032 3415 L
1055 3383 1188 3415 sibimet
1212 3395 1231 3418 ς
1328 3382 1360 3415 V
1374 3381 1386 3425 ΙΙ
1408 3384 1448 3416 18
1473 3381 1598 3415 debetis
1620 3382 1658 3416 V
1661 3382 1675 3401 ²
1698 3383 1711 3428 ΙΙ
1736 3384 1947 3426 angustietur
1972 3384 2010 3417 V
2011 3383 2025 3403 ²
2049 3384 2133 3428 valq.
2152 3384 2166 3428 ΙΙ
2183 3385 2224 3418 19
2247 3388 2409 3429 perpetua

177 3419 270 3465 ἀντὶ]
284 3427 317 3457 et
327 3435 389 3467 pro
403 3437 422 3461 ς
441 3426 452 3469 ss
469 3421 734 3471 ἐπιγινώσκειν,
749 3428 780 3459 in
791 3439 851 3469 my.
865 3438 920 3473 γρ.
930 3425 1157 3471 &stuplonem
1166 3427 1232 3467 ‘?)A
1328 3426 1453 3459 edifitia
1477 3425 1545 3459 VT
1564 3428 1607 3460 al.
1624 3428 1637 3469 ΙΙ
1656 3429 1698 3461 23
1724 3429 1810 3460 enim
1837 3429 1886 3469 V]
1910 3431 2021 3461 autem
2044 3429 2130 3472 vulq.
2146 3432 2159 3471 ΙΙ
2178 3430 2222 3463 24
2246 3430 2307 3475 leq.
2329 3442 2407 3464 oon·

143 3483 145 3485 ’
181 3471 220 3503 18
242 3469 361 3503 ἑαυτῶ
383 3472 424 3510 L,
448 3468 566 3503 αὐτοῖς
586 3470 630 3511 (2)
654 3484 735 3504 corr.
763 3471 810 3503 L²
825 3470 843 3514 ΙΙ4
857 3473 893 3504 21
919 3469 1009 3513 μήτε
1032 3469 1258 3514 διηνεκῶς-
1327 3472 1420 3514 gruit
1438 3471 1554 3513 (Gr.)?
1570 3471 1582 3516 ΙΙ
1601 3474 1643 3507 26
1667 3473 1754 3505 fiunt
1773 3475 1829 3513 ex]
1854 3477 1934 3505 sunt
1948 3473 2003 3517 ΤΙΙ
2022 3475 2064 3507 28
2089 3475 2191 3514 agent
2206 3475 2240 3508 T
2250 3474 2264 3518 ΙΙ
2280 3477 2322 3509 29
2341 3475 2409 3510 ele·

178 3510 301 3569 εὖθήν.
328 3528 387 3548 om.
417 3515 448 3548 Β
466 3515 479 3558 ΙΙ
496 3516 538 3548 26
557 3513 599 3548 τὸ
621 3517 693 3555 καὶ]
715 3516 778 3548 τοῦ
797 3517 855 3548 καὶ
872 3517 933 3549 LA
951 3517 1102 3552 Nomai-,⁰¹
1122 3520 1182 3550 καὶ
1198 3520 1232 3551 Β
1247 3518 1259 3562 Η
1327 3519 1513 3549 mentorum
1539 3515 1572 3550 V
1588 3516 1600 3559 ΙΙ
1615 3518 1787 3550 occasione
1810 3518 1863 3562 ΤΙΙ
1882 3518 2052 3550 dominum
2075 3519 2211 3561 placant
2233 3520 2330 3552 deum
2356 3521 2405 3561 V]

177 3560 220 3593 28
243 3561 462 3603 αρέσκουσαν
475 3559 523 3593 L¹
543 3559 548 3602 Ι
572 3562 610 3594 31
635 3557 854 3605 θεραπεύειν
867 3561 1019 3594 Nomoc.¹¹¹
1037 3561 1050 3606 Η
1071 3564 1111 3595 37
1127 3563 1190 3596 τοῦ
1203 3565 1258 3605 M]
1327 3561 1499 3594 dominum
1517 3561 1615 3594 deum
1631 3562 1767 3605 placant
1785 3563 1841 3596 vul
1864 3587 1884 3605 .,
1903 3563 2032 3605 placuit
2051 3563 2149 3596 deum
2168 3564 2339 3598 dominum
2357 3565 2408 3610 ΤΗ

178 3615 237 3638 om.
255 3604 357 3638 LAB
370 3604 545 3648 Nomocfll
578 3606 619 3639 38
641 3601 802 3659 ἀζήμιον]
829 3602 970 3649 ἀξίωμα
983 3605 1136 3642 Nomai-,⁰¹
1165 3607 1178 3653 ῃ
1206 3609 1258 3641 ἐκ·
1328 3608 1367 3640 31
1395 3607 1430 3638 in
1455 3606 1608 3639 omnibus
1632 3606 1699 3641 VT
1721 3607 1733 3651 n
1762 3609 1805 3640 32
1851 3608 2049 3641 intribuatur
2073 3608 2111 3642 V
2130 3608 2145 3652 Β
2173 3610 2217 3643 34
2239 3620 2302 3654 pro
2324 3612 2406 3644 tem-

178 3646 306 3694 κλησίᾳ
329 3647 604 3696 περιποιήσουσι
625 3651 654 3683 A
680 3649 691 3695 ΙΙ
713 3651 756 3684 40
780 3662 869 3697 οπερ
892 3649 940 3684 L¹
1326 3661 1407 3694 pore
1431 3651 1469 3685 V
1470 3653 1482 3693 ]
1507 3660 1566 3695 per
1588 3654 1738 3696 tempora
1760 3653 1846 3697 vuly.
1863 3651 1875 3698 ΙΙ
1895 3654 1937 3688 35
1960 3655 2096 3699 propter
2115 3654 2179 3687 hoo
2207 3654 2264 3702 ΤΙΙ
2280 3656 2323 3691 36
2346 3665 2407 3692 oua

173 3690 176 3702 “
1218 3725 1219 3728 ,
1328 3709 1387 3731 om.
1410 3695 1498 3743 VTu
1517 3699 1556 3732 41
1580 3699 1708 3731 morato
1731 3696 1780 3740 V]
1806 3699 1920 3733 saneto
1942 3699 1975 3733 T
1992 3707 2085 3733 :soro
2104 3699 2190 3745 vulq-

224 3158 239 3189 1
260 3155 379 3196 τοῦτο]
404 3156 511 3189 τοῦτο
530 3167 567 3189 τι
587 3156 619 3189 Α
640 3155 809 3190 τοιοῦτόν
832 3170 869 3190 τι
885 3157 921 3190 Β
946 3158 1027 3190 haec
1045 3169 1063 3193 ς
1081 3157 1093 3199 ll
1110 3159 1129 3191 2
1154 3153 1176 3199 ἢ
1200 3171 1259 3192 om.
1377 3160 1389 3191 1
1413 3158 1475 3189 hoc
1490 3157 1526 3190 V
1528 3160 1539 3198 ]
1561 3169 1597 3190 ac
1617 3159 1649 3192 T
1663 3157 1675 3202 ΙΙ
1691 3161 1709 3192 5
1731 3158 1898 3192 redactam
1914 3160 1948 3193 V
1959 3160 1969 3181 ¹
1988 3158 2001 3200 ll
2017 3162 2034 3193 7
2049 3159 2260 3192 transiliatur
2273 3160 2311 3193 V
2317 3163 2410 3193 tran-

1290 3157 1296 3377 Ι
1330 3293 1362 3325 Τ
1373 3291 1385 3336 ΙΙ
1403 3294 1514 3332 causa]
1539 3302 1654 3325 causas
1667 3293 1703 3327 V
1723 3295 1766 3327 al.
1786 3292 1799 3338 n
1815 3294 2111 3327 circumuentionis
2125 3293 2163 3327 V
2180 3294 2306 3328 circum
2326 3306 2409 3328 uen-
