2618 4010
166 121 273 152 F1L11
302 118 601 153 EFFICIUNTUR
631 118 833 151 LEGITIMI

2016 103 2122 148 Nov.
2154 103 2332 146 LXXIV
2363 106 2387 144 2

1158 239 1324 286 CAPUT,
1339 240 1385 276 11.

206 309 323 346 Ἔστω
345 312 469 345 τοίνυν
492 307 595 343 ἄδεια
619 309 671 352 τῷ
698 312 810 356 πατρὶ
841 309 907 353 τὴν
930 311 1066 357 μητέρα
1089 309 1149 343 ἐπὶ
1173 309 1235 342 τοῦ

167 359 337 404 προτέρου
367 352 679 399 καταλιμπάνοντι
704 354 895 399 σχήματος,
929 356 1028 400 εἴπερ
1055 357 1132 388 ταῖς
1156 353 1236 396 ἀλη-

166 403 283 436 θείαις
304 398 554 446 ἆμαρτάνουσά
576 412 613 434 τι
637 402 719 445 περὶ
743 400 810 444 τὴν
828 398 935 445 εὐνὴν
958 403 1086 447 φανείη
1110 396 1237 441 (ἄλλως

165 446 232 494 γὰρ
260 445 444 500 γίνεσθαι,
458 446 565 480 τοῦτο
598 447 659 479 ἐπὶ
695 446 759 479 τοῦ
791 443 953 480 τοιούτου
985 446 1144 500 &enatos
1175 441 1236 478 οὐκ

1352 307 1407 342 Sit
1435 307 1542 351 igitur
1576 304 1722 341 licentia
1756 306 1850 349 patri
1886 309 2033 342 matrem
2069 306 2105 341 in
2141 306 2253 351 priori
2290 309 2386 342 statu

1306 352 1536 397 relinquenti,
1563 351 1593 387 si
1617 361 1660 386 ex
1681 350 1831 386 veritate
1854 352 2108 396 aliquidcirca
2132 356 2249 387 torum
2274 362 2385 396 appa-

1306 398 1418 433 ruerit
1449 397 1640 442 deliquisse
1672 396 1789 438 (aliter
1813 407 1964 442 namque
1995 397 2072 432 fieri
2101 397 2170 433 1100
2194 398 2230 432 111
2255 398 2385 432 talibus

1307 444 1450 479 casibus
1467 454 1538 479 non
1557 440 1819 488 permittimus),
1842 445 1878 477 et
1900 443 1931 478 si
1981 453 2019 478 er
2043 444 2220 487 quandam
2238 443 2386 478 circum-

167 494 331 545 ἐφίεμεν),
363 487 384 534 ἢ
409 492 508 545 εέπερ
532 490 623 525 κατά
653 504 736 525 τινα
761 495 978 545 περίστασιν,
997 504 1019 534 η
1043 503 1105 545 0υέ
1134 492 1237 523 ’ἔστιν
1274 489 1506 524 5ventionem
1537 492 1601 523 aut
1633 497 1705 522 non
1735 490 1789 524 est
1814 490 1877 522 aut
1899 488 2016 523 latitet
2035 491 2099 524 aut
2122 488 2255 533 aliquid
2279 488 2386 523 etiam

164 551 185 580 η
209 535 387 570 λανθάνοι
419 550 441 579 η
463 549 498 570 τι
523 538 646 582 ἕτερον
668 539 807 583 γε’νοιτο
832 540 913 584 περὶ
939 534 1049 577 αυτὴν
1081 549 1100 570 o
1127 534 1237 569 αὐτὸν

164 578 290 615 κωλύει
318 580 385 624 τὴν
416 583 476 615 ἐπὶ
507 581 552 616 τὰ
576 583 740 628 προικῷα
773 585 952 629 φέρουσαν
980 579 1070 616 ὁδὸν
1099 579 1235 622 ἐλθεῖν,

164 629 222 660 καὶ
253 623 365 660 οὕτως
400 624 512 662 αὐτὸν
541 628 740 674 προνοῆσαι
772 627 848 661 τῶν
880 624 1035 668 παίδων,
1072 630 1132 659 καὶ
1160 627 1234 660 ἐπι-

163 669 288 705 δοῦνιαι
318 673 363 719 τῇ
387 671 554 716 βασιλείᾳ
587 671 710 727 δεήσξν
741 669 828 707 αὐτὸ
852 673 958 706 τοῦτο
983 670 1156 719 λέγουσαν
1188 669 1236 705 οἷς

1306 535 1404 569 aliud
1433 535 1497 569 fiat
1529 534 1625 569 circa
1654 543 1731 568 eam
1760 536 1824 567 aut
1853 533 1948 578 quod
1979 534 2167 579 prohibeat
2196 534 2315 568 venire
2340 534 2386 568 ad

1305 580 1397 616 viam
1419 580 1604 615 ducentem
1636 578 1682 613 ad
1707 578 1859 620 dotalia,
1884 578 1991 613 etiam
2017 580 2068 614 sic
2092 579 2279 623 providere
2303 579 2386 613 filiis

1305 628 1341 661 et
1375 625 1502 661 offerre
1531 623 1738 669 imperatori
1773 633 1914 668 precem
1950 624 2017 660 1100
2048 624 2165 669 ipsum
2199 624 2385 664 dicentem,

1306 671 1389 716 quia
1413 671 1488 706 vult
1510 670 1693 706 naturales
1718 679 1803 704 suos
1835 669 1927 704 filios
1959 670 2146 705 restituere
2175 674 2326 705 naturae
2351 673 2387 705 et

162 715 329 759 βούλεται
360 717 441 752 τοὺς
472 717 606 752 νόθους
636 719 745 752 αυτοῦ
777 715 909 752 παῖδας
936 715 1235 760 ἀποκαταστῆσαι
1251 721 1291 753 10
1305 717 1474 761 antiquae
1497 714 1710 759 ingenuitati
1733 717 1769 750 et
1792 715 2028 758 legitimorum
2052 715 2139 756 iuri,
2165 717 2206 750 ut
2230 715 2296 749 sub
2321 725 2385 759 po-

162 764 206 808 τῇ
238 761 343 808 φύσει
377 766 436 796 καὶ
470 764 515 811 τῇ
547 761 698 798 ἄνωθεν
731 760 890 808 εὐγενείᾳ
924 776 963 797 τε
998 765 1057 796 καὶ
1093 761 1234 809 γνησιό-

131 843 135 848 ,
162 819 259 850 τητι,
290 804 377 842 diste
396 806 624 849 ὑπεξουσίους
648 810 745 852 αὐτῷ
767 807 992 842 καθεστάναι
1013 806 1136 852 μηδὲν
1158 809 1235 842 τῶν

162 856 329 896 νομίμων
364 852 509 889 παίδων
545 853 832 888 διαλλάττοντας.
884 857 944 887 καὶ
979 853 1107 888 τούτου
1139 866 1236 899 γινο-

161 901 268 941 μένου
293 900 468 934 ἐντεῦθεν
500 900 580 934 τοὺς
604 897 734 935 παῖδας
762 896 956 934 ἀπολαύειν
987 900 1048 942 τῆς
1071 898 1237 941 τοιαύτης

1305 764 1435 797 testate
1460 762 1534 797 eius
1561 761 1758 796 consistant
1781 760 1868 794 1111111
1887 770 1909 795 a
1927 760 2091 804 legitimis
2114 760 2197 795 filiis
2222 760 2385 795 differen-

1305 810 1371 842 tes.
1420 807 1470 842 Et
1492 807 1561 842 hoc
1582 806 1680 841 facto
1704 805 1831 841 exinde
1855 805 1946 841 filios
1971 806 2043 841 frui
2068 806 2132 840 tali
2164 806 2318 848 solacio,
2352 808 2387 840 et

1305 862 1421 896 neque
1444 853 1611 887 fraudare
1634 861 1740 896 posse
1764 853 1902 896 patrem
1927 855 1962 886 et
1979 852 2136 887 celantes
2160 855 2307 886 matrem
2331 851 2387 885 ius

1306 898 1542 942 legitimorum
1566 898 1718 932 abicere.
1766 896 1846 932 Uno
1872 897 1966 931 enim
1994 898 2064 932 hoc
2095 896 2199 932 modo
2224 896 2386 932 omnibus

163 943 348 998 βοηθείας,
378 948 438 978 καὶ
461 944 552 990 μηδὲ
572 947 779 992 κακουργεῖν
799 942 985 979 δύνασθαι
1008 944 1074 979 τὸν
1097 946 1238 990 πατέρα
1253 948 1293 980 15
1307 943 1508 979 huiusmodi
1532 947 1684 978 naturae
1708 942 1914 978 excessibus
1939 946 1975 977 et
2007 942 2317 978 adinventionibus
2349 942 2387 975 111

161 991 220 1021 καὶ
246 990 527 1036 αποκρύψαντας
556 991 623 1034 τὴν
644 990 780 1037 μητέρα
804 988 1030 1025 διωθεῖσθαι
1062 988 1130 1033 τὴν
1155 1003 1237 1037 γνη-

162 1033 321 1077 σιότητα.
369 1036 422 1071 ἑνὶ
453 1035 522 1083 γὰρ
555 1034 599 1079 δὴ
629 1035 746 1079 τούτῳ
784 1036 840 1079 τῷ
870 1034 997 1083 τρόπῳ
1030 1034 1146 1071 πάσας
1178 1034 1238 1069 τὰς

161 1079 329 1115 τοιαύτας
352 1082 413 1124 τῆς
433 1081 572 1128 φύσεως
596 1080 830 1127 παρεκβάσεις
850 1095 890 1115 τε
915 1085 975 1115 καὶ
996 1083 1157 1116 ἐπινοίας
1177 1082 1238 1115 ἐπὶ

161 1127 239 1159 τῶν
254 1130 423 1180 νομίμους
441 1125 503 1161 οὗκ
521 1125 682 1181 ἑχόντων
702 1125 833 1181 παῖδας
853 1126 1115 1171 θεραπεύομεν,
1141 1122 1236 1160 οὕτω

162 1182 330 1225 συντόμῳ
356 1176 537 1216 συμμαχίᾳ
560 1185 739 1226 τοσαυτην
767 1172 882 1227 ορμὴν
906 1172 1237 1219 ἑπανορθώσαντες
1251 1175 1294 1208 20

161 1217 179 1250 1
228 1228 374 1261 φυσεως.
423 1219 469 1251 Εἰ·
491 1221 655 1264 μέντοιγε
686 1231 705 1251 ο
737 1231 863 1262 μονων
896 1219 1060 1263 φυσικῶν
1091 1216 1238 1253 παίδων

161 1262 280 1307 πατὴρ
311 1264 418 1297 τοῦτο
447 1266 515 1308 μὲν
546 1261 605 1297 διά
635 1275 736 1297 τινας
766 1262 916 1309 τυχηρᾶς
940 1263 1164 1310 περιστάσεις
1197 1260 1237 1296 οὗ

161 1306 313 1351 πράξειε,
339 1307 516 1343 τελευτῶν
542 1307 581 1343 δὲ
604 1310 667 1343 ἐπί
690 1320 787 1343 τινος
810 1311 887 1342 τῶν
911 1309 1124 1356 ἔμπροσθεν
1146 1309 1237 1352 εἰρη-

160 1354 282 1406 μένων
318 1353 495 1397 θεμάτων
529 1353 701 1407 γράψειεν
735 1354 809 1400 (ev)
841 1352 1001 1401 διαθήκῃ
1034 1352 1237 1399 βούλεσθαι

1307 989 1363 1024 his
1382 989 1443 1034 qui
1459 989 1634 1033 legitimos
1653 998 1726 1023 non
1745 989 1880 1024 habent
1895 987 1988 1024 filios
2006 988 2198 1030 medemur,
2222 988 2273 1023 ita
2289 987 2387 1023 brevi

1308 1035 1441 1070 solacio
1466 1038 1604 1069 tantum
1630 1036 1780 1070 naturae
1803 1034 1973 1079 impetum
1999 1035 2226 1078 corrigentes.

1305 1219 1326 1254 1
1374 1217 1411 1252 Si
1431 1227 1513 1252 vero
1539 1216 1758 1252 solummodo
1783 1216 1999 1251 naturalium
2023 1216 2176 1251 filiorum
2200 1218 2303 1260 pater
2317 1214 2386 1249 hoc

1308 1263 1448 1307 quidem
1463 1266 1611 1308 propter
1629 1261 1802 1305 quasdam
1816 1261 1986 1296 fortuitas
2004 1261 2291 1296 circumstantias
2315 1270 2387 1295 non

1308 1312 1401 1352 agat,
1425 1308 1580 1343 moriens
1597 1317 1679 1343 vero
1699 1307 1766 1343 sub
1784 1306 1938 1352 quodam
1957 1307 2223 1351 praedictorum
2239 1316 2387 1341 casuum

1307 1354 1493 1398 scripserit
1523 1354 1561 1389 in
1580 1354 1793 1388 testamento
1817 1353 1907 1388 velle
1933 1353 2001 1388 sibi
2026 1362 2086 1388 eos
2110 1352 2283 1396 legitimos
2308 1361 2387 1386 esse

161 1398 259 1440 αυτῷ
275 1402 448 1452 ’γνησίους
471 1400 563 1434 εἶναι
590 1411 672 1434 τους
703 1398 834 1434 παῖδας
866 1403 926 1433 καὶ
950 1398 1145 1443 διαδόχους,
1177 1402 1236 1434 καὶ
1251 1402 1293 1435 25
1307 1400 1399 1435 filios
1424 1409 1664 1442 successores,
1690 1401 1726 1434 et
1745 1398 1851 1433 huius
1868 1398 1920 1433 rei
1941 1398 2065 1433 damus
2082 1398 2281 1441 licentiam3
2302 1408 2387 1442 sup-

161 1444 200 1476 ἐν
221 1456 338 1487 τουτῳ
365 1443 512 1490 δίδομεν
537 1443 635 1489 αὐτῷ
661 1449 885 1493 παρρησίαν·
911 1443 1095 1490 δεομένων
1113 1448 1237 1491 μέντοι

160 1491 219 1521 καὶ
243 1486 339 1523 οὕτω
365 1491 442 1524 τῶν
463 1489 608 1525 παίδων
626 1489 717 1535 μετὰ
740 1491 806 1534 τὴν
827 1490 995 1535 τελευτὴν
1019 1493 1083 1526 τοῦ
1102 1490 1238 1540 πατρὸς

159 1537 219 1566 καὶ
242 1535 348 1569 τοῦτο
374 1533 635 1574 διδασκόντων,
661 1539 719 1570 καὶ
745 1535 966 1571 δεικνύντων
996 1536 1058 1572 τὰς
1081 1538 1145 1572 τοῦ
1169 1550 1236 1572 πα-

159 1579 252 1633 τρὸςκ
272 1577 467 1635 διαθήκας,
501 1585 560 1636 καὶ
592 1581 911 1630 κληρονομούντων
943 1583 990 1617 εἰς
1022 1579 1109 1617 ὅσον
1140 1579 1186 1617 ἂν
1215 1580 1235 1617 ό

1306 1445 1524 1490 plicantibus
1544 1449 1665 1480 tamen
1688 1444 1796 1479 etiam
1820 1444 1872 1479 sic
1896 1443 1978 1478 filiis
2002 1446 2086 1489 post
2109 1447 2259 1479 mortem
2275 1443 2387 1487 patris

1306 1494 1342 1527 et
1365 1491 1433 1527 1100
1459 1490 1669 1526 docentibus
1695 1493 1732 1524 et
1755 1489 2025 1525 ostendentibus
2049 1489 2164 1534 patris
2195 1492 2386 1524 testamen-

1305 1540 1392 1579 tum,
1414 1540 1449 1572 et
1469 1536 1660 1572 heredibus
1685 1534 1919 1571 existentibus
1944 1536 1981 1570 111
2006 1537 2179 1580 quantum
2203 1538 2306 1579 pater
2327 1544 2387 1568 eos

1306 1582 1509 1627 scripserit,
1546 1585 1582 1618 et
1611 1581 1657 1617 ab
1681 1580 1831 1625 imperio
1855 1581 1924 1616 1100
1948 1580 2246 1626 percipientibus,
2282 1582 2324 1614 ut
2352 1580 2389 1613 in

159 1637 278 1671 πατηρ
298 1630 437 1681 'aurove
470 1639 636 1683 Jeasssaep
673 1630 733 1682 καὶ
768 1629 807 1662 ἐκ
837 1629 898 1671 τῆς
929 1627 1113 1684 βασιλείας
1147 1625 1235 1663 αὐτὸ
1248 1630 1292 1664 30
1305 1639 1378 1664 uno
1402 1628 1596 1673 eodemque
1620 1627 1690 1662 hoc
1714 1626 1808 1671 quod
1840 1627 1958 1671 agitur
1991 1626 2037 1661 sit
2062 1626 2193 1661 donum
2217 1625 2329 1670 patris
2353 1628 2389 1660 et

160 1668 435 1714 λαμβανοντων,
461 1674 521 1707 ἱνα
538 1686 630 1707 κατα
652 1671 788 1708 ταυτὸν
810 1671 930 1721 δῶρον
947 1688 969 1721 ῃ
986 1672 1028 1708 τὸ
1043 1674 1236 1721 γινόμενον

159 1715 294 1762 πατρός
323 1729 363 1750 τε
387 1721 445 1751 καὶ
469 1717 656 1762 βασιλέως,
685 1717 822 1753 ταυτὸν
846 1716 888 1752 δέ
913 1721 1012 1754 ἐστιν
1037 1720 1151 1755 εἰπεῖν
1171 1719 1235 1767 φύ-

159 1760 247 1795 σεώς
278 1775 318 1796 τε
347 1765 408 1796 καὶ
440 1763 562 1808 νόμου.
610 1767 683 1797 Καὶ
714 1763 829 1798 ταῦτά
855 1778 975 1811 φαμεν
997 1759 1128 1800 οὐδένα
1159 1767 1237 1800 τῶν

159 1807 370 1859 έζιιῖτροσθεν
405 1813 570 1854 νομίμων
601 1807 831 1865 ἀναιροῦντες
862 1809 1021 1857 τρόπων,
1057 1808 1147 1845 ἀλλὰ
1177 1813 1236 1845 καὶ

1305 1674 1489 1719 principis,
1514 1674 1608 1708 idem
1625 1676 1679 1708 est
1695 1672 1814 1708 dicere
1831 1676 1982 1707 naturae
2003 1671 2108 1707 simul
2133 1674 2168 1706 et
2191 1671 2290 1715 legis.
2339 1670 2389 1705 Et

1305 1721 1396 1755 haec
1411 1720 1560 1756 dicimus
1573 1718 1711 1753 nullum
1730 1718 1945 1753 anteriorem
1966 1717 2161 1762 legitimum
2173 1717 2388 1762 perimentes

1306 1765 1459 1810 modum,
1484 1765 1547 1800 sed
1572 1765 1678 1799 etiam
1701 1764 1797 1799 hunc
1821 1763 1993 1799 addentes
2016 1763 2052 1798 in
2076 1763 2205 1808 quibus
2224 1763 2305 1798 illos
2329 1771 2387 1797 00-

1307 1811 1424 1856 cipere
1458 1821 1531 1846 non
1566 1810 1660 1845 licet.
1710 1809 1862 1845 Omnino
1899 1809 1991 1844 enim
2028 1809 2103 1844 suis
2139 1808 2388 1849 existentibus,

159 1864 286 1887 τουτον
317 1856 571 1899 προςτιθέντες
602 1857 646 1901 ἐφ
690 1854 744 1889 ὠν
770 1856 924 1890 ἐκείνους
948 1855 1073 1901 λαβεῖν
1093 1854 1155 1890 οὐκ
1180 1856 1235 1897 ἔξ·
1251 1859 1291 1892 35
1306 1856 1433 1892 deinde
1455 1855 1681 1891 naturalibus
1704 1854 1903 1900 procreatis
1929 1856 1993 1890 aut
2013 1854 2176 1899 primitus
2197 1853 2303 1897 natis,
2327 1863 2388 1888 ne-

160 1909 270 1933 εστιν.
318 1895 408 1934 ὅλως
430 1900 498 1948 γὰρ
522 1906 684 1948 γνησίων
707 1898 879 1935 ὑπόντων
903 1901 981 1936 εἶτα
1004 1901 1136 1937 νόθων
1162 1903 1236 1937 ἐπι-

158 1946 359 1989 γινομένων
381 1942 403 1989 ἣ
427 1949 703 1994 προγενομένων
735 1943 798 1980 οὐκ
829 1945 875 1980 ἂν
907 1945 928 1990 ἦ
960 1946 1150 1993 γνησιότης
1175 1945 1234 1981 αὗ-

159 1991 232 2042 τοῖς
263 1991 494 2036 προςτεθείη,
527 1993 557 2026 εἰ
586 1992 634 2036 μὴ
658 1991 805 2027 πάντως
838 1991 898 2026 διὰ
929 1993 1007 2026 τῶν
1032 1992 1234 2034 διατάξεων

159 2035 273 2078 ημῶν,
307 2036 412 2084 αἴπερ
435 2037 501 2072 τὸν
525 2039 603 2072 τῶν
627 2036 821 2086 προικῴων
853 2036 1087 2082 συμβολαίων
1110 2038 1238 2086 εἰςηγή-

1306 1911 1486 1947 quaquam
1516 1901 1752 1946 legitimorum
1777 1901 1833 1936 ius
1863 1900 1914 1936 eis
1939 1899 2136 1944 adiciatur,
2171 1899 2242 1935 nisi
2264 1899 2389 1935 forsan

1302 1958 1366 1992 per
1391 1947 1665 1983 constitutiones
1690 1948 1844 1987 nostras,
1870 1956 1961 1991 quae
1976 1945 2148 1982 dotalium
2173 1945 2387 1982 instrumen-

1303 2000 1420 2029 torum
1444 1993 1722 2030 introduxerunt
1744 1993 1897 2028 modum.
2301 2005 2303 2008 ⁴

160 2091 272 2114 σαντο
294 2080 441 2128 τρόπον.

292 2171 338 2206 11.
374 2171 430 2207 Sit
449 2172 564 2218 iqitur
577 2172 682 2217 patri
706 2173 851 2209 licentia
867 2178 983 2210 matre
1006 2174 1045 2208 in
1066 2173 1187 2220 priori
1210 2177 1308 2209 statu
1327 2173 1466 2216 relicta,
1490 2172 1668 2219 siquidem
1690 2172 1780 2218 quid
1801 2184 1842 2208 re
1869 2183 1955 2207 vera
1977 2183 2054 2207 cam
2074 2172 2247 2208 adversus
2272 2175 2388 2208 torum

159 2226 328 2261 peccasse
353 2221 531 2263 appareat
554 2217 707 2263 (alioqui
730 2219 822 2253 enim
847 2218 915 2254 lzoc
936 2219 1019 2263 fieri
1042 2219 1081 2253 in
1105 2217 1280 2254 eiusmodi
1307 2229 1395 2254 casu
1425 2229 1498 2253 non
1526 2219 1715 2264 patimur),
1751 2217 1808 2253 vel
1835 2217 1868 2252 si
1897 2228 1970 2264 qua
2002 2228 2052 2254 ex
2083 2219 2295 2253 necessitate
2326 2221 2389 2253 aut

161 2272 235 2295 non
258 2262 306 2296 sit
328 2265 511 2307 superstes
535 2266 599 2297 aut
619 2261 731 2297 lateat
761 2268 823 2297 aut
844 2263 932 2309 quid
956 2263 1058 2299 aliud
1086 2263 1131 2298 de
1154 2274 1198 2298 ea
1219 2264 1362 2309 factum
1385 2263 1433 2298 sit
1456 2262 1555 2308 quod
1579 2262 1679 2298 illum
1696 2262 1895 2308 prohibeat
1917 2273 1962 2298 ne
1985 2263 2078 2298 viam
2103 2262 2153 2298 ad
2175 2262 2315 2298 dotalia
2335 2263 2388 2297 in-

161 2310 359 2341 strumenta
383 2306 568 2342 ducentem
592 2308 829 2352 inqrediatur,
844 2348 847 2353 Ι
862 2309 914 2343 sic
938 2319 1082 2355 quoque
1105 2308 1226 2343 liberis
1275 2308 1516 2354 rospiciendi‚
1549 2312 1584 2343 et
1613 2308 1828 2353 imperatori
1853 2318 1984 2353 preces
2014 2307 2193 2354 offerendi
2228 2319 2322 2354 quae
2350 2307 2390 2342 id

160 2351 278 2397 ipsum
305 2351 429 2387 dicant
463 2351 549 2387 velle
576 2363 615 2387 se
637 2354 824 2388 naturales
854 2364 941 2389 suos
973 2353 1105 2389 liberos
1134 2320 1317 2389 natalitius
1352 2358 1387 2389 et
1410 2353 1593 2405 pristinae
1630 2352 1848 2397 inqenuitati
1871 2357 1905 2388 et
1930 2352 2169 2398 leqitimorum
2191 2353 2267 2388 iuri
2287 2354 2387 2388 resti-

164 2402 281 2439 tuere,
317 2402 358 2432 ut
387 2397 452 2433 sub
477 2400 662 2443 potestate
688 2409 756 2433 sua
787 2399 860 2434 sint
889 2409 976 2434 neve
1006 2400 1198 2444 quicquam
1229 2410 1252 2433 a
1277 2398 1445 2444 leqitimis
1470 2398 1590 2433 liberis
1611 2397 1795 2439 differant.
1843 2397 1894 2433 Et
1914 2397 1981 2433 hoc
2002 2399 2107 2444 facto
2133 2398 2237 2434 liberi
2260 2398 2388 2434 dehinc

163 2441 228 2477 tali
251 2442 392 2478 auxilio
409 2443 597 2487 fruantur,
618 2454 687 2478 neu
700 2443 871 2488 fraudem
894 2444 1021 2490 facere
1038 2444 1143 2490 patri
1163 2443 1308 2479 valeant
1325 2448 1359 2479 et
1381 2446 1496 2478 matre
1518 2443 1699 2478 occultata
1722 2443 1780 2486 ius
1801 2442 2042 2489 leqitimorum
2062 2443 2265 2490 repudiare.
2310 2442 2386 2479 Uno

160 2487 254 2522 enim
278 2487 345 2522 lzoc
368 2487 475 2523 modo
501 2498 619 2523 omnes
640 2488 816 2524 eiusmodi
839 2493 995 2524 naturae
1019 2489 1145 2535 lapsus
1169 2493 1205 2524 et
1227 2489 1451 2524 inventiones
1474 2489 1511 2524 in
1535 2489 1581 2523 iis
1600 2488 1664 2534 qui
1680 2487 1860 2534 leqitimos
1882 2488 2014 2524 liberos
2035 2499 2108 2524 non
2132 2488 2264 2525 habent
2280 2500 2387 2524 sana-

160 2535 181 2568 1
227 2544 316 2575 mus,
338 2544 416 2568 cum
439 2537 510 2568 tam
527 2534 664 2579 exiquo
680 2533 839 2569 subsidio
861 2538 1000 2569 tantum
1021 2535 1189 2581 impetum
1209 2538 1364 2569 naturae
1379 2534 1655 2569 correxerimus.
1727 2532 1770 2568 Si
1793 2537 1911 2569 tamen
1932 2537 2041 2585 pater
2063 2534 2285 2569 naturalium
2311 2538 2387 2570 tan-

162 2583 234 2613 tum
260 2578 452 2613 liberorum
475 2578 513 2613 id
538 2578 679 2624 quidem
706 2584 861 2626 propter
883 2580 1062 2625 fortuitas
1090 2579 1266 2626 quasdam
1298 2579 1529 2615 necessitates
1561 2590 1634 2614 non
1664 2579 1812 2624 fecerit,
1849 2590 2007 2614 mortens
2031 2583 2151 2615 autem
2175 2579 2219 2616 de
2242 2590 2315 2615 uno
2338 2591 2388 2616 ex

160 2623 302 2658 casibus
321 2635 436 2670 supra
461 2623 565 2659 dictis
588 2625 627 2659 in
652 2628 859 2660 testamento
883 2626 1072 2671 scripserit
1095 2625 1184 2661 velle
1207 2635 1245 2660 se
1265 2624 1397 2659 liberos
1415 2625 1485 2660 sibi
1509 2625 1688 2671 leqitimos
1712 2635 1787 2659 esse
1803 2628 1838 2660 et
1854 2635 2090 2667 successores,
2116 2625 2224 2660 liuius
2243 2636 2388 2672 quoque

158 2669 212 2704 rei
234 2669 414 2704 licentiam
438 2669 470 2704 ei
490 2670 628 2711 damus,
662 2673 701 2704 ut
722 2674 839 2705 tamen
862 2670 915 2705 sic
938 2681 1082 2716 quoque
1106 2670 1209 2706 liberi
1232 2674 1322 2716 post
1340 2673 1487 2705 mortem
1507 2670 1632 2716 patris
1651 2670 1857 2716 supplicent
1877 2674 1911 2705 et
1933 2669 2003 2705 hoc
2026 2670 2192 2713 doceant,
2221 2675 2257 2706 et
2281 2675 2387 2706 testa-

158 2718 313 2749 mentum
334 2714 459 2760 patris
486 2714 695 2757 ostendant,
730 2719 767 2750 et
793 2714 941 2750 heredes
972 2717 1133 2751 eoeistant
1165 2716 1202 2750 in
1234 2719 1409 2760 quantum
1441 2726 1503 2751 eos
1528 2719 1642 2762 pater
1670 2715 1871 2761 scripserit,
1904 2719 2014 2761 atque
2037 2715 2077 2750 id
2099 2715 2144 2751 ab
2169 2717 2388 2763 imperatore

156 2760 363 2806 impetrent,
379 2764 420 2795 ut
443 2760 541 2806 quod
567 2760 612 2805 fit
642 2760 765 2796 eodem
790 2760 903 2796 modo
928 2761 1060 2796 donum
1091 2762 1139 2796 sit
1169 2764 1205 2796 et
1222 2760 1346 2807 patris
1368 2764 1405 2795 et
1426 2760 1669 2807 imperatoris,
1703 2761 1759 2796 vel
1780 2760 1880 2807 quod
1908 2760 2002 2796 idem
2025 2764 2078 2797 est
2108 2765 2144 2797 et
2174 2765 2330 2797 naturae
2353 2766 2388 2797 et

158 2805 256 2850 leqis.
304 2806 421 2851 Atque
451 2806 539 2841 llaec
570 2805 721 2853 dicimus
750 2806 888 2841 nullum
919 2817 968 2841 ex
997 2806 1184 2852 prioribus
1214 2806 1330 2840 modis
1355 2805 1524 2851 leqitimis
1549 2806 1732 2848 tollentes,
1765 2806 1872 2841 immo
1898 2805 1993 2842 hunc
2016 2802 2190 2842 addentes
2220 2807 2281 2843 ubi
2305 2807 2388 2843 illos

158 2850 327 2886 adhibere
356 2862 429 2885 non
464 2851 554 2886 licet.
609 2850 735 2897 Utique
766 2852 859 2886 enim
889 2852 922 2886 si
954 2852 1104 2897 leqitimi
1128 2856 1276 2904 praesto
1306 2850 1380 2886 sint
1407 2854 1443 2886 et
1465 2851 1653 2886 naturales
1677 2855 1810 2898 postea
1839 2855 2040 2887 nascantur
2068 2852 2142 2888 sive
2172 2856 2280 2889 antea
2308 2854 2390 2888 nati

156 2895 247 2937 sint,
281 2897 336 2930 ius
367 2895 607 2942 leqitimorum
636 2897 681 2931 iis
709 2907 783 2932 non
814 2897 1040 2942 impertietur
1067 2898 1136 2933 nist
1168 2897 1312 2932 omnino
1335 2906 1409 2942 per
1439 2897 1714 2932 constitutiones
1737 2900 1901 2940 nostras,
1933 2908 2027 2943 quae
2048 2897 2191 2934 modum
2211 2898 2387 2935 dotalium

157 2942 475 2976 instrumentorum
496 2941 792 2978 introduxerunt.

203 3033 224 3064 4
243 3032 302 3064 ἐπὶ
318 3032 380 3064 τοῦ
395 3029 558 3065 τοιούτου
582 3031 751 3075 θέματος]
772 3033 808 3065 111
823 3033 948 3066 talibus
967 3033 1097 3066 casibus
1111 3045 1131 3069 ς
1149 3033 1161 3077 ΙΙ
1177 3035 1196 3066 5
1217 3028 1239 3075 ἢ

158 3075 269 3121 εἴπερ]
284 3078 316 3109 et
327 3077 354 3108 si
372 3089 390 3113 ς
407 3077 419 3115 ΙΙ
437 3079 456 3111 6
475 3073 495 3118 ἢ
508 3079 546 3110 τί
560 3078 683 3123 ἕτερον
696 3078 743 3111 Μ
756 3080 815 3111 aut
831 3078 961 3121 aliquid
975 3078 1074 3111 0110111
1087 3078 1180 3110 aliud
1195 3091 1213 3114 ς
1227 3078 1238 3116 ΙΙ

158 3117 180 3154 ὃ
203 3122 379 3165 Scrimyer]
400 3118 422 3164 ἢ
446 3123 492 3155 Μ
509 3125 568 3154 aut
589 3123 678 3164 quod
702 3135 721 3159 ς
739 3123 750 3166 1}
775 3120 887 3157 αὐτὸν
912 3137 969 3157 om.
985 3135 1004 3160 ς
1019 3124 1031 3167 ΙΙ
1059 3125 1099 3158 11
1119 3126 1178 3156 καὶ
1194 3125 1238 3170 τῇ

157 3167 325 3210 Aqylaeus
338 3180 376 3200 ex
389 3178 408 3202 ς
420 3169 476 3210 (cf-
491 3169 567 3208 372,
578 3170 637 3209 25)]
658 3164 716 3201 οὓς
729 3168 772 3214 τῇ
785 3165 899 3209 Μ(ιᾶς
911 3168 956 3215 τῇ
971 3169 1214 3212 Osenbriiqqen)
1228 3168 1239 3213 ΙΙ

159 3214 202 3246 24
227 3209 424 3257 *γράψειεν
448 3213 488 3245 ἐν
506 3214 559 3253 (cfl
577 3215 619 3255 ς)]
650 3210 820 3258 γράψειεν
841 3213 888 3247 Μ
903 3211 1034 3260 γράψει
1053 3214 1093 3246 ἐν
1106 3215 1238 3247 Zacha-

158 3259 229 3291 riae
248 3259 260 3301 ΙΙ
285 3259 326 3291 25
352 3260 410 3290 καὶ
436 3255 630 3299 διαδόχους]
656 3261 716 3291 καὶ
742 3272 800 3292 om.
816 3271 844 3301 ς,
869 3260 932 3293 Iul.
949 3261 1010 3294 241
1035 3258 1048 3304 ΙΙ
1075 3260 1118 3293 26
1138 3255 1237 3301 αὐτῷ

970 3300 980 3313 Ὶ

159 3338 216 3359 om.
231 3337 250 3362 ς
266 3325 277 3368 ΙΙ
298 3327 335 3359 31
352 3325 444 3359 κατὰ
456 3322 592 3358 ταύτὸν
606 3326 792 3360 Zachariae
807 3340 845 3361 ex
859 3329 888 3368 ς]
914 3303 992 3371 καῗ]
1010 3326 1077 3361 τὸν
1092 3328 1164 3370 (sic)
1178 3328 1239 3361 M²

158 3369 241 3404 κατ’
257 3367 379 3415 αὖΙτὸν
393 3371 456 3403 M2
471 3371 483 3416 ΙΙ
502 3372 546 3404 32
559 3373 619 3403 καὶ
633 3370 811 3414 βασιλέως
825 3373 989 3416 Scrimqer
1002 3386 1040 3406 ex
1053 3374 1084 3414 ς]
1105 3375 1165 3405 καὶ
1179 3387 1237 3408 om.

158 3416 226 3460 ΜΗ
253 3418 293 3451 38
320 3415 477 3457 πάντως]
503 3418 613 3449 forsan
634 3429 653 3452 ς
668 3416 680 3460 ss
708 3414 922 3459 διατάξεων]
951 3418 1029 3452 Cod.
1045 3419 1076 3460 5,
1090 3426 1138 3461 27,
1152 3427 1195 3453 10.
1210 3426 1239 3453 11

205 3532 221 3563 1
236 3531 336 3563 matri
354 3529 383 3562 T
391 3530 401 3550 ¹
423 3532 526 3562 matre
543 3530 594 3563 Τ2
609 3530 620 3573 {l
641 3532 660 3563 2
682 3530 887 3572 relinquenti
908 3532 1006 3574 vulq.]
1030 3531 1239 3573 delinquenti

160 3574 421 3617 (delinquentem
451 3576 501 3609 V²
533 3576 747 3617 delinquente
773 3576 835 3616 T2)
862 3577 954 3615 libri3
992 3576 1238 3619 derelinquenti

160 3620 337 3655 Heimback
355 3621 367 3665 ΙΙ
392 3624 414 3656 4
431 3623 462 3654 01
482 3622 522 3663 si]
547 3624 606 3654 aut
628 3622 656 3653 si
670 3622 763 3655 Beck
780 3621 793 3665 ΙΙ
811 3621 898 3664 *per
916 3622 1081 3664 quandam
1098 3623 1237 3655 circum-

160 3666 358 3708 ventionem]
383 3677 442 3709 per
461 3667 602 3709 quedam
620 3667 862 3700 circumuentio
886 3666 1078 3711 (cirluentio
1096 3668 1160 3709 Ta)
1186 3669 1237 3701 T¹

161 3711 320 3752 quaedam
339 3713 656 3746 circumuentionem
678 3713 979 3755 (circumuentione
995 3713 1059 3756 R2)
1080 3713 1122 3746 R·
1138 3724 1237 3755 quae-

1309 3033 1384 3065 dam
1397 3032 1640 3065 circumuentio
1655 3036 1702 3065 est
1719 3034 1751 3066 V
1762 3034 1903 3075 quadam
1917 3035 2203 3067 circumuentione
2214 3035 2247 3067 T
2252 3034 2265 3054 ²
2277 3036 2362 3077 vulq-

1309 3080 1328 3112 5
1352 3078 1463 3111 latitet
1484 3078 1530 3119 V]
1557 3076 1639 3111 latet
1662 3077 1825 3122 RTvulq.
1848 3078 1860 3122 ΙΙ
1886 3080 1907 3113 6
1931 3078 2000 3120 fiat]
2025 3078 2081 3112 uel
2105 3079 2203 3112 fatiat
2227 3079 2302 3122 (sic)
2325 3080 2357 3113 T

1308 3126 1367 3156 aut
1392 3124 1475 3156 delet
1487 3123 1581 3156 Beck
1597 3122 1609 3167 ΙΙ
1628 3123 1728 3165 quod]
1753 3124 1813 3165 qui
1839 3124 1889 3157 Τι
1912 3134 1984 3157 eam
2008 3127 2067 3157 aut
2089 3124 2137 3158 V¹
2154 3124 2167 3169 ΙΙ
2188 3124 2387 3168 prohibebat

1310 3170 1342 3202 T
1354 3169 1366 3212 Η
1386 3170 1405 3203 8
1419 3169 1538 3201 offerre
1550 3168 1744 3210 imperatori
1757 3179 1891 3211 praeces
1913 3169 1948 3203 V
1957 3169 1969 3213 ss
1990 3171 2030 3204 10
2042 3170 2270 3211 legitimorum
2285 3172 2385 3214 vulq]

1308 3214 1458 3256 legitimo
1482 3215 1558 3247 libri
1569 3214 1623 3256 (cf.
1637 3226 1666 3246 v.
1681 3214 1737 3255 36)
1757 3216 1768 3254 ΙΙ
1784 3214 1856 3255 sub]
1882 3214 1942 3247 sub
1960 3225 2020 3247 sua
2035 3215 2082 3247 13²
2094 3214 2114 3259 ΙΙ
2133 3217 2174 3250 12
2195 3215 2282 3248 facta
2304 3216 2359 3248 Va
2375 3216 2387 3261 ΙΙ

1310 3261 1351 3293 13
1376 3259 1524 3292 fraudari
1547 3259 1581 3291 R
1598 3257 1610 3302 ΙΙ
1634 3259 1788 3300 iusRV]
1814 3263 1846 3291 et
1870 3260 1922 3291 ius
1947 3261 2071 3304 Tvulq.
2091 3259 2104 3304 ΙΙ
2130 3262 2172 3294 14
2195 3260 2386 3294 hominibus

1304 3305 1352 3338 R¹
1370 3304 1382 3349 ΙΙ
1403 3306 1443 3337 15
1465 3304 1566 3336 huius
1584 3304 1681 3336 modo
1703 3305 1753 3337 V¹
1771 3304 1783 3348 ΙΙ
1804 3306 1844 3339 16
1864 3304 2003 3346 legimos
2024 3306 2074 3338 V¹
2091 3306 2102 3348 ΙΙ
2121 3306 2179 3346 ita]
2207 3308 2239 3339 et
2262 3306 2310 3339 ita
2331 3306 2385 3351 Vn

1310 3353 1349 3384 17
1376 3351 1518 3390 tantum]
1544 3350 1632 3382 inter
1656 3349 1704 3382 R¹
1732 3350 1744 3393 ss
1775 3351 1816 3385 21
1841 3353 1935 3393 pater
1958 3350 2104 3383 filiorum
2126 3351 2157 3383 V
2177 3350 2188 3395 ΙΙ
2220 3352 2262 3385 22
2287 3361 2389 3394 quos-v

1308 3396 1382 3428 dam
1403 3396 1453 3429 V¹
1471 3395 1482 3438 ΙΙ
1502 3396 1544 3428 23
1569 3392 1640 3436 ag'it
1664 3394 1740 3439 1221!
1759 3395 1803 3429 24
1827 3395 1959 3438 scripsit
1979 3396 2043 3429 VT
2057 3396 2068 3438 ΙΙ
2085 3398 2150 3437 eos]
2176 3406 2290 3429 eorum
2311 3397 2387 3442 V¹ss

1309 3443 1351 3475 25
1374 3440 1460 3473 filios
1477 3442 1509 3472 et
1526 3450 1724 3473 successores
1749 3442 1792 3474 al.
1810 3439 1822 3484 ΙΙ
1841 3440 2032 3474 huiusmodi
2049 3441 2098 3473 rei
2117 3442 2167 3480 R;
2195 3443 2254 3485 leq.
2267 3443 2384 3476 huius-

1307 3486 1396 3519 modi
1418 3485 1473 3518 ei‘?
1490 3485 1501 3529 ΙΙ
1531 3487 1573 3519 26
1597 3487 1656 3528 pot
1676 3486 1726 3519 V¹
1742 3485 1755 3530 ΙΙ
1780 3487 1821 3520 27
1847 3485 2063 3519 *dicentibus
2088 3487 2165 3520 libri
2179 3486 2191 3530 ΙΙ
2217 3489 2260 3522 28
2285 3490 2328 3530 01]
2353 3491 2386 3521 01

1308 3543 1347 3564 ex
1368 3531 1415 3564 V¹
1436 3530 1447 3574 11
1473 3532 1514 3564 29
1532 3533 1581 3571 111]
1604 3533 1636 3563 01
1658 3531 1703 3564 V¹
1723 3530 1734 3574 ΙΙ
1763 3534 1805 3566 30
1822 3532 1923 3573 quod]
1941 3542 2003 3573 que
2025 3531 2079 3574 Vss
2099 3532 2231 3565 domum
2247 3533 2385 3578 R¹T⁶fl

1309 3579 1347 3611 31
1374 3577 1461 3609 idem
1482 3579 1529 3608 est
1547 3575 1610 3620 T2]
1636 3577 1671 3609 id
1688 3579 1735 3609 est
1756 3577 1833 3611 RV
1850 3577 1937 3610 idem
1957 3577 1989 3610 T
1997 3577 2006 3596 ¹
2027 3575 2039 3621 ΙΙ
2056 3576 2142 3610 (11010
2163 3577 2217 3623 Vss
2237 3580 2280 3612 32
2300 3578 2384 3620 legi-

1307 3623 1424 3654 timum
1446 3621 1644 3654 anteriorem
1670 3622 1704 3655 V
1728 3621 1739 3665 ΙΙ
1769 3624 1810 3657 35
1835 3621 2044 3655 naturalibus
2068 3621 2285 3656 existentibus
2308 3635 2384 3667 pro-

1307 3668 1426 3700 creatis
1440 3668 1491 3700 Ra
1508 3667 1520 3711 ΙΙ
1546 3669 1615 3709 0111]
1640 3667 1695 3700 1101
1711 3668 1744 3699 R
1770 3667 1781 3711 ΙΙ
1806 3669 1848 3701 36
1872 3668 1926 3700 ius
1948 3667 2176 3710 legitimorum
2190 3670 2223 3702 T
2236 3668 2249 3713 n
2264 3669 2383 3702 aditia-

1307 3715 1362 3746 tur
1383 3713 1429 3753 V]
1454 3713 1578 3746 dicitur
1597 3713 1645 3746 1³¹
1669 3713 1836 3746 addicitur
1853 3714 1939 3747 R²T
1958 3713 2103 3747 adicitur
2126 3715 2211 3758 vulq.
