2618 4010
234 97 342 140 Nor.
372 97 493 140 XLII
517 97 544 139 3
1314 90 1400 140 268
1846 106 1906 138 nn
1936 105 2227 140 nnrosmous:
2258 105 2449 138 mmmm

233 211 377 252 στορίου
406 207 472 241 τοῦ
503 204 772 252 φρενοβλαβοῦς
801 203 980 261 ὑφήγησιν
1017 206 1089 240 εἴτε
1118 204 1210 240 κατὰ
1240 205 1308 249 τὴν
1376 207 1496 241 sectae
1527 204 1811 250 explanationem
1841 207 1915 243 sive
1946 207 2141 243 secundum
2165 206 2312 242 stultam
2334 205 2448 252 Euty-

234 249 390 294 ἀνόητον
414 248 590 293 Εὗτυχοῦς
614 249 818 296 παράδοσιν
842 253 914 286 εὶτε
935 250 1026 285 κατὰ
1056 250 1124 293 τὴν
1147 250 1308 296 Σεβήρου
1378 250 1454 285 chis
1478 249 1705 285 traditionem
1732 250 1806 286 sive
1836 252 2030 288 secundum
2053 251 2173 288 Severi
2196 251 2450 296 blasphemiam

232 295 469 342 βλασφημίαν
503 297 568 330 τοῦ
604 294 650 329 τὰ
682 294 773 330 αὐτὰ
803 297 948 330 ἐκείνοις
986 293 1203 338 νοσήσαντος
1238 296 1309 330 εἴτε
1377 295 1466 330 haec
1489 294 1613 330 eadem
1638 304 1719 330 cum
1742 294 1811 331 illis
1834 296 2034 341 languentis
2064 297 2139 333 sive
2155 296 2250 331 *illud
2274 296 2450 340 sequenti-

233 342 311 375 τῶν
334 342 482 376 ἐκείνοις
504 338 818 383 ἀκολουθούντων,
849 343 926 375 ταῖς
951 337 1167 386 ἁγιωτάταις
1189 339 1307 383 ἐκκλη-
1376 339 1457 382 bus,
1481 337 1718 375 sanctissimis
1748 340 1907 377 ecclesiis
1936 341 2110 378 tumultus
2134 342 2311 377 inmittere
2339 344 2376 376 et
2398 340 2450 377 lo-

234 389 326 420 σίαις
348 384 503 431 ταραχὰς
527 383 716 429 ἐμβάλλειν
746 389 807 420 καὶ
830 385 1065 431 φθέγγεσθαί
1085 398 1122 419 τι
1145 388 1227 431 περὶ
1250 388 1309 420 πί-
1345 388 1363 419 5
1378 384 1439 429 qui
1462 383 1595 428 aliquid
1619 384 1663 419 de
1684 383 1771 419 fide:
1802 384 1866 421 sed
1887 387 2064 423 sancimus
2087 397 2196 422 unum
2223 395 2372 431 nemque
2396 388 2451 421 ta-

234 441 366 465 οτεως·
402 428 491 465 ἀλλὰ
514 430 739 475 θεσπίζομεν
769 433 922 465 ἕκαστον
944 431 1021 463 τῶν
1043 428 1221 464 τοιούτων
1242 428 1310 472 τὴν
1378 429 1463 464 lium
1486 428 1641 474 quietem
1670 438 1776 472 agere
1804 432 1841 464 et
1862 440 1935 466 non
1957 441 2155 468 convocare
2183 398 2229 467 ὦ
2250 441 2289 467 se
2311 431 2452 476 aliquos

234 472 384 518 ἡσυχίαν
413 473 524 523 ἄγειν,
554 478 615 509 καὶ
644 475 734 518 μήτε
764 474 951 523 συγκαλεῖν
985 475 1033 508 εἰς
1062 472 1174 509 ταύτό
1209 484 1311 509 τινας
1377 483 1494 517 neque
1516 474 1730 509 accedentes
1754 474 1934 519 suscipere
1956 481 2020 511 aut
2047 481 2218 512 extranea
2238 476 2284 512 ba
2310 477 2454 511 tismata

232 517 323 564 μήτε
353 517 565 567 προσιόντας
591 518 764 563 δέχεσθαι
787 517 809 563 ἢ
832 520 1126 567 παραβαπτίζειν
1155 519 1311 565 θαρρεῖν
1378 519 1498 554 facere
1522 517 1652 554 audere
1676 521 1740 553 aut
1763 528 1902 554 sacram
1926 521 2205 557 communionem
2234 532 2281 566 po
2311 531 2394 556 uere
2417 524 2454 556 et

240 563 256 574 ⁸
279 564 347 608 τὴν
370 564 469 611 ἱερὰν
492 570 688 601 κοινωνίαν
711 566 899 612 ῥυπαίνειν
931 567 990 598 καὶ
1013 562 1145 607 ταύτης
1166 561 1309 608 μεταδι-
1379 573 1457 599 eam
1489 562 1630 599 tradere
1653 563 1830 608 aliquibus
1862 567 1927 599 aut
1953 564 2160 603 interdictas
2184 566 2366 603 doctrinas
2391 576 2452 601 ex-

234 578 341 644 gam
375 613 473 645 τισὶν
506 606 529 653 ἢ
561 610 625 645 τὰς
658 607 946 657 ἁπηγορευμένας
979 606 1211 643 διδασκαλίας
1245 606 1310 655 ὑφ·
1326 611 1366 643 10
1378 618 1512 654 ponere
1540 612 1604 643 aut
1627 608 1665 644 in
1686 608 1756 644 hac
1778 608 1876 653 regia
1904 613 2027 646 nostra
2050 611 2191 647 civitate
2224 615 2287 646 aut
2309 611 2346 646 in
2369 611 2452 652 alia,

235 654 416 702 ηγεῖσθαι,
439 653 462 698 ἢ
485 657 546 690 ἐπὶ
567 654 699 699 ταύτης
721 657 781 698 τῆς
798 651 982 699 βασιλίδος
1004 651 1107 698 ἡμῶν
1130 652 1267 689 πόλεως
1289 651 1312 696 ἢ
1379 653 1443 690 sed
1465 653 1658 689 formidare
1680 663 1785 689 omne
1808 653 2016 699 periculum,
2039 656 2071 692 si
2093 655 2176 701 quid
2199 657 2270 692 tale
2292 655 2451 700 gesserit.

235 696 295 746 ἐφ’
322 700 461 745 ἑτέρας,
498 697 576 734 ἀλλ’
610 698 821 748 ὑφορᾶσθαι
853 698 974 734 πάντα
1003 697 1183 740 κίνδυνον,
1216 699 1251 732 εἴ
1275 711 1311 733 τι

235 745 259 781 2
305 746 448 779 τοιοῦτο
468 743 654 790 πράξαιεν.
699 742 967 791 ἀπαγορεύομεν
988 741 1028 777 δὲ
1047 746 1106 777 καὶ
1126 745 1215 778 πᾶσι
1234 742 1313 778 τού·
1379 743 1405 780 2
1450 742 1697 780 Interdicimus
1732 747 1850 779 autem
1882 744 2045 779 omnibus
2075 744 2141 781 hos
2170 746 2360 791 suscipere,
2392 755 2452 780 ex-

234 801 316 824 τους
338 787 593 832 ὑποδέχεσθαι.
640 787 856 824 ἀπελαύνειν
889 790 956 833 μὲν
991 781 1056 822 οὖν
1087 789 1313 831 θεσπίζομεν
1380 789 1513 833 pellere
1535 799 1619 824 vero
1643 790 1823 824 sancimus
1847 799 1909 825 eos
1933 789 1977 824 de
2000 789 2202 827 civitatibus
2231 792 2276 826 ab
2301 791 2351 826 eis
2377 793 2452 826 tur-

236 833 365 870 αὐτοῦς
387 836 466 870 τῶν
489 831 556 870 ὑπ’
584 833 707 869 αὐτῶν
730 836 1012 880 ταραττομένων
1036 832 1190 877 πόλεων,
1223 832 1312 868 εἰδό-
1329 835 1366 868 15
1384 834 1485 876 batis,
1517 834 1671 869 scientes
1694 845 1828 879 poenas
1858 844 1950 879 quac
1974 834 2085 870 sacris
2114 836 2243 871 nostris
2275 836 2344 872 iam
2368 846 2453 871 con-

235 891 301 915 τας
333 879 397 915 τὰς
426 878 551 915 ποινὰς
581 878 644 914 τὰς
672 883 748 914 ταῖς
779 880 898 913 θείαις
929 875 1033 921 ἡμῶν
1064 877 1131 922 ἢδη
1155 892 1312 926 περιεχο-
1381 879 1539 914 tinentur
1571 879 1897 922 constitutionibus,
1935 889 2026 924 quae
2061 883 2097 914 et
2131 880 2252 916 domos
2287 882 2299 916 i
2327 891 2385 916 sas
2417 881 2454 915 in

235 928 344 969 μένας
368 923 582 965 διατάξεων,
616 925 721 970 αἴπερ
752 927 812 958 καὶ
836 923 899 957 τὰς
922 921 1165 966 oculas-fluxae
1196 926 1236 958 ἐν
1259 923 1313 959 αἶς
1381 924 1512 970 quibus
1536 924 1608 959 tale
1632 924 1764 968 aliquid
1796 925 1911 968 agitur
1933 927 1971 960 et
1994 924 2141 969 praedia.
2171 934 2214 959 ex
2236 925 2298 969 qui
2324 936 2365 962 us
2389 925 2453 961 ali-

235 967 379 1004 τοιοῦτό
403 984 439 1004 τι
463 968 659 1014 πράττεται
683 972 742 1003 καὶ
765 969 811 1003 τὰ
832 973 947 1014 χωρία
970 969 1008 1009 ἐξ
1027 967 1080 1003 ὡν
1099 971 1162 1004 τὰς
1183 968 1313 1014 τροφὰς
1381 974 1502 1004 menta
1531 969 1779 1005 ministrantur
1809 969 2043 1005 sanctissimis
2077 969 2236 1005 ecclesiis
2259 970 2442 1015 assignant

235 1015 473 1061 χορηγοῦνται
504 1017 579 1048 ταῖς
601 1011 819 1059 ἁγιωτάταις
848 1013 1047 1057 ἐκκλησίαις
1071 1015 1313 1060 προςκυροῦσι,
1380 1025 1403 1050 a
1433 1014 1701 1059 possessoribus
1733 1014 1873 1059 quidem
1909 1013 2110 1050 auferentes
2146 1014 2253 1058 haec,
2287 1024 2329 1050 eo
2361 998 2456 1060 quod

236 1062 315 1094 τῶν
336 1061 404 1103 μὲν
425 1062 653 1102 κεκτημένων
676 1056 955 1106 ἀφαιρούμεναι,
985 1057 1079 1093 διότι
1103 1058 1238 1103 βλάβης
1262 1059 1312 1093 αἴ-
1325 1061 1367 1094 20
1380 1059 1547 1095 laesionis
1570 1069 1680 1095 causa
1700 1060 1764 1095 sim
1791 1059 1975 1095 licioribus
1997 1059 2093 1094 facta
2113 1059 2195 1103 sint,
2216 1059 2284 1095 sub
2303 1059 2455 1096 sanctis-

237 1118 299 1139 τια
326 1107 400 1139 τοῖς
429 1102 680 1151 ἁπλουστέροις
707 1108 867 1150 γίνεται,
897 1101 970 1139 ὑπὸ
999 1102 1039 1138 δὲ
1069 1105 1132 1139 τὰς
1159 1101 1312 1151 ἁγιωτά·
1382 1105 1489 1140 simas
1514 1108 1633 1140 autem
1657 1107 1695 1140 et
1718 1108 1774 1141 ort
1800 1104 1935 1140 odoxas
1959 1104 2130 1140 ecclesias
2162 1104 2252 1140 haec
2279 1104 2373 1140 iuste
2395 1103 2456 1139 de-

237 1160 302 1184 τας
324 1152 384 1182 καὶ
405 1147 624 1194 ὀρθοδόξους
647 1148 832 1192 ἐκκλησίας
853 1150 970 1183 ταῦτα
989 1147 1135 1184 δικαίως
1153 1149 1311 1197 ἄγουσαι.
1381 1150 1562 1185 ducentes.

236 1194 262 1230 3
319 1195 440 1228 Ταῦτα
470 1191 560 1240 ὑπὲρ
589 1195 651 1237 τῆς
681 1195 799 1238 κοινῆς
829 1193 967 1240 εἰρήνης
996 1196 1073 1229 τῶν
1095 1192 1314 1240 ἁγιωτάτων
1381 1196 1406 1231 3
1459 1195 1531 1230 Pro
1563 1195 1740 1230 communi
1770 1205 1860 1240 pace
1893 1194 2197 1230 sanctissimarum
2227 1194 2459 1230 ecclesiarum

237 1237 435 1282 ἐκκλησιῶν
450 1240 732 1284 νομοθετοῦμεν,
752 1240 870 1274 ταῦτα
889 1251 940 1284 ψη
971 1239 1125 1284 ιζόμεθα
1148 1242 1220 1274 τοῖς
1237 1241 1314 1274 τῶν
1382 1242 1472 1275 haec
1497 1240 1720 1275 decernimus
1754 1245 1957 1275 sanctorum
1989 1243 2130 1285 patrum
2162 1242 2350 1284 sequentes
2374 1239 2458 1284 dog-

236 1282 353 1331 ἁγίων
372 1288 544 1330 πατέρων
562 1283 916 1319 κατακολουθοῦντες
955 1282 1126 1332 “όγμασιν,
1150 1282 1250 1319 ὅπως
1267 1281 1314 1318 ἂν
1328 1287 1369 1319 25
1383 1289 1488 1328 mata,
1514 1286 1681 1330 quatinus
1702 1285 1941 1320 sacerdotium
1961 1294 2065 1320 omne
2084 1285 2374 1320 inconturbatum
2396 1295 2459 1320 no-

237 1329 279 1364 τὸ
311 1329 490 1375 ἱερατικὸν
524 1327 625 1364 ἅπαν
654 1328 836 1376 ἀτάραχον
866 1327 951 1374 ἡμῖν
981 1331 1043 1363 τοῦ
1076 1328 1201 1365 λοιποῦ
1237 1327 1314 1363 δια·
1383 1330 1438 1364 bis
1469 1331 1512 1366 de
1542 1333 1661 1365 cetero
1693 1333 1916 1375 permaneat,
1947 1340 2012 1374 per
2036 1329 2131 1374 quod
2161 1329 2268 1364 etiam
2293 1332 2354 1372 [et]
2378 1330 2459 1364 reli-

237 1378 348 1418 μένοι.
396 1373 508 1419 οὗπερ
531 1376 572 1409 ἐν
595 1374 717 1422 εἰρήνῃ
740 1373 1009 1420 φυλαττομένου
1039 1377 1098 1408 καὶ
1122 1373 1164 1408 τὸ
1189 1373 1316 1408 λοιπὸν
1384 1385 1456 1418 qua
1488 1375 1592 1410 nobis
1627 1375 1744 1409 valida
1781 1376 1827 1410 sit
1857 1374 2061 1419 respublica
2096 1384 2285 1419 supernam
2323 1375 2459 1410 habens

238 1418 323 1463 ἡμῖν
347 1417 541 1463 εὐθηνήσει
564 1419 760 1464 πολίτευμα
784 1419 851 1463 τὴν
874 1419 1024 1454 ἄνωθεν
1055 1422 1136 1462 ἔχον
1159 1419 1315 1465 εἰρήνην,
1385 1430 1520 1464 pacem,
1539 1430 1644 1464 quam
1662 1420 1824 1455 omnibus
1842 1429 1990 1464 magnus
2009 1420 2095 1454 deus
2112 1422 2148 1454 et
2165 1419 2319 1454 salvator
2335 1422 2461 1455 noster

237 1463 282 1509 ἢν
300 1461 440 1500 ἅπασιν
454 1462 474 1499 ὁ
498 1468 605 1511 μέγας
628 1464 715 1499 θεὸς
738 1467 797 1499 καὶ
821 1464 942 1512 σωτὴρ
965 1463 1069 1509 ἡμῶν
1088 1463 1215 1506 Ἰησοῦς
1228 1468 1315 1510 Χρι-
1385 1465 1486 1500 Iesus
1503 1464 1665 1499 Christus
1686 1465 1856 1499 trinitatis
1877 1475 1969 1499 unus
1991 1464 2146 1499 existens
2166 1464 2382 1509 unigenitum
2403 1464 2461 1499 dei

238 1509 322 1544 στὸς
351 1507 371 1544 ὁ
394 1511 457 1553 τῆς
479 1508 623 1556 τριάδος
645 1509 710 1552 εἷς,
741 1507 761 1544 ὁ
784 1510 977 1557 μονογενὴς
1001 1511 1065 1543 τοῦ
1089 1510 1180 1543 θεοῦ
1204 1508 1317 1552 λόγος,
1330 1511 1372 1544 30
1385 1511 1531 1545 verbum
1554 1510 1740 1554 praedicat
1759 1514 1795 1545 et
1815 1509 2062 1544 subministrat
2081 1519 2246 1553 germane
2265 1520 2305 1545 se
2324 1515 2360 1544 et
2379 1519 2460 1544 vere

239 1555 404 1599 κηρύττει
426 1568 467 1589 τε
490 1558 550 1589 καὶ
573 1559 714 1602 χορηγεῖ
739 1559 813 1589 τοῖς
835 1559 991 1601 γνησίως
1015 1552 1129 1589 αὐτὸν
1152 1557 1212 1588 καὶ
1235 1552 1315 1596 ἀλη-
1385 1556 1503 1590 colere
1527 1558 1564 1590 et
1586 1555 1737 1590 adorare
1761 1554 2054 1600 promerentibus.

239 1600 320 1635 θ’ὦς
343 1598 507 1643 δοξάζειν
530 1614 570 1635 τε
593 1604 653 1634 καὶ
677 1603 885 1646 προςκυνεῖν
909 1597 1127 1644 ἠξιωμένοις.

283 1665 564 1714 (Ἐπίλυγος.)
609 1665 796 1701 Ἡτοίνυν
819 1666 865 1710 σὴ
886 1665 1104 1713 μακαριότης
1125 1665 1172 1701 τὰ
1194 1665 1318 1712 ὀρθῶς
1438 1668 1711 1713 (Epilogus.)
1757 1667 1836 1703 Tua
1871 1667 1981 1712 igitur
2015 1667 2198 1703 beatitudo
2237 1676 2327 1711 quae
2364 1669 2461 1701 recte

237 1709 323 1756 ἡμῖν
345 1711 586 1759 παραστάντα
609 1711 822 1759 φυλαττέτω
845 1726 885 1746 τε
909 1715 969 1746 καὶ
991 1713 1040 1747 εἰς
1061 1714 1167 1759 ἔργον
1189 1709 1316 1759 ἀγέτω,
1385 1713 1489 1748 nobis
1515 1713 1731 1766 placuerunt
1763 1713 1942 1748 custodiat
1970 1713 2024 1758 <et
2046 1713 2109 1757 ad)
2134 1712 2297 1748 effectum
2330 1711 2459 1756 perdu-

238 1761 526 1803 καταπέμπουσα
550 1756 642 1792 αὐτοὶ
665 1755 725 1792 διὰ
749 1757 938 1803 θεοφιλῶν
964 1755 1071 1800 αὐτῆς
1093 1757 1317 1804 γραμμάτων
1330 1761 1371 1793 35
1386 1762 1455 1801 cat,
1477 1761 1619 1794 mittens
1636 1768 1679 1792 ea
1694 1768 1760 1803 per
1776 1759 1842 1793 deo
1857 1758 2026 1793 amabiles
2043 1768 2127 1793 suas
2141 1757 2279 1792 litteras
2296 1757 2460 1792 omnibus

239 1804 330 1838 πᾶσι
360 1806 433 1837 τοῖς
456 1800 529 1844 ,ὑπ’
556 1800 670 1846 αὐτὴν
698 1806 926 1856 τεταγμένοις
954 1800 1316 1856 ὁσιωτάτοιςίμητρο·
1385 1804 1452 1838 sub
1476 1813 1515 1839 se
1540 1803 1744 1839 constitutis
1768 1803 2002 1838 sanctissimis
2025 1802 2278 1847 metropolitis,
2310 1812 2460 1847 quorum

239 1847 418 1882 πολίταις·
445 1845 499 1883 ὡν
522 1846 662 1892 ἑκάστῳ
684 1860 873 1894 γενήσεται
897 1850 1043 1893 φροντὶς
1066 1851 1144 1881 ταῖς
1166 1861 1217 1882 vn
1257 1846 1316 1881 αὖ·
1386 1848 1578 1893 unicuique
1601 1848 1669 1884 erit
1691 1848 1893 1884 sollicitudo
1925 1849 1992 1883 sub
2017 1858 2056 1883 se
2081 1847 2285 1884 constitutis
2309 1847 2460 1882 sanctis-

239 1892 322 1928 τοὺς
336 1895 570 1941 τεταγμέναις
585 1890 803 1941 ἁγιωτάταις
819 1892 1017 1936 ἐκκλησίαις
1036 1893 1152 1926 ταῦτα
1168 1894 1318 1936 ποιῆσαι

241 2029 397 2065 cundum
419 2029 637 2064 insensatam
660 2027 834 2073 Eutychis
858 2026 1085 2062 traditionem
1116 2026 1189 2062 sive
1213 2026 1407 2061 secundum
1438 2026 1696 2071 blasphemiam
1721 2026 1855 2068 Severi,
1888 2026 1948 2071 qui
1972 2028 2009 2061 et
2032 2026 2160 2061 similia
2183 2026 2253 2060 illis
2276 2025 2461 2067 intellexit,

240 2078 304 2109 aut
333 2084 471 2117 eorum,
503 2073 565 2118 qui
595 2073 676 2108 illos
705 2074 913 2117 sequuntur,
949 2072 1159 2107 seditionem
1187 2072 1377 2107 immittere
1410 2071 1641 2107 sanctissimis
1671 2071 1830 2106 ecclesiis
1861 2076 1896 2105 et
1925 2071 2025 2116 loqui
2055 2070 2189 2115 aliquid
2211 2071 2253 2104 de
2275 2070 2361 2114 fide;
2398 2070 2461 2105 sed
2485 2073 2528 2105 40

241 2119 420 2155 sancimus
443 2118 637 2164 quemlibet
658 2118 783 2152 talium
807 2117 987 2152 silentium
1009 2117 1140 2152 ducere
1164 2121 1200 2151 et
1223 2128 1295 2152 non
1320 2126 1515 2152 convocare
1539 2116 1677 2160 aliquos
1710 2116 1756 2151 ad
1780 2126 1819 2151 se
1843 2126 1956 2160 neque
1979 2116 2189 2151 accedentes
2217 2116 2376 2160 recipere
2398 2119 2462 2149 aut

240 2164 513 2210 parabaptizare
533 2163 665 2199 audere
688 2167 751 2198 aut
775 2173 913 2197 sacram
937 2162 1219 2197 communionem
1242 2161 1426 2196 sordidare
1449 2164 1486 2196 et
1508 2161 1623 2206 ipsam
1647 2161 1824 2206 aliquibus
1848 2161 1989 2196 tradere
2012 2166 2076 2196 aut
2097 2161 2304 2196 interdictas
2328 2160 2459 2195 doctri-

239 2220 305 2245 nas
329 2219 524 2254 exponere,
556 2209 629 2244 sive
650 2208 689 2243 in
712 2207 781 2243 hac
804 2211 929 2242 nostra
951 2207 1049 2251 regia
1079 2206 1153 2246 sive
1175 2207 1213 2241 in
1236 2207 1323 2247 alia,
1357 2206 1420 2242 sed
1451 2216 1555 2242 omne
1586 2210 1802 2250 supportare
1831 2206 2043 2250 periculum,
2076 2206 2106 2240 si
2132 2206 2215 2249 quid
2246 2206 2317 2240 tale
2340 2205 2458 2240 faciet.

240 2255 266 2290 2
311 2254 559 2290 Interdicimus
583 2254 689 2288 etiam
712 2252 876 2288 omnibus
899 2252 989 2287 istos
1011 2252 1204 2296 suscipere.
1252 2251 1358 2286 Abici
1375 2261 1459 2295 ergo
1479 2251 1576 2295 ipsos
1597 2251 1775 2286 sancimus
1800 2251 1842 2285 de
1864 2251 2067 2286 civitatibus
2087 2251 2133 2285 ab
2153 2250 2241 2294 ipsis
2261 2250 2461 2292 concitatis,

241 2300 395 2335 scientes
419 2309 554 2345 poenas
577 2299 649 2334 iam
673 2301 859 2333 contentas
882 2297 919 2332 in
943 2297 1076 2332 nostris
1100 2297 1226 2332 divinis
1252 2297 1576 2335 constitutionibus.
1609 2306 1701 2340 quae
1724 2301 1761 2331 et
1784 2296 1908 2331 domos
1932 2296 2040 2341 ipsas,
2072 2296 2109 2330 in
2133 2295 2261 2339 quibus
2284 2295 2356 2330 tale
2378 2294 2463 2340 quid
2486 2299 2528 2331 45

240 2345 291 2386 fit,
317 2349 352 2380 et
368 2354 523 2390 campos,
549 2354 593 2379 ex
610 2344 740 2388 quibus
762 2343 980 2378 nutrimenta
998 2343 1227 2387 praebentur,
1252 2341 1485 2377 sanctissimis
1507 2341 1666 2376 ecclesiis
1687 2341 1881 2385 assignant,
1907 2345 1942 2376 et
1961 2351 1984 2376 a
2003 2340 2264 2386 possidentibus
2284 2339 2462 2381 auferunt,

266 2390 324 2425 uia
348 2389 549 2425 detrimenti
573 2399 683 2424 causa
706 2388 748 2423 fit
770 2388 1055 2433 simplicioribus,
1081 2388 1148 2422 sub
1168 2387 1400 2422 sanctissimis
1425 2397 1507 2422 vero
1523 2389 1565 2421 -et
1581 2387 1790 2422 orthodoxis
1812 2386 1972 2421 ecclesiis
1995 2386 2084 2421 haec
2105 2386 2198 2420 iuste
2217 2385 2355 2421 ducunt
2371 2395 2462 2420 esse.

241 2402 266 2472 ἓ
310 2435 411 2471 Haec
434 2445 499 2480 pro
524 2434 703 2469 communi
731 2443 822 2479 pace
845 2433 1150 2468 sanctissimarum
1181 2433 1410 2467 ecclesiarum
1433 2432 1640 2471 statuimus,
1673 2432 1763 2466 haec
1786 2431 2076 2467 sententiavimus
2107 2436 2295 2475 sequentes
2319 2434 2461 2465 sancto-

241 2490 320 2516 rum
343 2483 485 2526 patrum
508 2480 686 2524 dogmata,
709 2483 750 2514 ut
769 2489 872 2514 omne
893 2477 1132 2513 sacerdotium
1151 2477 1446 2522 imperturbatum
1470 2478 1514 2513 de
1535 2480 1653 2512 cetero
1674 2477 1778 2512 nobis
1797 2481 2013 2522 permaneat.
2061 2476 2140 2521 Quo
2160 2478 2196 2511 in
2214 2485 2303 2521 pace
2322 2479 2462 2511 servato

240 2526 376 2572 reliqua
406 2525 509 2561 nobis
540 2525 750 2560 exuberabit
781 2524 907 2568 politia
935 2523 1088 2568 desuper
1112 2533 1243 2603 (pacem
1276 2524 1431 2564 habens,
1467 2532 1573 2567 quam
1603 2522 1767 2558 omnibus
1798 2532 1946 2566 magnus
1979 2522 2065 2557 deus
2096 2526 2132 2556 et
2161 2521 2316 2556 salvator
2338 2525 2463 2556 noster
2486 2523 2530 2556 50

241 2570 343 2607 Iesus
368 2571 530 2607 Christus
553 2569 726 2606 trinitatis
749 2579 854 2611 unus,
885 2568 1088 2613 unigenitus
1137 2569 1168 2604 ei
1193 2568 1286 2604 fflius
1309 2567 1498 2614 praedicat
1521 2577 1565 2603 ac
1589 2567 1701 2603 donat
1723 2567 1778 2602 his
1810 2568 1871 2612 qui
1894 2568 2032 2602 sincere
2054 2567 2171 2612 ipsum
2195 2569 2231 2601 et
2254 2576 2333 2602 vere
2356 2566 2462 2611 glori-

240 2616 350 2652 ficare
371 2625 416 2652 ac
439 2616 589 2652 adorare
612 2615 706 2660 digni
728 2614 842 2651 habiti
865 2614 948 2650 sint.

377 2671 565 2708 Custodiat
585 2671 707 2717 itaque
730 2670 915 2706 beatitudo
939 2673 1003 2706 tua
1027 2680 1118 2716 quae
1141 2671 1239 2706 recte
1262 2669 1435 2705 adnotata
1458 2671 1545 2704 sunt
1567 2671 1604 2704 et
1623 2667 1742 2702 mittat
1765 2667 1844 2713 ipsa
1867 2677 1933 2712 per
1956 2677 2041 2703 suas
2065 2667 2130 2703 deo
2152 2667 2301 2703 dilectas
2323 2666 2463 2702 litteras

242 2717 407 2756 omnibus
436 2717 668 2753 sanctissimis
696 2716 935 2761 metropolitis
967 2716 1034 2751 sub
1066 2716 1147 2761 ipsa
1178 2715 1430 2758 existentibus,
1463 2723 1614 2760 quorum
1645 2713 1790 2748 cuilibet
1823 2722 1910 2748 cura
1933 2713 2001 2748 erit
2030 2713 2111 2757 ipsa
2133 2712 2322 2748 manifesta
2344 2711 2464 2748 facere

290 2857 305 2888 1
324 2854 388 2888 τοῦ
409 2850 687 2900 φρενοβλαβοῦς]
711 2852 830 2885 noxiae
847 2854 955 2885 sectae
974 2862 995 2888 ς
1017 2851 1030 2895 11
1055 2853 1074 2886 3
1097 2851 1162 2885 τοῦ
1185 2864 1244 2884 om.
1265 2852 1294 2885 0
1311 2849 1323 2895 11
1449 2853 1463 2884 1
1494 2852 1612 2891 sectae]
1648 2851 1736 2883 recte
1765 2850 1843 2883 libri
1869 2848 1882 2892 11
1916 2848 2147 2891 explanatione
2170 2849 2203 2881 T
2223 2847 2237 2891 11
2273 2848 2415 2881 eutichis
2437 2848 2469 2881 T

242 2898 290 2934 τὰ
313 2895 416 2940 αὐτὰ]
440 2902 473 2932 et
495 2898 618 2931 similia
643 2897 682 2941 111
705 2898 818 2930 έκείνο
843 2898 891 2931 12¹
921 2897 1048 2930 ἐκείνω
1074 2896 1122 2930 L²
1150 2891 1324 2930 κάκείνοις
1390 2895 1538 2939 euthycis
1560 2896 1593 2929 V
1610 2894 1622 2939 11
1652 2897 1672 2928 2
1693 2895 1761 2927 sive
1785 2907 1843 2927 om.
1866 2894 1900 2927 V
1924 2894 1936 2937 11
1966 2901 2041 2937 post
2057 2893 2238 2926 secundum
2261 2900 2345 2937 spat.
2359 2905 2429 2927 vac.
2444 2894 2464 2926 3

248 2945 278 2980 0
303 2944 316 2989 11
341 2942 571 2986 νοσήσαντος]
607 2940 802 2985 νοήσαντος
825 2943 938 2976 L¹Cl
965 2942 977 2985 11
1006 2945 1025 2975 5
1052 2937 1221 2985 ἐμβάλειν
1245 2942 1276 2975 L
1311 2938 1324 2981 ΙΙ
1389 2942 1455 2974 -4
1470 2941 1527 2974 litt.
1543 2948 1588 2974 est
1606 2942 1639 2974 in
1660 2939 1720 2983 Vss
1745 2940 1765 2973 3
1785 2938 1965 2981 languente
1987 2940 2063 2972 libri
2086 2939 2098 2979 11
2124 2937 2430 2983 le9.sequentium?
2452 2935 2465 2982 11

246 2993 265 3025 7
289 2986 414 3030 ταύτό]
440 2986 570 3022 ἑαυτόν
597 2989 654 3024 Ος
672 2990 684 3031 11
716 2990 750 3022 11
806 2984 924 3020 αλῖδος
947 2988 980 3021 L
1005 2987 1018 3029 11
1041 2985 1179 3020 πόλεως
1203 2987 1290 3020 om.l
1389 2989 1410 3020 4
1433 2985 1595 3018 tumultos
1623 2986 1652 3018 V
1676 2984 1689 3029 11
1714 2987 1732 3018 ’1
1759 2986 1912 3017 extranee
1940 2984 1972 3017 Τ
1994 2983 2006 3024 ΙΙ
2038 2986 2056 3018 8
2082 2983 2218 3026 poluere
2242 2984 2277 3025 V,
2303 2982 2464 3025 expellere

247 3038 289 3070 12
313 3034 350 3068 εἴ
366 3044 422 3068 τις
444 3034 476 3068 L
501 3032 515 3078 Π
544 3034 584 3068 13
610 3034 671 3077 leq.
695 3029 769 3077 πρά
792 3045 864 3066 ειεν
889 3034 945 3076 (cf
964 3032 1045 3073 50?
1075 3031 1088 3076 11
1116 3033 1175 3064 καὶ
1197 3044 1254 3065 om.
1269 3042 1289 3068 ς
1389 3031 1444 3063 uel
1468 3030 1618 3074 polluere
1645 3031 1677 3064 T
1701 3030 1713 3074 11
1743 3031 1763 3064 9
1788 3032 1847 3062 aut
1870 3028 2075 3069 interdictas]
2111 3028 2290 3061 interdicta
2314 3031 2373 3060 aut
2404 3023 2467 3072 V}

244 3080 376 3116 τοῦτον
400 3079 431 3113 L
458 3077 472 3123 n
507 3080 545 3113 15
569 3074 634 3112 ὑπ’
669 3074 778 3111 αὐτοῦ
810 3078 1073 3122 πραττομένων
1102 3074 1244 3111 πόλεων
1274 3076 1320 3109 L¹
1393 3078 1432 3110 19
1453 3075 1733 3119 appossessoribus
1753 3074 1810 3118 Vl!
1834 3076 1876 3108 20
1898 3074 2136 3116 implitioribns
2157 3073 2213 3118 Vn
2235 3072 2303 3106 sint
2323 3073 2367 3114 V]
2387 3077 2466 3105 sunt

245 3121 313 3160 ὑπ’
337 3121 465 3158 αὐτοὺς
479 3126 625 3169 χωρίων
642 3134 682 3156 τε
702 3125 761 3156 καὶ
777 3122 856 3156 τῶν
876 3120 1020 3156 πόλεων
1038 3121 1086 3155 L²
1114 3122 1128 3166 11
1159 3123 1197 3155 17
1208 3134 1256 3165 sq.
1278 3124 1320 3164 ej:
1393 3121 1424 3154 T
1446 3119 1458 3165 11
1485 3121 1692 3154 sanctissima
1717 3121 1749 3154 T
1773 3120 1786 3163 11
1814 3121 1853 3153 21
1880 3119 2104 3152 horthodoxas
2127 3119 2161 3152 V
2183 3118 2367 3151 orthodoxa
2393 3117 2426 3151 T
2452 3118 2468 3160 Ι

250 3171 330 3205 God.
350 3173 376 3212 1,
391 3176 471 3211 5,2ο
494 3170 549 3208 (ib.
565 3177 581 3202 8
606 3169 718 3222 53341.)
735 3167 748 3212 11
779 3170 817 3202 18
837 3163 1045 3212 ἄπο-τροφὰς
1068 3167 1098 3201 0
1117 3167 1130 3211 11
1154 3168 1196 3201 20
1222 3165 1321 3199 αἰτία
1390 3167 1528 3199 ecclesia
1549 3166 1582 3199 V
1598 3165 1611 3210 11
1642 3167 1684 3200 22
1705 3165 1863 3199 ducentes
1882 3165 1917 3197 V
1933 3165 1945 3207 11
1972 3165 2015 3198 26
2039 3167 2071 3197 et
2095 3165 2199 3197 delevi
2214 3164 2227 3207 11
2251 3165 2293 3198 28
2313 3161 2464 3196 omnibu·

247 3216 278 3250 L
292 3219 324 3257 (ς
334 3216 357 3256 l)
374 3215 387 3258 11
404 3215 447 3248 22
471 3215 532 3247 καὶ
554 3209 775 3260 ὀρθοδοξους
799 3225 857 3246 om.
872 3213 903 3246 L
923 3212 933 3252 ΙΙ
951 3214 993 3247 23
1024 3212 1143 3245 Ταῦτα
1164 3219 1193 3245 et
1210 3213 1253 3246 24
1264 3223 1321 3245 νο·
1390 3223 1449 3244 om.
1471 3210 1526 3256 1711
1554 3212 1596 3245 33
1610 3214 1700 3244 recta
1719 3221 1736 3243 e
1756 3210 1852 3243 nobis
1871 3208 1929 3254 1711
1951 3210 1994 3243 34
2011 3209 2177 3242 custodita
2191 3209 2224 3242 T
2242 3208 2255 3253 11
2285 3211 2318 3241 et
2339 3204 2380 3240 ad
2402 3216 2461 3239 om.

246 3260 476 3304 μοθετοῦμεν
498 3271 558 3292 om.
573 3270 592 3295 ς
617 3257 630 3303 11
658 3260 698 3291 25
724 3256 1055 3291 κατακολοθοῦντες
1080 3257 1110 3290 L
1139 3255 1152 3301 11
1179 3259 1221 3291 26
1246 3253 1321 3289 δια·
1391 3257 1468 3290 libri
1489 3254 1501 3300 ΙΙ
1532 3258 1574 3291 35
1600 3266 1653 3289 eas
1677 3257 1756 3290 libri

247 3307 368 3348 μένειν
389 3305 436 3338 L¹
460 3301 610 3347 διαμένη
632 3303 681 3336 L²
707 3302 718 3347 11
742 3304 782 3336 27
803 3294 915 3347 οὗπερ
938 3304 978 3336 ἐν
1002 3300 1122 3347 εἰρήνῃ
1148 3299 1320 3355 φυλαττο-
1390 3312 2455 3346 ————-——————-——-———-——-··-—

248 3352 367 3391 μένου]
423 3360 457 3382 er
511 3348 577 3382 uod
601 3359 622 3385 ς
647 3347 660 3391 11
690 3349 732 3382 28
756 3348 851 3389 ἔχων
876 3349 922 3381 Μ
923 3349 970 3381 L¹
1003 3347 1015 3391 11
1047 3349 1088 3380 29
1113 3358 1225 3380 πασιν
1254 3347 1282 3380 C
1447 3348 1489 3380 39
1513 3347 1673 3379 insensati
1698 3346 1815 3379 Mami
1837 3344 1851 3389 11
1890 3347 1930 3379 41
1957 3344 2126 3377 silentium
2150 3342 2280 3382 ducere]
2312 3339 2459 3391 9111811191

250 3396 291 3428 30
306 3395 368 3428 τοῦ
418 3394 477 3427 εοῦ
489 3359 534 3427 ‘ib
558 3395 607 3435 ος]
627 3393 679 3426 dei
699 3392 788 3425 filius
811 3394 822 3425 l
846 3395 858 3434 11
882 3394 924 3427 33
940 3390 1156 3437 μακαριότης
1171 3389 1219 3425 τὰ
1236 3392 1308 3425 Mc
1392 3401 1457 3424 esse
1472 3392 1586 3424 Mansi
1600 3392 1612 3434 11
1632 3392 1674 3425 42
1687 3390 1950 3434 parabaptizare]
1963 3399 2134 3434 perperam
2147 3386 2311 3440 baptizare
2324 3381 2461 3435 Mamali

250 3437 496 3483 μακαριότητα
555 3439 563 3458 ¹
587 3436 805 3482 μακαριότης
827 3438 943 3471 ταῦτα
964 3438 1012 3472 L²
1035 3439 1048 3481 11
1070 3439 1111 3471 34
1137 3433 1221 3481 ἡμῖν
1237 3446 1266 3471 εί
1284 3449 1324 3470 τε
1392 3438 1433 3470 43
1459 3436 1538 3477 alia]
1563 3436 1698 3469 civitate
1722 3437 1798 3469 add.
1815 3436 1930 3469 Mansi
1953 3436 1965 3478 11
1988 3444 2084 3468 omne
2105 3430 2288 3482 pericnlum
2311 3427 2461 3479 reformi-

253 3501 294 3507 ·—
318 3481 434 3529 ἀγέτω
459 3497 516 3517 om.
537 3484 587 3519 ol
614 3484 627 3527 Π
655 3485 698 3518 35
721 3483 837 3516 ταῦτα
866 3484 895 3518 0
1392 3482 1470 3514 dare
1492 3482 1609 3515 Mansi
1626 3481 1640 3526 fl
1662 3481 1763 3515 saciat
1779 3481 1895 3514 Mami
1916 3479 1928 3525 11
1951 3482 1994 3514 44
2018 3479 2098 3512 istu·
2120 3473 2296 3517 succipere]
2320 3482 2360 3505 1¹8
2380 3476 2461 3505 Istos

1392 3526 1575 3569 suscipiant
1587 3527 1703 3560 Mansa·
1720 3525 1734 3570 11
1761 3528 1800 3559 47
1825 3525 1887 3558 snb
1906 3537 1963 3559 om.
1978 3523 2092 3558 Mam·
2141 3519 2267 3570 ᾱῑῑῦῐξῑὶῒ
2283 3518 2361 3558 0⁸⁸8]
2386 3517 2461 3550 Sub·

1392 3570 1515 3603 iiciunt
1528 3572 1644 3605 Mansa·
1657 3572 1669 3615 11
1695 3573 1738 3606 48
1761 3566 2072 3609 sententiavimnslfl
2120 3573 2301 3616 ecermmus
2313 3562 2428 3596 Mansa·
2447 3561 2461 3605 fl

1393 3618 1436 3651 50
1457 3616 1586 3658 politia]
1608 3615 1793 3660 respublica
1810 3611 1952 3658 Manui!
1978 3614 2018 3647 51
2039 3608 2208 3653 praedicat
2222 3617 2260 3641 ao
2278 3607 2391 3649 donat]
2415 3607 2460 3641 al.

1391 3661 1548 3704 praebeat
1576 3671 1614 3696 ac
1642 3662 1743 3696 donet
1766 3659 1882 3695 Mami
1901 3658 1935 3694 ἂι
1956 3665 2056 3700 nary-
2084 3652 2099 3699 Ι
2134 3654 2176 3689 52
2199 3655 2279 3686 sunt
2304 3652 2418 3689 Μσιιει·
