2618 4010
1329 107 1413 155 44⁰

270 220 452 263 ὑπόντων,
477 221 555 254 εἶτα
578 218 711 254 νόθων
734 221 1000 267 ἐπιγενομένων
1021 217 1044 263 ἢ
1067 222 1344 266 προγενομένων
1411 218 1634 256 naturalibus
1663 221 1951 266 provenientibus
1979 233 2203 269 nequaquam
2230 223 2287 267 ius
2309 222 2481 268 legitimo·
2521 227 2523 229 ’

271 264 333 300 οὐκ
352 262 440 308 ἂνῆ
463 264 652 311 γνησιότης
677 262 795 298 αὐτοῖς
817 266 1042 310 προςτεθείη,
1065 265 1097 298 εἰ
1119 264 1168 308 μὴ
1197 265 1343 299 πάντως
1410 273 1489 298 rum
1519 263 1571 298 eis
1600 264 1766 307 adicitur,
1798 265 1867 301 11ίεί
1897 269 2038 304 omnino
2069 273 2132 304 aut
2185 278 2224 303 er
2256 269 2389 304 curiam
2419 271 2483 304 aut

270 309 293 353 ἢ
323 308 384 344 διὰ
415 311 478 353 τῆς
507 307 636 354 βουλῆς
665 306 688 351 ἢ
717 306 778 342 διὰ
807 310 885 344 τῶν
913 307 1096 355 ἡμετέρων
1132 307 1344 350 διατάξιων,
1413 318 1477 353 per
1496 310 1638 344 nostras
1663 310 1944 355 constitutiones,
1967 322 2058 358 quae
2077 313 2122 349 do

270 355 376 399 αἴπερ
409 355 478 388 τὸν
513 354 591 387 τῶν
626 351 820 398 προικῴων
849 353 1080 399 συμβολαίων
1116 353 1343 400 εἰςηγήσαντο
1412 358 1529 387 torum
1554 352 1828 390 introduxerunt
1850 356 2002 392 modum.

270 400 294 434 2
338 397 486 444 τρόπον.
544 398 615 432 Τὸν
638 396 678 432 δὲ
699 398 763 441 τῆς
783 398 968 433 υἱοθεσίας
989 398 1139 444 τρόπον,
1164 397 1202 432 ὃς
1217 392 1263 442 ἦν
1277 398 1345 434 ποί-
1381 398 1436 434 52
1483 398 1695 442 Adoptionis
1719 401 1837 435 autem
1860 400 2017 444 modum,
2049 403 2110 448 qni
2131 403 2200 439 fuit
2228 403 2311 439 olim
2335 403 2482 448 quibus-

271 443 329 478 λαι
345 446 420 478 τισὶ
434 444 512 477 τῶν
529 442 599 488 πρὸ
619 440 726 488 ἡμῶν
743 439 1022 489 αὐτοκρατόρων
1046 445 1106 479 ἐπὶ
1123 444 1200 478 τῶν
1214 442 1347 478 νόθων
1413 443 1494 477 dam
1525 447 1607 478 ante
1638 453 1704 479 nos
1733 443 2006 489 imperatoribus
2039 457 2144 493 super
2167 448 2392 484 naturalibus
2417 459 2482 492 pu-

269 488 459 532 νομισθεὶς
488 484 551 522 οὐκ
575 484 761 532 ἀδόκιμος,
792 487 931 524 ἄτοπον
963 486 1127 533 εὑρόντες
1155 488 1248 523 κατὰ
1278 487 1346 531 τὴν
1413 490 1510 522 tatus
1542 497 1614 523 non
1637 489 1820 533 inprobus,
1850 489 2064 528 invenientes
2095 493 2290 529 secundum
2313 498 2484 539 paternae

268 534 330 576 τῆς
352 531 523 578 πατρῴας
546 530 743 573 διατάξεως
766 530 923 578 δύναμιν
946 536 1006 567 καὶ
1030 529 1143 578 ἡμεῖς,
1173 532 1276 567 καθ-ἁ
1299 532 1346 566 εἴ·
1415 532 1678 569 constitutionis
1703 533 1866 569 virtutem
1891 539 1926 570 et
1949 546 2025 578 nos,
2054 537 2160 573 sicuti
2179 538 2311 574 dictum
2333 542 2397 580 est,
2422 547 2483 573 ex-

269 591 390 623 ρηται,
415 576 646 622 ἐκβάλλομεν,
671 575 795 622 ἐπειδὴ
813 579 1046 624 σωφροσύνης
1068 576 1225 623 ἀκριβῶς
1245 576 1345 611 έστό-
1414 577 1600 620 cludimus,
1635 578 1804 623 quoniam
1839 580 2038 615 castitatem
2071 592 2143 618 non
2175 582 2334 628 perfecte
2366 582 2483 618 consi-

269 634 399 666 χασται
422 626 483 656 καὶ
507 620 570 657 οὐκ
594 621 642 657 ἂν
658 623 710 666 εἴη
735 626 875 668 πρέπον
897 623 944 657 τὰ
964 622 1080 657 καλῶς
1103 622 1346 667 ἐκβεβλημένοι
1360 625 1402 657 10
1414 621 1565 665 detavit,
1601 626 1637 658 et
1668 633 1739 658 non
1769 624 1836 659 erit
1867 625 1997 661 decens
2027 630 2068 661 ut
2099 636 2188 671 quae
2219 628 2309 664 bene
2338 629 2484 664 exclusa

269 666 382 703 πάλιν
405 668 453 702 εἰς
468 666 654 702 πολιτείαν
676 665 857 715 κατάγειν.
905 664 993 702 ‹Iis-n
1014 666 1157 703 τούτων
1180 665 1266 712 ἡμῖν
1289 680 1346 701 νο-
1415 671 1498 702 flunt
1530 667 1567 703 in
1602 668 1856 712 rempublicam
1892 679 2016 705 rursus
2049 671 2333 709 introducantur.
2388 673 2483 717 Qua-

269 713 562 757 μιοθετηθέντων
590 716 650 747 καὶ
679 715 849 759 φανερῶν
879 716 1085 760 γενομένων
1115 710 1159 747 ὃν
1182 713 1347 758 προςήκει
1414 716 1561 759 propter
1583 713 1638 748 his
1663 724 1685 748 a
1708 714 1812 749 nobis
1835 714 1983 750 sancitis
2006 719 2114 760 atque
2137 717 2382 762 manifestatis,
2413 727 2483 762 quo

269 756 408 813 τρόπον
432 758 479 792 εἰς
503 757 689 793 πολιτείαν
719 771 758 792 τε
786 762 846 793 καὶ
869 757 1090 805 γνησιότητα
1113 761 1346 803 μεταχωρεῖν,
1416 758 1603 793 conveniat
1626 759 1730 794 modo
1759 759 1806 794 ad
1831 759 2008 795 civitatem
2032 771 2214 796 romanam
2235 762 2483 807 legitimorum-

269 800 376 838 ουδὲν
398 801 548 848 εὕρομεν
572 806 654 848 περὶ
676 804 738 846 τῆς
763 801 928 847 διαδοχῆς
959 804 1021 847 τῆς
1045 805 1105 837 ἐπὶ
1130 805 1208 838 τῶν
1230 802 1346 837 τοιού·
1416 813 1484 848 que
1515 803 1570 838 ius
1595 803 1759 846 transire,
1790 803 1878 839 nibil
1902 805 1946 840 de
1969 806 2193 842 successione
2225 817 2330 852 super
2353 808 2484 843 talibus

269 861 347 882 των
376 847 537 882 λεκτέον·
571 846 619 882 ὠς
641 848 710 895 γὰρ
740 851 799 883 ἐπὶ
823 850 900 882 τῶν
923 847 1064 883 λοιπῶν
1094 850 1171 883 τῶν
1194 847 1347 882 ἄνωθεν
1362 851 1402 883 15
1415 850 1471 883 est
1493 847 1695 883 dicendum:
1732 858 1814 884 nam
1839 849 1932 884 sicut
1962 850 1998 885 in
2023 850 2150 886 ceteris
2181 851 2227 887 ab
2249 851 2349 887 initio
2372 852 2483 897 legiti-

268 897 429 939 γνησίων
452 891 507 927 δεῖ
533 896 594 927 καὶ
618 894 681 927 τὰς
704 891 766 928 ἐπ’
794 891 914 928 αὐτοῖς
932 895 1104 940 γίνεσθαι
1124 891 1300 936 διαδοχάς.
1415 893 1481 928 mis
1505 895 1647 938 oportet
1669 896 1706 929 et
1728 894 1766 929 in
1790 895 1839 929 eis
1863 894 1941 930 fieri
1963 896 2220 932 successiones.

269 111 378 157 Nov.
409 111 633 155 LXXXIX
666 115 727 153 11.
758 112 810 154 12
1863 122 2023 164 omens
2051 124 2188 156 monis
2217 123 2480 159 numme

2178 313 2247 349 ‘um
2267 314 2481 349 instrumen-

1242 1006 1398 1043 CAPUT
1429 1005 1509 1042 XII.

326 1077 617 1120 Διακεκριμένων
640 1077 764 1109 τοίνυν
795 1075 872 1108 τῶν
894 1088 935 1109 τε
957 1078 1163 1121 γενομένων
1186 1077 1347 1122 γνησίων

268 1122 346 1155 τῶν
369 1133 408 1154 τε
431 1119 639 1164 μεινάντων
669 1119 803 1154 νόθων
835 1122 987 1154 τακτέον
1016 1118 1083 1164 ἤδη
1107 1123 1166 1153 καὶ
1196 1120 1242 1154 τὰ
1265 1122 1346 1164 περὶ

269 1168 347 1200 τῶν
377 1161 460 1199 κατ’
496 1161 625 1199 αὐτοὺς
656 1162 845 1207 διαδοχῶν.
901 1164 1057 1199 Βάλεντι
1089 1167 1156 1210 μὲν
1187 1159 1252 1199 οὖν
1287 1167 1346 1198 καὶ

1470 1073 1643 1108 Discretis
1666 1073 1772 1118 igitur
1799 1077 1836 1109 et
1866 1074 1921 1110 his
1954 1074 2014 1120 qui
2043 1075 2132 1110 facti
2163 1079 2247 1111 sunt
2275 1075 2420 1122 legitimi
2450 1081 2486 1113 et

1415 1119 1469 1153 his
1506 1118 1566 1163 qui
1599 1122 1809 1154 manserunt
1844 1121 2023 1156 naturales
2059 1121 2294 1156 ordinandum
2328 1126 2383 1157 est
2415 1122 2487 1158 iam

1414 1164 1521 1198 etiam
1544 1163 1589 1198 de
1613 1164 1897 1200 successionibus
1921 1175 2054 1201 eorum.
2102 1166 2245 1202 Valenti
2260 1167 2431 1212 siquidem
2450 1170 2487 1203 et

270 1209 540 1252 Βαλεντινιανῷ
573 1213 632 1243 καὶ
663 1210 855 1255 Γρατιανῷ
888 1213 960 1244 τοῖς
990 1211 1054 1254 τῆς
1082 1211 1187 1244 θείας
1216 1209 1347 1253 λήξεως
1360 1211 1401 1244 20
1414 1208 1665 1244 Valentiniano
1685 1211 1722 1244 et
1738 1208 1909 1246 Gratiano
1935 1210 2036 1246 divae
2059 1211 2247 1248 memoriae
2266 1212 2388 1257 primis
2408 1213 2485 1258 pla-

270 1255 427 1300 πριότοις
457 1253 598 1298 ἐπῆλθε
627 1253 1037 1300 φιλανθρωπεύσασθαί
1070 1269 1105 1290 τι
1142 1255 1231 1301 πρὸς
1265 1255 1347 1288 τοὺς

269 1301 420 1336 νόθους·
452 1303 512 1334 καὶ
535 1301 567 1334 εἰ
588 1301 656 1345 μὲν
679 1300 731 1342 εἴη
756 1300 808 1342 τῷ
834 1301 911 1334 τῶν
934 1301 1067 1334 νόθων
1090 1304 1201 1346 πατρὶ
1216 1304 1347 1347 γνησία

268 1345 368 1394 γονή,
387 1344 500 1390 μόνης
518 1342 661 1392 οὗγκίας
678 1342 806 1379 αὐτοὺς
825 1342 997 1388 ἠξίωσαν,
1018 1348 1077 1379 καὶ
1100 1343 1232 1388 ταύτης
1254 1345 1345 1388 μετὰ

269 1393 331 1435 τῆς
362 1388 486 1425 αὐτῶν
513 1389 661 1436 μητρός,
698 1389 781 1424 οὔτε
812 1388 1014 1436 δωρεῖσθαι
1049 1390 1131 1425 οὔτε
1163 1393 1200 1424 ἐκ
1231 1390 1346 1424 τελευ-

269 1440 371 1471 ταίας
394 1433 539 1470 διδόναι
562 1434 763 1480 βουλήσεως
786 1438 986 1481 περαιτέοω
1008 1450 1045 1470 τι
1066 1437 1344 1515 συγχωροῦντες·
1360 1437 1402 1470 25

270 1483 300 1516 εἰ
315 1484 440 1526 μέντοι
463 1479 588 1516 παῖδες
609 1482 677 1525 μὲν
700 1477 764 1514 οὐκ
788 1480 860 1514 εἶεν
882 1467 1004 1522 νόθοι,
1030 1480 1103 1516 παλ
1127 1481 1192 1524 ακὴ
1218 1479 1257 1515 δὲ
1287 1484 1347 1514 καὶ

268 1526 360 1571 μόνη
385 1524 534 1570 (δηλαδὴ
556 1529 630 1560 τοῖς
652 1521 716 1560 οὗκ
740 1527 857 1568 ἔχουσι
880 1530 1033 1580 γνησίαν
1055 1526 1229 1573 γαμετήν·
1267 1525 1346 1559 τού-

269 1583 343 1606 τοις
364 1572 433 1618 γὰρ
451 1569 494 1615 δὴ
510 1574 571 1604 καὶ
585 1570 709 1615 μόνοις
733 1569 921 1614 παλλακην
945 1573 1039 1614 &jz-siv
1062 1574 1347 1617 ἐπιτέτραπται),

269 1617 312 1651 τὸ
335 1614 546 1663 ἦμιούγκιον
574 1616 690 1660 μόνον
712 1615 836 1662 χαριζό

268 1665 431 1709 γνησίων
453 1657 516 1695 οὐκ
539 1661 611 1695 εἶεν
633 1664 762 1708 γονεῖς,
787 1630 869 1695 ‹ias'

270 1709 394 1750 ἔχοιεν,
422 1709 525 1752 μέχρι
549 1719 647 1752 τριου
672 1709 747 1740 κίου
771 1705 1059 1750 καταλιμπάνειν
1089 1710 1209 1740 αυτοῖς
1232 1706 1254 1749 ἢ
1278 1704 1345 1740 δω-

269 1751 416 1798 ρεῖσθαι
446 1749 627 1796 συνεχωρή
664 1764 700 1794 η,
736 1754 795 1785 καὶ
825 1750 955 1785 τούτου
987 1752 1078 1796 μετὰ
1113 1753 1175 1795 τῆς
1203 1749 1345 1796 μητρός,

269 1801 330 1831 καὶ
353 1798 384 1831 εἰ
406 1793 499 1831 καθ’
524 1795 738 1839 οἱονδήποτε
762 1795 900 1842 τρόπον
920 1795 1067 1840 λάβοιεν
1090 1810 1144 1840 τι,
1167 1797 1215 1830 εἰς
1237 1798 1346 1831 τοῦτο

270 1842 523 1888 συναιρεῖσθαι
555 1844 615 1875 καὶ
644 1840 771 1886 μόνον,
807 1842 870 1875 τοῦ
903 1841 1066 1876 πλείονος
1101 1843 1162 1877 ἐπὶ
1195 1841 1278 1876 τοὺς
1308 1843 1346 1875 ἐκ

1415 1254 1489 1289 cuit
1517 1254 1710 1289 humanum
1738 1254 1871 1299 aliquid
1901 1265 2006 1300 agere
2036 1256 2133 1291 circa
2162 1257 2363 1293 naturales:
2399 1262 2433 1293 et
2456 1258 2487 1293 si

1415 1299 1554 1344 quidem
1586 1299 1632 1334 sit
1661 1300 1880 1335 naturalium
1910 1301 2005 1346 patri
2035 1301 2189 1345 legitima
2220 1302 2378 1346 soboles,
2414 1313 2487 1338 una

1415 1344 1521 1379 uncia
1556 1354 1616 1380 eos
1653 1345 1777 1389 dignos
1812 1355 1890 1381 esse
1924 1346 2101 1389 fecerunt,
2138 1349 2175 1382 et
2207 1347 2276 1382 hac
2308 1358 2389 1383 cum
2419 1358 2486 1383 sua

1414 1393 1540 1433 matre,
1573 1400 1644 1425 non
1669 1389 1795 1425 donari
1824 1400 1938 1436 neque
1967 1402 2011 1426 ex
2040 1391 2164 1427 ultima
2195 1392 2273 1428 dari
2303 1393 2486 1429 voluntate

1415 1435 1563 1470 ulterius
1586 1435 1719 1480 aliquid
1738 1435 1991 1480 permittentes,
2016 1436 2047 1472 si
2066 1447 2149 1472 vero
2170 1436 2233 1472 filii
2254 1437 2395 1482 quidem
2413 1449 2486 1473 non

1415 1480 1487 1516 sint
1516 1481 1713 1523 naturales,
1746 1481 1945 1517 concubina
1975 1491 2058 1518 vero
2090 1482 2308 1519 solummodo
2340 1483 2396 1519 his
2426 1483 2486 1529 qui

1414 1536 1485 1560 non
1520 1525 1655 1561 habent
1689 1525 1811 1570 utique
1846 1527 2028 1571 coniugem
2067 1527 2149 1570 (hoc
2184 1528 2312 1564 etenim
2347 1531 2486 1564 tantum

1415 1570 1648 1606 concubinam
1688 1571 1900 1608 habentibus
1941 1574 1997 1608 est
2038 1572 2292 1618 conscriptum)
2334 1573 2486 1609 mediam

867 1629 950 1650 ενοι.
999 1618 1030 1651 εἰ
1052 1619 1176 1661 μέντοι
1200 1614 1347 1651 παίδων
1414 1615 1555 1650 unciam
1575 1616 1687 1651 solam
1708 1615 1893 1653 donantes.
1925 1617 1964 1652 Si
1979 1627 2061 1654 vero
2077 1617 2231 1654 filiorum
2249 1618 2486 1663 legitimorum

895 1658 980 1695 οὐδὲ
1003 1665 1143 1716 πατέρα
1165 1660 1188 1704 ἢ
1210 1664 1347 1706 μητέρα
1360 1663 1401 1696 30
1415 1671 1486 1696 11011
1517 1661 1588 1696 sint
1618 1665 1784 1706 parentes
1816 1664 1853 1696 et
1880 1672 1994 1707 neque
2017 1665 2155 1708 patrem
2185 1667 2222 1699 et
2250 1668 2398 1700 matrem
2421 1665 2484 1699 ha-

1415 1706 1539 1747 beant,
1572 1716 1684 1759 usque
1715 1706 1761 1741 ad
1783 1710 1855 1742 tres
1879 1708 2004 1743 uncias
2033 1708 2231 1753 relinquere
2261 1709 2313 1744 eis
2335 1711 2400 1744 aut
2421 1709 2483 1744 do-

1416 1761 1501 1787 nare
1531 1751 1693 1796 permlssi
1716 1756 1815 1794 sunt,
1847 1755 1882 1787 et
1905 1753 1994 1788 haec
2024 1764 2104 1789 cum
2127 1757 2251 1796 matre,
2283 1758 2320 1790 et
2343 1754 2374 1789 si
2396 1765 2484 1800 quo-

1414 1796 1502 1831 libet
1530 1796 1633 1832 modo
1665 1796 1870 1841 acceperint
1899 1798 2047 1843 aliquid,
2082 1798 2120 1833 in
2146 1798 2216 1834 hoc
2310 1800 2405 1834 utari
2428 1810 2484 1834 so-

1414 1841 1601 1883 lummodo,
1633 1841 1727 1893 quod
1751 1846 1869 1876 autem
1893 1843 1973 1886 plus
1997 1848 2052 1878 est
2075 1843 2121 1878 ad
2144 1854 2206 1880 eos
2231 1855 2292 1890 qm
2314 1848 2486 1880 vocantur

269 1886 471 1932 τοῦνόμου
492 1885 727 1931 καλουμένους
745 1886 878 1928 ἰόντος,
899 1888 1007 1921 τοῦτο
1028 1883 1119 1932 ὅπερ
1139 1890 1198 1920 καὶ
1215 1886 1249 1920 οἱ
1266 1888 1346 1921 Θεο-
1359 1889 1401 1921 35
1415 1896 1459 1921 ex
1492 1887 1569 1931 lege
1601 1896 1735 1929 vemre,
1776 1887 1845 1922 hoc
1879 1888 1975 1931 quod
2010 1888 2203 1924 Theodosii
2238 1890 2389 1925 senioris
2423 1889 2486 1925 filii

271 1931 393 1968 δοσίου
415 1933 480 1966 τοῦ
498 1934 741 1978 πρεσβυτέρου
764 1929 888 1966 παῖδες
911 1933 941 1966 εἰ
964 1935 1024 1966 καὶ
1042 1929 1084 1966 οὐ
1107 1931 1248 1966 τελείως
1271 1933 1347 1966 ένο-

270 1981 288 2014 l
334 1977 556 2023 μοθέτησαν.
610 1975 709 2021 ἡμεῖς
738 1980 874 2019 τοίνυν,
910 1978 941 2011 εἰ
970 1980 1030 2011 καὶ
1061 1976 1188 2022 πρώην
1219 1976 1345 2023 φιλαν-

1415 1931 1497 1967 licet
1520 1942 1591 1967 non
1614 1932 1774 1984 perfecte·
1793 1932 2031 1969 sanciverunt.
2146 1979 2153 1985 ἱ

1414 1978 1436 2012 1
1480 1976 1555 2012 Nos
1579 1977 1686 2021 igltur
1710 1980 1777 2012 etsi
1800 1977 1899 2023 prius
1922 1978 2077 2014 humana
2099 1989 2155 2014 us1
2178 1979 2254 2023 lege
2282 1990 2347 2025 pro
2370 1979 2483 2015 tribus

265 2073 417 2116 praesto
440 2068 513 2103 sint
535 2072 572 2103 et
593 2066 779 2102 naturales
799 2070 929 2113 postea
951 2067 1026 2102 sive
1045 2071 1151 2102 antea
1175 2067 1253 2101 nati
1275 2066 1359 2108 sint,
1383 2067 1441 2101 ius
1465 2066 1497 2102 le
1523 2067 1704 2102 itimorum
1727 2067 1772 2102 iis
1792 2078 1866 2103 non
1888 2069 2124 2115 impertietur,
2158 2070 2232 2105 nisi
2253 2070 2397 2105 omnino
2422 2075 2485 2106 aut

266 2125 338 2161 per
361 2113 499 2148 curiam
522 2115 587 2147 aut
608 2122 676 2158 per
698 2112 973 2147 constitutiones
995 2116 1158 2153 nostras,
1191 2121 1284 2157 quae
1310 2111 1453 2146 modum
1502 2112 1649 2147 otalium
1673 2113 1990 2148 instrumentorum
2013 2113 2304 2150 introduxerunt.

271 2159 296 2195 2
340 2158 558 2204 Adoptionis
582 2167 665 2193 vero
688 2156 850 2199 modum,
882 2157 945 2202 qui
967 2156 1051 2191 olim
1073 2155 1260 2191 nonnullis
1288 2167 1412 2191 eorum
1442 2157 1505 2202 qui
1533 2160 1616 2192 ante
1639 2168 1707 2192 nos
1724 2157 1878 2203 fuerunt
1906 2158 2165 2205 imperatorum
2196 2159 2235 2194 in
2259 2160 2485 2196 naturalibus

268 2204 357 2250 filiis
380 2214 452 2238 non
475 2202 647 2249 indiqnus
669 2201 851 2241 iudicatus
874 2205 938 2244 est,
967 2212 1047 2236 cum
1071 2200 1264 2236 absurdum
1289 2211 1365 2236 esse
1388 2201 1683 2242 innuen-erimus,
1712 2202 1905 2237 secundum
1922 2208 2105 2249 paternae
2127 2205 2393 2240 constitutionis
2415 2207 2484 2242 vim

271 2259 339 2284 nos
361 2258 516 2294 quoque,
546 2246 653 2282 sicuti
677 2246 810 2281 dictum
834 2250 904 2288 est,
937 2246 1179 2292 explodimus,
1211 2246 1379 2292 quoniam
1402 2247 1601 2282 castitatem
1626 2251 1794 2283 accurate
1816 2252 1954 2283 sectata
1976 2251 2029 2284 est
2058 2259 2174 2295 neque
2196 2248 2298 2285 decet
2325 2261 2370 2286 ea
2393 2261 2485 2296 quae

271 2300 366 2330 recte
389 2292 544 2339 explosa
573 2294 658 2327 sunt
679 2302 808 2327 rursus
831 2292 868 2326 in
891 2291 1146 2338 rempublicam
1170 2302 1349 2327 revocare.
1399 2290 1528 2337 ltaque
1551 2291 1607 2327 his
1630 2303 1653 2327 a
1678 2292 1781 2328 nobis
1802 2293 1953 2328 sancitis
1981 2304 2025 2329 ac
2047 2294 2252 2337 declaratis,

2310 2305 2357 2330 uo
2379 2297 2485 2331 modo

272 2339 397 2375 deceat
420 2338 470 2373 ad
491 2337 669 2373 civitatem
692 2340 728 2372 et
750 2337 807 2371 ius
830 2336 1069 2383 leqitimorum
1094 2336 1260 2378 transire,
1295 2336 1387 2370 nihil
1409 2337 1606 2372 invenimus
1628 2337 1728 2382 quod
1750 2338 1794 2373 de
1816 2339 2040 2374 successione
2070 2338 2108 2374 in
2132 2338 2190 2375 his
2213 2339 2279 2375 tali
2301 2350 2344 2375 us
2367 2341 2485 2376 dicen-

272 2384 355 2420 dum
374 2383 442 2424 sit;
474 2393 559 2417 nam
582 2382 677 2417 sicut
698 2381 737 2416 in
760 2381 909 2427 reliquis
932 2381 996 2427 qui
1012 2381 1184 2428 primitus
1209 2381 1358 2427 leqitimi
1380 2385 1474 2424 sunt,
1498 2382 1550 2417 ita
1573 2383 1612 2417 in
1635 2383 1708 2418 illis
1731 2393 1874 2429 quoque
1896 2384 2140 2420 successiones
2159 2384 2241 2430 fieri
2265 2389 2417 2431 oportet.

406 2427 488 2463 XII.
537 2427 711 2463 Discretis
733 2427 847 2473 iqitur
868 2426 915 2461 iis
938 2426 1002 2472 qui
1022 2427 1120 2471 facti
1139 2431 1225 2461 sunt
1248 2426 1397 2472 leqitimi
1420 2431 1456 2462 et
1477 2427 1541 2473 qui
1563 2433 1772 2463 manserunt
1792 2429 1989 2470 naturales,
2013 2429 2084 2464 iam
2100 2430 2208 2465 etiam
2229 2440 2323 2476 quae
2339 2431 2389 2465 ad
2406 2441 2485 2466 suc-

273 2474 450 2510 cessiones
479 2483 605 2509 eorum
631 2472 816 2519 pertinent
845 2471 1050 2507 ordinanda
1080 2476 1174 2506 sunt.
1221 2472 1338 2517 Atque
1369 2471 1510 2507 Valenti
1540 2478 1575 2507 et
1607 2472 1860 2508 Valentiniano
1891 2478 1926 2508 et
1956 2472 2133 2509 Gratiano
2163 2474 2267 2511 divae
2296 2476 2487 2512 memoriae

271 2520 400 2571 primis

273 2575 382 2600 uncta

459 2518 569 2554 lacuit
598 2516 789 2552 humanius
819 2516 1006 2552 consulere
1035 2517 1074 2551 in
1104 2516 1310 2552 naturales:
1345 2517 1408 2562 qui
1435 2517 1471 2552 si
1491 2517 1712 2552 naturalium
1736 2518 1841 2564 patri
1870 2518 2030 2564 leqitima
2055 2519 2197 2555 suboles
2218 2520 2284 2562 sit,
2316 2531 2379 2555 eos
2405 2521 2486 2556 sola

431 2565 536 2609 iqnos
559 2561 762 2598 habuerunt
784 2572 898 2607 eaque
921 2573 995 2596 una
1019 2572 1098 2596 cum
1121 2566 1236 2596 matre
1258 2561 1438 2607 ipsorum,
1468 2573 1583 2608 neque
1606 2561 1745 2598 donare
1767 2574 1882 2609 neque
1904 2574 1953 2598 ea:
1976 2564 2102 2599 ultima
2125 2565 2307 2600 voluntate
2329 2565 2419 2601 dare
2440 2566 2486 2600 iis

273 2610 372 2645 ultra
395 2610 587 2656 quicquam
612 2607 885 2654 permittentes;
918 2607 950 2641 si
972 2617 1056 2642 vero
1079 2606 1266 2658 naturales
1289 2606 1392 2641 liberi
1414 2618 1486 2642 non
1510 2607 1631 2659 adsint
1659 2607 1724 2643 secl
1745 2607 1824 2643 sola
1846 2607 2044 2643 concubina
2076 2609 2136 2650 (iis
2157 2610 2292 2661 scilicet
2314 2610 2378 2656 qui
2399 2610 2485 2657 18ρί-

275 2656 396 2691 timam
425 2664 579 2689 uxorem
607 2663 680 2687 non
710 2651 858 2687 habent:
891 2662 974 2686 nam
1004 2651 1060 2687 his
1091 2652 1232 2697 quidem
1262 2651 1349 2686 solis
1379 2651 1614 2688 concubinam
1643 2652 1776 2689 habere
1806 2663 2009 2688 concessum
2033 2657 2109 2696 est),
2140 2653 2323 2689 dimidiam
2349 2660 2485 2691 tantum

274 2701 416 2736 unciam
439 2698 574 2745 larqiti.

623 2695 759 2740 Quodsi
782 2696 976 2732 liberorum
1001 2697 1239 2742 leqitimorum
1268 2701 1438 2742 parentes
1467 2708 1540 2733 non
1562 2698 1652 2739 sint,
1687 2708 1730 2733 ac
1754 2709 1798 2734 ne
1821 2702 1967 2745 patrem
1997 2698 2138 2743 quidem
2167 2704 2231 2734 aut
2251 2704 2400 2735 matrem
2423 2700 2485 2735 lta-

274 2746 392 2787 beant,
414 2743 464 2779 ad
486 2749 559 2778 tres
581 2753 695 2789 usque
717 2742 844 2777 uncias
866 2741 1070 2787 relinquere
1093 2742 1149 2778 vel
1171 2742 1309 2776 donare
1332 2741 1376 2776 iis
1399 2741 1507 2788 idque
1530 2753 1604 2778 una
1627 2753 1706 2778 cum
1731 2746 1844 2779 matre
1865 2743 2076 2789 permissum
2095 2747 2158 2784 est,
2183 2747 2219 2779 et
2239 2744 2273 2779 si
2290 2744 2380 2790 quid
2397 2756 2484 2791 quo-

274 2801 424 2836 cumque
446 2788 553 2824 modo
577 2788 799 2834 acceperint,
831 2787 881 2822 ad
902 2787 997 2822 laune
1019 2786 1164 2822 modum
1186 2786 1350 2839 rediqere
1373 2787 1506 2822 solum:
1539 2792 1581 2823 ut
1600 2787 1698 2833 quod
1719 2788 1864 2824 excedit
1893 2787 1943 2823 ad
1965 2798 2026 2824 eos
2049 2789 2115 2834 qui
2134 2799 2184 2824 ex
2206 2788 2285 2841 leqe
2309 2794 2485 2825 vocantur

274 2838 295 2872 1
335 2836 543 2882 perveniat,
574 2832 614 2868 id
641 2832 742 2879 quod
769 2832 875 2868 etiam
905 2831 1095 2867 Theodosii
1117 2832 1257 2878 prioris
1284 2831 1354 2876 filii
1385 2833 1546 2877 quamvis
1576 2844 1650 2868 non
1672 2834 1836 2879 perfecte
1857 2838 2070 2869 sanxerunt.

323 2929 337 2961 1
364 2926 628 2971 ἐπιγινομένων
648 2925 724 2965 373,
738 2931 785 2965 36,
809 2923 1075 2967 ἐπιγενομένων
1093 2919 1116 2964 ἢ
1139 2935 1197 2956 om.
1212 2933 1231 2958 ς
1246 2921 1259 2965 ss
1279 2923 1297 2955 2
1319 2920 1349 2953 εἰ
1385 2908 1387 2910 ¹

275 2985 314 3006 ex
337 2983 357 3008 ς·
380 2972 458 3005 add.
471 2971 668 3004 Haloander
680 2970 735 3013 (cf.
751 2981 784 3013 p.
797 2969 875 3009 373,
885 2970 945 3009 38),
969 2980 1028 3001 om.
1044 2968 1116 3000 ML
1133 2967 1146 3011 ΙΙ
1164 2969 1181 3001 7
1208 2965 1349 3020 drenow

276 3030 334 3051 om.
350 3028 370 3053 ς
385 3018 397 3059 ΙΙ
415 3017 436 3050 8
451 3015 514 3058 τῆς
531 3011 702 3058 πατρῴας
722 3011 928 3053 διατάξεως]
955 3013 1031 3047 cod.
1047 3014 1077 3053 5,
1093 3020 1140 3054 27,
1155 3020 1169 3046 ‘1
1187 3012 1199 3055 ΙΙ
1217 3013 1238 3045 9
1251 3023 1347 3055 ακρι-

275 3062 349 3106 βῶς
372 3062 427 3105 (qfi
445 3062 521 3102 374,
537 3062 577 3102 7)]
601 3055 665 3093 οὐκ
688 3055 846 3103 ἀκριβῶς
867 3057 936 3094 L²c
951 3057 963 3100 ΙΙ
984 3060 1024 3091 10
1049 3056 1105 3099 τὰ]
1130 3056 1191 3090 ἵνα
1213 3055 1258 3090 τὰ
1275 3055 1349 3107 13²ss

279 3109 318 3142 11
343 3104 491 3152 κατάγοι
516 3105 561 3138 L·
594 3102 810 3150 κατάγοιντο
835 3102 883 3136 L²
907 3105 920 3145 11
947 3104 986 3136 13
1010 3100 1208 3143 πολιτείαν]
1221 3101 1348 3154 ε917101-

276 3155 341 3185 tem
365 3161 532 3184 romanam
558 3162 577 3186 ς
604 3149 616 3193 ΙΙ
651 3151 693 3183 14
716 3145 822 3182 οὐδὲν
845 3143 994 3194 εὕρομεν
1017 3149 1078 3182 del.
1104 3147 1163 3188 L²‚
1200 3158 1349 3192 ευρομεν

277 3211 335 3231 om.
358 3209 377 3233 ς
403 3196 416 3237 ΙΙ
448 3198 490 3230 16
512 3194 686 3241 γενέσθαι
711 3195 741 3227 L
767 3196 779 3237 ΙΙ
813 3196 850 3228 17
871 3196 1032 3239 γνησίων
1055 3194 1260 3238 γενομένων
1285 3191 1314 3224 L

279 3245 321 3277 19
345 3238 528 3283 διαδόχων
551 3241 581 3274 L
610 3239 623 3284 ΙΙ
650 3237 818 3281 βάλλεντι
842 3246 871 3272 et
895 3240 937 3272 20
960 3235 1247 3282 βαλλεντινιανῶ
1272 3237 1302 3270 L

277 3289 319 3322 20
335 3286 526 3331 Γρατιανῷ
538 3286 600 3326 [ις]
616 3283 777 3329 τραϊανῶ
789 3284 837 3317 M.
860 3284 937 3317 God.
950 3284 1069 3316 Theod.
1079 3284 1113 3325 4,
1123 3291 1150 3324 6,
1160 3291 1176 3317 4
1188 3281 1200 3326 ΙΙ
1214 3278 1348 3335 ssya}-

278 3331 544 3377 ανθρωπεῦσαί
560 3343 596 3363 τι
620 3333 671 3370 (τε
685 3332 751 3374 pr.)
775 3330 806 3362 L
830 3328 843 3372 Ι]
866 3330 908 3362 23
925 3325 1056 3382 ἠξίωοζε
1072 3328 1104 3362 L
1123 3327 1135 3372 ΙΙ
1158 3329 1202 3362 24
1226 3338 1348 3382 αυτων

279 3378 485 3417 Haloander]
508 3375 649 3408 ἑαυτῶν
674 3375 746 3409 ML
772 3373 785 3418 ss
806 3370 918 3407 *οὐδὲ
941 3393 983 3399 -
1003 3369 1087 3406 ουδὲ
1111 3373 1182 3406 ML
1203 3372 1216 3416 ι]
1242 3372 1284 3426 26
1305 3373 1347 3412 ει]

277 3421 312 3454 οἱ
335 3422 413 3465 ΙιἸΙ
442 3419 584 3462 walani]
608 3421 650 3461 L,
675 3427 704 3454 et
726 3422 772 3453 ita
786 3421 863 3463 sere
887 3426 1067 3453 constanter
1093 3418 1106 3461 ΙΙ
1135 3419 1177 3451 27
1198 3417 1347 3457 τοντοις]

279 3467 340 3500 1100
363 3479 382 3503 ς
399 3468 413 3511 fl
429 3467 470 3501 28
492 3466 596 3507 ἔχειν]
621 3465 819 3499 habentibus
839 3476 856 3500 ς
875 3463 888 3508 ΙΙ
904 3464 1174 3508 ἐπιτέτραπται]
1199 3465 1250 3495 est
1269 3471 1347 3494 con—

278 3513 434 3553 scriptum
457 3514 491 3553 (r‘.
506 3523 532 3544 e.
557 3511 830 3556 ἐπιγέγραπται)
854 3509 902 3554 ςΙ]
927 3511 969 3544 30
993 3505 1028 3551 ἢ]
1053 3511 1085 3541 et
1109 3508 1157 3551 ςΙΙ
1181 3508 1224 3541 32
1247 3517 1347 3540 συνε-

278 3555 498 3598 χωρήθησαν
511 3555 579 3592 L':
597 3555 610 3600 fl
624 3554 753 3588 τούτου
766 3555 964 3595 Zachariae]
980 3551 1119 3587 τούτοις
1129 3553 1199 3586 ML
1212 3552 1304 3594 (haee
1316 3553 1348 3592 ς)

279 3601 384 3632 τοῦτο
407 3612 474 3634 cum
499 3601 695 3634 Hatoandro
714 3601 802 3643 vuly.
821 3599 833 3642 ΙΙ
858 3601 899 3634 35
924 3600 984 3632 καὶ
1007 3611 1064 3632 om.
1083 3600 1132 3640 ςΙ
1159 3594 1347 3631 Θεοδοσίου

278 3643 341 3676 τοῦ
365 3647 602 3730 Ἷρεσβυτέρου
627 3642 761 3686 παῖδες]
789 3644 868 3679 Cod.
890 3647 922 3686 5,
940 3651 1017 3686 27,2
1043 3643 1056 3689 fl
1085 3644 1130 3677 36
1152 3642 1195 3684 εἰ]
1221 3639 1243 3685 ἢ
1267 3642 1312 3675 L¹
1335 3643 1348 3684 fl

279 3689 321 3722 37
346 3699 375 3721 ει
412 3685 435 3731 ἢ
459 3690 505 3722 L¹

2162 2833 2240 2869 Nos
2263 2835 2387 2880 iqitur,
2418 2835 2485 2870 etsi

1463 2924 1477 2955 1
1504 2922 1774 2964 peruenieutibus
1799 2923 1923 2956 RVT⁰
1947 2924 1960 2966 11
1982 2924 2054 2956 eius
2078 2923 2126 2956 R¹
2150 2923 2163 2968 ΙΙ
2187 2925 2206 2957 2
2231 2923 2393 2957 aditiatur
2424 2925 2458 2959 V
2473 2924 2486 2970 ΙΙ

1416 2968 1435 3001 3
1461 2968 1756 3000 instrumentorum
1779 2981 1838 3002 om.
1852 2968 1900 3002 R¹
1918 2968 1931 3012 Ι]
1947 2971 1966 3003 5
1987 2979 2071 3010 quae
2091 2968 2140 3001 R¹
2155 2969 2167 3011 ΙΙ
2186 2971 2204 3002 ’7
2223 2969 2362 3011 inprobe
2383 2970 2416 3003 V
2432 2970 2484 3002 in-

1414 3012 1532 3054 probet
1559 3013 1606 3046 ΤΙ
1634 3013 1647 3057 n
1675 3013 1891 3055 invenientes]
1926 3014 2106 3047 absurdum
2129 3013 2336 3047 invenientes
2357 3015 2453 3048 Beck
2474 3015 2486 3059 ΙΙ

1415 3059 1434 3090 8
1451 3058 1646 3090 seruitutem
1666 3057 1712 3091 12¹
1728 3058 1740 3102 ΙΙ
1758 3060 1778 3092 9
1795 3060 1976 3092 castitetem
1995 3059 2028 3092 T
2035 3060 2042 3079 ¹
2063 3058 2075 3103 ΙΙ
2094 3060 2134 3093 10
2152 3061 2223 3091 erat
2240 3060 2271 3092 R
2289 3058 2302 3103 ΙΙ
2328 3061 2364 3094 11
2385 3069 2484 3101 quae·

1414 3106 1549 3145 propter
1573 3103 1620 3136 12¹
1645 3103 1657 3147 fl
1685 3104 1726 3137 12
1749 3104 1897 3145 sancitis]
1928 3105 2073 3136 sanccita
2092 3106 2171 3136 sunt
2194 3104 2242 3137 12¹
2264 3104 2277 3147 ΙΙ
2302 3104 2483 3138 manifestis

1425 3148 1499 3180 VR¹
1523 3146 1536 3191 ss
1560 3147 1647 3189 quod
1668 3148 1715 3181 V¹
1738 3148 1751 3192 fl
1778 3151 1819 3184 13
1843 3149 2152 3191 legitimorumquae
2176 3149 2225 3181 Β*
2261 3148 2482 3191 legitimorum

1415 3192 1571 3233 quoniam
1589 3193 1637 3226 V¹
1653 3193 1665 3236 ΙΙ
1686 3194 1726 3227 16
1743 3196 1776 3226 et
1792 3195 1824 3227 R
1835 3194 1879 3235 V]
1896 3194 1993 3227 etiam
2016 3194 2139 3237 Tvulq.
2157 3193 2170 3238 Ι]
2190 3195 2229 3228 17
2242 3194 2401 3227 Discretis
2413 3195 2481 3234 σοι]

1414 3237 1542 3270 iscretis
1557 3257 1595 3262 -
1614 3240 1655 3273 19
1667 3239 1872 3283 successioni!
1897 3252 1959 3272 scr.
1978 3238 2026 3272 V2
2042 3241 2073 3272 in
2086 3252 2152 3274 ras.
2168 3240 2188 3272 2
2201 3251 2346 3272 versuum
2360 3239 2373 3280 Ι
2389 3237 2480 3279 sacti]

1414 3283 1552 3315 sancciti
1567 3283 1609 3316 T·
1625 3283 1638 3326 Ι
1656 3283 1814 3325 legitimis
1829 3285 1886 3326 qui
1903 3285 2084 3317 manserint
2099 3283 2225 3317 natales
2245 3282 2317 3324 V(⁸)
2333 3282 2347 3326 Ι
2365 3283 2405 3316 19
2421 3291 2479 3314 uo-

1415 3327 1497 3360 lenti
1530 3328 1562 3361 V
1583 3327 1596 3371 n
1627 3329 1669 3362 26
1692 3331 1771 3361 suut
1803 3329 1834 3363 V
1856 3330 1868 3373 ΙΙ
1898 3329 2101 3362 concubinae
2127 3330 2216 3369 libri,
2240 3339 2320 3361 corr.
2345 3326 2439 3359 Beck
2467 3326 2480 3370 ΙΙ

1415 3373 1456 3405 27
1482 3373 1682 3415 coniungere
1706 3373 1755 3406 R¹
1781 3375 1793 3416 ΙΙ
1824 3375 1886 3408 1100
1910 3375 2033 3407 etenim
2058 3374 2144 3414 RV]
2175 3373 2236 3405 hoo
2259 3371 2333 3412 (del.
2359 3369 2423 3410 1²²)
2447 3375 2480 3403 et

1415 3418 1475 3450 hoc
1501 3418 1589 3450 enim
1615 3418 1672 3460 ΤΙΙ
1694 3419 1736 3452 29
1759 3418 1983 3461 legitimorum
2006 3418 2151 3452 filiorum
2175 3416 2265 3458 ΒΤ.
2292 3416 2335 3449 30
2355 3418 2422 3447 smt
2446 3416 2478 3448 R

1414 3464 1511 3505 only]
1535 3465 1613 3496 sunt
1633 3463 1725 3507 VTn
1749 3467 1781 3497 et
1802 3466 1920 3506 neque]
1945 3467 1977 3497 et
2000 3477 2058 3498 om.
2080 3462 2134 3505 Vfl
2158 3459 2278 3493 habent
2299 3458 2354 3501 Vn
2379 3460 2421 3493 32
2446 3464 2478 3492 et

1413 3507 1451 3547 si]
1477 3508 1505 3540 si
1529 3508 1589 3550 fet,
1613 3510 1647 3541 et
1665 3509 1726 3541 hoe
1746 3510 1821 3550 (del.
1841 3510 1914 3551 hoc)
1938 3509 1967 3541 si
1986 3504 2246 3554 R¹l⁴1¹²⁸⁶¹ib⁰i
2262 3503 2312 3535 Β*
2329 3503 2342 3546 ΙΙ
2360 3506 2400 3538 33
2424 3516 2476 3537 1²0-

1413 3554 1536 3595 ceperit
1557 3554 1588 3586 V
1601 3552 1613 3598 ΙΙ
1628 3554 1773 3596 reputati
1794 3554 1848 3598 V}
1875 3556 1917 3588 35
1940 3552 2019 3586 filiis
2039 3551 2100 3594 R!
2123 3550 2165 3584 ³7
2188 3549 2259 3588 ΘΜ]
2285 3551 2317 3580 0¹2
2340 3548 2396 3593 Vll
2412 3551 2475 3592 usi]

1413 3598 1477 3629 nisi
1501 3598 1564 3639 ΥΒ,
1588 3599 1649 3631 del.
1675 3598 1731 3642 ν’,
1755 3599 1873 3632 om.R¹
