2618 4010
259 116 366 159 Nov.
386 115 511 159 XXII
541 117 709 158 40-42

258 225 341 262 οὐδὲ
363 229 423 283 τῆς
443 225 601 273 χρήσεως
628 223 719 272 παρ’
747 224 871 262 αὐταῖς
900 225 1083 272 μενούσης.
1126 230 1185 260 καὶ
1208 225 1331 262 ἁπλῶς

258 273 339 315 ἴσην
364 272 475 315 αυτὴν
505 273 659 316 τίθεμεν
690 269 751 306 διὰ
781 271 848 316 τὴν
877 274 955 307 τῶν
976 271 1104 319 γάμων
1126 269 1265 318 ἀωρίαν
1287 274 1333 320 τῇ

259 319 328 364 πρὸ
351 318 416 352 τοῦ
438 317 622 360 πενθίμου
646 314 774 364 χρόνου
841 321 993 366 μαμένῃ.
1039 317 1085 350 Εἰ
1108 313 1150 350 δι’
1171 319 1231 350 καὶ
1254 318 1333 352 τῶν

258 363 421 408 φυσικῶν
448 359 678 409 ἐπιτροπεύοι
707 366 777 398 παί
800 376 853 397 ων
884 365 957 403 (καὶ
1003 360 1046 408 ἀρ
1070 358 1114 404 δὴ
1143 363 1203 395 καὶ
1225 365 1333 397 τοῦτο

259 406 467 451 δεδώκαμεν
490 404 611 451 αὐτῆ),
646 404 728 442 ἀλλ’
753 401 817 442 οὖν
841 408 889 441 εἰς
920 374 1048 452 ἀνδρὸς
1080 405 1242 440 ἐλθοῦσα
1273 410 1333 441 καὶ

256 451 306 496 μὴ
339 453 457 486 ταῦτα
490 443 659 498 πριῖξασα
694 449 786 496 ἅπερ
821 452 1033 496 ἐζιιπροσθεν
1068 451 1222 497 εἴρηται,
1255 454 1334 486 ταῖς

260 496 382 532 αὐταῖς
411 495 624 532 ὑποκείσθω
653 501 806 533 ποιναῖς.
855 497 1011 541 Πρόνοια
1045 494 1084 530 δὲ
1114 498 1210 530 ἔστω
1241 494 1332 530 κατὰ

258 544 324 586 μὲν
352 541 415 577 τὰς
445 544 617 588 ἐπαρχίας
647 546 720 577 τοῖς
752 543 830 576 τῶν
862 542 988 575 ἐθνῶν
1020 537 1242 587 ἡγουμένοις,
1279 543 1332 576 έν-

259 587 384 622 ταῦθα
419 585 460 621 δὲ
494 589 549 632 τῷ
586 586 809 642 ἐνδοξοτάτῳ
846 583 990 631 ἐπάρχῳ
1018 586 1091 639 ῗτῆς
1127 583 1334 630 εὐδαίμονος

1328 112 1416 161 176

2207 127 2472 163 ΒΕΠΌῬἿἾῘΒ

1398 239 1536 269 rerum,
1567 237 1682 272 neque
1712 227 1901 265 usufructu
1931 228 2030 275 apud
2060 239 2121 265 eas
2153 233 2367 266 remanente.
2422 230 2472 265 Et

1401 272 1608 318 simpliciter
1639 272 1822 325 aequalem
1851 283 1929 310 eam
1959 274 2125 320 ponimus
2157 278 2303 320 propter
2327 275 2471 320 nuptia-

1400 326 1480 354 rum
1513 317 1803 352 immatuntatem
1834 317 1871 354 ei
1903 328 1995 364 quae
2029 324 2112 355 ante
2148 320 2297 364 lugubre
2331 323 2472 365 tempus

1401 361 1533 407 nupsit.
1594 361 1632 397 Si
1665 372 1747 397 vero
1783 362 1888 398 etiam
1927 365 2141 400 naturalium
2183 365 2332 399 tutelam
2372 369 2473 409 gerat

1369 411 1388 442 5
1402 408 1555 442 filiorum
1580 410 1674 447 (nam
1697 406 1766 442 hoc
1790 417 1940 488 quom
1951 410 2178 454 praebuimus
2201 410 2258 452 ei),
2284 414 2403 444 tamen
2426 409 2473 444 ad

1401 452 1514 487 virum
1538 451 1682 487 veniens
1712 454 1748 486 et
1771 462 1842 487 non
1941 463 1961 488 c
1983 463 2109 498 agens,
2142 465 2232 499 quae
2255 454 2353 507 prius
2377 454 2474 489 dicta

1402 499 1495 540 sunt,
1520 496 1644 531 iisdem
1668 497 1852 532 subiaceat
1872 498 2008 542 poenis.
2063 499 2288 535 Providentia
2319 509 2401 534 vero
2427 500 2474 534 sit

1402 551 1467 586 per
1501 541 1702 587 provincias
1735 541 1876 587 quidem
1907 551 1930 576 a
1951 543 2106 586 gentium
2138 544 2379 590 praesidibus,
2415 544 2472 578 hic

1402 590 1523 621 autem
1547 586 1800 631 gloriosissimo
1823 586 2004 631 praefecto
2035 587 2259 624 felicissimae
2283 590 2387 623 huius
2413 599 2472 623 ur-

258 630 389 677 ταύτης
419 630 558 668 πόλεως
586 646 660 677 αμα
695 646 749 676 τῳ
782 636 962 677 πραιτωρι
1005 645 1035 674 ῳ
1067 630 1195 665 τούτου
1233 630 1331 676 μέλει
1347 634 1387 666 10
1401 632 1457 666 bis
1481 642 1553 666 una
1577 642 1657 667 cum
1682 635 1859 677 praetore,
1889 631 1947 666 cui
1969 631 2074 668 huius
2097 634 2209 679 partis
2234 644 2320 669 cura
2343 638 2408 675 est,
2434 637 2475 668 ut

258 678 322 712 τοῦ
350 681 490 725 με’ρους,
523 675 609 713 ὥςτε
642 676 856 722 βουλομένης
887 677 934 709 εἰς
964 674 1095 722 γάμους
1125 674 1248 710 ἐλθεῖν
1271 677 1333 719 τῆς

258 722 557 771 ἐπιτροπευούσης
586 722 751 770 γυναικὸς
783 725 840 755 καὶ
865 719 1122 766 προβληθῆναι
1146 723 1218 755 τοῖς
1240 724 1332 756 νέοις

258 770 457 815 ἐπίτροπον
479 771 539 803 καὶ
565 767 644 803 τοὺς
665 766 850 812 λογισμοὺς
881 763 1132 806 ὑποδέξασθαι
1160 769 1219 800 καὶ
1242 762 1332 814 ὅπερ

258 813 279 856 ἡ
301 812 417 867 μήτηρ
437 810 570 860 ὀφείλει
593 812 770 859 προφάσει
795 813 855 854 τῆς
875 808 1091 854 διοικήσεως,
1115 812 1221 845 τοῦτο
1245 809 1331 846 ἀπο-

280 871 392 894 ουναι.

1401 677 1541 730 volente
1571 677 1618 711 ad
1646 678 1790 730 nuptias
1819 676 1940 712 venire
1974 677 2121 713 tutelam
2151 681 2295 722 gerente
2326 679 2474 714 muliere

1402 724 1439 757 et
1455 721 1638 757 ordinetur
1658 722 1856 757 minoribus
1879 723 1988 775 tutor.
2002 725 2039 757 et
2056 722 2213 759 rationes
2233 724 2475 778 suscipiantur

1399 766 1569 847 pgdgggilr
1588 770 1702 802 mater
1732 767 1839 802 debet
1870 776 2059 802 occasione
2087 768 2372 813 gubernationis,
2405 769 2473 803 hoc

1229 924 1385 960 CAPUT
1409 923 1505 961 XLI.

307 981 461 1029 Ἀρέσκει
492 980 534 1015 δὲ
563 980 647 1026 ἡμῖν
670 978 692 1023 ἡ
716 978 884 1024 Ζήνωνος
912 981 977 1014 τοῦ
1005 981 1066 1024 τῆς
1087 978 1255 1026 εὐσεβοῦς
1279 980 1334 1025 λή-

264 1029 347 1069 ξεως
370 1026 545 1067 διάταξις,
570 1025 767 1071 βουλομένη
791 1025 857 1060 τὸν
880 1029 1038 1072 πατέρα,
1071 1028 1103 1059 εἰ
1125 1025 1335 1070 κελευσθείη

263 1074 310 1117 τῷ
343 1074 462 1114 οἰκείῳ
497 1070 603 1106 παιδὶ
639 1074 832 1118 πρεσβεῖον
870 1069 942 1105 ὑπὸ
979 1071 1117 1118 αἵρεσιν
1147 1068 1170 1114 ἢ
1210 1069 1335 1117 ’με’ραν

259 1117 400 1159 δοῦναι,
429 1116 478 1161 μὴ
509 1115 624 1150 ἄλλως
645 1114 886 1151 ἀπαιτεῖσθαι
909 1114 976 1159 τὴν
1003 1114 1095 1161 ὑπὲρ
1118 1118 1179 1159 τῆς
1218 1114 1335 1151 ‘bosone

1450 981 1573 1016 Placet
1596 991 1736 1026 quoque
1759 981 1863 1016 nobis
1887 981 2040 1016 Zenonis
2072 982 2154 1026 piae
2178 982 2366 1018 memoriae
2390 993 2473 1018 con-

1405 1026 1543 1061 stitutio
1567 1027 1687 1062 volens
1711 1032 1859 1071 patrem,
1885 1027 1915 1062 si
1933 1027 2100 1062 iubeatur
2121 1028 2267 1072 proprio
2286 1027 2360 1062 filio
2379 1028 2473 1071 lega-

1403 1073 1479 1106 tum
1509 1072 1576 1107 sub
1607 1071 1814 1107 condicione
1846 1076 1907 1107 aut
1939 1072 1996 1106 die
2028 1071 2133 1113 dare,
2164 1082 2237 1107 non
2259 1072 2362 1107 aliter
2384 1071 2476 1116 exigi

1402 1127 1468 1162 pro
1493 1116 1684 1152 donatione
1715 1117 1913 1161 legatorum
1944 1117 2162 1160 cautionem,
2195 1118 2288 1152 hanc
2314 1117 2477 1152 videlicet

257 1164 335 1197 τῶν
358 1175 387 1198 π
410 1165 563 1205 εσβείων
585 1158 786 1207 ἀσφάλειαν
806 1160 956 1204 (ταύτην
980 1159 1024 1205 δὴ
1046 1161 1113 1204 τὴν
1136 1162 1332 1205 legatorum
1348 1164 1389 1196 20
1403 1171 1494 1206 quae
1516 1162 1714 1206 legatorum
1738 1162 1992 1197 servandorum
2014 1172 2123 1197 causa
2146 1166 2305 1203 vocatur,
2328 1162 2398 1196 nisi
2421 1171 2475 1196 se-

258 1218 385 1243 servan
410 1218 511 1261 ort‘lm
533 1217 643 1242 causa
663 1205 910 1251 καλουμένην),
930 1205 1024 1249 πλὴν
1041 1207 1073 1240 εἰ
1090 1205 1141 1251 μὴ
1159 1205 1334 1254 δευτέροις

257 1251 276 1286 ὁ
300 1253 420 1302 πατὴρ
448 1250 627 1298 ομιλήσειε
647 1249 784 1299 γάμοις.
829 1253 925 1286 ἔστω
949 1250 1017 1298 γὰρ
1047 1255 1108 1285 καὶ
1130 1253 1237 1286 τοῦτο
1260 1255 1334 1286 τοῖς

258 1297 576 1346 δευτερογαμοῦσιν
598 1299 789 1341 ἐπιτίμιον.

1404 1207 1539 1242 cundas
1562 1209 1666 1252 pater
1695 1207 1912 1242 contraxerit
1935 1207 2089 1252 nuptias.
2144 1207 2199 1242 Sit
2231 1207 2323 1243 enim
2347 1210 2383 1241 et
2407 1206 2477 1241 hoc

1403 1251 1559 1288 secundo
1584 1252 1799 1287 nubentibus
1823 1262 1947 1297 poena.

1218 1364 1374 1400 CAPUT
1406 1364 1520 1400 XLII.

307 1421 412 1458 Ἀλλὰ
436 1421 502 1457 κᾶν
526 1423 560 1456 εἴ
579 1433 632 1456 τις
656 1423 696 1455 ἐν
718 1424 791 1455 τοῖς
814 1418 1086 1465 εὖλαβεστότοις
1114 1418 1231 1454 τελῶν
1254 1419 1333 1461 κλη-

1455 1420 1525 1455 Sed
1557 1422 1594 1454 et
1624 1420 1654 1455 si
1686 1420 1765 1464 quis
1797 1420 1891 1455 inter
1927 1420 2227 1456 reverentissimos
2260 1420 2476 1456 constitutus

259 1470 384 1513 ρικοῖς,
417 1471 490 1502 τοῖς
519 1465 626 1522 ὑπὲρ,
640 1465 706 1501 τὸν
729 1463 970 1520 ἀναγνώστην
993 1462 1022 1518 ἢν
1037 1463 1179 1518 ψᾴλτην
1203 1469 1334 1511 φαμέν,
1347 1468 1388 1500 25
1403 1466 1573 1506 clericos,
1606 1466 1702 1500 ultra
1726 1465 1895 1500 lectorem
1919 1470 1983 1500 aut
2007 1468 2186 1501 cantorem
2210 1465 2378 1507 dicimus,
2402 1476 2476 1500 om-

258 1513 350 1549 ὕλως
376 1511 553 1558 ὁμιλήσειε
583 1522 723 1558 γαμοις,
751 1524 881 1545 τουτον
912 1512 951 1545 ἐκ
981 1521 1043 1553 της
1065 1513 1235 1557 ημετὲρας
1259 1509 1334 1545 δια-

258 1556 391 1600 τάξεως
413 1560 603 1594 έκπίπτειν
626 1557 687 1599 τῆς
718 1556 912 1602 ἱερωσύνης
935 1553 1180 1600 διεταξάμεθά
1211 1569 1251 1590 τε
1275 1559 1335 1589 καὶ

258 1602 366 1650 βουλό
394 1603 477 1637 εθα.
524 1603 572 1637 Εἰ
593 1607 758 1648 μένιοιγε
785 1599 1020 1647 ἇναγνώστης
1050 1598 1104 1634 ὢν
1134 1604 1194 1634 καὶ
1223 1598 1336 1648 γήμας

259 1650 335 1684 εἶτα
379 1647 416 1682 ιά
433 1661 518 1682 τινα
537 1645 788 1693 ἀπαραίτητον
807 1644 966 1700 ἀνάγκην
990 1646 1038 1679 εἰς
1061 1643 1242 1702 δευτέρους
1268 1643 1334 1692 ἀφ-

1401 1511 1485 1546 nino
1502 1510 1738 1545 ‘contraxerit
1769 1510 1931 1555 nuptias,
1964 1511 2059 1546 hunc
2083 1520 2128 1545 ex
2157 1514 2280 1545 nostra
2303 1511 2476 1545 constitu-

1402 1556 1498 1590 tione
1522 1555 1648 1590 cadere
1673 1554 1872 1591 sacerdotio
1905 1556 2152 1591 constituimus
2175 1559 2282 1600 atque
2305 1555 2475 1590 volumus.

1404 1601 1442 1635 Si
1472 1610 1555 1636 vero
1592 1601 1705 1635 lector
1735 1601 1892 1636 existens
1929 1603 1966 1635 et
2001 1601 2145 1646 nuptias
2180 1599 2317 1635 faciens
2352 1600 2478 1635 deinde

1403 1648 1550 1691 propter
1573 1646 1729 1690 aliquam
1752 1646 1988 1680 inevitabilem
2011 1646 2259 1681 necessitatem
2282 1645 2329 1681 ad
2348 1655 2476 1680 secun-

259 1699 371 1729 ίκοιτο
392 1690 540 1740 γάμους,
571 1691 633 1726 οὐκ
657 1694 711 1726 ἔτι
743 1690 831 1738 πρὸς
854 1706 898 1726 τα
921 1692 1033 1735 μείζω
1057 1702 1117 1743 τῃς
1141 1689 1336 1736 ιερωσύνης
1349 1693 1391 1726 30
1405 1692 1468 1726 das
1501 1691 1619 1726 veniat
1648 1690 1812 1735 nuptias,
1847 1701 2071 1735 nequaquam
2103 1691 2149 1726 ad
2180 1690 2325 1726 maioris
2357 1700 2476 1726 sacer·

257 1736 478 1784 ἀναβήσεται
501 1742 603 1786 γέρα,
628 1733 708 1771 ἀλλ’
736 1735 846 1771 αὐτοῦ
868 1739 970 1781 μενεῖ
992 1749 1090 1780 παρα
1113 1738 1157 1783 τῇ
1180 1740 1335 1783 γυναικί,

258 1785 324 1828 τὴν
346 1782 436 1830 ὑπὲρ
460 1785 594 1827 ἐκείνης
616 1786 811 1828 προκρίνας
834 1779 996 1824 σπουδὴν
1018 1784 1080 1823 τῆς
1103 1782 1164 1815 ἐπὶ
1187 1781 1232 1815 τὰ
1256 1780 1335 1825 βελ-

258 1834 326 1865 τίω
350 1826 517 1875 προόδου.
564 1829 610 1862 Εἰ
633 1825 673 1861 δὲ
695 1829 735 1861 ἐν
760 1825 923 1861 ἰδιώταις
947 1824 1003 1861 ὢν
1026 1827 1087 1860 ἐπὶ
1109 1830 1335 1871 χειροτονίαν

258 1871 497 1911 ὖποδιακόνου
529 1870 551 1917 ἢ
584 1871 750 1907 διακόνου
781 1867 803 1915 ἢ
831 1874 1075 1925 πρεσβυτέρου
1103 1870 1228 1905 ἐλθεῖν
1251 1871 1333 1915 βού-

1404 1736 1491 1771 dotii
1521 1736 1694 1771 ascendat
1717 1737 1873 1778 culmen,
1907 1737 1968 1771 sed
1998 1737 2071 1771 illic
2096 1735 2251 1771 manebit
2281 1735 2377 1781 apud
2400 1746 2476 1770 mu-

1404 1782 1536 1823 lierem,
1561 1781 1728 1815 affectum
1752 1782 1848 1816 illius
1872 1791 2096 1827 praeponens
2122 1780 2259 1816 meliori
2281 1781 2476 1826 provectui.

1404 1826 1443 1861 Si
1466 1836 1559 1869 vero,
1587 1836 1666 1861 cum
1690 1826 1737 1861 sit
1761 1826 1884 1867 laicus,
1917 1827 1964 1861 ad
1987 1826 2244 1862 ordinationem
2267 1825 2478 1861 subdiaconi

1403 1874 1468 1906 aut
1500 1871 1642 1907 diaconi
1673 1875 1736 1906 aut
1767 1871 1967 1917 presbyteri
1997 1872 2116 1906 venire
2146 1870 2315 1914 voluerit,
2352 1871 2478 1907 deinde

260 1919 372 1974 λοιτο,
405 1919 483 1954 εἶτα
514 1921 643 1965 φανείη
672 1920 823 1963 γυναῖκα
854 1919 950 1959 ἔχων
979 1930 1028 1960 μη
1060 1917 1099 1950 ἐκ
1130 1916 1334 1962 παρθενίας
1348 1920 1389 1951 35
1403 1921 1578 1962 appareat
1611 1916 1791 1951 mulierem
1825 1917 1961 1952 habens
1995 1927 2067 1952 non
2102 1927 2146 1952 ex
2181 1916 2381 1961 virginitate
2409 1916 2478 1951 sibi

258 1962 358 2009 αὗτῳ
391 1964 673 2007 συνοικήσασαν,
711 1959 791 1996 ἀλλ’
824 1958 846 2005 ἣ
872 1960 1121 2008 διεζευγμένην
1152 1959 1222 1996 ἇνδ
1245 1960 1281 1996 ὸς
1312 1960 1334 2004 ἢ

258 2009 373 2045 ἄλλως
402 2008 466 2044 οὐκ
495 2009 535 2050 ἐξ
565 2006 671 2053 ἀρχῆς
699 2005 810 2041 εὐθὺς
833 2005 933 2051 αὐτῷ
955 2010 1116 2051 νομίμως
1139 2019 1222 2040 συνε
1248 2007 1332 2040 θοῦ-

258 2068 338 2096 σαν,
362 2052 384 2099 ἢ
405 2057 466 2089 καὶ
486 2052 593 2088 αὐτὸς
615 2051 705 2098 πρὸς
728 2049 909 2097 δευτέρους
930 2050 1096 2097 ἀφίκοιτο
1118 2049 1268 2098 γάμους,
1292 2049 1332 2086 οὗ

258 2099 421 2142 τεύξεται
440 2100 503 2143 τῆς
522 2098 733 2145 ἱερωσύνης·
757 2095 846 2131 ἀλλὰ
866 2094 934 2131 κᾶν
953 2097 985 2130 εἰ
1004 2094 1137 2130 λαθών
1158 2098 1206 2131 εἰς
1227 2097 1334 2131 τοῦτο

258 2145 382 2188 ἔλθοι,
405 2143 551 2180 πάντως
575 2140 679 2186 αὐτῆς
701 2144 914 2177 ἐκπεσεῖται.

1403 1963 1625 2006 copulatam,
1658 1961 1721 1996 sed
1753 1965 1816 1996 aut
1847 1961 2059 1997 disiunctam
2083 1972 2105 1996 a
2128 1961 2255 1996 marito
2289 1965 2353 1996 aut
2374 1961 2479 1997 aliter

1402 2017 1475 2041 non
1510 2007 1555 2041 ab
1590 2006 1692 2042 initio
1725 2017 1806 2040 mox
1840 2006 1910 2041 sibi
1944 2007 2097 2051 legitime
2132 2007 2378 2047 coniunctam,
2414 2010 2478 2041 aut

1403 2052 1508 2086 etiam
1537 2052 1615 2095 ipse
1646 2051 1691 2085 ad
1716 2051 1890 2086 secundas
1915 2051 2051 2087 venerit
2077 2052 2240 2097 nuptias,
2271 2062 2342 2087 non
2365 2051 2477 2096 impe-

1403 2097 1515 2131 trabit
1537 2096 1784 2138 sacerdotium,
1810 2097 1874 2132 sed
1890 2096 1974 2132 licet
1993 2096 2148 2132 latenter
2170 2096 2217 2131 ad
2240 2096 2309 2132 hoc
2330 2097 2476 2140 venerit,

1348 2144 1390 2175 40
1404 2142 1547 2176 omnino
1571 2152 1614 2177 eo
1640 2141 1754 2176 cadet.

303 2227 376 2259 cap.
390 2214 506 2247 XLII
518 2225 601 2256 pars
616 2214 712 2256 prior
731 2213 895 2244 decurtata
917 2218 1002 2242 exeat
1014 2210 1065 2243 Β*
1079 2222 1115 2252 p.
1133 2210 1194 2243 198
1209 2210 1312 2242 Zach.
1348 2209 1502 2242 Eiusdem
1521 2211 1638 2252 capitis
1655 2210 1859 2242 summarium
1879 2210 1975 2243 habet
1992 2210 2124 2244 Nomoc.
2138 2210 2169 2243 L
2188 2211 2235 2243 tit.
2245 2211 2288 2244 26
2302 2222 2342 2243 ex
2354 2211 2474 2243 Athan-

258 2273 337 2319 eam
354 2282 514 2328 propter
535 2279 643 2314 intem
670 2266 974 2323 estihas‘nupcias
997 2274 1167 2310 habemus
1185 2279 1295 2321 atque
1317 2286 1395 2326 eam

258 2328 365 2364 etiam
388 2324 610 2361 naturalium
649 2323 829 2358 iberorum
854 2321 1000 2357 tutelam
1024 2326 1130 2366 θοι-ατ
1158 2322 1256 2363 (nam
1278 2325 1386 2356 ettam

1417 2286 1514 2355 {uae
1534 2280 1618 2326 ante
1637 2279 1775 2327 tempus
1794 2275 1907 2310 luctui
1926 2280 2101 2311 statutum
2120 2276 2293 2322 nupserit.
2329 2274 2469 2319 Quodsi

1443 2319 1652 2372 oequzdem
1679 2331 1711 2355 ei
1736 2321 2007 2364 concessimus),
2041 2325 2157 2372 tamen
2187 2321 2357 2372 coniuqio
2387 2322 2478 2356 inito

260 2384 304 2408 ne
330 2382 374 2407 ue
397 2371 488 2406 actis
510 2370 557 2404 iis
579 2380 673 2415 quae
697 2371 780 2403 ante
803 2367 901 2402 dicta
923 2371 1010 2402 sunt
1033 2365 1158 2400 iisdem
1181 2365 1364 2400 subiaceat
1386 2376 1526 2412 poenis.
1573 2366 1690 2400 Curae
1713 2369 1832 2401 autem
1854 2366 1902 2400 sit
1923 2366 1962 2400 in
1979 2365 2183 2412 provinciis
2205 2365 2349 2412 quadem
2369 2376 2478 2412 prac-

259 2418 291 2453 si
317 2416 395 2453 ibus
415 2415 705 2463 provinciarum,
737 2412 796 2448 hic
825 2422 911 2447 vero
942 2411 1205 2458 ylariosissimo
1230 2411 1428 2463 praefecto
1460 2410 1567 2445 liuius
1596 2410 1722 2455 felicis
1751 2409 1852 2446 urbis
1874 2421 1949 2445 una
1973 2421 2052 2445 cum
2068 2416 2263 2457 praetore,
2298 2410 2364 2457 qui
2385 2411 2479 2446 lianc

254 2466 400 2510 partem
429 2465 554 2503 curat,
587 2463 646 2502 ut,
669 2459 702 2494 si
725 2457 855 2493 mulier
877 2468 972 2503 quae
998 2456 1146 2492 tutelam
1168 2460 1265 2501 qemt
1293 2455 1343 2490 ad
1369 2456 1518 2502 nuptias
1548 2455 1669 2491 venire
1697 2455 1799 2498 velit,
1832 2459 1866 2491 et
1887 2455 2046 2509 pupillis
2077 2459 2177 2491 tutor
2207 2454 2415 2502 desiqnetur
2443 2459 2481 2492 et

259 2508 422 2543 rationes
444 2505 647 2542 reddantur
669 2508 705 2539 et
723 2502 822 2550 quod
843 2507 959 2537 mater
984 2501 1117 2537 tutelae
1140 2501 1415 2537 administratae
1437 2500 1582 2536 nomine
1605 2499 1717 2542 debet,
1742 2500 1782 2535 id
1803 2504 1983 2536 restituat.

394 2550 490 2586 XLI.
538 2549 666 2585 Placet
687 2553 805 2584 autem
827 2547 933 2582 nobis
957 2546 1114 2583 Zenonis
1133 2547 1220 2593 piae
1242 2546 1436 2581 memoriae
1457 2546 1679 2589 constitutio,
1702 2555 1796 2591 quae
1819 2545 1896 2580 vult
1918 2550 1958 2580 ut
1981 2556 2003 2580 a
2025 2550 2144 2592 patre,
2167 2545 2201 2580 si
2216 2545 2377 2592 proprio
2398 2545 2477 2590 filio

261 2599 419 2646 leqatum
449 2595 514 2632 sub
543 2594 756 2631 condicione
786 2593 844 2629 vel
872 2592 930 2628 die
957 2596 1148 2638 praestare
1177 2592 1298 2626 iussus
1327 2591 1392 2634 sit,
1423 2601 1498 2626 non
1527 2590 1634 2626 aliter
1664 2590 1786 2625 cautio
1818 2589 1863 2625 de
1890 2590 2124 2636 praestandis
2147 2590 2278 2641 leqatis
2304 2590 2479 2636 eoeiqatur

262 2650 318 2685 (ea
347 2641 490 2689 quidem
519 2651 613 2687 quae
639 2639 842 2686 leqatorum
872 2637 1134 2673 servandorum
1166 2647 1278 2671 causa
1307 2638 1470 2679 vocatur)
1506 2635 1577 2670 nisi
1605 2635 1639 2670 si
1667 2639 1776 2681 pater
1801 2634 1979 2670 secundas
2009 2635 2158 2682 nuptias
2186 2634 2317 2671 interit.

261 2689 354 2725 enim
377 2687 466 2768 11Ξεῦ
463 2696 631 2766 1suoque
652 2683 810 2719 secundo
833 2682 1040 2718 nubentium
1056 2693 1191 2729 poena.

2386 2634 2477 2670 Esto

569 2729 643 2766 Sed
665 2730 773 2765 etiam
795 2728 829 2763 si
851 2728 934 2775 quis
953 2738 1003 2763 ex
1026 2726 1381 2773 reliqiosissimorum
1405 2725 1617 2761 clericorum
1641 2734 1803 2766 numera,
1828 2735 1952 2760 eorum
1972 2723 2125 2760 dicimus
2147 2725 2211 2771 qui
2233 2735 2347 2771 supra
2371 2724 2478 2762 lecto-

262 2790 338 2815 rem
361 2782 428 2814 aut
449 2780 634 2812 cantorem
656 2778 753 2817 sunt,
777 2773 924 2808 omnino
947 2773 1095 2818 nuptias
1117 2772 1250 2814 inierit,
1282 2771 1341 2807 liic
1363 2775 1405 2807 ut
1426 2781 1477 2806 ex
1499 2774 1628 2806 nostra
1651 2770 1906 2805 constitutione
1927 2769 2131 2805 sacerdotio
2147 2770 2317 2816 privetur
2340 2776 2376 2805 et
2394 2780 2480 2806 con-

263 2824 444 2861 stituimus
473 2826 510 2858 et
539 2820 714 2857 volumus.
773 2817 816 2854 Si
843 2823 961 2854 tamen
993 2821 1105 2853 tector
1138 2817 1188 2853 sit
1215 2821 1251 2852 et
1280 2825 1435 2852 uxorem
1465 2814 1648 2857 habuerit,
1685 2814 1812 2850 deinde
1838 2819 1994 2860 propter
2025 2814 2263 2850 inevitabilem
2295 2814 2479 2860 quandam

264 2868 509 2906 necessitatem
536 2865 586 2901 ad
612 2863 791 2901 secundas
819 2863 967 2910 nuptias
999 2863 1153 2905 venerit,
1185 2872 1260 2897 non
1285 2872 1344 2896 am
1371 2861 1441 2896 lius
1464 2860 1514 2896 ad
1543 2860 1684 2895 maiora
1707 2859 1901 2895 sacerdotii
1924 2870 2073 2895 munera
2098 2858 2284 2902 ascendet,
2317 2858 2382 2894 sed
2403 2859 2479 2895 illic

264 2912 420 2950 manebit
442 2911 544 2959 apud
565 2920 733 2953 uxorem,
765 2912 892 2961 utpote
919 2909 982 2954 qui
1005 2907 1162 2943 studium
1186 2917 1276 2953 erqa
1298 2906 1327 2941 il
1341 2916 1398 2941 am
1415 2906 1634 2958 proqressui
1655 2904 1705 2940 ad
1726 2904 1860 2940 altiora
1881 2904 2107 2950 praetulerit.

2165 2902 2305 2947 Quodsi
2325 2904 2408 2950 quis
2428 2914 2479 2940 cx

265 2960 440 2996 laicorum
469 2966 618 2993 numero
648 2955 698 2991 ad
724 2954 987 2991 ordinationem
1014 2952 1226 2988 subdiaconi
1255 2950 1312 2988 vel
1339 2950 1484 2987 diacona
1519 2950 1575 2986 vet
1597 2949 1802 2997 presbyteri
1824 2949 1944 2985 venire
1967 2948 2069 2992 velit,
2100 2959 2146 2984 ac
2162 2953 2295 2996 postea
2324 2959 2477 2984 uxorem

264 3015 344 3041 eum
366 3002 499 3040 habere
521 3004 704 3049 appareat
729 3010 804 3035 non
827 3010 877 3035 ex
899 2998 1107 3044 viryinitate
1128 3001 1299 3044 nuptam,
1328 2995 1392 3031 sed
1419 3001 1486 3031 aut
1506 3001 1716 3042 separatam
1739 3006 1763 3030 a
1786 2994 1864 3031 viro
1888 2997 1955 3030 aut
1976 2994 2050 3030 alio
2074 2993 2179 3029 modo
2207 3004 2287 3045 non·
2305 2992 2349 3029 ab
2373 2993 2478 3029 initio

263 3049 387 3086 statim
415 3048 571 3095 leqitimc
601 3057 680 3082 cum
710 3045 775 3080 illo
805 3044 1032 3091 copulatam,
1071 3043 1128 3079 vel
1157 3042 1266 3078 etiam
1295 3041 1328 3076 si
1357 3041 1435 3088 ipse
1464 3040 1514 3076 ad
1540 3040 1718 3076 secundas
1745 3039 1894 3087 nuptias
1929 3038 2132 3081 transierit,
2171 3049 2246 3074 non
2273 3037 2480 3086 impetrabit

264 3093 523 3135 sacerdotium,
547 3092 635 3138 quin
656 3091 763 3127 etiam
788 3091 822 3124 si
839 3089 930 3124 clam
954 3099 996 3125 eo
1015 3088 1235 3135 pervenerit,
1260 3086 1405 3121 omnino
1425 3097 1468 3121 eo
1489 3089 1653 3121 exuetur.

311 3178 330 3209 2
355 3174 436 3208 ἴσον
455 3169 577 3206 αὐτῶν
598 3173 630 3205 L
645 3171 657 3215 ΙΙ
676 3172 738 3203 τοῦ
758 3169 872 3224 γάμου
885 3170 933 3223 β’
952 3169 964 3213 ΙΙ
981 3171 999 3202 3
1023 3181 1063 3215 γε
1087 3169 1248 3213 αμημένῃ
1263 3167 1307 3220 {3¹
1329 3171 1342 3211 Η

269 3225 288 3255 5
312 3217 534 3263 δεδώκαμεν]
552 3218 669 3258 0οᾱ.5,
682 3223 729 3258 35,
742 3224 757 3249 3
775 3215 788 3259 ΙΙ
806 3218 825 3249 9
844 3226 993 3259 υπαρχῳ
1009 3181 1117 3266 Μῖβ
1135 3213 1148 3256 ΙΙ
1166 3215 1207 3247 14
1223 3213 1341 3266 τουτο]

269 3268 326 3298 καὶ
349 3265 456 3298 τοῦτο
481 3264 513 3297 Β
529 3263 541 3306 ΙΙ
563 3263 603 3296 16
626 3257 713 3304 ἡμεῖς
731 3261 761 3294 L
777 3271 788 3301 n
807 3260 883 3301 τοῦ]
903 3258 1017 3301 πάσης
1032 3271 1098 3292 του
1121 3256 1182 3313 33ss
1203 3259 1242 3310 1‘7
1267 3252 1342 3290 δια·

269 3309 379 3351 ταξις]
397 3310 474 3344 cod.
487 3310 520 3350 6,
535 3315 583 3349 49,
596 3314 613 3341 6
629 3311 666 3346 §1
685 3308 697 3349 ΙΙ
715 3303 899 3347 κελευθείη
926 3306 955 3338 L
971 3306 983 3347 ΙΙ
1006 3306 1044 3339 18
1069 3299 1092 3346 ἣ
1113 3315 1184 3338 υπο
1208 3304 1343 3346 ημέραν

272 3354 335 3399 Bu
360 3357 403 3388 20
424 3351 562 3395 ταύτην
583 3371 630 3377 -
653 3353 689 3386 21
721 3349 941 3393 καλουμένην
964 3362 1023 3383 om.
1037 3350 1073 3383 B
1091 3348 1103 3393 ΙΙ
1125 3345 1170 3391 δὴ
1193 3347 1297 3382 om.L
1331 3345 1343 3391 ΙΙ

273 3397 309 3431 λε
333 3396 487 3443 ατόρουμ
510 3393 779 3444 σερβανδόρσυμ
801 3395 916 3428 καῦσα
942 3395 991 3436 Μ
1008 3407 1068 3430 om.
1083 3395 1114 3427 L
1143 3395 1156 3436 ss
1183 3395 1226 3428 22
1247 3389 1340 3439 γάιαι

275 3411 351 3486 Lyn
367 3445 407 3476 2ss
427 3440 632 3484 διατάξεως]
646 3441 730 3476 Νου.
748 3441 798 3474 VI
806 3443 860 3474 c.5
877 3441 888 3482 ΙΙ
908 3441 950 3473 28
966 3441 1090 3483 μέντοι
1103 3439 1154 3472 B·
1168 3439 1181 3482 1]
1200 3439 1242 3473 32
1258 3448 1342 3481 προ·

273 3490 394 3564 {pluas
418 3490 465 3543 bi?
486 3489 609 3565 ωηῖλιῖ
630 3488 713 3565 ¹¹3?ss
738 3481 861 3564 αὗτλαιῖζ
883 3485 933 3538 J)
961 3480 1344 3562 ΙΙῙσυνοικήσιὶοὲαοῦξαΗ

276 3532 596 3620 Βιῗῗεέξμὲζῧικςοιὲο
607 3531 1014 3621 ιΙὲΒῙΞῖααφίκὲτιδωλῦΒῖ
1030 3540 1245 3619 Ιῖἴὸεῒῦετοῖς
1268 3572 1299 3606 [ι

325 3668 339 3700 1
366 3675 420 3699 eos
439 3665 494 3708 Vn
510 3669 662 3698 manente
680 3668 766 3710 vuly.
783 3666 796 3710 ΙΙ
813 3667 834 3700 2
856 3665 1022 3709 ponimus]
1047 3664 1226 3707 inponibus
1249 3662 1296 3697 R'
1332 3664 1346 3707 ΙΙ

277 3713 298 3746 3
322 3710 545 3744 maturitatem
567 3710 621 3755 Vll
639 3713 655 3743 7
683 3712 806 3743 hisdem
831 3711 863 3744 R
875 3711 927 3754 Vn
944 3709 1091 3742 subiacet
1103 3709 1194 3753 RTu
1213 3710 1233 3743 8
1252 3718 1272 3740 a
1284 3719 1342 3741 om.

1410 3168 1524 3211 vulg-ss
1572 3168 1765 3208 raesidious]
1789 3177 1890 3209 pru·-
1898 3178 2003 3195 .....
2034 3165 2079 3197 w
2103 3163 2115 3208 ΙΙ
2146 3164 2224 3196 huic
2246 3163 2308 3207 V!
2334 3165 2356 3197 9
2381 3163 2479 3195 huius

1410 3224 1468 3245 om.
1482 3211 1531 3245 Βι
1582 3213 1621 3244 10
1646 3212 1701 3244 cui
1718 3211 1831 3252 huius]
1855 3211 1950 3243 cuius
1971 3210 2003 3242 R
2019 3208 2032 3253 ΙΙ
2050 3219 2127 3241 cure
2147 3208 2216 3242 RT
2234 3218 2314 3241 cur·
2336 3207 2382 3242 V¹
2401 3205 2479 3251 {est

1410 3259 1448 3290 ut
1467 3255 1602 3289 uolente
1623 3255 1674 3290 1⁷²
1686 3258 1719 3290 in
1732 3256 1827 3299 rae-11
1847 3256 1888 3290 13
1909 3255 2096 3287 occasiones
2113 3254 2161 3287 R¹
2180 3252 2193 3298 ΙΙ
2213 3254 2347 3288 lfimbr.
2366 3251 2403 3285 si
2416 3251 2477 3284 snb

1410 3301 1601 3335 conditione
1618 3303 1723 3335 mater
1741 3301 1885 3344 legatum
1904 3299 1957 3333 uel
1973 3298 2256 3332 fideicommissum
2272 3296 2342 3330 filio
2354 3306 2414 3328 suo
2426 3307 2476 3329 re-

1409 3346 1548 3389 liquerit
1563 3346 1597 3379 R
1610 3360 1669 3390 mq.
1687 3347 1699 3388 ΙΙ
1717 3346 1830 3379 Placet
1847 3346 1954 3389 suppl.
1967 3344 2015 3378 V²
2028 3346 2060 3378 in
2073 3350 2159 3387 spat.
2170 3354 2241 3376 vac.
2256 3341 2270 3384 Ι
2291 3342 2328 3375 17
2347 3350 2408 3383 pro
2433 3341 2476 3373 rii

1419 3391 1467 3425 V¹
1482 3391 1495 3435 ΙΙ
1516 3392 1556 3426 18
1582 3392 1665 3434 erigi
1684 3391 1731 3426 12¹
1749 3390 1763 3436 ΙΙ
1783 3392 1822 3425 19
1844 3391 2030 3433 legatorum
2047 3401 2106 3422 om.
2122 3386 2195 3431 13⁸!
2212 3385 2381 3419 cautiones
2430 3386 2441 3407 ¹
2464 3384 2477 3427 fl

1411 3438 1454 3470 20
1474 3436 1774 3469 conseruandorum
1788 3436 1821 3470 R
1839 3434 1851 3480 Ι]
1868 3437 1909 3469 22
1930 3444 2036 3478 poena
2050 3429 2172 3475 omisa
2189 3432 2328 3465 24ru11r.
2349 3431 2399 3463 De
2410 3429 2476 3463 cle-

1411 3482 1489 3514 ricis
1504 3482 1563 3523 qui
1575 3482 1710 3524 nuptias
1721 3482 1915 3514 contrahere
1931 3489 1997 3512 non
2011 3477 2147 3522 possunt
2166 3475 2263 3518 Tmy.
2278 3473 2292 3519 Ι
2310 3475 2353 3509 25
2372 3474 2477 3508 cleros

1411 3526 1458 3560 12¹
1475 3526 1488 3570 ΙΙ
1507 3529 1549 3561 ‘26
1575 3527 1675 3568 huno]
1700 3526 1798 3559 habet
1821 3526 1869 3559 R¹
1885 3523 1898 3569 ΙΙ
1917 3526 1957 3558 27
1982 3532 2072 3556 sacer
2089 3520 2179 3554 datio
2197 3519 2231 3553 R
2248 3518 2262 3563 ΙΙ
2277 3520 2320 3554 30
2344 3521 2477 3563 nuptias

1411 3583 1470 3605 om.
1494 3572 1526 3604 V
1566 3573 1609 3606 32
1633 3572 1783 3605 effectum
1804 3570 1880 3612 V¹n
1898 3570 1941 3604 33
1962 3567 2109 3602 ordinem
2122 3564 2182 3607 Ru
2201 3565 2245 3598 ³4
2267 3566 2328 3597 aut
2344 3564 2477 3598 diaconi

1412 3629 1470 3650 om.
1494 3616 1527 3650 V
1575 3619 1617 3651 35
1641 3617 1816 3659 aperuerat
1840 3613 1917 3658 R¹fl
1940 3622 2007 3647 non
2030 3620 2070 3644 ex
2093 3621 2151 3643 om.
2176 3607 2254 3653 V¹fl
2281 3611 2323 3643 36
2346 3610 2414 3651 sed]
2438 3621 2474 3643 s·

1419 3660 1497 3703 1⁷¹1!
1515 3661 1610 3694 audis
1631 3662 1779 3694 iunctam
1797 3659 1848 3693 Ιίι
1870 3659 1884 3702 Ι
1905 3659 1948 3693 37
1973 3665 2040 3690 non
2063 3666 2122 3688 om.
2142 3653 2191 3687 R·
2220 3652 2303 3731 53:¹38
2327 3665 2394 3688 non
2416 3668 2475 3690 om.

1412 3705 1550 3749 R¹1139
1574 3708 1624 3739 set
1646 3706 1735 3747 RV]
1759 3704 1816 3738 sed
1838 3705 1873 3736 et
1894 3699 2067 3746 calaum
2091 3709 2129 3731 eo
2153 3711 2210 3732 om.
