2586 3990
1241 117 1325 166 545
1367 142 1372 147 ·
2089 122 2130 171 N
2134 135 2200 166 ov.
2220 121 2332 166 OXV
2364 125 2391 165 4

113 232 115 234 '
155 229 355 274 ετάζεσθαι
385 234 445 266 καὶ
467 234 617 276 venims-
640 230 853 276 ἐκδικήσεως
874 229 1075 274 ἀξιοῦσθαι
1106 232 1236 268 θεσπί-
1302 232 1502 269 secundum
1535 233 1634 278 leges
1667 232 1865 269 examinari
1898 236 1938 270 et
1973 233 2162 270 vindictam
2199 234 2389 279 legitimam

154 276 274 354 ἐσμεν)
309 278 383 311 τοῖς
414 273 456 310 δί
482 279 618 314 παισὶν
653 275 782 313 ἄδειαν
816 278 910 314 εἶναι
946 280 986 313 ἐν
1019 281 1097 314 ταῖς
1130 276 1238 313 ἰδίαις
1305 280 1501 322 promereri
1529 280 1770 320 decernimus,
1804 278 1925 315 liberis
1956 283 2076 317 autem
2108 289 2188 316 esse
2210 279 2390 316 licentiam

175 320 351 364 ιαθηκαις
367 318 484 366 μηδὲν
507 322 546 356 ἐκ
565 323 644 357 τῶν
661 320 768 358 ἰδίων
792 324 1010 370 πρριουσιῶν
1033 325 1157 368 ἐκείνῳ
1181 322 1235 366 τῷ
1305 323 1393 358 nihil
1430 323 1468 359 in
1504 325 1578 360 suis
1614 323 1835 360 testamentis
1875 324 1918 359 de
1953 324 2186 361 facultatibus
2227 325 2301 361 suis
2337 325 2390 360 illi

153 365 332 411 προεώπφ
367 364 656 411 καταλιμπάνειν
692 369 748 411 τῷ
777 368 822 404 τὸ
857 370 1001 404 τοιοῦτο
1032 370 1145 414 μῦσος
1175 381 1236 405 πε-
1305 378 1481 420 personae
1512 369 1714 416 relinquere
1746 378 1838 414 quae
1870 369 1943 405 tale
1967 371 2085 406 scelus
2108 370 2268 407 noscitur
2293 380 2388 407 com-

152 413 331 458 πραχόναι
351 414 621 458 γινωσκομένῳ.
693 442 699 447 .
1273 416 1292 449 5
1305 414 1454 450 mielsse.

151 455 177 492 6
222 456 253 490 α’
276 456 354 491 τῶν
376 454 523 492 παίδων
548 455 673 503 ἣιὲνὸς
696 458 734 500 ἐξ
759 455 883 494 αὐτῶν
907 460 947 494 ἐν
969 462 1084 503 μανίᾳ
1108 456 1236 504 τυγχά-
1304 459 1330 495 6
1377 458 1414 494 Si
1445 458 1567 495 liberis
1602 458 1657 494 vel
1692 468 1764 494 uno
1799 468 1844 494 ex
1879 459 1934 495 his
1970 460 2008 495 in
2036 459 2158 496 furore
2193 460 2388 497 constituto

151 511 277 537 νοντος
299 499 336 535 οἱ
377 504 469 536 ovate
493 506 686 548 φροντίσαι
711 500 834 539 αὐτῶν
856 502 1087 547 ἀμελήσασιν,
1112 504 1236 538 πάντα
1305 505 1472 548 parentes
1504 514 1566 540 eos
1597 513 1724 539 curare
1754 505 1992 548 neglexerint,
2022 506 2142 540 omm'a
2174 507 2210 541 et
2239 505 2299 541 hic
2323 505 2387 542 ob·

149 548 212 580 καὶ
235 546 344 581 dueta&
379 560 403 580 α
434 545 787 594 παραφυλάττεσθαι
815 546 1095 595 προετάττομεν,
1123 545 1236 584 ἅτινα
1305 550 1439 584 servari
1507 549 1700 594 aecipimus
1732 559 1824 594 quae
1848 549 1892 585 de
1916 550 2125 595 parentibus
2157 550 2303 587 furiosis
2326 561 2386 587 su-

151 593 234 636 περὶ
255 591 334 626 τῶν
356 596 590 637 μαινομένων
612 597 752 641 γονέων
775 590 949 639 ἀνωτέρω
974 595 1234 638 ἐθεσπίσαμεν.
1304 595 1424 638 petius
1473 595 1702 639 isposuimus.

150 636 170 671 7
215 633 357 671 τούτοις
379 641 453 672 τοῖς
476 639 614 682 θέμασι
638 643 697 673 καὶ
716 639 785 682 τὴν
807 640 870 682 τῆς
891 638 1134 681 αἰχμαλωσίας
1147 652 1235 682 συμ-
1251 642 1291 675 10
1304 640 1324 674 7
1369 639 1436 675 His
1455 640 1601 676 casibus
1625 639 1730 675 etiam
1752 639 1888 674 cladem
1910 640 2129 685 captivstatis
2150 640 2386 686 adiungimus,

150 680 268 726 φορὰν
291 683 545 728 προςτιθεμεν,
577 685 617 718 ἐν
640 676 664 727 ἧ
687 685 718 717 εἰ
750 684 832 718 τοὺς
856 682 987 718 παῖδας
1017 684 1234 730 κρατεῖσθαι
1303 684 1340 719 in
1376 695 1448 729 qua
1483 685 1513 720 si
1547 685 1679 721 liberos
1716 684 1866 720 detineri
1906 689 1942 720 et
1975 695 2040 730 per
2074 687 2262 730 parentum
2294 689 2385 721 'con-

149 729 209 759 καὶ
240 723 301 760 διὰ
331 729 395 771 τῆς
418 729 495 763 τῶν
516 720 655 776 γονέων
687 726 989 775 καταφρονήσεως
1020 727 1043 771 ἢ
1073 726 1235 772 ἀμελείας
1303 732 1477 774 temptum
1511 730 1567 765 vel
1601 730 1858 774 neglegentiam
1894 740 1966 766 non
1999 730 2200 776 redemptos
2236 731 2282 766 ab
2318 731 2387 766 hac

147 769 198 815 μὴ
220 768 519 819 ἀναρρυσθένταε
538 773 749 818 τελευτῆσαι
769 778 938 818 συμβαίη,
960 772 1134 818 μηδαμῶς
1153 774 1235 808 τοὺς
1302 774 1383 810 luce
1415 775 1570 811 transire
1601 775 1806 819 eontigerit,
1837 775 2039 811 nullatenus
2071 785 2191 811 eorum
2221 778 2386 821 parentes

148 813 293 851 τούτων
315 822 430 864 γονεῖς
461 820 509 853 εἰς
533 819 597 854 τὰς
620 823 823 865 περιουσίας
852 820 1027 867 ἔρχεσθαι
1050 821 1127 854 τῶν
1149 822 1233 854 παί-
1302 819 1347 854 ad
1380 819 1572 856 facultates
1604 821 1812 865 perveniant
1842 821 2052 863 liberorum,
2089 821 2133 857 de
2163 822 2292 866 quibus
2323 820 2388 856 filii

149 858 226 896 δων
250 859 309 908 ἐφ’
336 862 390 898 αἷς
422 861 664 899 διατίθεσθαι
693 863 730 899 οἱ
758 862 883 900 παῖδες
915 861 1108 908 ἦδύναντο,
1141 860 1427 900 ἆλλὰ15ῐεειιιιιί
1451 869 1654 911 potuerant,
1680 865 1745 902 sed
1768 865 1887 901 omnia
1909 866 1947 902 in
1971 866 2040 901 hoc
2064 877 2205 912 quoque
2228 865 2386 912 capitulo

148 905 273 942 πάντα
296 911 356 941 καὶ
380 910 420 943 ἐν
438 908 555 953 τούτῳ
580 911 635 953 τῷ
655 908 838 955 κεφαλαίῳ
864 908 1116 955 φυλάττεσθαι
1139 907 1233 954 ἅπερ
1301 913 1487 946 serventur
1519 921 1610 965 quae
1643 915 1678 947 et
1703 911 1746 946 de
1769 911 1979 960 parentibus
2009 911 2064 947 vel
2089 911 2248 956 cognatis
2279 915 2387 957 atque

148 955 207 985 καὶ
232 957 312 999 περὶ
336 957 475 1000 γονέων
499 957 558 988 καὶ
583 958 767 999 cognatam
791 958 851 988 καὶ
875 955 1061 999 adgnatcw
1093 955 1170 989 τῶν
1195 955 1234 995 ἐξ
1301 955 1451 999 agnatis,
1477 967 1540 1001 qul
1562 956 1608 992 ab
1631 957 1802 992 intestato
1827 956 1874 992 ad
1897 956 2022 993 talium
2046 967 2283 1003 personarum
2306 957 2387 993 iura

148 994 349 1032 ἀδιαθέτου
380 1000 427 1034 εἰς
450 999 496 1034 τὰ
521 997 665 1034 τούτων
696 997 817 1034 δίκαια
850 999 1016 1044 καλουμέι
1027 1013 1080 1035 ων
1104 998 1127 1044 ἢ
1151 1003 1232 1046 περὶ
1301 1003 1486 1045 vocantur,
1518 1003 1583 1037 aut
1608 1002 1651 1038 de
1675 1002 1854 1038 extraneis
1886 1002 2030 1048 scriptis
2058 1002 2250 1039 heredibus
2276 1012 2387 1047 supra

147 1043 224 1075 τῶν
242 1043 426 1083 έξωτικῶν
447 1047 687 1091 γραφομένων
707 1042 943 1090 κληρονόμων
967 1044 1143 1092 ἀνωτέρω
1161 1042 1230 1080 διε·
1300 1045 1515 1082 censuimus.

146 1087 376 1131 τυπώσαμεν.
694 1124 696 1126 ,
1244 1093 1286 1125 20

147 1133 171 1169 8
217 1133 253 1167 εἴ
271 1145 324 1167 τις
347 1135 386 1167 ἐκ
408 1135 486 1168 τῶν
504 1134 837 1179 μνημονευθέντων
862 1133 1008 1171 παίδων
1032 1132 1231 1181 ὄρθόδοξος
1300 1134 1323 1170 8

147 1178 338 1224 τυγχάνων
362 1179 538 1223 αἴσθηται
562 1179 630 1214 τὸν
654 1179 747 1215 ἴδιον
770 1183 880 1227 γονεά
897 1179 919 1224 ἢ
934 1184 1049 1227 γονεῖς
1070 1180 1230 1224 μὴεῖναι

147 1222 381 1267 καθόλικούς,
413 1226 530 1259 ταῦτα
561 1228 622 1259 καὶ
654 1227 714 1260 ἐπὶ
745 1226 822 1260 τῶν
846 1227 994 1260 ἐκείναιν
1026 1225 1231 1273 προςιόπων

147 1272 292 1313 κρατεῖν
308 1266 402 1315 ἅπερ
415 1268 588 1316 ἀνωτέρω
605 1272 777 1317 περὶτῶν
788 1274 928 1318 γονέων
943 1269 1228 1316 διετυπαὶσαμεν.

157 130 466 165 COGNOSGITUR
493 131 734 166 SECUNDUM
763 133 893 165 ILLAS

1371 1135 1408 1172 Si
1441 1137 1520 1181 quis
1553 1137 1596 1173 de
1620 1136 1814 1181 praedictis
1844 1137 1966 1174 liberis
1998 1137 2220 1174 orthodoxus
2252 1137 2384 1174 consti-

1298 1182 1399 1216 tutus
1425 1183 1577 1217 senserit
1600 1193 1703 1217 suum
1726 1186 1912 1228 parentem
1940 1183 1994 1218 vel
2018 1188 2186 1228 parentes
2210 1193 2283 1219 non
2305 1193 2385 1220 esse

1300 1225 1499 1262 catholicae
1530 1227 1630 1269 fidei,
1663 1227 1753 1262 haec
1787 1230 1823 1263 et
1854 1228 1892 1263 in
1923 1238 2045 1264 eorum
2073 1239 2232 1274 persona
2263 1232 2386 1265 tenere

1301 1281 1392 1316 quae
1417 1281 1527 1316 supra
1551 1272 1594 1307 de
1617 1273 1828 1317 parentibus
1852 1273 2031 1309 iussimus.

147 1313 171 1349 9
218 1315 263 1347 Εἰ
294 1314 356 1348 τὰς
386 1315 554 1349 τοιαύτας
584 1319 708 1350 τοίνυν
732 1320 849 1350 αιτίας
880 1315 902 1360 ἢ
926 1317 1082 1362 φανερὰς
1105 1316 1145 1358 ἐξ
1169 1313 1230 1350 αὐ-
1244 1316 1323 1353 259
1371 1315 1410 1352 Si
1433 1317 1524 1352 tales
1547 1317 1655 1362 igitur
1679 1327 1808 1353 causas
1834 1318 1888 1353 vel
1908 1322 2024 1354 certas
2048 1321 2112 1354 aut
2131 1329 2240 1355 unam
2266 1329 2310 1354 ex
2328 1318 2385 1355 his

952 1359 961 1371 '
1299 1361 1403 1397 liberi
1427 1362 1502 1398 suis
1527 1363 1752 1398 testamentis
1775 1362 2036 1409 inscripserint,
2060 1366 2096 1400 et
2117 1364 2242 1409 scripti
2265 1365 2311 1400 ab
2333 1364 2385 1401 eis

1298 1407 1446 1443 heredes
1478 1411 1540 1443 aut
1565 1418 1687 1444 omnes
1717 1412 1780 1443 aut
1804 1411 1921 1445 certas
1950 1413 2013 1444 aut
2037 1419 2145 1445 unam
2173 1419 2218 1446 ex
2242 1409 2297 1446 his
2319 1419 2384 1455 ap-

1298 1452 1545 1496 probaverint,
1583 1456 1833 1489 testamentum
1869 1454 1907 1489 in
1939 1465 2005 1490 sna
2039 1454 2206 1491 firmitate
2242 1465 2385 1491 manere

147 1491 332 1538 διαθήκην
363 1497 403 1529 ἐν
426 1508 471 1543 τῃ
503 1493 579 1539 ἰδίᾳ
610 1495 706 1539 ἰσχύι
737 1494 920 1542 διαμένειν
951 1496 1228 1543 προςτάττομεν.
1298 1498 1549 1543 praecipimus.
1598 1499 1636 1535 Si
1659 1501 1778 1535 autem
1802 1500 1892 1535 haec
1923 1510 1997 1535 non
2025 1499 2160 1536 fuerint
2184 1500 2385 1543 observata,

146 1539 178 1573 εἰ
208 1537 248 1574 δὲ
281 1540 400 1574 ταῦτα
432 1539 481 1584 μὴ
512 1541 827 1587 παραφυλαχθείη,
860 1541 1041 1587 μηδεμίαν
1074 1540 1230 1588 δύναμιν
1243 1545 1283 1577 30
1298 1543 1431 1578 nullam
1455 1545 1525 1578 vim
1550 1544 1755 1580 huiusmodi
1778 1546 2031 1581 testamentum
2062 1549 2234 1590 quantum
2260 1545 2307 1580 ad
2330 1546 2384 1581 in-

145 1585 214 1618 τ“ν
237 1584 409 1629 τοιαύτην
440 1582 623 1630 διαθήκην
653 1586 696 1621 τό
721 1600 761 1631 γε
783 1588 832 1622 εἰς
864 1588 932 1631 τὴν
957 1589 1129 1623 ἔνστασιν
1153 1589 1231 1623 τῶν
1301 1588 1523 1624 stitutionem
1555 1589 1725 1625 heredum
1757 1590 1891 1625 habere
1914 1591 2112 1633 sancimus,
2145 1591 2208 1626 sed
2232 1590 2385 1626 rescisso

146 1598 381 1675 κληρονόμων
415 1633 510 1674 ἔχειν
546 1631 780 1676 θεσπίζομεν,
818 1629 909 1667 ἀλλὰ
939 1630 1231 1679 ἀνατρεπομένης
1300 1635 1512 1669 testamento
1545 1635 1597 1670 eis
1630 1635 1691 1680 qui
1722 1635 1768 1671 ab
1792 1635 1963 1671 intestato
1995 1636 2043 1672 ad
2066 1635 2299 1672 hereditatem
2324 1635 2384 1671 de-

145 1676 208 1717 τῆς
240 1672 418 1718 διαθήκης
449 1679 522 1710 τοῖς
550 1677 589 1717 ἐξ
613 1675 814 1711 α’διαθέτου
846 1679 894 1712 εἰς
923 1679 992 1722 τὴν
1024 1678 1089 1712 τοῦ
1113 1677 1229 1713 τελευ-
1299 1679 1415 1714 functi
1450 1682 1624 1716 vocantur
1659 1690 1716 1716 res
1753 1680 1830 1716 eius
1869 1680 1947 1716 dari
1983 1681 2222 1726 disponimus,
2259 1681 2385 1726 legatis

145 1719 322 1764 τήσαντος
353 1721 593 1768 κληρονομίαν
621 1720 849 1776 καλουμένοις
879 1723 926 1757 τὰ
951 1725 1086 1758 ἐκείνου
1118 1722 1229 1779 πράγ-
1299 1724 1463 1761 videlicet
1491 1725 1564 1762 sive
1595 1725 1875 1763 fideicommissis
1905 1730 1943 1762 et
1972 1725 2200 1764 libertatibus
2229 1730 2267 1763 et
2288 1729 2384 1763 tuto-

144 1778 243 1819 ματα
273 1763 449 1800 δίδοσθαι
479 1763 734 1811 διατυπουμεν,
767 1781 843 1802 των
867 1767 1035 1816 ληγᾶτων
1059 1767 1229 1849 δᾍλονοτι
1242 1771 1284 1805 35

105 1845 107 1847 ,
145 1812 216 1845 εἰτε
240 1808 549 1858 φιδεϊκομμίσσων
572 1815 632 1846 καὶ
656 1811 877 1859 ἐλευθεριῶν
901 1818 962 1848 καὶ
985 1815 1062 1848 τῶν
1110 1813 1229 1849 όσεων

146 1359 224 1394 τῶν
247 1357 269 1402 ἢ
291 1363 380 1404 μίαν
403 1358 440 1394 οἱ
461 1357 585 1394 παῖδες
609 1362 648 1395 ἐν
664 1364 741 1395 ταῖς
764 1359 871 1396 ἰδίαις
890 1372 1075 1415 γραψαιεν
1099 1359 1230 1405 διαθή-

147 1415 241 1446 καις,
273 1408 334 1438 καὶ
366 1404 402 1439 οἱ
429 1404 651 1452 γραφόμενοι
683 1403 773 1451 παρ’
808 1404 932 1441 αὐτων
962 1406 1025 1450 κλη
1050 1405 1177 1452 ονόμοι
1208 1405 1231 1450 ἢ

147 1448 267 1483 πάσας
292 1448 484 1504 ἢφανεροῐις
508 1449 530 1493 ἢ
553 1454 641 1495 μίαν
665 1452 703 1485 ἐκ
727 1452 872 1487 τούτων
895 1450 1027 1487 ἄποδεί
1047 1466 1137 1497 ειαν,
1161 1452 1230 1496 τὴν

210 1901 232 1946 ξ
255 1903 275 1937 8
299 1904 503 1936 summarium
529 1911 616 1938 extat
637 1903 771 1938 Nomoc.
797 1905 900 1939 XIV
917 1906 963 1939 tie.
990 1907 1042 1946 10,
1062 1914 1095 1945 ὃς
1121 1919 1160 1939 ex·
1183 1906 1260 1940 Aah.
1285 1919 1408 1941 summa
1432 1909 1586 1951 repetitur
1610 1909 1643 1942 in
1663 1909 1836 1951 paratinis
1860 1908 1971 1943 Ama
1991 1914 2008 1949 ἕ
2024 1916 2052 1944 7.

145 1992 351 2028 examinari
380 1996 417 2028 et
445 1992 604 2039 leqitima
637 1993 793 2031 vindicta
824 1994 1003 2041 impertiri
1031 1996 1229 2037 sancimus,
1263 1995 1387 2031 liberis
1418 2000 1538 2032 autem
1568 1996 1676 2033 licere
1707 1998 1744 2033 in
1769 1999 1989 2034 testamentis
2011 1998 2089 2033 suis
2111 1997 2205 2034 nihil
2233 2009 2282 2035 ex
2304 1998 2386 2034 sub-

145 2037 282 2072 stantia
301 2048 369 2072 sua
393 2036 447 2072 illi
465 2049 647 2084 personae
671 2039 874 2084 relinquere
904 2051 998 2085 quae
1028 2040 1100 2075 tale
1120 2040 1303 2086 slaqitium
1323 2046 1559 2088 perpetrasse
1582 2042 1830 2088 intelleqatur.

146 2083 170 2118 6
218 2081 259 2117 Si
284 2081 405 2117 liberis
434 2082 490 2117 vel
512 2093 584 2117 uno
615 2094 665 2118 ex
689 2084 732 2118 iis
755 2088 871 2119 mente
895 2085 1054 2120 alienato
1079 2090 1255 2131 parentes
1285 2096 1417 2122 curare
1448 2097 1510 2122 eos
1534 2087 1775 2133 neqlexerint,
1813 2088 1936 2123 omnia
1959 2087 2011 2124 ibi
2035 2098 2177 2134 quoque
2202 2087 2389 2124 observari

145 2127 317 2169 iubemus,
342 2138 436 2173 quae
459 2126 503 2162 de
524 2127 682 2173 furiosis
703 2128 917 2180 parentibus
939 2140 1055 2175 supra
1078 2130 1278 2165 sanximus.

146 2174 165 2208 7
212 2171 284 2207 His
309 2172 451 2207 casibus
475 2174 581 2207 etiam
613 2173 836 2218 captivitatis
860 2174 1101 2209 calamitatem
1134 2175 1326 2217 adicimus,
1357 2175 1396 2210 in
1421 2185 1494 2222 qua
1517 2177 1552 2211 si
1574 2176 1705 2212 liberos
1727 2175 1882 2213 detineri
1910 2180 1945 2214 et
1959 2188 2033 2224 per
2057 2181 2253 2224 parentum
2275 2177 2384 2224 fasti-

146 2217 244 2252 dium
277 2217 332 2252 vel
362 2218 624 2263 neqleqentiam
655 2229 727 2253 non
758 2218 962 2270 redemptos
993 2219 1164 2255 decedere
1195 2220 1407 2265 conti-uerit,
1444 2220 1545 2255 nullo
1582 2221 1689 2256 modo
1724 2232 1850 2257 eorum
1875 2226 2052 2268 parentes
2085 2222 2136 2258 ad
2163 2223 2386 2259 substantias

146 2262 342 2298 liberorum
373 2263 520 2298 veniant
549 2263 593 2298 de
623 2263 752 2309 quibus
781 2263 883 2299 liberi
916 2266 1042 2299 testari
1067 2268 1290 2310 potuerunt,
1321 2264 1385 2300 sed
1408 2265 1530 2300 omnia
1560 2267 1667 2302 etiam
1698 2267 1735 2301 in
1759 2266 1829 2302 hoc
1858 2268 1977 2313 capite
2005 2271 2195 2304 serventur
2225 2278 2319 2315 quae
2341 2267 2386 2303 de

140 2307 357 2354 parentibus
380 2312 415 2342 et
439 2308 604 2353 coqnalis
627 2312 661 2344 et
684 2308 856 2354 adqnatis
880 2309 943 2355 qui
966 2309 1010 2344 ab
1035 2309 1206 2345 intestato
1237 2309 1287 2345 ad
1309 2309 1455 2345 illorum
1477 2310 1562 2345 iura
1584 2314 1763 2347 vocantur
1793 2311 1851 2347 vel
1871 2311 1916 2348 de
1939 2312 2127 2349 extraneis
2150 2313 2299 2359 scriptis
2322 2311 2385 2350 he-

146 2352 292 2388 redibus
314 2364 430 2398 supra
454 2353 712 2388 constituimus.

146 2399 170 2434 8
216 2397 258 2433 Si
282 2398 363 2444 quis
387 2409 437 2433 ex
486 2398 657 2433 raedictis
682 2398 803 2434 liberis
827 2409 906 2434 cum
931 2398 1163 2435 orthodoxus
1193 2399 1240 2434 sit
1269 2402 1457 2445 parentem
1480 2410 1584 2435 suum
1601 2403 1820 2447 parentesve
1849 2411 1924 2437 non
1947 2411 2024 2437 esse
2047 2400 2247 2439 catholicos
2270 2403 2382 2438 anim·

147 2442 353 2486 adverterit,
378 2454 420 2478 ea
470 2455 489 2479 e
513 2443 657 2478 illorum
681 2454 826 2490 quoque
876 2444 1016 2479 ersonis
1041 2444 1185 2480 valeant
1207 2455 1301 2490 quae
1324 2455 1439 2490 supra
1462 2444 1506 2480 de
1523 2445 1742 2491 parentibus
1765 2445 2026 2481 constituimus.

146 2489 170 2525 9
218 2488 259 2523 Si
283 2489 397 2534 iqitur
428 2489 605 2524 eiusmodi
632 2499 763 2524 causas
792 2455 873 2524 velp
879 2494 997 2525 certas
1029 2501 1079 2525 ex
1107 2489 1152 2524 iis
1182 2489 1237 2525 vel
1267 2501 1376 2524 unam
1405 2488 1509 2525 liberi
1538 2490 1575 2525 in
1598 2491 1818 2527 testamentis
1846 2491 1923 2526 suis
1944 2492 2169 2539 scripserint,
2198 2494 2236 2527 et
2257 2492 2386 2539 scripti

147 2533 192 2569 ab
226 2534 271 2569 iis
306 2533 455 2569 heredes
490 2538 554 2569 aut
590 2545 713 2569 omnes
748 2538 812 2569 aut
848 2538 967 2569 certas
1002 2539 1067 2569 aut
1100 2545 1205 2569 unam
1241 2545 1290 2570 ex
1324 2535 1370 2569 iis
1397 2534 1656 2581 probaverint,
1694 2540 1940 2572 testamentum
1965 2537 2001 2571 in
2030 2547 2097 2573 suo
2135 2536 2267 2574 robore
2287 2548 2383 2590 per-

147 2589 291 2615 manere
314 2579 485 2614 iubemus.
534 2578 575 2614 Si
605 2590 688 2615 vero
721 2578 809 2614 haec
840 2590 914 2614 non
946 2580 1135 2615 observata
1167 2580 1255 2622 sint,
1287 2579 1424 2615 nullam
1449 2580 1518 2616 vim
1542 2581 1716 2616 eiusmodi
1741 2585 1989 2617 testamentum
2037 2585 2188 2619 uantum
2210 2582 2260 2618 ad
2280 2583 2384 2618 ansti-

148 2625 320 2660 tutionem
344 2624 513 2660 heredum
538 2624 668 2660 habere
692 2625 891 2668 sancimus,
923 2624 989 2660 sed
1011 2625 1163 2660 rescisso
1197 2629 1407 2660 testamento
1441 2626 1486 2660 iis
1517 2626 1580 2671 qui
1611 2626 1656 2662 ab
1679 2627 1848 2662 intestato
1882 2627 1931 2662 ad
1954 2593 2123 2673 defuncti
2151 2626 2384 2664 hereditatem

148 2674 323 2705 vocantur
352 2681 411 2705 res
440 2670 538 2705 iltius
569 2670 652 2704 dari
683 2670 864 2712 iubemus,·
906 2674 947 2705 ut
975 2670 1111 2705 scilicet
1142 2670 1264 2715 leqata
1294 2670 1350 2706 vel
1377 2670 1656 2714 fideicommissa
1686 2676 1721 2707 et
1752 2672 1934 2708 libertates
1963 2676 2000 2708 et
2029 2676 2188 2708 tactorum
2218 2673 2385 2709 dationes

196 2762 210 2794 1
237 2761 395 2803 νομίμως
410 2760 456 2792 Μ
471 2760 615 2802 νομικῆς
632 2761 695 2802 Ep.
715 2760 726 2802 ΙΙ
744 2756 932 2803 κελεύομεν
950 2761 979 2794 A
1000 2760 1011 2802 Η
1028 2761 1048 2793 2
1074 2757 1124 2801 δὲ]
1148 2761 1229 2802 με’ν-

149 2805 252 2838 τοιΑ
269 2804 282 2848 ΙΙ
308 2806 347 2837 ἐν
373 2818 428 2837 om.
446 2806 501 2837 Pr.
528 2804 540 2848 ΙΙ
566 2807 585 2839 3
611 2802 727 2846 ἰδίων]
753 2804 896 2839 οἰκείων
919 2806 950 2838 A
976 2804 989 2849 Ι]
1013 2807 1032 2838 4
1056 2806 1109 2846 τῷ
1135 2803 1177 2838 τὸ
1193 2805 1239 2837 Μ

148 2850 219 2891 Ρη]
243 2850 296 2891 τῷ
315 2850 398 2882 LB³
419 2848 462 2883 τὸ
486 2850 517 2882 Α
543 2849 555 2894 ΙΙ
583 2851 603 2883 6
627 2849 735 2892 τυχὸν
755 2847 859 2883 ὄντος
875 2851 906 2883 A
930 2850 942 2894 Ι]
974 2853 991 2883 7
1018 2846 1232 2893 ἄμελήσαιεν

148 2895 206 2928 Pr.
233 2896 244 2936 Ι]
273 2896 292 2928 8
317 2894 492 2928 ἐντεῦθεν
518 2895 566 2927 Β*
589 2895 602 2938 ΙΙ
630 2890 724 2940 ἅπερ
749 2896 798 2939 β’
831 2891 856 2927 a*
878 2898 938 2928 καὶ
962 2897 1026 2938 Ep.
1045 2895 1057 2937 ΙΙ
1076 2898 1232 2938 9μαινο-

147 2941 281 2982 μένων]
307 2939 506 2984 εἰρημένων
526 2940 557 2972 L
574 2939 586 2982 ΙΙ
619 2942 656 2974 11
684 2941 723 2972 ἐν
744 2940 765 2986 ᾑ
791 2953 850 2973 om.
867 2941 898 2973 A
922 2939 933 2985 ΙΙ
959 2941 1002 2981 εἰ]
1027 2940 1118 2973 eloi?
1143 2941 1190 2974 L¹
1221 2939 1233 2985 ss

150 2986 192 3018 13
216 2983 309 3026 τοὺς]
335 2984 382 3017 εἰς
405 2983 487 3017 τοὺς
511 2986 541 3017 A
566 2984 578 3027 Ι]
607 2987 647 3018 15
673 2983 733 3030 ἐφ’
752 2981 794 3018 ἃς
814 2986 844 3018 A
860 2984 872 3028 ΙΙ
891 2984 927 3018 οἱ
949 2982 1073 3019 παῖδες
1096 2985 1199 3019 om.A
1221 2988 1232 3028 ΙΙ

152 3030 192 3062 16
217 3026 480 3074 φυλάττεσθαι]
505 3027 694 3072 κελεύομεν
719 3032 795 3063 add.
811 3032 838 3062 A
863 3031 874 3074 ΙΙ
901 3033 939 3064 17
959 3033 1019 3064 καὶ
1042 3026 1233 3075 κογνάτων

149 3076 209 3106 καὶ
232 3075 414 3115 adgnatwn
436 3075 482 3107 M
503 3076 563 3107 καὶ
587 3076 668 3118 περὶ
692 3072 882 3152 κοζνάτων
905 3077 964 3108 καὶ
988 3071 1184 3120 ἀδγνάτων
1202 3077 1233 3109 L

150 3114 323 3152 ἀδνάτων
345 3121 407 3152 καὶ
430 3117 619 3165 κογνάτων
640 3120 671 3152 A
696 3129 734 3152 ve
765 3120 915 3161 cognatis
937 3122 1037 3162 atque
1060 3120 1190 3163 agnatis
1213 3132 1234 3157 ς

150 3166 209 3197 καὶ
232 3166 328 3209 (περὶ
351 3165 428 3197 add.
443 3165 500 3197 Pr.
511 3165 672 3208 plerique)
695 3165 880 3210 συγγενῶν
895 3166 944 3198 B³
957 3166 1014 3198 Pr.
1029 3167 1092 3220 Ep.
1117 3165 1131 3210 ΙΙ
1156 3166 1234 3200 τῶν

1300 2760 1340 2794 31
1357 2760 1415 2800 εἰς]
1434 2758 1525 2805 πρὸς
1536 2762 1567 2794 Α
1585 2760 1597 2804 ΙΙ
1616 2763 1712 2805 3339.
1726 2764 1845 2795 τοῖς-
1859 2760 2233 2806 καλουμένοιςΔςΡν..
2249 2762 2383 2797 τοὺς·

1299 2803 1534 2848 καλουμένους
1556 2807 1586 2839 L
1617 2805 1698 2841 τοὺς
1718 2827 1761 2831 -—-
1780 2805 1969 2852 καλοῦμεν,
1993 2810 2054 2841 καὶ
2077 2807 2168 2854 πρὸς
2192 2804 2321 2842 αὗτοῶς
2344 2810 2388 2843 Μ

1301 2849 1381 2883 τοὺς
1395 2870 1437 2875 -
1454 2848 1665 2894 καλεῖσθαι,
1691 2854 1815 2886 omissis
1836 2855 1942 2887 verbis
1965 2852 2012 2886 τὰ
2033 2853 2169 2886 ἐκείνου
2190 2865 2219 2889 π
2242 2853 2386 2899 timeant

1301 2892 1476 2928 δίδοσθαι
1491 2896 1554 2939 Ep.
1573 2895 1586 2940 Ι]
1601 2899 1645 2932 35
1669 2898 1853 2941 τυποῦμεν
1865 2898 1923 2931 Pr.
1934 2899 2095 2942 plerique,
2108 2899 2173 2952 Εφ.
2191 2899 2204 2943 ΙΙ
2219 2866 2258 2932 ΞΔ
2282 2898 2385 2933 σίτων

1302 2942 1331 2973 Α
1346 2942 1403 2973 Pr.
1419 2942 1482 2984 Ep.
1510 2940 1522 2984 ΙΙ
1553 2942 1595 2975 3-6
1620 2942 1690 2976 εἴτε
1714 2940 2008 2988 φιδικοωιιιίεεωιι
2031 2943 2080 2977 Μ
2107 2943 2179 2977 εἴτε
2201 2957 2242 2990 φι
2267 2943 2382 2988 εικόμ-

1300 2988 1422 3029 μίσων
1441 2988 1536 3027 (corr.
1556 2999 1594 3020 ex
1607 2984 1882 3032 φιδεικάμμισα)
1903 2989 1934 3021 L
1963 2989 2024 3021 καὶ
2046 2985 2339 3034 φιδιιιομψίσσων
2352 2989 2384 3022 A

1302 3033 1360 3063 καὶ
1384 3031 1462 3064 τῶν
1486 3033 1607 3065 πίστει
1637 3029 1727 3077 παρ’
1755 3030 1866 3066 αὐτοῦ
1890 3046 1964 3067 τινι
1993 3035 2079 3075 (τινι
2104 3047 2162 3067 om.
2185 3034 2257 3076 Pr.)
2287 3030 2383 3068 διδο-

1301 3078 1422 3128 μένων
1447 3076 1504 3109 Pr.
1529 3077 1592 3121 Ep.
1615 3078 1634 3122 fl
1663 3080 1723 3112 καὶ
1754 3078 1831 3112 τῶν
1857 3076 2081 3123 Ιἐι’1.ευθίεριω““’ν
2111 3078 2169 3112 Pr.
2189 3080 2340 3123 plerique
2372 3079 2385 3118 ΙΙ

1302 3133 1379 3154 των
1403 3134 1460 3154 om.
1484 3122 1515 3154 A

150 3223 209 3243 om.
223 3210 256 3242 A
273 3210 285 3253 ΙΙ
305 3210 344 3244 18
368 3207 433 3242 τὰς
456 3210 488 3242 A
506 3209 518 3253 ss
533 3208 677 3243 τούτων
691 3210 826 3250 MLle
851 3210 927 3244 τῶν
949 3222 1128 3245 τοιουτων
1147 3222 1233 3256 προ-

150 3250 291 3288 σώπων
313 3254 438 3290 ΑςΡν.
452 3255 517 3297 Ep.
541 3258 552 3298 Ι]
577 3251 710 3295 δίκαια]
736 3250 916 3297 διαθήκας
933 3256 963 3289 A
988 3255 1000 3299 Ι]
1027 3253 1062 3298 ἢ]
1087 3258 1147 3289 καὶ
1170 3257 1201 3290 A
1223 3257 1234 3300 ss

153 3302 194 3334 19
210 3299 289 3333 τῶν
306 3313 363 3333 om.
379 3300 410 3332 A
429 3299 440 3342 ΙΙ
454 3301 696 3345 γραφομένων
714 3313 770 3333 om.

150 3345 210 3378 Pr.
225 3358 305 3378 unus
330 3344 342 3387 ΙΙ
368 3345 409 3378 21
436 3344 473 3377 ἐκ
499 3358 556 3377 om.
571 3346 602 3378 A
630 3344 643 3389 ss
674 3346 716 3379 22
739 3343 942 3391 τυγχάνων]
973 3342 1147 3390 ὑπάρχων
1170 3348 1199 3380 Α
1223 3347 1235 3391 (Ι

151 3391 193 3424 23
215 3385 438 3435 ὄρθόδόξους
452 3390 508 3423 Pr.
522 3390 587 3433 Ep.
605 3390 616 3431 ΙΙ
642 3385 758 3423 ταύτὰ
777 3391 841 3434 Ep.
860 3391 872 3434 Ι]
901 3391 961 3424 ἐπὶ
985 3391 1135 3426 ἐκείνων
1157 3391 1236 3426 τῶν

150 3435 362 3479 προσώπων
386 3435 445 3468 Pr.
482 3435 542 3469 ἐπὶ
566 3435 643 3469 τῶν
665 3433 844 3470 τοιούτων
869 3435 1080 3481 προσώπων
1104 3437 1154 3471 B·
1185 3437 1234 3479 (in

152 3490 264 3518 eorum
287 3490 430 3524 persona
449 3481 480 3522 ς)
497 3481 508 3522 ΙΙ
529 3481 572 3514 24
587 3482 681 3525 περὶ]
707 3480 768 3515 ἐπὶ
788 3482 844 3514 Pr.
860 3494 940 3515 unus
956 3481 968 3525 ΙΙ
995 3483 1036 3515 25
1059 3481 1090 3514 εἰ
1112 3484 1237 3516 τοίνυν

151 3523 216 3558 τὰς
231 3523 401 3559 τοιαύτας
413 3526 478 3568 Ep.
497 3525 510 3570 Ι]
556 3524 684 3570 ανὲράς
700 3525 750 3567 ἐξ]
772 3524 873 3560 τινὰς
889 3527 954 3570 Ep.
973 3525 986 3570 ΙΙ
1003 3527 1045 3560 26
1060 3524 1236 3572 γράφοιεν

152 3569 257 3624 AER.
283 3567 500 3616 ἐγγράφοιεν
547 3584 573 3604 r.
582 3572 732 3614 plerique
746 3572 791 3614 (ς)
808 3570 819 3614 ΙΙ
845 3572 885 3605 27
903 3569 1138 3616 κληρονόμων
1151 3574 1201 3607 La
1223 3575 1237 3616 {l

149 3616 196 3651 28
221 3627 242 3656 η
265 3614 422 3659 φανερὰς
439 3615 518 3649 L²A
527 3617 558 3656 ς]
583 3627 676 3660 <pave
699 3614 741 3650 ἀς
756 3617 887 3658 (deinde
904 3617 1011 3650 littera
1026 3629 1123 3652 erasa
1136 3619 1172 3652 in
1189 3618 1235 3658 L)

154 3659 244 3694 Mt)
267 3659 433 3706 φανερῶς
444 3661 517 3703 Pr„
532 3674 590 3694 om.
604 3661 669 3704 Ep.
711 3661 756 3695 -έκ
771 3656 926 3716 τούτων]
950 3660 1094 3697 τούτων
1105 3663 1171 3707 ΕΡ.
1198 3661 1239 3703 ἐξ

158 3699 281 3738 αὐτῶν
305 3705 334 3738 A
359 3701 372 3748 1]
398 3702 627 3744 ἇποδείξαιεν
651 3706 714 3742 LA
733 3706 789 3741 Pr.
803 3706 881 3751 Em„
900 3704 1026 3751 αληθῆ
1047 3708 1129 3744 add.
1138 3706 1238 3752 ,Pauli

231 3769 285 3799 m.

780 3301 822 3342 A,
847 3298 1080 3344 καλουμένων
1094 3302 1143 3334 B⁸
1159 3314 1187 3335 v.
1202 3302 1235 3344 1.,

102 3880 164 3975 ..³41ss

1349 3259 1370 3290 4
1393 3256 1593 3298 relinquere]
1619 3265 1686 3287 non
1710 3255 1900 3297 relinquere
1919 3256 1966 3289 R*
1990 3255 2003 3300 Ι]
2027 3255 2070 3297 ᾧ.
2093 3256 2165 3298 (sie)
2188 3255 2256 3289 take
2279 3256 2386 3290 scelus

1304 3302 1453 3334 noscitur
1474 3307 1505 3335 in
1523 3314 1590 3335 ras.
1614 3299 1662 3333 V²
1678 3299 1690 3344 ΙΙ
1707 3301 1921 3335 commississe
1940 3302 1971 3334 T
1991 3301 2208 3334 commisoisse
2224 3301 2274 3334 R³
2297 3312 2385 3334 com-

1304 3347 1413 3379 miscit
1436 3347 1532 3388 (corr.
1557 3345 1756 3387 commiscet)
1779 3356 1813 3379 se
1835 3346 1886 3379 Β*
1909 3346 1922 3390 Ι]
1950 3348 1971 3381 6
1995 3356 2063 3380 uno
2087 3357 2128 3379 ex
2151 3347 2215 3387 his]
2245 3357 2313 3379 uno
2335 3346 2386 3381 Τι

1305 3403 1343 3425 ex
1364 3392 1418 3425 his
1442 3402 1510 3425 uno
1537 3390 1616 3435 T²u
1642 3391 1841 3424 constitutos
1865 3391 1946 3435 T¹u
1971 3394 1989 3425 '1
2015 3391 2190 3426 obseruare
2216 3392 2248 3424 T
2261 3391 2274 3435 ΙΙ
2301 3393 2320 3426 8
2340 3391 2386 3426 <de

1304 3435 1443 3482 parenti}
1469 3435 1518 3470 17²
1542 3437 1574 3470 in
1595 3448 1673 3477 ras„
1707 3435 1807 3480 {tibus
1823 3455 1865 3461 —
1886 3438 1926 3472 12
1943 3436 2182 3478 negligentiam
2204 3449 2268 3470 scr.
2281 3435 2332 3471 12²
2352 3438 2386 3471 in

1306 3495 1370 3516 ras.
1390 3483 1410 3516 2
1429 3494 1481 3514 υυ.
1500 3480 1512 3525 ΙΙ
1540 3483 1581 3516 10
1599 3480 1752 3514 olandem
1776 3481 1830 3525 Vn
1858 3483 1897 3516 11
1923 3482 1951 3514 si
1974 3481 2109 3522 liberos]
2133 3481 2257 3515 siheros
2276 3480 2352 3524 BP)

1306 3528 1498 3560 contentu-m
1522 3525 1576 3569 ΤΙΙ
1597 3527 1638 3560 12
1655 3526 1720 3568 vel]
1745 3528 1777 3559 et
1798 3527 1872 3569 B(²)
1886 3526 1900 3571 ΙΙ
1921 3528 1960 3561 13
1983 3527 2136 3568 transire]
2160 3526 2316 3570 migrasse
2329 3527 2369 3561 T.

1309 3573 1348 3606 15
1365 3571 1539 3615 potuerint
1557 3571 1586 3604 T
1599 3570 1612 3615 ΙΙ
1630 3571 1686 3604 sed
1702 3584 1828 3605 erasum
1840 3574 1878 3606 <in
1901 3571 1958 3616 Vss
1974 3574 2016 3606 17
2030 3571 2166 3605 maR²
2180 3572 2193 3616 ΙΙ
2208 3573 2253 3608 21
2270 3572 2386 3606 ortho-

1306 3617 1400 3650 doxis
1420 3616 1476 3657 Vl!
1491 3616 1657 3649 constitus
1671 3617 1703 3650 T
1710 3615 1723 3637 ²
1734 3615 1753 3660 ,Η
1770 3618 1813 3651 24
1821 3616 1977 3659 *partibus
1991 3618 2024 3651 T
2030 3617 2041 3637 ¹
2058 3619 2072 3662 1]
2086 3617 2131 3653 25
2148 3618 2226 3658 aut]
2251 3617 2307 3651 uel
2319 3618 2353 3652 R
2368 3619 2387 3662 ιη

1307 3663 1351 3697 26
1366 3660 1483 3696 hben‘a
1500 3660 1560 3704 VH
1577 3662 1620 3697 28
1635 3660 1673 3696 in
1684 3663 1723 3696 in
1734 3674 1802 3696 ras.
1818 3661 1868 3706 ΤΙ
1894 3663 1936 3696 29
1946 3662 2054 3696 -fuerit
2066 3662 2100 3695 R.
2116 3661 2129 3706 Ι]
2145 3663 2187 3697 31
2200 3662 2386 3697 sanccimus

1306 3706 1429 3742 habere
1445 3705 1622 3752 Tfl32sq.
1637 3707 1838 3742 uocantud
1869 3707 1968 3742 uncti
1985 3708 2043 3752 Tu
2060 3709 2102 3742 33
2120 3706 2168 3742 eis
2186 3706 2321 3753 Til-da·
2337 3709 2386 3741 R¹

2071 3764 2116 3799 69
