<?xml version="1.0" encoding="UTF-8"?>
<!DOCTYPE html PUBLIC "-//W3C//DTD XHTML 1.0 Transitional//EN"
    "http://www.w3.org/TR/xhtml1/DTD/xhtml1-transitional.dtd">
<html xmlns="http://www.w3.org/1999/xhtml" xml:lang="en" lang="en">
 <head>
  <title>
</title>
<meta http-equiv="Content-Type" content="text/html;charset=utf-8" />
  <meta name='ocr-system' content='tesseract 3.04.00' />
  <meta name='ocr-capabilities' content='ocr_page ocr_carea ocr_par ocr_line ocrx_word'/>
</head>
<body>
  <div class='ocr_page' id='page_1' title='image "./corpusiuriscivil03krueuoft_0796.png"; bbox 0 0 2580 4022; ppageno 0'>
   <div class='ocr_carea' id='block_1_1' title="bbox 254 136 2466 190">
    <p class='ocr_par' dir='ltr' id='par_1_1' title="bbox 254 136 2466 190">
     <span class='ocr_line' id='line_1_1' title="bbox 254 136 2466 190; baseline 0.004 -11"><span class='ocrx_word' id='word_1_1' title='bbox 254 137 329 181; x_wconf 87' lang='lat' dir='ltr'><strong><em>Ed.</em></strong></span> <span class='ocrx_word' id='word_1_2' title='bbox 347 139 424 181; x_wconf 92' lang='lat' dir='ltr'><strong><em>VII</em></strong></span> <span class='ocrx_word' id='word_1_3' title='bbox 457 142 563 178; x_wconf 79' lang='lat'><strong><em>5—7</em></strong></span> <span class='ocrx_word' id='word_1_4' title='bbox 1306 136 1397 190; x_wconf 57' lang='lat'><strong><em>766,</em></strong></span> <span class='ocrx_word' id='word_1_5' title='bbox 1998 154 2148 185; x_wconf 82' lang='lat' dir='ltr'>FORMA</span> <span class='ocrx_word' id='word_1_6' title='bbox 2176 155 2466 188; x_wconf 78' lang='lat' dir='ltr'>PRAGMATIGA</span> 
     </span>
    </p>
   </div>
   <div class='ocr_carea' id='block_1_2' title="bbox 249 241 2466 395">
    <p class='ocr_par' dir='ltr' id='par_1_2' title="bbox 249 241 2466 395">
     <span class='ocr_line' id='line_1_2' title="bbox 250 241 2464 297; baseline 0.004 -17"><span class='ocrx_word' id='word_1_7' title='bbox 250 250 362 290; x_wconf 91' lang='grc' dir='ltr'><strong><em>μένην</em></strong></span> <span class='ocrx_word' id='word_1_8' title='bbox 385 245 599 287; x_wconf 70' lang='grc' dir='ltr'><em>κατάθεσιν,</em></span> <span class='ocrx_word' id='word_1_9' title='bbox 617 249 676 280; x_wconf 73' lang='grc' dir='ltr'><strong><em>οἱα</em></strong></span> <span class='ocrx_word' id='word_1_10' title='bbox 700 246 814 287; x_wconf 77' lang='grc' dir='ltr'><strong><em>ἀξίων</em></strong></span> <span class='ocrx_word' id='word_1_11' title='bbox 838 245 961 282; x_wconf 81' lang='grc' dir='ltr'><strong><em>ὄντων</em></strong></span> <span class='ocrx_word' id='word_1_12' title='bbox 983 246 1073 293; x_wconf 77' lang='grc' dir='ltr'><strong><em>ὑπὲρ</em></strong></span> <span class='ocrx_word' id='word_1_13' title='bbox 1097 248 1238 282; x_wconf 79' lang='grc' dir='ltr'><em>ἑαυτῶν</em></span> <span class='ocrx_word' id='word_1_14' title='bbox 1261 249 1516 292; x_wconf 74' lang='grc' dir='ltr'><strong><em>πιστεύεσθαι,</em></strong></span> <span class='ocrx_word' id='word_1_15' title='bbox 1540 241 1595 284; x_wconf 63' lang='grc' dir='ltr'><strong><em>ὧν</em></strong></span> <span class='ocrx_word' id='word_1_16' title='bbox 1617 246 1639 292; x_wconf 80' lang='grc' dir='ltr'><em>ἦ</em></span> <span class='ocrx_word' id='word_1_17' title='bbox 1663 252 1783 284; x_wconf 82' lang='grc' dir='ltr'><strong><em>πίστις</em></strong></span> <span class='ocrx_word' id='word_1_18' title='bbox 1796 253 1856 284; x_wconf 80' lang='grc' dir='ltr'><strong><em>καὶ</em></strong></span> <span class='ocrx_word' id='word_1_19' title='bbox 1873 249 1962 296; x_wconf 80' lang='grc' dir='ltr'><strong><em>ὑπὲρ</em></strong></span> <span class='ocrx_word' id='word_1_20' title='bbox 1978 252 2113 297; x_wconf 84' lang='grc' dir='ltr'><strong><em>ἑτέρων</em></strong></span> <span class='ocrx_word' id='word_1_21' title='bbox 2129 250 2248 297; x_wconf 83' lang='grc' dir='ltr'><strong><em>ἀρκεῖν</em></strong></span> <span class='ocrx_word' id='word_1_22' title='bbox 2264 255 2464 296; x_wconf 81' lang='grc' dir='ltr'><strong><em>νομίζεται·</em></strong></span> 
     </span>
     <span class='ocr_line' id='line_1_3' title="bbox 250 288 2466 349; baseline 0.004 -26"><span class='ocrx_word' id='word_1_23' title='bbox 250 289 431 335; x_wconf 90' lang='grc' dir='ltr'><strong><em>πρόδηλον</em></strong></span> <span class='ocrx_word' id='word_1_24' title='bbox 446 291 499 333; x_wconf 81' lang='grc' dir='ltr'><strong><em>ὄν,</em></strong></span> <span class='ocrx_word' id='word_1_25' title='bbox 523 288 571 324; x_wconf 67' lang='grc' dir='ltr'><strong><em>αἷς</em></strong></span> <span class='ocrx_word' id='word_1_26' title='bbox 587 291 619 324; x_wconf 85' lang='grc' dir='ltr'><strong><em>εἰ</em></strong></span> <span class='ocrx_word' id='word_1_27' title='bbox 634 292 686 333; x_wconf 79' lang='grc' dir='ltr'><strong><em>τῷ</em></strong></span> <span class='ocrx_word' id='word_1_28' title='bbox 701 290 800 335; x_wconf 78' lang='grc' dir='ltr'><strong><em>νόμῳ</em></strong></span> <span class='ocrx_word' id='word_1_29' title='bbox 825 292 1102 335; x_wconf 81' lang='grc' dir='ltr'><strong><em>ὑποπεσοῦνται,</em></strong></span> <span class='ocrx_word' id='word_1_30' title='bbox 1126 289 1230 327; x_wconf 77' lang='grc' dir='ltr'><strong><em>οὐδὲν</em></strong></span> <span class='ocrx_word' id='word_1_31' title='bbox 1254 291 1384 327; x_wconf 78' lang='grc' dir='ltr'><strong><em>αὐτοὺς</em></strong></span> <span class='ocrx_word' id='word_1_32' title='bbox 1408 292 1584 349; x_wconf 69' lang='grc' dir='ltr'><strong><em>ὠφελήσει</em></strong></span> <span class='ocrx_word' id='word_1_33' title='bbox 1607 293 1649 329; x_wconf 84' lang='grc' dir='ltr'><strong><em>τὸ</em></strong></span> <span class='ocrx_word' id='word_1_34' title='bbox 1670 293 1846 340; x_wconf 78' lang='grc' dir='ltr'><strong><em>ἐγγυητὴν</em></strong></span> <span class='ocrx_word' id='word_1_35' title='bbox 1868 295 1917 339; x_wconf 89' lang='grc' dir='ltr'><strong><em>μὴ</em></strong></span> <span class='ocrx_word' id='word_1_36' title='bbox 1934 299 2144 342; x_wconf 76' lang='grc' dir='ltr'><strong><em>παρασχεῖν,</em></strong></span> <span class='ocrx_word' id='word_1_37' title='bbox 2168 295 2257 330; x_wconf 82' lang='grc' dir='ltr'><strong><em>ἀλλὰ</em></strong></span> <span class='ocrx_word' id='word_1_38' title='bbox 2273 300 2331 330; x_wconf 85' lang='grc' dir='ltr'><strong><em>καὶ</em></strong></span> <span class='ocrx_word' id='word_1_39' title='bbox 2348 295 2466 333; x_wconf 68' lang='grc' dir='ltr'><strong><em>οὕτως</em></strong></span> 
     </span>
     <span class='ocr_line' id='line_1_4' title="bbox 249 334 2464 395; baseline 0.003 -26"><span class='ocrx_word' id='word_1_40' title='bbox 249 335 500 377; x_wconf 72' lang='grc' dir='ltr'><strong><em>καταθήσουσι</em></strong></span> <span class='ocrx_word' id='word_1_41' title='bbox 526 334 595 388; x_wconf 64' lang='grc' dir='ltr'><strong><em>τὴν</em></strong></span> <span class='ocrx_word' id='word_1_42' title='bbox 622 337 696 389; x_wconf 68' lang='grc' dir='ltr'><strong><em>τῆςι</em></strong></span> <span class='ocrx_word' id='word_1_43' title='bbox 714 334 985 380; x_wconf 87' lang='grc' dir='ltr'><strong><em>δεκατημοιρίας</em></strong></span> <span class='ocrx_word' id='word_1_44' title='bbox 1016 336 1159 379; x_wconf 86' lang='grc' dir='ltr'><strong><em>ποινήν,</em></strong></span> <span class='ocrx_word' id='word_1_45' title='bbox 1190 335 1306 382; x_wconf 64' lang='grc' dir='ltr'><strong><em>α’)’ςπερ</em></strong></span> <span class='ocrx_word' id='word_1_46' title='bbox 1333 341 1393 372; x_wconf 85' lang='grc' dir='ltr'><strong><em>καὶ</em></strong></span> <span class='ocrx_word' id='word_1_47' title='bbox 1414 351 1448 372; x_wconf 92' lang='grc' dir='ltr'><strong><em>οι</em></strong></span> <span class='ocrx_word' id='word_1_48' title='bbox 1472 338 1657 385; x_wconf 71' lang='grc' dir='ltr'><strong><em>ἐνάγοντες</em></strong></span> <span class='ocrx_word' id='word_1_49' title='bbox 1682 339 1801 373; x_wconf 83' lang='grc' dir='ltr'><strong><em>αὐτοῖς</em></strong></span> <span class='ocrx_word' id='word_1_50' title='bbox 1824 342 1883 373; x_wconf 82' lang='grc' dir='ltr'><strong><em>καὶ</em></strong></span> <span class='ocrx_word' id='word_1_51' title='bbox 1907 340 1998 395; x_wconf 66' lang='grc' dir='ltr'><strong><em>πρός</em></strong></span> <span class='ocrx_word' id='word_1_52' title='bbox 2013 354 2054 387; x_wconf 87' lang='grc' dir='ltr'><strong><em>γε</em></strong></span> <span class='ocrx_word' id='word_1_53' title='bbox 2074 341 2109 375; x_wconf 87' lang='grc' dir='ltr'><strong><em>οἱ</em></strong></span> <span class='ocrx_word' id='word_1_54' title='bbox 2130 338 2214 386; x_wconf 78' lang='grc' dir='ltr'><strong><em>παρ’</em></strong></span> <span class='ocrx_word' id='word_1_55' title='bbox 2239 338 2364 375; x_wconf 80' lang='grc' dir='ltr'><strong><em>αὐτῶν</em></strong></span> <span class='ocrx_word' id='word_1_56' title='bbox 2383 344 2464 376; x_wconf 77' lang='grc' dir='ltr'><strong><em>ἐνα-</em></strong></span> 
     </span>
    </p>
   </div>
   <div class='ocr_carea' id='block_1_3' title="bbox 248 379 2468 438">
    <p class='ocr_par' dir='ltr' id='par_1_3' title="bbox 248 379 2468 438">
     <span class='ocr_line' id='line_1_5' title="bbox 248 379 2468 438; baseline 0.004 -26"><span class='ocrx_word' id='word_1_57' title='bbox 248 380 394 431; x_wconf 66' lang='grc' dir='ltr'><strong><em>χόμενοι</em></strong></span> <span class='ocrx_word' id='word_1_58' title='bbox 417 382 494 413; x_wconf 84' lang='grc' dir='ltr'><strong><em>ταῖς</em></strong></span> <span class='ocrx_word' id='word_1_59' title='bbox 517 383 657 423; x_wconf 91' lang='grc' dir='ltr'><strong><em>ομοίαις</em></strong></span> <span class='ocrx_word' id='word_1_60' title='bbox 679 379 975 424; x_wconf 80' lang='grc' dir='ltr'><strong><em>υποτεθήσονται</em></strong></span> <span class='ocrx_word' id='word_1_61' title='bbox 999 384 1149 416; x_wconf 75' lang='grc' dir='ltr'><strong><em>ποιναῖς.</em></strong></span> <span class='ocrx_word' id='word_1_62' title='bbox 1196 381 1331 426; x_wconf 77' lang='grc' dir='ltr'><strong><em>ταύτης</em></strong></span> <span class='ocrx_word' id='word_1_63' title='bbox 1352 386 1413 417; x_wconf 80' lang='grc' dir='ltr'><strong><em>καὶ</em></strong></span> <span class='ocrx_word' id='word_1_64' title='bbox 1435 382 1547 436; x_wconf 68' lang='grc' dir='ltr'><strong><em>μόνης</em></strong></span> <span class='ocrx_word' id='word_1_65' title='bbox 1569 385 1630 438; x_wconf 52' lang='lat' dir='ltr'><em>‘ci-Ze</em></span> <span class='ocrx_word' id='word_1_66' title='bbox 1655 382 1828 430; x_wconf 83' lang='grc' dir='ltr'><strong><em>διαφορᾶς</em></strong></span> <span class='ocrx_word' id='word_1_67' title='bbox 1851 386 1911 419; x_wconf 77' lang='grc' dir='ltr'><strong><em>ἐπὶ</em></strong></span> <span class='ocrx_word' id='word_1_68' title='bbox 1934 396 2054 429; x_wconf 85' lang='grc' dir='ltr'><strong><em>τουτῳ</em></strong></span> <span class='ocrx_word' id='word_1_69' title='bbox 2078 388 2131 429; x_wconf 81' lang='grc' dir='ltr'><strong><em>τῷ</em></strong></span> <span class='ocrx_word' id='word_1_70' title='bbox 2150 385 2332 432; x_wconf 78' lang='grc' dir='ltr'><strong><em>κεφαλαίῳ</em></strong></span> <span class='ocrx_word' id='word_1_71' title='bbox 2351 385 2468 431; x_wconf 79' lang='grc' dir='ltr'><strong><em>οὔσης,</em></strong></span> 
     </span>
    </p>
   </div>
   <div class='ocr_carea' id='block_1_4' title="bbox 250 421 2510 480">
    <p class='ocr_par' dir='ltr' id='par_1_4' title="bbox 250 421 2510 480">
     <span class='ocr_line' id='line_1_6' title="bbox 250 421 2510 480; baseline 0.005 -24"><span class='ocrx_word' id='word_1_72' title='bbox 250 435 347 465; x_wconf 81' lang='grc' dir='ltr'><strong><em>ωςτε,</em></strong></span> <span class='ocrx_word' id='word_1_73' title='bbox 381 421 551 467; x_wconf 86' lang='grc' dir='ltr'><strong><em>καθάπερ</em></strong></span> <span class='ocrx_word' id='word_1_74' title='bbox 579 426 793 469; x_wconf 62' lang='grc' dir='ltr'><strong><em>ἑζιιπροσθεν</em></strong></span> <span class='ocrx_word' id='word_1_75' title='bbox 816 425 964 470; x_wconf 81' lang='grc' dir='ltr'><strong><em>εἴρηται,</em></strong></span> <span class='ocrx_word' id='word_1_76' title='bbox 997 428 1070 460; x_wconf 87' lang='grc' dir='ltr'><strong><em>τοῖς</em></strong></span> <span class='ocrx_word' id='word_1_77' title='bbox 1093 428 1131 459; x_wconf 81' lang='grc' dir='ltr'><strong><em>ἐκ</em></strong></span> <span class='ocrx_word' id='word_1_78' title='bbox 1154 428 1219 461; x_wconf 84' lang='grc' dir='ltr'><strong><em>τοῦ</em></strong></span> <span class='ocrx_word' id='word_1_79' title='bbox 1245 426 1469 471; x_wconf 86' lang='grc' dir='ltr'><strong><em>συστήματος</em></strong></span> <span class='ocrx_word' id='word_1_80' title='bbox 1491 441 1572 462; x_wconf 88' lang='grc' dir='ltr'><strong><em>των</em></strong></span> <span class='ocrx_word' id='word_1_81' title='bbox 1596 429 1881 480; x_wconf 64' lang='grc' dir='ltr'><strong><em>αργυρρπρατίῦν</em></strong></span> <span class='ocrx_word' id='word_1_82' title='bbox 1903 426 2068 475; x_wconf 82' lang='grc' dir='ltr'><strong><em>ἐνάγουσι</em></strong></span> <span class='ocrx_word' id='word_1_83' title='bbox 2091 431 2159 474; x_wconf 85' lang='grc' dir='ltr'><strong><em>τὴν</em></strong></span> <span class='ocrx_word' id='word_1_84' title='bbox 2182 444 2259 465; x_wconf 87' lang='grc' dir='ltr'><strong><em>των</em></strong></span> <span class='ocrx_word' id='word_1_85' title='bbox 2283 433 2467 477; x_wconf 75' lang='grc' dir='ltr'><strong><em>ἐγγυητῶν</em></strong></span> <span class='ocrx_word' id='word_1_86' title='bbox 2489 433 2510 467; x_wconf 81' lang='lat'>5</span> 
     </span>
    </p>
   </div>
   <div class='ocr_carea' id='block_1_5' title="bbox 249 466 1825 519">
    <p class='ocr_par' dir='ltr' id='par_1_5' title="bbox 249 466 1825 519">
     <span class='ocr_line' id='line_1_7' title="bbox 249 466 1825 519; baseline 0.004 -17"><span class='ocrx_word' id='word_1_87' title='bbox 249 467 351 502; x_wconf 87' lang='grc' dir='ltr'><strong><em>δόσιν</em></strong></span> <span class='ocrx_word' id='word_1_88' title='bbox 375 469 434 502; x_wconf 80' lang='grc' dir='ltr'><strong><em>ἐπὶ</em></strong></span> <span class='ocrx_word' id='word_1_89' title='bbox 457 470 501 516; x_wconf 78' lang='grc' dir='ltr'><strong><em>τῇ</em></strong></span> <span class='ocrx_word' id='word_1_90' title='bbox 524 468 778 515; x_wconf 76' lang='grc' dir='ltr'><strong><em>δεκατημοιρία</em></strong></span> <span class='ocrx_word' id='word_1_91' title='bbox 802 466 881 504; x_wconf 76' lang='grc' dir='ltr'><strong><em>κατ’</em></strong></span> <span class='ocrx_word' id='word_1_92' title='bbox 906 468 1026 514; x_wconf 76' lang='grc' dir='ltr'><strong><em>ἰδικὴν</em></strong></span> <span class='ocrx_word' id='word_1_93' title='bbox 1048 469 1152 515; x_wconf 79' lang='grc' dir='ltr'><strong><em>ἡμῶν</em></strong></span> <span class='ocrx_word' id='word_1_94' title='bbox 1176 485 1259 506; x_wconf 81' lang='grc' dir='ltr'><strong><em>τινα</em></strong></span> <span class='ocrx_word' id='word_1_95' title='bbox 1283 471 1492 518; x_wconf 74' lang='grc' dir='ltr'><strong><em>φιλοτιμίαν</em></strong></span> <span class='ocrx_word' id='word_1_96' title='bbox 1516 475 1825 519; x_wconf 83' lang='grc' dir='ltr'><strong><em>συγκεχωρησθαι.</em></strong></span> 
     </span>
    </p>
   </div>
   <div class='ocr_carea' id='block_1_6' title="bbox 1237 606 1476 642">
    <p class='ocr_par' dir='ltr' id='par_1_6' title="bbox 1237 606 1476 642">
     <span class='ocr_line' id='line_1_8' title="bbox 1237 606 1476 642; baseline -0.013 0"><span class='ocrx_word' id='word_1_97' title='bbox 1237 606 1393 642; x_wconf 86' lang='lat' dir='ltr'>CAPUT</span> <span class='ocrx_word' id='word_1_98' title='bbox 1416 607 1476 642; x_wconf 90' lang='lat' dir='ltr'><strong><em>VI.</em></strong></span> 
     </span>
    </p>
   </div>
   <div class='ocr_carea' id='block_1_7' title="bbox 242 679 2467 1176">
    <p class='ocr_par' dir='ltr' id='par_1_7' title="bbox 242 679 2467 1176">
     <span class='ocr_line' id='line_1_9' title="bbox 379 679 2464 731; baseline 0.003 -16"><span class='ocrx_word' id='word_1_99' title='bbox 379 679 524 724; x_wconf 80' lang='grc' dir='ltr'><strong><em>Ἐπειδὴ</em></strong></span> <span class='ocrx_word' id='word_1_100' title='bbox 554 679 594 716; x_wconf 75' lang='grc' dir='ltr'><strong><em>δὲ</em></strong></span> <span class='ocrx_word' id='word_1_101' title='bbox 621 685 682 716; x_wconf 87' lang='grc' dir='ltr'><strong><em>καὶ</em></strong></span> <span class='ocrx_word' id='word_1_102' title='bbox 711 685 754 716; x_wconf 86' lang='grc' dir='ltr'><strong><em>τὸ</em></strong></span> <span class='ocrx_word' id='word_1_103' title='bbox 782 682 830 716; x_wconf 85' lang='grc' dir='ltr'><strong><em>εἰς</em></strong></span> <span class='ocrx_word' id='word_1_104' title='bbox 861 680 1018 728; x_wconf 82' lang='grc' dir='ltr'><strong><em>διάφορα</em></strong></span> <span class='ocrx_word' id='word_1_105' title='bbox 1049 682 1130 717; x_wconf 62' lang='grc' dir='ltr'><strong><em>τοὺς</em></strong></span> <span class='ocrx_word' id='word_1_106' title='bbox 1153 683 1269 719; x_wconf 79' lang='grc' dir='ltr'><strong><em>ἱκέτας</em></strong></span> <span class='ocrx_word' id='word_1_107' title='bbox 1292 685 1465 720; x_wconf 76' lang='grc' dir='ltr'><strong><em>ἕλκεσθαι</em></strong></span> <span class='ocrx_word' id='word_1_108' title='bbox 1489 683 1704 730; x_wconf 85' lang='grc' dir='ltr'><strong><em>δικαστήρια</em></strong></span> <span class='ocrx_word' id='word_1_109' title='bbox 1728 686 1800 731; x_wconf 86' lang='grc' dir='ltr'><strong><em>(καὶ</em></strong></span> <span class='ocrx_word' id='word_1_110' title='bbox 1825 685 1980 724; x_wconf 76' lang='grc' dir='ltr'><strong><em>μάλιστα</em></strong></span> <span class='ocrx_word' id='word_1_111' title='bbox 2004 684 2189 720; x_wconf 79' lang='grc' dir='ltr'><strong><em>πλείστους</em></strong></span> <span class='ocrx_word' id='word_1_112' title='bbox 2212 689 2358 730; x_wconf 71' lang='grc' dir='ltr'><strong><em>ἔχοντας</em></strong></span> <span class='ocrx_word' id='word_1_113' title='bbox 2381 699 2464 722; x_wconf 88' lang='grc' dir='ltr'><strong><em>συν-</em></strong></span> 
     </span>
     <span class='ocr_line' id='line_1_10' title="bbox 246 722 2465 778; baseline 0.005 -21"><span class='ocrx_word' id='word_1_114' title='bbox 246 722 430 769; x_wconf 81' lang='grc' dir='ltr'><strong><em>αλλάκτας,</em></strong></span> <span class='ocrx_word' id='word_1_115' title='bbox 461 730 521 760; x_wconf 82' lang='grc' dir='ltr'><strong><em>καὶ</em></strong></span> <span class='ocrx_word' id='word_1_116' title='bbox 551 726 610 761; x_wconf 83' lang='grc' dir='ltr'><strong><em>οἶα</em></strong></span> <span class='ocrx_word' id='word_1_117' title='bbox 639 730 831 771; x_wconf 82' lang='grc' dir='ltr'><strong><em>συμβαίνει</em></strong></span> <span class='ocrx_word' id='word_1_118' title='bbox 853 726 990 773; x_wconf 78' lang='grc' dir='ltr'><strong><em>ὀλίγους</em></strong></span> <span class='ocrx_word' id='word_1_119' title='bbox 1012 725 1253 773; x_wconf 74' lang='grc' dir='ltr'><strong><em>εὐγνώμονας)</em></strong></span> <span class='ocrx_word' id='word_1_120' title='bbox 1274 726 1317 763; x_wconf 80' lang='grc' dir='ltr'><strong><em>οὗ</em></strong></span> <span class='ocrx_word' id='word_1_121' title='bbox 1339 730 1455 774; x_wconf 88' lang='grc' dir='ltr'><strong><em>μόνον</em></strong></span> <span class='ocrx_word' id='word_1_122' title='bbox 1478 728 1598 765; x_wconf 77' lang='grc' dir='ltr'><strong><em>αὐτοῖς</em></strong></span> <span class='ocrx_word' id='word_1_123' title='bbox 1620 730 1772 774; x_wconf 83' lang='grc' dir='ltr'><strong><em>βλάβην,</em></strong></span> <span class='ocrx_word' id='word_1_124' title='bbox 1808 727 1896 764; x_wconf 82' lang='grc' dir='ltr'><strong><em>ἀλλὰ</em></strong></span> <span class='ocrx_word' id='word_1_125' title='bbox 1920 734 1980 764; x_wconf 84' lang='grc' dir='ltr'><strong><em>καὶ</em></strong></span> <span class='ocrx_word' id='word_1_126' title='bbox 2004 733 2076 764; x_wconf 90' lang='grc' dir='ltr'><strong><em>τοῖς</em></strong></span> <span class='ocrx_word' id='word_1_127' title='bbox 2099 734 2229 765; x_wconf 85' lang='grc' dir='ltr'><strong><em>κοινοῖς</em></strong></span> <span class='ocrx_word' id='word_1_128' title='bbox 2253 731 2465 778; x_wconf 77' lang='grc' dir='ltr'><strong><em>πράγμασιν</em></strong></span> 
     </span>
     <span class='ocr_line' id='line_1_11' title="bbox 246 768 2467 822; baseline 0.004 -20"><span class='ocrx_word' id='word_1_129' title='bbox 246 768 452 815; x_wconf 79' lang='grc' dir='ltr'><strong><em>ἐμπόδισμα</em></strong></span> <span class='ocrx_word' id='word_1_130' title='bbox 475 774 597 818; x_wconf 82' lang='grc' dir='ltr'><strong><em>φέρειν</em></strong></span> <span class='ocrx_word' id='word_1_131' title='bbox 621 769 832 817; x_wconf 86' lang='grc' dir='ltr'><strong><em>εὑρίσκεται,</em></strong></span> <span class='ocrx_word' id='word_1_132' title='bbox 856 776 916 805; x_wconf 78' lang='grc' dir='ltr'><strong><em>καὶ</em></strong></span> <span class='ocrx_word' id='word_1_133' title='bbox 940 774 980 806; x_wconf 82' lang='grc' dir='ltr'><strong><em>ἐν</em></strong></span> <span class='ocrx_word' id='word_1_134' title='bbox 1003 772 1122 816; x_wconf 83' lang='grc' dir='ltr'><strong><em>τούτῳ</em></strong></span> <span class='ocrx_word' id='word_1_135' title='bbox 1147 775 1200 817; x_wconf 81' lang='grc' dir='ltr'><strong><em>τῷ</em></strong></span> <span class='ocrx_word' id='word_1_136' title='bbox 1221 777 1320 819; x_wconf 88' lang='grc' dir='ltr'><strong><em>μέρει</em></strong></span> <span class='ocrx_word' id='word_1_137' title='bbox 1340 775 1409 819; x_wconf 82' lang='grc' dir='ltr'><strong><em>τὴν</em></strong></span> <span class='ocrx_word' id='word_1_138' title='bbox 1432 777 1613 821; x_wconf 87' lang='grc' dir='ltr'><strong><em>προτέραν</em></strong></span> <span class='ocrx_word' id='word_1_139' title='bbox 1637 773 1741 818; x_wconf 78' lang='grc' dir='ltr'><strong><em>ἡμῶν</em></strong></span> <span class='ocrx_word' id='word_1_140' title='bbox 1766 778 1847 818; x_wconf 85' lang='grc' dir='ltr'><strong><em>περὶ</em></strong></span> <span class='ocrx_word' id='word_1_141' title='bbox 1864 772 1993 809; x_wconf 76' lang='grc' dir='ltr'><strong><em>αὐτοὺς</em></strong></span> <span class='ocrx_word' id='word_1_142' title='bbox 2008 776 2218 819; x_wconf 70' lang='grc' dir='ltr'><strong><em>μιμούμεθα</em></strong></span> <span class='ocrx_word' id='word_1_143' title='bbox 2235 777 2467 822; x_wconf 72' lang='grc' dir='ltr'><strong><em>προμήθειαν</em></strong></span> 
     </span>
     <span class='ocr_line' id='line_1_12' title="bbox 245 814 2467 868; baseline 0.004 -20"><span class='ocrx_word' id='word_1_144' title='bbox 245 818 304 848; x_wconf 86' lang='grc' dir='ltr'><strong><em>καὶ</em></strong></span> <span class='ocrx_word' id='word_1_145' title='bbox 336 814 660 861; x_wconf 70' lang='grc' dir='ltr'><strong><em>παρακελευόμεθα</em></strong></span> <span class='ocrx_word' id='word_1_146' title='bbox 691 814 812 851; x_wconf 78' lang='grc' dir='ltr'><strong><em>αὐτοῖς</em></strong></span> <span class='ocrx_word' id='word_1_147' title='bbox 841 817 934 851; x_wconf 85' lang='grc' dir='ltr'><strong><em>εἶναι</em></strong></span> <span class='ocrx_word' id='word_1_148' title='bbox 958 815 1087 852; x_wconf 83' lang='grc' dir='ltr'><strong><em>ἰδικοὺς</em></strong></span> <span class='ocrx_word' id='word_1_149' title='bbox 1111 816 1294 859; x_wconf 85' lang='grc' dir='ltr'><strong><em>δικαστάς,</em></strong></span> <span class='ocrx_word' id='word_1_150' title='bbox 1326 820 1398 854; x_wconf 83' lang='grc' dir='ltr'><strong><em>εἴτε</em></strong></span> <span class='ocrx_word' id='word_1_151' title='bbox 1423 819 1611 866; x_wconf 74' lang='grc' dir='ltr'><strong><em>ἐνάγουσιν</em></strong></span> <span class='ocrx_word' id='word_1_152' title='bbox 1634 820 1706 854; x_wconf 88' lang='grc' dir='ltr'><strong><em>εἴτε</em></strong></span> <span class='ocrx_word' id='word_1_153' title='bbox 1729 818 1927 866; x_wconf 81' lang='grc' dir='ltr'><strong><em>ἐνάγοιντο,</em></strong></span> <span class='ocrx_word' id='word_1_154' title='bbox 1951 819 2020 864; x_wconf 87' lang='grc' dir='ltr'><strong><em>τήν</em></strong></span> <span class='ocrx_word' id='word_1_155' title='bbox 2039 833 2078 854; x_wconf 87' lang='grc' dir='ltr'><strong><em>τε</em></strong></span> <span class='ocrx_word' id='word_1_156' title='bbox 2102 820 2170 863; x_wconf 86' lang='grc' dir='ltr'><strong><em>σὴν</em></strong></span> <span class='ocrx_word' id='word_1_157' title='bbox 2193 820 2385 868; x_wconf 86' lang='grc' dir='ltr'><strong><em>λογιότητα</em></strong></span> <span class='ocrx_word' id='word_1_158' title='bbox 2408 826 2467 855; x_wconf 86' lang='grc' dir='ltr'><strong><em>καὶ</em></strong></span> 
     </span>
     <span class='ocr_line' id='line_1_13' title="bbox 245 859 2465 912; baseline 0.003 -19"><span class='ocrx_word' id='word_1_159' title='bbox 245 863 386 904; x_wconf 79' lang='grc' dir='ltr'><strong><em>Πέτρον</em></strong></span> <span class='ocrx_word' id='word_1_160' title='bbox 416 859 482 895; x_wconf 80' lang='grc' dir='ltr'><strong><em>τὸν</em></strong></span> <span class='ocrx_word' id='word_1_161' title='bbox 513 860 753 902; x_wconf 77' lang='grc' dir='ltr'><strong><em>ἐνδοξότατον</em></strong></span> <span class='ocrx_word' id='word_1_162' title='bbox 783 862 921 905; x_wconf 86' lang='grc' dir='ltr'><strong><em>κόμητα</em></strong></span> <span class='ocrx_word' id='word_1_163' title='bbox 947 863 1026 896; x_wconf 85' lang='grc' dir='ltr'><strong><em>τῶν</em></strong></span> <span class='ocrx_word' id='word_1_164' title='bbox 1057 863 1176 897; x_wconf 84' lang='grc' dir='ltr'><strong><em>θείων</em></strong></span> <span class='ocrx_word' id='word_1_165' title='bbox 1207 862 1315 908; x_wconf 74' lang='grc' dir='ltr'><strong><em>ἡμῶν</em></strong></span> <span class='ocrx_word' id='word_1_166' title='bbox 1345 864 1598 912; x_wconf 86' lang='grc' dir='ltr'><strong><em>λαργιτιόνων,</em></strong></span> <span class='ocrx_word' id='word_1_167' title='bbox 1633 863 1706 899; x_wconf 85' lang='grc' dir='ltr'><strong><em>ἀπὸ</em></strong></span> <span class='ocrx_word' id='word_1_168' title='bbox 1738 862 1889 899; x_wconf 80' lang='grc' dir='ltr'><strong><em>ὑπάτων</em></strong></span> <span class='ocrx_word' id='word_1_169' title='bbox 1923 868 1982 898; x_wconf 84' lang='grc' dir='ltr'><strong><em>καὶ</em></strong></span> <span class='ocrx_word' id='word_1_170' title='bbox 2012 869 2214 911; x_wconf 87' lang='grc' dir='ltr'><strong><em>πατρίκιον,</em></strong></span> <span class='ocrx_word' id='word_1_171' title='bbox 2246 862 2333 900; x_wconf 68' lang='grc' dir='ltr'><strong><em>ὥςτε</em></strong></span> <span class='ocrx_word' id='word_1_172' title='bbox 2365 867 2465 911; x_wconf 81' lang='grc' dir='ltr'><strong><em>παρὰ</em></strong></span> 
     </span>
     <span class='ocr_line' id='line_1_14' title="bbox 246 905 2465 956; baseline 0.003 -18"><span class='ocrx_word' id='word_1_173' title='bbox 246 905 395 950; x_wconf 81' lang='grc' dir='ltr'><strong><em>θατέρῳ</em></strong></span> <span class='ocrx_word' id='word_1_174' title='bbox 419 905 563 941; x_wconf 85' lang='grc' dir='ltr'><strong><em>τούτων</em></strong></span> <span class='ocrx_word' id='word_1_175' title='bbox 585 905 650 940; x_wconf 83' lang='grc' dir='ltr'><strong><em>τὰς</em></strong></span> <span class='ocrx_word' id='word_1_176' title='bbox 672 907 961 951; x_wconf 86' lang='grc' dir='ltr'><strong><em>κινηθησομένας</em></strong></span> <span class='ocrx_word' id='word_1_177' title='bbox 983 907 1117 950; x_wconf 80' lang='grc' dir='ltr'><strong><em>μεταξὺ</em></strong></span> <span class='ocrx_word' id='word_1_178' title='bbox 1141 905 1264 943; x_wconf 76' lang='grc' dir='ltr'><strong><em>αὐτῶν</em></strong></span> <span class='ocrx_word' id='word_1_179' title='bbox 1286 921 1327 944; x_wconf 86' lang='grc' dir='ltr'><strong><em>τε</em></strong></span> <span class='ocrx_word' id='word_1_180' title='bbox 1349 913 1408 944; x_wconf 81' lang='grc' dir='ltr'><strong><em>καὶ</em></strong></span> <span class='ocrx_word' id='word_1_181' title='bbox 1433 911 1567 954; x_wconf 84' lang='grc' dir='ltr'><strong><em>ἑτέρων</em></strong></span> <span class='ocrx_word' id='word_1_182' title='bbox 1591 909 1731 943; x_wconf 83' lang='grc' dir='ltr'><strong><em>οἱαςοῦν</em></strong></span> <span class='ocrx_word' id='word_1_183' title='bbox 1753 908 1852 943; x_wconf 83' lang='grc' dir='ltr'><strong><em>δίκας</em></strong></span> <span class='ocrx_word' id='word_1_184' title='bbox 1873 907 1895 952; x_wconf 84' lang='grc' dir='ltr'><em>ἢ</em></span> <span class='ocrx_word' id='word_1_185' title='bbox 1920 913 1980 943; x_wconf 84' lang='grc' dir='ltr'><strong><em>καὶ</em></strong></span> <span class='ocrx_word' id='word_1_186' title='bbox 2003 908 2070 953; x_wconf 77' lang='grc' dir='ltr'><strong><em>ἤδη</em></strong></span> <span class='ocrx_word' id='word_1_187' title='bbox 2087 910 2183 955; x_wconf 82' lang='grc' dir='ltr'><strong><em>παρὰ</em></strong></span> <span class='ocrx_word' id='word_1_188' title='bbox 2200 913 2273 944; x_wconf 87' lang='grc' dir='ltr'><strong><em>τοῖς</em></strong></span> <span class='ocrx_word' id='word_1_189' title='bbox 2288 911 2465 956; x_wconf 89' lang='grc' dir='ltr'><strong><em>πρότερον</em></strong></span> 
     </span>
     <span class='ocr_line' id='line_1_15' title="bbox 246 947 2464 1001; baseline 0.003 -19"><span class='ocrx_word' id='word_1_190' title='bbox 246 947 364 984; x_wconf 78' lang='grc' dir='ltr'><strong><em>αὐτοῖς</em></strong></span> <span class='ocrx_word' id='word_1_191' title='bbox 393 948 476 998; x_wconf 79' lang='grc' dir='ltr'><strong><em>παρ’</em></strong></span> <span class='ocrx_word' id='word_1_192' title='bbox 505 949 610 995; x_wconf 80' lang='grc' dir='ltr'><strong><em>ἡμῶν</em></strong></span> <span class='ocrx_word' id='word_1_193' title='bbox 640 949 840 996; x_wconf 79' lang='grc' dir='ltr'><strong><em>δεδομένοις</em></strong></span> <span class='ocrx_word' id='word_1_194' title='bbox 871 950 1055 987; x_wconf 82' lang='grc' dir='ltr'><strong><em>δικασταῖς</em></strong></span> <span class='ocrx_word' id='word_1_195' title='bbox 1082 952 1160 987; x_wconf 82' lang='grc' dir='ltr'><strong><em>εἶτα</em></strong></span> <span class='ocrx_word' id='word_1_196' title='bbox 1190 951 1448 998; x_wconf 77' lang='grc' dir='ltr'><strong><em>ἀποβιώσασιν</em></strong></span> <span class='ocrx_word' id='word_1_197' title='bbox 1481 955 1717 1001; x_wconf 81' lang='grc' dir='ltr'><strong><em>ἐναρχθείσας</em></strong></span> <span class='ocrx_word' id='word_1_198' title='bbox 1749 954 1979 998; x_wconf 84' lang='grc' dir='ltr'><strong><em>σκοπεῖσθαι,</em></strong></span> <span class='ocrx_word' id='word_1_199' title='bbox 2014 958 2074 988; x_wconf 82' lang='grc' dir='ltr'><strong><em>καὶ</em></strong></span> <span class='ocrx_word' id='word_1_200' title='bbox 2104 953 2214 989; x_wconf 89' lang='grc' dir='ltr'><strong><em>σύντο</em></strong></span> <span class='ocrx_word' id='word_1_201' title='bbox 2243 967 2285 990; x_wconf 89' lang='grc' dir='ltr'><strong><em>ον</em></strong></span> <span class='ocrx_word' id='word_1_202' title='bbox 2309 958 2368 989; x_wconf 89' lang='grc' dir='ltr'><strong><em>καὶ</em></strong></span> <span class='ocrx_word' id='word_1_203' title='bbox 2391 959 2464 990; x_wconf 89' lang='grc' dir='ltr'><strong><em>τοῖς</em></strong></span> 
     </span>
     <span class='ocr_line' id='line_1_16' title="bbox 244 992 2464 1046; baseline 0.003 -18"><span class='ocrx_word' id='word_1_204' title='bbox 244 992 425 1039; x_wconf 75' lang='grc' dir='ltr'><strong><em>ἡμετέροις</em></strong></span> <span class='ocrx_word' id='word_1_205' title='bbox 452 994 574 1038; x_wconf 88' lang='grc' dir='ltr'><strong><em>νόμοις</em></strong></span> <span class='ocrx_word' id='word_1_206' title='bbox 602 1000 804 1041; x_wconf 82' lang='grc' dir='ltr'><strong><em>συμβαῖνον</em></strong></span> <span class='ocrx_word' id='word_1_207' title='bbox 833 995 1006 1039; x_wconf 86' lang='grc' dir='ltr'><strong><em>δέχεσθαι</em></strong></span> <span class='ocrx_word' id='word_1_208' title='bbox 1036 1000 1155 1043; x_wconf 81' lang='grc' dir='ltr'><strong><em>πέρας,</em></strong></span> <span class='ocrx_word' id='word_1_209' title='bbox 1186 1002 1247 1032; x_wconf 81' lang='grc' dir='ltr'><strong><em>καὶ</em></strong></span> <span class='ocrx_word' id='word_1_210' title='bbox 1277 998 1360 1033; x_wconf 81' lang='grc' dir='ltr'><strong><em>τούς</em></strong></span> <span class='ocrx_word' id='word_1_211' title='bbox 1392 1000 1507 1034; x_wconf 85' lang='grc' dir='ltr'><strong><em>ἱκέτας</em></strong></span> <span class='ocrx_word' id='word_1_212' title='bbox 1538 1002 1600 1042; x_wconf 83' lang='grc' dir='ltr'><strong><em>τῆς</em></strong></span> <span class='ocrx_word' id='word_1_213' title='bbox 1623 1001 1701 1034; x_wconf 81' lang='grc' dir='ltr'><strong><em>τῶν</em></strong></span> <span class='ocrx_word' id='word_1_214' title='bbox 1721 1003 1958 1045; x_wconf 87' lang='grc' dir='ltr'><strong><em>πραιτωρίων</em></strong></span> <span class='ocrx_word' id='word_1_215' title='bbox 1980 1000 2103 1046; x_wconf 81' lang='grc' dir='ltr'><strong><em>τριβῆς</em></strong></span> <span class='ocrx_word' id='word_1_216' title='bbox 2126 998 2204 1033; x_wconf 83' lang='grc' dir='ltr'><strong><em>ἀπα</em></strong></span> <span class='ocrx_word' id='word_1_217' title='bbox 2228 999 2464 1045; x_wconf 88' lang='grc' dir='ltr'><strong><em>λαττομένους</em></strong></span> 
     </span>
     <span class='ocr_line' id='line_1_17' title="bbox 248 1038 2466 1090; baseline 0.003 -18"><span class='ocrx_word' id='word_1_218' title='bbox 248 1038 435 1081; x_wconf 82' lang='grc' dir='ltr'><strong><em>σχολάζειν</em></strong></span> <span class='ocrx_word' id='word_1_219' title='bbox 466 1041 519 1083; x_wconf 78' lang='grc' dir='ltr'><strong><em>τῷ</em></strong></span> <span class='ocrx_word' id='word_1_220' title='bbox 551 1041 671 1084; x_wconf 76' lang='grc' dir='ltr'><strong><em>οἰκείῳ</em></strong></span> <span class='ocrx_word' id='word_1_221' title='bbox 696 1039 964 1085; x_wconf 79' lang='grc' dir='ltr'><strong><em>ἐπιτηδεύματι,</em></strong></span> <span class='ocrx_word' id='word_1_222' title='bbox 995 1041 1170 1077; x_wconf 80' lang='grc' dir='ltr'><strong><em>τοσοῦτόν</em></strong></span> <span class='ocrx_word' id='word_1_223' title='bbox 1191 1055 1232 1077; x_wconf 89' lang='grc' dir='ltr'><strong><em>τε</em></strong></span> <span class='ocrx_word' id='word_1_224' title='bbox 1255 1040 1588 1090; x_wconf 68' lang='grc' dir='ltr'><strong><em>εὐγνωμονέστερον</em></strong></span> <span class='ocrx_word' id='word_1_225' title='bbox 1613 1044 1792 1090; x_wconf 85' lang='grc' dir='ltr'><strong><em>φέρεσθαι</em></strong></span> <span class='ocrx_word' id='word_1_226' title='bbox 1822 1047 1904 1090; x_wconf 85' lang='grc' dir='ltr'><strong><em>περὶ</em></strong></span> <span class='ocrx_word' id='word_1_227' title='bbox 1926 1044 1972 1078; x_wconf 82' lang='grc' dir='ltr'><strong><em>τὰ</em></strong></span> <span class='ocrx_word' id='word_1_228' title='bbox 1997 1046 2075 1078; x_wconf 82' lang='grc' dir='ltr'><strong><em>τῶν</em></strong></span> <span class='ocrx_word' id='word_1_229' title='bbox 2099 1043 2272 1087; x_wconf 82' lang='grc' dir='ltr'><strong><em>ὑπηκόων</em></strong></span> <span class='ocrx_word' id='word_1_230' title='bbox 2296 1044 2466 1079; x_wconf 86' lang='grc' dir='ltr'><strong><em>συναλλά-</em></strong></span> 
     </span>
     <span class='ocr_line' id='line_1_18' title="bbox 242 1079 2467 1136; baseline 0.003 -19"><span class='ocrx_word' id='word_1_231' title='bbox 242 1097 379 1129; x_wconf 82' lang='grc' dir='ltr'><strong><em>γματα,</em></strong></span> <span class='ocrx_word' id='word_1_232' title='bbox 412 1079 501 1119; x_wconf 78' lang='grc' dir='ltr'><strong><em>ὅσον</em></strong></span> <span class='ocrx_word' id='word_1_233' title='bbox 530 1081 553 1129; x_wconf 84' lang='grc' dir='ltr'><em>ἢ</em></span> <span class='ocrx_word' id='word_1_234' title='bbox 585 1082 688 1119; x_wconf 80' lang='grc' dir='ltr'><strong><em>αὐτοὶ</em></strong></span> <span class='ocrx_word' id='word_1_235' title='bbox 718 1082 866 1128; x_wconf 78' lang='grc' dir='ltr'><strong><em>ἥττονος</em></strong></span> <span class='ocrx_word' id='word_1_236' title='bbox 897 1083 1155 1131; x_wconf 81' lang='grc' dir='ltr'><strong><em>ἀγνωμοσύνης</em></strong></span> <span class='ocrx_word' id='word_1_237' title='bbox 1184 1089 1384 1134; x_wconf 81' lang='grc' dir='ltr'><strong><em>πειρῶνται</em></strong></span> <span class='ocrx_word' id='word_1_238' title='bbox 1414 1089 1438 1133; x_wconf 83' lang='grc' dir='ltr'><em>ἢ</em></span> <span class='ocrx_word' id='word_1_239' title='bbox 1469 1089 1540 1135; x_wconf 77' lang='grc' dir='ltr'><strong><em>(οἱ)</em></strong></span> <span class='ocrx_word' id='word_1_240' title='bbox 1567 1086 1793 1135; x_wconf 80' lang='grc' dir='ltr'><strong><em>ἀγνωμονεῖν</em></strong></span> <span class='ocrx_word' id='word_1_241' title='bbox 1827 1090 2087 1136; x_wconf 79' lang='grc' dir='ltr'><strong><em>ἐπιχειροῦντες</em></strong></span> <span class='ocrx_word' id='word_1_242' title='bbox 2121 1087 2162 1123; x_wconf 79' lang='grc' dir='ltr'><strong><em>οὐ</em></strong></span> <span class='ocrx_word' id='word_1_243' title='bbox 2197 1091 2467 1136; x_wconf 77' lang='grc' dir='ltr'><strong><em>συγχωροῦνται</em></strong></span> 
     </span>
     <span class='ocr_line' id='line_1_19' title="bbox 244 1126 913 1176; baseline 0.003 -14"><span class='ocrx_word' id='word_1_244' title='bbox 244 1126 389 1163; x_wconf 75' lang='grc' dir='ltr'><strong><em>ἀδίκους</em></strong></span> <span class='ocrx_word' id='word_1_245' title='bbox 413 1127 533 1165; x_wconf 78' lang='grc' dir='ltr'><strong><em>αὐτοῖς</em></strong></span> <span class='ocrx_word' id='word_1_246' title='bbox 556 1131 740 1176; x_wconf 80' lang='grc' dir='ltr'><strong><em>ἐπιφέρειν</em></strong></span> <span class='ocrx_word' id='word_1_247' title='bbox 763 1130 913 1176; x_wconf 83' lang='grc' dir='ltr'><strong><em>βλάβας.</em></strong></span> 
     </span>
    </p>
   </div>
   <div class='ocr_carea' id='block_1_8' title="bbox 1231 1221 1482 1259">
    <p class='ocr_par' dir='ltr' id='par_1_8' title="bbox 1231 1221 1482 1259">
     <span class='ocr_line' id='line_1_20' title="bbox 1231 1221 1482 1259; baseline 0.004 -1"><span class='ocrx_word' id='word_1_248' title='bbox 1231 1221 1388 1258; x_wconf 85' lang='lat' dir='ltr'>CAPUT</span> <span class='ocrx_word' id='word_1_249' title='bbox 1404 1222 1482 1259; x_wconf 87' lang='lat' dir='ltr'>VII.</span> 
     </span>
    </p>
   </div>
   <div class='ocr_carea' id='block_1_9' title="bbox 241 1293 2469 1976">
    <p class='ocr_par' dir='ltr' id='par_1_9' title="bbox 241 1293 2469 1976">
     <span class='ocr_line' id='line_1_21' title="bbox 375 1293 2469 1348; baseline 0.002 -16"><span class='ocrx_word' id='word_1_250' title='bbox 375 1293 464 1332; x_wconf 78' lang='grc' dir='ltr'><strong><em>Ἀλλ’</em></strong></span> <span class='ocrx_word' id='word_1_251' title='bbox 497 1300 642 1342; x_wconf 81' lang='grc' dir='ltr'><strong><em>ἐπείπερ</em></strong></span> <span class='ocrx_word' id='word_1_252' title='bbox 671 1297 756 1343; x_wconf 86' lang='grc' dir='ltr'><strong><em>ἡμῖν</em></strong></span> <span class='ocrx_word' id='word_1_253' title='bbox 787 1302 848 1332; x_wconf 81' lang='grc' dir='ltr'><strong><em>καὶ</em></strong></span> <span class='ocrx_word' id='word_1_254' title='bbox 878 1297 987 1333; x_wconf 83' lang='grc' dir='ltr'><strong><em>ἄλλον</em></strong></span> <span class='ocrx_word' id='word_1_255' title='bbox 1016 1298 1101 1334; x_wconf 86' lang='grc' dir='ltr'><strong><em>τινὰ</em></strong></span> <span class='ocrx_word' id='word_1_256' title='bbox 1129 1300 1208 1334; x_wconf 79' lang='grc' dir='ltr'><strong><em>τῶν</em></strong></span> <span class='ocrx_word' id='word_1_257' title='bbox 1242 1297 1402 1346; x_wconf 78' lang='grc' dir='ltr'><strong><em>δολερῶν</em></strong></span> <span class='ocrx_word' id='word_1_258' title='bbox 1433 1299 1653 1348; x_wconf 80' lang='grc' dir='ltr'><strong><em>ἀνθρώπων</em></strong></span> <span class='ocrx_word' id='word_1_259' title='bbox 1683 1303 1919 1347; x_wconf 82' lang='grc' dir='ltr'><strong><em>έφανέρωσαν</em></strong></span> <span class='ocrx_word' id='word_1_260' title='bbox 1950 1298 2058 1336; x_wconf 85' lang='grc' dir='ltr'><strong><em>δόλον</em></strong></span> <span class='ocrx_word' id='word_1_261' title='bbox 2091 1298 2388 1348; x_wconf 77' lang='grc' dir='ltr'><strong><em>ἀπαγγείλαντες,</em></strong></span> <span class='ocrx_word' id='word_1_262' title='bbox 2420 1298 2469 1337; x_wconf 71' lang='grc' dir='ltr'><strong><em>ὥς</em></strong></span> 
     </span>
     <span class='ocr_line' id='line_1_22' title="bbox 242 1340 2466 1394; baseline 0.003 -18"><span class='ocrx_word' id='word_1_263' title='bbox 242 1353 337 1377; x_wconf 88' lang='grc' dir='ltr'><strong><em>τινες</em></strong></span> <span class='ocrx_word' id='word_1_264' title='bbox 365 1344 432 1387; x_wconf 76' lang='grc' dir='ltr'><strong><em>μὲν</em></strong></span> <span class='ocrx_word' id='word_1_265' title='bbox 463 1340 718 1387; x_wconf 84' lang='grc' dir='ltr'><strong><em>δανεισάμενοι</em></strong></span> <span class='ocrx_word' id='word_1_266' title='bbox 749 1340 772 1386; x_wconf 86' lang='grc' dir='ltr'><em>ἢ</em></span> <span class='ocrx_word' id='word_1_267' title='bbox 796 1342 1045 1387; x_wconf 84' lang='grc' dir='ltr'><strong><em>δανειζόμενοι</em></strong></span> <span class='ocrx_word' id='word_1_268' title='bbox 1066 1344 1166 1390; x_wconf 84' lang='grc' dir='ltr'><strong><em>παρὰ</em></strong></span> <span class='ocrx_word' id='word_1_269' title='bbox 1188 1345 1267 1380; x_wconf 80' lang='grc' dir='ltr'><strong><em>τῶν</em></strong></span> <span class='ocrx_word' id='word_1_270' title='bbox 1290 1347 1329 1380; x_wconf 80' lang='grc' dir='ltr'><strong><em>ἐκ</em></strong></span> <span class='ocrx_word' id='word_1_271' title='bbox 1352 1347 1415 1380; x_wconf 76' lang='grc' dir='ltr'><strong><em>τοῦ</em></strong></span> <span class='ocrx_word' id='word_1_272' title='bbox 1440 1346 1624 1391; x_wconf 82' lang='grc' dir='ltr'><strong><em>εἰρημένου</em></strong></span> <span class='ocrx_word' id='word_1_273' title='bbox 1648 1343 1871 1390; x_wconf 86' lang='grc' dir='ltr'><strong><em>συστήματος</em></strong></span> <span class='ocrx_word' id='word_1_274' title='bbox 1893 1343 2060 1392; x_wconf 87' lang='grc' dir='ltr'><strong><em>χρήματα</em></strong></span> <span class='ocrx_word' id='word_1_275' title='bbox 2081 1342 2268 1393; x_wconf 81' lang='grc' dir='ltr'><strong><em>ἠγόρασαν</em></strong></span> <span class='ocrx_word' id='word_1_276' title='bbox 2290 1346 2313 1391; x_wconf 86' lang='grc' dir='ltr'><strong><em>ἢ</em></strong></span> <span class='ocrx_word' id='word_1_277' title='bbox 2336 1345 2466 1394; x_wconf 83' lang='grc' dir='ltr'><strong><em>ἀγορά-</em></strong></span> 
     </span>
     <span class='ocr_line' id='line_1_23' title="bbox 243 1385 2466 1438; baseline 0.003 -18"><span class='ocrx_word' id='word_1_278' title='bbox 243 1389 342 1429; x_wconf 80' lang='grc' dir='ltr'><strong><em>ζουσι</em></strong></span> <span class='ocrx_word' id='word_1_279' title='bbox 372 1389 501 1431; x_wconf 84' lang='grc' dir='ltr'><strong><em>κτῆσιν</em></strong></span> <span class='ocrx_word' id='word_1_280' title='bbox 531 1386 701 1431; x_wconf 86' lang='grc' dir='ltr'><strong><em>ἀκίνητον</em></strong></span> <span class='ocrx_word' id='word_1_281' title='bbox 732 1385 885 1432; x_wconf 80' lang='grc' dir='ltr'><strong><em>ὀνόματι</em></strong></span> <span class='ocrx_word' id='word_1_282' title='bbox 915 1390 993 1423; x_wconf 80' lang='grc' dir='ltr'><strong><em>τῶν</em></strong></span> <span class='ocrx_word' id='word_1_283' title='bbox 1023 1390 1168 1424; x_wconf 86' lang='grc' dir='ltr'><strong><em>οἰκείων</em></strong></span> <span class='ocrx_word' id='word_1_284' title='bbox 1199 1391 1369 1436; x_wconf 82' lang='grc' dir='ltr'><strong><em>γαμετῶν</em></strong></span> <span class='ocrx_word' id='word_1_285' title='bbox 1398 1389 1419 1433; x_wconf 84' lang='grc' dir='ltr'><em>ἢ</em></span> <span class='ocrx_word' id='word_1_286' title='bbox 1443 1388 1564 1425; x_wconf 80' lang='grc' dir='ltr'><strong><em>ἄλλων</em></strong></span> <span class='ocrx_word' id='word_1_287' title='bbox 1587 1392 1702 1426; x_wconf 79' lang='grc' dir='ltr'><strong><em>τινῶν</em></strong></span> <span class='ocrx_word' id='word_1_288' title='bbox 1725 1394 1809 1434; x_wconf 85' lang='grc' dir='ltr'><strong><em>περὶ</em></strong></span> <span class='ocrx_word' id='word_1_289' title='bbox 1833 1389 1962 1425; x_wconf 77' lang='grc' dir='ltr'><strong><em>αὐτοὺς</em></strong></span> <span class='ocrx_word' id='word_1_290' title='bbox 1985 1390 2107 1426; x_wconf 84' lang='grc' dir='ltr'><strong><em>ὄντων</em></strong></span> <span class='ocrx_word' id='word_1_291' title='bbox 2131 1392 2219 1436; x_wconf 89' lang='grc' dir='ltr'><strong><em>πρὸς</em></strong></span> <span class='ocrx_word' id='word_1_292' title='bbox 2239 1393 2466 1438; x_wconf 81' lang='grc' dir='ltr'><strong><em>περιγραφὴν</em></strong></span> 
     </span>
     <span class='ocr_line' id='line_1_24' title="bbox 242 1429 2467 1493; baseline 0.002 -27"><span class='ocrx_word' id='word_1_293' title='bbox 242 1433 304 1474; x_wconf 77' lang='grc' dir='ltr'><strong><em>τῆς</em></strong></span> <span class='ocrx_word' id='word_1_294' title='bbox 325 1434 466 1478; x_wconf 88' lang='grc' dir='ltr'><strong><em>γενικῆς</em></strong></span> <span class='ocrx_word' id='word_1_295' title='bbox 489 1429 678 1476; x_wconf 73' lang='grc' dir='ltr'><strong><em>ὑποθήκης</em></strong></span> <span class='ocrx_word' id='word_1_296' title='bbox 700 1434 779 1468; x_wconf 78' lang='grc' dir='ltr'><strong><em>τῶν</em></strong></span> <span class='ocrx_word' id='word_1_297' title='bbox 802 1432 924 1468; x_wconf 86' lang='grc' dir='ltr'><strong><em>ὄντων</em></strong></span> <span class='ocrx_word' id='word_1_298' title='bbox 948 1430 1068 1469; x_wconf 76' lang='grc' dir='ltr'><strong><em>αὐτοῖς</em></strong></span> <span class='ocrx_word' id='word_1_299' title='bbox 1089 1438 1149 1468; x_wconf 84' lang='grc' dir='ltr'><strong><em>καὶ</em></strong></span> <span class='ocrx_word' id='word_1_300' title='bbox 1174 1436 1358 1478; x_wconf 80' lang='grc' dir='ltr'><strong><em>ἐσομένων</em></strong></span> <span class='ocrx_word' id='word_1_301' title='bbox 1381 1436 1621 1483; x_wconf 84' lang='grc' dir='ltr'><strong><em>πραγμάτων,</em></strong></span> <span class='ocrx_word' id='word_1_302' title='bbox 1646 1437 1740 1470; x_wconf 78' lang='grc' dir='ltr'><strong><em>τινὲς</em></strong></span> <span class='ocrx_word' id='word_1_303' title='bbox 1763 1434 1803 1470; x_wconf 79' lang='grc' dir='ltr'><strong><em>δὲ</em></strong></span> <span class='ocrx_word' id='word_1_304' title='bbox 1826 1435 1872 1470; x_wconf 82' lang='grc' dir='ltr'><strong><em>τὰ</em></strong></span> <span class='ocrx_word' id='word_1_305' title='bbox 1896 1437 2034 1471; x_wconf 86' lang='grc' dir='ltr'><strong><em>ἑαυτοῖς</em></strong></span> <span class='ocrx_word' id='word_1_306' title='bbox 2057 1440 2350 1482; x_wconf 86' lang='grc' dir='ltr'><strong><em>κεχρεωστημένα</em></strong></span> <span class='ocrx_word' id='word_1_307' title='bbox 2367 1438 2467 1493; x_wconf 80' lang='grc' dir='ltr'><strong><em>παρὰ</em></strong></span> 
     </span>
     <span class='ocr_line' id='line_1_25' title="bbox 242 1475 2466 1529; baseline 0.003 -18"><span class='ocrx_word' id='word_1_308' title='bbox 242 1479 318 1511; x_wconf 81' lang='grc' dir='ltr'><strong><em>τῶν</em></strong></span> <span class='ocrx_word' id='word_1_309' title='bbox 340 1475 564 1513; x_wconf 81' lang='grc' dir='ltr'><strong><em>ὑπευθύνων</em></strong></span> <span class='ocrx_word' id='word_1_310' title='bbox 587 1476 908 1523; x_wconf 70' lang='grc' dir='ltr'><strong><em>ἀναλαμβάνοντες</em></strong></span> <span class='ocrx_word' id='word_1_311' title='bbox 931 1477 954 1522; x_wconf 85' lang='grc' dir='ltr'><em>ἢ</em></span> <span class='ocrx_word' id='word_1_312' title='bbox 978 1481 1019 1513; x_wconf 80' lang='grc' dir='ltr'><strong><em>ἐν</em></strong></span> <span class='ocrx_word' id='word_1_313' title='bbox 1041 1480 1218 1524; x_wconf 87' lang='grc' dir='ltr'><strong><em>χρήμασιν</em></strong></span> <span class='ocrx_word' id='word_1_314' title='bbox 1241 1478 1264 1523; x_wconf 85' lang='grc' dir='ltr'><em>ἢ</em></span> <span class='ocrx_word' id='word_1_315' title='bbox 1288 1481 1328 1514; x_wconf 78' lang='grc' dir='ltr'><strong><em>ἐν</em></strong></span> <span class='ocrx_word' id='word_1_316' title='bbox 1350 1479 1530 1525; x_wconf 84' lang='grc' dir='ltr'><strong><em>ἀκινήτοις</em></strong></span> <span class='ocrx_word' id='word_1_317' title='bbox 1553 1479 1725 1527; x_wconf 88' lang='grc' dir='ltr'><strong><em>προςόλου</em></strong></span> <span class='ocrx_word' id='word_1_318' title='bbox 1756 1484 1828 1515; x_wconf 87' lang='grc' dir='ltr'><strong><em>τοῖς</em></strong></span> <span class='ocrx_word' id='word_1_319' title='bbox 1852 1478 2062 1529; x_wconf 86' lang='grc' dir='ltr'><strong><em>πράγμασιν</em></strong></span> <span class='ocrx_word' id='word_1_320' title='bbox 2084 1481 2149 1516; x_wconf 84' lang='grc' dir='ltr'><strong><em>οὐκ</em></strong></span> <span class='ocrx_word' id='word_1_321' title='bbox 2173 1483 2221 1516; x_wconf 84' lang='grc' dir='ltr'><strong><em>εἰς</em></strong></span> <span class='ocrx_word' id='word_1_322' title='bbox 2243 1481 2338 1516; x_wconf 83' lang='grc' dir='ltr'><strong><em>ἴδιον</em></strong></span> <span class='ocrx_word' id='word_1_323' title='bbox 2361 1494 2466 1529; x_wconf 87' lang='grc' dir='ltr'><strong><em>προς-</em></strong></span> 
     </span>
     <span class='ocr_line' id='line_1_26' title="bbox 244 1520 2466 1573; baseline 0.003 -17"><span class='ocrx_word' id='word_1_324' title='bbox 244 1535 356 1565; x_wconf 90' lang='grc' dir='ltr'><strong><em>ωπον,</em></strong></span> <span class='ocrx_word' id='word_1_325' title='bbox 392 1520 484 1557; x_wconf 83' lang='grc' dir='ltr'><strong><em>ἀλλὰ</em></strong></span> <span class='ocrx_word' id='word_1_326' title='bbox 517 1523 620 1557; x_wconf 79' lang='grc' dir='ltr'><strong><em>καθὰ</em></strong></span> <span class='ocrx_word' id='word_1_327' title='bbox 648 1523 785 1569; x_wconf 85' lang='grc' dir='ltr'><strong><em>εἴρηται</em></strong></span> <span class='ocrx_word' id='word_1_328' title='bbox 816 1520 839 1567; x_wconf 84' lang='grc' dir='ltr'><em>ἢ</em></span> <span class='ocrx_word' id='word_1_329' title='bbox 870 1524 917 1557; x_wconf 87' lang='grc' dir='ltr'><strong><em>εἷς</em></strong></span> <span class='ocrx_word' id='word_1_330' title='bbox 947 1524 991 1558; x_wconf 86' lang='grc' dir='ltr'><strong><em>τὸ</em></strong></span> <span class='ocrx_word' id='word_1_331' title='bbox 1023 1526 1100 1559; x_wconf 79' lang='grc' dir='ltr'><strong><em>τῶν</em></strong></span> <span class='ocrx_word' id='word_1_332' title='bbox 1133 1526 1362 1569; x_wconf 80' lang='grc' dir='ltr'><strong><em>συμβιουσῶν</em></strong></span> <span class='ocrx_word' id='word_1_333' title='bbox 1394 1523 1418 1569; x_wconf 87' lang='grc' dir='ltr'><em>ἢ</em></span> <span class='ocrx_word' id='word_1_334' title='bbox 1450 1528 1634 1573; x_wconf 80' lang='grc' dir='ltr'><strong><em>συγγενῶν</em></strong></span> <span class='ocrx_word' id='word_1_335' title='bbox 1659 1525 1727 1569; x_wconf 83' lang='grc' dir='ltr'><strong><em>τὴν</em></strong></span> <span class='ocrx_word' id='word_1_336' title='bbox 1749 1525 1920 1569; x_wconf 84' lang='grc' dir='ltr'><strong><em>τοιαύτην</em></strong></span> <span class='ocrx_word' id='word_1_337' title='bbox 1944 1526 2151 1570; x_wconf 82' lang='grc' dir='ltr'><strong><em>καταβολὴν</em></strong></span> <span class='ocrx_word' id='word_1_338' title='bbox 2175 1525 2197 1570; x_wconf 84' lang='grc' dir='ltr'><em>ἢ</em></span> <span class='ocrx_word' id='word_1_339' title='bbox 2220 1524 2419 1572; x_wconf 76' lang='grc' dir='ltr'><strong><em>ἐκχώρησιν</em></strong></span> <span class='ocrx_word' id='word_1_340' title='bbox 2441 1524 2466 1571; x_wconf 81' lang='grc' dir='ltr'><em>ἢ</em></span> 
     </span>
     <span class='ocr_line' id='line_1_27' title="bbox 242 1568 2467 1627; baseline 0.003 -26"><span class='ocrx_word' id='word_1_341' title='bbox 242 1569 377 1612; x_wconf 82' lang='grc' dir='ltr'><strong><em>πρᾶσιν</em></strong></span> <span class='ocrx_word' id='word_1_342' title='bbox 407 1569 580 1614; x_wconf 85' lang='grc' dir='ltr'><strong><em>γίνεσθαι</em></strong></span> <span class='ocrx_word' id='word_1_343' title='bbox 611 1569 712 1615; x_wconf 82' lang='grc' dir='ltr'><strong><em>παρὰ</em></strong></span> <span class='ocrx_word' id='word_1_344' title='bbox 742 1570 821 1603; x_wconf 77' lang='grc' dir='ltr'><strong><em>τῶν</em></strong></span> <span class='ocrx_word' id='word_1_345' title='bbox 852 1568 1126 1614; x_wconf 84' lang='grc' dir='ltr'><strong><em>ἐποφειλόντων</em></strong></span> <span class='ocrx_word' id='word_1_346' title='bbox 1156 1568 1502 1614; x_wconf 83' lang='grc' dir='ltr'><strong><em>παρασκευάζουσιν,</em></strong></span> <span class='ocrx_word' id='word_1_347' title='bbox 1531 1568 1620 1607; x_wconf 76' lang='grc' dir='ltr'><strong><em>ὦςτε</em></strong></span> <span class='ocrx_word' id='word_1_348' title='bbox 1651 1569 1714 1605; x_wconf 82' lang='grc' dir='ltr'><strong><em>διὰ</em></strong></span> <span class='ocrx_word' id='word_1_349' title='bbox 1741 1572 1803 1614; x_wconf 71' lang='grc' dir='ltr'><strong><em>τῆς</em></strong></span> <span class='ocrx_word' id='word_1_350' title='bbox 1834 1569 1999 1627; x_wconf 79' lang='grc' dir='ltr'><strong><em>τοιαύτης</em></strong></span> <span class='ocrx_word' id='word_1_351' title='bbox 2029 1569 2193 1616; x_wconf 88' lang='grc' dir='ltr'><strong><em>μεθόδου</em></strong></span> <span class='ocrx_word' id='word_1_352' title='bbox 2225 1573 2377 1606; x_wconf 74' lang='grc' dir='ltr'><strong><em>ἐκείνους</em></strong></span> <span class='ocrx_word' id='word_1_353' title='bbox 2399 1574 2467 1617; x_wconf 76' lang='grc' dir='ltr'><strong><em>μὲν</em></strong></span> 
     </span>
     <span class='ocr_line' id='line_1_28' title="bbox 241 1611 2465 1663; baseline 0.003 -18"><span class='ocrx_word' id='word_1_354' title='bbox 241 1611 399 1658; x_wconf 82' lang='grc' dir='ltr'><strong><em>ἀπορίαν</em></strong></span> <span class='ocrx_word' id='word_1_355' title='bbox 430 1612 685 1657; x_wconf 86' lang='grc' dir='ltr'><strong><em>προΐσχεσθαι,</em></strong></span> <span class='ocrx_word' id='word_1_356' title='bbox 715 1614 795 1648; x_wconf 83' lang='grc' dir='ltr'><strong><em>τοὺς</em></strong></span> <span class='ocrx_word' id='word_1_357' title='bbox 828 1611 868 1647; x_wconf 75' lang='grc' dir='ltr'><strong><em>δὲ</em></strong></span> <span class='ocrx_word' id='word_1_358' title='bbox 899 1615 937 1648; x_wconf 82' lang='grc' dir='ltr'><strong><em>ἐκ</em></strong></span> <span class='ocrx_word' id='word_1_359' title='bbox 968 1615 1032 1648; x_wconf 77' lang='grc' dir='ltr'><strong><em>τοῦ</em></strong></span> <span class='ocrx_word' id='word_1_360' title='bbox 1063 1615 1248 1659; x_wconf 82' lang='grc' dir='ltr'><strong><em>εἰρημένου</em></strong></span> <span class='ocrx_word' id='word_1_361' title='bbox 1281 1617 1358 1650; x_wconf 77' lang='grc' dir='ltr'><strong><em>τῶν</em></strong></span> <span class='ocrx_word' id='word_1_362' title='bbox 1389 1613 1677 1663; x_wconf 81' lang='grc' dir='ltr'><strong><em>ἀργυροπρατῶν</em></strong></span> <span class='ocrx_word' id='word_1_363' title='bbox 1706 1620 1910 1659; x_wconf 89' lang='grc' dir='ltr'><strong><em>σωματείου</em></strong></span> <span class='ocrx_word' id='word_1_364' title='bbox 1941 1619 2124 1663; x_wconf 84' lang='grc' dir='ltr'><strong><em>ευεργέτας</em></strong></span> <span class='ocrx_word' id='word_1_365' title='bbox 2154 1615 2395 1663; x_wconf 86' lang='grc' dir='ltr'><strong><em>τυγχάνοντας</em></strong></span> <span class='ocrx_word' id='word_1_366' title='bbox 2416 1617 2465 1662; x_wconf 87' lang='grc' dir='ltr'><strong><em>μὴ</em></strong></span> 
     </span>
     <span class='ocr_line' id='line_1_29' title="bbox 243 1655 2466 1716; baseline 0.003 -26"><span class='ocrx_word' id='word_1_367' title='bbox 243 1655 428 1692; x_wconf 89' lang='grc' dir='ltr'><strong><em>δύνασθαι</em></strong></span> <span class='ocrx_word' id='word_1_368' title='bbox 458 1660 602 1692; x_wconf 83' lang='grc' dir='ltr'><strong><em>ἐκείνοις</em></strong></span> <span class='ocrx_word' id='word_1_369' title='bbox 633 1658 784 1705; x_wconf 79' lang='grc' dir='ltr'><strong><em>ἐνάγειν,</em></strong></span> <span class='ocrx_word' id='word_1_370' title='bbox 814 1658 905 1703; x_wconf 86' lang='grc' dir='ltr'><strong><em>πρὸς</em></strong></span> <span class='ocrx_word' id='word_1_371' title='bbox 935 1657 994 1693; x_wconf 74' lang='grc' dir='ltr'><strong><em>οὓς</em></strong></span> <span class='ocrx_word' id='word_1_372' title='bbox 1017 1657 1058 1694; x_wconf 80' lang='grc' dir='ltr'><strong><em>οὐ</em></strong></span> <span class='ocrx_word' id='word_1_373' title='bbox 1091 1658 1236 1694; x_wconf 77' lang='grc' dir='ltr'><strong><em>δοκοῦσι</em></strong></span> <span class='ocrx_word' id='word_1_374' title='bbox 1267 1665 1503 1716; x_wconf 84' lang='grc' dir='ltr'><strong><em>πεποιηκέναι</em></strong></span> <span class='ocrx_word' id='word_1_375' title='bbox 1533 1660 1774 1707; x_wconf 86' lang='grc' dir='ltr'><strong><em>συνάλλαγμα,</em></strong></span> <span class='ocrx_word' id='word_1_376' title='bbox 1806 1664 1865 1695; x_wconf 84' lang='grc' dir='ltr'><strong><em>καὶ</em></strong></span> <span class='ocrx_word' id='word_1_377' title='bbox 1890 1663 1931 1696; x_wconf 79' lang='grc' dir='ltr'><strong><em>ἐν</em></strong></span> <span class='ocrx_word' id='word_1_378' title='bbox 1954 1660 2075 1704; x_wconf 83' lang='grc' dir='ltr'><strong><em>τούτῳ</em></strong></span> <span class='ocrx_word' id='word_1_379' title='bbox 2100 1663 2152 1705; x_wconf 78' lang='grc' dir='ltr'><strong><em>τῷ</em></strong></span> <span class='ocrx_word' id='word_1_380' title='bbox 2177 1661 2360 1706; x_wconf 75' lang='grc' dir='ltr'><strong><em>κεφαλαίῳ</em></strong></span> <span class='ocrx_word' id='word_1_381' title='bbox 2383 1662 2466 1706; x_wconf 84' lang='grc' dir='ltr'><strong><em>ἴσην</em></strong></span> 
     </span>
     <span class='ocr_line' id='line_1_30' title="bbox 243 1702 2465 1751; baseline 0.003 -16"><span class='ocrx_word' id='word_1_382' title='bbox 243 1702 452 1747; x_wconf 81' lang='grc' dir='ltr'><strong><em>φιλοτιμίαν</em></strong></span> <span class='ocrx_word' id='word_1_383' title='bbox 481 1706 554 1736; x_wconf 89' lang='grc' dir='ltr'><strong><em>τοῖς</em></strong></span> <span class='ocrx_word' id='word_1_384' title='bbox 587 1716 627 1737; x_wconf 90' lang='grc' dir='ltr'><strong><em>τε</em></strong></span> <span class='ocrx_word' id='word_1_385' title='bbox 651 1702 940 1749; x_wconf 82' lang='grc' dir='ltr'><strong><em>άργυροπράταις</em></strong></span> <span class='ocrx_word' id='word_1_386' title='bbox 963 1707 1035 1738; x_wconf 86' lang='grc' dir='ltr'><strong><em>τοῖς</em></strong></span> <span class='ocrx_word' id='word_1_387' title='bbox 1059 1718 1099 1738; x_wconf 87' lang='grc' dir='ltr'><strong><em>τε</em></strong></span> <span class='ocrx_word' id='word_1_388' title='bbox 1122 1703 1199 1739; x_wconf 72' lang='grc' dir='ltr'><strong><em>κατ’</em></strong></span> <span class='ocrx_word' id='word_1_389' title='bbox 1227 1704 1351 1740; x_wconf 76' lang='grc' dir='ltr'><strong><em>αὐτῶν</em></strong></span> <span class='ocrx_word' id='word_1_390' title='bbox 1374 1710 1500 1750; x_wconf 85' lang='grc' dir='ltr'><strong><em>ομοίας</em></strong></span> <span class='ocrx_word' id='word_1_391' title='bbox 1523 1703 1717 1741; x_wconf 80' lang='grc' dir='ltr'><strong><em>ὑποθέσεις</em></strong></span> <span class='ocrx_word' id='word_1_392' title='bbox 1740 1706 1881 1740; x_wconf 81' lang='grc' dir='ltr'><strong><em>κινοῦσι</em></strong></span> <span class='ocrx_word' id='word_1_393' title='bbox 1905 1709 2120 1751; x_wconf 86' lang='grc' dir='ltr'><strong><em>παρέχοντες</em></strong></span> <span class='ocrx_word' id='word_1_394' title='bbox 2142 1705 2341 1750; x_wconf 85' lang='grc' dir='ltr'><strong><em>κελεύομεν,</em></strong></span> <span class='ocrx_word' id='word_1_395' title='bbox 2367 1703 2465 1749; x_wconf 69' lang='grc' dir='ltr'><strong><em>ὥςτε,</em></strong></span> 
     </span>
     <span class='ocr_line' id='line_1_31' title="bbox 242 1745 2464 1796; baseline 0.003 -17"><span class='ocrx_word' id='word_1_396' title='bbox 242 1747 273 1780; x_wconf 84' lang='grc' dir='ltr'><strong><em>εἰ</em></strong></span> <span class='ocrx_word' id='word_1_397' title='bbox 305 1745 466 1790; x_wconf 86' lang='grc' dir='ltr'><strong><em>δειχθείη</em></strong></span> <span class='ocrx_word' id='word_1_398' title='bbox 492 1749 570 1781; x_wconf 80' lang='grc' dir='ltr'><strong><em>τῶν</em></strong></span> <span class='ocrx_word' id='word_1_399' title='bbox 600 1747 873 1793; x_wconf 75' lang='grc' dir='ltr'><strong><em>ἐποφειλόντων</em></strong></span> <span class='ocrx_word' id='word_1_400' title='bbox 902 1759 955 1782; x_wconf 89' lang='grc' dir='ltr'><strong><em>τις</em></strong></span> <span class='ocrx_word' id='word_1_401' title='bbox 986 1748 1084 1792; x_wconf 84' lang='grc' dir='ltr'><strong><em>δόλῳ</em></strong></span> <span class='ocrx_word' id='word_1_402' title='bbox 1115 1748 1158 1783; x_wconf 88' lang='grc' dir='ltr'><strong><em>τὸ</em></strong></span> <span class='ocrx_word' id='word_1_403' title='bbox 1181 1749 1229 1794; x_wconf 83' lang='grc' dir='ltr'><strong><em>μὴ</em></strong></span> <span class='ocrx_word' id='word_1_404' title='bbox 1255 1751 1435 1792; x_wconf 83' lang='grc' dir='ltr'><strong><em>νέμεσθαι</em></strong></span> <span class='ocrx_word' id='word_1_405' title='bbox 1466 1751 1511 1785; x_wconf 85' lang='grc' dir='ltr'><strong><em>τὰ</em></strong></span> <span class='ocrx_word' id='word_1_406' title='bbox 1546 1749 1647 1794; x_wconf 80' lang='grc' dir='ltr'><strong><em>αύτῷ</em></strong></span> <span class='ocrx_word' id='word_1_407' title='bbox 1676 1750 1899 1796; x_wconf 88' lang='grc' dir='ltr'><strong><em>προςήκοντα</em></strong></span> <span class='ocrx_word' id='word_1_408' title='bbox 1928 1750 2166 1795; x_wconf 83' lang='grc' dir='ltr'><strong><em>ποιησάμενος</em></strong></span> <span class='ocrx_word' id='word_1_409' title='bbox 2188 1755 2248 1785; x_wconf 82' lang='grc' dir='ltr'><strong><em>καὶ</em></strong></span> <span class='ocrx_word' id='word_1_410' title='bbox 2271 1752 2319 1785; x_wconf 82' lang='grc' dir='ltr'><strong><em>εἰς</em></strong></span> <span class='ocrx_word' id='word_1_411' title='bbox 2341 1753 2464 1795; x_wconf 72' lang='grc' dir='ltr'><strong><em>ἕτερον</em></strong></span> 
     </span>
     <span class='ocr_line' id='line_1_32' title="bbox 242 1791 2465 1842; baseline 0.002 -17"><span class='ocrx_word' id='word_1_412' title='bbox 242 1793 435 1836; x_wconf 80' lang='grc' dir='ltr'><strong><em>σιωπηρῶς</em></strong></span> <span class='ocrx_word' id='word_1_413' title='bbox 457 1792 505 1826; x_wconf 88' lang='grc' dir='ltr'><strong><em>τὰ</em></strong></span> <span class='ocrx_word' id='word_1_414' title='bbox 529 1793 640 1825; x_wconf 87' lang='grc' dir='ltr'><strong><em>οἰκεῖα</em></strong></span> <span class='ocrx_word' id='word_1_415' title='bbox 662 1793 879 1839; x_wconf 75' lang='grc' dir='ltr'><strong><em>μεταγαγών</em></strong></span> <span class='ocrx_word' id='word_1_416' title='bbox 902 1791 1034 1836; x_wconf 87' lang='grc' dir='ltr'><strong><em>δίκαια,</em></strong></span> <span class='ocrx_word' id='word_1_417' title='bbox 1059 1794 1192 1834; x_wconf 79' lang='grc' dir='ltr'><strong><em>ἐξεῖναι</em></strong></span> <span class='ocrx_word' id='word_1_418' title='bbox 1214 1797 1287 1828; x_wconf 89' lang='grc' dir='ltr'><strong><em>τοῖς</em></strong></span> <span class='ocrx_word' id='word_1_419' title='bbox 1311 1794 1476 1840; x_wconf 80' lang='grc' dir='ltr'><strong><em>ἐνάγουσι</em></strong></span> <span class='ocrx_word' id='word_1_420' title='bbox 1497 1793 1558 1828; x_wconf 86' lang='grc' dir='ltr'><strong><em>διὰ</em></strong></span> <span class='ocrx_word' id='word_1_421' title='bbox 1577 1797 1640 1838; x_wconf 83' lang='grc' dir='ltr'><strong><em>τῆς</em></strong></span> <span class='ocrx_word' id='word_1_422' title='bbox 1662 1796 1699 1830; x_wconf 91' lang='lat' dir='ltr'><strong><em>in</em></strong></span> <span class='ocrx_word' id='word_1_423' title='bbox 1721 1805 1796 1830; x_wconf 83' lang='lat' dir='ltr'><strong><em>rem</em></strong></span> <span class='ocrx_word' id='word_1_424' title='bbox 1820 1791 1842 1838; x_wconf 81' lang='grc' dir='ltr'><em>ἢ</em></span> <span class='ocrx_word' id='word_1_425' title='bbox 1868 1792 1912 1828; x_wconf 79' lang='grc' dir='ltr'><strong><em>δι’</em></strong></span> <span class='ocrx_word' id='word_1_426' title='bbox 1937 1794 2045 1838; x_wconf 78' lang='grc' dir='ltr'><strong><em>ἄλλης</em></strong></span> <span class='ocrx_word' id='word_1_427' title='bbox 2069 1799 2219 1839; x_wconf 87' lang='grc' dir='ltr'><strong><em>νομίμου</em></strong></span> <span class='ocrx_word' id='word_1_428' title='bbox 2243 1793 2382 1842; x_wconf 77' lang='grc' dir='ltr'><strong><em>ἀγωγῆς</em></strong></span> <span class='ocrx_word' id='word_1_429' title='bbox 2404 1799 2465 1829; x_wconf 83' lang='grc' dir='ltr'><strong><em>καὶ</em></strong></span> 
     </span>
     <span class='ocr_line' id='line_1_33' title="bbox 243 1835 2464 1886; baseline 0.003 -18"><span class='ocrx_word' id='word_1_430' title='bbox 243 1835 398 1880; x_wconf 81' lang='grc' dir='ltr'><strong><em>ἐλέγχειν</em></strong></span> <span class='ocrx_word' id='word_1_431' title='bbox 434 1837 477 1870; x_wconf 84' lang='grc' dir='ltr'><strong><em>τὸ</em></strong></span> <span class='ocrx_word' id='word_1_432' title='bbox 507 1835 712 1881; x_wconf 88' lang='grc' dir='ltr'><strong><em>γινόμενον,</em></strong></span> <span class='ocrx_word' id='word_1_433' title='bbox 746 1841 806 1870; x_wconf 85' lang='grc' dir='ltr'><strong><em>καὶ</em></strong></span> <span class='ocrx_word' id='word_1_434' title='bbox 835 1840 964 1882; x_wconf 88' lang='grc' dir='ltr'><strong><em>χωρεῖν</em></strong></span> <span class='ocrx_word' id='word_1_435' title='bbox 996 1838 1089 1871; x_wconf 81' lang='grc' dir='ltr'><strong><em>κατὰ</em></strong></span> <span class='ocrx_word' id='word_1_436' title='bbox 1121 1839 1199 1873; x_wconf 78' lang='grc' dir='ltr'><strong><em>τῶν</em></strong></span> <span class='ocrx_word' id='word_1_437' title='bbox 1231 1839 1429 1883; x_wconf 73' lang='grc' dir='ltr'><strong><em>εἰρημένων</em></strong></span> <span class='ocrx_word' id='word_1_438' title='bbox 1457 1840 1686 1886; x_wconf 86' lang='grc' dir='ltr'><strong><em>πραγμάτων</em></strong></span> <span class='ocrx_word' id='word_1_439' title='bbox 1717 1838 1766 1873; x_wconf 70' lang='grc' dir='ltr'><strong><em>αἶς</em></strong></span> <span class='ocrx_word' id='word_1_440' title='bbox 1797 1840 1861 1873; x_wconf 83' lang='grc' dir='ltr'><strong><em>τοῦ</em></strong></span> <span class='ocrx_word' id='word_1_441' title='bbox 1893 1839 2075 1885; x_wconf 75' lang='grc' dir='ltr'><strong><em>χρεώστον</em></strong></span> <span class='ocrx_word' id='word_1_442' title='bbox 2103 1840 2370 1886; x_wconf 86' lang='grc' dir='ltr'><strong><em>τυγχανόντων,</em></strong></span> <span class='ocrx_word' id='word_1_443' title='bbox 2404 1844 2464 1874; x_wconf 85' lang='grc' dir='ltr'><strong><em>καὶ</em></strong></span> 
     </span>
     <span class='ocr_line' id='line_1_34' title="bbox 242 1879 2465 1940; baseline 0.002 -25"><span class='ocrx_word' id='word_1_444' title='bbox 242 1881 480 1923; x_wconf 86' lang='grc' dir='ltr'><strong><em>πανταχόθεν</em></strong></span> <span class='ocrx_word' id='word_1_445' title='bbox 503 1882 565 1924; x_wconf 85' lang='grc' dir='ltr'><strong><em>τῆς</em></strong></span> <span class='ocrx_word' id='word_1_446' title='bbox 584 1881 743 1925; x_wconf 78' lang='grc' dir='ltr'><strong><em>μηχανῆς</em></strong></span> <span class='ocrx_word' id='word_1_447' title='bbox 765 1879 1052 1925; x_wconf 86' lang='grc' dir='ltr'><strong><em>ἀπελαυνομένης</em></strong></span> <span class='ocrx_word' id='word_1_448' title='bbox 1073 1883 1115 1917; x_wconf 86' lang='grc' dir='ltr'><strong><em>τὸ</em></strong></span> <span class='ocrx_word' id='word_1_449' title='bbox 1139 1881 1293 1927; x_wconf 83' lang='grc' dir='ltr'><strong><em>ἀζήμιον</em></strong></span> <span class='ocrx_word' id='word_1_450' title='bbox 1317 1881 1436 1917; x_wconf 87' lang='grc' dir='ltr'><strong><em>αὑτοῖς</em></strong></span> <span class='ocrx_word' id='word_1_451' title='bbox 1459 1885 1523 1918; x_wconf 81' lang='grc' dir='ltr'><strong><em>ἐπί</em></strong></span> <span class='ocrx_word' id='word_1_452' title='bbox 1541 1897 1582 1918; x_wconf 91' lang='grc' dir='ltr'><strong><em>τε</em></strong></span> <span class='ocrx_word' id='word_1_453' title='bbox 1604 1885 1657 1927; x_wconf 78' lang='grc' dir='ltr'><strong><em>τῷ</em></strong></span> <span class='ocrx_word' id='word_1_454' title='bbox 1681 1887 1774 1929; x_wconf 85' lang='grc' dir='ltr'><strong><em>χρέει</em></strong></span> <span class='ocrx_word' id='word_1_455' title='bbox 1799 1885 1861 1918; x_wconf 81' lang='grc' dir='ltr'><strong><em>ἐπί</em></strong></span> <span class='ocrx_word' id='word_1_456' title='bbox 1882 1897 1921 1917; x_wconf 94' lang='grc' dir='ltr'><strong><em>τε</em></strong></span> <span class='ocrx_word' id='word_1_457' title='bbox 1944 1887 2017 1918; x_wconf 89' lang='grc' dir='ltr'><strong><em>τοῖς</em></strong></span> <span class='ocrx_word' id='word_1_458' title='bbox 2041 1886 2100 1919; x_wconf 84' lang='grc' dir='ltr'><strong><em>ἐπὶ</em></strong></span> <span class='ocrx_word' id='word_1_459' title='bbox 2124 1883 2243 1928; x_wconf 79' lang='grc' dir='ltr'><strong><em>τούτῳ</em></strong></span> <span class='ocrx_word' id='word_1_460' title='bbox 2263 1888 2465 1940; x_wconf 76' lang='grc' dir='ltr'><strong><em>γινομένοις</em></strong></span> 
     </span>
     <span class='ocr_line' id='line_1_35' title="bbox 243 1924 2466 1976; baseline 0.002 -17"><span class='ocrx_word' id='word_1_461' title='bbox 243 1924 479 1970; x_wconf 88' lang='grc' dir='ltr'><strong><em>δαπανήμασι</em></strong></span> <span class='ocrx_word' id='word_1_462' title='bbox 508 1930 719 1972; x_wconf 90' lang='grc' dir='ltr'><strong><em>περιποιεῖν.</em></strong></span> <span class='ocrx_word' id='word_1_463' title='bbox 765 1927 870 1971; x_wconf 84' lang='grc' dir='ltr'><strong><em>ἴσμεν</em></strong></span> <span class='ocrx_word' id='word_1_464' title='bbox 902 1927 971 1973; x_wconf 80' lang='grc' dir='ltr'><strong><em>γὰρ</em></strong></span> <span class='ocrx_word' id='word_1_465' title='bbox 1006 1927 1075 1971; x_wconf 84' lang='grc' dir='ltr'><strong><em>τὴν</em></strong></span> <span class='ocrx_word' id='word_1_466' title='bbox 1108 1929 1171 1971; x_wconf 84' lang='grc' dir='ltr'><strong><em>τῆς</em></strong></span> <span class='ocrx_word' id='word_1_467' title='bbox 1204 1929 1268 1972; x_wconf 81' lang='grc' dir='ltr'><strong><em>σῆς</em></strong></span> <span class='ocrx_word' id='word_1_468' title='bbox 1302 1927 1506 1975; x_wconf 88' lang='grc' dir='ltr'><strong><em>λογιότητος</em></strong></span> <span class='ocrx_word' id='word_1_469' title='bbox 1542 1932 1602 1962; x_wconf 87' lang='grc' dir='ltr'><strong><em>καὶ</em></strong></span> <span class='ocrx_word' id='word_1_470' title='bbox 1638 1930 1703 1963; x_wconf 84' lang='grc' dir='ltr'><strong><em>τοῦ</em></strong></span> <span class='ocrx_word' id='word_1_471' title='bbox 1734 1929 2047 1972; x_wconf 82' lang='grc' dir='ltr'><strong><em>μνημονευθέντος</em></strong></span> <span class='ocrx_word' id='word_1_472' title='bbox 2072 1927 2310 1970; x_wconf 81' lang='grc' dir='ltr'><strong><em>ἐνδοξοτάτου</em></strong></span> <span class='ocrx_word' id='word_1_473' title='bbox 2337 1928 2466 1976; x_wconf 83' lang='grc' dir='ltr'><strong><em>ανδρὸς</em></strong></span> 
     </span>
    </p>
   </div>
   <div class='ocr_carea' id='block_1_10' title="bbox 1214 2035 1354 2043">
    <p class='ocr_par' dir='ltr' id='par_1_10' title="bbox 1214 2035 1354 2043">
     <span class='ocr_line' id='line_1_36' title="bbox 1214 2035 1354 2043; baseline 0 0"><span class='ocrx_word' id='word_1_474' title='bbox 1214 2035 1354 2043; x_wconf 95' lang='lat' dir='ltr'><strong><em> </em></strong></span> 
     </span>
    </p>
   </div>
   <div class='ocr_carea' id='block_1_11' title="bbox 238 2103 2465 2375">
    <p class='ocr_par' dir='ltr' id='par_1_11' title="bbox 238 2103 2465 2375">
     <span class='ocr_line' id='line_1_37' title="bbox 238 2103 2462 2154; baseline 0.004 -16"><span class='ocrx_word' id='word_1_475' title='bbox 238 2105 344 2150; x_wconf 84' lang='lat' dir='ltr'><em>facta</em></span> <span class='ocrx_word' id='word_1_476' title='bbox 367 2103 556 2149; x_wconf 83' lang='lat' dir='ltr'><em>depositio,</em></span> <span class='ocrx_word' id='word_1_477' title='bbox 581 2113 661 2139; x_wconf 87' lang='lat' dir='ltr'><strong><em>cum</em></strong></span> <span class='ocrx_word' id='word_1_478' title='bbox 691 2103 794 2151; x_wconf 77' lang='lat' dir='ltr'><em>diqni</em></span> <span class='ocrx_word' id='word_1_479' title='bbox 811 2104 886 2140; x_wconf 89' lang='lat' dir='ltr'><em>sint</em></span> <span class='ocrx_word' id='word_1_480' title='bbox 909 2104 1038 2150; x_wconf 87' lang='lat' dir='ltr'><em>quibus</em></span> <span class='ocrx_word' id='word_1_481' title='bbox 1056 2115 1128 2150; x_wconf 86' lang='lat' dir='ltr'><strong><em>per</em></strong></span> <span class='ocrx_word' id='word_1_482' title='bbox 1149 2115 1189 2141; x_wconf 92' lang='lat' dir='ltr'><strong><em>se</em></strong></span> <span class='ocrx_word' id='word_1_483' title='bbox 1212 2104 1383 2141; x_wconf 84' lang='lat' dir='ltr'><em>credatur</em></span> <span class='ocrx_word' id='word_1_484' title='bbox 1404 2106 1449 2149; x_wconf 90' lang='lat' dir='ltr'><strong><em>ei,</em></strong></span> <span class='ocrx_word' id='word_1_485' title='bbox 1470 2116 1623 2152; x_wconf 86' lang='lat' dir='ltr'><em>quorum</em></span> <span class='ocrx_word' id='word_1_486' title='bbox 1645 2106 1739 2151; x_wconf 78' lang='lat' dir='ltr'><em>fides</em></span> <span class='ocrx_word' id='word_1_487' title='bbox 1762 2107 1870 2142; x_wconf 84' lang='lat' dir='ltr'><em>etiam</em></span> <span class='ocrx_word' id='word_1_488' title='bbox 1915 2118 1958 2142; x_wconf 90' lang='lat' dir='ltr'><strong><em>ro</em></strong></span> <span class='ocrx_word' id='word_1_489' title='bbox 1983 2107 2067 2143; x_wconf 85' lang='lat' dir='ltr'><em>aliis</em></span> <span class='ocrx_word' id='word_1_490' title='bbox 2093 2108 2266 2154; x_wconf 77' lang='lat' dir='ltr'><em>sufficere</em></span> <span class='ocrx_word' id='word_1_491' title='bbox 2284 2113 2462 2146; x_wconf 89' lang='lat' dir='ltr'><em>censetur.</em></span> 
     </span>
     <span class='ocr_line' id='line_1_38' title="bbox 239 2118 2462 2197; baseline 0.002 -12"><span class='ocrx_word' id='word_1_492' title='bbox 239 2148 479 2195; x_wconf 80' lang='lat' dir='ltr'><em>Manifestum</em></span> <span class='ocrx_word' id='word_1_493' title='bbox 510 2152 628 2184; x_wconf 90' lang='lat' dir='ltr'><em>autem</em></span> <span class='ocrx_word' id='word_1_494' title='bbox 659 2153 725 2191; x_wconf 89' lang='lat' dir='ltr'><em>est,</em></span> <span class='ocrx_word' id='word_1_495' title='bbox 755 2149 789 2183; x_wconf 88' lang='lat' dir='ltr'><strong><em>si</em></strong></span> <span class='ocrx_word' id='word_1_496' title='bbox 819 2148 891 2195; x_wconf 78' lang='lat' dir='ltr'><em>leqi</em></span> <span class='ocrx_word' id='word_1_497' title='bbox 920 2149 1185 2192; x_wconf 78' lang='lat' dir='ltr'><em>succubuerint,</em></span> <span class='ocrx_word' id='word_1_498' title='bbox 1216 2149 1308 2185; x_wconf 86' lang='lat' dir='ltr'><em>nihil</em></span> <span class='ocrx_word' id='word_1_499' title='bbox 1328 2150 1403 2186; x_wconf 85' lang='lat' dir='ltr'><em>illis</em></span> <span class='ocrx_word' id='word_1_500' title='bbox 1422 2151 1660 2197; x_wconf 81' lang='lat' dir='ltr'><em>profuturum</em></span> <span class='ocrx_word' id='word_1_501' title='bbox 1684 2162 1773 2194; x_wconf 93' lang='lat' dir='ltr'><em>esse,</em></span> <span class='ocrx_word' id='word_1_502' title='bbox 1798 2118 1912 2197; x_wconf 60' lang='lat' dir='ltr'><strong><em>quod⁹</em></strong></span> <span class='ocrx_word' id='word_1_503' title='bbox 1916 2152 2167 2197; x_wconf 77' lang='lat' dir='ltr'><em>fideiussorem</em></span> <span class='ocrx_word' id='word_1_504' title='bbox 2192 2164 2263 2189; x_wconf 89' lang='lat' dir='ltr'><strong><em>non</em></strong></span> <span class='ocrx_word' id='word_1_505' title='bbox 2287 2154 2462 2197; x_wconf 80' lang='lat' dir='ltr'><em>dederint,</em></span> 
     </span>
     <span class='ocr_line' id='line_1_39' title="bbox 239 2193 2465 2252; baseline 0.002 -23"><span class='ocrx_word' id='word_1_506' title='bbox 239 2194 303 2230; x_wconf 90' lang='lat' dir='ltr'><strong><em>sed</em></strong></span> <span class='ocrx_word' id='word_1_507' title='bbox 331 2193 563 2228; x_wconf 86' lang='lat' dir='ltr'><em>nihilominus</em></span> <span class='ocrx_word' id='word_1_508' title='bbox 591 2193 750 2230; x_wconf 86' lang='lat' dir='ltr'><em>decimae</em></span> <span class='ocrx_word' id='word_1_509' title='bbox 777 2204 840 2229; x_wconf 88' lang='lat' dir='ltr'><strong><em>eos</em></strong></span> <span class='ocrx_word' id='word_1_510' title='bbox 870 2195 990 2240; x_wconf 87' lang='lat' dir='ltr'><em>partis</em></span> <span class='ocrx_word' id='word_1_511' title='bbox 1012 2205 1173 2240; x_wconf 83' lang='lat' dir='ltr'><em>poenam</em></span> <span class='ocrx_word' id='word_1_512' title='bbox 1204 2195 1388 2231; x_wconf 90' lang='lat' dir='ltr'><em>soluturos</em></span> <span class='ocrx_word' id='word_1_513' title='bbox 1411 2207 1499 2239; x_wconf 89' lang='lat' dir='ltr'><em>esse,</em></span> <span class='ocrx_word' id='word_1_514' title='bbox 1530 2195 1827 2242; x_wconf 83' lang='lat' dir='ltr'><em>quemadmodum</em></span> <span class='ocrx_word' id='word_1_515' title='bbox 1850 2197 1957 2232; x_wconf 84' lang='lat' dir='ltr'><em>etiam</em></span> <span class='ocrx_word' id='word_1_516' title='bbox 2006 2198 2043 2232; x_wconf 91' lang='lat' dir='ltr'><strong><em>ui</em></strong></span> <span class='ocrx_word' id='word_1_517' title='bbox 2067 2198 2163 2233; x_wconf 91' lang='lat' dir='ltr'><em>litem</em></span> <span class='ocrx_word' id='word_1_518' title='bbox 2187 2199 2276 2252; x_wconf 89' lang='lat' dir='ltr'><em>ipsis</em></span> <span class='ocrx_word' id='word_1_519' title='bbox 2299 2200 2465 2245; x_wconf 82' lang='lat' dir='ltr'><em>inferunt</em></span> 
     </span>
     <span class='ocr_line' id='line_1_40' title="bbox 239 2239 2465 2290; baseline 0.003 -16"><span class='ocrx_word' id='word_1_520' title='bbox 239 2243 274 2275; x_wconf 91' lang='lat' dir='ltr'><strong><em>et</em></strong></span> <span class='ocrx_word' id='word_1_521' title='bbox 304 2239 453 2285; x_wconf 79' lang='lat' dir='ltr'><em>insuper</em></span> <span class='ocrx_word' id='word_1_522' title='bbox 485 2239 548 2284; x_wconf 89' lang='lat' dir='ltr'><strong><em>qui</em></strong></span> <span class='ocrx_word' id='word_1_523' title='bbox 579 2239 624 2274; x_wconf 92' lang='lat' dir='ltr'><strong><em>ab</em></strong></span> <span class='ocrx_word' id='word_1_524' title='bbox 655 2239 745 2285; x_wconf 87' lang='lat' dir='ltr'><em>ipsis</em></span> <span class='ocrx_word' id='word_1_525' title='bbox 773 2239 811 2274; x_wconf 89' lang='lat' dir='ltr'><strong><em>in</em></strong></span> <span class='ocrx_word' id='word_1_526' title='bbox 841 2239 899 2274; x_wconf 89' lang='lat' dir='ltr'><strong><em>ius</em></strong></span> <span class='ocrx_word' id='word_1_527' title='bbox 930 2244 1118 2282; x_wconf 86' lang='lat' dir='ltr'><em>vocantur,</em></span> <span class='ocrx_word' id='word_1_528' title='bbox 1149 2240 1325 2275; x_wconf 82' lang='lat' dir='ltr'><em>similibus</em></span> <span class='ocrx_word' id='word_1_529' title='bbox 1382 2241 1482 2276; x_wconf 87' lang='lat' dir='ltr'><em>oenis</em></span> <span class='ocrx_word' id='word_1_530' title='bbox 1504 2241 1748 2283; x_wconf 87' lang='lat' dir='ltr'><em>subicientur,·</em></span> <span class='ocrx_word' id='word_1_531' title='bbox 1772 2241 1841 2277; x_wconf 86' lang='lat' dir='ltr'><strong><em>hoo</em></strong></span> <span class='ocrx_word' id='word_1_532' title='bbox 1864 2242 1943 2277; x_wconf 88' lang='lat' dir='ltr'><em>solo</em></span> <span class='ocrx_word' id='word_1_533' title='bbox 1992 2243 2172 2279; x_wconf 89' lang='lat' dir='ltr'><em>iscrimine</em></span> <span class='ocrx_word' id='word_1_534' title='bbox 2195 2254 2233 2278; x_wconf 77' lang='lat' dir='ltr'><strong><em>in</em></strong></span> <span class='ocrx_word' id='word_1_535' title='bbox 2257 2243 2324 2279; x_wconf 91' lang='lat' dir='ltr'><em>hoc</em></span> <span class='ocrx_word' id='word_1_536' title='bbox 2347 2244 2465 2290; x_wconf 85' lang='lat' dir='ltr'><em>capite</em></span> 
     </span>
     <span class='ocr_line' id='line_1_41' title="bbox 238 2251 2464 2335; baseline 0.002 -16"><span class='ocrx_word' id='word_1_537' title='bbox 238 2287 392 2324; x_wconf 85' lang='lat' dir='ltr'><em>servate,</em></span> <span class='ocrx_word' id='word_1_538' title='bbox 422 2283 530 2329; x_wconf 88' lang='lat' dir='ltr'><em>quod,</em></span> <span class='ocrx_word' id='word_1_539' title='bbox 561 2284 655 2319; x_wconf 89' lang='lat' dir='ltr'><em>sicut</em></span> <span class='ocrx_word' id='word_1_540' title='bbox 684 2285 756 2319; x_wconf 85' lang='lat' dir='ltr'><strong><em>iam</em></strong></span> <span class='ocrx_word' id='word_1_541' title='bbox 787 2283 922 2319; x_wconf 82' lang='lat' dir='ltr'><em>dictum</em></span> <span class='ocrx_word' id='word_1_542' title='bbox 946 2288 1011 2326; x_wconf 90' lang='lat' dir='ltr'><em>est,</em></span> <span class='ocrx_word' id='word_1_543' title='bbox 1043 2284 1224 2320; x_wconf 87' lang='lat' dir='ltr'><em>actoribus</em></span> <span class='ocrx_word' id='word_1_544' title='bbox 1246 2296 1266 2321; x_wconf 91' lang='lat' dir='ltr'><strong><em>e</em></strong></span> <span class='ocrx_word' id='word_1_545' title='bbox 1289 2251 1442 2331; x_wconf 55' lang='lat' dir='ltr'><em>cotissqio</em></span> <span class='ocrx_word' id='word_1_546' title='bbox 1467 2287 1760 2332; x_wconf 84' lang='lat' dir='ltr'><em>arqentariorum</em></span> <span class='ocrx_word' id='word_1_547' title='bbox 1780 2286 2034 2331; x_wconf 83' lang='lat' dir='ltr'><em>fideiussorum</em></span> <span class='ocrx_word' id='word_1_548' title='bbox 2061 2287 2104 2323; x_wconf 91' lang='lat' dir='ltr'><strong><em>ob</em></strong></span> <span class='ocrx_word' id='word_1_549' title='bbox 2129 2288 2301 2323; x_wconf 90' lang='lat' dir='ltr'><em>decimam</em></span> <span class='ocrx_word' id='word_1_550' title='bbox 2323 2292 2464 2335; x_wconf 90' lang='lat' dir='ltr'><em>partem</em></span> 
     </span>
     <span class='ocr_line' id='line_1_42' title="bbox 240 2328 1304 2375; baseline 0.002 -11"><span class='ocrx_word' id='word_1_551' title='bbox 240 2329 340 2365; x_wconf 86' lang='lat' dir='ltr'><em>datio</em></span> <span class='ocrx_word' id='word_1_552' title='bbox 361 2329 518 2375; x_wconf 85' lang='lat' dir='ltr'><em>proprio</em></span> <span class='ocrx_word' id='word_1_553' title='bbox 542 2328 701 2374; x_wconf 86' lang='lat' dir='ltr'><em>quodam</em></span> <span class='ocrx_word' id='word_1_554' title='bbox 724 2333 848 2364; x_wconf 82' lang='lat' dir='ltr'><em>nostro</em></span> <span class='ocrx_word' id='word_1_555' title='bbox 873 2329 1044 2373; x_wconf 81' lang='lat' dir='ltr'><em>beneficio</em></span> <span class='ocrx_word' id='word_1_556' title='bbox 1066 2330 1216 2365; x_wconf 90' lang='lat' dir='ltr'><em>remissa</em></span> <span class='ocrx_word' id='word_1_557' title='bbox 1238 2333 1304 2366; x_wconf 82' lang='lat' dir='ltr'><em>est.</em></span> 
     </span>
    </p>
   </div>
   <div class='ocr_carea' id='block_1_12' title="bbox 238 2395 2463 2847">
    <p class='ocr_par' dir='ltr' id='par_1_12' title="bbox 238 2395 2463 2847">
     <span class='ocr_line' id='line_1_43' title="bbox 373 2395 2463 2446; baseline 0.002 -15"><span class='ocrx_word' id='word_1_558' title='bbox 373 2396 434 2431; x_wconf 89' lang='lat' dir='ltr'><strong><em>VI.</em></strong></span> <span class='ocrx_word' id='word_1_559' title='bbox 486 2395 665 2438; x_wconf 77' lang='lat' dir='ltr'><em>Quoniam</em></span> <span class='ocrx_word' id='word_1_560' title='bbox 697 2407 781 2432; x_wconf 86' lang='lat' dir='ltr'><em>vero</em></span> <span class='ocrx_word' id='word_1_561' title='bbox 812 2396 920 2432; x_wconf 88' lang='lat' dir='ltr'><em>etiam</em></span> <span class='ocrx_word' id='word_1_562' title='bbox 944 2396 993 2439; x_wconf 89' lang='lat' dir='ltr'><strong><em>id,</em></strong></span> <span class='ocrx_word' id='word_1_563' title='bbox 1017 2397 1117 2442; x_wconf 87' lang='lat' dir='ltr'><em>quod</em></span> <span class='ocrx_word' id='word_1_564' title='bbox 1137 2397 1321 2444; x_wconf 87' lang='lat' dir='ltr'><em>supplices</em></span> <span class='ocrx_word' id='word_1_565' title='bbox 1344 2397 1394 2433; x_wconf 88' lang='lat' dir='ltr'><strong><em>ad</em></strong></span> <span class='ocrx_word' id='word_1_566' title='bbox 1415 2398 1557 2434; x_wconf 88' lang='lat' dir='ltr'><em>diversa</em></span> <span class='ocrx_word' id='word_1_567' title='bbox 1582 2398 1778 2434; x_wconf 87' lang='lat' dir='ltr'><em>tribunalia</em></span> <span class='ocrx_word' id='word_1_568' title='bbox 1804 2398 1999 2435; x_wconf 86' lang='lat' dir='ltr'><em>trahuntur</em></span> <span class='ocrx_word' id='word_1_569' title='bbox 2021 2400 2255 2446; x_wconf 83' lang='lat' dir='ltr'><em>(praesertim</em></span> <span class='ocrx_word' id='word_1_570' title='bbox 2279 2411 2359 2436; x_wconf 89' lang='lat' dir='ltr'><strong><em>cum</em></strong></span> <span class='ocrx_word' id='word_1_571' title='bbox 2379 2401 2463 2446; x_wconf 90' lang='lat' dir='ltr'><em>plu-</em></span> 
     </span>
     <span class='ocr_line' id='line_1_44' title="bbox 239 2440 2463 2490; baseline 0.002 -13"><span class='ocrx_word' id='word_1_572' title='bbox 239 2442 351 2477; x_wconf 87' lang='lat' dir='ltr'><em>rimos</em></span> <span class='ocrx_word' id='word_1_573' title='bbox 374 2441 530 2477; x_wconf 77' lang='lat' dir='ltr'><em>habeant</em></span> <span class='ocrx_word' id='word_1_574' title='bbox 553 2440 817 2484; x_wconf 78' lang='lat' dir='ltr'><em>contrahentes,</em></span> <span class='ocrx_word' id='word_1_575' title='bbox 841 2446 877 2477; x_wconf 87' lang='lat' dir='ltr'><strong><em>et</em></strong></span> <span class='ocrx_word' id='word_1_576' title='bbox 899 2446 938 2476; x_wconf 89' lang='lat' dir='ltr'><strong><em>ut</em></strong></span> <span class='ocrx_word' id='word_1_577' title='bbox 958 2442 1002 2486; x_wconf 83' lang='lat' dir='ltr'><strong><em>fit</em></strong></span> <span class='ocrx_word' id='word_1_578' title='bbox 1019 2452 1164 2488; x_wconf 87' lang='lat' dir='ltr'><em>paucos</em></span> <span class='ocrx_word' id='word_1_579' title='bbox 1183 2443 1343 2488; x_wconf 85' lang='lat' dir='ltr'><em>probos),</em></span> <span class='ocrx_word' id='word_1_580' title='bbox 1376 2454 1450 2478; x_wconf 88' lang='lat' dir='ltr'><strong><em>non</em></strong></span> <span class='ocrx_word' id='word_1_581' title='bbox 1469 2444 1586 2479; x_wconf 90' lang='lat' dir='ltr'><em>solum</em></span> <span class='ocrx_word' id='word_1_582' title='bbox 1617 2443 1708 2490; x_wconf 86' lang='lat' dir='ltr'><em>ipsis</em></span> <span class='ocrx_word' id='word_1_583' title='bbox 1734 2444 1914 2486; x_wconf 87' lang='lat' dir='ltr'><em>damnum,</em></span> <span class='ocrx_word' id='word_1_584' title='bbox 1938 2454 2060 2480; x_wconf 84' lang='lat' dir='ltr'><em>verum</em></span> <span class='ocrx_word' id='word_1_585' title='bbox 2086 2446 2192 2480; x_wconf 87' lang='lat' dir='ltr'><em>etiam</em></span> <span class='ocrx_word' id='word_1_586' title='bbox 2220 2445 2463 2481; x_wconf 87' lang='lat' dir='ltr'><em>communibus</em></span> 
     </span>
     <span class='ocr_line' id='line_1_45' title="bbox 239 2486 2462 2541; baseline 0.002 -20"><span class='ocrx_word' id='word_1_587' title='bbox 239 2487 344 2523; x_wconf 89' lang='lat' dir='ltr'><em>rebus</em></span> <span class='ocrx_word' id='word_1_588' title='bbox 371 2486 660 2533; x_wconf 86' lang='lat' dir='ltr'><em>impedimentum</em></span> <span class='ocrx_word' id='word_1_589' title='bbox 691 2486 831 2533; x_wconf 86' lang='lat' dir='ltr'><em>inferre</em></span> <span class='ocrx_word' id='word_1_590' title='bbox 862 2490 1085 2532; x_wconf 92' lang='lat' dir='ltr'><em>compertum</em></span> <span class='ocrx_word' id='word_1_591' title='bbox 1116 2490 1180 2529; x_wconf 90' lang='lat' dir='ltr'><em>est,</em></span> <span class='ocrx_word' id='word_1_592' title='bbox 1215 2490 1323 2523; x_wconf 89' lang='lat' dir='ltr'><em>etiam</em></span> <span class='ocrx_word' id='word_1_593' title='bbox 1353 2488 1391 2522; x_wconf 89' lang='lat' dir='ltr'><strong><em>in</em></strong></span> <span class='ocrx_word' id='word_1_594' title='bbox 1408 2487 1478 2523; x_wconf 89' lang='lat' dir='ltr'><strong><em>hac</em></strong></span> <span class='ocrx_word' id='word_1_595' title='bbox 1494 2492 1606 2541; x_wconf 86' lang='lat' dir='ltr'><em>parte</em></span> <span class='ocrx_word' id='word_1_596' title='bbox 1627 2489 1787 2534; x_wconf 82' lang='lat' dir='ltr'><em>priorem</em></span> <span class='ocrx_word' id='word_1_597' title='bbox 1810 2494 1971 2524; x_wconf 82' lang='lat' dir='ltr'><em>nostram</em></span> <span class='ocrx_word' id='word_1_598' title='bbox 1995 2490 2094 2525; x_wconf 89' lang='lat' dir='ltr'><em>circa</em></span> <span class='ocrx_word' id='word_1_599' title='bbox 2117 2501 2179 2525; x_wconf 90' lang='lat' dir='ltr'><strong><em>eos</em></strong></span> <span class='ocrx_word' id='word_1_600' title='bbox 2195 2490 2462 2536; x_wconf 88' lang='lat' dir='ltr'><em>providentiam</em></span> 
     </span>
     <span class='ocr_line' id='line_1_46' title="bbox 239 2531 2462 2580; baseline 0.002 -14"><span class='ocrx_word' id='word_1_601' title='bbox 239 2532 420 2567; x_wconf 85' lang='lat' dir='ltr'><em>imitamur</em></span> <span class='ocrx_word' id='word_1_602' title='bbox 443 2543 487 2567; x_wconf 92' lang='lat' dir='ltr'><strong><em>ac</em></strong></span> <span class='ocrx_word' id='word_1_603' title='bbox 510 2531 670 2567; x_wconf 85' lang='lat' dir='ltr'><em>iubemus</em></span> <span class='ocrx_word' id='word_1_604' title='bbox 693 2531 869 2578; x_wconf 85' lang='lat' dir='ltr'><em>speciales</em></span> <span class='ocrx_word' id='word_1_605' title='bbox 892 2532 937 2566; x_wconf 88' lang='lat' dir='ltr'><strong><em>iis</em></strong></span> <span class='ocrx_word' id='word_1_606' title='bbox 960 2531 1096 2567; x_wconf 88' lang='lat' dir='ltr'><em>iudices</em></span> <span class='ocrx_word' id='word_1_607' title='bbox 1119 2542 1207 2577; x_wconf 89' lang='lat' dir='ltr'><em>esse,</em></span> <span class='ocrx_word' id='word_1_608' title='bbox 1237 2533 1312 2568; x_wconf 84' lang='lat' dir='ltr'><em>sive</em></span> <span class='ocrx_word' id='word_1_609' title='bbox 1335 2536 1449 2578; x_wconf 80' lang='lat' dir='ltr'><em>aqant</em></span> <span class='ocrx_word' id='word_1_610' title='bbox 1472 2543 1546 2570; x_wconf 77' lang='lat' dir='ltr'><em>sive</em></span> <span class='ocrx_word' id='word_1_611' title='bbox 1570 2534 1841 2577; x_wconf 85' lang='lat' dir='ltr'><em>conveniantur,</em></span> <span class='ocrx_word' id='word_1_612' title='bbox 1873 2538 1969 2569; x_wconf 84' lang='lat' dir='ltr'><em>tuam</em></span> <span class='ocrx_word' id='word_1_613' title='bbox 1993 2534 2232 2580; x_wconf 81' lang='lat' dir='ltr'><em>eloquentiam</em></span> <span class='ocrx_word' id='word_1_614' title='bbox 2256 2538 2292 2570; x_wconf 85' lang='lat' dir='ltr'><strong><em>et</em></strong></span> <span class='ocrx_word' id='word_1_615' title='bbox 2314 2534 2462 2571; x_wconf 87' lang='lat' dir='ltr'><em>Petrum</em></span> 
     </span>
     <span class='ocr_line' id='line_1_47' title="bbox 238 2577 2460 2626; baseline 0.002 -15"><span class='ocrx_word' id='word_1_616' title='bbox 238 2577 538 2622; x_wconf 81' lang='lat' dir='ltr'><em>qloriosissimum</em></span> <span class='ocrx_word' id='word_1_617' title='bbox 566 2578 727 2612; x_wconf 90' lang='lat' dir='ltr'><em>comitem</em></span> <span class='ocrx_word' id='word_1_618' title='bbox 758 2587 946 2612; x_wconf 90' lang='lat' dir='ltr'><em>sacrarum</em></span> <span class='ocrx_word' id='word_1_619' title='bbox 978 2581 1183 2612; x_wconf 88' lang='lat' dir='ltr'><em>nostrarum</em></span> <span class='ocrx_word' id='word_1_620' title='bbox 1215 2577 1466 2622; x_wconf 79' lang='lat' dir='ltr'><em>larqitionum‚</em></span> <span class='ocrx_word' id='word_1_621' title='bbox 1501 2578 1697 2614; x_wconf 78' lang='lat' dir='ltr'><em>exconsule</em></span> <span class='ocrx_word' id='word_1_622' title='bbox 1731 2582 1767 2614; x_wconf 92' lang='lat' dir='ltr'><strong><em>et</em></strong></span> <span class='ocrx_word' id='word_1_623' title='bbox 1799 2579 2013 2625; x_wconf 83' lang='lat' dir='ltr'><em>patricium,</em></span> <span class='ocrx_word' id='word_1_624' title='bbox 2049 2583 2090 2615; x_wconf 88' lang='lat' dir='ltr'><strong><em>ut</em></strong></span> <span class='ocrx_word' id='word_1_625' title='bbox 2119 2579 2220 2626; x_wconf 89' lang='lat' dir='ltr'><em>apud</em></span> <span class='ocrx_word' id='word_1_626' title='bbox 2248 2579 2460 2615; x_wconf 87' lang='lat' dir='ltr'><em>alterutrum</em></span> 
     </span>
     <span class='ocr_line' id='line_1_48' title="bbox 239 2621 2461 2669; baseline 0.002 -13"><span class='ocrx_word' id='word_1_627' title='bbox 239 2622 368 2657; x_wconf 90' lang='lat' dir='ltr'><em>horum</em></span> <span class='ocrx_word' id='word_1_628' title='bbox 418 2632 626 2667; x_wconf 88' lang='lat' dir='ltr'><em>uaecunque</em></span> <span class='ocrx_word' id='word_1_629' title='bbox 654 2622 749 2656; x_wconf 89' lang='lat' dir='ltr'><em>inter</em></span> <span class='ocrx_word' id='word_1_630' title='bbox 771 2622 871 2667; x_wconf 90' lang='lat' dir='ltr'><em>ipsos</em></span> <span class='ocrx_word' id='word_1_631' title='bbox 894 2625 929 2657; x_wconf 94' lang='lat' dir='ltr'><strong><em>et</em></strong></span> <span class='ocrx_word' id='word_1_632' title='bbox 952 2621 1045 2656; x_wconf 87' lang='lat' dir='ltr'><em>alios</em></span> <span class='ocrx_word' id='word_1_633' title='bbox 1065 2623 1298 2658; x_wconf 82' lang='lat' dir='ltr'><em>movebuntur</em></span> <span class='ocrx_word' id='word_1_634' title='bbox 1322 2622 1413 2667; x_wconf 88' lang='lat' dir='ltr'><em>lites,</em></span> <span class='ocrx_word' id='word_1_635' title='bbox 1437 2627 1501 2658; x_wconf 88' lang='lat' dir='ltr'><strong><em>aut</em></strong></span> <span class='ocrx_word' id='word_1_636' title='bbox 1522 2623 1630 2658; x_wconf 87' lang='lat' dir='ltr'><em>etiam</em></span> <span class='ocrx_word' id='word_1_637' title='bbox 1655 2623 1756 2669; x_wconf 87' lang='lat' dir='ltr'><em>apud</em></span> <span class='ocrx_word' id='word_1_638' title='bbox 1778 2623 1915 2658; x_wconf 89' lang='lat' dir='ltr'><em>iudices</em></span> <span class='ocrx_word' id='word_1_639' title='bbox 1939 2623 2092 2659; x_wconf 87' lang='lat' dir='ltr'><em>antehac</em></span> <span class='ocrx_word' id='word_1_640' title='bbox 2115 2635 2138 2660; x_wconf 92' lang='lat' dir='ltr'><strong><em>a</em></strong></span> <span class='ocrx_word' id='word_1_641' title='bbox 2161 2624 2265 2660; x_wconf 84' lang='lat' dir='ltr'><em>nobis</em></span> <span class='ocrx_word' id='word_1_642' title='bbox 2287 2624 2333 2659; x_wconf 88' lang='lat' dir='ltr'><strong><em>iis</em></strong></span> <span class='ocrx_word' id='word_1_643' title='bbox 2356 2624 2461 2660; x_wconf 87' lang='lat' dir='ltr'><em>datos</em></span> 
     </span>
     <span class='ocr_line' id='line_1_49' title="bbox 238 2632 2461 2716; baseline 0.001 -15"><span class='ocrx_word' id='word_1_644' title='bbox 238 2666 365 2702; x_wconf 83' lang='lat' dir='ltr'><em>deinde</em></span> <span class='ocrx_word' id='word_1_645' title='bbox 390 2632 585 2712; x_wconf 50' lang='lat' dir='ltr'><em>defunctos</em></span> <span class='ocrx_word' id='word_1_646' title='bbox 607 2667 680 2701; x_wconf 89' lang='lat' dir='ltr'><strong><em>iam</em></strong></span> <span class='ocrx_word' id='word_1_647' title='bbox 704 2671 822 2702; x_wconf 90' lang='lat' dir='ltr'><em>motae</em></span> <span class='ocrx_word' id='word_1_648' title='bbox 844 2670 939 2708; x_wconf 88' lang='lat' dir='ltr'><em>sunt,</em></span> <span class='ocrx_word' id='word_1_649' title='bbox 965 2666 1220 2702; x_wconf 81' lang='lat' dir='ltr'><em>examinentur</em></span> <span class='ocrx_word' id='word_1_650' title='bbox 1242 2671 1278 2703; x_wconf 92' lang='lat' dir='ltr'><strong><em>et</em></strong></span> <span class='ocrx_word' id='word_1_651' title='bbox 1300 2669 1436 2703; x_wconf 84' lang='lat' dir='ltr'><em>brevem</em></span> <span class='ocrx_word' id='word_1_652' title='bbox 1462 2668 1667 2713; x_wconf 89' lang='lat' dir='ltr'><em>nostrisque</em></span> <span class='ocrx_word' id='word_1_653' title='bbox 1690 2668 1828 2714; x_wconf 75' lang='lat' dir='ltr'><em>leqibus</em></span> <span class='ocrx_word' id='word_1_654' title='bbox 1850 2670 2114 2704; x_wconf 85' lang='lat' dir='ltr'><em>convenientem</em></span> <span class='ocrx_word' id='word_1_655' title='bbox 2135 2669 2244 2714; x_wconf 77' lang='lat' dir='ltr'><em>finem</em></span> <span class='ocrx_word' id='word_1_656' title='bbox 2267 2669 2461 2716; x_wconf 86' lang='lat' dir='ltr'><em>accipiant,</em></span> 
     </span>
     <span class='ocr_line' id='line_1_50' title="bbox 238 2711 2460 2758; baseline 0.001 -11"><span class='ocrx_word' id='word_1_657' title='bbox 238 2716 274 2747; x_wconf 92' lang='lat' dir='ltr'><strong><em>et</em></strong></span> <span class='ocrx_word' id='word_1_658' title='bbox 302 2711 484 2758; x_wconf 83' lang='lat' dir='ltr'><em>supplices</em></span> <span class='ocrx_word' id='word_1_659' title='bbox 510 2712 786 2757; x_wconf 89' lang='lat' dir='ltr'><em>praetoriorum</em></span> <span class='ocrx_word' id='word_1_660' title='bbox 816 2712 1008 2748; x_wconf 81' lang='lat' dir='ltr'><em>vexatione</em></span> <span class='ocrx_word' id='word_1_661' title='bbox 1039 2711 1182 2746; x_wconf 89' lang='lat' dir='ltr'><em>liberati</em></span> <span class='ocrx_word' id='word_1_662' title='bbox 1211 2713 1364 2758; x_wconf 89' lang='lat' dir='ltr'><em>proprio</em></span> <span class='ocrx_word' id='word_1_663' title='bbox 1396 2713 1563 2758; x_wconf 85' lang='lat' dir='ltr'><em>quaestui</em></span> <span class='ocrx_word' id='word_1_664' title='bbox 1594 2717 1731 2754; x_wconf 81' lang='lat' dir='ltr'><em>vacent,</em></span> <span class='ocrx_word' id='word_1_665' title='bbox 1764 2716 1936 2758; x_wconf 89' lang='lat' dir='ltr'><em>tantoque</em></span> <span class='ocrx_word' id='word_1_666' title='bbox 1965 2713 2150 2749; x_wconf 86' lang='lat' dir='ltr'><em>liberalius</em></span> <span class='ocrx_word' id='word_1_667' title='bbox 2176 2715 2215 2749; x_wconf 88' lang='lat' dir='ltr'><strong><em>in</em></strong></span> <span class='ocrx_word' id='word_1_668' title='bbox 2239 2713 2460 2749; x_wconf 87' lang='lat' dir='ltr'><em>subditorum</em></span> 
     </span>
     <span class='ocr_line' id='line_1_51' title="bbox 238 2755 2460 2805; baseline 0.001 -14"><span class='ocrx_word' id='word_1_669' title='bbox 238 2755 485 2792; x_wconf 85' lang='lat' dir='ltr'><em>contractibus</em></span> <span class='ocrx_word' id='word_1_670' title='bbox 508 2759 703 2799; x_wconf 87' lang='lat' dir='ltr'><em>versentur,</em></span> <span class='ocrx_word' id='word_1_671' title='bbox 727 2760 865 2802; x_wconf 90' lang='lat' dir='ltr'><em>quanto</em></span> <span class='ocrx_word' id='word_1_672' title='bbox 889 2759 953 2791; x_wconf 85' lang='lat' dir='ltr'><strong><em>aut</em></strong></span> <span class='ocrx_word' id='word_1_673' title='bbox 973 2755 1046 2802; x_wconf 86' lang='lat' dir='ltr'><em>ipsi</em></span> <span class='ocrx_word' id='word_1_674' title='bbox 1068 2757 1241 2792; x_wconf 89' lang='lat' dir='ltr'><em>minorem</em></span> <span class='ocrx_word' id='word_1_675' title='bbox 1265 2757 1531 2803; x_wconf 85' lang='lat' dir='ltr'><em>improbitatem</em></span> <span class='ocrx_word' id='word_1_676' title='bbox 1556 2758 1808 2804; x_wconf 87' lang='lat' dir='ltr'><em>experiuntur,</em></span> <span class='ocrx_word' id='word_1_677' title='bbox 1833 2761 1899 2793; x_wconf 90' lang='lat' dir='ltr'><strong><em>aut</em></strong></span> <span class='ocrx_word' id='word_1_678' title='bbox 1921 2758 1985 2803; x_wconf 88' lang='lat' dir='ltr'><strong><em>qui</em></strong></span> <span class='ocrx_word' id='word_1_679' title='bbox 2008 2758 2163 2805; x_wconf 86' lang='lat' dir='ltr'><em>improbi</em></span> <span class='ocrx_word' id='word_1_680' title='bbox 2178 2769 2255 2795; x_wconf 89' lang='lat' dir='ltr'><em>esse</em></span> <span class='ocrx_word' id='word_1_681' title='bbox 2270 2762 2460 2800; x_wconf 86' lang='lat' dir='ltr'><em>conantur,</em></span> 
     </span>
     <span class='ocr_line' id='line_1_52' title="bbox 238 2801 1064 2847; baseline 0.001 -12"><span class='ocrx_word' id='word_1_682' title='bbox 238 2801 374 2837; x_wconf 90' lang='lat' dir='ltr'><em>iniusta</em></span> <span class='ocrx_word' id='word_1_683' title='bbox 398 2802 445 2836; x_wconf 86' lang='lat' dir='ltr'><strong><em>iis</em></strong></span> <span class='ocrx_word' id='word_1_684' title='bbox 468 2801 601 2837; x_wconf 89' lang='lat' dir='ltr'><em>damna</em></span> <span class='ocrx_word' id='word_1_685' title='bbox 624 2802 765 2847; x_wconf 85' lang='lat' dir='ltr'><em>inferre</em></span> <span class='ocrx_word' id='word_1_686' title='bbox 788 2812 863 2836; x_wconf 89' lang='lat' dir='ltr'><strong><em>non</em></strong></span> <span class='ocrx_word' id='word_1_687' title='bbox 885 2801 1064 2837; x_wconf 88' lang='lat' dir='ltr'><em>sinuntur.</em></span> 
     </span>
    </p>
   </div>
   <div class='ocr_carea' id='block_1_13' title="bbox 236 2867 2459 3454">
    <p class='ocr_par' dir='ltr' id='par_1_13' title="bbox 236 2867 2459 3454">
     <span class='ocr_line' id='line_1_53' title="bbox 370 2867 2458 2916; baseline 0.001 -13"><span class='ocrx_word' id='word_1_688' title='bbox 370 2869 450 2904; x_wconf 88' lang='lat' dir='ltr'>VII.</span> <span class='ocrx_word' id='word_1_689' title='bbox 499 2868 573 2904; x_wconf 91' lang='lat' dir='ltr'><em>Sed</em></span> <span class='ocrx_word' id='word_1_690' title='bbox 602 2870 773 2914; x_wconf 91' lang='lat' dir='ltr'><em>quoniam</em></span> <span class='ocrx_word' id='word_1_691' title='bbox 804 2869 911 2905; x_wconf 87' lang='lat' dir='ltr'><em>etiam</em></span> <span class='ocrx_word' id='word_1_692' title='bbox 940 2868 1051 2904; x_wconf 88' lang='lat' dir='ltr'><em>alium</em></span> <span class='ocrx_word' id='word_1_693' title='bbox 1074 2868 1176 2904; x_wconf 87' lang='lat' dir='ltr'><em>nobis</em></span> <span class='ocrx_word' id='word_1_694' title='bbox 1199 2867 1406 2904; x_wconf 87' lang='lat' dir='ltr'><em>dolosorum</em></span> <span class='ocrx_word' id='word_1_695' title='bbox 1429 2869 1610 2905; x_wconf 89' lang='lat' dir='ltr'><em>hominum</em></span> <span class='ocrx_word' id='word_1_696' title='bbox 1633 2869 1754 2905; x_wconf 89' lang='lat' dir='ltr'><em>dolum</em></span> <span class='ocrx_word' id='word_1_697' title='bbox 1778 2869 2074 2916; x_wconf 82' lang='lat' dir='ltr'><em>manifestarunt,</em></span> <span class='ocrx_word' id='word_1_698' title='bbox 2098 2869 2349 2905; x_wconf 85' lang='lat' dir='ltr'><em>denuntiantes</em></span> <span class='ocrx_word' id='word_1_699' title='bbox 2368 2881 2458 2906; x_wconf 85' lang='lat' dir='ltr'><em>non-</em></span> 
     </span>
     <span class='ocr_line' id='line_1_54' title="bbox 237 2913 2459 2961; baseline 0.001 -13"><span class='ocrx_word' id='word_1_700' title='bbox 237 2913 357 2949; x_wconf 88' lang='lat' dir='ltr'><em>nullos</em></span> <span class='ocrx_word' id='word_1_701' title='bbox 387 2917 570 2949; x_wconf 90' lang='lat' dir='ltr'><em>mutuatos</em></span> <span class='ocrx_word' id='word_1_702' title='bbox 601 2918 665 2948; x_wconf 92' lang='lat' dir='ltr'><strong><em>aut</em></strong></span> <span class='ocrx_word' id='word_1_703' title='bbox 695 2917 899 2949; x_wconf 87' lang='lat' dir='ltr'><em>mutuantes</em></span> <span class='ocrx_word' id='word_1_704' title='bbox 923 2925 946 2948; x_wconf 92' lang='lat' dir='ltr'><strong><em>a</em></strong></span> <span class='ocrx_word' id='word_1_705' title='bbox 969 2913 1057 2949; x_wconf 85' lang='lat' dir='ltr'><em>dicti</em></span> <span class='ocrx_word' id='word_1_706' title='bbox 1080 2913 1223 2959; x_wconf 80' lang='lat' dir='ltr'><em>colleqii</em></span> <span class='ocrx_word' id='word_1_707' title='bbox 1239 2913 1412 2960; x_wconf 88' lang='lat' dir='ltr'><em>personis</em></span> <span class='ocrx_word' id='word_1_708' title='bbox 1431 2915 1608 2961; x_wconf 87' lang='lat' dir='ltr'><em>pecunias</em></span> <span class='ocrx_word' id='word_1_709' title='bbox 1630 2915 1756 2951; x_wconf 87' lang='lat' dir='ltr'><em>emisse</em></span> <span class='ocrx_word' id='word_1_710' title='bbox 1780 2918 1843 2949; x_wconf 91' lang='lat' dir='ltr'><strong><em>aut</em></strong></span> <span class='ocrx_word' id='word_1_711' title='bbox 1866 2925 1981 2950; x_wconf 90' lang='lat' dir='ltr'><em>emere</em></span> <span class='ocrx_word' id='word_1_712' title='bbox 1997 2914 2245 2960; x_wconf 84' lang='lat' dir='ltr'><em>possessiones</em></span> <span class='ocrx_word' id='word_1_713' title='bbox 2264 2915 2459 2951; x_wconf 86' lang='lat' dir='ltr'><em>immobiles</em></span> 
     </span>
     <span class='ocr_line' id='line_1_55' title="bbox 237 2958 2458 3007; baseline 0.001 -15"><span class='ocrx_word' id='word_1_714' title='bbox 237 2959 379 2994; x_wconf 87' lang='lat' dir='ltr'><em>nomine</em></span> <span class='ocrx_word' id='word_1_715' title='bbox 409 2969 566 2994; x_wconf 87' lang='lat' dir='ltr'><em>uxorum</em></span> <span class='ocrx_word' id='word_1_716' title='bbox 595 2969 744 2993; x_wconf 87' lang='lat' dir='ltr'><em>suarum</em></span> <span class='ocrx_word' id='word_1_717' title='bbox 775 2959 971 2995; x_wconf 83' lang='lat' dir='ltr'><em>aliorumve</em></span> <span class='ocrx_word' id='word_1_718' title='bbox 1002 2958 1228 3004; x_wconf 88' lang='lat' dir='ltr'><em>quorundam</em></span> <span class='ocrx_word' id='word_1_719' title='bbox 1260 2958 1310 2993; x_wconf 91' lang='lat' dir='ltr'><strong><em>ad</em></strong></span> <span class='ocrx_word' id='word_1_720' title='bbox 1330 2969 1370 2993; x_wconf 85' lang='lat' dir='ltr'><strong><em>se</em></strong></span> <span class='ocrx_word' id='word_1_721' title='bbox 1390 2960 1658 3005; x_wconf 86' lang='lat' dir='ltr'><em>pertinentium,</em></span> <span class='ocrx_word' id='word_1_722' title='bbox 1682 2959 1732 2995; x_wconf 90' lang='lat' dir='ltr'><strong><em>acl</em></strong></span> <span class='ocrx_word' id='word_1_723' title='bbox 1753 2960 2117 3005; x_wconf 85' lang='lat' dir='ltr'><em>circumscriptionem</em></span> <span class='ocrx_word' id='word_1_724' title='bbox 2140 2959 2321 3005; x_wconf 78' lang='lat' dir='ltr'><em>qeneralis</em></span> <span class='ocrx_word' id='word_1_725' title='bbox 2344 2959 2458 3007; x_wconf 71' lang='lat' dir='ltr'><em>hypo-</em></span> 
     </span>
     <span class='ocr_line' id='line_1_56' title="bbox 239 3003 2459 3051; baseline 0.001 -13"><span class='ocrx_word' id='word_1_726' title='bbox 239 3003 362 3038; x_wconf 79' lang='lat' dir='ltr'><em>thecae</em></span> <span class='ocrx_word' id='word_1_727' title='bbox 393 3003 567 3038; x_wconf 89' lang='lat' dir='ltr'><em>bonorum</em></span> <span class='ocrx_word' id='word_1_728' title='bbox 599 3014 693 3049; x_wconf 89' lang='lat' dir='ltr'><em>quae</em></span> <span class='ocrx_word' id='word_1_729' title='bbox 724 3003 769 3038; x_wconf 90' lang='lat' dir='ltr'><strong><em>iis</em></strong></span> <span class='ocrx_word' id='word_1_730' title='bbox 792 3007 877 3038; x_wconf 89' lang='lat' dir='ltr'><em>sunt</em></span> <span class='ocrx_word' id='word_1_731' title='bbox 899 3007 963 3039; x_wconf 92' lang='lat' dir='ltr'><strong><em>aut</em></strong></span> <span class='ocrx_word' id='word_1_732' title='bbox 986 3007 1104 3046; x_wconf 87' lang='lat' dir='ltr'><em>erunt,</em></span> <span class='ocrx_word' id='word_1_733' title='bbox 1129 3003 1323 3038; x_wconf 87' lang='lat' dir='ltr'><em>nonnullos</em></span> <span class='ocrx_word' id='word_1_734' title='bbox 1344 3013 1428 3039; x_wconf 90' lang='lat' dir='ltr'><em>vero</em></span> <span class='ocrx_word' id='word_1_735' title='bbox 1450 3004 1651 3051; x_wconf 89' lang='lat' dir='ltr'><em>quaeipsis</em></span> <span class='ocrx_word' id='word_1_736' title='bbox 1674 3005 1848 3040; x_wconf 86' lang='lat' dir='ltr'><em>debentur</em></span> <span class='ocrx_word' id='word_1_737' title='bbox 1871 3015 1894 3040; x_wconf 93' lang='lat' dir='ltr'><strong><em>a</em></strong></span> <span class='ocrx_word' id='word_1_738' title='bbox 1916 3003 2136 3040; x_wconf 88' lang='lat' dir='ltr'><em>debitoribus</em></span> <span class='ocrx_word' id='word_1_739' title='bbox 2159 3004 2372 3051; x_wconf 87' lang='lat' dir='ltr'><em>recipientes</em></span> <span class='ocrx_word' id='word_1_740' title='bbox 2395 3009 2459 3041; x_wconf 90' lang='lat' dir='ltr'><strong><em>aut</em></strong></span> 
     </span>
     <span class='ocr_line' id='line_1_57' title="bbox 236 3048 2457 3095; baseline 0.001 -12"><span class='ocrx_word' id='word_1_741' title='bbox 236 3049 274 3083; x_wconf 86' lang='lat' dir='ltr'><strong><em>in</em></strong></span> <span class='ocrx_word' id='word_1_742' title='bbox 301 3048 465 3094; x_wconf 86' lang='lat' dir='ltr'><em>pecuniis</em></span> <span class='ocrx_word' id='word_1_743' title='bbox 496 3052 561 3083; x_wconf 88' lang='lat' dir='ltr'><strong><em>aut</em></strong></span> <span class='ocrx_word' id='word_1_744' title='bbox 588 3049 627 3083; x_wconf 89' lang='lat' dir='ltr'><strong><em>in</em></strong></span> <span class='ocrx_word' id='word_1_745' title='bbox 658 3048 894 3084; x_wconf 88' lang='lat' dir='ltr'><em>immobilibus</em></span> <span class='ocrx_word' id='word_1_746' title='bbox 924 3049 1067 3084; x_wconf 87' lang='lat' dir='ltr'><em>omnino</em></span> <span class='ocrx_word' id='word_1_747' title='bbox 1092 3048 1210 3090; x_wconf 90' lang='lat' dir='ltr'><em>rebus,</em></span> <span class='ocrx_word' id='word_1_748' title='bbox 1235 3059 1309 3083; x_wconf 88' lang='lat' dir='ltr'><strong><em>non</em></strong></span> <span class='ocrx_word' id='word_1_749' title='bbox 1332 3048 1370 3083; x_wconf 88' lang='lat' dir='ltr'><strong><em>in</em></strong></span> <span class='ocrx_word' id='word_1_750' title='bbox 1394 3060 1496 3084; x_wconf 88' lang='lat' dir='ltr'><em>suam</em></span> <span class='ocrx_word' id='word_1_751' title='bbox 1517 3060 1725 3095; x_wconf 58' lang='lat' dir='ltr'><em>personam,</em></span> <span class='ocrx_word' id='word_1_752' title='bbox 1757 3049 1821 3085; x_wconf 88' lang='lat' dir='ltr'><strong><em>sed</em></strong></span> <span class='ocrx_word' id='word_1_753' title='bbox 1839 3053 1879 3084; x_wconf 91' lang='lat' dir='ltr'><strong><em>ut</em></strong></span> <span class='ocrx_word' id='word_1_754' title='bbox 1903 3048 2035 3084; x_wconf 87' lang='lat' dir='ltr'><em>dictum</em></span> <span class='ocrx_word' id='word_1_755' title='bbox 2060 3052 2124 3092; x_wconf 89' lang='lat' dir='ltr'><em>est,</em></span> <span class='ocrx_word' id='word_1_756' title='bbox 2149 3053 2214 3084; x_wconf 91' lang='lat' dir='ltr'><strong><em>aut</em></strong></span> <span class='ocrx_word' id='word_1_757' title='bbox 2236 3050 2274 3083; x_wconf 90' lang='lat' dir='ltr'><strong><em>in</em></strong></span> <span class='ocrx_word' id='word_1_758' title='bbox 2298 3060 2457 3085; x_wconf 85' lang='lat' dir='ltr'><em>uxorum</em></span> 
     </span>
     <span class='ocr_line' id='line_1_58' title="bbox 237 3092 2455 3139; baseline 0 -11"><span class='ocrx_word' id='word_1_759' title='bbox 237 3098 301 3128; x_wconf 90' lang='lat' dir='ltr'><strong><em>aut</em></strong></span> <span class='ocrx_word' id='word_1_760' title='bbox 331 3096 566 3138; x_wconf 81' lang='lat' dir='ltr'><em>coqnatorum</em></span> <span class='ocrx_word' id='word_1_761' title='bbox 597 3104 726 3128; x_wconf 88' lang='lat' dir='ltr'><em>nomen</em></span> <span class='ocrx_word' id='word_1_762' title='bbox 758 3092 963 3128; x_wconf 88' lang='lat' dir='ltr'><em>huiusmodi</em></span> <span class='ocrx_word' id='word_1_763' title='bbox 991 3092 1204 3128; x_wconf 87' lang='lat' dir='ltr'><em>solutionem</em></span> <span class='ocrx_word' id='word_1_764' title='bbox 1235 3097 1300 3128; x_wconf 91' lang='lat' dir='ltr'><strong><em>aut</em></strong></span> <span class='ocrx_word' id='word_1_765' title='bbox 1329 3094 1523 3129; x_wconf 84' lang='lat' dir='ltr'><em>cessionem</em></span> <span class='ocrx_word' id='word_1_766' title='bbox 1556 3098 1621 3129; x_wconf 91' lang='lat' dir='ltr'><strong><em>aut</em></strong></span> <span class='ocrx_word' id='word_1_767' title='bbox 1651 3094 1889 3130; x_wconf 84' lang='lat' dir='ltr'><em>venditionem</em></span> <span class='ocrx_word' id='word_1_768' title='bbox 1912 3094 1998 3139; x_wconf 82' lang='lat' dir='ltr'><em>fieri</em></span> <span class='ocrx_word' id='word_1_769' title='bbox 2028 3105 2051 3128; x_wconf 90' lang='lat' dir='ltr'><strong><em>a</em></strong></span> <span class='ocrx_word' id='word_1_770' title='bbox 2075 3093 2292 3129; x_wconf 88' lang='lat' dir='ltr'><em>debitoribus</em></span> <span class='ocrx_word' id='word_1_771' title='bbox 2314 3105 2455 3136; x_wconf 84' lang='lat' dir='ltr'><em>curare,</em></span> 
     </span>
     <span class='ocr_line' id='line_1_59' title="bbox 237 3137 2457 3184; baseline 0.001 -12"><span class='ocrx_word' id='word_1_772' title='bbox 237 3142 279 3173; x_wconf 93' lang='lat' dir='ltr'><strong><em>ut</em></strong></span> <span class='ocrx_word' id='word_1_773' title='bbox 292 3148 366 3184; x_wconf 87' lang='lat' dir='ltr'><strong><em>per</em></strong></span> <span class='ocrx_word' id='word_1_774' title='bbox 390 3138 496 3172; x_wconf 91' lang='lat' dir='ltr'><em>talem</em></span> <span class='ocrx_word' id='word_1_775' title='bbox 519 3137 722 3173; x_wconf 89' lang='lat' dir='ltr'><em>machinam</em></span> <span class='ocrx_word' id='word_1_776' title='bbox 746 3138 802 3173; x_wconf 88' lang='lat' dir='ltr'><em>illi</em></span> <span class='ocrx_word' id='word_1_777' title='bbox 823 3138 966 3184; x_wconf 88' lang='lat' dir='ltr'><em>quidem</em></span> <span class='ocrx_word' id='word_1_778' title='bbox 988 3138 1148 3184; x_wconf 88' lang='lat' dir='ltr'><em>inopiam</em></span> <span class='ocrx_word' id='word_1_779' title='bbox 1167 3137 1419 3184; x_wconf 86' lang='lat' dir='ltr'><em>praetendant,</em></span> <span class='ocrx_word' id='word_1_780' title='bbox 1444 3139 1507 3184; x_wconf 86' lang='lat' dir='ltr'><strong><em>qui</em></strong></span> <span class='ocrx_word' id='word_1_781' title='bbox 1529 3150 1613 3175; x_wconf 88' lang='lat' dir='ltr'><em>vero</em></span> <span class='ocrx_word' id='word_1_782' title='bbox 1637 3150 1687 3175; x_wconf 86' lang='lat' dir='ltr'><strong><em>ex</em></strong></span> <span class='ocrx_word' id='word_1_783' title='bbox 1710 3139 1807 3174; x_wconf 83' lang='lat' dir='ltr'><em>dicto</em></span> <span class='ocrx_word' id='word_1_784' title='bbox 1831 3139 2120 3184; x_wconf 81' lang='lat' dir='ltr'><em>arqentariorum</em></span> <span class='ocrx_word' id='word_1_785' title='bbox 2136 3149 2288 3184; x_wconf 87' lang='lat' dir='ltr'><em>corpore</em></span> <span class='ocrx_word' id='word_1_786' title='bbox 2305 3137 2457 3183; x_wconf 82' lang='lat' dir='ltr'><em>benique</em></span> 
     </span>
     <span class='ocr_line' id='line_1_60' title="bbox 236 3182 2456 3229; baseline 0.002 -13"><span class='ocrx_word' id='word_1_787' title='bbox 236 3183 281 3217; x_wconf 87' lang='lat' dir='ltr'><strong><em>iis</em></strong></span> <span class='ocrx_word' id='word_1_788' title='bbox 310 3182 549 3224; x_wconf 88' lang='lat' dir='ltr'><em>crediderunt,</em></span> <span class='ocrx_word' id='word_1_789' title='bbox 580 3183 619 3217; x_wconf 87' lang='lat' dir='ltr'><strong><em>in</em></strong></span> <span class='ocrx_word' id='word_1_790' title='bbox 642 3184 699 3217; x_wconf 92' lang='lat' dir='ltr'><strong><em>ius</em></strong></span> <span class='ocrx_word' id='word_1_791' title='bbox 727 3193 857 3218; x_wconf 84' lang='lat' dir='ltr'><em>vocare</em></span> <span class='ocrx_word' id='word_1_792' title='bbox 888 3186 1068 3228; x_wconf 79' lang='lat' dir='ltr'><em>nequeant</em></span> <span class='ocrx_word' id='word_1_793' title='bbox 1098 3183 1190 3225; x_wconf 89' lang='lat' dir='ltr'><em>illos,</em></span> <span class='ocrx_word' id='word_1_794' title='bbox 1223 3183 1431 3229; x_wconf 87' lang='lat' dir='ltr'><em>quibuscum</em></span> <span class='ocrx_word' id='word_1_795' title='bbox 1463 3187 1686 3219; x_wconf 89' lang='lat' dir='ltr'><em>contractum</em></span> <span class='ocrx_word' id='word_1_796' title='bbox 1709 3184 1819 3218; x_wconf 87' lang='lat' dir='ltr'><em>inisse</em></span> <span class='ocrx_word' id='word_1_797' title='bbox 1841 3194 1916 3218; x_wconf 90' lang='lat' dir='ltr'><strong><em>non</em></strong></span> <span class='ocrx_word' id='word_1_798' title='bbox 1939 3183 2140 3226; x_wconf 84' lang='lat' dir='ltr'><em>videantur,</em></span> <span class='ocrx_word' id='word_1_799' title='bbox 2161 3184 2199 3218; x_wconf 92' lang='lat' dir='ltr'><strong><em>in</em></strong></span> <span class='ocrx_word' id='word_1_800' title='bbox 2223 3183 2292 3218; x_wconf 87' lang='lat' dir='ltr'><em>hoc</em></span> <span class='ocrx_word' id='word_1_801' title='bbox 2314 3194 2456 3229; x_wconf 88' lang='lat' dir='ltr'><em>quoque</em></span> 
     </span>
     <span class='ocr_line' id='line_1_61' title="bbox 236 3227 2458 3276; baseline 0 -15"><span class='ocrx_word' id='word_1_802' title='bbox 236 3227 355 3273; x_wconf 85' lang='lat' dir='ltr'><em>capite</em></span> <span class='ocrx_word' id='word_1_803' title='bbox 365 3238 497 3273; x_wconf 85' lang='lat' dir='ltr'><em>parem</em></span> <span class='ocrx_word' id='word_1_804' title='bbox 521 3228 800 3271; x_wconf 83' lang='lat' dir='ltr'><em>munificentiam</em></span> <span class='ocrx_word' id='word_1_805' title='bbox 825 3233 896 3263; x_wconf 87' lang='lat' dir='ltr'><strong><em>tam</em></strong></span> <span class='ocrx_word' id='word_1_806' title='bbox 921 3228 1153 3273; x_wconf 82' lang='lat' dir='ltr'><em>arqentariis,</em></span> <span class='ocrx_word' id='word_1_807' title='bbox 1178 3239 1287 3273; x_wconf 89' lang='lat' dir='ltr'><em>quam</em></span> <span class='ocrx_word' id='word_1_808' title='bbox 1310 3228 1374 3274; x_wconf 88' lang='lat' dir='ltr'><strong><em>qui</em></strong></span> <span class='ocrx_word' id='word_1_809' title='bbox 1402 3227 1576 3264; x_wconf 86' lang='lat' dir='ltr'><em>adversus</em></span> <span class='ocrx_word' id='word_1_810' title='bbox 1590 3239 1652 3264; x_wconf 89' lang='lat' dir='ltr'><strong><em>eos</em></strong></span> <span class='ocrx_word' id='word_1_811' title='bbox 1667 3228 1801 3276; x_wconf 84' lang='lat' dir='ltr'><em>similes</em></span> <span class='ocrx_word' id='word_1_812' title='bbox 1817 3229 2080 3264; x_wconf 84' lang='lat' dir='ltr'><em>controversias</em></span> <span class='ocrx_word' id='word_1_813' title='bbox 2094 3231 2235 3263; x_wconf 85' lang='lat' dir='ltr'><em>movent</em></span> <span class='ocrx_word' id='word_1_814' title='bbox 2249 3227 2458 3264; x_wconf 79' lang='lat' dir='ltr'><em>exhibentes</em></span> 
     </span>
     <span class='ocr_line' id='line_1_62' title="bbox 236 3271 2455 3319; baseline 0.001 -14"><span class='ocrx_word' id='word_1_815' title='bbox 236 3272 406 3314; x_wconf 88' lang='lat' dir='ltr'><em>iubemus,</em></span> <span class='ocrx_word' id='word_1_816' title='bbox 430 3273 465 3307; x_wconf 88' lang='lat' dir='ltr'><strong><em>si</em></strong></span> <span class='ocrx_word' id='word_1_817' title='bbox 486 3271 568 3318; x_wconf 85' lang='lat' dir='ltr'><em>quis</em></span> <span class='ocrx_word' id='word_1_818' title='bbox 591 3272 791 3308; x_wconf 82' lang='lat' dir='ltr'><em>debitorum</em></span> <span class='ocrx_word' id='word_1_819' title='bbox 815 3272 898 3308; x_wconf 91' lang='lat' dir='ltr'><em>dolo</em></span> <span class='ocrx_word' id='word_1_820' title='bbox 920 3273 1053 3317; x_wconf 84' lang='lat' dir='ltr'><em>fecisse</em></span> <span class='ocrx_word' id='word_1_821' title='bbox 1074 3272 1347 3317; x_wconf 86' lang='lat' dir='ltr'><em>demonstretur,</em></span> <span class='ocrx_word' id='word_1_822' title='bbox 1379 3283 1424 3307; x_wconf 88' lang='lat' dir='ltr'><strong><em>ne</em></strong></span> <span class='ocrx_word' id='word_1_823' title='bbox 1451 3284 1510 3309; x_wconf 90' lang='lat' dir='ltr'><strong><em>res</em></strong></span> <span class='ocrx_word' id='word_1_824' title='bbox 1532 3284 1618 3309; x_wconf 91' lang='lat' dir='ltr'><em>suas</em></span> <span class='ocrx_word' id='word_1_825' title='bbox 1640 3273 1837 3319; x_wconf 88' lang='lat' dir='ltr'><em>possideat,</em></span> <span class='ocrx_word' id='word_1_826' title='bbox 1862 3276 1899 3308; x_wconf 93' lang='lat' dir='ltr'><strong><em>et</em></strong></span> <span class='ocrx_word' id='word_1_827' title='bbox 1921 3273 1976 3307; x_wconf 87' lang='lat' dir='ltr'><strong><em>ius</em></strong></span> <span class='ocrx_word' id='word_1_828' title='bbox 1998 3283 2102 3307; x_wconf 91' lang='lat' dir='ltr'><em>suum</em></span> <span class='ocrx_word' id='word_1_829' title='bbox 2126 3272 2218 3307; x_wconf 88' lang='lat' dir='ltr'><em>clam</em></span> <span class='ocrx_word' id='word_1_830' title='bbox 2243 3273 2279 3307; x_wconf 88' lang='lat' dir='ltr'><strong><em>in</em></strong></span> <span class='ocrx_word' id='word_1_831' title='bbox 2303 3273 2455 3307; x_wconf 88' lang='lat' dir='ltr'><em>alterum</em></span> 
     </span>
     <span class='ocr_line' id='line_1_63' title="bbox 237 3316 2455 3398; baseline 0 -48"><span class='ocrx_word' id='word_1_832' title='bbox 237 3317 481 3359; x_wconf 85' lang='lat' dir='ltr'><em>transtulisse,</em></span> <span class='ocrx_word' id='word_1_833' title='bbox 517 3317 623 3352; x_wconf 86' lang='lat' dir='ltr'><em>licere</em></span> <span class='ocrx_word' id='word_1_834' title='bbox 654 3317 838 3352; x_wconf 88' lang='lat' dir='ltr'><em>actoribus</em></span> <span class='ocrx_word' id='word_1_835' title='bbox 862 3327 931 3363; x_wconf 88' lang='lat' dir='ltr'><strong><em>per</em></strong></span> <span class='ocrx_word' id='word_1_836' title='bbox 962 3317 1139 3353; x_wconf 90' lang='lat' dir='ltr'><em>actionem</em></span> <span class='ocrx_word' id='word_1_837' title='bbox 1172 3319 1209 3353; x_wconf 88' lang='lat' dir='ltr'><strong><em>in</em></strong></span> <span class='ocrx_word' id='word_1_838' title='bbox 1240 3328 1315 3353; x_wconf 87' lang='lat' dir='ltr'><strong><em>rem</em></strong></span> <span class='ocrx_word' id='word_1_839' title='bbox 1345 3316 1496 3353; x_wconf 85' lang='lat' dir='ltr'><em>aliamve</em></span> <span class='ocrx_word' id='word_1_840' title='bbox 1527 3318 1722 3370; x_wconf 76' lang='lat' dir='ltr'><em>leqitimam</em></span> <span class='ocrx_word' id='word_1_841' title='bbox 1751 3321 1787 3354; x_wconf 89' lang='lat' dir='ltr'><strong><em>et</em></strong></span> <span class='ocrx_word' id='word_1_842' title='bbox 1793 3318 1957 3398; x_wconf 67' lang='lat' dir='ltr'><em>dsuetum</em></span> <span class='ocrx_word' id='word_1_843' title='bbox 1988 3327 2188 3364; x_wconf 79' lang='lat' dir='ltr'><em>coarquere</em></span> <span class='ocrx_word' id='word_1_844' title='bbox 2217 3320 2254 3353; x_wconf 91' lang='lat' dir='ltr'><strong><em>et</em></strong></span> <span class='ocrx_word' id='word_1_845' title='bbox 2283 3317 2455 3353; x_wconf 86' lang='lat' dir='ltr'><em>adversus</em></span> 
     </span>
     <span class='ocr_line' id='line_1_64' title="bbox 237 3359 2454 3412; baseline 0 -18"><span class='ocrx_word' id='word_1_846' title='bbox 237 3359 352 3395; x_wconf 87' lang='lat' dir='ltr'><em>dictas</em></span> <span class='ocrx_word' id='word_1_847' title='bbox 380 3372 438 3397; x_wconf 88' lang='lat' dir='ltr'><strong><em>res</em></strong></span> <span class='ocrx_word' id='word_1_848' title='bbox 493 3363 575 3397; x_wconf 88' lang='lat' dir='ltr'><em>uasi</em></span> <span class='ocrx_word' id='word_1_849' title='bbox 602 3361 772 3398; x_wconf 86' lang='lat' dir='ltr'><em>debitoris</em></span> <span class='ocrx_word' id='word_1_850' title='bbox 805 3362 879 3398; x_wconf 87' lang='lat' dir='ltr'><em>sint</em></span> <span class='ocrx_word' id='word_1_851' title='bbox 890 3362 1105 3408; x_wconf 79' lang='lat' dir='ltr'><em>procedere,</em></span> <span class='ocrx_word' id='word_1_852' title='bbox 1136 3366 1172 3398; x_wconf 92' lang='lat' dir='ltr'><strong><em>et</em></strong></span> <span class='ocrx_word' id='word_1_853' title='bbox 1195 3362 1353 3408; x_wconf 86' lang='lat' dir='ltr'><em>undique</em></span> <span class='ocrx_word' id='word_1_854' title='bbox 1374 3362 1640 3398; x_wconf 79' lang='lat' dir='ltr'><em>machinatione</em></span> <span class='ocrx_word' id='word_1_855' title='bbox 1660 3362 1770 3409; x_wconf 89' lang='lat' dir='ltr'><em>pulsa</em></span> <span class='ocrx_word' id='word_1_856' title='bbox 1819 3373 1961 3397; x_wconf 85' lang='lat' dir='ltr'><em>amn-um</em></span> <span class='ocrx_word' id='word_1_857' title='bbox 1979 3372 2083 3397; x_wconf 90' lang='lat' dir='ltr'><em>suum</em></span> <span class='ocrx_word' id='word_1_858' title='bbox 2107 3367 2143 3397; x_wconf 88' lang='lat' dir='ltr'><strong><em>et</em></strong></span> <span class='ocrx_word' id='word_1_859' title='bbox 2163 3363 2201 3396; x_wconf 90' lang='lat' dir='ltr'><strong><em>in</em></strong></span> <span class='ocrx_word' id='word_1_860' title='bbox 2225 3362 2341 3397; x_wconf 91' lang='lat' dir='ltr'><em>debito</em></span> <span class='ocrx_word' id='word_1_861' title='bbox 2359 3364 2396 3412; x_wconf 76' lang='lat' dir='ltr'><strong><em>et</em></strong></span> <span class='ocrx_word' id='word_1_862' title='bbox 2416 3361 2454 3395; x_wconf 87' lang='lat' dir='ltr'><strong><em>in</em></strong></span> 
     </span>
     <span class='ocr_line' id='line_1_65' title="bbox 237 3373 2454 3454; baseline 0 -15"><span class='ocrx_word' id='word_1_863' title='bbox 237 3407 407 3451; x_wconf 86' lang='lat' dir='ltr'><em>expensis</em></span> <span class='ocrx_word' id='word_1_864' title='bbox 438 3373 490 3442; x_wconf 56' lang='grc' dir='ltr'><strong><em>οἵ</em></strong></span> <span class='ocrx_word' id='word_1_865' title='bbox 513 3406 583 3442; x_wconf 87' lang='lat' dir='ltr'><em>hoc</em></span> <span class='ocrx_word' id='word_1_866' title='bbox 613 3407 729 3452; x_wconf 84' lang='lat' dir='ltr'><em>factis</em></span> <span class='ocrx_word' id='word_1_867' title='bbox 758 3407 906 3442; x_wconf 88' lang='lat' dir='ltr'><em>sarcire.</em></span> <span class='ocrx_word' id='word_1_868' title='bbox 952 3405 1093 3442; x_wconf 87' lang='lat' dir='ltr'><em>Scimus</em></span> <span class='ocrx_word' id='word_1_869' title='bbox 1119 3408 1210 3443; x_wconf 90' lang='lat' dir='ltr'><em>enim</em></span> <span class='ocrx_word' id='word_1_870' title='bbox 1235 3407 1461 3453; x_wconf 87' lang='lat' dir='ltr'><em>eloquentiae</em></span> <span class='ocrx_word' id='word_1_871' title='bbox 1482 3410 1564 3443; x_wconf 85' lang='lat' dir='ltr'><em>tuae</em></span> <span class='ocrx_word' id='word_1_872' title='bbox 1586 3407 1843 3454; x_wconf 88' lang='lat' dir='ltr'><em>memoratique</em></span> <span class='ocrx_word' id='word_1_873' title='bbox 1865 3406 2119 3453; x_wconf 82' lang='lat' dir='ltr'><em>qloriosissimi</em></span> <span class='ocrx_word' id='word_1_874' title='bbox 2142 3407 2211 3442; x_wconf 84' lang='lat' dir='ltr'><em>viri</em></span> <span class='ocrx_word' id='word_1_875' title='bbox 2233 3406 2454 3452; x_wconf 77' lang='lat' dir='ltr'><em>diliqentzam</em></span> 
     </span>
    </p>
   </div>
   <div class='ocr_carea' id='block_1_14' title="bbox 2257 3513 2447 3519">
    <p class='ocr_par' dir='ltr' id='par_1_14' title="bbox 2257 3513 2447 3519">
     <span class='ocr_line' id='line_1_66' title="bbox 2257 3513 2447 3519; baseline 0 0"><span class='ocrx_word' id='word_1_876' title='bbox 2257 3513 2447 3519; x_wconf 95' lang='lat' dir='ltr'><strong><em> </em></strong></span> 
     </span>
    </p>
   </div>
   <div class='ocr_carea' id='block_1_15' title="bbox 239 3583 2449 3720">
    <p class='ocr_par' dir='ltr' id='par_1_15' title="bbox 239 3583 2449 3720">
     <span class='ocr_line' id='line_1_67' title="bbox 282 3583 2449 3631; baseline 0.003 -17"><span class='ocrx_word' id='word_1_877' title='bbox 282 3585 300 3615; x_wconf 84' lang='lat'><strong>7</strong></span> <span class='ocrx_word' id='word_1_878' title='bbox 332 3585 477 3624; x_wconf 76' lang='grc' dir='ltr'><strong><em>ἔχοντας</em></strong></span> <span class='ocrx_word' id='word_1_879' title='bbox 501 3586 617 3627; x_wconf 89' lang='lat' dir='ltr'><em>Kroll]</em></span> <span class='ocrx_word' id='word_1_880' title='bbox 650 3583 758 3619; x_wconf 83' lang='grc' dir='ltr'><strong><em>ὄντας</em></strong></span> <span class='ocrx_word' id='word_1_881' title='bbox 781 3587 826 3620; x_wconf 90' lang='grc' dir='ltr'><strong>Μ</strong></span> <span class='ocrx_word' id='word_1_882' title='bbox 851 3586 863 3629; x_wconf 90' lang='grc' dir='ltr'><strong><em>ΙΙ</em></strong></span> <span class='ocrx_word' id='word_1_883' title='bbox 896 3588 916 3621; x_wconf 85' lang='grc'><strong>9</strong></span> <span class='ocrx_word' id='word_1_884' title='bbox 942 3588 984 3629; x_wconf 72' lang='lat' dir='ltr'><em>cfi</em></span> <span class='ocrx_word' id='word_1_885' title='bbox 1008 3599 1081 3620; x_wconf 84' lang='lat' dir='ltr'><em>nov.</em></span> <span class='ocrx_word' id='word_1_886' title='bbox 1109 3587 1314 3621; x_wconf 78' lang='lat' dir='ltr'><strong><em>CXXXVI</em></strong></span> <span class='ocrx_word' id='word_1_887' title='bbox 1377 3587 1564 3621; x_wconf 83' lang='lat' dir='ltr'><em>Zachariae</em></span> <span class='ocrx_word' id='word_1_888' title='bbox 1590 3586 1603 3630; x_wconf 79' lang='grc'><strong><em>11</em></strong></span> <span class='ocrx_word' id='word_1_889' title='bbox 1633 3588 1676 3621; x_wconf 89' lang='grc'><strong><em>22</em></strong></span> <span class='ocrx_word' id='word_1_890' title='bbox 1696 3583 1760 3628; x_wconf 78' lang='grc' dir='ltr'><strong><em>οὐχ</em></strong></span> <span class='ocrx_word' id='word_1_891' title='bbox 1784 3587 1842 3620; x_wconf 85' lang='lat' dir='ltr'><strong><em>Ma</em></strong></span> <span class='ocrx_word' id='word_1_892' title='bbox 1872 3586 1884 3631; x_wconf 87' lang='grc' dir='ltr'><strong><em>ΙΙ</em></strong></span> <span class='ocrx_word' id='word_1_893' title='bbox 1915 3588 1958 3620; x_wconf 88' lang='grc'><strong><em>24</em></strong></span> <span class='ocrx_word' id='word_1_894' title='bbox 1981 3583 2269 3630; x_wconf 78' lang='grc' dir='ltr'><strong><em>ἐποφειλομένων</em></strong></span> <span class='ocrx_word' id='word_1_895' title='bbox 2293 3585 2341 3626; x_wconf 89' lang='lat' dir='ltr'><strong><em>M,</em></strong></span> <span class='ocrx_word' id='word_1_896' title='bbox 2367 3598 2449 3620; x_wconf 83' lang='lat' dir='ltr'><em>corr.</em></span> 
     </span>
     <span class='ocr_line' id='line_1_68' title="bbox 239 3624 2449 3674; baseline 0.003 -16"><span class='ocrx_word' id='word_1_897' title='bbox 239 3627 287 3658; x_wconf 84' lang='lat' dir='ltr'><strong><em>ed.</em></strong></span> <span class='ocrx_word' id='word_1_898' title='bbox 312 3628 379 3659; x_wconf 90' lang='lat' dir='ltr'><strong><em>IX.</em></strong></span> <span class='ocrx_word' id='word_1_899' title='bbox 411 3628 424 3670; x_wconf 84' lang='grc' dir='ltr'><strong><em>ΙΙ</em></strong></span> <span class='ocrx_word' id='word_1_900' title='bbox 458 3630 496 3662; x_wconf 86' lang='grc'><strong><em>11</em></strong></span> <span class='ocrx_word' id='word_1_901' title='bbox 529 3625 601 3664; x_wconf 82' lang='grc' dir='ltr'><strong><em>ὑπὸ</em></strong></span> <span class='ocrx_word' id='word_1_902' title='bbox 634 3628 786 3664; x_wconf 86' lang='grc' dir='ltr'><strong><em>ὑπάτων</em></strong></span> <span class='ocrx_word' id='word_1_903' title='bbox 816 3634 875 3663; x_wconf 86' lang='grc' dir='ltr'><strong><em>καὶ</em></strong></span> <span class='ocrx_word' id='word_1_904' title='bbox 905 3634 1109 3674; x_wconf 89' lang='grc' dir='ltr'><strong><em>πατρικίων</em></strong></span> <span class='ocrx_word' id='word_1_905' title='bbox 1142 3632 1192 3673; x_wconf 88' lang='lat' dir='ltr'><strong><em>M,</em></strong></span> <span class='ocrx_word' id='word_1_906' title='bbox 1225 3645 1306 3665; x_wconf 83' lang='lat' dir='ltr'><em>corr.</em></span> <span class='ocrx_word' id='word_1_907' title='bbox 1375 3633 1418 3665; x_wconf 89' lang='lat' dir='ltr'><strong><em>R.</em></strong></span> <span class='ocrx_word' id='word_1_908' title='bbox 1446 3633 1623 3665; x_wconf 80' lang='lat' dir='ltr'><em>Schneider</em></span> <span class='ocrx_word' id='word_1_909' title='bbox 1652 3632 1664 3672; x_wconf 78' lang='grc' dir='ltr'><strong><em>ΙΙ</em></strong></span> <span class='ocrx_word' id='word_1_910' title='bbox 1693 3633 1733 3665; x_wconf 86' lang='grc'><strong><em>25</em></strong></span> <span class='ocrx_word' id='word_1_911' title='bbox 1761 3629 1845 3664; x_wconf 77' lang='grc' dir='ltr'><strong><em>τοὺς</em></strong></span> <span class='ocrx_word' id='word_1_912' title='bbox 1868 3632 2066 3670; x_wconf 83' lang='lat' dir='ltr'><em>Zachariae]</em></span> <span class='ocrx_word' id='word_1_913' title='bbox 2087 3624 2213 3661; x_wconf 72' lang='grc' dir='ltr'><strong><em>αὐτοὺς</em></strong></span> <span class='ocrx_word' id='word_1_914' title='bbox 2237 3629 2282 3661; x_wconf 88' lang='grc' dir='ltr'><strong>Μ</strong></span> <span class='ocrx_word' id='word_1_915' title='bbox 2305 3632 2317 3672; x_wconf 71' lang='grc' dir='ltr'><strong><em>ΙΙ</em></strong></span> <span class='ocrx_word' id='word_1_916' title='bbox 2346 3631 2388 3664; x_wconf 86' lang='grc'><strong><em>29</em></strong></span> <span class='ocrx_word' id='word_1_917' title='bbox 2412 3630 2449 3663; x_wconf 86' lang='lat' dir='ltr'><strong><em>in</em></strong></span> 
     </span>
     <span class='ocr_line' id='line_1_69' title="bbox 239 3670 2159 3720; baseline 0.001 -17"><span class='ocrx_word' id='word_1_918' title='bbox 239 3670 401 3714; x_wconf 74' lang='lat' dir='ltr'><em>Scrimyer</em></span> <span class='ocrx_word' id='word_1_919' title='bbox 430 3671 443 3714; x_wconf 84' lang='lat' dir='ltr'>ss</span> <span class='ocrx_word' id='word_1_920' title='bbox 478 3674 518 3706; x_wconf 80' lang='lat'><strong><em>16</em></strong></span> <span class='ocrx_word' id='word_1_921' title='bbox 545 3671 566 3716; x_wconf 85' lang='grc' dir='ltr'><em>ἢ</em></span> <span class='ocrx_word' id='word_1_922' title='bbox 598 3671 699 3708; x_wconf 77' lang='grc' dir='ltr'><strong><em>αὐτοὶ</em></strong></span> <span class='ocrx_word' id='word_1_923' title='bbox 723 3676 840 3715; x_wconf 90' lang='lat' dir='ltr'><em>Kroll]</em></span> <span class='ocrx_word' id='word_1_924' title='bbox 864 3674 899 3708; x_wconf 87' lang='grc' dir='ltr'><strong><em>οἱ</em></strong></span> <span class='ocrx_word' id='word_1_925' title='bbox 923 3672 1022 3708; x_wconf 73' lang='grc' dir='ltr'><strong><em>αὐτοὶ</em></strong></span> <span class='ocrx_word' id='word_1_926' title='bbox 1048 3677 1094 3708; x_wconf 87' lang='grc' dir='ltr'><em>Μ</em></span> <span class='ocrx_word' id='word_1_927' title='bbox 1118 3675 1130 3720; x_wconf 77' lang='grc' dir='ltr'><strong>Η</strong></span> <span class='ocrx_word' id='word_1_928' title='bbox 1160 3675 1195 3708; x_wconf 87' lang='grc' dir='ltr'><strong><em>οἱ</em></strong></span> <span class='ocrx_word' id='word_1_929' title='bbox 1226 3677 1304 3710; x_wconf 80' lang='lat' dir='ltr'><em>add.</em></span> <span class='ocrx_word' id='word_1_930' title='bbox 1374 3677 1442 3710; x_wconf 54' lang='lat' dir='ltr'><strong><em>rem</em></strong></span> <span class='ocrx_word' id='word_1_931' title='bbox 1467 3678 1512 3710; x_wconf 92' lang='lat' dir='ltr'><em>M</em></span> <span class='ocrx_word' id='word_1_932' title='bbox 1524 3677 1536 3720; x_wconf 73' lang='grc' dir='ltr'><strong>Η</strong></span> <span class='ocrx_word' id='word_1_933' title='bbox 1554 3679 1594 3711; x_wconf 91' lang='grc'><strong><em>31</em></strong></span> <span class='ocrx_word' id='word_1_934' title='bbox 1622 3673 1741 3710; x_wconf 70' lang='grc' dir='ltr'><strong><em>αὑτοῖς</em></strong></span> <span class='ocrx_word' id='word_1_935' title='bbox 1765 3676 1812 3709; x_wconf 86' lang='lat' dir='ltr'><em>M</em></span> <span class='ocrx_word' id='word_1_936' title='bbox 1821 3675 1833 3719; x_wconf 93' lang='grc' dir='ltr'><strong><em>ΙΙ</em></strong></span> <span class='ocrx_word' id='word_1_937' title='bbox 1852 3676 1911 3719; x_wconf 74' lang='lat' dir='ltr'><em>leq.</em></span> <span class='ocrx_word' id='word_1_938' title='bbox 1933 3674 2159 3718; x_wconf 66' lang='grc' dir='ltr'><strong><em>γενομένοιςῗ</em></strong></span> 
     </span>
    </p>
   </div>
   <div class='ocr_carea' id='block_1_16' title="bbox 2494 826 2532 857">
    <p class='ocr_par' dir='ltr' id='par_1_16' title="bbox 2494 826 2532 857">
     <span class='ocr_line' id='line_1_70' title="bbox 2494 826 2532 857; baseline 0.026 -1"><span class='ocrx_word' id='word_1_939' title='bbox 2494 826 2532 857; x_wconf 85' lang='grc'><strong><em>10</em></strong></span> 
     </span>
    </p>
   </div>
   <div class='ocr_carea' id='block_1_17' title="bbox 2494 1050 2533 1082">
    <p class='ocr_par' dir='ltr' id='par_1_17' title="bbox 2494 1050 2533 1082">
     <span class='ocr_line' id='line_1_71' title="bbox 2494 1050 2533 1082; baseline 0.026 -1"><span class='ocrx_word' id='word_1_940' title='bbox 2494 1050 2533 1082; x_wconf 85' lang='grc'><strong><em>15</em></strong></span> 
     </span>
    </p>
   </div>
   <div class='ocr_carea' id='block_1_18' title="bbox 2491 1395 2533 1427">
    <p class='ocr_par' dir='ltr' id='par_1_18' title="bbox 2491 1395 2533 1427">
     <span class='ocr_line' id='line_1_72' title="bbox 2491 1395 2533 1427; baseline 0 0"><span class='ocrx_word' id='word_1_941' title='bbox 2491 1395 2533 1427; x_wconf 90' lang='grc'><strong><em>20</em></strong></span> 
     </span>
    </p>
   </div>
   <div class='ocr_carea' id='block_1_19' title="bbox 2490 1617 2531 1649">
    <p class='ocr_par' dir='ltr' id='par_1_19' title="bbox 2490 1617 2531 1649">
     <span class='ocr_line' id='line_1_73' title="bbox 2490 1617 2531 1649; baseline 0 0"><span class='ocrx_word' id='word_1_942' title='bbox 2490 1617 2531 1649; x_wconf 87' lang='grc'><strong><em>25</em></strong></span> 
     </span>
    </p>
   </div>
   <div class='ocr_carea' id='block_1_20' title="bbox 2488 1840 2530 1872">
    <p class='ocr_par' dir='ltr' id='par_1_20' title="bbox 2488 1840 2530 1872">
     <span class='ocr_line' id='line_1_74' title="bbox 2488 1840 2530 1872; baseline 0 0"><span class='ocrx_word' id='word_1_943' title='bbox 2488 1840 2530 1872; x_wconf 90' lang='grc'><strong><em>30</em></strong></span> 
     </span>
    </p>
   </div>
  </div>
 </body>
</html>
