2618 4010
171 148 227 177 DE
256 149 355 179 REIS
384 147 685 179 PROM1TTEND1

1255 132 1339 180 483

1974 137 2080 179 Nov.
2104 136 2243 179 XCIX
2280 140 2290 177 l
2329 148 2391 190 ep.

169 243 188 278 ὁ
214 246 365 293 ένάγων,
396 244 465 280 κᾶν
485 247 520 279 εἴ
538 259 574 279 τι
595 246 684 291 πρὸς
709 243 877 289 ἀλλήλους
906 250 1032 281 ἐκεῖνοι
1053 247 1244 293 συμφωνή-

169 304 270 326 σαιεν
290 289 506 338 ἀγνοοῦντος
521 292 586 324 τοῦ
604 289 749 325 τούτους
769 294 912 334 ἔχοντος
932 290 1168 336 ὑπευθύνους,
1190 295 1249 326 καὶ

169 339 315 371 ἕκαστος
344 336 501 376 ἐνέξεται
538 332 654 382 ὥςπερ
689 337 727 377 ἐξ
758 334 864 382 ἀρχῆς
895 336 1158 384 συνεγράψατο,
1193 341 1247 372 τέ-

167 381 305 435 χναιςχῆ
322 380 438 416 δόλοις
454 379 476 424 ἢ
494 380 701 416 ὃιαλύσεσιν
722 381 956 428 ὑπερβαίνειν
972 384 1018 417 τὰ
1035 387 1247 430 συγκείμενα

1316 247 1399 292 quid
1423 248 1515 282 inter
1537 258 1576 283 se
1600 247 1652 283 illi
1675 247 1873 292 pepigerint
1897 248 2082 292 ignorante
2106 248 2174 283 isto
2201 247 2262 292 qui
2285 247 2394 281 habet

1315 303 1376 328 eos
1413 293 1608 337 obligatos,
1645 297 1681 328 et
1719 293 1964 338 unusquisque
1999 294 2180 329 tenebitur
2216 292 2310 337 quod
2346 293 2391 327 ab

1317 338 1416 373 initio
1442 339 1604 382 scripsit,
1638 337 1775 373 artibus
1801 343 1864 373 aut
1887 338 1978 374 dolis
2002 343 2066 373 aut
2088 337 2392 373 transactionibus

1315 384 1556 428 praevarIcari
1581 393 1672 427 quae
1697 383 1893 419 constituta
1917 386 1999 419 sunt
2023 395 2095 419 non
2120 383 2300 419 sinendus.

168 429 189 462 1
214 441 284 481 Ημη
309 427 606 481 συχχωρούμῆενος.
658 470 676 481 a
690 428 735 461 Εί
758 431 882 472 μέντοι
905 431 977 463 τοῖς
1002 426 1121 463 αὐτοῖς
1144 427 1244 471 ένδη-
1281 431 1299 463 5
1313 430 1333 464 1
1381 428 1418 463 Si
1441 433 1560 464 autem
1584 428 1716 464 eisdem
1739 433 2000 464 commorentur
2020 429 2162 474 utrique
2185 433 2248 464 aut
2271 438 2392 464 omnes

166 485 268 515 μοιεν
308 473 469 515 ἑκατεροι
505 486 526 515 η
559 476 618 505 καὶ
650 485 809 508 απαντες
843 473 984 515 τόποις,
1021 474 1244 517 θεσπίζομεν

167 517 234 550 τὸν
265 518 327 560 τῆς
350 514 562 551 ὑποθέσεως
591 514 822 562 ἀκροώμενον
853 518 952 565 ἄγειν
985 515 1166 553 κάκείνους
1189 516 1242 553 εὖ·

170 559 255 604 θύς,
279 564 338 595 καὶ
355 563 456 609 κοινῇ
477 564 543 604 μὲν
559 563 740 605 ἐξετάζειν
760 564 827 606 τὴν
844 562 1039 607 ὑπόθεσιν,
1064 563 1189 607 κοινὴν
1205 562 1245 598 δὲ

167 606 316 649 ἐπάγειν
346 607 415 650 τὴν
439 609 573 654 ψῆφον.
602 606 718 662 (οὕτω
743 609 811 654 γὰρ
834 613 893 642 καὶ
917 609 953 643 οἱ
970 611 1086 651 ἔνοχοι
1111 609 1245 644 πάντες

1313 474 1418 517 locis,
1452 474 1631 509 sancimus
1662 473 1796 518 negotii
1819 474 1972 510 iudicem
1997 474 2170 509 deducere
2194 474 2274 509 illos
2299 485 2391 514 mox,

1314 522 1349 553 et
1397 519 1629 554 communiter
1673 518 1875 554 examinare
1916 519 2113 563 negotium,
2159 519 2393 554 communiter

1312 568 1430 599 autem
1460 564 1590 599 inferre
1619 565 1842 599 sententiam.
1892 564 1952 600 Sic
1983 564 2112 599 etenim
2137 568 2172 598 et
2196 564 2247 598 rei
2271 573 2392 599 omnes

1313 610 1575 652 obligabantur,
1602 612 1637 643 et
1657 609 1878 645 substantiae
1897 620 2019 644 eorum
2041 609 2194 653 qualitas
2212 609 2391 643 examina-

166 650 482 695 εὐθυνθήσονται,
508 657 567 687 καὶ
591 668 612 707 ῃ
637 665 699 697 της
724 658 926 708 περιουσίας
949 651 1072 688 αὐτῶν
1096 654 1244 697 ποιότης
1259 657 1298 689 10
1312 655 1422 697 bitur,
1457 656 1493 689 et
1525 654 1681 688 debItum
1713 655 1872 689 simiIIter
1902 654 2042 698 quidem
2073 653 2268 688 secundum
2289 654 2391 688 iusti-

166 697 463 740 ἐξετασθήσεται,
488 702 548 732 καὶ
564 711 606 732 το
624 702 722 744 χρέος
746 703 877 742 ομοίως
895 701 963 743 μὲν
978 699 1070 732 κατὰ
1095 699 1163 742 τὴν
1178 701 1242 733 τοῦ

166 740 304 776 δικαίου
328 741 460 787 ὁμοίως
485 742 524 776 δὲ
547 746 639 778 κατὰ
665 744 733 787 τὴν
756 745 820 778 τοῦ
843 745 954 787 νόμου
978 744 1084 784 τάξιν
1108 745 1242 788 προβή-

165 787 188 822 2
235 799 344 822 σεται.
416 790 461 822 Εἰ
485 788 525 823 δὲ
547 788 610 822 οὐκ
635 788 757 834 ἅρχων
781 790 832 832 εἴη
857 787 876 822 ὁ
900 791 964 832 τῆς
988 787 1084 831 δίκης
1108 786 1243 836 ἀκροώ-

164 845 269 875 μενος
293 830 376 867 οἷλλ>
397 834 514 880 ἕτερός
538 846 609 876 τις,
634 832 780 878 δίδομεν
805 832 931 868 ἄδειαν
954 831 977 877 ἢ
1002 834 1169 868 ἐνταῦθα
1189 834 1241 876 τῷ

1313 700 1383 778 ῐίαέ
1418 698 1577 734 similiter
1612 703 1732 733 autem
1764 699 1960 734 secundum
1995 698 2080 743 legIs
2115 698 2274 734 ordinem
2308 709 2392 743 pro-

1313 755 1354 824 ΞΘ
1380 748 1424 823 {ti
1444 792 1562 823 autem
1587 798 1659 823 non
1684 788 1952 823 administrator
1976 788 2024 823 sit
2047 799 2178 823 causae
2201 788 2309 823 iudex
2330 789 2393 824 sed

1313 834 1403 868 alter
1437 833 1583 877 aliquis,
1621 833 1746 867 damus
1780 833 1959 867 licentiam
1991 837 2054 868 aut
2085 833 2144 868 hic
2179 833 2393 885 competenti

165 879 354 933 npoequdpcp
380 877 530 926 δικαστῇ
556 878 779 924 προςέλευσιν
804 877 994 923 δεχομένῳ,
1023 877 1049 922 ἢ*
1071 881 1110 912 ἐν
1135 881 1242 931 ἐπαρ-
1259 880 1297 912 15
1312 879 1421 913 iudici
1451 877 1772 922 interpellationem
1794 878 2018 923 suscipienti,
2052 883 2115 914 aut
2138 879 2174 914 in
2199 879 2392 923 provinciiS

165 927 254 965 χίιιις
286 937 427 958 τουτων
456 923 816 970 προςαγγελλομένων
839 927 892 967 τῷ
916 923 1156 969 λαμπροτάτῳ
1182 937 1242 970 αρ-

165 982 265 1010 χοντι
302 968 322 1012 ἢ
357 974 417 1003 καὶ
451 972 504 1012 τῷ
539 967 700 1017 ἁρμοὸίῳ
738 967 888 1016 δικαστῇ
924 967 1139 1016 ἀναγκάζειν
1184 967 1242 1002 διὰ

166 1015 226 1056 τῆς
260 1011 369 1048 αὐτοῦ
404 1015 540 1055 τάξεως
574 1011 754 1049 κάκείνους
784 1015 1056 1062 παραγίνεσθαι
1086 1015 1130 1061 τῇ
1163 1012 1242 1060 δίκῃ

166 1062 224 1092 καὶ
260 1063 362 1113 με’ρος
398 1057 505 1103 αὐτῆς
539 1060 727 1106 γίνεσθαι,
767 1056 855 1093 ὥςτε
889 1058 1002 1103 μηδὲν
1037 1057 1244 1103 ἐμπόδισμα

1312 924 1367 959 his
1403 923 1618 958 denuntiatis
1659 923 1855 959 clarissimo
1891 923 2046 967 praesidi
2082 929 2144 959 aut
2179 924 2392 968 competenti

1310 969 1418 1004 iudici
1455 978 1579 1012 cogere
1614 979 1678 1012 per
1714 979 1817 1003 suum
1849 968 2006 1004 officium
2041 973 2077 1004 et
2107 969 2187 1005 illos
2219 969 2392 1004 interesse

1310 1014 1364 1048 liti
1398 1018 1433 1049 et
1467 1015 1604 1058 partem
1636 1014 1712 1049 eius
1744 1014 1837 1056 fieri,
1875 1018 1916 1049 ut
1946 1015 2081 1049 nullum
2112 1014 2392 1060 inpedimentum

1311 1060 1395 1094 huic
1419 1061 1564 1094 nostrae
1588 1059 1655 1103 legi
1679 1059 1753 1094 fiat.
2174 1060 2182 1067 ”

1801 1059 1865 1094 His
1891 1060 2053 1095 omnibus
2074 1060 2329 1105 incipientibus
2355 1061 2390 1094 in

165 1102 261 1146 τῷδε
285 1106 468 1158 ημῶνιτῷ
492 1106 585 1148 θείῳ
605 1106 708 1148 νόμῳ
728 1105 912 1151 γενέσθαι.
963 1105 1109 1139 Τούτων
1130 1101 1242 1140 ἁπάν-
1257 1106 1298 1137 20
1311 1104 1553 1139 contractibus
1590 1105 1770 1149 sequentis
1805 1105 1974 1149 temporis
2010 1109 2046 1141 et
2081 1106 2127 1141 ab
2162 1106 2267 1140 huius
2304 1105 2390 1149 legis

165 1162 241 1183 των
271 1163 504 1195 κρατουντων
532 1152 590 1184 ἐπὶ
621 1151 699 1184 τῶν
723 1150 1031 1196 συναλλαγμάτων
1059 1151 1122 1184 τοῦ
1152 1149 1243 1192 μετὰ

164 1196 280 1229 ταῦτα
303 1195 433 1239 χρόνου
465 1199 524 1228 καὶ
547 1192 620 1229 ἀπὸ
646 1196 708 1238 τῆς
731 1193 837 1229 τοῦδε
866 1196 928 1229 τοῦ
952 1193 1062 1239 νόμου
1087 1196 1242 1229 θέσεως·

165 1240 206 1273 τὸ
235 1242 303 1286 γὰρ
328 1241 540 1283 παρῳχηκὸς
567 1243 640 1274 τοῖς
670 1240 740 1286 πρὸ
767 1237 878 1275 αὐτοῦ
903 1241 1126 1285 τεθειμένοις
1153 1238 1243 1285 ὑπὲρ

165 1284 290 1319 τούτου
314 1285 631 1329 καταλιμπάνομεν
655 1286 785 1326 νόμοις.

223 1327 504 1377 <Ἐπίλογος.>

165 1374 224 1409 διὰ
248 1373 355 1410 τοῦδε
385 1377 450 1410 τοῦ
474 1376 579 1410 θείου
607 1374 807 1419 δηλούμενα
838 1389 950 1420 νομου
974 1390 995 1419 η
1021 1375 1065 1419 σὴ
1087 1377 1243 1421 υπεροχὴ

164 1423 256 1467 ἔργῳ
281 1424 340 1454 καὶ
365 1424 492 1466 πέρατι
516 1419 742 1466 παραδοῦναι
767 1421 971 1456 σπευσάτω.

213 1467 295 1501 Dat.
310 1477 416 1500 xv111.
434 1467 471 1501 k.
489 1466 563 1500 Ian.
583 1467 652 1501 ΟΡ.
672 1466 754 1510 imp.
777 1466 835 1502 dn.
859 1466 1049 1502 lustIniani
1068 1477 1129 1511 pp.
1149 1467 1239 1511 Aug.

164 1522 255 1546 anno
272 1511 370 1546 Xlll.
396 1511 536 1554 Apione
560 1523 591 1546 v.
619 1522 648 1546 c.
675 1522 771 1546 cons.

563 1331 612 1364 Τὰ
643 1334 767 1365 τοίνυν
798 1331 1039 1385 παραστάντα
1068 1328 1153 1384 ἡμῖν
1184 1333 1243 1364 καὶ
1257 1332 1298 1364 25

1311 1149 1506 1194 positione;
1540 1150 1633 1194 quod
1664 1153 1783 1185 autem
1814 1151 1999 1194 praeteriit
2024 1153 2084 1194 [et]
2116 1155 2200 1185 ante
2224 1160 2303 1186 eam
2327 1161 2390 1195 po-

1312 1195 1390 1230 sitis
1414 1205 1479 1239 pro
1505 1195 1560 1230 his
1581 1195 1813 1239 relinquimus
1836 1196 1983 1240 legibus.

1379 1331 1429 1374 <E
1439 1330 1654 1375 pilogus.>
1710 1330 1808 1374 Quae
1842 1331 1950 1376 igitur
1981 1331 2196 1376 placuerunt
2223 1331 2326 1366 nobis
2356 1333 2392 1366 et

1311 1385 1374 1420 per
1399 1376 1493 1410 hanc
1517 1386 1657 1411 sacram
1682 1376 1864 1411 declarata
1888 1379 1972 1412 sunt
1994 1377 2123 1420 legem,
2156 1380 2220 1411 tua
2252 1387 2392 1421 quoque

1313 1421 1488 1456 celsitudo
1514 1422 1614 1466 operi
1639 1421 1851 1474 effectuique
1877 1423 2087 1457 contradere
2108 1422 2264 1474 festinet.

1371 1467 1452 1501 Dat.
1476 1478 1556 1501 xm.
1583 1467 1654 1502 kal.
1679 1467 1757 1502 Ian.
1781 1467 1900 1513 <imp.>
1925 1468 1981 1503 dn.
2007 1467 2196 1503 Iustimam
2219 1478 2278 1512 pp.
2301 1468 2382 1511 Aug,

1203 1515 1248 1553 [a.
1269 1514 1346 1553 539]
1403 1522 1496 1547 anno
1519 1512 1618 1547 XIII.
1641 1512 1782 1557 Apione
1805 1524 1838 1548 v.
1860 1524 1891 1548 c.
1918 1513 2074 1548 consule.

162 1670 256 1704 inter
285 1679 323 1703 se
344 1670 450 1715 pacti
480 1669 554 1704 sint
583 1669 776 1714 iqnorante
805 1681 847 1704 eo
879 1670 944 1715 qui
965 1669 1146 1715 obliqatos
1176 1680 1238 1705 eos
1261 1669 1385 1711 habet,
1418 1674 1454 1705 et
1486 1670 1732 1721 unusquisque
1765 1670 1941 1705 tenebitur
1971 1669 2065 1705 sieut
2096 1671 2141 1706 ab
2169 1671 2274 1706 initio
2308 1682 2391 1706 con-

161 1717 181 1749 1
226 1714 392 1759 scripsit,
426 1725 491 1749 nec
516 1714 634 1750 licebit
656 1715 689 1750 ei
713 1715 852 1751 artibus
885 1714 940 1749 vel
963 1714 1057 1750 dolis
1081 1714 1136 1750 vel
1161 1715 1465 1750 transactionibus
1486 1720 1598 1760 pacta
1623 1715 1888 1751 circumvenire.

1979 1714 2022 1750 Si
2044 1725 2127 1751 vero
2151 1715 2277 1751 iisdem
2302 1716 2392 1751 locis

161 1764 312 1805 uterque
336 1758 392 1795 vel
415 1770 536 1794 omnes
559 1760 709 1806 deqant,
739 1761 920 1795 sancimus
944 1764 985 1795 ut
1006 1760 1068 1805 qui
1092 1771 1237 1795 causam
1262 1761 1448 1805 coqnoscit
1471 1759 1555 1794 illos
1579 1771 1724 1806 quoque
1747 1761 1869 1795 statim
1894 1764 2074 1803 arcessat,
2098 1765 2134 1796 et
2156 1762 2392 1797 communiter

162 1815 307 1839 causam
339 1805 522 1840 examinet
550 1815 838 1851 communemque
868 1806 1079 1840 sententiam
1112 1805 1224 1850 ferat.
1272 1804 1333 1841 Ita
1366 1806 1459 1841 enim
1490 1809 1524 1840 et
1554 1806 1610 1840 rei
1637 1816 1759 1840 omnes
1790 1805 2135 1849 condemnabuntur,
2167 1811 2204 1842 et
2232 1807 2392 1852 qualitas

161 1850 383 1885 substantiae
418 1861 542 1885 eorum
577 1850 864 1893 examinabitur,
901 1855 936 1886 et
971 1850 1126 1886 debitum
1151 1851 1298 1897 pariter
1332 1854 1366 1886 et
1401 1849 1595 1886 secundum
1626 1850 1786 1886 iustitiae
1816 1854 1852 1886 et
1880 1850 2075 1886 Secundum
2108 1852 2198 1898 leqis
2229 1852 2390 1887 ordinem

161 1895 185 1930 2
224 1894 410 1941 procedet.

466 1894 602 1937 Quodsi
633 1895 695 1941 qui
728 1906 873 1931 causam
905 1897 1092 1942 coqnoscit
1122 1907 1196 1931 non
1228 1897 1275 1931 sit
1297 1896 1533 1941 maqistratns
1563 1895 1628 1931 sed
1650 1896 1746 1930 alius
1769 1895 1869 1941 quis,
1901 1896 2080 1931 licentiam
2104 1897 2233 1932 damus
2256 1897 2312 1933 vel
2333 1896 2391 1932 liic

163 1940 377 1985 competenti
416 1940 528 1975 iudici
565 1941 892 1987 interpellationem
923 1941 1134 1987 accipienti,
1172 1941 1227 1977 vel
1256 1941 1294 1975 in
1320 1941 1524 1987 provinciis
1555 1940 1612 1975 his
1643 1941 1866 1976 denuntiatis
1903 1941 2104 1977 clarissimo
2135 1942 2299 1989 praesidi
2328 1945 2392 1977 aut

162 1986 269 2020 etiam
293 1987 506 2031 competenti
527 1985 649 2028 iudici,
674 1990 715 2021 ut
733 1997 804 2032 per
825 1987 986 2031 officium
1011 1996 1115 2021 suum
1139 1986 1223 2022 illos
1246 1997 1391 2032 quoque
1415 1990 1551 2032 coqant
1572 1997 1704 2021 causae
1725 1986 1897 2022 interesse
1918 1990 1954 2022 et
1970 1991 2115 2033 partem
2135 1988 2212 2023 eius
2229 1988 2322 2032 sieri,
2347 1999 2392 2023 ne

164 2030 263 2076 quod
284 2029 573 2076 impedimentum
597 2031 680 2066 liuic
703 2036 851 2066 nostrae
873 2042 1001 2066 sacrae
1025 2031 1098 2076 leqi
1116 2031 1196 2075 fiat.

1244 2031 1347 2067 Haec
1371 2036 1490 2067 autem
1515 2031 1635 2066 omnia
1665 2032 1703 2066 in
1727 2031 1970 2067 contractibus
1998 2032 2141 2068 valeant
2160 2033 2283 2077 futuri
2308 2036 2390 2068 tem-

163 2076 267 2121 poris
291 2080 327 2109 at
355 2086 398 2110 ue
422 2074 506 2110 inde
529 2075 573 2110 ab
599 2074 667 2110 hac
692 2076 769 2120 leqe
792 2076 885 2111 lala:
916 2087 999 2110 nam
1024 2077 1123 2121 quod
1140 2077 1344 2122 praeteriit,
1370 2076 1508 2122 leyibus
1532 2080 1615 2110 ante
1638 2087 1716 2111 eam
1740 2076 1809 2111 ltac
1832 2076 1876 2111 de
1899 2088 1939 2111 re
1962 2077 2046 2112 latis
2065 2078 2310 2122 relinquimus.

316 2128 325 2146 t
336 2119 542 2166 piloqus.

165 2165 214 2200 acl
237 2175 329 2210 opus
353 2164 590 2210 effectumque
613 2165 790 2200 adducere
813 2165 965 2201 studeat.

236 2326 248 2356 l
277 2335 313 2355 τι
338 2336 395 2354 οηι.
422 2323 456 2354 Β
483 2322 494 2359 ΙΙ
527 2323 545 2355 2
578 2321 642 2354 τοῦ
675 2318 820 2354 τούτους
847 2322 916 2361 Μς]
953 2319 1082 2354 τούτου
1106 2322 1169 2354 τοῦ
1196 2322 1242 2363 B,

166 2369 230 2401 τοῦ
255 2381 312 2400 om.
339 2368 369 2399 L
397 2366 408 2410 ΙΙ
434 2369 452 2400 3
478 2362 612 2410 ὥσπερ]
638 2367 726 2407 quod
751 2368 782 2407 (i.
803 2380 827 2399 e.
847 2362 974 2409 ὅπερῩ)
1001 2378 1019 2402 ς
1036 2367 1047 2409 ΙΙ
1076 2369 1096 2400 4
1121 2365 1244 2399 δόλους

170 2414 214 2446 M
233 2412 244 2456 ΙΙ
269 2415 286 2445 7
313 2408 501 2452 κάκείνους]
527 2412 602 2444 illos
627 2424 645 2447 ς
670 2412 681 2454 ΙΙ
708 2413 727 2444 8
752 2411 887 2453 κοινὴν]
913 2411 1131 2444 communiter
1156 2414 1191 2453 (i.
1217 2425 1240 2444 e.

167 2458 280 2499 κοινῆ)
305 2470 323 2493 ς
346 2459 357 2498 ΙΙ
388 2460 407 2491 9
432 2456 499 2499 τὴν
523 2458 648 2501 ψῆφον
672 2457 753 2497 LB]
778 2456 844 2498 τὴν
869 2470 925 2489 om.
954 2457 1009 2497 M,
1033 2458 1117 2500 vuly.
1142 2456 1153 2500 ΙΙ
1183 2459 1243 2489 καὶ

168 2518 225 2536 nm.
246 2493 281 2535 ⁸L
310 2502 322 2545 ΙΙ
353 2504 393 2536 10
419 2504 477 2534 καὶ
502 2499 524 2544 ἡ
549 2503 610 2542 τῆς
632 2521 676 2525 -
702 2504 738 2535 11
767 2501 1049 2543 ἐξετασθήσεται
1084 2515 1141 2533 om.
1168 2503 1197 2534 L
1233 2500 1244 2545 Η

170 2551 209 2582 12
242 2545 374 2590 ὁμοίως
406 2544 445 2579 δὲ
475 2567 519 2571 -
551 2546 663 2590 νόμου
695 2560 752 2580 om.
780 2548 826 2579 M
846 2547 857 2588 ss
890 2549 929 2580 19
961 2546 1134 2591 γενέσθαι
1168 2547 1198 2579 L
1233 2548 1243 2589 ΙΙ

168 2596 208 2627 20
224 2592 316 2635 θείω
332 2606 388 2625 om.
404 2604 423 2628 ς
438 2592 449 2633 ΙΙ
470 2595 507 2626 21
525 2589 770 2646 κρατούντων]
790 2592 1027 2634 incipientibus
1041 2603 1059 2628 ς
1075 2592 1086 2635 ΙΙ
1107 2592 1147 2625 23
1162 2590 1242 2635 γὰρ]

167 2641 275 2670 autem
302 2650 320 2673 ς
344 2638 356 2680 ΙΙ
383 2634 473 2681 ὑπὲρ
497 2640 638 2678 τουτου]
665 2637 703 2669 dc
729 2638 779 2669 his
804 2648 822 2672 ς
846 2637 858 2680 ΙΙ
884 2639 925 2670 26
950 2635 972 2679 ἡ
997 2636 1054 2679 σὴ]
1079 2640 1137 2669 tua
1161 2647 1242 2678 quo-

167 2694 230 2725 que
255 2696 273 2719 ς
290 2684 302 2726 ΙΙ
321 2684 362 2717 28
383 2692 489 2716 XVIII.
512 2683 544 2714 k.
565 2683 630 2715 ian.
647 2683 734 2714 Iulw
753 2684 824 2722 (om.
843 2685 964 2715 subscr.
982 2682 1044 2715 Iul.
1063 2685 1146 2722 cett.)
1171 2681 1241 2728 πρὸ

167 2728 216 2771 ιη’
242 2725 436 2761 καλάνδων
463 2724 693 2771 Ἰανουαρίων
718 2728 805 2768 Am]
836 2737 898 2761 XV.
925 2729 955 2759 k.
982 2728 1071 2759 iann.
1096 2728 1142 2760 M
1160 2729 1246 2769 quod

163 2776 283 2816 probat
307 2774 511 2814 Zachariae,
547 2783 628 2806 XIII.
660 2772 725 2804 kal.
758 2773 830 2805 Ian.
862 2784 895 2813 ς,
933 2775 1019 2815 μηνὶ
1050 2772 1242 2815 ἰανουαρίῳ

169 2820 288 2852 Theod.
309 2817 321 2862 ΙΙ
338 2818 402 2850 OP.
418 2837 460 2842 -—
474 2829 561 2850 cons.
575 2820 630 2862 (cf.
645 2819 688 2858 ς)]
710 2828 759 2860 cp.
778 2818 832 2850 dn.
854 2818 943 2849 iusti.
966 2828 1020 2860 pp.
1041 2828 1115 2859 aug.
1133 2817 1242 2860 apion.

167 2874 218 2897 uc.
244 2874 347 2896 conss.
368 2864 426 2904 M,
458 2864 536 2905 imp.
563 2863 616 2895 dn.
640 2863 818 2895 iustiniani
842 2873 916 2904 aug.
942 2863 1029 2896 Iul.'1¹'
1062 2861 1245 2905 βασιλείας

165 2907 417 2941 Ἰουστινιανοῦ
448 2907 488 2940 τὸ
516 2908 566 2950 ιγ’
589 2905 759 2941 ὑπατείας
781 2904 954 2941 Ἀπίωνος
976 2909 1054 2940 Am.
1096 2908 1168 2940 ἔτει
1193 2907 1242 2952 ιγ’

166 2952 350 2997 βασιλείας
374 2950 530 2995 ὑπατεία
549 2949 711 2986 Ἀπίονος
734 2949 924 2993 (ἀππίονος
948 2955 1017 2986 cod.
1040 2954 1244 2986 Bodleianus

169 3011 222 3041 ap.
253 3000 429 3031 lleimbach
455 2999 578 3032 Anecd.
602 2999 626 3031 I
646 3000 722 3039 252)
750 2999 870 3031 Theod.

591 2119 691 2163 Quae
723 2121 836 2165 iyitur
859 2121 1080 2167 placuerunt
1112 2121 1215 2156 nobis
1244 2126 1279 2156 et
1307 2133 1376 2168 per
1407 2121 1501 2157 lianc
1531 2132 1674 2156 sacram
1699 2121 1811 2168 leqem
1841 2121 2074 2158 declarantur
2106 2127 2167 2157 tua
2191 2123 2391 2158 sublimitas

1379 2324 1394 2356 1
1420 2322 1540 2353 habeat
1564 2322 1597 2354 R
1613 2322 1625 2365 ΙΙ
1644 2323 1664 2355 2
1681 2321 1861 2363 tenebitur]
1887 2323 2055 2356 tenebitur
2078 2324 2114 2356 in
2138 2324 2172 2356 id
2188 2324 2291 2358 R²T²
2303 2327 2389 2368 ναῖς).

1311 2367 1346 2398 in
1371 2367 1405 2398 id
1430 2367 1597 2399 tenebitur
1631 2366 1679 2399 V2
1703 2368 1734 2398 in
1753 2379 1817 2399 ras.
1837 2366 1849 2411 ΙΙ
1866 2368 1966 2409 quod]
1992 2370 2049 2410 qui
2078 2369 2128 2401 T¹
2145 2369 2157 2412 ΙΙ
2175 2371 2195 2403 3
2220 2369 2391 2413 scripserit

1313 2412 1346 2443 Τ
1354 2413 1437 2454 vulq.
1465 2411 1476 2455 ΙΙ
1504 2411 1642 2452 artibus]
1668 2413 1700 2443 et
1722 2411 1850 2443 artibus
1873 2414 1942 2446 ΕΤ
1961 2413 1974 2456 ΙΙ
1999 2416 2019 2446 4
2043 2415 2197 2456 praeuari
2221 2415 2254 2447 R
2271 2415 2283 2458 ΙΙ
2307 2426 2391 2457 quae

1313 2456 1430 2488 om.R¹
1452 2467 1517 2497 quo
1535 2457 1583 2490 V¹
1601 2457 1612 2500 ΙΙ
1631 2457 1788 2489 sinendus
1801 2458 1887 2500 vuly.
1902 2459 2080 2501 (yloss.T)]
2098 2459 2370 2493 sinendosRVT
2380 2458 2392 2504 ΙΙ

1313 2504 1331 2534 5
1357 2501 1392 2533 Si
1416 2504 1538 2543 autem]
1563 2501 1622 2534 Sin
1639 2502 1687 2534 R¹
1711 2501 1770 2533 Sin
1788 2506 1896 2535 autem
1919 2503 1967 2536 T²
1978 2505 2065 2545 vuly.
2092 2504 2104 2547 ΙΙ
2128 2504 2255 2537 hisdem
2272 2505 2321 2538 R²
2331 2506 2394 2539 VT

1311 2546 1412 2578 isdem
1437 2547 1485 2579 R¹
1502 2547 1514 2591 Η
1541 2549 1756 2580 comonentur
1778 2547 1826 2579 V¹
1850 2546 1863 2590 ΙΙ
1887 2549 1907 2581 6
1931 2548 1996 2580 1οοί
2020 2549 2099 2592 12¹1!
2129 2552 2146 2583 7
2173 2552 2205 2581 et
2228 2563 2286 2583 om.
2304 2551 2353 2583 T¹
2378 2550 2390 2594 ΙΙ

1312 2591 1492 2624 examinari
1517 2594 1609 2634 libri,
1635 2605 1716 2624 corr.
1741 2593 1828 2635 vuly.
1859 2592 1871 2635 ΙΙ
1901 2595 1920 2627 8
1945 2594 2078 2635 etenim]
2112 2595 2199 2627 enim
2227 2595 2352 2638 Vvuly.
2376 2595 2389 2639 ΙΙ

1311 2638 1331 2669 9
1355 2636 1600 2679 oblegabuntur
1623 2637 1670 2670 V¹
1688 2636 1699 2680 ΙΙ
1724 2637 1896 2678 qualitatis
1918 2639 1966 2671 R¹
1983 2638 1995 2682 l}
2021 2642 2061 2673 10
2073 2653 2121 2682 sq.
2139 2640 2273 2681 quidem
2288 2659 2330 2664 —
2343 2641 2387 2673 si-

1310 2681 1434 2714 militer
1459 2695 1516 2715 om.
1539 2683 1570 2715 V
1584 2683 1596 2725 ΙΙ
1611 2682 1760 2714 iustitiae
1785 2696 1842 2715 om.
1857 2683 1906 2715 R¹
1923 2683 1935 2726 ss
1963 2686 1999 2718 11
2021 2685 2172 2727 procedit
2197 2686 2283 2727 libri,
2304 2699 2387 2719 corr.

1311 2727 1395 2769 vulq.
1421 2726 1433 2770 ss
1460 2729 1499 2760 13
1525 2727 1773 2760 administrator
1797 2738 1863 2760 non
1886 2728 1930 2761 sit
1958 2730 1989 2762 T
2008 2729 2020 2773 ΙΙ
2045 2732 2085 2764 14
2109 2730 2207 2762 aliter
2231 2731 2279 2764 R*
2299 2730 2311 2774 ΙΙ
2333 2731 2388 2763 hic

1311 2772 1511 2813 competenti
1523 2774 1622 2814 cuiq]
1642 2773 1879 2815 incompetenti
1892 2774 2031 2807 RV¹T¹
2052 2775 2252 2817 competenti
2269 2775 2367 2809 V³T2
2377 2775 2389 2820 ΙΙ

1315 2818 1353 2850 15
1371 2816 1512 2849 iudicem
1532 2818 1605 2850 Vl?
1618 2818 1664 2850 Β*
1687 2817 1797 2850 iudice
1810 2818 1859 2851 R²
1876 2818 1887 2862 ΙΙ
1905 2819 2175 2863 interpellatione
2191 2821 2223 2854 T
2234 2822 2245 2863 ΙΙ
2264 2823 2323 2853 aut
2339 2821 2387 2862 in]

1312 2864 1421 2893 autem
1438 2861 1473 2893 in
1493 2863 1543 2894 Τι
1563 2863 1574 2899 ΙΙ
1593 2864 1633 2896 16
1649 2863 1701 2894 his
1722 2876 1780 2895 om.
1805 2863 1859 2906 Vl}
1879 2866 1921 2897 20
1936 2865 2150 2906 sequentibus
2171 2866 2222 2899 Va
2241 2865 2253 2909 ΙΙ
2270 2868 2310 2900 21
2328 2877 2387 2908 po-

1312 2907 1431 2939 sitione
1458 2907 1519 2948 1⁷¹]
1553 2907 1769 2950 dispositione
1794 2909 1867 2947 (scr.
1890 2909 1941 2941 V2
1965 2912 1997 2943 in
2022 2913 2102 2950 ras.)
2127 2911 2253 2944 RVT²
2267 2913 2352 2955 vulq.
2377 2913 2388 2955 ΙΙ

1313 2952 1550 3039 ῗῖἒιῗὲἶξὴνῆἦμ
1566 2956 1607 3030 ἒξ
1625 2966 1738 3030 2-’2'1'22'3'0'5‘
1742 2953 1824 3030 ‘ffi't
1839 2954 1938 3032 ²311?
1940 2953 2029 3032 iffi
2044 2956 2296 3033 ῗέἔωᾶὅᾟῖῑ
2308 2967 2386 2989 ⁰⁰¹¹'

1314 3053 1388 3084 aug.
1413 3052 1501 3074 anno
1525 3042 1626 3075 XIII.
1654 3043 1749 3084 apice
1775 3053 1827 3075 uc.
1852 3045 1987 3078 consule
2008 3046 2046 3087 V,
2072 3059 2129 3079 om.
2155 3053 2225 3079 cett.
2331 3012 2375 3044 pp

2043 3773 2107 3807 61*
