2618 4010
152 157 391 189 MORIENTIS

151 255 382 304 κληρονόμοις
416 256 504 304 πρὸς
538 258 653 291 ταῦτα
688 255 877 292 ἀνανεύειν
911 257 1003 302 μηδὲ
1034 258 1149 304 λέγειν
1182 256 1229 293 ῶς

150 304 229 336 τῶν
260 301 493 349 κληρονόμων
523 314 577 336 τις
607 299 791 348 ἀπέκρυψε
821 301 1017 349 πράγματα
1047 304 1118 344 ἔξω
1149 305 1229 338 τῶν

151 348 347 394 ῥηθέντων
366 346 464 393 παρὰ
485 348 549 381 τοῦ
570 346 819 382 τελευτῶντος.
857 346 936 382 ἀλλ’
955 349 1055 394 εἴπερ
1079 345 1187 395 ὅρκον
1211 346 1230 383 ὁ

150 391 330 427 τελευτῶν
348 389 499 434 ὑπόσχοι
523 388 545 435 ἢ
567 390 778 437 διομόσαιτο
802 392 892 428 κατὰ
917 393 978 428 τὰς
1003 394 1130 429 ἑαυτοῦ
1154 392 1230 428 δια-

1227 144 1309 190 287

1922 148 2028 191 Nov.
2060 148 2237 190 XLVIII
2272 151 2284 189 1
2313 160 2378 202 ep.

1299 258 1489 294 heredibus
1521 260 1648 294 contra
1679 258 1769 293 haec
1801 258 1976 294 resultare
2006 268 2122 303 neque
2153 258 2270 294 dicere
2295 259 2380 302 quia

1298 303 1427 348 aliquis
1452 303 1621 339 heredum
1645 303 1772 338 celavit
1795 313 1852 339 res
1876 307 1977 339 extra
2001 313 2043 338 ea
2064 314 2155 348 quae
2178 303 2272 338 dicta
2297 307 2379 339 sunt

1302 358 1324 383 a
1360 348 1540 385 defuncto.
1600 348 1670 384 Sed
1705 348 1735 383 si
1769 348 1910 393 quidem
1944 348 2189 384 iusiurandum
2224 349 2379 384 moriens

1300 394 1507 438 praebuerit
1541 397 1577 430 et
1609 393 1780 429 iuraverit
1815 394 2010 429 secundum
2048 403 2114 429 sua
2153 396 2377 435 testamenta,

151 435 285 480 θήκας,
321 434 368 471 ὠς
403 435 508 471 οὐδέν
542 439 643 472 ἐστιν
678 440 800 485 ἕτερον
836 435 936 482 αὐτῷ
971 438 1070 486 παρὰ
1105 440 1232 483 ταῦτα,
1269 443 1288 475 5
1303 439 1388 483 quia
1417 439 1506 474 nihil
1537 440 1593 475 est
1623 438 1722 474 aliud
1754 438 1786 473 ei
1816 442 1959 483 praeter
1988 438 2088 482 haec,
2119 439 2188 475 hoc
2212 440 2380 484 amplecti

149 481 268 525 τούτῳ
300 484 384 528 στέρ
409 496 463 516 ειν
496 480 578 516 τοὺς
611 481 866 530 κληρονόμους,
904 486 975 518 εἴτε
1007 482 1132 530 παῖδες
1161 485 1232 519 εἴτε

150 530 210 560 καὶ
231 526 395 566 έξωτικοι
418 527 500 569 εἶεν,
525 529 584 561 καὶ
608 526 657 571 μὴ
682 526 997 575 πολυπραγμονεῖν
1017 527 1109 574 μηδὲ
1132 541 1231 564 συκο-

150 574 302 617 φαντεῖν
336 570 417 606 τούς
453 572 594 606 ἑαυτῶν
629 572 949 620 συγκληρονόμους,
988 573 1080 618 μηδὲ
1114 576 1231 609 ἐντεῦ-

149 617 222 651 θεν
255 617 392 651 οἰκέτας
427 630 467 651 τε
503 619 623 661 ζητεῖν
658 621 718 651 καὶ
750 620 798 652 εἰς
831 616 996 662 βάσανον
1028 618 1138 666 ἄγειν,
1172 623 1231 653 καὶ

1301 483 1462 527 heredes,
1497 484 1570 520 sive
1593 483 1656 518 filii
1681 483 1753 519 sive
1777 484 1885 518 etiam
1908 483 2066 519 extranei
2091 484 2171 526 sint,
2205 488 2241 519 et
2263 494 2379 529 neque

1301 529 1527 573 tergiversari
1550 539 1666 574 neque
1690 528 1899 563 calumniari
1923 539 2006 564 suos
2033 528 2237 571 coheredes,
2264 539 2379 574 neque

1301 574 1347 609 ob
1380 574 1450 609 hoc
1488 585 1608 609 servos
1641 583 1810 618 quaerere
1845 573 1891 608 ad
1922 575 2100 609 tormenta
2134 573 2309 609 deducere
2344 578 2380 608 et

1300 619 1372 653 alia
1397 619 1523 654 similia
1543 619 1721 654 discutere
1744 622 1780 653 et
1800 619 2030 663 perscrutari,
2056 628 2146 663 quae
2163 619 2272 654 solius
2294 623 2379 654 sunt

150 663 255 716 ἕτέρα
285 663 436 696 τοιαῦτα
467 662 654 707 ἐξερευνᾶν
686 666 746 696 καὶ
777 662 1102 711 πολυπραγμονεῖν,
1138 661 1231 710 ἅπερ
1247 669 1287 700 10
1300 664 1554 707 contentionis,
1591 664 1739 699 alterius
1763 668 1882 699 autem
1913 663 2056 708 penitus
2079 664 2222 705 nullius,
2254 666 2379 708 utpote

148 718 258 751 μονης
282 708 359 741 ἐστὶ
383 706 614 753 φιλονεικίας,
650 709 770 755 ἑτέρου
795 707 834 742 δὲ
857 708 1044 743 παντελῶς
1076 707 1229 751 οὐδενός,

150 748 198 786 αἷς
228 752 289 795 τῆς
319 749 441 787 οὐσίας
474 751 641 797 δοκούσης
672 752 849 796 τοσαύτης
878 753 971 787 εἶναι
995 749 1086 796 ὅσην
1109 752 1128 788 ὁ
1154 752 1230 788 δια-

149 797 303 841 θέμενος
327 795 462 841 ῶμοσε,
496 801 556 832 καὶ
579 796 717 840 ταύτην
738 796 855 842 μόνην
887 799 934 831 εἰς
958 797 1040 832 τοὺς
1061 797 1227 844 κληρονό-

148 843 169 877 1
206 853 306 896 ἱμους
331 840 562 897 διαιρεθῆναι
586 842 838 887 βουληθέντος.
896 840 1000 877 Ἀλλὰ
1023 845 1138 877 ταῦτα
1161 846 1228 888 μὲν

1300 708 1384 743 dum
1418 710 1618 744 substantia
1650 708 1811 744 videatur
1840 711 1942 744 tanta
1975 718 2052 743 esse
2077 712 2245 752 quantam
2268 711 2377 744 testa-

1298 756 1357 789 tor
1380 754 1504 789 iurans
1528 755 1623 790 hanc
1647 755 1759 790 solam
1784 753 1880 799 apud
1903 753 2051 788 heredes
2076 753 2233 788 invenire
2255 754 2376 789 voluit.

1297 844 1315 877 1
1372 843 1440 878 Sed
1471 844 1561 879 haec
1593 844 1735 889 quidem
1765 844 1858 879 inter
1888 843 2050 886 heredes,
2084 843 2144 888 qui
2175 843 2306 879 curiosi
2329 844 2378 879 vi-

149 898 237 932 προς
259 886 342 921 τοὺς
364 886 612 934 κληρονομους,
637 890 739 933 οἱπερ
762 886 874 922 ταύτό
900 901 970 922 που
988 887 1131 922 δοκοῦσι
1154 892 1228 922 τοῖς
1244 893 1282 925 15
1298 888 1426 923 dentur
1454 889 1491 923 in
1525 889 1684 925 defuncti
1717 899 1795 925 esse
1819 889 2031 931 substantia,
2064 889 2182 924 valere
2204 890 2378 931 volumus,

148 930 363 966 τελευτῶσιν
387 933 495 975 εἶναι,
527 936 671 979 κρατεῖν
700 930 930 977 βουλόμεθα,
962 929 1002 966 οὗ
1028 932 1100 977 μὴν
1120 935 1227 968 τοῦτο

148 975 270 1022 κύριον
294 977 386 1011 εἶναι
410 981 470 1011 καὶ
493 978 581 1025 πρὸς
601 976 798 1018 δανειστάς,
832 976 927 1012 διότι
951 982 1024 1012 τοῖς
1047 976 1228 1023 ἡμετέροις

148 1021 285 1068 εἴρηται
309 1021 447 1066 νόμοις,
484 1021 604 1057 ὁπόσα
628 1021 673 1056 ἄν
695 1034 749 1057 τις
771 1020 861 1068 ὑπὲρ
886 1023 1013 1057 ἑαυτοῦ
1038 1023 1185 1068 φήσειεν
1206 1019 1227 1066 ἢ

146 1066 314 1113 γράψειε,
345 1069 461 1102 ταῦτα
492 1067 605 1111 μηδὲν
637 1065 747 1102 αὐτὸν
771 1065 925 1112 ὠφελεῖν
956 1066 1047 1112 μηδὲ
1069 1071 1142 1102 τοῖς
1167 1066 1227 1102 δα-

1296 943 1369 967 non
1400 935 1519 968 tamen
1552 936 1621 970 hoc
1651 938 1770 969 ratum
1800 944 1878 970 esse
1909 937 1946 970 et
1975 934 2067 969 inter
2100 934 2304 977 creditores,
2337 944 2378 969 eo

1297 978 1391 1021 quod
1423 979 1557 1014 nostris
1595 980 1817 1014 declaratum
1853 983 1907 1015 est
1941 979 2097 1023 legibus,
2135 989 2380 1023 quaecumque

1297 1022 1446 1066 quilibet
1476 1034 1542 1068 pro
1575 1034 1613 1059 se
1641 1024 1768 1059 dixerit
1799 1029 1860 1059 aut
1895 1024 2088 1069 scripserit,
2120 1026 2212 1060 haec
2234 1024 2324 1059 nihil
2348 1024 2380 1058 ei

1296 1067 1468 1111 prodesse
1502 1078 1615 1113 neque
1646 1070 1880 1105 creditoribus
1912 1069 2168 1114 praeiudicare.
2217 1069 2287 1105 Sed
2310 1069 2378 1104 illis

148 1115 317 1166 generals·-
329 1117 545 1168 noguqtvem.
593 1109 671 1146 ἀλλ’
696 1114 841 1146 ἐκείνοις
865 1111 967 1147 ἄδεια
991 1116 1086 1147 ἔστω
1108 1113 1229 1148 πάντα
1242 1117 1283 1148 20
1298 1112 1444 1146 licentia
1469 1113 1516 1147 sit
1541 1114 1659 1148 omnia
1683 1115 1903 1158 perscrutari
1928 1125 1996 1158 quo
2023 1115 2146 1150 volunt
2169 1115 2285 1158 modo,
2315 1115 2376 1149 he-

147 1170 343 1203 ανερευναν
378 1171 420 1192 ον
453 1156 648 1201 βούλονται
682 1155 840 1203 τρόπον,
878 1157 958 1191 τοὺς
993 1157 1229 1205 κληρονόμους

148 1199 188 1235 δὲ
224 1204 389 1246 ἐμμένειν
425 1206 497 1236 τοῖς
535 1203 635 1247 παρὰ
674 1203 737 1236 τοῦ
775 1200 1030 1247 διατιθεμένου
1071 1204 1227 1248 ῥηθεῖσι.

147 1249 207 1280 καὶ
238 1248 402 1301 ἔστωὶγε
425 1247 534 1290 ποινὴ
559 1248 628 1301 ’τοῦ
661 1246 869 1293 πράγματος
902 1249 941 1282 ἐν
964 1252 1036 1282 τοῖς
1060 1247 1227 1295 κληρονό-

147 1303 224 1336 μοις
246 1291 290 1326 τὸ
312 1305 379 1326 τον
402 1293 681 1336 ἐναντιουμενον
703 1292 915 1347 τούτοιςὶμὴ
939 1291 1126 1327 δύνασθαι
1150 1295 1228 1327 τῶν

1296 1157 1400 1192 redes
1436 1161 1555 1192 autem
1593 1162 1779 1194 contentos
1816 1170 1894 1195 esse
1930 1161 1985 1194 his
2025 1170 2115 1203 quae
2151 1170 2173 1195 a
2207 1163 2380 1195 testatore

1297 1202 1393 1237 dicta
1425 1205 1518 1237 sunt.
1569 1204 1692 1246 Sitque
1721 1214 1838 1248 poena
1869 1205 2001 1248 negotii
2032 1205 2125 1240 inter
2146 1205 2305 1248 heredes,
2338 1209 2379 1239 ut

1297 1247 1357 1292 qui
1381 1247 1591 1283 adversatur
1613 1249 1670 1283 his
1703 1259 1795 1293 quae
1827 1250 1952 1285 relicta
1983 1254 2066 1285 sunt
2097 1250 2131 1285 ei
2162 1261 2234 1286 non
2265 1250 2379 1295 possit

1297 1293 1441 1327 omnino
1479 1292 1568 1336 frui,
1612 1294 1826 1329 necessitate
1863 1294 2067 1329 imminente
2110 1299 2173 1330 aut
2212 1295 2379 1330 oboedire

147 1335 482 1382 καταλελειμμένων
505 1333 604 1380 αὗτῷ
629 1337 818 1372 παντελῶς
840 1337 1047 1380 απολαὺειν,
1073 1337 1227 1386 ἀνάγκης
1241 1342 1280 1373 25
1298 1338 1460 1373 omnibus
1485 1342 1549 1373 aut
1572 1338 1737 1374 universa
1764 1342 1997 1383 contemnere,
2030 1343 2064 1374 et
2088 1351 2160 1375 non
2185 1340 2276 1375 haec
2301 1341 2377 1385 qui-

147 1381 300 1425 έπούσης
329 1381 351 1425 ἢ
375 1382 581 1417 πείθεσθαι
604 1383 718 1416 πᾶσιν
741 1381 763 1426 ἢ
786 1381 908 1417 πάντα
933 1381 1133 1425 διαπτύειν,
1166 1387 1226 1417 καὶ

144 1426 193 1471 μὴ
217 1426 262 1461 τὰ
283 1429 350 1471 μὲν
376 1427 561 1472 αἱρεῖσθαι
591 1430 664 1462 τοῖς
693 1425 733 1461 δὲ
757 1426 1017 1472 διαμάχεσθαι,
1049 1427 1138 1463 ἀλλὰ
1160 1428 1227 1472 τὴν

145 1474 208 1506 τοῦ
240 1471 478 1507 τελευτῶντος
507 1472 642 1517 βουλὴν
676 1469 748 1507 ὑπὸ
782 1474 861 1507 τῶν
898 1473 1007 1507 αὐτοῦ
1045 1472 1227 1516 διαδόχων

145 1515 241 1551 οὕτω
266 1516 517 1563 φυλάττεσθαι
543 1515 589 1552 ῶς
611 1518 703 1552 κατὰ
721 1516 834 1562 μηδὲν
858 1519 1120 1553 ἐναντιοῦσθαι
1143 1518 1225 1553 ταύ-

1297 1383 1377 1417 dem
1406 1383 1537 1427 eligere
1567 1383 1622 1418 his
1649 1394 1731 1419 vero
1766 1384 1952 1426 resultare,
1985 1384 2049 1419 sed
2073 1385 2232 1420 defuncti
2254 1385 2378 1420 volun-

1296 1431 1408 1462 tatem
1431 1429 1475 1462 ab
1502 1428 1578 1463 eius
1602 1429 1872 1465 successoribus
1905 1430 1956 1464 ita
1980 1430 2124 1471 servari,
2157 1432 2197 1464 ut
2219 1431 2257 1465 in
2280 1430 2378 1465 nullo

1297 1474 1330 1508 ei
1363 1473 1561 1509 contradici
1592 1477 1855 1518 praesumatur.
1903 1474 1970 1509 His
2003 1474 2203 1510 valentibus
2237 1476 2272 1509 in
2296 1475 2376 1510 reli-

1298 1529 1367 1563 quo
1402 1522 1562 1564 tempore
1594 1519 1760 1554 universo
1794 1523 1829 1554 et
1860 1520 1898 1554 in
1931 1520 2025 1555 omni
2056 1520 2196 1564 negotio
2221 1520 2378 1555 nondum

145 1575 189 1608 τῃ
207 1563 372 1610 θαρρεῖν.
408 1560 550 1597 τούτων
570 1563 805 1609 κρατούντων
824 1565 889 1598 ἐπί
907 1577 946 1598 τε
963 1565 1027 1598 τοῦ
1050 1565 1127 1607 ἑξῆς
1146 1563 1225 1611 χρό-
1242 1567 1282 1600 30
1297 1567 1393 1599 moto
1420 1564 1457 1598 in
1477 1564 1609 1599 iudicio
1634 1574 1749 1609 neque
1772 1565 1931 1600 iudiciali
1955 1565 2132 1601 sententia
2154 1569 2219 1601 aut
2239 1564 2379 1601 amicali

144 1620 208 1641 νου
240 1608 376 1642 παντὸς
412 1610 475 1642 ἐπί
502 1621 541 1643 τε
570 1607 685 1650 πάσης
714 1605 926 1643 ὑποθέσεως
957 1608 1060 1644 οὔπω
1091 1622 1227 1652 κεκινη-

144 1655 250 1696 μένης
282 1654 322 1687 ἐν
345 1651 566 1700 δικαστηρίῳ
600 1651 682 1687 οὐδὲ
705 1651 893 1698 δικαστικῆ
926 1653 1037 1701 ψήφῳ
1061 1652 1083 1698 ἢ
1104 1653 1227 1701 φιλικῇ

145 1696 321 1741 συμβάσει
346 1696 607 1742 διαλελυμένης.
872 1691 880 1702 ⁸

154 1786 163 1796 .
188 1740 282 1787 <Ἐπ
291 1747 307 1777 ί
311 1742 356 1777 λο
361 1757 410 1789 yo
418 1743 461 1788 ς.>
495 1741 540 1778 ‘H
553 1747 676 1778 τοίνυν
692 1742 735 1788 σὴ
749 1741 904 1791 ὑπεροχὴ
922 1743 967 1779 τὰ
985 1744 1227 1792 παραστάντα

1295 1609 1557 1645 interventione
1580 1612 1776 1646 transacto.

1352 1744 1622 1791 (Epilogus.)
1669 1745 1748 1780 Tua
1780 1745 1890 1789 igitur
1917 1744 2108 1780 eminentia
2139 1754 2231 1789 quae
2254 1744 2376 1789 placu-

146 1791 228 1832 ημῖν
251 1791 310 1822 καὶ
334 1786 394 1822 διὰ
417 1786 521 1823 τοῦδε
542 1791 606 1823 τοῦ
630 1789 735 1823 θείου
759 1788 1227 1846 δηλούμεναινόμουὶγινώ-
1240 1793 1281 1826 35
1295 1795 1402 1826 erunt
1437 1792 1540 1827 nobis
1581 1793 1618 1826 et
1652 1800 1718 1835 per
1759 1790 1855 1826 hanc
1893 1800 2032 1826 sacram
2071 1790 2253 1825 declarata
2294 1792 2378 1824 sunt

145 1845 277 1867 σκουσα
300 1834 392 1868 κατὰ
421 1833 464 1868 τὸ
488 1833 646 1878 σύνηθες
678 1832 738 1868 διὰ
763 1847 1059 1881 προγραμματων
1082 1839 1226 1870 οικείων

145 1877 284 1924 φανερὰ
308 1880 399 1914 πᾶσι
422 1877 697 1923 καταστησάτω.
778 1881 862 1916 Dat.
880 1891 942 1916 XV.
970 1882 1006 1917 k.
1033 1881 1130 1926 Sept.
1156 1881 1226 1917 ΟΡ.

144 1928 227 1968 post
251 1934 349 1960 cons.
375 1924 541 1960 Belisarii
562 1937 594 1960 v.
618 1936 649 1961 c.
674 1926 774 1971 <ann.
789 1925 854 1968 ΙΙ.)

1295 1837 1406 1880 legem
1432 1846 1652 1879 cognoscens
1677 1835 1894 1871 sollemniter
1920 1845 1984 1881 per
2007 1837 2272 1881 programmata
2295 1846 2377 1878 pro-

1297 1882 1375 1926 pria
1399 1882 1589 1917 manifesta
1612 1881 1725 1916 faciat
1750 1881 1936 1916 universis.
2021 1881 2104 1915 Dat.
2129 1891 2165 1914 x.
2191 1880 2262 1914 kal.
2290 1880 2377 1924 Sep-

1195 1930 1240 1969 [a.
1257 1929 1333 1968 537]
1390 1928 1496 1962 temb.
1524 1928 1592 1962 CP.
1628 1938 1664 1971 p.
1687 1938 1717 1961 c.
1742 1926 1908 1962 Belisarii
1930 1937 1962 1962 v.
1981 1937 2011 1961 c.
2038 1937 2131 1961 anno
2156 1925 2327 1960 secundo.

144 2024 225 2049 cere
253 2024 364 2048 unum
392 2025 442 2049 ex
470 2013 659 2049 heredibus
687 2026 746 2050 res
761 2019 915 2067 praeter
945 2026 1009 2051 eas
1041 2026 1135 2060 quae
1165 2027 1188 2050 a
1219 2015 1394 2061 defuncto
1430 2015 1550 2051 dictae
1581 2016 1656 2051 sint
1687 2016 1833 2051 celasse.

1897 2014 1970 2051 Sed
1991 2015 2024 2049 si
2056 2014 2198 2060 quidem
2222 2015 2379 2049 moriens

144 2058 396 2094 iusiurandum
412 2059 645 2106 praestiterit
675 2060 731 2096 vel
760 2071 799 2095 in
822 2071 888 2095 suo
915 2064 1126 2096 testamento
1152 2060 1244 2096 nihil
1265 2061 1333 2096 sibi
1357 2061 1461 2096 aliud
1490 2072 1567 2096 esse
1582 2065 1738 2107 praeter
1761 2061 1827 2096 illa
1851 2060 2042 2101 iuraverit,
2078 2071 2121 2095 eo
2145 2060 2379 2105 acquiescant

145 2103 303 2146 heredes,
334 2104 408 2140 sive
437 2104 539 2140 liberi
570 2105 644 2140 sive
673 2105 781 2140 etiam
810 2106 980 2141 extranei
1010 2106 1098 2147 sint,
1131 2117 1218 2142 neve
1250 2107 1398 2152 neqotia
1426 2107 1620 2151 facessant
1650 2117 1737 2141 neve
1768 2105 1961 2141 coheredes
1991 2116 2078 2140 suos
2102 2105 2378 2146 calumnientur,

144 2160 230 2184 neve
253 2148 337 2184 inde
360 2160 484 2185 servos
507 2154 689 2195 quaerant
711 2154 748 2185 et
770 2151 956 2185 tormentis
978 2151 1160 2185 subiciant
1182 2155 1292 2201 atque
1313 2151 1390 2186 eius
1408 2151 1553 2196 =qeneris
1573 2150 1648 2185 alia
1660 2151 1910 2197 pervestiqent
1924 2154 1959 2185 et
1969 2153 2259 2196 perscrutentur,
2284 2160 2378 2195 quae

145 2193 287 2239 quidem
312 2194 361 2229 ad
383 2195 498 2229 solam
523 2195 789 2229 contentionem
821 2206 936 2240 neque
960 2195 1009 2229 ad
1038 2195 1141 2229 aliud
1170 2206 1363 2246 quicquam
1396 2199 1580 2241 spectant:
1621 2206 1700 2230 cum
1731 2195 1935 2230 substantia
1969 2195 2135 2231 videatur
2168 2198 2270 2229 tanta
2301 2205 2377 2230 esse

144 2242 166 2274 1
212 2243 384 2283 quantam
410 2243 560 2274 testator
582 2239 760 2274 iuraverit
783 2240 884 2284 isque
908 2239 1002 2274 lianc
1025 2239 1140 2274 solam
1164 2244 1258 2274 inter
1282 2239 1430 2275 heredes
1454 2240 1564 2274 dividi
1584 2240 1747 2275 voluerit.

1840 2239 1914 2275 Sed
1937 2239 2026 2275 llaec
2050 2239 2193 2285 quidem
2216 2239 2254 2273 in
2275 2238 2375 2274 liere-

145 2284 260 2325 dibus,
286 2284 420 2329 quippe
444 2283 507 2328 qui
530 2283 623 2318 idem
645 2284 727 2333 fere
752 2294 830 2318 cum
855 2284 1037 2328 defunctis
1061 2295 1137 2318 esse
1157 2284 1357 2326 videantur,
1390 2284 1508 2320 valere
1531 2284 1706 2326 volumus,
1737 2295 1851 2330 neque
1874 2295 1958 2319 vero
1988 2285 2097 2319 etiam
2120 2284 2159 2318 in
2183 2284 2374 2319 creditori-

146 2328 212 2363 bus
235 2327 274 2362 id
296 2333 416 2363 ratum
440 2338 527 2369 esse,
553 2338 723 2373 quoniam
747 2328 883 2362 nostris
908 2328 1047 2374 leqibus
1070 2328 1203 2362 dictum
1227 2333 1291 2370 est,

145 2372 237 2407 nihil
267 2373 341 2418 ipsi
364 2372 543 2419 prodesse
570 2383 686 2418 neque
716 2373 955 2408 creditoribus
979 2373 1247 2419 praeiudicare.

147 2418 345 2463 vestiqare,
377 2417 525 2453 heredes
557 2428 641 2453 vero
672 2417 716 2452 iis
748 2418 906 2452 contenti
934 2418 1008 2452 sint
1036 2429 1130 2463 quae
1161 2429 1183 2452 a
1218 2422 1390 2453 testatore
1421 2418 1519 2454 dieta
1542 2422 1638 2453 sunt.

1342 2340 1561 2374 uaecumque
1584 2330 1666 2374 quis
1691 2340 1765 2375 pro
1789 2340 1829 2364 se
1852 2329 1991 2364 diccerit
2014 2332 2080 2364 aut
2100 2329 2299 2374 scripserit,
2332 2340 2376 2363 ea

1341 2384 1442 2408 erum
1475 2374 1549 2409 iilis
1573 2374 1677 2409 venia
1707 2375 1757 2409 sit
1781 2374 1902 2408 omnia
1934 2385 2006 2419 quo
2030 2373 2141 2409 velint
2162 2373 2268 2408 modo
2287 2384 2374 2418 per-

1697 2420 1751 2453 Ac
1771 2429 1894 2464 poena
1917 2420 1966 2453 sit
1989 2419 2066 2454 eius
2089 2418 2142 2453 rei
2166 2419 2204 2452 in
2227 2418 2375 2453 heredes

145 2466 294 2505 statuta,
319 2466 359 2497 ut
382 2463 445 2508 qui
467 2461 524 2497 Itis
548 2462 768 2505 adversetur,
793 2462 930 2497 relictis
953 2463 1023 2497 sibi
1043 2462 1146 2498 nullo
1172 2462 1277 2498 modo
1300 2463 1383 2508 frui
1403 2464 1533 2509 possit,
1559 2474 1638 2498 cum
1663 2464 1858 2499 necessitas
1882 2463 2063 2499 immineat
2086 2466 2151 2498 aut
2175 2463 2297 2498 omnia
2320 2474 2374 2497 se-

146 2507 279 2553 quendi
303 2513 367 2543 aut
391 2508 512 2543 omnia
535 2507 740 2554 respuendi,
765 2518 830 2543 nec
850 2519 933 2544 vero
958 2507 1033 2543 alia
1056 2507 1215 2560 eliqendi
1236 2508 1311 2543 alia
1334 2508 1584 2554 impuqnandi,
1608 2508 1673 2543 sed
1692 2508 1857 2554 defuncti
1878 2508 2045 2544 voluntas
2065 2519 2088 2543 a
2108 2508 2375 2543 successoribus

146 2554 223 2588 eius
246 2553 298 2588 ita
323 2552 561 2595 custodiatur,
592 2557 633 2588 ut
655 2553 693 2587 in
718 2552 819 2587 nulla
843 2564 883 2588 re
906 2553 939 2587 ei
962 2553 1147 2588 adversari
1172 2552 1340 2588 audeant.

1397 2555 1515 2599 Atque
1538 2553 1627 2589 haec
1657 2558 1693 2588 et
1721 2554 1759 2588 in
1785 2564 1888 2588 omne
1918 2553 2087 2599 deinceps
2118 2557 2256 2598 tempus
2279 2557 2314 2588 et
2337 2553 2375 2587 in

147 2598 244 2633 omni
267 2609 378 2633 eausa
402 2599 439 2633 in
462 2597 596 2632 iudicio
621 2597 780 2633 nondum
805 2602 888 2633 acta
911 2608 976 2633 nec
1000 2597 1166 2632 iudiciali
1190 2598 1368 2633 sententia
1391 2599 1448 2634 vel
1470 2598 1616 2633 amicali
1640 2599 1876 2634 conventione
1898 2598 2020 2634 decisa
2044 2598 2198 2633 valeant.

282 2642 525 2689 Epiloqus.
574 2642 652 2677 Tua
673 2642 787 2688 iqitur
809 2642 1011 2678 sublimitas
1035 2654 1127 2688 quae
1148 2643 1252 2678 nobis
1270 2643 1492 2689 placuerunt
1515 2647 1551 2678 et
1571 2654 1640 2689 per
1663 2643 1757 2678 hanc
1780 2654 1923 2679 sacram
1948 2643 2061 2689 leqem
2079 2642 2267 2678 declarata
2290 2646 2375 2678 sunt

146 2699 367 2734 coqnoscens
389 2698 489 2723 more
511 2688 619 2723 solito
639 2699 711 2733 per
731 2692 1009 2734 proqrammata
1031 2687 1188 2733 propria
1212 2688 1411 2732 manifesta
1437 2687 1601 2723 omnibus
1627 2688 1767 2723 reddat.

193 2782 208 2813 1
225 2792 273 2822 sq.
299 2775 347 2812 ῶς
370 2778 449 2811 τῶν
472 2776 706 2822 κληρονόμων
730 2781 782 2811 τὶς
800 2780 858 2820 Μ]
894 2773 941 2812 ὥς
960 2789 1014 2811 τις
1038 2773 1148 2816 (ὅστις
1161 2779 1223 2820 Βδ)

146 2825 223 2858 τῶν
242 2819 475 2869 κληρονόμων
487 2825 579 2860 ΙιΒς
594 2823 606 2867 ss
626 2827 645 2858 3
662 2822 901 2857 τελευτῶντος
917 2825 974 2864 Μ]
994 2821 1223 2864 τελευτησαν-

146 2880 205 2903 τος
217 2870 308 2905 ΕΒς
323 2870 335 2913 ss
360 2871 379 2901 4
395 2865 601 2911 διομόσοιτο
621 2870 707 2908 libri,
728 2882 810 2902 corr.
828 2870 1006 2902 Heimback
1026 2867 1037 2909 ΙΙ
1064 2871 1083 2902 5
1102 2865 1225 2901 αὐτῶν

147 2916 197 2948 La
227 2914 240 2958 ΙΙ
267 2917 287 2948 6
311 2911 431 2956 τούτῳ
455 2915 514 2954 Μ]
553 2913 657 2947 τοῦτο
682 2915 752 2947 LB
779 2914 790 2956 ΙΙ
826 2915 845 2948 8
869 2911 960 2957 μηδὲ
983 2912 1158 2946 ἐντεῦθεν
1181 2932 1225 2937 —

149 2962 190 2993 14
213 2957 457 3003 βουληθέντος
479 2972 537 2992 om.
550 2959 598 2991 B⁸
619 2958 631 3003 ss
655 2961 675 2993 9
702 2957 817 2992 ἱκέτας
841 2960 872 2991 L
889 2958 901 3002 ΙΙ
927 2960 986 2990 καὶ
1011 2958 1058 2991 εἰς
1082 2959 1140 2999 Μ]
1167 2960 1226 2990 καὶ

148 3018 206 3038 om.
219 3005 311 3040 LBg
328 3004 340 3047 ΙΙ
362 3006 399 3037 11
418 3004 495 3036 ἐστὶ
517 3011 545 3036 et
569 3000 608 3036 δὲ
632 3017 690 3037 om.
705 3005 739 3036 B
758 3003 770 3047 H
789 3005 829 3037 13
842 3017 889 3046 sq.
913 3000 1042 3046 ὤμοσε,
1066 3006 1126 3036 καὶ
1142 3000 1225 3036 ταύ-

147 3061 217 3091 την
229 3068 271 3073 -
286 3046 519 3093 διαιρεθῆναι
531 3046 786 3091 βουληθέντος]
800 3049 914 3081 iurans
926 3049 1012 3080 hanc
1022 3049 1225 3081 —invenire

148 3094 256 3126 voluit
280 3105 299 3129 ς
372 3096 410 3127 15
435 3093 538 3138 οἵπερ
561 3092 672 3126 ταύτό
705 3090 854 3135 (ταύτόν
878 3094 948 3126 LB
983 3090 1025 3125 τὸ
1051 3090 1137 3125 αὐτό
1165 3094 1225 3134 13⁸)

149 3150 219 3173 που
243 3135 387 3171 δοκοῦσι
410 3140 482 3171 τοῖς
505 3136 720 3171 τελευτῶσιν
740 3140 825 3179 (τοῖς
844 3137 1039 3171 τελευτῶσι
1061 3135 1226 3171 δοκοῦσιν

150 3183 219 3224 Bt)
239 3182 342 3223 εἶναι]
368 3182 427 3224 qui
446 3183 570 3215 curiosi
589 3183 744 3215 videntur
764 3184 800 3215 in
818 3183 967 3216 defuncti
988 3193 1053 3215 esse
1074 3183 1225 3215 substan-

149 3230 197 3262 tia
221 3239 241 3264 ς’
255 3228 268 3270 ΙΙ
297 3229 335 3261 19
359 3225 449 3270 μήτε
464 3228 499 3260 Β
522 3227 534 3272 ΙΙ
559 3230 600 3261 20
625 3228 726 3261 πᾶσα
738 3229 788 3261 La
814 3227 825 3271 ΙΙ
850 3230 888 3261 21
917 3224 1110 3271 ἄνερευνᾶν
1123 3228 1225 3268 MB⁸J

150 3273 297 3319 ἐρευνᾶν
309 3272 394 3306 LBf
411 3273 423 3315 ΙΙ
439 3269 482 3306 ὃν
495 3268 539 3305 ἂν
551 3270 756 3315 βούλωνται
769 3273 818 3306 B⁸
837 3272 849 3317 ΙΙ
867 3274 908 3305 22
924 3270 1141 3314 διαθεμένου
1156 3273 1206 3305 B!
1215 3271 1227 3316 ΙΙ

150 3322 192 3354 23
219 3319 302 3358 τοῖς]
330 3314 447 3351 αὐτοῖς
469 3320 541 3350 τοῖς
565 3318 641 3360 13⁸1!
669 3319 711 3351 24
734 3316 777 3351 τὸ
802 3318 956 3350 om.LB³
975 3317 986 3359 ΙΙ
1012 3319 1053 3350 25
1078 3318 1225 3362 ἐγκατα-

151 3362 390 3407 λελειμμένων
403 3363 452 3396 Β*
476 3361 488 3406 ΙΙ
517 3357 639 3395 αὐτῶν
653 3363 700 3394 L¹
718 3362 730 3406 Ι]
754 3365 796 3396 26
821 3360 972 3402 ἐπούσης
986 3361 1094 3403 ΜΒΓ]
1119 3358 1226 3396 ὑπού·

151 3419 212 3452 σης
225 3409 306 3442 LB⁸
325 3408 337 3452 Ι]
354 3410 395 3442 28
419 3405 743 3449 τελευτήσαντοςΒ
762 3409 773 3450 Ι]
797 3409 839 3440 30
864 3404 1005 3440 τούτων
1030 3414 1059 3440 et
1079 3420 1161 3450 quae
1178 3419 1225 3450 sq.

153 3467 211 3487 om.
228 3454 259 3486 B
274 3452 287 3497 ΙΙ
314 3455 355 3487 33
371 3447 583 3496 συμβιβάσει
595 3453 626 3484 L
640 3452 657 3495 fl
681 3453 722 3486 35
740 3454 948 3498 γινωσκέτω
964 3452 1013 3484 La
1032 3450 1043 3495 ΙΙ
1068 3454 1109 3485 37
1123 3463 1178 3483 xv.
1193 3453 1226 3486 k.

152 3510 217 3541 sep.
240 3498 307 3531 GP.
327 3499 386 3539 M]
417 3509 452 3530 x.
475 3497 541 3529 kal.
560 3497 715 3538 septemb.
738 3508 807 3539 cap.
829 3509 847 3532 ς
863 3498 932 3530 cod.
954 3497 1049 3529 Vina.
1075 3497 1141 3529 kal.
1160 3508 1226 3538 sep.

152 3542 287 3585 Iul.⁶²²¹0‚
309 3556 327 3580 ς
340 3545 408 3576 cod.
423 3544 554 3583 Bamb.‚
578 3543 652 3574 Ath.
667 3542 738 3582 (om.
756 3543 890 3583 Theod.)
909 3540 921 3585 ΙΙ
939 3543 980 3575 38
1001 3543 1063 3583 pst.
1080 3541 1228 3574 bilisario

154 3598 205 3621 uc.
220 3599 322 3622 conss.
336 3589 377 3622 M
391 3588 448 3632 (ef.
463 3589 508 3621 ad
520 3587 551 3628 ς)
575 3589 649 3629 post
667 3588 739 3628 (om.
753 3587 849 3628 IulJJ)
875 3597 961 3619 cons.
984 3585 1114 3619 uilisari
1129 3586 1228 3620 lump

1290 2789 1340 2821 pc.
1355 2778 1414 2811 bil.
1428 2779 1520 2811 Iulstv
1538 2776 1629 2821 μετὰ
1640 2776 1708 2821 τὴν
1720 2775 1899 2812 ὑπατείαν
1910 2775 2123 2824 Βελισαριόυ
2136 2779 2212 2811 Ath.
2231 2777 2349 2812 Theod.
2364 2778 2375 2822 ΙΙ

1292 2834 1380 2856 anno
1400 2823 1545 2856 secundo
1567 2835 1586 2859 ς
1600 2825 1669 2857 cod.
1685 2824 1805 2857 Bamb.
1827 2824 1949 2857 iterum
1973 2825 2068 2865 Iulfl]
2096 2837 2153 2857 om.
2168 2831 2237 2857 cett.

1339 2959 1357 2990 2
1378 2956 1500 2998 aliquis
1520 2958 1567 2990 bis
1580 2968 1641 2989 scr.
1660 2957 1709 2990 V*
1732 2957 1745 3000 ΙΙ
1768 2956 1889 2990 celeuit
1900 2957 1952 2989 Ra
1968 2955 1980 3000 H
2008 2958 2083 2999 3sq.
2097 2956 2288 2998 praebuerit
2304 2967 2372 2988 mo-

1294 3003 1382 3035 riens
1395 3003 1427 3036 R
1445 3002 1457 3042 ΙΙ
1473 3003 1494 3034 4
1507 3003 1712 3042 testamenta]
1725 3002 1912 3034 iuramenta
1924 3002 1974 3034 Β*
1990 3000 2001 3045 ΙΙ
2021 3004 2040 3035 5
2052 3001 2145 3034 aliud
2159 3003 2206 3034 est
2225 3003 2255 3034 V
2269 3001 2281 3045 ΙΙ
2297 3002 2370 3041 hoc]

1293 3049 1374 3080 haee
1397 3047 1431 3079 R
1446 3046 1458 3090 ΙΙ
1485 3048 1505 3079 6
1531 3048 1685 3079 extranea
1703 3046 1750 3079 R²
1772 3047 1784 3090 ΙΙ
1809 3049 1827 3080 8
1845 3047 2007 3079 adducere
2026 3047 2061 3079 R
2083 3045 2096 3090 Ι]
2122 3048 2142 3080 9
2168 3049 2200 3079 et
2223 3057 2372 3088 perscru-

1294 3092 1363 3127 tari
1382 3111 1425 3116 -
1449 3093 1490 3125 18
1508 3091 1650 3132 quilibet
1672 3102 1733 3133 pro
1756 3104 1817 3125 scr.
1830 3091 1881 3124 R²
1898 3094 1930 3125 in
1951 3104 2018 3124 ras.
2034 3093 2053 3124 6
2067 3104 2213 3124 versuum
2237 3089 2250 3135 Ι]
2277 3093 2372 3132 quae]

1294 3141 1326 3170 et
1349 3148 1408 3179 per
1432 3147 1515 3178 quae
1539 3137 1590 3169 Ra
1619 3135 1631 3178 ΙΙ
1662 3138 1699 3169 11
1728 3138 1886 3177 quantam
1910 3137 1973 3176 Ra]
2011 3138 2136 3177 quanta
2159 3135 2209 3168 R⁶
2248 3138 2373 3176 quanto

1302 3183 1366 3216 VT
1383 3182 1395 3226 Ι]
1423 3184 1463 3216 12
1484 3181 1630 3213 inveniri
1654 3181 1738 3224 vulq.
1757 3181 1769 3224 ss
1789 3183 1830 3214 14
1849 3182 1930 3213 haec
1953 3193 2010 3213 om.
2034 3181 2069 3214 V
2086 3180 2099 3224 ΙΙ
2125 3183 2165 3214 15
2189 3180 2374 3213 substantia

1295 3227 1406 3260 ualere
1431 3227 1507 3259 add.
1531 3225 1582 3259 V²
1601 3227 1633 3258 in
1651 3233 1734 3268 spat.
1749 3239 1819 3258 vac.
1836 3225 1848 3269 ΙΙ
1877 3229 1914 3259 17
1929 3228 2078 3258 nostrum
2091 3226 2144 3258 Ra
2159 3226 2171 3268 ΙΙ
2198 3227 2238 3259 18
2254 3236 2315 3267 pro
2329 3226 2372 3266 R]

1294 3284 1351 3315 per
1373 3273 1407 3304 V
1429 3271 1442 3312 ΙΙ
1475 3273 1517 3305 20
1541 3271 1743 3313 perscrutari
1767 3270 1878 3303 omnia
1901 3281 1967 3311 quo
1990 3271 2087 3302 modo
2112 3270 2233 3302 uolunt
2264 3271 2374 3310 (modo

1296 3318 1373 3350 add.
1391 3316 1453 3357 R2)
1478 3317 1510 3348 R
1528 3315 1540 3358 ῃ
1555 3316 1736 3357 perscptari
1758 3316 1808 3348 Va
1831 3315 1843 3359 Ι]
1870 3315 2017 3348 uoluerit
2038 3316 2071 3349 V
2087 3315 2099 3358 ΙΙ
2127 3317 2162 3348 21
2186 3318 2296 3348 autem
2314 3328 2373 3348 om.

1294 3362 1408 3404 R¹Vn
1435 3362 1638 3401 contemptos
1659 3360 1715 3403 Vll
1740 3362 1782 3394 22
1797 3361 1942 3402 hisitque
1954 3361 2006 3393 Ra
2024 3360 2036 3401 ΙΙ
2059 3362 2102 3394 23
2120 3361 2150 3392 ei
2171 3360 2304 3400 V¹RTJ
2327 3360 2374 3392 eis

1306 3407 1355 3440 V³
1370 3407 1456 3449 vulq.
1484 3405 1496 3447 ΙΙ
1524 3405 1653 3447 possint
1674 3405 1707 3438 V
1726 3404 1738 3448 ΙΙ
1766 3407 1809 3439 24
1826 3406 1961 3438 omnino
1978 3405 2064 3445 ΒΤ]
2089 3405 2293 3438 omnimodo
2313 3406 2347 3438 V
2362 3404 2375 3449 ΙΙ

1296 3451 1426 3484 obedite
1439 3451 1488 3483 Βι
1504 3449 1516 3493 ss
1541 3451 1581 3482 27
1598 3450 1678 3490 eius]
1696 3450 1743 3482 eis
1755 3451 1841 3483 R¹T
1854 3450 1866 3493 11
1883 3452 1924 3484 29
1941 3452 1973 3482 et
1990 3463 2047 3483 om.
2058 3450 2105 3482 Β*
2126 3449 2138 3493 ΙΙ
2154 3451 2193 3483 31
2208 3451 2374 3482 transacta

1305 3497 1338 3529 V
1359 3495 1371 3539 ΙΙ
1399 3497 1441 3528 36
1465 3497 1676 3537 programata
1700 3496 1732 3528 R
1762 3495 1774 3539 ΙΙ
1802 3497 1843 3529 37
1857 3498 1979 3528 subscr.
2004 3495 2070 3526 dat.
2086 3505 2117 3526 x.
2135 3495 2201 3527 kal.
2215 3495 2373 3538 septemb.

1298 3551 1367 3617 gap.
1385 3551 1434 3591 pc.
1452 3551 1525 3572 con.
1548 3539 1710 3617 bilisiarig
1734 3541 1808 3618 ugo
1829 3541 1863 3618 ῘΞ
1881 3540 1947 3619 dIaIt.
1965 3540 2031 3572 kal.
2054 3542 2133 3582 sept.
2151 3540 2178 3572 Ι.
2200 3540 2276 3573 iust.
2297 3551 2326 3572 a.
2345 3550 2373 3573 ο.

1321 3596 1357 3617 is.
1383 3595 1447 3617 uic.
1473 3595 1560 3617 anno
1585 3595 1683 3617 secun
1708 3597 1727 3618 0
1792 3598 1840 3618 am
1866 3609 1872 3617 .
1928 3610 1936 3626 ‚
1962 3597 2020 3618 om.
2039 3592 2107 3619 cett.

1087 3720 1471 3729 ww..-
