2618 4010
105 121 152 153 IN
180 120 333 153 saonis
362 114 775 152 APPELLA'HONIBUS

107 219 252 265 κλὴτους
279 216 564 265 ἀναπεμπούσας
592 220 640 255 εἰς
668 218 734 254 τὸν
763 217 904 267 θρόνον
930 215 997 254 τὸν
1020 216 1085 253 σὸν
1108 220 1188 252 νυνὶ

106 277 197 311 κοσμ
222 265 339 310 θῆναι
361 266 406 314 τῇ
429 266 508 300 τῶν
531 262 756 312 πραιτώρων
779 262 870 313 ἀρχῇ
895 265 1121 309 συμβέβηκεν
1144 263 1189 306 (εἰ

106 313 165 346 καὶ
222 314 297 345 oaesi
325 322 402 346 πως
433 310 751 355 συναναμεμίχθαι
782 321 836 344 τις
866 307 957 357 αὐτῇ
989 311 1049 344 καὶ
1080 319 1187 355 στρα-

106 354 256 400 τιωτικὴ
279 354 387 398 τάξις,
412 353 537 399 ἐπειδὴ
560 353 739 403 πρότερον
762 358 822 389 καὶ
846 353 933 396 δούξ
958 351 1017 401 ἐφ’
1042 353 1189 397 ἑκάστης

105 401 249 436 τούτων
267 402 437 448 ἐπαρχίας
460 394 529 445 ἦν),
553 398 758 456 ἀναγκαίως
779 398 865 446 ἡμῖν
885 402 982 443 ἔχειν
1004 397 1105 441 ἔδοξε
1129 396 1188 433 διὰ

106 445 173 480 τὸν
202 457 325 482 καινισ
359 445 395 481 ’ν
427 447 558 481 τοῦτον
588 459 691 490 μονῳ
726 444 771 490 δὴ
802 447 857 490 τῷ
886 443 1016 491 θρόνῳ
1047 445 1102 488 τῷ
1134 444 1187 487 σῷ

107 495 167 526 καὶ
190 492 245 536 τῷ
269 493 308 525 ἐν
332 488 493 534 οξοτάτῳ
522 494 734 538 κοιαίστωρι
765 488 994 538 παραδοῦναι
1017 488 1085 534 τὴν
1110 490 1189 524 τῶν

108 539 266 583 ἐφέσεων
301 537 484 578 ἐξέτασιν,
520 534 647 570 δοῦναι
682 535 723 570 δὲ
756 533 1113 584 φιλανθρωπότερον
1143 534 1189 582 τῇ

107 580 205 623 τάξει
228 582 274 629 τῇ
294 583 423 634 σῇ,καὶ
449 584 523 615 τοῖς
546 583 607 617 ἐπὶ
630 580 750 626 τούτῳ
775 583 1036 627 πραττομένοις
1058 576 1187 625 ὑπηρε-

1182 102 1262 150 143

1975 103 2082 148 Nov.
2113 103 2195 148 XX
2226 107 2334 147 4-7

1259 216 1479 252 destinantes
1503 214 1550 253 ad
1574 214 1694 252 sedem
1716 218 1816 252 tuam
1839 226 1935 252 nunc
1956 216 2119 253 decorari
2136 218 2341 263 praetorum

1259 262 1403 306 cingulo
1435 260 1626 306 contingit,
1661 261 1746 297 licet
1776 261 1939 298 videatur
1969 260 2228 308 quodammodo
2259 271 2341 307 per·

1258 307 1409 344 mixtum
1429 305 1607 353 quoddam
1627 306 1660 342 ei
1680 307 1787 342 etiam
1804 307 1954 343 militare
1979 307 2150 351 officium,
2175 307 2342 353 quoniam

1258 352 1359 398 prius
1384 355 1420 389 et
1443 352 1516 388 dux
1539 352 1578 388 in
1602 353 1754 397 utraque
1786 352 1912 388 harum
1942 352 2126 398 provincia
2158 352 2247 394 fuit,
2278 363 2340 389 ne-

1227 402 1245 434 5
1260 398 1416 434 cessarie
1444 397 1549 433 nobis
1579 407 1618 433 se
1650 397 1784 432 habere
1808 397 1945 442 placuit
1975 401 2125 443 propter
2148 398 2341 434 novitatem

1259 443 1326 478 soli
1349 442 1425 479 sedi
1448 446 1533 478 tuae
1555 445 1591 478 et
1619 442 1874 486 gloriosissimo
1900 443 2082 488 quaestori
2110 443 2253 479 tradere
2277 453 2340 489 ap-

1257 488 1492 534 pellationum
1523 488 1838 532 examinationem,
1872 488 1997 524 cedere
2027 498 2169 533 quoque
2199 492 2236 524 et
2268 489 2339 524 cle·

1258 534 1413 569 mentius
1437 535 1501 569 tuo
1527 532 1658 578 officio,
1683 536 1724 568 ut
1746 533 1814 575 his,
1839 543 1931 578 quae
1954 543 2062 578 super
2085 534 2154 568 hoc
2174 537 2340 579 aguntur,

1258 579 1471 615 ministrent.
1520 578 1623 614 Unde
1647 577 1679 614 si
1703 577 1788 623 quid
1811 577 1947 613 factum
1972 581 2027 614 est
2049 579 2121 614 tale
2144 580 2243 624 prius
2268 579 2340 614 sive

107 627 265 661 τεῖσθαι.
322 623 428 668 oben,
456 627 492 660 εἴ
511 639 548 661 τι
579 629 704 681 χέγονε
733 628 900 679 τοιοῦτον
929 625 1143 680 ἔμπροσθεν
1167 621 1244 668 ἢ10
1258 625 1365 660 etiam
1394 626 1522 669 postea
1551 623 1632 667 fiat,
1667 623 1818 659 eundem
1855 633 1985 660 causae
2017 623 2175 659 ordinem
2206 624 2341 670 imponi

107 675 167 706 καὶ
194 669 281 707 ὅστε
304 685 346 707 ον
368 674 533 718 γένηται,
563 685 630 716 την
655 671 769 716 αὐτὴν
791 683 846 715 τῳ
874 682 1061 718 πραγματι
1084 670 1189 711 τάξιν

107 716 251 752 ὑπεῖναι
306 718 510 762 εσπίζομεν.

1257 670 1448 706 sancimus.

1115 805 1271 841 CAPUT
1295 806 1337 842 V.

150 873 298 919 Ἐπειδὴ
323 873 362 910 δὲ
386 873 450 910 δύο
473 875 648 922 καθαρῶς
676 866 770 918 ἦσαν
794 866 918 921 οἰρχαῖ>>
932 875 996 908 τοῦ
1019 886 1060 908 τε
1084 870 1191 918 κόμη-

110 932 170 956 τος
204 922 265 964 τῆς
296 919 408 965 ‘Etpas-
442 923 506 955 τοῦ
541 934 581 955 τε
612 919 782 967 ἄρχοντος
814 917 922 975 αὐτῆς
951 920 1012 962 τῆς
1047 917 1193 966 πρώτης

1308 874 1399 918 Quia
1422 884 1505 910 vero
1532 874 1624 910 duae
1655 873 1803 910 fuerunt
1832 873 2159 909 administrationes
2187 883 2277 919 pure
2308 876 2344 909 et

1263 919 1403 955 comitis
1427 919 1581 956 Orientis
1606 923 1642 955 et
1664 919 1791 955 iudicis
1817 919 1892 955 eius
1916 920 2053 966 primae
2076 920 2210 965 Syriae,
2236 922 2271 954 et
2294 919 2343 953 ci-

110 969 258 1014 Συρίας,
290 970 350 1000 καὶ
381 965 421 1020 αξ
444 967 512 1011 μὲν
535 966 596 1009 τῆς
621 963 805 1008 πολιτικῆς
833 976 965 1018 ταυτης
995 961 1100 1018 ἀρχῆς
1131 966 1191 1010 ἐφ·
1208 967 1248 999 15
1261 964 1340 999 vilis
1365 965 1505 1010 quidem
1530 965 1636 1000 huius
1668 964 1984 1000 administrationis
2015 965 2272 1018 appellationes
2297 964 2343 998 ad

111 1015 200 1045 ε’σεις
219 1012 267 1046 εἰς
287 1011 353 1046 τὸν
377 1023 444 1046 σον
461 1012 632 1058 ἐφέροντο
655 1007 806 1055 θρόνον,
831 1010 893 1053 τῆς
912 1009 1047 1050 ταξεως
1063 1022 1191 1057 υπηρε-

110 1054 239 1100 τούσης
265 1056 376 1102 μόνης
401 1057 461 1100 τῆς
490 1057 566 1099 σῆς,
599 1054 639 1088 αἱ
660 1053 700 1088 δὲ
718 1054 787 1088 ’τοῦ
811 1052 963 1097 κόμητος
985 1055 1046 1098 τῆς
1069 1051 1191 1098 Ὲιρας,

110 1102 169 1136 οἶα
192 1100 467 1147 σπεκταβιλίου,
501 1100 594 1135 κατὰ
617 1099 658 1134 τὸ
693 1100 771 1134 τῶν
794 1100 913 1134 θείων
941 1097 1193 1146 ἀκροατηρίων

111 1149 228 1192 σχῆμα
251 1148 299 1181 εἴς
321 1160 362 1181 τε
386 1146 453 1181 τὸν
472 1144 612 1192 θρόνον
637 1144 704 1180 τὸν
728 1142 794 1178 σὸν
825 1145 872 1178 εἴς
895 1158 935 1179 τε
960 1145 1026 1179 τὸν
1051 1143 1190 1186 ἐνδοξό-

1261 1011 1360 1044 tuam
1384 1010 1634 1045 referebantur
1657 1010 1795 1053 sedem,
1821 1010 1940 1046 officio
1963 1009 2187 1045 ministrante
2211 1009 2343 1045 solum-

1262 1054 1367 1090 modo
1391 1057 1475 1099 tuo,
1501 1056 1640 1090 comitis
1665 1059 1785 1091 autem
1810 1055 1983 1099 Orientis,
2016 1057 2056 1090 ut
2082 1057 2140 1090 ote
2163 1054 2342 1100 spectabi-

1261 1099 1324 1143 lis,
1356 1099 1394 1135 in
1419 1110 1603 1135 sacrarum
1629 1101 1850 1136 auditionum
1877 1100 1994 1146 figura
2025 1111 2046 1136 a
2101 1100 2220 1136 sedem
2243 1102 2343 1135 tuam

1261 1149 1298 1180 et
1331 1145 1578 1189 gloriosissimi
1614 1146 1820 1190 quaestoris.
1849 1147 2032 1189 veniebat,
2073 1146 2160 1181 solis
2203 1145 2264 1191 qui
2299 1155 2344 1180 ex

111 1205 223 1227 τατον
246 1195 484 1237 κοιαίστωρα,
515 1188 642 1236 μόνων
670 1190 748 1224 τῶν
776 1191 815 1223 ἐκ
843 1191 921 1224 τῶν
951 1191 1071 1225 θείων
1095 1202 1190 1245 σξρι-
1206 1193 1248 1225 20
1261 1191 1374 1226 sacris
1399 1194 1484 1226 sunt
1508 1190 1648 1226 scriniis
1668 1191 1971 1226 ministrantibus:

112 1237 189 1280 (VI)
236 1241 328 1272 νίων
345 1234 665 1282 ὑπηρετουμένων·
690 1233 780 1279 ἀλλὰ
793 1236 902 1270 τοῦτο
913 1248 993 1268 *u-
1016 1237 1056 1270 ἐν
1071 1248 1190 1279 τουτῳ

110 1284 166 1327 τῷ
188 1285 287 1328 μέρει
310 1280 428 1316 καλῶς
450 1279 536 1326 ἡμῖν
559 1279 681 1321 ἔδοξεν
705 1282 800 1323 ἔχειν
824 1282 884 1316 ἐπὶ
908 1279 1040 1325 ταύτης
1065 1279 1108 1325 δὴ
1132 1282 1192 1324 τῆς

110 1325 215 1375 ἀρχῆς
245 1326 370 1371 κοινὴν
406 1325 532 1361 δοῦναι
563 1325 631 1370 τὴν
660 1323 861 1373 ὑπουργίαν
891 1329 964 1361 τοῖς
992 1339 1032 1361 τε
1058 1328 1096 1360 ἐκ
1127 1327 1191 1360 τοῦ

109 1374 189 1407 τῶν
210 1372 330 1407 θείων
351 1371 555 1408 ἐπιστολῶν
573 1375 732 1418 σκρινίου
756 1374 829 1405 τοῖς
852 1385 892 1406 τε
915 1374 953 1406 ἐκ
977 1373 1038 1416 τῆς
1057 1371 1192 1413 τάξεως

1262 1235 1339 1279 (VI)
1385 1235 1456 1271 Sed
1487 1235 1558 1271 hoc
1588 1236 1626 1271 in
1656 1236 1725 1271 hac
1756 1240 1859 1281 parte
1888 1236 1991 1272 nobis
2018 1237 2111 1272 bene
2141 1246 2180 1271 se
2210 1235 2344 1271 habere

1260 1281 1375 1316 visum
1397 1284 1464 1323 est,
1489 1281 1526 1316 in
1550 1281 1619 1316 hac
1642 1281 1806 1316 videlicet
1829 1281 2137 1317 administratione
2158 1291 2344 1317 commune

1262 1326 1348 1362 dare
1374 1326 1608 1362 ministerium
1646 1328 1681 1362 et
1714 1326 1770 1362 his
1806 1326 1867 1371 qui
1898 1337 1942 1361 ex
1966 1337 2150 1362 sacrarum
2174 1326 2342 1372 epistola-

1261 1382 1341 1407 rum
1364 1372 1495 1407 scrinio
1521 1374 1607 1407 sunt
1639 1375 1674 1406 et
1705 1372 1765 1417 qui
1789 1382 1833 1407 ex
1857 1371 1976 1407 officio
2000 1374 2085 1408 tuae
2109 1371 2342 1407 celsitudinis.

109 1419 172 1462 τῆς
193 1418 254 1462 σῆς
276 1414 457 1470 ὑπεροχῆς.
511 1416 556 1451 Τὸ
580 1416 647 1470 χὰρ
673 1414 716 1470 {v}
747 1417 826 1471 τῶν
857 1416 1025 1463 πρόσθεν
1051 1416 1113 1452 δύο
1137 1421 1191 1462 βι-
1206 1421 1246 1453 ’25
1261 1418 1365 1461 Quod
1395 1418 1487 1453 enim
1519 1417 1619 1462 prius
1653 1418 1801 1453 duorum
1833 1417 2048 1452 vicariorum
2079 1417 2148 1452 fuit
2171 1416 2343 1452 Ponticae

109 1466 247 1510 καρίων
281 1474 343 1507 της
370 1476 410 1497 τε
444 1466 621 1506 Ποντικης
651 1474 711 1506 της
741 1475 782 1496 τε
813 1464 975 1506 Ασιανῆς
1005 1462 1192 1498 παντελῶς

110 1508 305 1543 καινισθὲν
327 1512 387 1542 καὶ
411 1509 459 1542 εἰς
482 1507 549 1552 τὴν
571 1506 684 1552 ἀρχὴν
702 1504 813 1553 μόνης
838 1509 1008 1555 ἐπαρχίας
1030 1510 1112 1553 μιᾶς
1133 1521 1192 1553 με·

110 1552 268 1595 ταστάν,
305 1552 483 1588 Γαλατίας
515 1555 633 1599 φαμὲν
672 1555 731 1586 καὶ
766 1555 921 1600 Φρυγίας
952 1554 1192 1597 Πακατιανῆς,

110 1598 273 1645 φοιτάτω
295 1601 363 1643 μὲν
386 1597 476 1647 πρός
498 1612 538 1633 τε
561 1597 628 1642 τὴν
657 1596 725 1652 σὴν
746 1597 932 1651 ὑπεροχὴντ
947 1598 1036 1646 πρός
1063 1612 1103 1633 τε
1127 1598 1193 1633 τὸν

1263 1467 1299 1498 et
1329 1463 1487 1498 Asianae
1520 1465 1557 1498 et
1589 1463 1732 1498 omnino
1766 1463 1975 1498 innovatum
2011 1465 2066 1498 est
2097 1464 2135 1497 et
2168 1461 2206 1497 in
2237 1461 2344 1496 unius

1263 1508 1608 1544 administrationem
1631 1508 1742 1543 solius
1765 1508 1970 1553 provinciae
1993 1511 2169 1543 mutatum
2188 1527 2232 1532 ——
2256 1506 2343 1541 dici·

1261 1564 1340 1589 mus
1375 1556 1494 1589 autem
1530 1553 1628 1589 aliud
1661 1553 1840 1598 Galatiae,
1877 1553 1976 1588 aliud
2005 1553 2147 1598 Frigiae
2178 1552 2343 1587 Pacatia-

1261 1609 1330 1634 nae
1354 1620 1417 1642 -,
1453 1599 1571 1635 veniat
1596 1599 1748 1652 ‘quidem
1778 1603 1851 1635 tam
1887 1599 1933 1634 ad
1964 1600 2063 1634 tuam
2099 1597 2344 1633 celsitudinem

111 1642 350 1685 ἐνδοξότατον
374 1647 604 1698 κοιαίστωρα,
626 1657 743 1688 μονην
768 1641 810 1697 δέ
827 1657 900 1697 την
911 1648 1112 1692 υπηρεσίαν
1137 1642 1191 1678 δε·
1206 1647 1248 1679 30
1262 1655 1368 1698 quam
1392 1644 1438 1680 ad
1461 1645 1753 1689 gloriosissimum
1773 1648 2009 1690 quaestorem,
2034 1644 2150 1679 solum
2173 1653 2256 1683 vero
2279 1642 2343 1677 mi-

110 1690 236 1732 χέσθω
259 1690 320 1733 τῆς
342 1687 476 1731 τάξεως
498 1702 562 1723 του
587 1687 726 1736 θρόνου
749 1702 812 1723 του
838 1699 911 1722 σου.

1262 1690 1446 1726 msterium
1471 1690 1645 1736 suscipiat
1665 1690 1824 1725 officium
1847 1689 1941 1726 sedis
1964 1693 2060 1725 tuae.

1095 1780 1251 1816 CAPUT
1281 1781 1360 1817 VII.

159 1846 313 1883 Κάκεῖνο
339 1851 463 1893 μέντοι
493 1847 737 1891 θεσπίζομεν,
768 1843 855 1881 ὥςτε
886 1848 946 1882 ἐπὶ
977 1846 1119 1882 τούτων
1152 1847 1195 1892 δὴ

111 1895 189 1928 τῶν
219 1891 341 1938 ἀρχῶν
372 1893 450 1927 τῶν
481 1894 548 1927 νῦν
579 1889 669 1939 παρ’
704 1889 809 1937 ἡμῶν
841 1892 1103 1938 ἕξευρεθεισῶν
1132 1897 1191 1927 καὶ

112 1938 396 1993 μεταβαΙλουσῶν
415 1936 458 1972 τὸ
486 1936 634 1984 ἀρχαῖον
658 1939 791 1982 σχῆμα,
825 1938 897 1993 εἴτε
921 1935 1082 1973 αὐτόθεν
1101 1938 1192 1973 κατὰ

1308 1849 1553 1884 Illud-tamen
1584 1848 1782 1890 sancimus,
1821 1852 1863 1884 ut
1897 1859 1941 1884 ex
1976 1846 2344 1884 administrationibus

1261 1905 1358 1931 nunc
1397 1904 1420 1929 a
1458 1894 1561 1930 nobis
1603 1894 1803 1929 adinventis
1839 1897 1876 1929 et
1904 1894 2123 1929 mutantibus
2159 1893 2344 1937 antiquum

1262 1940 1426 1982 schema,
1462 1940 1536 1975 sive
1572 1940 1640 1975 hoc
1675 1939 1793 1985 ipsum
1829 1940 2026 1975 secundum
2059 1942 2226 1974 naturam
2286 1948 2344 1972 ro-

112 1997 179 2027 την
213 1995 323 2031 φυσιν
354 1984 415 2037 τῆς
445 1984 574 2017 οἰκείας
605 1980 789 2016 δικάσοιεν
823 1984 928 2037 αρχῆς
963 1982 1033 2018 εἴτε
1064 1988 1125 2018 καὶ
1156 1987 1194 2019 ἐκ
1208 1988 1249 2020 35
1263 1985 1364 2030 priae
1394 1985 1553 2020 iudicent
1584 1984 1903 2021 administrationis
1936 1985 2010 2020 sive
2042 1984 2150 2019 etiam
2184 1994 2228 2018 ex
2275 1983 2345 2018 ele-

113 2030 357 2077 παραπομπῆς
391 2032 578 2076 ημετέρας,
623 2025 734 2063 ταύτὸ
772 2027 1023 2074 φυλαττεσθαι
1061 2031 1193 2075 σχῆμα·

1263 2030 1407 2075 gatione
1439 2032 1579 2072 nostra,
1615 2030 1709 2065 idem
1740 2034 1899 2066 servetur
1930 2030 2092 2066 schema:
2131 2033 2166 2064 et
2197 2028 2260 2064 ubi
2288 2038 2345 2063 so-

113 2124 220 2157 erant
246 2124 282 2156 et
311 2119 578 2167 appellationes
609 2118 659 2153 ad
688 2118 806 2153 sedem
838 2123 935 2154 tuam
970 2120 1277 2163 transmittebant,
1314 2131 1412 2155 nunc
1467 2124 1652 2155 raetorum
1676 2124 1862 2166 potestate
1892 2119 2061 2155 decorari
2091 2119 2246 2171 contiqit
2267 2118 2347 2161 (etsi

114 2166 147 2202 ei
178 2165 334 2201 militare
363 2175 508 2211 quoque
539 2163 691 2210 aliquod
723 2163 887 2210 officium
916 2164 1000 2209 sere
1034 2164 1237 2200 admioetum
1267 2175 1344 2200 esse
1381 2165 1416 2200 vi
1442 2170 1533 2208 etur,
1569 2166 1656 2211 quia
1683 2166 1795 2217 prius
1825 2165 1933 2200 etiam
1965 2164 2045 2200 dux
2076 2169 2158 2200 erat
2184 2175 2223 2198 in
2257 2174 2345 2199 una-

114 2222 257 2258 quaque
289 2221 414 2246 earum
442 2209 754 2256 provinciarum),
789 2219 932 2244 necesse
967 2208 1072 2244 nobis
1103 2220 1179 2244 esse
1210 2214 1369 2256 propter
1401 2209 1495 2245 Ιιαησ
1523 2210 1793 2245 innovationem
1825 2210 1939 2245 visum
1970 2214 2026 2245 est
2057 2210 2131 2245 iam
2164 2208 2236 2244 soli
2268 2208 2347 2244 sedi

117 2263 201 2292 tuae
223 2260 260 2291 et
278 2255 541 2302 qloriosissimo
565 2254 752 2299 quaestori
776 2264 930 2288 examen
953 2254 1242 2300 appellationum
1268 2254 1430 2296 tradere,
1462 2258 1497 2290 et
1520 2254 1728 2290 clementius
1751 2254 1947 2290 concedere
1972 2255 2100 2300 officio
2126 2258 2206 2297 tuo,
2238 2258 2279 2290 ut
2300 2254 2347 2289 iis

115 2312 259 2347 quoque
277 2311 371 2346 quae
389 2299 458 2334 hac
481 2300 520 2333 in
544 2309 585 2333 re
605 2302 767 2343 aquntur
785 2298 971 2333 ministret.
1010 2297 1141 2343 Itaque
1163 2299 1196 2332 si
1218 2298 1308 2344 quid
1323 2299 1498 2336 eiusmodi
1521 2303 1630 2334 antea
1651 2300 1795 2345 factum
1815 2303 1869 2334 est
1891 2299 1966 2335 sive
1989 2299 2098 2334 etiam
2115 2302 2250 2346 postea
2269 2299 2345 2344 fiet,

116 2346 264 2381 eundem
289 2344 451 2379 ordinem
475 2343 620 2388 neqotio
644 2342 786 2377 subesse
805 2342 995 2378 sancimus.

253 2390 295 2425 V.
344 2387 522 2431 Quoniam
547 2397 631 2423 vero
656 2386 749 2422 duae
772 2390 898 2433 aperte
915 2391 1116 2433 potestates
1144 2392 1250 2423 erant
1273 2388 1415 2423 comitis
1441 2387 1598 2424 Orientis
1629 2392 1665 2424 et
1693 2388 1877 2435 praesidis
1899 2389 2014 2435 ipsius
2031 2389 2179 2435 primae
2202 2387 2344 2435 Syriae,

117 2440 153 2471 et
175 2434 441 2482 appellationes
461 2432 604 2478 quidem
628 2443 651 2467 a
675 2431 771 2467 civili
794 2431 1064 2512 liacissotestate
1087 2432 1138 2467 ad
1161 2437 1259 2467 tuam
1283 2433 1402 2468 sedem
1427 2433 1686 2479 deserebantur
1709 2434 1789 2468 solo
1810 2434 2037 2469 ministrante
2062 2438 2124 2470 tuo
2150 2434 2291 2480 officio,
2322 2445 2346 2469 a

118 2482 247 2516 comite
269 2490 353 2515 vero
381 2478 549 2520 Orientis,
573 2481 700 2523 utpote
722 2476 869 2523 spectab

112 2527 224 2619 {affin

276 2523 547 2560 loriosissimum

912 2505 922 2519 ,
946 2477 1139 2512 secundum
1159 2488 1348 2513 sacrorum
1372 2478 1638 2514 auditor-iorum
1657 2479 1819 2523 formam
1844 2482 1879 2514 et
1902 2478 1953 2513 ad
1977 2483 2073 2514 tuam
2096 2478 2216 2514 sedem
2239 2483 2276 2514 et
2297 2478 2347 2514 ad

597 2526 818 2564 uaestorem,
841 2522 931 2557 solis
952 2522 998 2556 iis
1018 2523 1082 2568 qm·
1105 2533 1154 2558 cx
1178 2523 1294 2557 sacris
1313 2523 1458 2558 scriniis
1482 2528 1568 2559 sunt
1590 2523 1889 2566 ministrantibus,
1914 2523 1981 2559 hoc
2004 2535 2089 2560 vero
2105 2535 2188 2558 ut:
2215 2523 2254 2559 in
2278 2522 2347 2559 hac

269 2581 334 2606 ene
357 2568 489 2604 Itabere
510 2578 558 2603 no
585 2568 615 2603 is
645 2567 758 2603 visum
781 2571 836 2603 est
857 2566 901 2602 de
927 2566 996 2602 Itoc
1019 2567 1161 2613 quidem
1182 2568 1400 2659 mffiqistratu
1428 2579 1614 2604 commune
1637 2569 1874 2604 ministerium
1894 2569 1984 2604 dare
2009 2573 2081 2604 tam
2103 2569 2167 2610 iis,
2203 2569 2267 2615 qui
2296 2579 2347 2605 eae

117 2626 305 2652 sacrarum
332 2613 569 2667 epistularum
592 2613 728 2648 scrinio
751 2616 853 2655 sunt,
890 2623 999 2659 quam
1029 2614 1094 2665 qui
1123 2624 1173 2665 em
1202 2624 1223 2647 0

1243 2613 1329 2658 ficio
1364 2619 1447 2649 tuae
1478 2613 1717 2649 sublimitatis.
1765 2614 1860 2649 Nam
1884 2613 1984 2660 quod
2005 2614 2044 2649 in
2068 2613 2209 2650 duobus
2231 2625 2345 2660 quon-

118 2662 201 2697 dam
229 2661 376 2697 vicarns
406 2663 442 2694 et
464 2657 641 2694 Ponticae
672 2662 709 2693 et
730 2658 889 2693 Asianae
912 2658 1028 2704 plane
1049 2669 1121 2693 tam
1145 2662 1356 2694 innovatum
1379 2663 1434 2694 est
1464 2664 1501 2694 et
1530 2659 1568 2694 in
1592 2659 1842 2706 maqistratum
1867 2660 1975 2694 unius
1991 2659 2210 2712 provinciae
2232 2659 2346 2694 solius

120 2707 348 2748 translatum,
374 2703 542 2739 Galatiae
565 2703 717 2738 dicimus
739 2708 775 2738 et
791 2702 977 2756 Phryqiae
992 2702 1228 2755 Racadanae,
1250 2704 1589 2756 procedat-quidem
1613 2709 1650 2740 et
1671 2704 1721 2739 ad
1745 2709 1842 2739 tuam
1865 2704 2119 2740 sublimitatem
2138 2709 2175 2740 et
2197 2704 2247 2740 ad
2266 2704 2344 2750 ylo·
2391 2714 2396 2718 ’

118 2752 354 2788 riosissimum
403 2753 619 2791 uaestorem,
643 2748 720 2783 solo
744 2759 827 2784 vero
848 2752 1048 2784 ministerio
1073 2752 1199 2784 utatur
1224 2749 1341 2800 officii
1365 2748 1461 2784 sedis
1486 2753 1579 2785 tuae.

253 2796 331 2840 Vn,

418 2805 518 2830 erum
541 2793 634 2829 illud
653 2805 797 2840 quoque
819 2794 1012 2835 sancimuS,
1037 2796 1077 2829 ut
1099 2794 1138 2828 in
1158 2793 1215 2829 llis
1237 2794 1380 2839 quidem
1402 2794 1685 2841 maqistratibus,
1715 2794 1779 2840 qui
1802 2805 1899 2830 nunc
1922 2806 1945 2830 a
1969 2795 2074 2831 nobis
2100 2795 2236 2831 inventi
2260 2801 2347 2831 sunt

120 2854 163 2879 ac
182 2846 334 2880 veterem
356 2841 519 2887 formam
543 2843 749 2882 mutarunt,
773 2839 847 2875 sive
874 2839 972 2874 ultro
992 2839 1186 2874 secundum
1210 2842 1381 2874 naturam
1398 2840 1584 2886 propriae
1600 2839 1799 2886 potestatis
1821 2839 1895 2875 sive
1915 2840 2023 2875 etiam
2046 2851 2096 2876 ex
2119 2840 2346 2887 deleqatione

119 2893 247 2924 nostra
277 2887 455 2928 iudicent,
487 2884 610 2920 eadem
638 2888 802 2920 servetur
825 2884 961 2930 forma.
1016 2883 1066 2919 Et
1099 2884 1160 2920 ubi
1187 2884 1303 2919 solum
1332 2884 1540 2920 ministrare
1572 2885 1738 2930 officium
1771 2890 1853 2920 tuae
1884 2885 2114 2921 sublimitatis
2143 2886 2345 2929 sanximus,

119 2948 2334 2960 Μ

167 2983 181 3014 1
216 2979 283 3013 νῦν
307 2978 376 3011 LB
403 2977 416 3022 ΙΙ
446 2979 466 3011 2
498 2988 526 3011 π
551 2978 735 3020 αιτωρίων
758 2976 809 3008 Bc
845 2977 1034 3021 προτέρων
1055 2976 1104 3009 M.
1149 2977 1198 3019 Cf.

119 3039 190 3060 nov.
204 3023 308 3058 XXV.
334 3022 457 3056 XXIV.
547 3022 617 3055 VII
641 3023 654 3065 ss
683 3023 703 3054 3
724 3022 813 3061 πως]
838 3017 929 3063 adri]
944 3034 970 3054 s.
984 3034 1013 3054 υ.
1029 3022 1106 3054 add.
1121 3021 1169 3054 L²

120 3067 370 3113 συναμεμίχθη
382 3068 444 3110 τῆς
455 3063 546 3109 αὗτῆ
566 3066 613 3099 L¹
631 3066 644 3110 ΙΙ
665 3068 686 3100 4
709 3063 832 3108 ἐπειδὴ
844 3067 903 3098 καὶ
916 3064 1092 3111 πρότερον
1114 3066 1165 3099 B⁶

121 3119 138 3148 5
173 3112 217 3157 ἢν
242 3115 291 3147 B⁶
318 3114 330 3156 ΙΙ
360 3115 380 3146 6
409 3109 522 3155 μόνον
546 3112 597 3144 Βο
619 3112 631 3155 ΙΙ
662 3113 681 3145 8
707 3108 758 3151 δὲ]
791 3121 922 3152 quoque
944 3113 987 3152 et,
1011 3113 1032 3144 9
1056 3124 1114 3144 om.
1139 3113 1198 3144 καὶ

121 3173 140 3197 ς
162 3160 174 3205 ΙΙ
209 3163 248 3194 10
275 3157 310 3191 εἴ
327 3170 364 3191 τι
385 3158 438 3198 Μ]
463 3156 534 3190 εἴτε
557 3168 593 3190 τι
622 3157 690 3189 LB
723 3158 778 3198 (cf.
803 3156 849 3188 ad
872 3157 904 3196 ς)
934 3155 947 3199 11
975 3152 997 3198 ἢ
1022 3156 1110 3196 ΜΒ]
1136 3151 1199 3199 ἥτε

121 3209 195 3250 (pro
218 3203 301 3245 εἴτε)
326 3204 356 3236 L
380 3203 448 3234 sive
473 3214 492 3238 ς
515 3201 528 3246 fl
555 3203 594 3235 13
619 3204 660 3245 cf
686 3214 756 3235 ηου.
779 3201 872 3234 VIII
889 3213 915 3234 c.
943 3200 990 3244 511
1017 3197 1105 3233 ὃύον
1129 3202 1160 3234 L
1186 3200 1199 3247 Η

125 3254 164 3285 14
187 3250 251 3284 τοῦ
276 3261 315 3282 τε
339 3246 507 3292 ἄρχοντος
531 3267 572 3271 -
602 3248 639 3280 17
665 3244 757 3289 ἑῴας
778 3258 836 3278 om.
852 3245 922 3288 ΜΙΙ
944 3245 1005 3288 τῆς
1029 3259 1086 3279 om.
1113 3246 1164 3279 B⁶
1187 3250 1198 3291 11

125 3299 160 3331 17
185 3294 223 3328 αἱ
242 3291 293 3335 δὲ]
317 3289 383 3336 ἤδη
398 3293 429 3325 L
453 3289 474 3334 ἡ
491 3289 531 3325 δὲ
544 3293 594 3325 13⁰
618 3293 660 3332 (ς,
682 3294 723 3335 cs:
738 3304 766 3324 v.
786 3292 837 3332 19)
855 3290 867 3334 n
885 3292 924 3324 18
943 3288 1198 3369 σπεκταλθιλίου

122 3343 166 3383 L]
185 3336 425 3382 σπεκταβιλία
439 3337 484 3371 Μ
502 3335 740 3382 περιβλέπτου
754 3336 785 3369 L
798 3348 823 3368 s.
837 3348 878 3376 v.,
897 3335 950 3369 ΒΓ
962 3338 1072 3380 περίβ

122 3388 198 3421 Ms.
212 3399 254 3427 v.,
276 3386 326 3418 B⁰
344 3383 356 3428 ΙΙ
371 3383 449 3417 τῶν
469 3396 527 3416 om.
543 3384 591 3415 13⁶
610 3381 622 3425 ΙΙ
640 3384 680 3416 19
704 3381 820 3424 σχῆμα
837 3379 868 3413 εἰ
887 3381 971 3414 nL
986 3380 999 3426 ss
1026 3383 1068 3414 20
1092 3391 1194 3429 σκηρ-

121 3432 256 3466 νίωνΕ
281 3430 293 3473 ΙΙ
318 3432 356 3463 21
388 3431 506 3462 hiatum
539 3428 654 3461 statuit
677 3427 865 3460 Zachariae
889 3427 936 3459 ita
960 3429 1036 3469 fere
1069 3428 1196 3470 explen—

123 3472 215 3511 dum.-
250 3472 340 3508 ἀλλὰ
377 3473 483 3507 τοῦτο
518 3470 837 3518 <νυνὶ’ἐκαινίσθη
870 3465 965 3504 ὥστε
997 3467 1198 3515 ἀμφοτέρας

122 3525 210 3567 μίαν
234 3518 346 3566 ἀρχὴν
370 3518 495 3563 εἶναι>·
526 3519 565 3550 ἐν
588 3515 705 3559 τούτῳ
730 3513 804 3549 κτλ.
833 3516 846 3559 ΙΙ
874 3518 918 3550 24
947 3519 1114 3563 σκηρνίου
1137 3518 1198 3558 τῆς

123 3580 172 3602 τε.
187 3569 216 3601 L
234 3567 247 3608 ΙΙ
264 3569 305 3600 25
332 3567 373 3608 cfi
393 3577 464 3598 nov.
486 3564 577 3597 VIII
587 3576 612 3596 c.
630 3565 659 3596 2.
676 3566 695 3596 3
715 3561 727 3603 ΙΙ
741 3561 830 3602 τῶν]
854 3560 916 3603 τῆς
933 3561 964 3594 L
979 3562 992 3604 ΙΙ
1010 3563 1050 3595 27
1075 3556 1197 3606 ἀρχὴν]

125 3611 282 3658 ἐπαρχὴν
295 3611 326 3644 L
345 3609 358 3655 ΙΙ
374 3611 414 3644 28
438 3606 618 3642 Γαλατίας
638 3626 680 3631 -
695 3606 935 3648 Πακατιανῆς]
960 3607 1122 3650 discrepat
1146 3618 1165 3642 ς
1187 3606 1198 3651 ΙΙ

126 3656 347 3698 καπατιανῆς
371 3656 421 3689 B‘
449 3653 462 3700 ss
489 3657 527 3688 31
558 3653 618 3695 τῆς
641 3650 785 3692 τάξεως]
811 3651 956 3684 officium
983 3662 1002 3687 ς
1031 3651 1043 3694 ΙΙ
1069 3653 1112 3686 32
1136 3654 1196 3686 ἐπὶ

127 3703 322 3748 Hombequ]
348 3701 387 3735 ἐκ
408 3701 485 3736 libri
502 3698 516 3746 ΙΙ
544 3695 687 3735 τούτων
711 3711 769 3732 om.
783 3708 803 3735 ς
827 3695 841 3743 ΙΙ
868 3698 909 3732 33
932 3696 1011 3731 τῶν
1035 3703 1108 3732 ante
1130 3697 1196 3732 νῦν

1094 3347 1198 3370 επτος
1230 3335 1233 3351 ¹

1230 2976 1235 3042 Ι
1268 2988 1326 3009 om.
1341 2976 1392 3008 La
1409 2975 1422 3019 ΙΙ
1437 2971 1522 3019 ἡμῖν
1546 2974 1592 3008 Μ
1608 2974 1620 3018 ΙΙ
1646 2977 1688 3008 34
1714 2974 1985 3019 μεταβαλούσης
2006 2978 2037 3010 L
2056 2977 2068 3020 ss
2085 2973 2258 3018 αὐτόθεν]
2284 2978 2346 3010 hoc

1267 3021 1374 3063 ipsum
1397 3032 1416 3057 ς
1434 3020 1446 3064 ΙΙ
1463 3023 1504 3054 35
1529 3019 1670 3061 οἰκείας]
1695 3016 1843 3066 ἀρχαίας
1866 3022 1917 3054 B‘
1932 3021 1945 3066 ΙΙ
1971 3024 2014 3056 36
2038 3020 2080 3055 τὸ
2105 3019 2193 3055 αὐτὸ
2218 3023 2302 3055 LB⁶

1313 3157 1332 3189 2
1357 3155 1498 3196 contigit
1520 3154 1571 3187 R²
1596 3153 1609 3200 ΙΙ
1634 3156 1653 3188 3
1679 3155 1822 3196 quodam
1845 3155 1894 3188 13¹
1924 3154 1937 3200 ΙΙ
1963 3158 1986 3190 4
2006 3156 2255 3199 prouintiarum
2285 3156 2345 3201 Vl!

1267 3201 1450 3233 necessario
1463 3201 1549 3244 vuly.
1569 3198 1582 3244 ΙΙ
1599 3203 1618 3233 5
1642 3202 1777 3242 propter
1790 3202 1876 3233 hanc
1888 3201 2072 3233 nouitatem
2086 3201 2120 3235 Τ
2127 3202 2211 3245 vulq.
2225 3201 2316 3240 (Gr.)
2334 3204 2346 3244 n

1268 3247 1288 3280 6
1312 3246 1396 3278 sedis
1429 3244 1486 3289 Vn
1509 3244 1766 3288 appellationem
1799 3246 1833 3279 V
1849 3245 1861 3291 ΙΙ
1889 3247 1909 3279 9
1934 3246 2101 3279 ministret
2128 3246 2272 3280 Beckius
2287 3245 2299 3290 ΙΙ
2317 3247 2346 3278 si

1267 3291 1347 3332 quid
1372 3290 1417 3331 R]
1443 3290 1515 3322 siue
1538 3289 1667 3332 aliquid
1702 3291 1731 3322 V
1748 3293 1832 3334 vulq.
1861 3290 1873 3336 ΙΙ
1906 3293 1947 3325 14
1970 3291 2096 3323 iudices
2121 3291 2169 3324 R*
2198 3292 2211 3334 ΙΙ
2239 3291 2346 3324 civilis

1267 3337 1366 3379 vuly.]
1396 3334 1514 3367 ciuiles
1542 3335 1612 3368 RT
1643 3334 1744 3368 ciuile
1773 3336 1807 3369 V
1827 3335 1839 3381 ΙΙ
1873 3339 1911 3370 15
1940 3336 2220 3370 &ministrationes
2250 3336 2298 3369 R·
2334 3335 2346 3381 ΙΙ

1271 3383 1309 3415 16
1334 3381 1544 3413 ministrante
1567 3380 1619 3421 R]
1655 3380 1908 3414 administrante
1941 3382 1976 3414 V
1992 3382 2077 3424 vulq.
2106 3380 2119 3426 ΙΙ
2152 3383 2192 3416 18
2216 3392 2345 3415 sacrum

1266 3427 1299 3460 R
1318 3424 1330 3470 ΙΙ
1345 3425 1485 3467 figuram
1500 3424 1578 3469 1³21!
1599 3427 1639 3459 19
1663 3427 1696 3458 et
1720 3439 1776 3459 om.
1794 3427 1826 3458 R
1841 3426 1853 3471 ΙΙ
1872 3425 2049 3459 veniebant
2066 3428 2152 3470 vulq.
2169 3424 2183 3471 Ι]
2202 3428 2243 3461 20
2267 3431 2346 3460 sunt

1267 3484 1324 3504 om.
1358 3471 1391 3504 V
1410 3470 1423 3514 ΙΙ
1453 3471 1495 3503 23
1519 3469 1740 3503 ministerium
1765 3473 1797 3504 in
1821 3483 1887 3503 ras.
1921 3471 1970 3505 V²
1996 3470 2009 3516 ΙΙ
2040 3472 2082 3505 25
2107 3471 2196 3513 quod
2220 3473 2254 3506 in
2278 3486 2344 3506 ras.

1275 3516 1324 3549 V²
1340 3515 1352 3559 ΙΙ
1371 3516 1531 3547 ducorum
1562 3515 1597 3549 V
1619 3514 1631 3560 ΙΙ
1660 3517 1818 3548 Ponticae
1845 3517 2036 3556 Heimbach]
2059 3516 2195 3561 pontica
2219 3518 2297 3552 libri
2331 3515 2344 3563 ss

1268 3563 1308 3594 27
1335 3560 1632 3593 administrationis
1655 3561 1763 3595 RVT
1776 3562 1788 3603 n
1804 3563 1846 3595 28
1870 3561 1972 3603 gallie
1991 3562 2022 3594 R
2038 3559 2051 3606 ΙΙ
2064 3561 2161 3595 χαὶίιιᾶ
2182 3562 2226 3604 V]
2251 3562 2345 3595 aliud

1264 3604 1850 3692 attrita&
1878 3606 2344 3695 39..‘÷¹31‘}z¹31052¹3]³3155553

1266 3697 1298 3730 R
1314 3696 1327 3742 n
1346 3698 1387 3732 36
1412 3695 1472 3730 ubi
1496 3696 1540 3740 R]
1564 3695 1613 3731 ibi
1644 3696 1770 3743 Vvulq.
1789 3695 1803 3743 ΙΙ
1817 3695 1891 3731 solu
1923 3697 1958 3733 V
