2618 4010
100 180 102 182 ,
144 153 452 188 cAPPAnocun
1225 134 1305 183 231
1977 134 2085 178 Nov.
2117 133 2244 176 XXX
2274 135 2312 177 7.
2344 133 2369 175 8

141 256 205 289 τοῦ
239 257 300 289 καὶ
335 254 357 298 ἦ
393 251 500 296 λοιπὴ
534 251 718 298 θεραπεία
753 249 1048 296 ἆνθυπατιανῶν
1085 264 1126 286 τε
1160 253 1220 285 καὶ
1289 248 1527 295 provinciam,
1560 250 1604 283 ret
1634 257 1796 283 assessor
1828 246 1903 283 eius
1938 250 1973 282 et
2003 246 2178 292 reliquum
2209 245 2367 281 ministe-

141 301 383 347 στρατιωτῶν
413 301 472 333 καὶ
504 297 539 331 εἴ
565 310 602 332 τι
631 296 772 331 τούτοις
806 293 945 332 ἅπασιν
975 297 1150 332 οἰκετικόν
1180 309 1220 331 τε
1288 295 1380 330 rium
1416 292 1726 340 proconsularium
1763 295 1799 327 et
1833 292 1984 327 militum
2020 296 2055 327 et
2088 293 2117 328 si
2154 290 2250 337 quod
2281 291 2369 327 talia

138 348 199 380 καὶ
232 346 272 379 έν
299 341 502 391 ὑποζυγίοις
532 344 674 377 ἕπεται·
709 340 868 389 ἀνάγκην
900 341 1070 385 ἐχόντων,
1101 339 1217 376 καθά·
1287 340 1406 376 omnia
1430 338 1609 375 servitium
1633 341 1696 374 aut
1718 338 1755 372 in
1779 338 1945 373 iumentis
1970 338 2146 383 sequitur;
2172 337 2366 372 necessita-

140 403 208 437 περ
231 389 392 426 εἰπόντες
416 388 595 434 ἔφθημεν,
619 388 697 422 τῶν
713 389 966 434 στρατιωτῶν,
989 391 1049 422 καὶ
1073 387 1110 422 εἴ
1127 398 1222 422 τινες
1290 390 1363 422 tem
1392 384 1624 428 habentibus,
1659 383 1754 419 sicut
1784 383 2041 427 praediximus,
2073 383 2242 418 militibus
2278 387 2313 418 et
2337 382 2368 417 si

139 434 232 470 κατὰ
255 433 336 470 τοὺς
358 431 490 469 τόπους
512 434 643 476 ἔχουσι,
674 431 854 479 σχολάριοι
884 433 993 476 τυχὸν
1016 432 1038 477 ἢ
1061 431 1222 478 δομέστι-
1259 436 1278 468 5
1293 431 1356 477 qui
1378 441 1443 476 per
1466 430 1548 466 loca
1570 429 1736 465 habitant
1759 428 1925 464 scholarii
1948 428 2072 463 forsan
2099 430 2161 463 aut
2182 427 2367 463 domestici

139 494 211 524 κοι,
241 483 314 515 τοῖς
337 476 554 526 ἐπιτάγμασι
578 478 784 514 πείθεσθαι
813 482 887 514 τοῖς
911 476 1037 522 αὐτοῦ,
1068 477 1136 513 τὸν
1159 480 1219 513 ἐπὶ
1288 476 1490 523 praeceptis
1522 474 1690 511 oboedire
1723 473 1817 515 eim,
1854 474 1890 508 in
1924 473 2063 518 cingulo
2099 478 2135 508 et
2166 474 2366 508 substantia

138 527 183 569 τῆ
220 522 320 572 ζώνῃ
354 528 414 558 καὶ
450 526 495 572 τῇ
531 527 718 571 περιουσίᾳ
749 521 920 558 κίνδυνον
952 521 1219 569 εὐλαβούμενοι.
1288 522 1486 568 periculum
1509 519 1752 557 formidantes.
1802 519 1939 553 Damus
1964 519 2057 553 enim
2076 519 2108 554 ei
2128 519 2305 554 licentiam
2330 521 2367 553 et

139 562 288 615 δῗδομεν
306 570 375 618 γὰρ
395 566 495 614 αύτῷ
515 572 722 616 παρρησίαν
742 573 801 603 καὶ
821 568 952 613 ταύτης
971 567 1098 604 αὐτοὺς
1115 567 1218 614 ἀφαι-
1287 569 1358 603 hac
1381 577 1443 603 eos
1467 567 1624 612 privare,
1657 565 1727 601 nisi
1758 564 1814 599 his
1848 574 1938 608 quae
1962 564 2008 598 ab
2034 574 2074 599 eo
2099 564 2366 609 praecipiuntur

138 616 304 663 ρεῖσθαι,
335 616 366 649 εἰ
396 614 446 660 μὴ
473 618 547 649 τοῖς
576 612 642 650 ὑπ’
670 611 779 649 αὐτοῦ
810 610 1130 661 προςταττομένοις
1152 614 1217 649 ὑπ·
1288 612 1494 656 oboediant,
1524 622 1566 647 eo
1592 610 1687 656 quod
1708 610 1869 646 volumus
1900 609 1995 644 hanc
2025 609 2366 644 administrationem

139 664 310 708 ουργοῖεν,
336 657 429 695 διότι
452 658 663 705 βουλόμεθα
682 659 749 694 τὸν
769 659 836 703 τὴν
855 657 967 707 ἀρχὴν
984 662 1114 702 ἔχοντα
1134 659 1216 693 ταύ-
1234 662 1274 694 10
1287 658 1478 693 habentem
1511 656 1705 693 terribilem
1740 657 1776 691 et
1807 654 2038 690 reverendum
2074 655 2242 690 subiectis
2280 665 2364 689 con-

138 720 206 750 την
225 705 383 753 φοβερόν
402 718 443 740 τε
466 709 525 739 καὶ
546 703 732 750 αἰδέσιμον
755 708 829 739 τοῖς
847 701 1016 748 ὑπηκόοις
1039 702 1218 738 καθεστά-
1288 703 1425 739 sistere.
1472 702 1617 738 Etenim
1640 702 1672 738 si
1696 701 1780 746 quid
1809 700 1908 736 miles
1940 704 2004 735 aut
2027 700 2366 744 proconsularianus

137 765 209 787 ναι.
256 754 316 785 καὶ
347 750 415 798 γὰρ
446 752 480 785 εἴ
508 765 544 785 τι
575 748 800 797 στρατιώτης
835 747 857 793 ἢ
889 748 1164 785 ἀνθυπατιανὸς
1195 745 1218 792 ἢ
1287 752 1350 784 aut
1374 748 1549 784 scholaris
1573 751 1636 783 aut
1654 747 1869 783 domesticus
1889 745 2077 781 occasione
2098 749 2367 790 praeceptorum

137 795 320 843 σχολάριος
350 793 372 840 ἢ
405 794 609 841 δομέστικος
641 793 819 850 προφάσει
851 796 930 830 τῶν
959 793 1218 842 ἐπιταγμάτων
1287 794 1363 829 eius
1395 793 1702 829 damnificaverint
1733 796 1893 827 nostrum
1926 791 2143 833 collatorem,
2176 790 2244 826 hoc
2271 800 2365 824 com-

137 843 216 877 τῶν
248 840 356 876 αὐτοῦ
387 841 577 885 ζημιώσειε
606 840 673 876 τὸν
702 843 873 887 ημέτερον
900 837 1074 883 ὑποτελῆ,
1109 841 1217 874 τοῦτο
1286 842 1412 884 petens
1443 843 1498 874 est
1530 849 1609 874 eum
1642 849 1685 873 ex
1716 838 1810 873 illius
1847 837 1998 872 annonis
2029 837 2174 881 proprio
2206 835 2367 881 periculo

137 884 313 934 προςῆκόν
334 889 434 921 ἐστιν
452 886 563 922 αὐτὸν
587 888 626 921 ἐκ
648 887 726 921 τῶν
744 888 878 920 ἐκείνου
900 885 1079 929 σιτήσεων
1097 885 1216 928 οἰκείῳ
1233 888 1272 920 15
1286 884 1542 929 percipientem
1558 883 1690 919 mederi
1707 884 1862 919 laesum:
1884 892 1999 927 neque
2019 883 2203 927 permittet
2224 881 2367 926 penitus

138 929 295 976 κινδύνῳ
314 931 476 977 λαβόντα
493 933 720 979 θεραπεῦσαι
736 929 803 966 τὸν
820 927 1044 975 ἠδικημένον.
1078 928 1118 964 οὗ
1135 942 1216 976 συγ·
1287 930 1400 965 ullum
1420 939 1487 965 nec
1506 930 1591 964 hinc
1610 929 1824 965 venientium
1841 927 1982 963 laedere
1998 929 2140 963 nostros
2162 928 2366 962 collatores.

136 976 290 1023 χωρήσει
314 992 352 1012 τε
376 977 565 1013 παντελῶς
588 975 707 1011 οὐδενὶ
735 974 818 1010 οὐδὲ
840 977 918 1010 τῶν
942 976 1116 1010 ἐντεῦθεν
1140 988 1215 1021 φοι-

136 1023 161 1058 3
207 1021 364 1057 πάντων
387 1019 524 1058 ἀδικεῖν
557 1022 637 1057 τοὺς
668 1018 854 1067 ἡμετέρους
876 1018 1067 1055 ὑποτελεῖς.
1112 1018 1216 1054 Ἀλλὰ
1284 1020 1310 1057 3
1357 1019 1427 1055 Sed
1463 1019 1570 1055 etiam
1604 1019 1831 1064 publicorum
1866 1018 2075 1054 veredorum
2114 1028 2259 1053 cursum
2290 1015 2368 1051 sine

137 1071 197 1102 καὶ
221 1067 287 1102 τὸν
310 1069 388 1103 τῶν
413 1066 598 1114 δημοσίων
627 1067 754 1102 ἵππων
784 1064 920 1111 δρόμον
944 1064 1217 1113 ἀνεπηρέαστον
1286 1066 1473 1101 vexatione
1493 1065 1664 1108 servabit3
1687 1064 1776 1099 nihil
1796 1064 1888 1099 enim
1911 1063 2105 1109 excipimus
2122 1061 2368 1098 iurisdictione

137 1112 301 1159 φυλάξει·
341 1111 445 1148 οὐδὲν
467 1112 536 1160 γὰρ
568 1112 778 1159 ἐξαιροῦμεν
808 1112 869 1154 τῆς
892 1109 1134 1145 δικαιοδοσίας
1155 1111 1217 1154 τῆς
1231 1113 1273 1145 20
1287 1112 1373 1146 eius.
1421 1110 1471 1144 Et
1496 1110 1526 1145 si
1550 1110 1628 1155 quis
1653 1120 1698 1145 ex
1722 1119 1945 1155 quocumque
1976 1109 2054 1144 foro
2078 1108 2124 1143 ad
2148 1107 2368 1153 provinciam

138 1157 258 1193 αὐτοῦ.
306 1161 366 1192 καὶ
402 1158 439 1192 εἴ
464 1170 518 1193 τις
551 1159 629 1192 τῶν
665 1157 703 1197 ἐξ
738 1154 950 1199 οἱουδήποτε
985 1154 1215 1203 δικαστηρίου
1285 1155 1503 1191 venientium
1535 1155 1679 1190 laeserit
1713 1161 1750 1190 et
1779 1155 1876 1190 ultra
1906 1164 2013 1199 quam
2046 1155 2279 1190 constitutum
2314 1155 2368 1187 est

136 1203 226 1249 πρὸς
248 1202 315 1247 τὴν
338 1202 462 1259 ζώραν
486 1201 704 1248 φοιτώντων
727 1199 867 1245 ἀδικοίη
898 1204 957 1236 καὶ
981 1199 1072 1249 ὑπὲρ
1095 1202 1138 1236 τὸ
1161 1214 1216 1235 τε-
1286 1201 1453 1246 exegerit,
1477 1201 1573 1236 hunc
1597 1200 1797 1245 castigabit.

136 1251 317 1296 ταγμένον
338 1252 527 1291 απαιτοίη,
551 1249 683 1282 τοῦτον
706 1245 966 1292 μετελεύσεται.

1096 1337 1254 1373 CAPUT
1279 1337 1375 1374 VIII.

187 1397 358 1442 Φροντιεῖ
387 1392 427 1429 δὲ
453 1397 513 1429 καὶ
544 1395 606 1437 τῆς
629 1393 767 1430 πόλεως
796 1397 856 1428 καὶ
880 1395 959 1429 τῶν
982 1393 1215 1439 καλουμένων
1330 1394 1461 1429 Curam
1484 1393 1632 1429 habebit
1656 1395 1774 1428 autem
1805 1395 1841 1427 et
1865 1392 2018 1428 civitatis
2051 1394 2087 1427 et
2109 1391 2368 1426 frumentorum

134 1442 341 1475 σιτωνικῶν
364 1443 423 1475 καὶ
447 1440 526 1474 τῶν
548 1441 668 1487 ἔργων
687 1440 766 1474 τῶν
791 1437 908 1483 αὐτῆς,
932 1443 991 1474 καὶ
1016 1452 1214 1487 παρασκευ-
1229 1443 1270 1475 25
1285 1439 1547 1485 appellatorum
1571 1442 1607 1474 et
1630 1449 1776 1483 operum
1803 1438 1888 1480 eius,
1919 1441 1955 1473 et
1978 1439 2147 1482 procuret
2171 1436 2367 1472 secundum

134 1483 214 1520 άσει
235 1485 328 1520 κατὰ
351 1484 419 1520 τὸν
439 1482 611 1531 ἡμέτερον
634 1483 747 1530 νόμον
766 1483 1040 1533 συγγράφεσθαι
1060 1484 1143 1520 τοὺς
1161 1484 1214 1520 λο-
1284 1489 1446 1520 nostram
1480 1485 1594 1528 legem
1632 1484 1811 1520 conscribi
1846 1484 2034 1519 ratiocinia
2074 1486 2110 1517 et
2145 1481 2298 1526 expendi
2331 1484 2368 1516 et

133 1530 277 1579 γισμους
309 1533 369 1565 καὶ
401 1528 643 1566 δαπανᾶσθαι
673 1533 733 1564 καὶ
756 1529 803 1565 τὰ
824 1529 1001 1575 ταμειακά
1031 1533 1091 1564 καὶ
1115 1529 1214 1566 πολι·
1286 1540 1378 1576 quae
1414 1530 1545 1566 aerarii
1580 1533 1665 1566 sunt
1700 1532 1737 1564 et
1773 1529 1900 1564 civilia.
1948 1529 1997 1564 Et
2030 1528 2085 1563 vel
2116 1527 2147 1563 si
2178 1537 2284 1572 quem
2312 1526 2366 1561 in-

133 1574 224 1612 τικά.
272 1579 345 1610 Καὶ
377 1576 413 1610 εἴ
438 1589 523 1611 τινα
555 1573 651 1623 εὕροι
683 1574 827 1611 τούτων
857 1577 937 1610 τῶν
959 1575 1022 1611 τὰς
1046 1575 1216 1620 συνήθεις
1285 1575 1421 1612 venerit
1442 1575 1571 1611 horum
1604 1575 1664 1620 qui
1688 1575 1792 1620 quasi
1817 1575 1924 1610 solita
1954 1574 2139 1610 insinuant
2162 1574 2366 1618 praecepta,

135 1620 252 1666 δῆθεν
275 1624 443 1669 ἐμφανεῖς
466 1619 740 1656 καθιστώντων
759 1621 974 1668 προςτάξεις,
997 1617 1055 1656 ὅτι
1074 1633 1128 1656 τις
1149 1620 1214 1667 ἀφ·
1284 1622 1340 1657 vel
1364 1621 1448 1666 quia
1480 1621 1591 1666 aliqui
1619 1620 1736 1666 privat
1767 1621 1869 1665 aquis
1903 1620 2158 1664 aquaeductus,
2191 1620 2255 1653 aut
2279 1628 2367 1663 quo-

135 1671 289 1713 αιρεῖται
310 1668 374 1702 τοῦ
406 1664 537 1701 ὕδατος
563 1667 645 1701 τοὺς
667 1663 800 1708 ὁλκούς,
831 1664 853 1709 ἢ
877 1664 977 1702 ὅπως
999 1665 1045 1702 τὰ
1068 1670 1150 1715 περὶ
1173 1666 1216 1702 τὸ
1228 1670 1271 1702 30
1283 1667 1390 1703 modo
1416 1676 1508 1712 quae
1540 1666 1637 1702 circa
1661 1676 1781 1702 muros
1812 1669 1896 1701 sunt
1921 1666 2131 1707 consistunt,
2165 1668 2228 1698 aut
2253 1663 2283 1698 si
2307 1662 2368 1708 qui

133 1716 245 1756 τεῖχος
269 1710 486 1754 διάκεινται,
519 1709 542 1756 ἢ
564 1712 599 1746 εἴ
625 1724 721 1747 τινες
751 1713 820 1746 εἰσὶ
850 1716 1003 1759 γέφυραι
1031 1712 1126 1747 κατὰ
1148 1711 1216 1756 τὴν
1285 1716 1369 1748 sunt
1392 1716 1520 1758 pontes
1543 1712 1580 1747 in
1605 1711 1790 1757 provincia
1822 1715 1858 1747 et
1880 1711 1958 1746 viae
1982 1719 2242 1756 quaecumque,
2276 1711 2313 1743 et
2337 1708 2368 1743 si

132 1759 257 1806 χώραν
279 1756 361 1792 ὁδοί
389 1770 430 1792 τε
456 1754 556 1801 ὅσαι,
588 1760 648 1791 καὶ
679 1758 715 1791 εἴ
742 1769 796 1792 τις
827 1756 914 1801 ἄλλη
943 1757 1093 1801 τοιαύτη
1124 1757 1216 1792 κατὰ
1284 1767 1357 1803 qua
1387 1757 1461 1793 alia.
1491 1757 1693 1793 huiusmodi
1726 1757 1809 1793 olim
1841 1757 1933 1792 male
1965 1756 2139 1801 disposita
2171 1754 2367 1790 constituta

132 1802 175 1838 τὸ
199 1801 311 1840 πάλαι
335 1804 452 1837 κακῶς
475 1800 778 1848 πολιτευσάμενον
797 1803 1002 1846 καθέστηκε
1022 1803 1213 1849 πρόφασις,
1283 1802 1373 1849 (est)
1397 1803 1550 1846 occasio,
1582 1806 1617 1838 et
1648 1803 1746 1838 hunc
1779 1803 1894 1838 eicere
1926 1802 2068 1838 omnino
2099 1801 2198 1836 foras
2223 1800 2364 1845 provin-

133 1852 192 1883 καὶ
212 1850 344 1884 τοῦτον
363 1845 533 1883 ἀπελάσει
552 1848 700 1884 πάντως
722 1850 783 1892 τῆς
802 1847 930 1896 χώρας,
955 1846 996 1883 οὐ
1017 1849 1215 1896 συγχωρῶν
1285 1849 1386 1892 ciam,
1405 1859 1479 1885 non
1495 1849 1702 1894 permittens
1725 1858 1804 1883 eum
1823 1858 1940 1892 neque
1958 1847 2141 1882 insinuare
2161 1844 2369 1880 huiusmodi

134 1891 233 1938 αὐτῷ
272 1892 354 1929 οὔτε
388 1894 529 1939 ἐμφανῆ
562 1891 734 1938 τοιαύτην
770 1892 1077 1937 καταστήσασθαι
1112 1892 1213 1941 πρός·
1228 1897 1270 1930 35
1284 1894 1573 1940 praeceptionem
1596 1904 1662 1930 nec
1685 1895 1828 1929 lucrum
1852 1892 1997 1938 aliquod
2021 1893 2163 1938 penitus
2183 1891 2265 1926 inde
2285 1900 2366 1936 per-

133 1939 240 1980 ταξιν
276 1938 359 1974 οὔτε
390 1937 511 1986 κέρδος
539 1952 577 1974 τι
605 1938 794 1974 παντελῶς
829 1940 973 1974 ἐκεῖθεν
1002 1938 1137 1984 λαβεῖν.
1186 1939 1216 1974 εἰ
1286 1940 1415 1985 cipere.
1468 1939 1507 1975 Si
1537 1939 1631 1975 enim
1663 1939 1841 1985 quandam
1875 1939 2099 1984 perspexerit
2135 1936 2276 1982 quidem
2311 1935 2366 1971 in-

133 1983 202 2032 γάρ
226 1998 309 2019 τινα
332 1982 539 2029 συνίδοιμεν
562 1986 722 2030 ἐποψίαν
744 1985 933 2032 γενέσθαι,
956 1983 1096 2028 ταύτην
1120 1982 1217 2030 ἡμεῖς
1286 1985 1506 2031 spectionem
1530 1985 1620 2027 fieri,
1645 1985 1739 2020 hanc
1759 1995 1825 2020 nos
1846 1984 1963 2020 divino
1984 1983 2203 2029 pragmatico
2226 1985 2366 2017 utentes

134 2029 229 2074 θείῳ
251 2031 494 2077 πραγματικῷ
523 2030 701 2076 χρώμενοι
732 2028 837 2074 τύπῳ
863 2029 952 2076 πρὸς
975 2029 1042 2064 τὸν
1064 2029 1132 2074 τὴν
1156 2028 1216 2076 ἄρ·
1286 2034 1373 2076 typo
1391 2030 1437 2066 ad
1455 2041 1535 2066 eum
1556 2030 1616 2075 qui
1633 2030 1976 2065 administrationem
1992 2030 2087 2064 hanc
2102 2029 2211 2063 habet
2231 2031 2267 2062 et
2282 2031 2367 2062 tuae

133 2074 199 2119 χὴν
221 2077 352 2131 &tymari-a
380 2074 518 2119 ταύτην
548 2078 607 2109 καὶ
638 2077 692 2119 τῷ
725 2076 779 2119 σῷ
813 2078 896 2124 περὶ
919 2074 1062 2110 τούτων
1086 2073 1215 2122 θρόνῳ
1286 2077 1330 2111 de
1354 2076 1423 2111 hoc
1453 2076 1529 2112 sedi
1553 2075 1856 2111 communicantes
1889 2085 2034 2110 causam
2059 2073 2296 2118 disponimus,
2327 2074 2368 2106 ut

133 2133 361 2166 κοινουμενοι
384 2119 425 2155 τὸ
450 2121 597 2168 πρᾶγμα
622 2118 858 2165 διαθῆσομεν,
891 2117 979 2155 otim
1004 2119 1132 2165 μηδενὶ
1155 2119 1218 2155 τὰς
1230 2125 1273 2157 40
1286 2121 1376 2156 nulli
1398 2121 1490 2156 tales
1541 2122 1687 2156 ecuniae
1717 2121 1944 2156 collectiones
1975 2120 2216 2165 ingressibiles
2247 2121 2283 2153 et
2312 2117 2366 2151 in-

133 2163 302 2201 τοιαύτας
332 2163 354 2199 ἆ
378 2164 585 2213 γυρολογίας
614 2165 728 2211 βατός
756 2179 797 2200 τε
827 2169 887 2199 καὶ
914 2164 1126 2213 έπιδρόμους
1153 2167 1216 2212 ῥα·
1288 2166 1474 2202 cursibiles
1521 2166 1612 2201 acile
1635 2166 1734 2201 fiant.
1783 2165 1851 2210 Qui
1874 2170 1994 2200 autem
2025 2163 2367 2200 administrationem

135 2209 220 2246 δίως
250 2215 352 2258 γίνεσ
386 2225 432 2245 αι.
481 2210 500 2245 ὃ
530 2209 570 2245 δὲ
599 2210 668 2254 τὴν
696 2208 809 2256 ἀρχὴν
838 2212 933 2253 ἔχων
961 2209 1119 2254 μάλιστα
1147 2213 1215 2255 μὲν
1284 2211 1395 2246 habet
1423 2211 1576 2246 maxime
1608 2211 1749 2256 quidem
1779 2221 1844 2255 per
1867 2221 1906 2246 se
1936 2210 2055 2246 omnia
2075 2209 2298 2255 prohibebit;
2336 2208 2367 2243 si

134 2300 332 2343 iubeamus,
363 2304 397 2336 et
420 2311 583 2336 assessor
613 2300 690 2336 eius
719 2304 755 2335 et
784 2299 962 2345 reliquum
991 2299 1224 2334 ministerium
1256 2304 1292 2335 et
1345 2299 1636 2335 roconsularium
1667 2303 1705 2334 et
1733 2299 1884 2334 militum
1915 2303 1949 2334 et
1970 2300 2005 2334 si
2031 2299 2131 2345 quod
2158 2309 2220 2334 eos
2244 2309 2367 2333 omnes

135 2345 355 2392 mancipium
379 2345 437 2382 vel
457 2346 652 2381 iumentum
675 2344 859 2390 sequitur:
919 2345 1064 2379 uoniam
1087 2354 1229 2380 necesse
1253 2311 1395 2386 lzabssnt,
1426 2344 1534 2379 sicuti
1558 2344 1729 2386 discimus,
1761 2344 1890 2379 milites
1913 2349 1950 2379 et
1977 2344 2009 2379 si
2057 2344 2095 2379 ui
2126 2343 2192 2378 alii
2215 2343 2254 2377 in
2277 2342 2367 2378 locis

135 2390 210 2426 illis
232 2394 436 2433 versantur,
466 2389 642 2425 scholarii
660 2390 773 2469 [0⁷⁶oe
804 2389 861 2425 vel
915 2388 1094 2432 omestici‚
1119 2389 1332 2436 praeceptis
1351 2389 1429 2425 eius
1453 2389 1719 2435 obtemperare,
1752 2389 1790 2423 in
1814 2389 1960 2435 cinqulo
1985 2392 2019 2425 et
2064 2389 2143 2424 onis
2163 2388 2365 2434 periculum

136 2435 250 2472 veriti.
305 2434 444 2471 Damus
467 2435 560 2471 enim
583 2434 640 2470 illi
674 2434 842 2470 icentiam
874 2435 981 2470 etiam
1010 2433 1100 2469 haec
1129 2435 1175 2469 iis
1206 2434 1418 2480 auferendi,
1449 2434 1521 2469 nisi
1544 2434 1652 2469 iussis
1682 2434 1759 2469 eius
1784 2445 1932 2480 operam
1956 2434 2057 2476 dent,
2089 2433 2176 2480 quia
2199 2444 2279 2469 eum
2302 2433 2366 2479 qui

136 2481 388 2527 maqistratum
412 2479 507 2516 hunc
528 2480 623 2527 qerit
646 2483 681 2515 et
703 2479 929 2515 metuendum
962 2482 996 2515 et
1028 2479 1264 2515 venerabilem
1295 2479 1448 2515 subditis
1479 2490 1556 2515 esse
1584 2479 1758 2515 volumus.
1824 2478 1963 2515 Etenim
1994 2480 2030 2514 si
2051 2478 2140 2525 quid
2167 2478 2270 2513 miles
2292 2478 2365 2513 sive

163 2525 412 2562 roconsularis
440 2526 515 2562 sive
536 2524 742 2561 scholarius
770 2525 845 2561 sive
868 2524 1084 2560 domesticus
1107 2524 1251 2560 nomine
1273 2524 1527 2560 mandatorum
1558 2525 1635 2560 eius
1665 2535 1775 2559 unum
1800 2535 1850 2560 ex
1872 2524 2025 2560 subditis
2047 2524 2185 2560 nostris
2209 2523 2365 2566 laeserit,

129 2537 205 2607 {loc
221 2582 299 2618 par
322 2575 377 2607 est
398 2581 478 2607 eum
502 2582 552 2607 σω
573 2570 672 2605 illius
696 2570 851 2605 annonis
871 2570 1029 2616 proprio
1046 2569 1215 2622 periculo
1240 2570 1392 2615 auferre
1421 2574 1456 2606 et
1479 2569 1613 2606 mederi
1638 2570 1671 2604 ei
1694 2570 1757 2615 qui
1779 2569 1950 2604 iniuriam
1971 2580 2106 2616 passus
2128 2572 2191 2604 est.
2239 2568 2365 2614 Neque

135 2616 305 2663 cuiquam
337 2616 482 2652 omnino
513 2627 559 2651 ne
588 2626 714 2651 eorum
744 2615 886 2661 quidem
923 2615 986 2661 qui
1017 2614 1100 2650 lunc
1128 2614 1415 2661 proficiscuntur
1444 2614 1608 2650 subditos
1642 2620 1790 2650 nostros
1821 2615 1956 2650 iniuria
1988 2615 2141 2660 afficere
2171 2614 2362 2660 permittet.

134 2661 160 2698 3
206 2660 280 2697 Sed
295 2662 403 2697 etiam
426 2671 571 2697 cursum
592 2661 820 2707 publicorum
844 2671 1017 2707 equorum
1046 2660 1223 2696 illibatum
1254 2659 1452 2702 custodiet,·
1483 2659 1576 2699 nihil
1597 2660 1691 2695 enim
1715 2659 1759 2695 ab
1783 2661 1860 2695 eius
1879 2659 2128 2695 iurisdictione
2151 2659 2234 2695 exci
2261 2659 2362 2694 imus.

136 2706 187 2743 Et
215 2707 249 2742 si
278 2706 360 2753 quis
388 2717 513 2742 eorum
544 2707 611 2752 qui
636 2717 686 2742 ex
715 2705 969 2752 qualicumque
1000 2705 1133 2741 iudicio
1162 2706 1201 2740 in
1224 2705 1455 2751 provinciam
1486 2705 1642 2748 veniunt,
1672 2705 1843 2740 iniuriam
1873 2705 1995 2751 faciat
2017 2709 2054 2741 et
2075 2705 2174 2740 ultra
2198 2705 2211 2739 i
2267 2705 2366 2750 quod

136 2752 370 2788 constitutum
392 2756 448 2788 est
469 2751 608 2798 eoeiqat,
632 2751 671 2786 in
694 2762 773 2787 eum
798 2750 1067 2787 animadvertet.

270 2797 369 2834 VIII.
424 2795 631 2843 Prospiciet
653 2807 737 2832 vero
762 2796 900 2832 civitati
923 2807 1067 2842 quoque
1089 2801 1125 2832 et
1146 2795 1310 2831 sitonicis
1334 2806 1428 2841 quae
1451 2799 1629 2831 vocantur
1653 2795 1892 2842 operibusque
1916 2795 2002 2838 eius,
2036 2799 2075 2831 at
2101 2806 2145 2830 ue
2168 2794 2364 2830 secundum

137 2842 249 2889 leqem
273 2846 436 2878 nostram
464 2842 626 2878 rationes
646 2841 925 2889 perscribendas
955 2846 991 2878 et
1015 2845 1087 2877 tam
1114 2841 1267 2877 tamiaca
1296 2851 1405 2887 quam
1429 2840 1549 2876 civilia
1578 2840 1818 2876 consumenda
1842 2840 1991 2876 curabit.
2090 2844 2104 2875 t
2126 2841 2159 2875 si
2183 2851 2286 2886 quem
2310 2840 2364 2874 in-

137 2888 259 2924 veniat
281 2898 332 2924 ex
353 2887 400 2923 iis
423 2888 488 2934 qui
509 2887 638 2923 solitas
668 2886 753 2922 illas
781 2887 958 2922 iussiones
980 2887 1177 2929 insinuant,
1210 2886 1296 2932 quia
1321 2886 1402 2932 quis
1425 2896 1543 2931 aquae
1566 2885 1696 2921 ductus
1719 2890 1871 2929 avertat,
1903 2886 1958 2922 vel
1981 2897 2053 2931 quo
2082 2885 2121 2920 in
2147 2890 2246 2921 statu
2270 2885 2365 2920 muri

134 2933 225 2975 sint,
249 2933 306 2969 vel
328 2944 377 2968 an
402 2933 465 2979 qui
483 2935 617 2979 pontes
639 2933 714 2968 sint
735 2931 775 2967 in
796 2932 987 2978 provincia
1017 2936 1148 2978 quotve
1171 2931 1267 2973 viae,
1299 2930 1357 2966 vel
1377 2930 1409 2965 si
1441 2941 1515 2976 qua
1545 2930 1619 2965 alia
1650 2935 1703 2966 est
1727 2941 1838 2966 causa
1871 2931 1955 2966 talis
1977 2930 2172 2966 secundum
2204 2941 2247 2966 ea
2270 2941 2366 2976 quae

137 2978 223 3013 olim
250 2988 446 3024 perperam
474 2988 543 3013 usu
578 2977 781 3019 veniebant,
822 2976 918 3012 hunc
948 2988 1094 3023 quoque
1125 2977 1222 3013 omni
1251 2975 1358 3011 modo
1389 2986 1408 3011 e
1430 2974 1626 3027 provincia
1658 2975 1836 3022 expellet,
1875 2987 1990 3027 neque
2015 2976 2231 3022 permittens
2261 2975 2294 3011 ei
2325 2978 2367 3011 ut

138 3022 244 3059 talem
275 3022 469 3058 iussionem
499 3022 658 3058 insinuet
688 3033 803 3067 neque
833 3026 875 3057 ut
905 3022 1098 3067 quicquam
1129 3022 1274 3058 omnino
1308 3020 1402 3056 lucri
1433 3019 1517 3056 inde
1548 3020 1627 3055 acci
1653 3021 1716 3055 iata
1779 3020 1873 3056 Nam
1904 3031 1934 3056 si
1959 3020 2145 3066 placuerit
2176 3020 2279 3056 nobis
2311 3020 2364 3054 in-

136 3067 356 3113 spectionem
380 3066 563 3112 quandam
583 3067 683 3112 fieri,
714 3077 793 3102 eam
817 3077 885 3101 nos
907 3077 1014 3103 sacra
1033 3067 1267 3113 pragmatica
1290 3065 1477 3101 sanctione
1502 3065 1559 3100 usi
1582 3077 1605 3100 a
1653 3076 1744 3108 eum,
1775 3066 1838 3117 qui
1862 3065 2116 3112 maqistratum
2140 3065 2234 3101 hunc
2257 3065 2364 3111 qerit,

137 3122 217 3147 cum
247 3115 310 3147 tua
341 3122 485 3157 quoque
514 3111 598 3147 sede
628 3111 672 3147 de
695 3111 751 3147 his
780 3122 821 3147 re
844 3111 1118 3153 communicata,
1137 3112 1208 3158 ipsi
1238 3111 1484 3158 disponemus,
1517 3113 1559 3145 ut
1586 3110 1717 3145 nemini
1749 3110 1923 3146 eiusmodi
1952 3110 2130 3157 pecuniae
2153 3111 2365 3146 exactiones

132 3156 316 3205 proclives
335 3160 370 3192 et
388 3156 581 3203 expeditae
600 3161 729 3192 temere
745 3157 848 3202 fiant.
886 3155 925 3191 Is
945 3167 1029 3192 vero
1049 3157 1113 3202 qui
1131 3156 1384 3203 magistratum
1402 3155 1508 3202 qerit,
1529 3156 1690 3190 maxime
1705 3155 1849 3201 quidem
1861 3166 1936 3201 per
1950 3166 1989 3191 se
2009 3156 2131 3190 omnia
2147 3155 2364 3202 prohibebit,

187 3251 201 3282 1
227 3260 268 3282 τε
292 3248 394 3281 om.B
409 3247 422 3292 11
441 3249 460 3281 2
481 3245 619 3281 τούτοις
631 3248 722 3288 ΜΒ]
743 3245 918 3280 τοιούτοις
931 3248 983 3283 [ῖς
1001 3245 1013 3291 11
1028 3247 1215 3281 οἰκετικῶν
1330 3249 1349 3281 2
1372 3246 1671 3289 proconsularium]
1698 3246 1931 3279 eiussularium
1952 3247 1987 3281 V
2003 3246 2016 3291 11
2041 3248 2069 3280 si
2093 3258 2159 3290 quo
2180 3249 2214 3282 V
2229 3248 2242 3292 11
2271 3250 2291 3282 3
2315 3259 2364 3282 se-

140 3294 175 3328 B
193 3293 240 3338 115
263 3294 395 3335 ἔχουσι]
414 3293 482 3326 εἰσὶ
500 3294 687 3337 Hombequ
702 3293 783 3326 male
801 3291 850 3336 118
874 3288 997 3326 αὐτῶν
1016 3295 1216 3339 παρρησίας
1283 3293 1399 3334 quitur
1422 3293 1521 3335 vul9.]
1558 3291 1742 3332 requiritur
1775 3293 1853 3325 libri
1877 3291 1890 3336 11
1920 3293 1940 3325 7
1966 3292 2008 3334 ei]
2045 3292 2091 3326 eis
2123 3294 2158 3326 V
2186 3293 2256 3326 eius
2282 3294 2315 3327 T
2351 3291 2365 3338 fl

137 3339 189 3372 Lss
207 3338 255 3383 119
280 3340 540 3384 πραττομένοις
560 3338 597 3371 Β
612 3337 624 3383 11
646 3339 685 3372 12
711 3336 746 3371 εἴ
764 3349 800 3370 τι
820 3338 897 3371 dedi
914 3350 953 3371 ex
972 3338 1003 3378 ς]
1022 3336 1094 3371 εἴτε
1110 3339 1187 3372 libri
1283 3340 1303 3372 8
1328 3338 1401 3378 hac]
1426 3337 1507 3369 haec
1539 3337 1622 3369 Val.
1649 3335 1661 3381 11
1687 3336 1816 3379 priuari
1842 3337 1922 3371 libri
1936 3337 1949 3381 11
1981 3340 2020 3372 10
2045 3338 2228 3371 reuerenda
2253 3339 2287 3373 T
2313 3349 2364 3372 re—

138 3380 414 3418 ἀνθυπατιακὸς
439 3384 486 3417 Μ
501 3379 752 3417 ἀνθυπατικὸς
775 3382 845 3415 LB
863 3382 875 3424 11
893 3384 934 3416 14
958 3379 1128 3428 ὑμέτερον
1141 3383 1185 3416 Μ
1283 3382 1392 3415 uenda
1413 3381 1470 3425 711
1490 3383 1525 3415 11
1548 3381 1818 3423 proconsularius
1830 3383 1916 3426 vulq.
1936 3382 1948 3427 11
1967 3385 2007 3416 14
2028 3385 2077 3416 est
2090 3397 2147 3417 om.
2159 3384 2213 3426 711
2235 3386 2275 3418 15
2289 3394 2364 3427 per-

138 3425 258 3471 τούτφ
283 3429 319 3462 Β
346 3428 359 3473 11
393 3431 429 3462 17
455 3425 547 3470 οὐδὲ]
572 3424 677 3462 οὐδὲν
701 3428 736 3461 Β
765 3427 778 3471 11
806 3428 846 3461 25
872 3424 1116 3474 περὶσκευάσει
1139 3429 1171 3461 L
1204 3425 1210 3469 1
1283 3427 1389 3460 mittit
1411 3427 1489 3460 libri
1505 3426 1516 3470 11
1542 3427 1583 3460 18
1608 3426 1800 3460 ueridorum
1822 3428 1856 3460 V
1872 3427 2095 3461 uerendorum
2110 3429 2143 3462 T
2199 3431 2241 3462 19
2264 3430 2364 3463 iuris-

139 3475 182 3508 26
202 3473 326 3518 νόμον]
345 3475 422 3509 Cod.
437 3475 466 3516 1,
481 3479 555 3515 4,26
580 3473 592 3517 11
616 3470 658 3507 27
680 3474 740 3505 καὶ
754 3469 800 3524 τοὶ
814 3468 982 3506 πολιτικά
995 3473 1030 3506 Β
1047 3473 1060 3515 11
1082 3474 1124 3507 28
1144 3475 1215 3513 καὶ]
1284 3472 1463 3506 dictionem
1478 3472 1562 3505 Tal.
1580 3470 1594 3515 11
1611 3473 1653 3505 20
1674 3472 1702 3505 si
1723 3470 1850 3517 οηι.711
1867 3474 1909 3506 22
1929 3473 2100 3514 exegerint
2117 3474 2151 3507 V
2191 3475 2235 3509 24
2252 3477 2364 3508 autem

139 3517 207 3552 κᾶν
231 3520 288 3556 Bc
305 3518 377 3563 1129
402 3517 545 3563 πράξεις
569 3519 634 3552 LB
652 3517 664 3561 11
680 3513 748 3558 ὅτι]
773 3512 834 3550 ὅτε
858 3517 894 3550 Β
917 3517 970 3550 vel
994 3517 1073 3559 quia
1096 3520 1131 3559 (i.
1146 3531 1172 3552 e.
1193 3514 1216 3560 ἢ
1283 3516 1418 3550 habebit
1438 3517 1471 3550 Τ
1479 3517 1523 3550 al.
1542 3515 1554 3560 11
1571 3518 1614 3550 26
1638 3516 1745 3559 legem
1766 3520 1911 3550 nostram
1937 3518 2024 3552 Tal.
2044 3517 2057 3562 11
2074 3520 2116 3553 30
2140 3519 2168 3551 si
2189 3530 2255 3561 qua
2277 3520 2329 3554 Va
2353 3520 2364 3565 11

139 3558 211 3606 ὅτι)
235 3575 255 3601 ς
269 3563 284 3608 11
302 3566 345 3599 34
368 3560 542 3599 ἀπελάσει
560 3564 625 3607 M]
642 3560 823 3596 ἄπελᾶσαι
842 3563 933 3599 LBe
947 3561 960 3606 11
979 3564 1020 3596 35
1034 3575 1083 3607 sq.
1108 3559 1217 3597 *οὐδὲ
1284 3565 1323 3598 31
1339 3562 1467 3605 pontes]
1485 3564 1636 3604 potentes
1648 3565 1798 3604 potentes
1811 3564 1883 3604 (sic)
1900 3562 1958 3606 711
1974 3564 2016 3597 32
2033 3563 2119 3596 alius
2139 3564 2198 3607 711
2213 3565 2365 3608 deposita

140 3604 281 3642 -οὖδὲ
301 3609 380 3644 libri
394 3608 408 3655 ΙΙ
424 3612 466 3645 36
490 3611 538 3651 τι]
559 3610 614 3642 τίς
634 3609 665 3642 L
683 3607 695 3652 11
714 3609 753 3642 37
776 3604 994 3651 συνίδοιμεν]
1013 3609 1217 3651 perspexerit
1291 3606 1349 3652 711
1364 3607 1546 3640 constituta
1560 3607 1647 3648 libri]
1667 3607 1819 3640 constitit
1830 3608 1914 3651 vuly.
1937 3610 1984 3640 est
1998 3609 2117 3643 addidi
2129 3608 2143 3654 11
2161 3610 2205 3644 34
2224 3611 2363 3653 promit-

138 3653 275 3695 'quidem
296 3656 330 3696 (ἰ.
352 3667 378 3688 ε.
403 3651 543 3689 συνίδοι
565 3654 645 3698 μὲν)
668 3664 689 3692 ς
719 3652 733 3698 11
761 3654 804 3687 39
829 3654 911 3699 περὶ
935 3649 1063 3686 τούτου
1086 3649 1215 3700 θρόνῳ
1283 3655 1357 3686 tens
1377 3651 1493 3696 71136
1516 3652 1731 3695 perspexerit]
1755 3653 1783 3685 si
1805 3653 2011 3695 perspexerit
2030 3652 2086 3695 711
2115 3655 2310 3697 inspexione
2337 3656 2368 3690 V

141 3695 345 3742 κινούμενοι
369 3699 420 3734 Βο
1283 3696 1535 3740 inscriptionem
1550 3696 1584 3731 Τ
1596 3698 1609 3740 11
1626 3698 1668 3733 38
1693 3697 1813 3731 habeat
1825 3697 1961 3740 (habeut
1980 3699 2048 3740 V‘)
2069 3697 2123 3744 711
2143 3700 2184 3734 39
2211 3700 2363 3744 dispone·

1283 3752 1356 3776 xnus
1379 3743 1465 3787 vulq.
1485 3742 1500 3787 11
1526 3743 1564 3775 ut
1587 3742 1686 3787 only]
1711 3744 1743 3776 et
1767 3743 1845 3777 libri
1866 3742 1880 3788 11
1901 3744 1946 3778 42
1968 3742 2146 3787 prohibeat
2165 3745 2219 3779 V⁰
