2618 4010
151 131 208 164 m·
235 127 447 162 FALcnnA
1244 109 1269 157 9
2168 114 2276 159 Nov.
2306 113 2327 158 I
2354 118 2378 156 4

151 229 217 278 γὰρ
248 230 413 263 ἐνιαυτοῦ
441 223 526 274 παρ’
561 228 684 262 αἰτίαν
712 229 775 262 τοῦ
808 226 1024 273 κληρονόμου
1047 239 1099 261 πα
1125 224 1233 272 αδρα-

150 274 288 320 μόντος,
320 274 518 316 τηνικαῦτα
541 270 560 306 ὁ
589 275 656 316 μὲν
681 275 882 307 ἐκπεσεῖται
906 274 983 306 τῶν
1006 284 1098 306 κατα
1122 271 1232 315 ελειμ-

150 323 282 365 μένων,
313 320 428 365 ἕτεροι
459 316 499 351 δὲ
531 320 590 352 ἐπὶ
621 319 736 351 ταῦτα
762 314 916 359 ἥξουσιν,
941 314 998 350 οὓς·
1022 316 1233 362 εμπροσθεν
1302 319 1320 350 l
1368 317 1526 355 venient,
1563 326 1651 359 quos
1684 315 1784 358 prius
1816 316 2026 350 vocavimus.
2083 315 2231 359 l’upillis
2264 321 2382 350 autem

151 368 167 400 1
217 362 443 406 ἐκαλέσαμεν.
515 359 676 406 Ἀνήβοις
700 361 739 396 δὲ
762 361 783 405 ἢ
807 366 866 395 καὶ
890 361 1054 396 ἐλάττοσι
1078 362 1145 404 την
1162 358 1231 403 ἡλι-
1302 366 1336 394 et
1379 361 1573 395 minoribus
1610 365 1725 394 aetate
1769 360 1857 394 nihil
1893 364 2015 394 nostra
2057 360 2278 403 praeiudicat
2313 361 2379 395 lex.

151 414 233 444 κίαν
263 407 368 442 οὐδὲν
399 405 418 441 ὁ
450 405 533 454 παρ’
567 405 670 451 ἡμῶν
694 411 876 453 προκρίνει
901 405 1016 450 νόμος.
1064 419 1142 442 εστι
1166 406 1232 452 γαρ
1268 410 1286 440 5
1303 406 1370 440 Est
1393 407 1485 440 enim
1510 406 1571 446 eis,
1597 405 1626 439 si
1651 405 1734 448 quid
1758 405 1864 438 etiam
1889 405 2080 438 secundum
2107 405 2219 439 dictas
2236 416 2258 439 a
2278 406 2381 439 nobis

152 453 280 494 αὐτοῖς,
305 453 341 486 εἴ
358 466 394 486 τι
418 451 510 485 κατὰ
525 451 587 486 τὰς
610 453 794 496 εἰρημένας
818 452 901 505 ημῖν
920 454 1037 485 αἰτίας
1053 452 1231 495 βλαβεῖεν,
1302 461 1429 485 causas
1453 450 1649 492 laedantur,
1676 450 1805 494 duplex
1831 449 2006 493 quoddam
2031 450 2237 491 subsidium,
2263 455 2299 484 et
2319 461 2382 493 per

152 498 259 541 διπλῆ
282 509 334 531 τις
356 495 523 541 βοήθεια,
549 501 607 530 καὶ
630 495 651 539 ἡ
671 496 730 530 διὰ
748 498 808 540 τῆς
828 496 1154 531 αποκαταστάσεως
1172 499 1231 529 καὶ
1300 496 1559 530 restitutionem
1590 497 1625 529 et
1655 505 1719 538 per
1748 495 1839 529 viam
1869 498 1994 528 contra
2025 495 2248 538 neglegentes
2279 505 2380 529 cura·

152 558 172 586 η
195 541 255 577 διὰ
277 545 338 585 τῆς
361 541 451 575 κατὰ
474 543 551 575 τῶν
571 540 880 586 έρρᾳθυμηκότων
903 540 1112 584 κηδεμόνων
1136 538 1229 575 ὁδοῦ.
1300 546 1408 575 tores.
1502 540 1583 574 Non
1609 545 1727 574 autem
1759 539 1953 583 excipimus
1978 549 1999 573 a
2023 539 2099 582 lege
2124 550 2237 582 neque
2262 545 2379 583 patro-

147 586 216 621 (h'm
248 588 457 634 ἐξαιροῦμεν
489 585 528 620 δὲ
562 589 624 620 τοῦ
659 585 769 631 νόμου
799 585 879 620 οὐδὲ
913 586 974 619 τὰς
1004 585 1233 630 πατρωνικὰς
1301 590 1407 620 natus
1433 585 1695 622 successiones:
1729 589 1765 618 et
1796 584 1847 620 ibi
1871 583 1963 618 enim
1987 584 2142 626 legitima
2167 585 2216 618 eis
2243 590 2382 619 servata

152 631 325 674 διαδοχάς.
377 631 513 665 κάκεῖσε
543 629 620 677 γάρ,
654 634 713 674 τῆς
744 636 893 675 νομίμης
917 629 1036 664 αὐτοῖς
1060 630 1402 675 φυλαττο-ὶοραήε
1443 641 1547 674 quam
1583 640 1647 664 nos
1683 629 1922 669 definivimus,
1958 628 2125 672 quicquid
2157 629 2251 663 ultra
2290 631 2383 663 hanc

151 681 255 723 μένης
285 681 428 722 μοίρας,
464 674 508 719 ἦν
539 675 635 721 ἡμεῖς·
666 675 895 720 διωρίσαμεν,
920 676 955 708 εἴ
973 688 1009 708 τι
1033 679 1125 721 πέρα
1149 674 1231 708 ταύ-
1302 676 1351 710 eis
1376 676 1540 709 relietum
1563 674 1672 709 fuerit
1701 677 1738 709 et
1761 673 1893 718 aliquid
1918 683 1940 707 a
1963 674 2099 708 libertis
2129 675 2232 717 petiti
2253 674 2382 708 fuerint

151 735 212 765 της
235 720 354 756 αὐτοὶ,Ι
385 721 647 767 καταλειφθείη
672 725 733 754 καί
754 735 789 754 τι
814 720 911 765 παρὰ
936 721 1013 753 τῶν
1038 718 1231 754 ἀπελευθέ-
1302 720 1353 754 illi
1386 721 1582 764 complere,
1617 719 1743 754 deinde
1775 730 1846 753 non
1878 718 2071 760 voluerint,
2103 718 2198 753 hunc
2224 719 2383 753 ordinem

151 782 227 814 ρων
258 767 443 809 αἰτηθεῖεν
475 769 602 801 ἐκεῖνοι
631 766 830 812 πληρῶσαι,
861 765 937 798 εἶτα
960 763 1009 807 μὴ
1033 763 1232 808 βούλοιντο,
1302 770 1423 799 tenere
1455 765 1631 799 sancimus
1671 774 1775 808 quem
1811 763 2021 798 incohantes
2053 773 2192 797 sacram
2225 768 2383 798 nostram

151 812 287 854 ταύτην
318 811 384 854 τὴν
416 810 520 851 τάξιν
551 815 694 858 κρατεῖν
723 811 961 853 θεσπίζομεν,
996 806 1109 854 ἤνπερ
1133 807 1231 852 ἀρχό-
1302 810 1394 844 hanc
1427 810 1714 844 constitutionem
1745 809 1914 849 diximus,
1946 809 1997 842 ita
2026 813 2066 842 ut
2096 808 2218 850 legalis
2245 809 2385 851 quidem

151 870 251 895 μενοι
277 858 336 899 τῆς
352 858 457 890 θείας
481 855 584 899 ημῶν
600 855 730 898 ταύτης
747 853 943 894 διατάξεως
959 854 1116 897 εἴπομεν,
1144 854 1230 887 cisra
1248 858 1285 888 15
1300 865 1383 898 pars
1424 857 1567 888 maneat
1605 855 1701 898 apud
1733 865 1793 889 eos
1828 864 1920 898 pura
1951 853 2102 894 talibus,
2135 854 2271 896 reliqua
2301 864 2383 887 vero

151 903 218 944 την
240 904 307 946 μὲν
330 900 483 945 νόμιμον
505 905 634 954 μοῖραν
657 903 777 944 με’νειν
800 897 890 944 παρ’
920 896 1036 932 αὐτοῖς
1060 898 1229 945 καθαρὰν
1298 900 1417 933 veniat
1441 899 1635 933 secundum
1659 900 1750 934 viam
1774 909 1796 933 a
1819 899 1921 933 nobis
1946 909 2040 932 nunc
2065 901 2226 941 apertam
2247 899 2283 931 in
2303 899 2383 932 tali-

152 949 228 980 τιῦν
252 944 439 986 τοιούτων,
471 959 517 979 τα
541 944 648 980 λοιπὰ
672 943 711 978 δὲ
734 944 907 990 ἔρχεσθαι
936 943 1025 988 πρὸς
1047 943 1114 986 τὴν
1139 942 1228 990 παρ)
1300 945 1386 983 bus,
1419 945 1571 978 maxime
1607 945 1773 988 quoniam
1809 944 1846 978 in
1880 944 1958 987 ipsa
1989 943 2032 977 de
2063 943 2139 977 iure
2171 947 2383 986 patronatus

152 991 254 1036 ἡμῶν
271 993 337 1025 νῦν
351 989 581 1036 ἀνεῳγμένην
600 992 659 1024 ἐπὶ
674 992 746 1023 τοῖς
763 987 936 1022 τοιούτοις
952 986 1050 1030 ὁδόν,
1073 986 1231 1032 μάλιστα
1300 989 1418 1032 posita
1443 999 1464 1022 a
1496 989 1598 1023 nobis
1626 989 1879 1024 constitutione
1909 988 1954 1022 ad
1986 988 2248 1022 similitudinem
2271 999 2384 1032 paene

153 1040 299 1081 ἐπείπερ
331 1039 391 1069 καὶ
422 1038 461 1068 ἐν
485 1034 574 1082 αὐτῇ
605 1036 649 1080 τῇ
680 1037 761 1079 περὶ
792 1035 870 1068 τῶν
900 1034 1146 1081 πατρωνικῶν
1177 1046 1231 1067 τε·
1301 1033 1324 1067 2
1371 1034 1604 1076 ingenuorum
1637 1034 1743 1068 etiam
1776 1034 1959 1068 libertates
1993 1033 2243 1068 ordinavimus.
2295 1033 2385 1075 Quia

155 1083 261 1125 θἐίση
286 1078 376 1126 παρ’
403 1076 506 1123 ἡμῶν
520 1078 679 1119 διατάξει
704 1077 792 1123 πρὸς
808 1076 983 1122 ὁμοίωσιν
1000 1076 1129 1120 σχεδὸν
1152 1080 1229 1112 τῶν
1244 1081 1285 1112 20
1299 1088 1381 1113 vero
1406 1078 1537 1121 duplex
1560 1078 1647 1123 (est)
1670 1081 1964 1113 testamentorum
1977 1078 2113 1118 modus,
2140 1078 2255 1112 autin
2271 1079 2382 1122 scrip-

153 1118 307 1173 εὐγενων
344 1128 403 1158 καὶ
442 1124 503 1157 τὰς
535 1122 813 1170 ἀπελευθερικας
845 1124 1021 1166 ἐτάξαμεν
1053 1121 1228 1165 διαδοχάς.
1298 1127 1372 1157 tam
1412 1123 1552 1157 delatus
1600 1123 1870 1168 dispositionem
1914 1128 1977 1157 aut
2018 1123 2054 1157 iu
2098 1134 2170 1157 non
2214 1124 2384 1168 scriptam

151 1172 176 1207 2
220 1168 362 1212 Ἐπειδὴ
387 1168 426 1202 δὲ
449 1166 594 1202 διπλοῦς
618 1171 718 1202 ἐστιν
741 1166 759 1201 ὁ
777 1169 855 1201 τῶν
873 1167 1066 1211 διαθηκῶν
1093 1167 1230 1215 τρόπος,
1302 1168 1538 1209 voluntatem,
1570 1167 1658 1202 haec
1683 1169 1802 1207 omnia
1826 1169 1986 1202 obtinere
2011 1169 2172 1202 similiter
2197 1171 2232 1202 et
2256 1179 2383 1203 secun-

155 1217 172 1258 '7'
197 1217 243 1249 εἰς
266 1216 445 1261 ἔγγραφον
470 1213 661 1259 φερόμενος
685 1212 921 1254 διατύπωσιν,
951 1211 972 1256 ἢ
995 1214 1044 1246 εἰς
1067 1212 1231 1259 ἄγραφον
1301 1214 1384 1247 dum
1408 1223 1558 1257 aequam
1583 1213 1865 1247 observationem
1890 1217 1926 1246 et
1949 1214 1986 1247 in
2010 1224 2080 1247 non
2106 1213 2251 1256 scriptis
2272 1217 2383 1248 testa-

151 1259 332 1304 p'mihyo‘w,
356 1260 471 1292 ταῦτα
495 1255 642 1293 ἅπαντα
666 1261 809 1305 κρατεῖν
824 1258 955 1302 ὁμοίως·
967 1261 1025 1291 καὶ
1050 1258 1142 1291 κατὰ
1165 1257 1232 1301 τὴν
1302 1258 1428 1293 mentis
1461 1262 1497 1292 et
1525 1258 1561 1292 in
1587 1258 1682 1292 omni
1706 1258 1831 1292 ultima
1854 1258 2036 1292 voluntate
2060 1258 2257 1301 sancimus,
2289 1262 2326 1293 et
2348 1259 2386 1292 iu

152 1307 232 1347 ἴσην
255 1301 504 1351 παρατήρησιν
521 1307 580 1336 καὶ
595 1305 656 1338 ἐπὶ
673 1301 718 1350 ἀγ
741 1302 847 1348 άφων
871 1301 1063 1346 διαθηκῶν
1086 1306 1145 1336 καὶ
1171 1305 1230 1336 ἐπὶ
1245 1306 1285 1336 25
1300 1304 1396 1337 omui
1428 1313 1601 1347 persona,
1635 1303 1706 1337 sive
1735 1303 1874 1347 privata
1898 1303 1969 1337 sive
1993 1302 2137 1336 militari
2169 1303 2239 1337 sive
2265 1314 2384 1337 sacer-

151 1348 264 1391 πόισης
279 1348 483 1383 τελευταίας
501 1347 702 1393 βουλήσεως
718 1316 952 1392 ἓεσπίζομεν,
976 1351 1035 1381 καὶ
1051 1349 1111 1382 ἐπὶ
1129 1360 1230 1394 προς-
1301 1348 1411 1382 dotali
1441 1348 1514 1383 sive
1543 1348 1720 1392 imperiali
1750 1348 1823 1382 sive
1853 1348 1999 1382 alterius
2032 1347 2232 1382 cuiuslibet.
2282 1349 2384 1382 Com-

151 1393 252 1429 ιάπου
282 1393 417 1428 παντὸς
450 1395 520 1427 εἴτε
553 1392 732 1427 ἰδιωτικοῦ
766 1393 837 1427 εἴτε
867 1395 1130 1437 στρατιωτικοῦ
1163 1394 1234 1426 εἴτε
1303 1403 1446 1427 munem
1475 1403 1626 1437 namque
1657 1393 1694 1427 in
1724 1393 1887 1428 omnibus
1918 1392 2120 1427 hominibus
2150 1392 2243 1427 hanc
2272 1392 2385 1436 legem

151 1440 327 1486 ἱερατικοῦ
344 1439 415 1472 εἴτε
438 1438 624 1483 βασιλικοῦ
650 1439 721 1472 εἴτε
745 1439 865 1485 ἐτέρου
890 1439 965 1472 οἴου
985 1436 1130 1481 δήποτε.
1165 1452 1234 1471 κοι-
1304 1439 1480 1483 ponimus.

150 1485 215 1518 νον
246 1483 312 1530 γὰρ
345 1485 362 1516 έ
397 1481 406 1493 ’
440 1480 579 1519 ἅπασιν
610 1481 824 1531 ἀνθρώποις·
854 1485 985 1517 τοῦτον
1021 1482 1087 1517 τὸν
1118 1482 1231 1527 νόμον

150 1527 352 1572 ἀποτιθέμε
387 1542 419 1563 α.
1246 1532 1287 1564 30

195 1572 472 1619 <Ἐπίλογος.>
513 1575 632 1607 Ταῦτα
647 1570 744 1617 ἡμεῖς
759 1570 849 1619 ὑπὲρ
865 1575 927 1607 τοῖν
946 1574 1047 1620 κοινῇ
1071 1574 1160 1608 πᾶσι
1179 1573 1232 1607 λυ-

151 1618 373 1653 σιτελοῦντος
395 1616 610 1663 ἀνθρώποις
633 1617 851 1674 ἐγράψαμεν,
876 1621 934 1651 καὶ
952 1615 1052 1653 ὅπως
1067 1616 1113 1652 ἂν
1137 1619 1175 1652 οἵ
1194 1632 1234 1652 τε
1303 1623 1442 1663 prosmt
1466 1619 1687 1660 hominibus,
1712 1618 1783 1652 scri
1811 1619 1938 1659 simus,
1970 1621 2146 1662 quatenus
2170 1622 2206 1652 et
2229 1619 2386 1653 viventes

152 1666 284 1703 ζῶντες
307 1665 384 1697 τῶν
408 1663 742 1707 καταλελειμμένων
765 1661 983 1698 απολαιίοιεν
1001 1664 1039 1696 οἵ
1054 1677 1094 1697 τε
1117 1663 1231 1697 τελευ-
1302 1664 1435 1698 relictis
1460 1664 1645 1707 potiantur
1669 1666 1706 1697 et
1730 1663 1772 1697 de
1803 1663 1934 1697 cientes
1964 1674 2043 1697 cum
2066 1663 2259 1698 securitate
2279 1664 2386 1697 mori-

151 1711 285 1743 τῶντες
296 1705 379 1752 μετ’
400 1707 574 1752 εὐθυμίας
589 1706 799 1749 ἀπέλθοιεν,
814 1706 1053 1754 γινώσκοντες
1071 1705 1118 1742 ὠς
1137 1705 1155 1742 ὁ
1174 1707 1231 1742 νό-
1303 1713 1419 1751 antur,
1445 1709 1611 1749 scientes,
1641 1708 1723 1752 quia
1747 1709 1805 1742 lex
1828 1708 1879 1741 eis
1904 1708 2054 1752 sepultis
2079 1708 2184 1743 etiam
2207 1708 2385 1743 ministra-

150 1766 213 1798 μος
228 1751 345 1788 αὐτοῖς
358 1757 417 1786 καὶ
430 1756 602 1797 κειμένοις
613 1751 884 1800 ὑπηρετήσεται,
902 1756 961 1786 καὶ
977 1749 1068 1800 ἅπερ
1081 1750 1127 1787 ἂν
1145 1756 1227 1787 ἐκεῖ·
1244 1758 1283 1789 35
1299 1755 1369 1796 bit,
1403 1758 1439 1788 et
1463 1764 1705 1797 quaecumque
1738 1753 1789 1787 illi
1820 1752 2079 1796 disposuerint,
2113 1753 2158 1787 ad
2188 1753 2387 1798 perfectum

152 1802 171 1834 l
200 1812 257 1832 νοι
276 1796 493 1839 διατάξαιεν,
519 1795 624 1832 αὐτὸς
647 1800 695 1832 εἰς
714 1799 818 1845 ἔργον
838 1797 924 1838 ἄξει.
987 1795 1090 1832 Ὥςτε
1105 1798 1229 1842 ἐπειδὴ
1299 1801 1316 1833 1
1338 1799 1443 1843 xdpsa
1466 1799 1648 1843 perducet.
1720 1797 1974 1841 Quamobrem,
2000 1798 2167 1842 quoniam
2191 1798 2386 1833 communis

152 1843 273 1878 κοινὸν
307 1845 412 1877 τοῦτο
447 1842 572 1888 ὄφελος
605 1839 743 1878 ἅπασίν
778 1845 878 1877 ἐστιν
913 1840 1145 1890 ἀνθρώποις,
1176 1858 1229 1891 γε·
1301 1844 1389 1878 haec
1422 1843 1558 1879 utilitas
1589 1843 1754 1878 omuibus
1790 1846 1846 1877 est
1875 1843 2095 1884 hominibus,
2125 1843 2213 1877 fiant
2246 1843 2386 1886 quidem

151 1888 296 1931 νησεται
321 1891 388 1932 μὲν
411 1887 509 1934 παρὰ
533 1889 594 1930 τῆς
617 1889 679 1931 σῆς
706 1885 878 1935 ὑπεροχῆς
909 1890 1086 1923 ἐνταυθοῖ
1108 1888 1232 1936 κηρύγ-
1303 1899 1325 1923 a
1354 1893 1418 1924 tua
1449 1889 1640 1923 eminentia
1669 1889 1753 1923 hinc
1784 1891 1978 1932 praecepta
2002 1888 2140 1923 cunctis
2166 1888 2388 1923 declarantia

151 1947 248 1977 ματα
281 1935 368 1966 πᾶσι
398 1932 701 1980 περιαγγε’λλοντα
733 1933 798 1976 την
829 1934 892 1966 τοῦ
923 1931 1033 1977 νόμου
1066 1932 1232 1979 δύναμιν,
1302 1935 1388 1978 legis
1421 1935 1605 1976 virtutem,
1641 1933 1841 1978 dirigantur
1872 1937 1991 1968 autem
2024 1938 2060 1968 et
2092 1944 2158 1977 per
2186 1934 2386 1977 provincias

152 1976 367 2020 σταλήσεται
398 1976 437 2011 δὲ
467 1981 526 2010 καὶ
558 1977 650 2012 κατὰ
679 1976 804 2024 χώραν
829 1980 867 2012 έν
897 1976 1034 2013 ἅπασιν
1063 1978 1129 2022 ἠδη
1160 1983 1233 2013 τοῖς
1246 1984 1288 2014 40
1301 1980 1339 2014 111
1364 1980 1526 2014 omnibus
1557 1979 1742 2022 gentibus,
1775 1988 1866 2022 quae
1890 1978 2024 2012 dudum
2055 1979 2201 2012 fuerunt
2233 1982 2269 2012 et
2292 1988 2386 2012 nunc

153 2024 279 2057 ἔθνεσι
302 2026 375 2056 τοῖς
398 2021 526 2069 πρῴην
549 2036 588 2056 τε
606 2017 686 2057 οὖσι
706 2027 765 2057 καὶ
783 2024 849 2056 νῦν
865 2020 936 2058 ὑπὸ
954 2024 1043 2058 θεοῦ
1061 2022 1111 2058 δι’
1129 2021 1232 2067 ἡμῶν
1302 2034 1324 2059 a
1345 2024 1411 2059 deo
1435 2034 1500 2068 per
1520 2035 1585 2058 nos
1610 2028 1693 2059 sunt
1713 2024 1875 2059 adiectae
1893 2023 2112 2068 principatui
2132 2023 2383 2058 Romanorum.

153 2070 197 2114 τῇ
222 2066 408 2112 Ῥωμαίων
431 2071 722 2115 προςγενομένοις
742 2066 843 2116 ἀρχῇ.
880 2068 925 2102 Οἱ
947 2067 989 2102 δέ
1009 2082 1049 2115 γε
1073 2070 1151 2103 τῶν
1174 2083 1238 2114 μη-

1302 226 1456 262 decreto.
1504 227 1609 278 Auno
1639 225 1731 260 enim
1762 235 1824 269 per
1856 226 1997 278 culpam
2021 225 2161 277 heredis
2185 228 2379 268 trausacto,

1302 275 1388 305 tunc
1420 272 1478 305 ille
1508 270 1646 316 quidem
1678 270 1782 304 cadet
1812 271 1965 312 relictis,
2009 271 2069 305 alu
2100 280 2181 305 vero
2218 270 2264 305 ad
2292 271 2381 306 haec

1348 1573 1399 1626 (E.
1406 1573 1501 1617 pilo
1510 1572 1619 1617 gus.)
1666 1572 1764 1607 Haec
1789 1583 1873 1613 nos,
1902 1576 1942 1607 ut
1966 1573 2198 1607 communiter
2222 1573 2385 1608 omnibus

152 2206 167 2237 1
218 2203 439 2245 vocavimus,
470 2203 519 2238 ad
541 2215 583 2239 ea
602 2205 824 2251 pervenient.
874 2204 1032 2250 Pupillis
1056 2210 1175 2240 autem
1198 2206 1273 2241 sive
1296 2206 1403 2240 etiam
1429 2210 1548 2240 aetate
1571 2205 1771 2240 minoribus
1794 2205 1857 2240 lex
1880 2208 2008 2239 nostra
2032 2203 2125 2238 nihil
2141 2204 2384 2250 praeiudicat.

154 2246 234 2282 Illis
255 2249 348 2283 enim
371 2249 403 2282 si
426 2249 526 2294 quod
548 2260 597 2284 eoe
621 2250 741 2284 causis
764 2261 786 2284 a
810 2249 915 2284 nobis
938 2251 1156 2285 enumeratis
1179 2250 1349 2285 daninum
1371 2251 1474 2296 passi
1497 2256 1600 2292 sunt,
1625 2250 1672 2284 du
1702 2250 1765 2285 leoe
1789 2250 1969 2285 auxilium
1988 2254 2141 2295 praesto
2166 2253 2238 2290 est,
2262 2253 2299 2285 et
2347 2261 2387 2284 er

153 2293 414 2328 restitutionem
445 2294 483 2327 in
506 2294 687 2338 inteqrum
711 2298 746 2328 et
774 2305 843 2340 per
865 2294 1042 2328 actionem
1067 2300 1196 2329 contra
1219 2296 1448 2340 neqleqentes
1473 2299 1617 2330 tutores.
1667 2261 1752 2329 K'on
1775 2295 1979 2339 excipimus
2003 2299 2121 2328 autem
2146 2294 2190 2328 ab
2215 2293 2285 2328 hac
2308 2261 2386 2340 [ἐφ’

153 2349 197 2372 ne
216 2342 460 2384 patronorum
484 2337 626 2382 quidem
650 2339 912 2372 successiones:
943 2349 1027 2371 nam
1050 2338 1099 2372 ibi
1123 2350 1278 2383 quoque,
1303 2339 1463 2383 leqitima
1482 2345 1605 2384 parte,
1629 2350 1738 2384 quam
1763 2351 1830 2373 nos
1854 2339 2090 2383 definivimus,
2115 2339 2205 2390 ipsis
2229 2346 2383 2378 servata,

154 2382 184 2415 si
209 2381 297 2426 quid
318 2381 391 2415 illis
415 2381 514 2416 ultra
538 2393 616 2416 eam
640 2382 804 2416 relictum
827 2382 890 2423 sic,
915 2382 1013 2426 iique
1036 2394 1059 2416 a
1083 2382 1238 2424 libertis,
1263 2383 1408 2427 utquid
1430 2383 1625 2428 impleant,
1650 2384 1774 2428 roqati
1790 2383 1918 2423 nolint,
1943 2394 2022 2417 eum
2044 2383 2204 2418 ordinem
2225 2383 2384 2418 obtinere

154 2426 352 2466 sancimus,
385 2437 488 2469 quem
519 2426 623 2460 initio
655 2437 783 2461 sacrae
807 2426 914 2460 liuius
937 2427 1208 2461 constitutionis
1232 2427 1409 2469 diaeirnus,
1441 2428 1493 2462 ita
1517 2431 1559 2462 ut
1581 2427 1614 2462 le
1640 2428 1741 2462 itima
1766 2427 1907 2472 quidem
1960 2428 2055 2462 ortio
2080 2427 2182 2473 apud
2204 2439 2266 2464 eos
2282 2440 2384 2473 pura

155 2470 199 2504 ab
224 2471 402 2506 eiusmodi
421 2470 589 2505 oneribus
612 2475 766 2512 maneat,
790 2471 932 2516 reliqua
956 2482 1040 2506 vero
1064 2471 1259 2506 secundum
1285 2472 1377 2506 viam
1397 2483 1420 2506 a
1435 2471 1540 2506 nobis
1557 2472 1596 2506 in
1628 2472 1821 2506 cuiusmodi
1844 2471 1921 2506 casi
1945 2483 1988 2506 us
2010 2472 2082 2506 iam
2107 2477 2273 2517 apertam
2295 2484 2382 2519 pro-

155 2515 285 2549 cedant
292 2527 307 2555 ‚·
322 2515 540 2560 praesertim
564 2525 643 2549 cum
667 2516 704 2549 in
727 2516 809 2561 ipsa
833 2516 938 2550 etiam
961 2516 1218 2551 constitutione
1238 2516 1282 2551 de
1305 2516 1385 2551 iure
1400 2521 1628 2562 patronatus
1652 2528 1675 2551 a
1698 2516 1803 2551 nobis
1827 2516 1914 2551 data
1939 2516 1988 2550 ad
2010 2516 2280 2551 similitudinem
2301 2518 2384 2563 fere

154 2559 179 2594 2
216 2560 454 2605 inqenuorum
479 2559 727 2594 libertinorum
751 2571 896 2605 quoque
913 2561 1157 2595 successiones
1175 2561 1468 2606 disposuerimus.
1539 2560 1718 2607 Quoniam
1739 2572 1823 2596 vero
1848 2561 1988 2612 dupleoe
2011 2566 2066 2596 est
2089 2565 2382 2597 testamentorum

153 2604 263 2646 ratio,
288 2608 355 2638 aut
375 2603 425 2638 ad
446 2605 620 2650 scriptam
644 2604 915 2650 dispositionem
940 2610 1006 2640 aut
1028 2605 1078 2640 ad
1099 2605 1320 2640 voluntatem
1345 2617 1418 2640 non
1442 2606 1616 2652 scriptam
1640 2605 1769 2647 relata,
1793 2616 1990 2649 sancimus,
2014 2610 2054 2640 ut
2078 2605 2167 2640 llaec
2191 2607 2313 2641 omnia
2335 2607 2383 2640 si-

153 2648 285 2684 militer
307 2653 417 2694 atque
432 2660 505 2695 per
527 2660 679 2694 aequam
703 2649 989 2685 observationem
1008 2655 1044 2685 et
1066 2650 1104 2684 in
1128 2661 1202 2684 non
1223 2650 1372 2696 scriptis
1391 2651 1613 2686 testamentis
1636 2655 1672 2686 et
1693 2651 1731 2685 in
1750 2652 1848 2686 omni
1870 2651 1999 2686 ultima
2020 2650 2208 2686 voluntate
2226 2651 2382 2691 valeant,

153 2698 190 2728 et
218 2694 257 2728 in
287 2693 385 2728 omni
408 2705 593 2739 persona,
626 2694 699 2729 sive
724 2694 875 2740 privata
899 2706 942 2729 ea
964 2695 1013 2729 sit
1040 2695 1115 2730 sive
1138 2695 1307 2729 militaris
1336 2695 1409 2731 sive
1432 2696 1672 2731 sacerdotalis
1701 2696 1776 2732 sive
1797 2695 1973 2742 palatina
1994 2696 2069 2731 sive
2093 2695 2168 2730 alia
2193 2696 2381 2741 quaelibet.

156 2737 381 2773 Communem
404 2738 497 2773 enim
522 2738 686 2773 omnibus
709 2738 914 2774 hominibus
937 2738 1032 2774 lianc
1056 2739 1168 2785 leqem
1190 2740 1355 2785 serimus.

288 2781 531 2829 Epiloqus.
581 2783 682 2818 Haec
705 2795 774 2819 nos
801 2795 875 2830 pro
901 2785 1081 2819 communi
1105 2785 1260 2819 omnium
1284 2785 1442 2820 utilitate
1464 2785 1695 2831 scripsimuS‚
1719 2789 1755 2820 et
1778 2790 1819 2820 ut
1843 2789 1916 2820 tam
1940 2786 2097 2821 viventes
2120 2785 2184 2827 iis,
2210 2796 2304 2830 quae
2327 2797 2382 2820 re-

153 2828 239 2863 licta
261 2832 358 2868 sunt,
378 2828 572 2872 fruantur,
597 2839 705 2874 quam
729 2829 923 2864 morientes
946 2840 1063 2874 aequo
1088 2830 1207 2864 animo
1233 2830 1307 2864 vita
1330 2829 1523 2871 decedant,
1547 2830 1660 2875 leqem
1683 2830 1836 2864 scientes
1859 2831 1950 2876 ipsis
1973 2831 2080 2865 etiam
2103 2830 2255 2876 sepultis
2279 2841 2381 2876 opem

153 2875 172 2907 1
205 2872 374 2914 laturam,
396 2877 430 2907 et
450 2884 695 2918 quaecumque
716 2873 963 2919 disposuerint
984 2875 1101 2919 ipsam
1122 2874 1172 2908 ad
1193 2874 1358 2920 effectum
1378 2885 1454 2909 esse
1472 2874 1745 2920 perducturam.
1794 2873 1925 2920 Itaque
1946 2886 2025 2909 cum
2046 2886 2232 2912 commune
2252 2874 2321 2909 ltoc
2334 2876 2382 2910 sit

154 2917 376 2951 commodum
402 2917 564 2952 omnibus
588 2917 808 2960 hominibus,
841 2918 885 2952 ab
915 2918 1107 2953 eminentia
1133 2923 1195 2953 tua
1219 2923 1255 2953 et
1278 2918 1335 2953 liic
1358 2919 1476 2954 edicta
1497 2919 1610 2962 fiant,
1643 2931 1737 2964 quae
1766 2919 1930 2954 omnibus
1961 2920 2091 2971 ubique
2114 2920 2184 2955 vim
2209 2919 2299 2964 leqis
2322 2919 2380 2954 de-

154 2962 310 3004 clarent,
342 2966 377 2997 et
395 2962 496 3007 soris
520 2963 711 2998 mittantur
726 2974 800 3009 per
824 2974 946 2998 omnes
968 2963 1040 2997 iam
1062 2963 1272 3009 provincias
1295 2964 1446 3009 imperio
1472 2963 1720 2999 Romanorum
1747 2969 1818 2999 tam
1844 2965 1929 2999 olim
1952 2964 2131 2999 subiectas
2154 2976 2263 3010 quam
2286 2976 2381 2999 num

198 3123 218 3153 4
243 3116 265 3161 ἢ
289 3122 360 3160 καὶ]
390 3123 469 3153 καὶ·
495 3122 529 3163 (η
555 3124 674 3162 eras.?)
697 3123 743 3161 L,
770 3118 792 3163 ἢ
812 3135 869 3154 om.
896 3123 947 3157 Λς
980 3121 991 3158 ΙΙ
1020 3124 1039 3154 6
1068 3118 1152 3163 ἡμῖν
1171 3134 1227 3154 om.

154 3166 183 3197 A
214 3164 227 3208 ΙΙ
253 3161 371 3207 βλάβη
392 3167 422 3198 A
450 3168 462 3206 li
492 3168 509 3198 7
541 3168 600 3198 καὶ
626 3169 720 3209 prius
743 3180 801 3199 om.
823 3167 854 3198 A
880 3166 892 3210 ΙΙ
916 3169 935 3198 9
970 3162 1053 3206 olm]
1075 3164 1120 3202 λξ
1142 3168 1172 3198 Α
1197 3168 1230 3198 in

154 3222 213 3250 mq.
241 3210 253 3252 ΙΙ
269 3208 331 3249 οὐχ
356 3206 617 3255 ὖπεξαιροῦμεν
641 3211 689 3244 L²
718 3210 731 3254 ss
758 3207 841 3244 οὐδὲ
862 3224 917 3243 om.
942 3212 970 3244 A
998 3210 1010 3248 ΙΙ
1045 3214 1082 3244 10
1114 3207 1231 3243 αὐτοῖς·

153 3254 214 3295 τῆς
238 3257 387 3303 νομίμης
407 3256 443 3287 Β
472 3255 483 3298 ΙΙ
515 3258 553 3288 13
583 3253 825 3300 πληρώσοιεν·
856 3255 887 3287 εἰ
908 3253 947 3288 δὲ
970 3254 1019 3299 μὴ
1043 3252 1231 3298 βούλοιντο

154 3301 183 3331 Α
208 3300 219 3340 ΙΙ
242 3301 281 3332 14
305 3296 394 3343 ὅπερ
418 3301 447 3331 Α
467 3300 479 3339 ΙΙ
499 3302 536 3332 ¹5
562 3298 664 3341 ἡμῶν
687 3299 820 3340 τάξεως
840 3301 898 3339 L¹,
924 3314 1006 3333 corr.
1029 3301 1076 3333 L²
1091 3300 1104 3344 ΙΙ
1126 3303 1163 3334 17
1186 3298 1231 3333 τὰ

154 3341 193 3376 δὲ
213 3342 318 3376 λοιποὶ
342 3345 410 3377 LB
425 3345 437 3387 ΙΙ
456 3342 556 3389 πρὸς]
578 3344 625 3377 εἰς
646 3348 675 3378 A
695 3346 707 3387 ΙΙ
724 3348 765 3378 20
790 3343 961 3386 διατάξει]
994 3346 1070 3378 Cod.
1085 3349 1116 3386 6,
1137 3353 1163 3386 4,
1185 3353 1201 3378 4
1220 3345 1231 3388 ΙΙ

155 3403 192 3433 21
214 3397 390 3441 διαδοχάς]
411 3398 643 3446 κληρονομίας
655 3402 685 3433 A
704 3401 715 3444 11
733 3403 774 3434 22
791 3398 948 3443 Ἐπειδὴ]
964 3393 1041 3434 &L
1057 3403 1088 3434 in
1102 3415 1175 3444 me..
1190 3400 1231 3442 λζ

154 3446 182 3477 A
203 3447 235 3478 in
254 3458 312 3486 mo.
337 3446 348 3478 ΙΙ
373 3448 414 3478 23
435 3443 458 3488 ἢ
478 3448 572 3488 prius
592 3460 648 3478 om.
666 3447 696 3478 A
723 3446 735 3489 ΙΙ
765 3443 975 3491 ἀγόμενοςΑ
1003 3446 1014 3488 ΙΙ
1046 3442 1077 3489 ἢ]
1097 3449 1156 3478 καὶ
1170 3448 1199 3479 A
1220 3447 1231 3489 ΙΙ

154 3492 194 3523 24
220 3492 292 3530 καὶ]
314 3488 354 3522 οὗ
365 3491 405 3531 Α,
420 3504 478 3522 om.
491 3492 520 3523 L
540 3491 608 3532 '1⁶25
622 3487 797 3536 ἀγράφων
810 3488 1001 3532 διαθηκῶν
1013 3494 1072 3524 καὶ
1093 3492 1152 3524 ἐπὶ
1171 3505 1227 3524 om.

154 3536 182 3567 A
202 3535 214 3576 u
230 3536 272 3567 28
293 3533 482 3579 ἱερατικοῦ]
504 3536 676 3580 ἐρωτικοῦ
689 3539 719 3568 Α
736 3536 747 3579 Η
768 3538 807 3569 31
836 3536 954 3568 Ταῦτα
976 3537 1043 3579 μὲν
1066 3533 1172 3578 ἡμεῖς,
1198 3538 1228 3568 in

154 3577 1230 3669 111Ξέ131111111ἔλπει-’315111113111111ῑ,

356 3650 363 3657 ο
917 3643 919 3662 ζ
965 3646 981 3665 s

150 3676 268 3721 Ὥστε]
291 3673 343 3714 λθ
362 3683 392 3715 Α
415 3684 446 3715 in
465 3695 525 3726 my.
542 3684 555 3727 ss
574 3684 613 3716 37
641 3681 762 3716 κοινὸν
781 3682 899 3724 τοῦτο]
919 3680 961 3716 τὸ
983 3680 1103 3724 κοινὸν
1123 3682 1229 3717 τοῦτο

190 3735 229 3764 iu
1030 3731 1032 3735 ⁴

1301 3121 1344 3153 Μ
1362 3122 1469 3154 τοῦτο
1491 3119 1613 3154 κοινὸν
1635 3123 1697 3155 LA
1719 3122 1730 3165 ΙΙ
1754 3120 1942 3167 γενήσεται
1965 3123 2025 3164 τῆς
2049 3122 2110 3163 σῆς
2132 3120 2301 3165 ὑπεροχῆς
2322 3123 2377 3154 έν-

1298 3166 1504 3253 {gi-flgiti&
1519 3163 1725 3214 κηρύγματα
1737 3169 1767 3200 Α
1784 3169 1796 3211 Η
1816 3171 1858 3201 39
1880 3165 2176 3213 παραγγέλλοντα
2189 3170 2218 3199 Α
2232 3167 2297 3211 1142
2321 3168 2378 3213 τῇ]

1344 3325 1362 3356 5
1395 3323 1476 3364 quid
1508 3324 1605 3356 etiam
1629 3325 1675 3364 R]
1708 3325 1841 3365 quidem
1869 3324 1903 3357 V
1921 3325 1964 3358 al.
1996 3323 2008 3366 ΙΙ
2034 3327 2051 3357 7
2090 3324 2348 3356 *restitutiones
2367 3325 2378 3367 ῃ

1300 3370 1318 3401 8
1339 3369 1525 3411 excepimus
1545 3369 1647 3401 RTV
1673 3370 1684 3411 ΙΙ
1712 3372 1750 3402 10
1775 3370 1947 3410 quioquid]
1972 3382 2014 3401 an
2035 3369 2062 3400 si
2083 3369 2188 3410 quid?
2209 3370 2222 3412 ΙΙ
2255 3371 2291 3402 13
2314 3380 2377 3410 que

1301 3413 1353 3445 V1
1386 3413 1398 3457 ΙΙ
1439 3416 1476 3446 15
1513 3423 1599 3455 pura
1629 3414 1665 3445 in
1698 3414 1822 3446 talibus
1853 3414 1891 3448 V
1920 3413 1939 3491 Q
1968 3416 2006 3446 19
2048 3413 2216 3446 libertates
2248 3415 2377 3452 R¹TV,

1299 3458 1533 3491 libertinitates
1556 3459 1615 3499 12²,
1639 3460 1723 3502 vuly.
1751 3456 1826 3499 (τὰς
1848 3455 1917 3491 ἀπε
1940 3455 2126 3502 ευθερικάς
2149 3478 2191 3482 -
2213 3456 2376 3499 διαδοχὰς

1303 3504 1375 3543 Gr.)
1406 3504 1416 3542 ΙΙ
1446 3504 1487 3535 20
1519 3506 1566 3535 est
1590 3517 1646 3536 om.
1673 3504 1777 3536 RTV
1802 3503 1814 3546 ΙΙ
1843 3505 1879 3536 21
1921 3515 1988 3535 non
2011 3504 2178 3545 scriptam]
2211 3507 2374 3545 conscrip—

1299 3551 1362 3579 tam
1385 3549 1435 3580 Ru
1465 3548 1477 3589 11
1505 3550 1545 3580 23
1571 3548 1844 3588 observationem]
1913 3559 2007 3580 onem
2040 3550 2099 3587 (sic
2121 3551 2227 3591 spatio
2252 3550 2376 3589 relicto)

1300 3594 1331 3625 R
1352 3592 1364 3636 ΙΙ
1389 3595 1431 3625 33
1461 3593 1646 3625 morientur
1673 3594 1717 3625 12¹
1746 3592 1758 3635 ΙΙ
1783 3595 1823 3625 34
1857 3592 2112 3625 amministrabit
2137 3593 2192 3626 1²²
2222 3594 2374 3625 ammini-

1297 3638 1423 3669 strabat
1445 3635 1498 3669 V¹
1518 3638 1530 3681 ΙΙ
1548 3640 1587 3670 35
1610 3637 1674 3678 1111]
1699 3651 1759 3667 *ue*
1779 3637 1833 3670 V¹
1859 3639 1871 3680 ss
1899 3640 1940 3671 36
1959 3638 2112 3680 perducit
2135 3639 2164 3670 R
2181 3638 2193 3682 ΙΙ
2221 3641 2260 3673 37
2281 3640 2338 3679 est]
2355 3651 2371 3669 a

1299 3682 1364 3724 V²‚
1391 3695 1448 3716 om.
1474 3682 1522 3716 Ε*
1538 3683 1550 3727 11
1570 3684 1611 3717 40
1636 3683 1672 3715 in
1694 3684 1754 3717 del.
1777 3682 1856 3727 V211
1876 3686 1911 3719 41
1943 3683 2069 3716 adiecta
2094 3684 2126 3716 lt

2085 3741 2103 3774 2
