2586 3990
245 144 353 189 Nov.
383 141 560 187 CXVIII
589 143 614 183 3

246 254 279 289 εἴ
309 254 490 295 ἐπέζησεν.
538 247 634 286 ὅθεν
664 246 875 285 ἀκόλουθόν
895 250 997 285 ἐστιν
1038 249 1098 283 ἵνα
1121 248 1153 282 εἰ
1175 248 1286 291 τυχὸν
1308 246 1329 284 ὁ

247 296 530 343 προτελευτῆσας
564 292 735 348 ἀδελφός,
771 286 814 329 οὗ
849 293 887 330 οἱ
901 275 1041 348 ’παῖδες
1071 297 1240 346 περίεισι,
1276 289 1329 327 δι’

247 344 414 385 ἑκατέρου
437 343 569 387 γονέως
591 352 645 382 τῳ
672 340 741 374 νῦν
763 338 888 374 τελευτ
914 350 1021 373 σαντι
1045 349 1226 384 προςωπῳ
1251 348 1333 372 συν·

247 385 394 430 ήπτετο,
437 384 473 419 οἱ
510 383 551 418 δὲ
593 384 779 429 περιόντες
822 353 910 418 ἀδελ

246 432 358 476 μόνου
380 429 491 472 τυχὸν
517 427 541 472 ἢ
564 429 627 472 τῆς
648 429 782 474 μητρὸς
814 425 914 471 αὐτῷ
939 428 1178 471 συνήπτοντο,
1210 439 1333 471 προτι-
1369 431 1389 462 5
1402 426 1524 462 forsan
1562 429 1627 461 aut
1665 430 1814 462 matrem
1851 427 1886 462 ei
1922 427 2178 472 iungebantur,

245 476 422 520 μηθῶσιν
449 473 486 508 οἱ
507 472 637 509 τούτου
667 471 792 508 παῖδες
821 473 900 507 τῶν
929 471 1036 507 ἰδίων
1058 472 1188 514 θείων,
1219 473 1251 506 εἰ
1273 474 1334 506 καὶ

247 524 370 565 τρίτου
399 520 466 552 εἰσὶ
490 518 642 563 βαθμοῦ
675 518 759 560 (εἴτε
782 518 872 552 ποός
895 517 1033 563 πατρὸς
1063 517 1134 551 εἴτε
1156 517 1247 562 πρὸς
1268 529 1334 561 μη-

246 565 330 609 τρὸς
353 563 478 618 εἴησαν
501 562 537 597 οἱ
559 563 673 605 θεῖοι,
704 565 765 596 καὶ
787 551 859 597 εἴτε
883 561 1028 615 ᾅρρενες
1058 562 1130 596 εἴτε
1161 560 1334 605 θήλειαι),

246 608 363 654 ὥςπερ
384 622 404 642 ο
429 610 553 643 αυτῶν
580 607 705 663 γονεὺς
727 619 948 655 προετιματο
973 608 1003 641 εἰ
1026 608 1164 652 περιῆν.
1212 609 1272 640 καὶ
1295 607 1333 640 ἐκ

1317 136 1403 184 570

909 386 970 428 (pol
1009 380 1071 416 διὰ
1099 383 1166 416 τοῦ
1197 382 1334 428 πατρὸς

2143 147 2202 183 DE
2229 152 2484 186 HEREDIBUS

1399 258 1485 294 pere
1520 247 1552 283 si
1582 250 1766 293 superstes
1798 251 1904 286 esset.
1951 249 2054 287 Unde
2085 260 2307 304 consequens
2337 252 2408 294 est,
2443 253 2485 286 ut
2536 254 2537 257 ’

1400 293 1432 329 εἰ
1459 292 1554 327 forte
1586 295 1838 337 praemortuus
1866 293 1988 337 frater,
2020 295 2122 332 cuius
2154 296 2217 331 filii
2250 296 2387 338 vivunt,
2419 304 2485 341 per

1401 341 1592 381 utrumque
1614 339 1800 382 parentem
1823 348 1919 374 nuno
1942 338 2130 377 defunctae
2156 350 2332 386 personae
2361 340 2483 384 iunge-

1400 382 1519 424 batur,
1549 381 1761 426 superstites
1793 385 1913 418 autem
1941 383 2073 420 fratres
2103 395 2166 431 per
2197 389 2336 431 patrem
2370 385 2484 420 solum

2217 432 2484 476 praeponantur

1402 471 1504 507 istius
1528 470 1592 506 filii
1615 471 1770 517 propriis
1794 471 1891 512 thiis,
1922 472 2007 508 licet
2029 475 2135 510 tertio
2167 476 2239 511 sint
2261 475 2373 519 gradu
2398 474 2484 516 (sive

1402 525 1425 552 a
1448 519 1551 561 patre
1581 515 1654 553 sive
1677 526 1699 552 a
1722 520 1836 551 matre
1867 516 1939 552 sint
1958 517 2040 560 thii,
2072 522 2109 554 et
2131 520 2205 556 sive
2230 519 2380 555 masculi
2411 519 2485 555 sive

1403 560 1580 604 feminae),
1613 562 1708 596 sicut
1738 571 1861 597 eorum
1891 571 2023 607 parens
2047 565 2348 610 praeponebatur,
2379 564 2409 598 si
2434 564 2483 599 vi-

1402 608 1509 641 veret.
1558 605 1608 641 Et
1630 615 1651 641 e
1674 606 1824 648 diverso,
1857 606 1888 642 si
1912 607 2053 659 quidem
2084 613 2264 654 superstes
2294 610 2408 645 frater
2441 618 2484 643 ex

246 654 324 688 τῶν
355 655 548 693 ἐναντίων,
579 654 610 687 εἰ
632 666 652 686 ο
675 654 742 697 μὲν
765 652 904 706 περιαξν
927 649 1081 706 ‹idel-923⁶
1105 651 1143 692 ἐξ
1166 651 1333 696 ἑκατέρου
1348 654 1389 686 10
1403 654 1555 696 utroque
1583 655 1732 696 parente
1765 651 1993 696 coniungitur
2023 652 2201 696 defuncto,
2233 658 2484 700 praemortuus

245 701 379 745 γονέως
398 695 623 734 συνάπτεται
653 698 708 741 τῷ
731 696 1005 740 τελευτησαντι,
1037 710 1056 730 ο
1083 694 1123 730 δὲ
1146 695 1332 742 προτελευ·

246 742 357 787 τήσας
380 741 432 777 δι’
451 743 531 777 ἑνὸς
552 745 687 788 γονέως
711 742 923 785 συνήπτετο,
947 742 1029 777 τοὺς
1048 739 1178 776 τούτου
1202 739 1334 776 παῖδας

247 789 286 822 ἐκ
309 789 371 831 τῆς
395 787 628 833 κληρονομίας
658 784 908 831 ἆποκλείομεν,
939 784 1057 833 ὥςπερ
1087 789 1147 820 καὶ
1174 783 1281 821 αὐτὸς
1302 786 1334 819 εἰ

247 834 378 880 περιῆν
401 832 603 874 έξεκλείετο.
642 832 686 867 τὸ
705 830 745 866 δὲ
758 833 926 866 τοιοῦτον
945 831 1147 877 προνόμιον
1163 833 1203 865 έν
1217 830 1334 878 ταύτῃ

1403 697 1523 731 autem
1552 705 1618 741 per
1647 706 1757 732 unum
1787 701 1972 741 parentem
2002 697 2226 742 iungebatur,
2261 699 2366 735 huius
2393 698 2484 733 filios

1403 740 1449 775 ab
1482 740 1676 776 hereditate
1708 741 1947 786 excludimus,
1977 742 2071 778 sicut
2100 743 2178 788 ipse
2209 743 2240 780 si
2262 744 2394 780 viveret
2424 753 2484 778 ex·

1404 785 1625 822 eludebatur.
1674 785 1889 822 Huiusmodi
1910 797 1993 823 vero
2017 787 2238 833 privilegium
2267 789 2305 824 in
2334 789 2403 824 hoc
2426 798 2484 824 or·

1403 830 1485 866 dine
1511 830 1732 875 cognationis
1767 832 1853 867 solis
1885 833 2095 877 praebemus
2125 832 2278 869 fratrum
2307 833 2484 869 masculo-

246 879 297 958 εἰ(
316 877 416 919 τάξει
445 879 510 933 τῇς
533 881 738 924 συγγενείας
767 875 892 921 μόνοις
921 880 1124 931 παρέχομεν
1154 879 1227 911 τοῖς
1255 877 1334 910 τῶν
1350 878 1391 912 15
1402 885 1482 911 rum
1505 878 1570 911 aut
1591 876 1802 911 feminarum
1825 876 1908 912 filiis
1938 879 2002 912 aut
2024 877 2184 920 filiabus,
2216 882 2256 914 ut
2280 878 2317 913 in
2340 888 2485 914 suorum

247 937 270 956 α
297 937 314 957 ε

317 922 419 968 λφῶν
454 925 618 969 αρρένων
652 920 676 966 ἢ
711 921 875 964 θηλειῶν
908 921 996 956 υἱοῖς
1030 935 1052 964 η
1092 920 1334 967 θυγατράσιν,

247 969 307 1003 ἴνα
336 969 384 1003 εἰς
413 969 462 1002 τὰ
490 969 568 1002 τῶν
597 964 705 1002 ἰδίων
734 969 874 1013 γονέων
906 966 1027 1001 δίκαια
1058 964 1334 1009 ὑπειςέλθωσιν,

247 1010 368 1047 οὐδενὶ
397 1011 437 1047 δὲ
467 1011 567 1056 ἄλλῳ
598 1011 784 1048 παντελῶς
819 1011 1002 1060 προςώπῳ
1037 1012 1076 1045 ἐκ
1107 1012 1238 1054 ταύτης
1271 1011 1335 1054 τῆς

246 1058 383 1099 τάξεως
398 1059 579 1103 ἐρχομένῳ
595 1058 705 1092 τοῦτο
721 1057 762 1091 τὸ
782 1054 923 1091 δίκαιον
942 1058 1203 1111 συγχωροῦμεν.
1244 1053 1333 1090 ἄλλα

1402 924 1591 966 parentum
1614 922 1695 956 iura
1719 922 1933 966 succedant3
1971 921 2060 957 nulli
2083 922 2237 968 (autem)
2259 923 2321 958 alii
2344 923 2484 958 omnino

1427 975 1577 1001 ersonae
1609 976 1654 1001 ex
1686 966 1755 1002 hoc
1780 967 1906 1002 ordine
1932 967 2085 1003 venienti
2117 968 2185 1003 hoc
2216 968 2273 1003 ius
2303 968 2484 1012 largimur.

1429 1011 1472 1046 ed
1490 1014 1526 1046 et
1542 1011 1628 1055 ipsis
1643 1011 1796 1047 fratrum
1815 1012 1897 1047 filiis
1915 1015 2001 1047 tunc
2018 1013 2087 1048 hoc
2105 1012 2315 1048 beneficium
2331 1012 2485 1050 conferi-

1402 1066 1491 1097 mus,
1514 1057 1656 1100 quando
1675 1066 1754 1092 cum
1770 1057 1924 1102 propriis
1941 1057 2146 1093 iudicantur
2160 1058 2244 1093 thiis
2264 1058 2431 1093 masculis
2451 1062 2486 1093 et

246 1106 306 1136 καὶ
331 1102 451 1137 αὐτοῖς
472 1105 546 1137 τοῖς
566 1103 643 1137 τῶν
666 1099 837 1156 ἀδελφῶν
868 1105 974 1137 παισὶ
996 1114 1082 1136 τοτε
1105 1114 1244 1144 ταυτην
1266 1101 1334 1144 τὴν
1348 1103 1389 1136 20
1405 1101 1561 1142 feminis,
1597 1102 1671 1137 Sive
1705 1102 1846 1146 paterni
1881 1102 1953 1138 sive
1983 1103 2136 1138 materni
2168 1103 2250 1139 sint.
2299 1103 2338 1138 Si
2367 1106 2484 1138 autem

247 1145 452 1194 εὐεργεσίαν
475 1149 687 1193 παρέχομεν,
719 1159 783 1182 οτε
804 1147 896 1191 μετὰ
920 1148 997 1182 τῶν
1021 1145 1127 1182 ἰδίων
1150 1151 1335 1192 κρίνονται

247 1193 367 1227 θείων
399 1190 565 1240 ἀρρένων
598 1206 639 1227 τε
673 1195 735 1226 καὶ
765 1192 798 1226 θ
822 1191 940 1236 λειῶν,
975 1192 1047 1226 εἴτε
1079 1192 1170 1236 πρὸς
1198 1191 1335 1237 πατρὸς

401 1237 410 1247 “
794 1206 946 1291 gestem}
974 1238 1052 1271 τῶν
1075 1234 1246 1283 ἀδελφῶν
1268 1238 1334 1271 τοῦ

246 1238 318 1272 εἴτε
340 1248 431 1283 προς
452 1237 587 1284 μητρὸς
611 1237 691 1272 εἶεν.
738 1237 770 1271 εἰ

246 1282 524 1326 τελευτήσαντος
547 1285 608 1316 καὶ
625 1280 801 1324 ἀνιόντες,
826 1293 874 1316 ως
895 1281 964 1326 ἤδη
988 1286 1219 1328 προείπομεν.
1244 1282 1334 1328 πρὸς

245 1328 314 1371 τὴν
337 1327 578 1372 κληρονομίαν
608 1327 823 1369 καλοῦνται,
853 1325 975 1362 οὐδενὶ
997 1327 1128 1383 τρόπωι
1153 1327 1242 1373 πρὸς
1264 1327 1333 1370 τὴν
1347 1328 1388 1362 25
1404 1336 1482 1361 rum
1506 1330 1610 1371 pater
1633 1331 1696 1362 aut
1719 1329 1832 1362 mater
1857 1327 2026 1363 defuncto
2048 1328 2273 1373 iungebatur.

247 1373 286 1413 ἐξ
309 1370 510 1408 ἀδιαθέτου
536 1370 708 1416 διαδοχὴν
731 1372 812 1407 τοὺς
834 1373 898 1407 τοῦ
922 1369 1079 1418 ἀδελφου
1103 1387 1125 1416 η
1146 1373 1208 1415 τῆς
1231 1369 1333 1406 ἀδελ-

246 1419 315 1463 φῆς
345 1416 479 1453 παῖδας
509 1417 704 1452 καλεῖσθαι
727 1418 991 1464 συγχωροῦμεν,
1023 1415 1107 1452 οὐδὲ
1130 1418 1161 1451 εἰ
1192 1417 1230 1458 ἐξ
1253 1418 1332 1451 ἑκα-

245 1466 289 1497 τέ
309 1476 348 1497 ου
370 1465 504 1509 γονέως
526 1461 547 1497 ὁ
573 1460 699 1497 αὐτῶν
723 1462 842 1508 πατὴρ
867 1461 891 1506 ἢ
914 1462 1031 1508 μήτηρ
1055 1462 1258 1506 συνήπτετο
1278 1465 1331 1505 τῷ

245 1476 510 1552 τελευτήσαντι.
551 1506 667 1543 ὁπότε
686 1511 811 1542 τοίνυν
832 1510 907 1542 τοῖς
925 1509 990 1542 τοῦ
1012 1505 1169 1554 ἀδελφοῦ
1194 1511 1254 1542 καὶ
1270 1508 1334 1550 τῆς

1405 1155 1484 1181 cum
1506 1146 1680 1182 fratribus
1705 1146 1863 1182 defuncti
1886 1148 1991 1183 etiam
2016 1148 2266 1190 ascendentes,
2299 1148 2393 1184 sicut
2415 1148 2485 1183 iam

1405 1191 1574 1234 diximus,
1609 1192 1657 1227 ad
1687 1192 1919 1227 hereditatem
1951 1196 2134 1236 vocantur,
2170 1193 2269 1229 nullo
2304 1193 2407 1229 modo
2440 1192 2486 1228 ad

1404 1236 1666 1272 successionem
1695 1237 1741 1272 ab
1771 1237 1942 1273 intestato
1976 1238 2101 1273 fratris
2137 1241 2201 1274 aut
2230 1239 2362 1274 sororis
2393 1238 2486 1273 filios

1403 1281 1523 1316 vocari
1546 1282 1793 1327 permittimus,
1818 1292 1934 1327 neque
1958 1283 1987 1318 si
2013 1293 2055 1318 ex
2079 1285 2231 1328 utroque
2254 1286 2402 1372 parante
2424 1293 2486 1364 ίεἰο-

2351 1338 2422 1364 uan
2447 1338 2484 1363 o-

1403 1372 1545 1416 quidem
1573 1371 1699 1408 fratris
1729 1376 1766 1408 et
1795 1373 1927 1408 sororis
1957 1373 2042 1409 filiis
2073 1375 2145 1409 tale
2173 1374 2394 1419 privilegium
2425 1373 2485 1409 de·

1402 1417 1575 1459 derimus,
1614 1421 1655 1452 ut
1689 1418 1726 1452 in
1762 1418 1989 1463 propriorum
2031 1422 2220 1464 parentum
2256 1419 2486 1454 succedentes

1402 1463 1520 1497 locum
1543 1462 1611 1499 soli
1633 1463 1671 1497 in
1695 1463 1801 1498 tertio
1827 1463 2013 1499 constituti
2035 1464 2148 1507 gradu
2173 1475 2254 1499 cum
2274 1464 2331 1499 his
2365 1464 2426 1508 qui
2450 1464 2486 1498 in

1401 1507 1558 1543 secundo
1588 1508 1702 1551 gradu
1734 1512 1818 1544 sunt
1850 1509 1896 1543 ad
1926 1508 2157 1544 hereditatem
2180 1513 2361 1551 vocentur,
2397 1508 2487 1544 illud

245 1551 400 1598 ἀδελφῆς
422 1556 529 1588 παισὶ
551 1555 696 1588 τοιοῦτο
721 1549 923 1607 προνόμιον
944 1550 1166 1607 δεδώκαμεν,
1190 1553 1251 1587 ἴνα
1266 1552 1333 1586 τὸν
1347 1554 1389 1587 30
1402 1552 1520 1597 palam
1555 1557 1609 1588 est
1645 1553 1728 1598 quia
1761 1553 1846 1588 thiis
1878 1553 2038 1589 defuncti
2068 1554 2238 1590 masculis
2275 1557 2313 1590 et
2344 1554 2486 1589 feminis

246 1600 324 1633 τῶν
349 1601 491 1644 γονέων
525 1596 745 1634 ὑπειςιόντες
781 1610 898 1633 τοπον
931 1610 1040 1642 μονοι
1073 1601 1197 1643 τρίτου
1233 1596 1334 1632 ὄντες

246 1643 396 1688 βαθμοῦ
418 1643 511 1688 μετὰ
534 1644 612 1678 τῶν
632 1645 671 1677 ἐκ
688 1641 852 1688 δευτέρου
874 1643 1026 1687 βαθμοῦ
1051 1643 1142 1689 πρὸς
1165 1643 1233 1697 τῂν
1253 1641 1334 1686 κλη-

247 1692 422 1733 ρονομίαν
445 1687 648 1743 καλῶνταιι,
681 1690 795 1722 ἐκεῖνο
816 1686 1006 1743 πρόδηλόν
1029 1689 1141 1730 ἐστιν,
1173 1701 1233 1722 οτι
1256 1689 1335 1722 τῶν

246 1733 366 1767 θείων
397 1734 463 1768 τοῦ
493 1731 773 1776 τελευτησαντος
805 1736 969 1779 αρρένων
998 1746 1039 1767 τε
1069 1737 1131 1768 καὶ
1158 1732 1333 1777 θηλειῶν,

246 1778 318 1813 εἴτε
340 1777 431 1823 πρὸς
453 1778 588 1824 πατρὸς
611 1778 683 1812 εἴτε
706 1777 796 1824 πρὸς
817 1778 952 1823 μητρὸς
969 1778 1105 1822 εἴησαν,
1128 1779 1333 1824 προτιμῶν·
1347 1780 1389 1813 35

245 1836 324 1867 ται,
358 1824 390 1856 εἰ
412 1825 474 1857 καὶ
496 1824 625 1857 ἐκεῖνοι
648 1827 773 1868 τρίτον
796 1820 926 1867 ὁμοίιος
953 1827 1157 1879 συγγενείας
1179 1822 1335 1867 βαθμὸν

246 1870 268 1904 1
316 1869 441 1911 ἔχοιεν.
499 1868 566 1922 ,Εἰ
589 1866 630 1901 δὲ
651 1866 742 1923 μήτε
765 1864 938 1914 ἀδελφοὺς
959 1881 1051 1912 μητε
1074 1866 1208 1903 παῖδας
1230 1866 1333 1902 ἀδελ-

245 1913 341 1959 φῶν,
364 1911 414 1947 ῶς
436 1913 634 1958 εἰρηκαμεν,
659 1926 678 1946 ο
702 1912 913 1957 τελευτήσας
935 1912 1163 1960 καταλείψει,
1194 1912 1335 1949 πάντας

245 1958 328 1992 τοὺς
351 1957 476 2004 ἐφεξῆς
507 1959 546 1992 ἐκ
568 1957 722 2013 πλαγίου
746 1962 924 2014 συγγενεῖς
954 1959 1042 2004 πρὸς
1072 1958 1141 2002 τὴν
1163 1957 1330 2003 κληρονο-

1402 1598 1483 1650 sive·
1499 1607 1521 1632 a
1545 1601 1648 1650 patre
1671 1598 1743 1633 sive
1766 1608 1789 1634 a
1813 1601 1927 1634 matre
1950 1602 2232 1651 praeponuntur,
2255 1600 2286 1634 si
2306 1599 2414 1635 etiam
2436 1599 2486 1634 illi

1401 1645 1547 1678 tertium
1571 1643 1733 1679 similiter
1758 1644 1980 1688 cognationis
2003 1645 2188 1681 obtineant
2210 1644 2371 1690 gradum.

1401 1870 1421 1905 1
1469 1868 1508 1903 Si
1531 1878 1614 1905 vero
1637 1877 1753 1913 neque
1776 1870 1908 1905 fratres
1931 1878 2046 1915 neque
2069 1869 2161 1905 filios
2186 1869 2355 1912 fratrum,
2380 1870 2486 1906 sicuti

1402 1914 1568 1955 diximus,
1600 1914 1794 1950 defunctus
1817 1915 2009 1960 reliquerit,
2042 1925 2164 1950 omnes
2196 1915 2364 1961 deinceps
2388 1926 2411 1951 a
2434 1917 2485 1952 la-

1400 1961 1476 1994 tere
1515 1960 1690 2004 cognatos
1728 1959 1774 1994 ad
1812 1960 2043 1996 hereditatem
2082 1970 2250 1996 vocamus
2290 1961 2485 1997 secundum

244 2007 334 2047 μίαν
349 2001 528 2047 καλοῦμεν
551 2015 644 2037 κατα
667 2016 737 2046 την
755 2004 836 2038 ενός
859 2005 1007 2038 εκάστου
1031 2004 1183 2058 βαθμοῦ
1197 2007 1332 2056 ..προτί-
1346 2005 1389 2038 40
1402 2004 1683 2048 uniuscuiusque
1716 2004 1848 2048 gradus
1884 2004 2184 2050 praerogativam,
2228 2008 2269 2042 ut
2299 2006 2485 2043 viciniores

244 2059 368 2093 μησιν,
401 2048 462 2082 ἴνα
492 2047 529 2081 οἱ
560 2046 742 2094 ἐγγύτεροι
773 2049 830 2091 τῷ
859 2049 999 2093 βαθμῷ
1032 2051 1136 2083 αυτοὶ
1160 2061 1238 2082 των
1261 2047 1332 2082 λοι-

242 2169 380 2205 parens
401 2169 527 2194 eorum
550 2161 767 2204 accepturus
790 2163 887 2201 erat,
919 2159 951 2193 si
974 2160 1116 2195 viveret.
1170 2157 1269 2194 Unde
1292 2169 1516 2204 consequens
1538 2164 1609 2202 est,
1641 2163 1682 2194 ut
1703 2161 1738 2195 si
1762 2161 1866 2205 forte
1894 2161 2019 2205 frater
2047 2161 2120 2196 iam
2144 2161 2351 2208 defunctus,
2383 2164 2486 2199 cuius

241 2204 312 2249 filii
334 2207 546 2250 supersunt,
603 2213 643 2238 er
666 2207 858 2250 utrumque
883 2207 1075 2249 parentem
1106 2205 1140 2240 ei
1171 2204 1236 2249 qui
1264 2203 1371 2239 modo
1402 2203 1555 2239 decessit
1584 2204 1839 2251 copulabatur,
1870 2206 2083 2252 superstites
2108 2211 2227 2242 autem
2256 2208 2397 2253 fratres
2418 2220 2486 2255 per

238 2253 385 2295 patrem
407 2248 525 2284 solum
571 2252 649 2283 orte
679 2248 736 2284 vel
758 2253 908 2284 matrem
931 2249 965 2284 ei
989 2248 1267 2295 copulabantur,
1295 2248 1365 2294 filii
1388 2250 1465 2284 eius
1486 2250 1632 2295 patruis
1654 2251 1730 2285 suis
1745 2250 2028 2296 praeferantur,
2060 2251 2200 2287 etiamsi
2229 2253 2336 2288 tertio
2365 2254 2486 2299 qradu

244 2295 335 2338 sint,
370 2294 445 2329 sive
472 2293 620 2340 paterni
648 2293 722 2328 sive
743 2294 898 2330 materni
927 2294 1002 2329 sint
1031 2293 1114 2336 mii,
1145 2294 1219 2329 sive
1242 2294 1394 2329 masculi
1424 2294 1496 2329 sive
1524 2294 1705 2339 feminae,
1737 2296 1831 2330 sicut
1860 2300 1969 2341 pater
1999 2307 2124 2332 eorum
2149 2298 2422 2350 praeferretur,
2454 2301 2486 2334 si

243 2342 427 2386 superstes
449 2342 551 2374 esset.
599 2339 717 2384 Atque
739 2349 789 2374 ex
813 2339 1000 2374 contrario
1031 2340 1064 2374 si
1086 2342 1270 2385 superstes
1297 2339 1423 2384 frater
1449 2349 1517 2386 per
1539 2344 1732 2385 utrumque
1760 2346 1951 2386 parentem
1980 2341 2214 2387 coniunqetur
2237 2342 2423 2388 defuncto,
2454 2345 2486 2379 is

245 2388 364 2419 autem
387 2383 451 2430 qui
474 2387 558 2419 ante
581 2383 733 2419 decessit
756 2394 830 2430 per
853 2395 963 2419 unum
980 2389 1173 2430 parentem
1197 2383 1495 2429 coniunqebatur,
1524 2383 1623 2429 filios
1645 2386 1723 2420 eius
1754 2385 1799 2421 ab
1823 2384 2021 2422 hereditate
2044 2387 2283 2429 excludimus,
2315 2389 2485 2434 quemad-

244 2428 388 2464 modum
419 2429 499 2474 ipse
529 2438 601 2475 quo
631 2439 674 2464 ue
704 2428 736 2463 si
763 2433 947 2476 superstes
977 2434 1068 2465 esset
1099 2428 1364 2465 excluderetur.
1425 2428 1643 2473 Huiusmodi
1674 2433 1793 2466 autem
1818 2430 2053 2477 privileqium
2085 2431 2123 2466 in
2154 2431 2223 2467 hoc
2256 2434 2487 2479 coquationis

244 2473 372 2509 ordine
394 2474 483 2509 solis
499 2484 596 2520 prae
619 2484 718 2509 emus
739 2473 903 2520 fratrum
933 2473 991 2510 vel
1010 2485 1178 2510 sororum
1206 2474 1295 2518 filiis
1314 2474 1514 2518 filiabusve,
1538 2478 1579 2510 ut
1601 2474 1639 2509 in
1691 2479 1855 2511 arentum
1878 2486 2026 2511 suorum
2049 2477 2133 2511 iura
2156 2477 2369 2519 succedant,
2394 2479 2486 2514 nulli

245 2529 328 2555 vero
354 2519 499 2554 omnino
531 2518 597 2553 alii
623 2529 804 2564 personae
833 2529 884 2555 ex
915 2518 982 2554 hoc
1014 2519 1143 2555 ordine
1172 2519 1328 2555 venienti
1355 2518 1422 2554 hoc
1451 2519 1510 2554 ius
1540 2529 1650 2555 conce
1677 2521 1779 2555 imus.
1827 2519 1901 2556 Sed
1923 2525 1959 2557 et
1981 2521 2072 2567 ipsis
2099 2522 2263 2566 fratrum
2291 2522 2379 2567 filiis
2412 2528 2485 2559 tum

244 2563 337 2599 illud
358 2563 566 2609 beneficium
583 2564 812 2610 praebemus,
843 2563 906 2599 ubi
935 2574 1015 2600 cum
1047 2563 1131 2599 thiis
1160 2564 1237 2599 suis
1267 2568 1409 2600 certant
1440 2568 1475 2600 et
1505 2564 1674 2600 masculis
1697 2569 1733 2600 et
1753 2565 1913 2610 feminis,
1945 2566 2020 2602 sive
2044 2567 2196 2613 paterni
2225 2567 2300 2603 sive
2330 2569 2486 2604 materni

244 2609 327 2644 sint.
375 2607 417 2644 Si
432 2618 516 2644 vero
541 2618 622 2644 cum
644 2608 826 2653 fratribus
849 2609 1016 2655 defuncti
1039 2610 1147 2644 etiam
1171 2609 1415 2651 ascendentes,
1439 2610 1496 2644 uti
1515 2620 1630 2655 supra
1653 2609 1826 2652 diximus,
1850 2610 1900 2645 ad
1914 2609 2148 2646 hereditatem
2170 2616 2358 2655 vocantur,
2382 2613 2484 2649 ‚tullo

244 2653 351 2689 modo
382 2653 432 2689 ad
460 2654 721 2689 successionem
753 2653 798 2689 ab
829 2654 999 2690 intestato
1029 2654 1163 2699 fratris
1195 2654 1251 2689 vel
1280 2654 1422 2689 sororis
1449 2654 1549 2697 filios
1580 2655 1704 2691 vocari
1728 2655 1994 2701 permittimus,
2027 2667 2072 2692 ne
2103 2661 2177 2691 tum
2206 2657 2350 2702 quidem
2380 2658 2414 2693 si
2436 2669 2485 2695 ex

244 2702 402 2744 utroque
428 2702 583 2745 parente
605 2702 718 2751 pater
740 2709 866 2734 eorum
895 2699 952 2735 vel
974 2703 1089 2734 mater
1112 2698 1286 2745 defuncto
1315 2699 1528 2735 coniunctus
1551 2703 1641 2735 erat.
1690 2698 1867 2742 Quoniam
1890 2701 2003 2746 iqitur
2022 2701 2159 2746 fratris
2180 2707 2216 2737 et
2238 2704 2378 2738 sororis
2397 2703 2486 2747 filiis

245 2742 422 2779 eiusmodi
442 2743 671 2789 privileqmm
695 2743 868 2786 dedimus,
893 2749 934 2780 ut
956 2745 995 2779 in
1020 2744 1137 2780 locum
1154 2747 1352 2791 parentum
1374 2744 1603 2780 succedentes
1625 2744 1714 2787 soli,
1749 2755 1828 2779 cum
1853 2745 1959 2780 tertio
1979 2745 2102 2796 yradu
2125 2746 2215 2788 sint,
2248 2757 2328 2782 cum
2352 2747 2397 2782 iis
2422 2749 2486 2794 qui

244 2787 403 2824 secundo
426 2787 548 2834 qradu
569 2792 656 2824 sunt
678 2788 729 2824 ad
749 2787 980 2825 hereditatem
1004 2793 1188 2830 vocentur,
1212 2788 1305 2824 illud
1327 2789 1559 2834 manifestum
1583 2793 1635 2825 est
1651 2799 1714 2824 eos
1730 2788 1895 2832 defuncti
1920 2789 2004 2825 thies
2026 2795 2062 2826 et
2079 2791 2249 2826 masculis
2271 2796 2307 2827 et
2313 2792 2484 2872 leminis,

244 2834 319 2868 sive
336 2833 488 2879 paterni
510 2834 584 2869 sive
606 2834 761 2869 materni
782 2834 866 2877 sint,
885 2834 1088 2881 praeferri,
1113 2834 1254 2870 etiamsi
1275 2833 1331 2868 illi
1380 2845 1498 2880 uoque
1523 2834 1664 2870 tertium
1686 2834 1830 2880 pariter
1853 2835 2082 2881 coquationis
2105 2835 2260 2882 pradum
2289 2847 2310 2871 ο
2336 2837 2482 2873 tineant.

246 2881 269 2915 1
337 2878 379 2914 Si
401 2888 486 2914 vero
510 2889 626 2924 neque
648 2879 787 2924 fratres
810 2889 925 2925 neque
945 2880 1109 2925 fratrum
1129 2879 1239 2924 filios,
1263 2879 1316 2913 uti
1363 2879 1508 2921 iximus,
1533 2878 1730 2960 defunctus
1749 2878 1947 2925 reliquerit,
1973 2890 2094 2916 omnes
2114 2880 2283 2926 deinceps
2301 2892 2351 2917 ex
2371 2881 2485 2918 latere

246 2926 424 2970 coqnatos
445 2922 496 2958 ad
517 2922 751 2960 hereditatem
774 2934 943 2959 vocamus
963 2924 1159 2960 secundum
1188 2923 1470 2970 uniuscuiusque
1491 2935 1561 2971 qra
1588 2934 1631 2960 us
1646 2925 1966 2971 praeroqativam,
1996 2929 2038 2960 ut
2058 2926 2341 2972 propinquiores
2363 2927 2484 2973 qradu

299 3038 314 3070 1
342 3035 469 3078 ἔζησεν
491 3035 539 3069 B⁸
557 3034 570 3080 11
587 3037 607 3070 2
631 3034 668 3069 οἱ
689 3033 824 3078 παῖδες]
849 3034 919 3070 υἱοὶ
940 3037 990 3070 Β*
1004 3049 1033 3070 υ.
1050 3037 1069 3070 I.
1088 3036 1101 3079 ΙΙ
1118 3039 1139 3070 4
1156 3034 1331 3081 περΙριόν-

246 3091 303 3115 τες
326 3084 378 3125 (ερ
402 3083 436 3115 in
460 3083 542 3122 ras.)
567 3081 611 3114 M
629 3081 642 3124 ΙΙ
669 3078 742 3123 διὰ]
770 3080 868 3125 παρὰ
895 3080 945 3115 B!
1007 3082 1027 3115 6
1050 3080 1192 3123 τούτου]
1217 3080 1331 3115 τοιοῦ-

247 3138 304 3160 τοι
322 3127 353 3160 L
369 3126 382 3170 ΙΙ
399 3125 430 3159 εἰ
453 3127 526 3167 (om.
541 3126 617 3169 Ma)
638 3128 698 3159 καὶ
714 3127 797 3167 ML]
823 3123 892 3160 κᾶν
907 3127 941 3160 Β
959 3125 965 3170 Ι
988 3129 1006 3160 ’7
1030 3119 1098 3159 ὦσι
1112 3127 1148 3160 Β
1163 3126 1177 3165 ΙΙ
1195 3124 1333 3172 πατρὸς

247 3171 372 3213 εἴησαν
395 3168 433 3204 οἱ
461 3169 510 3210 (οἱ
531 3183 590 3204 om.
615 3171 684 3214 Bt)
717 3170 814 3205 θεῖοι
838 3170 909 3205 εἴτε
941 3169 1031 3215 πρὸς
1053 3170 1187 3215 μητρὸς
1210 3172 1287 3205 LB
1321 3169 1334 3215 ΙΙ

252 3219 292 3250 10
315 3216 380 3250 τοῦ
401 3216 569 3250 ἐναντίου
590 3216 622 3250 L
651 3216 664 3259 ΙΙ
691 3213 711 3249 ὁ
735 3229 793 3251 om.
809 3217 859 3250 L⁰
883 3217 896 3260 ΙΙ
927 3218 967 3251 12
988 3215 1128 3270 τούτου]
1152 3213 1332 3250 τοιούτους

250 3262 280 3294 L
297 3262 310 3305 fl
329 3263 370 3295 13
391 3261 431 3294 ἐκ
451 3274 508 3294 om.
524 3261 573 3294 B·
588 3264 601 3305 ΙΙ
622 3262 663 3295 16
678 3260 777 3302 υἱοῖς]
801 3258 824 3304 ἢ
839 3260 925 3295 υἱοῖς
942 3261 994 3295 Bf
1011 3259 1024 3306 ΙΙ
1045 3263 1084 3296 19
1104 3259 1195 3295 αλλὰ
1212 3263 1273 3295 καὶ
1290 3279 1331 3285 —

250 3307 292 3340 28
308 3306 361 3348 τῷ
379 3302 635 3347 τελευτήσαντι
652 3319 711 3340 om.
723 3307 792 3340 LB
804 3308 860 3350 (cs.
874 3308 919 3340 acI
931 3307 1008 3348 568,
1020 3313 1067 3340 29.
1084 3308 1159 3347 569,
1172 3314 1199 3341 2.
1214 3314 1242 3341 8.
1257 3307 1307 3348 26)
1321 3304 1334 3349 ΙΙ

251 3353 293 3384 30
317 3351 386 3384 τὸν
410 3364 468 3384 om.
485 3351 525 3383 M
545 3349 589 3384 τὸ
611 3351 662 3384 L⁰
678 3353 690 3394 ΙΙ
709 3353 752 3386 32
776 3351 815 3384 ἐκ
838 3348 1001 3393 δευτέρου
1019 3351 1061 3384 M
1068 3354 1099 3393 ς]
1125 3352 1164 3384 ἐκ
1187 3348 1334 3396 πρώτου

250 3397 309 3427 καὶ
332 3392 496 3437 δευτέρου
521 3396 591 3429 LB
615 3395 621 3440 Ι
653 3399 695 3431 33
718 3393 905 3430 καλῶνται
928 3397 974 3438 Β]
1006 3394 1203 3430 καλοῦνται
1227 3396 1299 3430 ML
1323 3394 1334 3438 ΙΙ

251 3441 306 3516 33¹!
314 3438 487 3482 θηλειῶν,
503 3439 586 3481 εἴτε]
644 3439 785 3484 ηλειῶν,
803 3443 863 3474 καὶ
880 3439 951 3475 εἴτε
968 3440 1020 3474 ΒΓ
1038 3440 1051 3486 ΙΙ
1074 3442 1117 3476 38
1134 3439 1334 3487 καταλείψῃ

317 3486 404 3529 vulq-

1399 3036 1539 3070 masculi
1570 3049 1629 3071 om.
1655 3036 1703 3070 R*
1734 3036 1746 3079 ΙΙ
1778 3038 1797 3071 8
1828 3039 2089 3080 praeponeretur
2116 3038 2148 3071 T
2164 3038 2252 3081 vulq.
2283 3037 2296 3082 ss
2323 3040 2344 3072 9
2376 3040 2410 3071 et
2433 3040 2485 3074 hic

1401 3083 1492 3124 add„
1524 3089 1597 3116 ante
1621 3092 1660 3115 ex
1684 3083 1828 3124 utroque
1852 3083 1914 3116 del.
1936 3083 2021 3126 cuiq.
2047 3083 2060 3126 ΙΙ
2088 3084 2263 3126 superstes]
2298 3086 2347 3116 est
2368 3093 2483 3127 super·

1400 3129 1465 3160 stes
1492 3127 1525 3160 T
1544 3126 1556 3170 ΙΙ
1581 3127 1685 3160 frater
1709 3128 1742 3159 et
1766 3138 1805 3160 ex
1829 3127 1921 3168 (fn-
1941 3137 1979 3160 ex
1995 3127 2057 3170 13¹)
2083 3128 2160 3162 libri
2184 3128 2196 3170 ΙΙ
2222 3131 2262 3162 10
2286 3130 2380 3171 parte
2401 3128 2448 3162 Β*
2471 3127 2484 3173 ΙΙ

1401 3172 1614 3214 coniungerit
1639 3171 1690 3205 T¹
1717 3171 1730 3215 ΙΙ
1761 3173 1801 3207 16
1825 3172 1901 3206 iura
1924 3174 2023 3216 only]
2058 3172 2131 3206 iure
2157 3173 2235 3207 libri
2261 3172 2274 3217 ss
2301 3173 2389 3206 nulli
2417 3172 2482 3206 alie

1410 3217 1459 3250 V¹
1491 3217 1584 3250 nulle
1608 3216 1676 3250 alio
1702 3217 1770 3255 T¹;
1803 3220 1913 3250 autem
1939 3219 2057 3251 addidi
2071 3217 2084 3262 ΙΙ
2112 3219 2152 3252 18
2178 3220 2210 3250 et
2235 3231 2293 3252 om.
2319 3218 2380 3262 Tu
2404 3227 2479 3250 con-

1401 3262 1555 3295 scrrimus
1580 3262 1644 3305 T0,
1685 3262 1886 3296 conserimus
1916 3281 1959 3287 —
1990 3262 2183 3296 iudicantur
2203 3263 2311 3296 tribus
2340 3274 2402 3296 scr.
2430 3261 2481 3295 V²

1403 3309 1433 3339 in
1459 3320 1524 3340 ras.
1542 3309 1558 3342 1
1580 3320 1626 3340 vs.
1655 3307 1668 3350 ΙΙ
1700 3309 1741 3342 19
1765 3307 1846 3340 thiis
1869 3307 1964 3341 RV³
1975 3308 2020 3348 T]
2052 3308 2161 3341 tribus
2187 3307 2264 3350 V(²)
2290 3307 2362 3340 nis
2389 3306 2439 3339 V¹
2470 3306 2481 3348 Η

1402 3353 1439 3385 21
1462 3352 1573 3393 etiam]
1591 3354 1624 3385 et
1640 3352 1673 3386 T
1683 3351 1696 3396 ΙΙ
1715 3353 1758 3387 23
1774 3352 1997 3386 successiones
2015 3353 2068 3386 Ta
2085 3352 2097 3397 ΙΙ
2116 3354 2187 3394 aut]
2205 3352 2259 3385 uel
2273 3350 2332 3394 ΤΗ
2347 3349 2478 3384 251'un-

1402 3396 1542 3435 gebatur
1563 3396 1614 3430 V²
1636 3398 1669 3430 in
1686 3410 1752 3430 ras.
1777 3397 1979 3439 iungebatur
2002 3399 2074 3440 (sie)
2090 3398 2139 3431 ΕΙ
2170 3395 2393 3439 iungebantur
2418 3395 2450 3427 Τ
2469 3395 2481 3438 ΙΙ

1404 3442 1445 3474 26
1470 3441 1575 3484 patris
1594 3442 1648 3475 1⁷⁰
1665 3440 1678 3485 ΙΙ
1694 3441 1844 3475 dedimus
1867 3443 1951 3485 vuly.
1970 3442 1982 3486 ΙΙ
2001 3443 2042 3476 27
2063 3442 2211 3485 priorum
2237 3439 2295 3482 Tfl
2311 3439 2353 3472 28
2370 3438 2477 3472 locum

1396 3485 1464 3518 soli
1489 3486 1626 3528 RVT⁸1
1659 3486 1738 3520 solis
1761 3486 1872 3520 locum
1898 3488 1930 3520 T
1940 3487 1949 3508 ¹
1980 3486 2045 3520 soli
2068 3487 2177 3520 locum
2202 3483 2253 3518 T·
2277 3483 2291 3526 ΙΙ
2319 3484 2361 3516 30
2388 3485 2477 3525 quia]

1403 3531 1461 3572 qui
1485 3541 1505 3563 a
1530 3531 1580 3564 T·
1597 3531 1610 3575 ΙΙ
1634 3531 1798 3565 defunctis
1824 3532 1856 3565 R
1879 3531 2055 3565 defunctus
2087 3531 2116 3564 V
2170 3530 2208 3562 31
2235 3526 2307 3560 siue
2331 3537 2351 3559 a
2374 3531 2478 3562 matre

1401 3576 1471 3607 siue
1496 3586 1515 3607 a
1538 3579 1632 3618 patre
1660 3577 1723 3620 Tu
1750 3575 1804 3610 illi
1827 3576 1927 3610 etiam
1960 3577 1994 3610 V
2012 3578 2025 3619 ΙΙ
2053 3577 2096 3611 37
2120 3583 2150 3606 ει
2173 3571 2261 3614 vero]
2286 3573 2357 3605 siue
2391 3574 2443 3606 V⁰
2466 3573 2479 3619 ΙΙ

1402 3619 1523 3652 fratum
1547 3621 1579 3653 V
1603 3620 1616 3665 ιι
1646 3621 1735 3654 siout
1759 3622 1887 3665 Tvutq.
1911 3620 1925 3666 ῃ
1951 3622 2001 3656 38-
2018 3616 2180 3653 damnetis
2200 3614 2251 3650 ν’
2277 3617 2288 3658 11
2316 3619 2358 3650 40
2384 3628 2477 3660 prae-

1402 3665 1585 3706 rogatiuam
1611 3665 1889 3709 (praerogatiuam
1913 3663 2109 3699 sententiam
2134 3661 2237 3695 altera
2262 3663 2328 3695 vice
2348 3662 2410 3706 Rss)
2437 3682 2477 3688 -

1402 3711 1479 3751 571,
1493 3717 1509 3743 2
1532 3710 1675 3744 eiusdem
1700 3711 1824 3754 gradus
1849 3712 1897 3744 bis
1918 3709 2049 3753 ser-ipsit
2070 3706 2118 3740 12²
2136 3705 2149 3749 fl
2167 3707 2215 3747 ut]
2240 3710 2298 3739 aut
2321 3707 2370 3740 R¹

309 3573 328 3604 3
353 3575 533 3614 utrumque
547 3576 719 3617 parentem
737 3575 984 3618 Spanqenbery]
1010 3577 1185 3617 utramque
1205 3577 1333 3615 (utran-

253 3624 317 3655 que
343 3617 386 3658 R)
409 3620 535 3659 partem
562 3620 638 3652 libri
654 3618 667 3662 ΙΙ
690 3621 791 3660 nunc]
816 3629 882 3652 non
910 3619 955 3651 13¹
978 3620 1039 3653 del.
1054 3619 1104 3653 R³
1119 3619 1132 3664 ΙΙ
1150 3619 1334 3662 iungeban-

254 3660 310 3692 tur
327 3659 423 3693 R²T¹
448 3663 477 3693 ei
501 3662 726 3727 iungebantur
748 3663 804 3706 Vn
821 3665 842 3697 4
865 3667 991 3706 partem
1017 3664 1066 3697 R¹
1084 3663 1133 3708 115
1158 3664 1189 3697 ei
1208 3677 1333 3698 erasum

254 3705 286 3737 in
309 3703 366 3748 Vn
381 3706 402 3737 ὃ
425 3705 500 3738 istis
523 3707 555 3739 T
597 3707 655 3739 isti
679 3708 730 3740 T²
746 3708 759 3750 ΙΙ
777 3710 795 3741 7
816 3708 868 3740 sin
890 3708 955 3741 thii
979 3708 1013 3741 R
1030 3708 1043 3753 ΙΙ
1059 3711 1092 3741 et
1117 3721 1175 3743 om.
1194 3708 1248 3754 Tfl
1265 3709 1333 3742 sive
