2612 4016
185 151 241 183 ΕΤ
269 150 567 183 ΑΕαΥΡΤῐΑοῙς
595 151 848 186 Pnovmcns
1244 135 1329 186 785
2031 136 2108 183 Ed.
2130 138 2235 182 XIII
2269 140 2332 181 10.
2360 140 2405 179 11

183 248 324 286 στάλιος
353 247 375 293 ἢ
407 250 443 285 οἷ
471 250 722 296 λαμπρότατοι
748 251 935 296 τριβοῦνοι
967 249 1036 296 (ἢ)
1061 250 1096 285 οἱ
1119 248 1367 297 πρωτεύοντες
1387 251 1466 285 τῶν
1486 249 1696 297 ταγμάτων,
1720 251 1783 294 τῆς
1806 262 1846 284 τε
1870 249 1971 291 ἀξίας
1995 252 2055 283 καὶ
2079 250 2141 293 τῆς
2161 248 2270 294 ἀρχῆς
2294 262 2410 294 παρα·

183 295 411 339 λυθήσονται
444 299 503 330 καὶ
528 296 797 340 θεραπεύσουσι
820 297 874 338 τῷ
897 295 1058 339 δημοσίῳ
1082 296 1149 339 τὴν
1174 293 1291 339 αὐτὴν
1310 297 1442 338 ζηαίαν
1466 299 1526 329 καὶ
1550 296 1695 330 ἰδιῶται
1718 294 1916 341 γενόμενοι,
1941 298 1999 328 καὶ
2024 291 2065 328 οὗ
2089 293 2274 340 περιόντες
2296 294 2410 338 μόνον

182 338 274 375 ἀλλὰ
303 339 348 384 δὴ
379 344 438 374 καὶ
470 339 763 383 τελευτήσαντες·
800 341 984 381 ἐνέξονται
1013 341 1081 387 γὰρ
1111 338 1213 375 αὐτοὶ
1243 344 1303 375 καὶ
1335 339 1548 385 κληρονόμοι
1579 344 1656 375 ταῖς
1680 340 1865 374 τοιαύταις
1890 336 2104 382 ἂπαιτήσεσι
2128 343 2188 373 καὶ
2212 338 2259 374 τὰ
2285 337 2410 373 αὐτῶν

182 384 390 433 πράγματα,
423 381 519 419 ὥστε
542 383 714 429 εὐλαβείᾳ
736 386 814 420 τῶν
838 387 981 421 ποινῶν
1003 386 1117 429 μηδὲν
1140 384 1418 430 ἂμαρτάνεσθαι
1441 387 1608 420 τοιοῦτον
1630 383 1722 430 μηδὲ
1744 383 1951 432 διαφεύγειν
1975 384 2044 428 τὴν
2067 384 2209 428 ποινήν,
2241 384 2341 430 ἄχρις
2365 381 2411 417 ἂν

255 429 298 465 τὸ
323 431 401 464 πᾶν
421 429 568 474 ὄφλημα
593 428 792 474 διαλυθείη.
841 431 872 464 εἰ
896 429 938 464 δέ
957 442 1011 464 τις
1034 430 1257 477 ἐναγόμενον
1277 428 1445 476 ἀφέλοιτο
1470 430 1670 476 πρόσωπον
1695 432 1732 464 ἐκ
1755 431 1833 464 τῶν
1853 428 1972 477 ἁγίων
1995 428 2204 475 περιβόλων
2234 428 2256 473 ἢ
2279 429 2409 464 τόπων
2433 431 2452 462 5

182 472 205 518 ἢ
237 478 296 508 καὶ
329 473 501 518 ἐμποδών
532 477 579 530 τῇ
606 473 802 518 ἀπαιτήσει
828 479 942 517 ἔσται,
975 474 1030 508 δεῖ
1059 479 1119 509 καὶ
1146 476 1279 510 τοῦτον
1302 474 1436 519 ὁμοίως
1460 475 1598 510 παντὸς
1620 467 1731 521 οὗπερ
1756 473 1775 509 ὃ
1796 474 2010 521 ἀφαιρεθεὶς
2032 475 2240 509 ὑπεύθυνος
2263 478 2410 521 γέγονεν

184 522 310 562 ἔνοχον
340 520 433 554 εἶναι
465 523 525 554 καὶ
557 520 799 554 απαιτεῖσθαι
829 520 896 554 σὺν
927 519 1160 565 κληρονόμοις
1183 518 1283 555 ἰδίοις
1306 524 1365 554 καὶ
1391 518 1570 563 διαδόχοις
1593 524 1652 554 καὶ
1675 524 1748 554 τοῖς
1773 518 1882 554 αὐτοῖ-
1908 520 2128 566 πράγμασιν.
2178 517 2253 553 dm]
2281 517 2411 553 αὖτοὺς

182 562 230 599 οἷς
255 565 392 611 εἴρηται
423 564 504 599 τοὺς
535 568 595 598 καὶ
626 566 694 599 τὸν
721 563 845 599 πάντα
876 564 1048 599 κίνδυνον
1078 568 1225 607 ἔχοντας
1256 567 1317 601 ἐπὶ
1347 565 1466 608 τούτῳ
1501 568 1634 610 (φαμὲν
1665 564 1708 609 δὴ
1733 564 1814 599 τοὺς
1837 565 2052 612 τρακτευτὰς
2075 568 2135 598 καὶ
2160 567 2410 610 σκρινιαρίους)

183 607 312 643 αὐτοὺς
331 612 390 643 καὶ
414 608 483 653 τὴν
507 612 635 645 πᾶσαν
659 610 826 650 ἐξουσίαν
844 613 904 643 καὶ
927 610 997 653 τὴν
1022 608 1198 653 διοίκησιν
1222 612 1285 645 τοῦ
1308 610 1379 658 πρά
1405 621 1518 654 ματος
1540 613 1644 653 ἔχειν,
1667 614 1726 644 καὶ
1750 610 1871 645 πάντα
1887 611 1953 645 τὸν
1968 609 2108 644 κανόνα
2126 613 2200 644 ταῖς
2215 612 2411 653 τραπέζαις

181 658 259 688 ταῖς
291 658 369 688 σαῖς
400 656 438 688 ἐκ
469 656 547 689 τῶν
578 656 776 700 εἰρημένων
808 653 1029 701 διαφέροντα
1059 654 1204 690 πόλεών
1225 668 1265 689 τε
1287 660 1347 689 καὶ
1391 656 1557 698 παρχιῶν
1580 659 1639 689 καὶ
1662 654 1791 690 τόπων
1814 657 2011 700 ἐκπέμπειν
2034 658 2111 690 ταῖς
2133 657 2327 702 τραπέζαις
2349 655 2411 698 τῆς
2438 657 2476 689 10

182 700 244 743 σῆς
267 696 452 746 ὑπεροχῆς,
476 701 522 747 τῇ
544 713 585 735 τε
606 702 730 745 γενικῇ
753 701 798 746 τῇ
822 713 862 734 τε
886 698 992 746 ἰδικῇ,
1017 703 1077 733 καὶ
1100 704 1174 735 τοῖς
1197 699 1315 735 ἄλλοις
1339 699 1544 736 ἐπιδιδόναι
1568 700 1619 734 οἶς
1643 699 1691 734 ἂν
1714 698 1820 735 αὐτὸς
1843 698 2118 735 διατυπώσειας.

1173 790 1332 826 CAPUT
1356 791 1420 826 XI.

317 855 435 902 Ἡμεῖς
466 855 506 891 δὲ
534 857 772 901 θεσπίζομεν,
802 855 963 903 ἀνάγκην
994 859 1089 900 ἔχειν
1121 857 1187 892 τὸν
1212 857 1454 902 περίβλεπτον
1479 856 1740 905 αὐγουστάλιον
1762 861 1823 891 καὶ
1847 858 2045 901 ἐπαμύνειν
2068 859 2141 892 τοῖς
2164 870 2204 892 τε
2227 857 2326 902 παρὰ
2348 858 2412 891 τοῦ

183 903 249 937 σοῦ
275 902 413 947 θρόνου
433 901 677 945 στελλομένοις
700 903 747 936 εἰς
771 903 880 936 τοῦτο
903 905 962 935 καὶ
986 906 1059 937 τοῖς
1079 906 1310 947 τρακτευταῖς
1333 907 1392 937 καὶ
1412 907 1644 949 σκρινιαρίοις
1667 903 1747 947 ἤτοι
1770 904 1825 945 τῷ
1850 902 2047 947 πληροῖντι
2071 902 2137 936 τὸν
2155 899 2278 936 αὐτῶν
2295 902 2413 936 τόπον

184 950 207 984 1
254 949 315 983 ἐπὶ
346 951 423 982 ταῖς
455 947 664 992 εἰσπράξεσι
692 950 769 981 ταῖς
801 943 957 991 ὁρώσαις
989 946 1115 982 αὐτοὺς
1138 951 1198 981 καὶ
1221 949 1268 982 εἰς
1290 948 1358 991 τὴν
1380 948 1527 994 γενικὴν
1550 952 1608 982 καὶ
1631 947 1748 991 ἰδικὴν
1769 945 2052 992 ἀναφερομέναις
2074 947 2270 992 τράπεζαν.
2318 948 2349 980 εἰ
2373 945 2415 981 δέ

185 1004 285 1027 τινας
316 996 473 1036 συμβαίη
505 994 582 1026 τῶν
614 994 652 1026 ἐκ
683 994 760 1026 τῶν
792 993 991 1036 εἰρημένων
1021 994 1153 1038 χωρῶν
1182 993 1406 1038 ἀγνωμονεῖν
1438 997 1520 1039 περὶ
1552 993 1595 1027 τὸ
1628 992 1803 1038 δημόσιον
1835 997 1897 1026 καί
1919 1006 2003 1026 τινα
2026 993 2187 1037 ταραχὴν
2210 993 2411 1037 πειρᾶσθαι
2439 995 2478 1027 15

184 1041 316 1082 ποιεῖν,
350 1038 410 1072 ἵνα
443 1036 654 1084 διαφύγοιεν
685 1036 754 1080 τὴν
783 1037 983 1080 εἴσπραξιν,
1014 1038 1241 1081 θεσπίζομεν
1266 1036 1389 1072 ἄδειαν
1411 1042 1505 1081 ἔχειν
1528 1038 1596 1073 τὸν
1619 1037 1841 1084 τρακτευτὴν
1864 1036 1944 1081 ἤτοι
1967 1038 2049 1071 τοὺς
2073 1041 2310 1083 σκρινιαρίους
2333 1038 2413 1081 ἤτοι

184 1083 249 1117 τὸν
273 1084 448 1125 ἐπέχοντα
480 1082 550 1125 τὴν
581 1081 688 1123 τάξιν
719 1079 842 1116 αὐτῶν
873 1080 963 1125 δῆλα
993 1084 1110 1117 ταῦτα
1141 1083 1328 1117 καθιστᾶν
1354 1084 1407 1126 τῷ
1439 1083 1817 1131 μεγαλοπρεπεστάτῳ
1850 1081 2110 1129 αὖγουσταλίῳ,
2141 1081 2208 1117 τὸν
2231 1081 2270 1116 δὲ
2293 1083 2412 1125 οἰκείῳ

185 1125 341 1171 κινδύνῳ
366 1131 426 1161 καὶ
450 1128 513 1170 τῆς
537 1127 757 1169 πειθομένης
782 1125 880 1170 αὐτῷ
906 1126 1038 1168 τάξεως
1058 1128 1347 1174 καταναγκάζειν
1369 1129 1452 1163 τοὺς
1477 1127 1702 1174 στρατιώτας
1725 1127 1878 1173 ἀμύνειν
1901 1129 1954 1171 τῷ
1975 1126 2160 1174 πράγματι
2177 1130 2236 1161 καὶ
2254 1130 2414 1170 συνέχειν

185 1173 268 1207 τούς
298 1170 601 1219 ἀγνωμονοῦντας
633 1175 692 1206 καὶ
726 1169 897 1206 ἀπαιτεῖν
926 1173 972 1206 τὰ
1004 1176 1082 1207 ταῖς
1110 1173 1234 1229 (σαῖς)
1264 1176 1457 1219 τραπέζαις
1489 1172 1708 1219 ὀφειλόμενα
1739 1175 1856 1216 οἰκείῳ
1882 1171 2052 1216 κινδύνῳ,
2085 1169 2179 1207 ὥστε
2205 1171 2266 1206 διά
2289 1186 2329 1207 τε
2352 1174 2415 1215 τῆς

185 1217 370 1261 πολιτικῆς
403 1216 463 1251 διά
495 1231 534 1252 τε
558 1219 618 1260 τῆς
643 1219 903 1262 στρατιωτικῆς
925 1217 1039 1263 χειρὸς
1062 1220 1180 1252 ταῦτα
1204 1220 1385 1263 ανυόμενα
1409 1218 1663 1265 ἀνυπέρθετον
1687 1221 1781 1262 ἔχειν
1805 1221 1873 1261 τήν
1896 1218 2084 1263 εἴσπραξιν
2106 1217 2175 1261 τήν
2198 1231 2238 1252 τε
2262 1220 2322 1253 ἐπὶ
2346 1217 2414 1259 τὴν
2439 1220 2481 1252 20

184 1261 341 1310 μεγάλην
361 1262 500 1305 ταύτην
524 1261 634 1298 πόλιν
659 1261 841 1308 εἰσφοράν.
889 1261 1044 1296 εἰδότων
1067 1264 1143 1297 τῶν
1166 1276 1206 1297 τε
1230 1263 1500 1308 λαμπροτάτων
1523 1263 1730 1309 τριβούνων
1753 1266 1831 1298 τῶν
1856 1267 1918 1305 [τε]
1943 1261 2214 1309 ἀνδρειοτάτων
2238 1275 2414 1308 στρατιω-

161 1345 163 1347 ,
185 1309 263 1342 τῶν
293 1311 354 1342 καὶ
382 1307 538 1352 μάλιστα
569 1309 646 1342 τῶν
679 1309 719 1341 ἐν
751 1307 869 1342 αύτοῖς
891 1308 1167 1352 πρωτευόντων,
1202 1305 1261 1343 ὅτι
1285 1311 1413 1343 τούτου
1437 1311 1468 1343 εἰ
1492 1309 1745 1354 ῥᾳθυμήσειαν
1769 1312 1827 1343 καὶ
1851 1309 1900 1352 μὴ
1925 1308 2261 1354 παρασκευάσουσιν
2287 1306 2416 1349 αὐτοὺς

187 1350 337 1388 ἅπαντα
369 1353 505 1399 πρᾶξαι
537 1349 659 1387 ὁπόσα
691 1351 893 1397 εἰρήκαμεν,
925 1356 985 1386 καὶ
1009 1356 1090 1397 περὶ
1115 1354 1192 1387 τῶν
1217 1354 1395 1397 σιτήσεων
1419 1352 1708 1388 κινδυνεύσουσι·
1746 1352 2187 1399 παρακατασχεθήσονται
2210 1354 2281 1400 γὰρ
2306 1351 2414 1387 αὗται

187 1397 287 1442 παρὰ
311 1400 374 1432 τοῦ
400 1398 494 1432 κατὰ
518 1397 647 1442 καιρὸν
673 1395 932 1444 αύγουσταλιόυ
956 1402 1016 1432 καὶ
1039 1399 1386 1442 εἰσκομισθήσονται
1409 1403 1486 1433 ταῖς
1510 1402 1587 1433 σαῖς
1610 1401 1805 1444 τραπέζαις
1829 1400 1947 1442 οἰκείῳ
1970 1396 2141 1442 κινδύνῳ,
2166 1402 2226 1432 καὶ
2242 1397 2415 1441 δήμευσιν

185 1442 456 1485 ὑποστήσονται
477 1444 515 1476 οἵ
535 1456 574 1477 τε
596 1442 850 1488 λαμπρότατοι
873 1442 998 1477 αὐτῶν
1030 1444 1215 1489 τριβούνοι
1238 1447 1298 1478 καὶ
1321 1443 1357 1478 οἱ
1380 1446 1419 1479 ἐν
1443 1442 1564 1479 αὐτοῖς
1589 1446 1836 1490 πρωτεύοντες
1860 1445 1976 1486 (οἵπερ
1999 1446 2059 1476 καὶ
2082 1442 2279 1488 κεφαλικὴν
2302 1456 2413 1487 τιμω-
2440 1447 2483 1480 25

213 1493 273 1523 ίαν
294 1486 622 1532 εὐλαβείσθωσαν),
647 1492 705 1521 καὶ
726 1489 768 1522 τὸ
794 1489 867 1523 πᾶν
891 1487 1012 1535 τάγμα
1035 1489 1222 1533 μεταστὰν
1246 1491 1284 1523 ἐκ
1309 1491 1371 1532 τῆς
1394 1490 1511 1536 χώρας
1535 1491 1575 1524 ἐν
1598 1493 1671 1524 τοῖς
1694 1492 1915 1535 πορρωτέρω
1939 1490 2003 1522 τοῦ
2021 1488 2158 1534 Ἴστρου
2181 1488 2262 1531 ἦτοι
2280 1490 2415 1522 Δανου-

185 1503 210 1570 Ξ
258 1537 339 1578 βίου
365 1534 531 1578 ποταμοῦ
553 1534 682 1568 τόποις
703 1531 1009 1577 μετατεθήσεται,
1034 1537 1106 1568 τοῖς
1131 1536 1242 1567 ἐκεῖσε
1266 1533 1417 1577 λιμιτοῖς
1440 1537 1504 1577 τῆς
1527 1535 1786 1580 παραφυλακῆς
1810 1536 1914 1569 ἕνεκα
1938 1535 2263 1580 προσκαρτερῆσον.
2313 1530 2419 1566 αὐτοί

186 1591 227 1613 τε
257 1578 293 1613 οἱ
323 1577 414 1624 πρὸς
443 1577 486 1612 τὸ
521 1576 695 1623 δημόσιον
725 1577 1052 1625 ἀγνωμονήσαντες
1082 1582 1142 1612 καὶ
1174 1579 1240 1622 τὴν
1264 1579 1437 1622 τοιαύτην
1461 1578 1624 1625 ἀνάγκην
1649 1579 1908 1624 ἀναμείναντες
1932 1577 2104 1623 δήμευσίν
2126 1591 2166 1612 τε
2189 1582 2250 1612 καὶ
2274 1578 2418 1622 ἐξορίαν

188 1621 459 1666 ’ὑποστήσονται
484 1621 639 1666 διηνεκῆ,
663 1623 732 1666 τὴν
757 1622 1110 1667 Σεβαστουπολιτῶν
1133 1627 1192 1657 καὶ
1209 1623 1456 1668 Πιτυούντων,
1482 1626 1588 1671 αἵπερ
1613 1625 1705 1658 εἰσὶν
1729 1622 1783 1660 ἐπ’
1807 1625 1958 1667 ἐσχάτου
1981 1625 2045 1667 τῆς
2060 1638 2135 1655 *0*
2153 1625 2218 1658 τοῦ
2244 1622 2417 1663 Εὐξείνου

188 1666 331 1703 Πόντου
364 1666 646 1711 κατοικήσοντες.
701 1667 773 1711 Τὴν
806 1667 845 1702 δὲ
876 1667 992 1712 αὐτὴν
1024 1672 1084 1702 καὶ
1115 1668 1246 1712 ὁμοίαν
1277 1668 1456 1715 φροντίδα
1487 1671 1541 1713 τῷ
1572 1669 1804 1715 περιβλέπτῳ
1838 1667 2086 1715 αὐγουσταλίῳ
2119 1669 2335 1712 ἐπιτίθεμεν
2358 1670 2417 1701 καὶ
2442 1672 2485 1704 30

188 1713 368 1760 προφάσει
395 1715 473 1747 τῶν
501 1713 794 1757 ΙαῖςὶῐὶοηᾶῙίοῶν
825 1713 962 1748 τίτλων
993 1717 1053 1747 καὶ
1082 1715 1235 1749 πάντων
1266 1717 1344 1748 τῶν
1368 1717 1632 1759 προσηκόντων
1655 1715 1703 1749 εἰς
1726 1715 1788 1749 τὰς
1807 1715 1913 1748 θείας
1935 1713 2039 1757 ἡμῶν
2071 1712 2309 1759 λαργιτιόνας,
2336 1709 2417 1746 ἀνυ-

187 1762 331 1802 ομένων
355 1755 438 1801 παρ’
467 1756 575 1792 αὐτοῦ
599 1762 659 1792 καὶ
683 1759 746 1800 τῆς
771 1757 883 1792 αὐτοῦ
907 1758 1042 1799 τάξεως
1066 1759 1137 1792 εἴτε
1159 1758 1250 1793 κατὰ
1274 1759 1343 1801 τὴν
1364 1756 1629 1804 Ἀλεξανδρέων
1651 1756 1765 1802 αὐτὴν
1782 1759 1853 1793 εἴτε
1869 1758 1962 1792 κατὰ
1981 1757 2192 1812 Αἰγύπτους
2207 1756 2419 1812 ἀμφοτέρας.

188 1807 249 1838 καὶ
271 1804 342 1850 γὰρ
363 1803 506 1837 τούτων
530 1802 615 1847 ἡμῖν
639 1801 660 1845 ἦ
687 1799 776 1846 αὐτὴ
801 1803 1005 1845 καθέστηκε
1031 1807 1188 1855 φροντίς,
1213 1807 1272 1837 καὶ
1297 1802 1484 1847 προσῆκόν
1509 1805 1608 1838 ἐστιν
1634 1801 1746 1837 αὐτόν
1770 1816 1810 1838 τε
1830 1806 1890 1836 καὶ
1913 1802 1983 1845 τὴν
2008 1804 2119 1836 αυτοῦ
2135 1801 2242 1842 τάξιν
2259 1800 2419 1844 κινδύνῳ

188 1849 307 1892 οἰκείῳ
331 1850 501 1894 προνοεῖν
524 1849 587 1891 τῆς
610 1846 830 1893 εἰσπράξεως
853 1849 930 1882 τῶν
953 1848 1250 1892 largltionaliccbv
1273 1848 1389 1882 τελῶν
1413 1851 1473 1882 καὶ
1496 1850 1575 1883 τῶν
1600 1849 1729 1883 αἰτιῶν
1753 1845 1910 1884 ἁπασῶν
1933 1848 2011 1882 τῶν
2034 1847 2082 1882 εἰς
2105 1845 2169 1882 τὰς
2189 1847 2294 1882 θείας
2312 1845 2420 1892 ἡμῶν

190 1984 363 2030 deputata
387 1982 500 2023 debet,
524 1981 563 2016 id
586 1984 638 2017 est
661 1981 735 2016 sive
758 1981 970 2026 Auqustalis
993 1981 1067 2017 sive
1090 1981 1281 2016 clarissimi
1303 1981 1437 2016 tribuni
1460 1982 1534 2017 sive
1553 1983 1700 2027 priores
1723 1981 1936 2022 cohortium,
1961 1981 2140 2026 diqm‘tate
2155 1985 2188 2016 et
2203 1982 2421 2026 maqistratu

186 2027 431 2075 privabuntur
453 2030 488 2060 et
508 2026 599 2070 fisco
622 2024 690 2060 hoc
713 2025 882 2059 damnum
905 2026 1096 2060 restituent
1119 2026 1226 2060 etiam
1248 2036 1328 2060 cum
1345 2026 1487 2070 privati
1508 2027 1601 2065 facti
1620 2030 1737 2066 erunt,
1762 2036 1827 2060 nec
1850 2025 2006 2060 viventes
2028 2025 2144 2059 solum
2168 2036 2289 2061 verum
2313 2026 2421 2060 etiam

191 2072 382 2118 defuncti:
411 2069 623 2106 tenebuntur
654 2070 748 2104 enim
779 2069 853 2115 ipsi
881 2068 1102 2114 heredesque
1133 2069 1307 2104 eiusmodi
1338 2069 1591 2104 exactionibus
1621 2073 1655 2104 et
1678 2080 1737 2104 res
1760 2079 1894 2110 eorum,
1928 2073 1969 2103 ut
1991 2079 2192 2114 poenarum
2211 2074 2306 2105 metu
2330 2070 2422 2105 nihil

190 2119 216 2154 4
262 2117 333 2153 tale
362 2116 607 2151 committatur
637 2125 702 2150 nec
728 2124 887 2160 poenam
917 2113 1082 2193 eJZ'uqiaa
1114 2113 1226 2148 donec
1256 2113 1412 2149 debitum
1438 2117 1552 2148 totum
1576 2114 1783 2150 exsolutum
1806 2114 1865 2148 sit.
1915 2112 1958 2148 Si
1980 2114 2061 2158 quis
2084 2118 2204 2148 autem
2225 2125 2421 2160 personam

191 2173 290 2198 ream
320 2173 340 2197 e
375 2160 513 2196 sanctis
544 2161 681 2206 saeptis
710 2158 768 2194 vel
797 2158 887 2193 locis
918 2169 940 2192 a
964 2159 1142 2193 struxerit
1173 2161 1237 2193 aut
1265 2159 1371 2193 etiam
1404 2159 1590 2193 exactioni
1621 2158 1874 2204 impedimento
1907 2158 1973 2200 sit,
2010 2162 2156 2203 oportet
2186 2161 2293 2193 etiam
2325 2158 2420 2194 hunc

193 2206 358 2244 omnibus
381 2206 526 2241 omnino
552 2204 682 2250 quibus
705 2214 807 2240 exem
840 2208 896 2238 tus
921 2202 1106 2238 tenebatur
1130 2203 1338 2238 obstrictum
1361 2206 1397 2238 et
1419 2204 1608 2239 eoeactioni
1629 2214 1708 2239 eum
1732 2202 1922 2238 heredibus
1944 2203 2021 2237 suis
2045 2206 2081 2237 et
2102 2203 2370 2239 successoribus
2385 2208 2421 2240 et

191 2253 299 2289 rebus
328 2251 405 2287 suis
435 2251 634 2287 obnoxium
664 2259 751 2284 esse.
834 2258 875 2283 os
901 2258 985 2283 vero
1018 2252 1059 2283 ut
1088 2247 1222 2283 dictum
1252 2252 1316 2289 est,
1349 2248 1412 2293 qui
1443 2259 1545 2283 omne
1560 2247 1776 2328 'periculum
1800 2247 1907 2282 huius
1930 2248 1984 2282 rei
2006 2247 2170 2289 subeunt,
2203 2253 2421 2284 tractatores

193 2298 345 2334 dicimus
364 2300 400 2332 et
419 2295 643 2337 scriniarios,
663 2304 725 2330 eos
748 2294 856 2329 etiam
881 2303 1018 2328 omnem
1036 2296 1256 2338 potestatem
1279 2297 1313 2328 et
1337 2303 1461 2328 curam
1482 2293 1537 2329 rei
1585 2294 1692 2328 abere
1717 2296 1899 2338 totumque
1922 2303 2096 2327 canonem
2115 2293 2180 2338 qui
2201 2294 2333 2329 mensis
2350 2296 2421 2329 tuis

192 2354 242 2379 ex
272 2342 378 2377 dictis
409 2340 557 2376 urbibus
588 2344 624 2375 et
644 2339 846 2386 provinciis
876 2342 911 2373 et
942 2338 1031 2372 locis
1055 2338 1222 2383 competit
1247 2338 1488 2373 transmittere
1511 2338 1643 2374 mensis
1665 2337 1896 2373 sublimitatis
1919 2343 2013 2379 tuae,
2037 2342 2073 2373 et
2095 2338 2259 2383 qenerali
2282 2343 2318 2374 et
2339 2349 2419 2384 spe-

193 2387 289 2430 ciali,
314 2386 468 2432 aliisque
490 2384 785 2430 tradere1quibus
808 2383 886 2429 ipse
909 2382 1147 2430 constitueris.

327 2431 392 2467 XI.
440 2430 519 2466 Nos
549 2433 669 2465 autem
692 2429 874 2464 sancimus
896 2427 1124 2473 spectabilem
1148 2427 1384 2473 Auqustalem
1406 2436 1549 2462 necesse
1573 2426 1704 2463 habere
1727 2427 1834 2462 etiam
1858 2437 1962 2473 opem
1984 2427 2089 2472 ferre
2114 2430 2185 2462 tam
2209 2429 2260 2463 eis
2283 2429 2349 2473 qui
2370 2429 2421 2464 ad

194 2480 263 2513 hoc
285 2489 308 2512 a
331 2476 415 2512 sede
439 2479 502 2511 tua
526 2476 717 2510 mittuntur
741 2484 849 2519 quam
874 2472 1133 2507 tractatoribus
1156 2477 1190 2507 et
1213 2472 1416 2507 scriniariis
1435 2472 1509 2507 sive
1532 2473 1566 2506 ei
1589 2472 1652 2517 qui
1675 2482 1799 2506 eorum
1824 2471 1941 2507 locum
1965 2472 2091 2518 explet
2113 2472 2151 2506 in
2168 2474 2420 2509 exactionibus

194 2523 243 2558 ad
271 2533 334 2557 eos
362 2520 628 2568 pertinentibus
658 2523 694 2554 et
722 2518 772 2553 ad
802 2517 1007 2563 qeneralem
1038 2520 1073 2552 et
1102 2517 1294 2562 specialem
1324 2527 1483 2552 mensam
1513 2516 1729 2561 referendis.
1777 2515 1822 2551 Si
1847 2517 1911 2562 qui
1942 2522 2061 2551 autem
2092 2527 2142 2552 ex
2173 2517 2280 2552 dictis
2312 2519 2418 2553 terris

193 2566 351 2613 improbi
382 2566 480 2600 circa
500 2565 628 2609 fiscum
651 2563 793 2608 fuerint
816 2566 852 2597 et
875 2562 1030 2607 aliquem
1055 2561 1243 2596 tumultum
1263 2562 1427 2597 excitare
1449 2561 1664 2603 studuerint,
1696 2564 1737 2596 ut
1759 2562 1987 2597 exactionem
2013 2561 2203 2607 effuqiant,
2235 2563 2419 2598 sancimus

195 2613 304 2647 licere
337 2610 531 2647 tractatori
559 2610 633 2645 sive
663 2607 868 2643 scriniariis
897 2608 972 2642 sive
1003 2606 1036 2641 ei
1066 2606 1128 2651 qui
1151 2606 1267 2641 locum
1291 2617 1416 2642 eorum
1441 2605 1575 2641 obtinet
1599 2605 1643 2640 de
1667 2605 1724 2640 his
1747 2607 1934 2641 certiorem
1957 2606 2084 2651 facere
2107 2607 2419 2651 maqnificentissi-

194 2668 290 2692 mum
321 2655 567 2701 Auqustalem,
598 2652 693 2688 hune
717 2663 800 2688 vero
824 2651 883 2687 sui
905 2651 1021 2697 ipsius
1044 2656 1078 2686 et
1101 2652 1218 2696 officii
1241 2651 1274 2686 ei
1325 2651 1461 2687 arentis
1482 2650 1646 2695 periculo
1671 2661 1802 2695 coqere
1825 2651 1955 2685 milites
1977 2650 2166 2686 subvenire
2189 2652 2245 2686 rei
2264 2656 2301 2687 et
2324 2662 2418 2687 com-

188 2700 418 2748 prehendere
449 2699 633 2745 improbos
664 2701 699 2733 et
729 2697 877 2742 exiqere
908 2706 1002 2741 quae
1031 2697 1162 2730 mensis
1193 2696 1264 2730 tuis
1312 2696 1459 2731 ebentur
1481 2695 1634 2741 proprio
1650 2695 1832 2741 periculo,
1857 2701 1898 2730 ut
1922 2699 1993 2730 tam
2018 2695 2114 2730 civili
2138 2706 2245 2741 quam
2268 2697 2421 2732 militari

196 2757 306 2781 manu
338 2745 427 2780 haec
459 2744 602 2789 aqitata
625 2743 703 2778 sine
726 2742 901 2777 dilatione
924 2741 1121 2786 exiqantur
1144 2744 1179 2775 et
1201 2741 1239 2775 in
1262 2751 1431 2786 maqnam
1455 2740 1548 2775 hanc
1571 2740 1692 2776 urbem
1715 2740 1967 2786 importentur.
2014 2739 2064 2775 Et
2085 2741 2204 2775 sciant
2227 2741 2421 2776 clarissimi

197 2791 334 2827 tribuni
361 2789 648 2835 fortissimorum
677 2787 828 2822 militum
858 2789 893 2822 et
923 2786 1081 2820 maxime
1110 2785 1285 2831 primates
1315 2796 1450 2827 eorum,
1480 2795 1557 2819 sese
1580 2785 1612 2819 si
1635 2784 1702 2819 hoc
1724 2785 1953 2829 neqlecceiint
1975 2795 2041 2820 nec
2065 2785 2186 2820 omnia
2207 2786 2335 2831 facere
2358 2797 2419 2821 eos

196 2835 439 2882 compulerint
462 2844 554 2879 quae
578 2833 749 2874 diximus,
773 2831 929 2866 annonis
953 2840 1097 2875 quoque
1118 2830 1412 2876 periclitaturos;
1436 2829 1684 2865 retinebuntur
1706 2830 1800 2864 enim
1823 2828 1892 2864 hae
1915 2829 1960 2864 ab
1980 2840 2022 2865 eo
2041 2831 2104 2875 qui
2121 2834 2194 2864 tum
2206 2831 2418 2877 Auqustatis

196 2882 267 2916 erit
301 2883 337 2915 et
366 2879 573 2923 inferentur
607 2877 739 2913 mensis
774 2877 846 2910 tuis
880 2876 995 2921 ipsius
1019 2875 1204 2919 periculo,
1236 2879 1271 2911 et
1302 2875 1476 2910 bonorum
1501 2874 1784 2919 publicationem
1815 2874 2040 2909 sustinebunt
2072 2874 2265 2910 clarissimi
2293 2886 2417 2911 eorum

198 2924 333 2960 tribuni
356 2927 391 2958 et
414 2923 477 2968 qui
499 2923 594 2957 inter
616 2923 717 2967 ipsos
737 2921 913 2966 primates
936 2923 1020 2954 sunt
1041 2920 1116 2964 (qui
1136 2920 1243 2955 etiam
1267 2919 1459 2966 capitalem
1473 2929 1632 2964 poenam
1648 2921 1832 2962 metuant),
1857 2923 1892 2954 et
1907 2919 2074 2954 universa
2090 2918 2220 2955 cohors
2235 2931 2255 2955 e
2269 2922 2419 2965 reqione

197 2973 294 3003 mota
326 2969 363 3002 in
396 2967 476 3002 loca
533 2977 602 3001 uae
632 2966 730 3000 ultra
755 2963 890 2999 Istrum
921 2964 996 2999 sive
1019 2964 1223 2999 Danubium
1250 2968 1336 2999 sunt
1367 2964 1621 3008 transferetur,
1653 2968 1693 2998 ut
1714 2963 1788 2998 illis
1811 2963 1982 2998 limitibus
2006 2964 2193 2999 custodiae
2216 2975 2328 2999 causa
2352 2964 2417 2999 ad-

196 3013 222 3048 2
268 3012 426 3047 haereat.
510 3021 595 3055 ique
618 3010 692 3055 ipsi
713 3010 778 3055 qui
799 3010 836 3043 in
857 3009 986 3053 fiscum
1009 3009 1166 3054 improbi
1185 3009 1339 3053 fuerunt
1361 3012 1395 3043 et
1420 3010 1525 3043 talem
1548 3009 1793 3044 necessitatem
1817 3011 2112 3053 expectaverunt,
2131 3008 2417 3054 publicationem

198 3058 374 3092 bonorum
404 3059 438 3091 et
467 3056 618 3091 exilium
648 3053 872 3089 sustinebunt
903 3058 1129 3099 perpetuum,
1161 3054 1200 3088 in
1225 3053 1623 3098 Sebastopolitanorum
1655 3057 1690 3087 et
1714 3052 1940 3098 Pityuntium
1971 3052 2118 3088 urbibus
2147 3063 2240 3097 quae
2271 3059 2356 3089 sunt
2380 3054 2418 3087 in

199 3113 263 3137 ore
301 3101 425 3136 ultimo
460 3114 476 3131 α
498 3114 514 3131 »n
537 3114 554 3131 ι·
588 3103 624 3135 et
657 3099 766 3134 Ponti
795 3098 938 3133 Euxini
977 3097 1184 3133 habitaturi·
1239 3098 1403 3133 Eandem
1444 3108 1528 3133 vero
1568 3101 1604 3132 et
1635 3095 1821 3143 aequalem
1851 3107 1975 3132 curam
2005 3097 2193 3141 spectabili
2224 3097 2419 3144 Auqustali

198 3146 415 3192 imponimus
439 3146 545 3180 etiam
572 3143 857 3189 largitionalium
883 3142 1068 3178 titulorum
1091 3143 1233 3180 nomine
1255 3147 1291 3178 et
1313 3142 1468 3178 omnium
1492 3153 1586 3187 quae
1609 3142 1659 3177 ad
1680 3152 1808 3177 sacras
1831 3146 1976 3177 nostras
1993 3141 2207 3187 larqitiones
2223 3143 2418 3188 pertinent,

225 3202 292 3225 uae
321 3191 365 3225 ab
392 3191 471 3236 ipso
503 3189 702 3234 officioque
732 3189 808 3223 eius
838 3188 912 3222 sive
943 3188 982 3222 in
1011 3188 1093 3233 ipsa
1124 3187 1456 3223 Alemandrinorum
1488 3188 1576 3222 urbe
1604 3187 1679 3222 sive
1708 3187 1746 3221 in
1777 3190 1933 3232 utraque
1961 3187 2130 3232 Aquspto
2162 3187 2416 3232 expediuntur.

199 3202 294 3270 qvam
326 3234 414 3269 haec
443 3244 586 3280 quoque
616 3244 729 3279 aeque
759 3233 862 3267 nobis
892 3243 1001 3267 curae
1031 3235 1126 3274 sunt,
1155 3236 1190 3266 et
1213 3236 1357 3277 oportet
1380 3242 1458 3266 eum
1481 3232 1629 3276 eiusque
1653 3231 1817 3276 officium
1835 3231 1990 3276 proprio
2009 3230 2177 3276 periculo
2202 3242 2331 3267 curare
2354 3242 2419 3267 ex-

199 3281 376 3315 actionem
408 3278 694 3325 larqitionalium
724 3277 950 3323 vectiqalium
983 3280 1018 3312 et
1049 3277 1205 3312 omnium
1237 3276 1423 3312 titulorum
1455 3276 1518 3322 qui
1541 3276 1590 3311 ad
1611 3285 1739 3311 sacras
1762 3282 1906 3310 nostras
1929 3274 2143 3322 larqitiones
2162 3276 2357 3322 pertinent,
2380 3279 2421 3312 ut

250 3419 265 3449 1
293 3413 316 3455 ἢ
343 3415 419 3447 add.
444 3414 632 3447 Zachariae
649 3415 704 3456 (cfi
720 3414 854 3454 784,1o.
874 3413 950 3453 785,
965 3420 1006 3446 21.
1022 3412 1070 3452 25)
1086 3411 1098 3453 11
1119 3414 1137 3445 5
1162 3408 1278 3456 ἁγίων
1311 3415 1314 3429 '
1345 3411 1419 3452 τῆς]
1438 3412 1511 3444 τοῖς
1528 3411 1594 3453 Μ11
1615 3411 1656 3444 28
1682 3407 1884 3456 ἀναγκαίαν
1901 3411 1950 3451 Μ
1977 3423 2057 3444 corr.
2075 3411 2244 3455 Ayylaeus
2261 3410 2273 3454 11
2292 3412 2334 3444 29
2350 3410 2419 3452 τὴν

201 3457 412 3504 περιβόλων
438 3457 636 3498 Zachariae]
661 3458 787 3490 αυτιῦν
811 3455 958 3490 πόλεων
982 3457 1028 3489 Μ
1044 3455 1056 3500 11
1088 3457 1108 3489 6
1133 3455 1279 3489 πάντως
1347 3457 1467 3497 Kroll]
1491 3456 1534 3498 τῆ
1559 3456 1601 3488 Μ
1620 3456 1632 3499 11
1657 3451 1750 3500 ἥπερ
1779 3456 1878 3489 ἐστὶν
1902 3467 1970 3488 cum
1994 3456 2177 3499 Scrimyero
2201 3457 2285 3498 vulq.
2313 3456 2324 3498 11
2345 3462 2420 3499 post

203 3507 253 3545 Μ
279 3518 361 3538 corr.
379 3503 562 3537 Zachariae
580 3503 592 3546 11
610 3504 629 3536 8
655 3503 714 3537 ἐπὶ
740 3501 937 3543 Zachariae]
961 3503 1020 3534 καὶ
1037 3502 1082 3533 Μ
1094 3500 1105 3543 11
1128 3503 1166 3534 14
1192 3498 1277 3534 άνα-
1346 3511 1414 3542 τησ
1444 3502 1517 3543 (sic)
1549 3501 1608 3534 lac.
1629 3502 1669 3534 10
1691 3502 1769 3542 fere
1802 3502 1859 3533 litt.
1879 3501 1912 3533 in
1937 3500 1988 3540 M,
2020 3500 2082 3541 τῆς
2113 3495 2316 3545 (Ἀβασγίας
2342 3497 2419 3543 καὶ)

203 3550 413 3594 φερομένων
437 3549 487 3588 Μ,
513 3546 596 3581 c'orr.
625 3545 810 3581 Zachariae
835 3546 847 3589 11
875 3549 915 3581 15
939 3558 1023 3579 τινα
1047 3546 1116 3589 Ml}
1137 3548 1177 3580 19
1202 3548 1279 3578 σαῖς
1349 3543 1543 3586 Zachariae,
1568 3546 1674 3578 malim
1698 3545 1761 3586 τῆς
1783 3540 1958 3587 (ὑπηκόου
1982 3543 2060 3587 ἐπί)
2083 3546 2238 3584 cl.31‚26
2257 3545 2325 3589 1131
2352 3544 2418 3577 lar-

204 3596 282 3627 add.
308 3594 408 3627 Kroll
431 3593 443 3636 11
470 3595 509 3627 21
536 3604 577 3625 τε
593 3594 688 3636 prius
710 3605 766 3625 om.
793 3604 859 3624 cum
885 3593 1068 3634 Scrz'mqero
1091 3592 1179 3633 vulq.
1204 3591 1216 3633 11
1239 3603 1279 3623 τε
1346 3589 1575 3631 gitiovalica‘in
1601 3590 1647 3624 M
1668 3590 1680 3633 11
1710 3591 1752 3623 33
1776 3584 1798 3631 ἦ
1818 3586 1908 3631 αὐτὴ
1934 3587 2130 3630 Zachariae]
2152 3586 2241 3632 αὕτη
2267 3589 2309 3622 Μ
2333 3589 2346 3632 11
2375 3590 2420 3624 34

204 3639 339 3672 alterum
365 3639 427 3672 del.
450 3636 636 3671 Zachariae
658 3639 714 3680 (cf.
741 3633 867 3669 αὐτοὺς
893 3637 914 3669 l.
932 3637 987 3676 22)
1014 3635 1026 3678 11
1058 3637 1099 3669 22
1123 3643 1199 3678 post
1221 3631 1278 3668 ὅτι
1347 3634 1628 3676 largit-ionaliewn
1657 3635 1698 3667 M

203 3684 266 3718 lac.
292 3686 312 3716 5
340 3684 417 3726 fere
453 3684 511 3717 titt.
549 3683 582 3717 in
614 3682 661 3715 M
689 3677 868 3726 (ὅτιπερῗ)
900 3680 913 3725 11
946 3683 985 3715 27
1019 3678 1173 3724 λιμίταις
1206 3680 1247 3713 Μ
1267 3679 1280 3721 11
