2618 4010
241 132 348 177 Nov.
378 131 515 175 LXIV
549 133 582 174 1.
613 132 639 172 2

243 242 335 276 εἶναι
358 239 420 276 τὰς
442 239 578 283 κτήσεις
601 237 662 274 διὰ
684 238 752 282 τὴν
775 241 853 274 τῶν
878 237 1186 284 ἐκλαμβανόντων
1209 250 1320 280 πονη-

243 290 326 332 ριάν
350 297 390 319 τε
420 287 480 318 καὶ
503 282 719 327 ἀπληστίαν.
770 282 829 318 διὰ
852 286 968 319 ταῦτα
999 287 1123 318 τοίνυν
1145 281 1201 317 ἀθ
1223 286 1322 318 οίσας

244 329 371 364 αὐτοὺς
394 327 515 374 ὁριεῖς,
545 332 605 363 καὶ
628 327 670 363 οὗ
694 328 931 375 συγχωρήσειε
955 327 1126 374 ἐπήρειαν
1150 324 1190 361 οὗ
1216 331 1322 383 aptant

244 375 453 417 ἐπαχθῆναι
475 377 549 409 τοῖς
571 377 807 419 κεκτημένοις,
832 372 920 408 ἀλλὰ
937 371 1178 415 πανταχόθεν
1195 371 1323 407 αυτοὺς

243 418 413 463 ἀβλαβεῖς
439 421 500 453 καὶ
531 417 699 464 ἀζημίους
729 416 964 465 διαφυλάξειε.
1012 416 1225 461 βουλόμεθα
1253 417 1322 465 γὰρ

244 467 283 499 ἐν
306 464 373 507 ἴσῳ
398 464 453 508 τῷ
475 466 597 511 μέτρῳ
628 467 689 498 καὶ
719 463 765 499 τὰ
789 463 887 511 παρὰ
917 464 996 497 τῶν
1020 461 1211 498 δεσποτῶν
1235 461 1323 515 προς

242 508 323 543 τοὺς
342 510 540 557 κηπουρους
562 512 622 543 καὶ
643 508 691 543 τὰ
707 508 807 555 παρὰ
826 510 905 543 τῶν
920 509 1112 554 κηπουρῶν
1136 506 1225 554 πρὸς
1243 519 1323 541 τους

244 552 421 589 δεσπότας
443 554 633 602 γίνεσθαι,
667 552 760 589 διότι
783 553 1022 595 πανταχόθεν
1049 549 1135 596 ἡμῖν
1159 551 1323 596 ἰσότητος

243 597 340 644 μέλει
362 602 422 634 καὶ
445 599 510 634 τοῦ
533 597 730 645 μηδέτερον
754 596 963 633 ἀδικεῖσθαι
985 600 1100 645 μέρος.

1316 125 1404 173 338

1359 422 1378 454 5
1391 418 1644 462 indemnesque
1665 418 1834 454 servabis.

2092 142 2153 172 DE
2180 138 2466 172 HORTULANIS

1389 238 1590 275 sessoribus
1613 238 1756 275 inutiles
1779 249 1858 276 esse
1885 250 1972 276 usus
1996 242 2144 286 propter
2165 249 2286 275 eorum
2310 238 2370 284 qui
2388 249 2464 274 sor-

1389 283 1528 319 tiuntur
1564 282 1759 328 nequitiam
1799 286 1836 320 et
1874 285 2069 321 avaritiam.
2125 285 2322 338 Propterea
2359 283 2467 328 igitur

1391 339 1611 382 congregans
1641 338 1703 363 eos
1734 328 1986 366 determinabis
2016 334 2052 366 et
2082 341 2155 366 non
2183 340 2278 365 Slnes
2301 329 2467 364 iniuriam

1390 373 1501 409 ullam
1521 373 1644 409 mferri
1668 373 1946 418 possessoribus,
1973 375 2036 411 sed
2058 375 2215 421 undique
2238 386 2298 411 eos
2322 374 2467 410 illaesos

1881 418 2053 455 Volumus
2077 420 2172 456 enim
2195 430 2346 466 aequam
2368 429 2466 454 men-

1391 472 1512 498 suram
1536 465 1573 498 et
1595 473 1619 498 a
1642 462 1792 498 dominis
1816 462 1896 509 <ad>
1912 463 2124 501 hortulanos
2148 470 2184 501 et
2204 466 2249 500 ab
2267 464 2467 500 hortulanis

1391 508 1438 543 ad
1470 507 1631 544 dominos
1664 507 1758 550 fieri,
1789 517 1833 543 eo
1888 508 1959 543 uod
1989 509 2142 554 undique
2173 511 2277 547 nobis
2303 509 2467 554 aequitas

1393 562 1502 588 curae
1526 553 1574 589 sit
1596 556 1633 589 et
1656 557 1697 588 ut
1721 556 1851 588 neutra
1864 519 2037 589 ‘laedatur
2060 565 2156 600 pars.

1247 711 1406 748 CAPUT
1437 710 1483 746 H.

294 778 407 834 Ellds'
431 782 476 827 γε’
500 782 652 835 τις(γῆν
681 783 809 834 χέρσον
833 778 970 833 έκδοίη,
1002 779 1021 814 ὁ
1055 777 1095 813 δὲ
1127 778 1241 822 αὐτὴν
1273 778 1383 819 egi-10

243 837 451 871 ημερωσειε,
476 839 542 860 τον
559 828 649 872 υπὲρ
672 837 733 869 της
757 825 1010 870 ἐξημερωσεως
1033 824 1250 869 κομίζεσθαι
1270 838 1327 868 μι-

243 869 343 905 σθὸν
362 874 422 904 καὶ
442 869 509 914 τὴν
528 872 593 905 τοῦ
611 869 714 905 ὄντος
737 872 777 904 ἐν
802 867 902 913 αὐτῷ
927 867 1082 913 λαχάνου
1104 867 1324 914 διατίμησιν,

243 912 341 950 οὕτω
365 929 404 950 τε
429 914 671 962 ἀπραγμόνως
695 913 908 962 ἀναχωρεῖν,
960 913 1104 959 ηδεμιᾶς
1126 912 1326 958 ἀπληστίας

242 959 334 1004 μηδὲ
364 963 689 1014 κεκακουργημένης
719 963 843 1014 τέχνης
872 930 964 1004 μηδ1ὲ
992 962 1053 995 ἐπὶ
1084 958 1204 1003 τούτῳ
1231 972 1326 1006 γινο-

1455 778 1491 813 Si
1521 787 1604 813 vero
1635 777 1762 822 aliquis
1793 777 1966 813 incultam
1996 779 2129 814 terram
2156 778 2286 823 tradat,
2308 778 2380 825 (at)
2410 777 2471 813 ille

1397 833 1475 859 eam
1494 823 1599 866 colat,
1644 833 1685 858 ro
1703 823 1844 858 cultura
1860 823 2036 868 percipiat
2050 823 2246 859 mercedem
2262 826 2299 860 et
2315 824 2469 860 existen-

1394 869 1440 904 tis
1463 868 1502 904 in
1526 878 1568 903 eo
1594 878 1614 904 o
1631 867 1699 903 eris
1725 867 2022 912 aestimationem,
2047 872 2083 903 et
2101 868 2153 903 ita
2172 868 2249 904 sine
2269 869 2332 905 lite
2355 869 2469 904 disce-

1396 914 1468 956 dat,
1494 913 1593 949 nulla
1613 913 1763 949 avaritia
1783 923 1898 958 neque
1917 913 2071 958 maligna
2090 916 2169 949 arte
2189 924 2256 949 nec
2275 924 2382 959 super
2402 914 2472 949 hoc

1394 958 1579 1000 facienda,
1616 958 1785 1003 quatinus
1836 969 1874 993 er
1897 958 1991 994 hanc
2023 968 2160 994 sacram
2185 962 2343 994 nostram
2357 968 2471 1012 ‘prag-

242 1010 366 1059 με’νης,
402 1007 462 1039 ἱνα
498 1003 558 1039 διὰ
588 1003 694 1039 τοῦδε
725 1018 831 1049 ημων
859 1006 922 1040 τοῦ
947 1005 1052 1039 θείου
1076 1006 1325 1060 πραγματικοᾷ
1341 1007 1381 1039 15
1395 1004 1562 1039 maticam
1593 1004 1706 1047 legem
1737 1007 1774 1039 et
1821 1006 1963 1039 uturam
1993 1014 2102 1049 super
2133 1013 2176 1039 ea
2204 1004 2472 1049 dispositionem

243 1063 354 1094 νομου
374 1051 514 1093 καὶτῆς
533 1051 702 1094 ἐσομένης
726 1048 789 1084 ἐπ’
813 1049 912 1095 αὐτῷ
938 1048 1197 1085 διατυπωσεως
1226 1062 1325 1094 παρα

242 1097 303 1139 τῆς
332 1096 400 1149 ’σῆς
433 1095 605 1150 ὑπεροχῆς
639 1097 704 1129 τοῦ
740 1094 866 1131 λοιποῦ
899 1100 1089 1140 μείναιμεν
1121 1092 1212 1148 (ὑπερ
1246 1096 1326 1151 (ταῖν

242 1153 422 1175 τοιουτων
445 1139 687 1183 ανενοχλητοι,
712 1143 771 1174 καὶ
789 1139 839 1185 μὴ
855 1144 933 1175 ταῖς
952 1140 1092 1175 λοιπαῖς
1112 1153 1215 1184 ημων
1236 1152 1326 1186 υπερ

243 1186 304 1228 τῆς
329 1184 512 1220 πολιτείας
537 1189 707 1230 φροντίσι
739 1189 808 1240 καὶ,
830 1187 1000 1220 τοιαῦταί
1021 1196 1115 1220 τινες
1138 1182 1327 1219 ὑπειςίοιεν

1395 1060 1460 1094 per
1475 1052 1574 1084 tuam
1600 1048 1845 1084 celsitudinem
1868 1048 1912 1084 de
1933 1053 2052 1085 cetero
2076 1059 2282 1085 maneamus
2306 1059 2371 1094 pro
2391 1049 2472 1084 tali-

1395 1095 1463 1130 bus
1494 1104 1567 1130 non
1590 1094 1832 1139 inquietandi,
1867 1096 1903 1129 et
1933 1105 2005 1130 non
2036 1094 2145 1130 etiam
2171 1094 2317 1140 reliquis
2341 1094 2473 1129 nostris

1394 1150 1460 1185 pro
1482 1139 1666 1184 republica
1691 1139 1786 1174 curis
1810 1139 1901 1175 tales
1926 1139 2100 1184 quaedam
2124 1139 2277 1175 subeant
2300 1139 2472 1175 sollicitu-

1395 1185 1507 1226 dines,
1533 1195 1576 1220 eo
1602 1184 1697 1230 quod
1720 1195 1793 1220 non
1814 1195 1926 1230 parva
1950 1195 2023 1220 non
2070 1184 2192 1220 randis
2215 1194 2301 1229 pars
2330 1188 2475 1220 nostrae

243 1228 447 1276 φροντίδες,
474 1228 638 1274 ὃιότιπερ
661 1228 747 1274 ἡμῖν
771 1243 812 1264 ου
834 1230 963 1278 μικρὸν
985 1228 1026 1264 οὗ
1049 1233 1141 1277 μέγα
1161 1231 1223 1273 τῆς
1245 1226 1324 1284 ᾑμε-
1340 1232 1382 1265 20
1395 1229 1614 1275 reipublicae
1654 1229 1791 1274 absque
1834 1233 1960 1266 nostra
1997 1241 2037 1266 so
2065 1230 2237 1265 icitudine
2274 1233 2347 1272 est,
2391 1229 2474 1265 dum

242 1280 346 1320 τέρας
367 1273 549 1310 πολιτείας
565 1278 669 1321 μέρος
692 1275 765 1316 ἔξω
784 1280 955 1320 μερίμνης
978 1276 1182 1318 καθέστηκε
1203 1287 1326 1309 παντα

243 1321 498 1366 περινοστοῦσι
527 1323 600 1355 τοῖς
629 1322 690 1363 τῆς
714 1319 875 1355 διανοίας
900 1317 1105 1367 ὀφθαλμοῖς
1136 1323 1197 1353 καὶ
1221 1317 1328 1354 οὐδὲν

244 1364 449 1410 ἀκόσμητον
480 1363 564 1399 οὐδὲ
587 1364 746 1400 ἄτακτον
777 1363 860 1400 οὐδὲ
883 1363 1225 1411 ἀμφισβητούμενον
1252 1362 1326 1398 δια-

242 1415 364 1455 μένειν
386 1409 627 1455 βουλομένοις.
672 1407 889 1453 Ἀπειλήσεις
913 1409 953 1444 δὲ
984 1413 1043 1445 καὶ
1068 1409 1200 1453 ποινὴν
1224 1410 1326 1455 quin-

1397 1277 1529 1311 cuncta
1562 1275 1821 1310 circumeamus
1853 1275 1982 1311 mentIs
2015 1275 2128 1311 oculis
2161 1277 2198 1311 et
2229 1274 2319 1310 nihil
2340 1275 2474 1310 incom-

1396 1320 1564 1366 positum,
1590 1320 1679 1356 nihil
1702 1320 1943 1356 inordinatum
1966 1330 2081 1366 neque
2106 1320 2253 1356 dubium
2276 1319 2476 1365 relinquere

1395 1365 1555 1401 velimus.
1603 1365 1855 1400 Interminabis
1877 1369 1996 1401 autem
2021 1366 2126 1401 etiam
2143 1376 2297 1411 poenam
2321 1365 2476 1411 quinque

1396 1410 1569 1446 librarum
1592 1409 1672 1445 auri
1697 1413 1824 1446 contra
1848 1421 1909 1446 eos
1942 1411 2003 1456 qui
2030 1410 2074 1446 de
2097 1415 2216 1446 cetero
2247 1411 2319 1446 tale
2343 1409 2475 1455 aliquid

243 1467 314 1501 que
337 1456 508 1491 librarum
518 1455 613 1508 mauri
649 1454 742 1490 κατὰ
772 1457 851 1490 τῶν
882 1456 946 1490 τοῦ
971 1455 1098 1491 λοιποῦ
1122 1453 1265 1490 τοιοῦτό
1290 1468 1326 1489 τι
1340 1458 1382 1492 25
1395 1455 1532 1501 egerint
1555 1458 1619 1491 aut
1642 1455 1700 1499 agi
1723 1455 1961 1501 permiserint.

243 1501 488 1548 πραττόντων
515 1514 537 1543 η
560 1499 793 1553 πράττεσθαι
818 1498 1116 1581 συγχωῗοὺντων.
1129 1546 1137 1553 '

243 1545 650 1642 wig-affinniblllxdnlggbz..
667 1545 843 1627 ἑΞΡοῶιέρ.
867 1546 926 1582 dn.
968 1547 1139 1582 ustlmam
1158 1556 1218 1591 pp.
1234 1546 1325 1590 Aug.

300 1683 429 1727 cap-II
450 1683 494 1716 in.
517 1686 573 1724 (—
594 1678 802 1725 διατίμησιν
816 1683 872 1724 12)
895 1690 984 1717 extat
1005 1685 1038 1717 in
1063 1683 1099 1717 B
1112 1683 1132 1716 l.
1146 1695 1173 1717 c.

1440 1546 1522 1581 Dat.
1533 1555 1596 1581 xv.
1611 1545 1683 1580 kal.
1694 1545 1782 1581 Feb.
1794 1545 2105 1591 Constantinopoli
2117 1545 2202 1590 imp.
2216 1544 2274 1580 dn.
2290 1544 2477 1580 Iustiniani

1296 1593 1342 1633 [a.
1358 1594 1436 1635 538]
1483 1601 1544 1637 pp.
1559 1591 1649 1635 Aug.
1664 1590 1776 1636 <anno
1788 1590 1857 1636 XI>
1869 1591 2030 1627 Iohanne
2041 1602 2074 1627 v.
2090 1601 2121 1627 c.
2139 1590 2296 1626 consule.

243 1837 388 1875 sor-ibus
410 1836 575 1874 volumus
596 1837 745 1874 inutiles
767 1847 845 1873 esse
864 1838 1115 1884 possessiones
1131 1841 1292 1884 propter
1316 1837 1579 1873 conductorum
1602 1837 1781 1873 malitiam
1813 1841 1850 1873 et
1872 1837 2090 1875 aviditatem.
2138 1838 2343 1885 Propterea
2366 1839 2480 1886 iqitur

244 1884 329 1919 illos
351 1883 390 1918 in
413 1893 524 1918 unum
548 1893 683 1934 conqre
710 1886 793 1918 atos
816 1882 1015 1925 coercebis,
1048 1893 1163 1928 neque
1198 1882 1310 1918 ullam
1340 1882 1513 1917 iniuriam
1544 1883 1683 1927 inferri
1704 1883 1980 1928 possessoribus
2005 1884 2180 1930 patieris,
2211 1884 2276 1920 sed
2305 1885 2350 1921 ab
2383 1884 2481 1920 omni

238 1933 351 1976 parte
373 1938 434 1963 eos
456 1927 605 1964 illaesos
627 1938 664 1962 m
692 1938 881 1973 emnesque
901 1926 1065 1963 tueberis.
1110 1927 1284 1963 Volumus
1306 1927 1400 1963 enim
1423 1928 1462 1962 in
1481 1927 1628 1973 aequali
1651 1938 1821 1963 mensura
1844 1939 1921 1963 esse
1939 1935 1975 1964 et
2019 1940 2088 1964 uae
2106 1940 2129 1964 a
2146 1928 2302 1965 dominis
2324 1929 2375 1965 ad
2396 1929 2480 1966 llor-

246 1973 392 2010 tulanos
412 1977 448 2009 et
469 1983 564 2018 quae
587 1972 631 2008 ab
657 1972 863 2008 hortulanis
886 1972 936 2007 ad
958 1971 1125 2007 dominos
1146 1972 1315 2015 redeunt,
1351 1972 1524 2018 quoniam
1553 1972 1713 2018 undique
1735 1972 1841 2008 nobis
1864 1984 1982 2019 aequa
1997 1977 2069 2009 atas
2093 1985 2204 2010 curae
2225 1978 2280 2010 est
2310 1979 2420 2022 atque
2441 1975 2482 2010 id

244 2020 367 2066 ipsum,
386 2029 431 2054 ne
454 2017 632 2054 alterutra
651 2028 746 2063 pars
768 2017 904 2052 iniuria
928 2017 1128 2063 afficiatur.

379 2063 426 2099 Π.
474 2062 613 2106 Quodsi
645 2063 726 2108 quis
763 2067 896 2098 terram
926 2063 1100 2098 incultam
1133 2062 1325 2105 locaverit,
1364 2062 1458 2098 alter
1490 2067 1611 2098 autem
1641 2073 1720 2098 eam
1751 2062 1972 2105 excoluerit,
2005 2063 2200 2099 mercedem
2231 2075 2302 2110 pro
2335 2064 2480 2101 cultura

245 2109 397 2155 auferat
419 2112 455 2144 ct
478 2108 763 2143 aestimationem
794 2107 904 2142 oleris
934 2107 1035 2153 quod
1066 2108 1104 2142 in
1127 2119 1170 2143 eo
1202 2107 1282 2143 loco
1307 2112 1376 2150 est,
1410 2111 1520 2153 atque
1551 2108 1604 2144 ita
1633 2108 1712 2143 sine
1735 2108 1882 2153 neqotio
1907 2108 2085 2151 discedat,
2115 2119 2160 2144 ne
2184 2107 2254 2144 hac
2275 2109 2419 2156 quidem
2441 2111 2481 2145 in

244 2166 286 2190 re
308 2154 384 2190 ulla
408 2153 565 2189 avaritia
595 2156 660 2188 aut
683 2152 840 2197 artificio
862 2151 1121 2198 fraudulenter
1144 2152 1357 2205 excoqitato
1381 2151 1561 2188 admisso:
1591 2156 1633 2188 ut
1649 2163 1722 2198 per
1744 2152 1839 2188 hane
1861 2158 2022 2188 nostram
2050 2164 2193 2189 sacram
2209 2155 2481 2201 praqmaticam

245 2200 358 2245 leqem
382 2203 417 2234 et
434 2201 637 2245 praecepta
659 2197 855 2233 secundum
878 2208 958 2233 eam
982 2209 1005 2232 a
1025 2201 1088 2232 tua
1106 2197 1324 2233 sublimatate
1346 2197 1522 2242 facienda
1544 2197 1582 2232 in
1597 2202 1788 2244 posterum
1812 2198 1856 2233 de
1876 2198 2050 2233 eiusmodi
2069 2198 2177 2234 rebus
2195 2199 2360 2235 molestia
2378 2200 2481 2235 nulla

245 2244 468 2290 afficiamur,
493 2254 580 2278 neve
602 2242 698 2278 inter
721 2245 859 2277 ceteras
881 2246 1028 2277 nostras
1045 2253 1121 2288 pro
1146 2242 1334 2288 republica
1358 2253 1467 2277 curas
1490 2242 1598 2278 etiam
1621 2241 1796 2278 eiusmodi
1819 2254 1914 2322 quae
1937 2254 2046 2278 curae
2068 2243 2279 2290 subrepant,
2310 2245 2481 2298 quoniam

245 2289 349 2325 nobis
373 2299 489 2334 neque
510 2299 628 2334 parva
651 2298 767 2333 neque
791 2298 926 2333 maqna
956 2287 1178 2333 reipublicae
1209 2290 1358 2322 nostrae
1378 2298 1471 2333 pars
1494 2287 1570 2322 ulla
1602 2298 1738 2334 expers
1760 2287 2018 2323 solicitudinis
2040 2291 2103 2330 est,
2133 2289 2197 2334 qui
2223 2300 2344 2326 omma
2368 2290 2482 2325 oculis

245 2334 357 2369 animi
386 2333 648 2380 perlustremus
683 2343 748 2368 nec
802 2332 970 2378 uicquam
1000 2332 1279 2379 incompositum
1316 2336 1381 2368 aut
1411 2332 1660 2368 inordinatum
1695 2336 1762 2368 aut
1791 2332 2000 2380 ambiquum
2028 2344 2173 2369 manere
2201 2334 2359 2370 velimus.
2408 2334 2483 2371 Sed

240 2390 400 2426 poenam
416 2389 561 2424 quoque
580 2378 739 2423 quinque
759 2377 784 2413 lz
809 2388 935 2413 rarum
959 2377 1043 2413 auri
1063 2377 1258 2414 minaberis
1274 2378 1319 2412 iis
1343 2378 1406 2423 qui
1430 2378 1468 2412 in
1479 2382 1670 2424 posterum
1693 2377 1871 2414 eiusmodi
1894 2378 1984 2424 quid
1999 2383 2115 2424 ayant
2134 2378 2192 2414 vel
2204 2379 2268 2426 aqi
2279 2380 2479 2426 patiantur.

303 2541 320 2572 1
344 2535 406 2571 τὰς
428 2534 576 2578 κτήσεις]
601 2547 681 2570 usus
705 2537 740 2578 (ι’.
758 2549 785 2570 e.
808 2531 959 2581 χρήσεις)
982 2547 1003 2573 ς
1068 2537 1088 2570 3
1112 2532 1243 2581 ὁρίσεις
1266 2536 1298 2569 L
1322 2534 1334 2576 11

247 2586 267 2617 6
292 2583 331 2616 ἐν
356 2583 461 2616 om.L
480 2581 492 2625 11
517 2584 558 2616 10
583 2594 623 2627 γε
643 2582 701 2622 Μ]
727 2581 871 2617 om-LB
888 2580 901 2624 11
929 2582 969 2615 12
995 2581 1085 2626 αυτῇ
1110 2581 1175 2625 Β11
1203 2584 1243 2615 15
1268 2578 1334 2614 τοῦ

247 2628 351 2662 θείου
376 2623 480 2670 ἡμῶν
505 2628 535 2660 L
561 2627 573 2670 11
602 2629 640 2662 17
665 2622 769 2670 ὑπὲρ]
805 2625 895 2660 ἐπε*
922 2626 974 2659 L⁰
1004 2626 1016 2669 11
1049 2628 1090 2661 18
1115 2629 1174 2659 καὶ
1201 2627 1249 2669 μὴ
1275 2627 1332 2667 Μ]

247 2675 306 2706 καὶ
330 2671 379 2716 μὴ
399 2674 458 2706 καὶ
484 2673 514 2705 L
540 2672 552 2714 11
589 2674 628 2706 19
650 2666 847 2705 ὑπεισίοιεν
873 2671 1050 2715 Scrimyer]
1085 2667 1269 2705 ὑπείσοιεν
1293 2671 1341 2704 Μ

247 2717 468 2752 ὑπεισεῖενΕ
494 2714 646 2754 (ὑπίοιεν
659 2717 860 2757 Zachariae)
877 2715 890 2760 11
917 2717 957 2751 21
979 2719 1150 2771 μερίμνης
1167 2718 1223 2758 Μ]
1248 2714 1333 2760 μνή-

246 2774 312 2807 μης
325 2764 356 2796 L
372 2763 384 2806 11
403 2763 446 2796 23
467 2759 550 2795 οὐδὲ
569 2760 739 2802 ἄτακτον]
761 2761 849 2794 nihil
867 2762 900 2802 (i.
917 2773 942 2794 e.
959 2757 1076 2803 οὗδεν)
1101 2760 1258 2795 ἄτακτον
1282 2774 1302 2797 ς
1321 2761 1332 2799 ΙΙ

249 2810 292 2842 24
317 2809 425 2842 πέντε
456 2805 592 2852 λιτρῶν
618 2809 763 2851 χρυσίου
788 2807 820 2839 L
852 2804 865 2850 11
893 2807 934 2839 27
961 2817 1034 2839 ΧΠ.
1060 2808 1092 2839 k.
1118 2807 1230 2847 Febr]
1262 2803 1333 2852 πρὸ

249 2851 299 2887 ιδ’
315 2849 507 2886 καλάνδων
529 2853 788 2897 Φεβρουαρίων
805 2852 880 2884 Αιῆ.
902 2861 962 2884 xv.
980 2851 1047 2884 kal.
1064 2852 1162 2886 Febr.
1184 2864 1204 2889 ς
1239 2863 1332 2885 xnn.

248 2899 280 2932 k.
295 2908 370 2939 aug.
386 2898 431 2930 M
449 2898 534 2939 μηνὶ
560 2899 788 2943 φεβρουαρίῳ
805 2897 922 2929 Theod.
944 2896 956 2938 11
973 2896 1038 2929 GP.
1057 2897 1135 2940 imp.
1153 2897 1208 2930 dn.
1231 2897 1333 2930 Iusti-

250 2944 352 2976 niano
382 2953 437 2985 pp.
467 2952 542 2983 aug.
569 2952 646 2974 ann.
671 2940 723 2974 XI
753 2941 911 2974 Iohannn
939 2951 991 2974 uo.
1017 2953 1119 2975 conss.
1146 2942 1190 2976 M
1210 2943 1264 2986 (cs.
1290 2943 1333 2983 ς),

249 2985 433 3031 βασιλείας
455 2984 711 3019 Ἰουστινιανοῦ
735 2983 778 3019 τὸ
803 2983 859 3018 ια’
879 2982 1053 3020 ’ὑπατείας
1076 2983 1244 3021 Ἰωάννου
1255 2987 1332 3020 Ath.

248 3033 313 3066 τοῦ
338 3030 393 3066 ια’
418 3033 518 3065 ἔτους
549 3031 610 3073 τῆς
633 3028 816 3074 βασιλείας
838 3028 996 3074 ὑπατείᾳ
1018 3028 1186 3067 Ἰωάννου
1211 3033 1333 3066 Theod.

251 3080 384 3120 (subscr.
407 3077 474 3110 dat.
499 3086 587 3110 cons.
613 3076 773 3109 Iohannis
797 3075 932 3119 Iul.¹’P'⁰)

1451 2536 1465 2568 1
1493 2544 1607 2568 eorum
1631 2534 1770 2575 Biener]
1796 2546 1849 2568 eos
1871 2536 1905 2569 V
1924 2535 1937 2579 11
1966 2537 1986 2569 3
2011 2537 2092 2569 sinis
2114 2537 2148 2571 V
2169 2537 2181 2581 11
2207 2539 2226 2571 5
2251 2548 2393 2580 nequam
2415 2539 2450 2571 V
2471 2537 2484 2581 11

1402 2581 1423 2614 6
1447 2590 1467 2612 a
1490 2579 1645 2620 dominis]
1672 2579 1762 2614 ado‘is
1783 2582 1817 2622 (ι’.
1832 2594 1857 2614 e.
1875 2580 1917 2613 ad
1935 2582 2054 2623 omnis)
2076 2583 2109 2615 V
2127 2582 2139 2626 11
2168 2582 2210 2615 ad
2231 2583 2310 2616 add.
2325 2583 2450 2617 Biener
2471 2582 2484 2628 Ι

1404 2627 1445 2659 10
1462 2624 1626 2658 incultam
1638 2625 1776 2666 Biener]
1800 2626 1836 2658 in
1860 2625 1993 2658 cultura
2014 2627 2049 2660 V
2069 2626 2082 2670 11
2108 2626 2170 2659 ¹'at
2186 2627 2256 2669 ille]
2281 2627 2341 2660 ille
2361 2629 2395 2661 V
2411 2628 2483 2669 (ille

1401 2681 1480 2703 vero
1504 2670 1610 2711 Beck)
1641 2669 1653 2713 11
1687 2671 1726 2705 11
1750 2680 1788 2702 ea
1820 2671 1855 2704 V
1878 2670 1890 2712 ΙΙ
1924 2672 1966 2705 14
1991 2671 2141 2704 facienda
2165 2674 2202 2713 r]
2239 2672 2379 2705 fatiendi
2411 2673 2446 2706 V
2472 2673 2483 2715 11

1402 2715 1526 2748 sacram
1548 2715 1585 2756 V,
1606 2727 1664 2747 om.
1679 2728 1697 2748 r
1718 2715 1732 2757 11
1760 2716 1799 2749 15
1821 2726 1859 2748 ea
1883 2715 1990 2757 Beck]
2015 2727 2090 2749 eum
2111 2717 2165 2750 Vr
2190 2715 2202 2761 11
2231 2718 2272 2751 16
2295 2728 2355 2760 per
2379 2720 2481 2759 tuam]

1402 2764 1435 2794 et
1457 2762 1651 2803 perpetuam
1675 2773 1692 2793 r
1717 2759 1729 2803 11
1757 2759 1954 2793 celsitudine
1976 2760 2036 2805 Ῐ711
2063 2763 2103 2795 17
2128 2761 2307 2804 inquietati
2321 2762 2449 2796 Bienor
2472 2764 2477 2806 Ι

1404 2807 1445 2840 18
1470 2804 1563 2846 tales]
1595 2804 1671 2837 talis
1695 2807 1743 2838 est
1766 2819 1783 2838 r
1806 2805 1818 2849 11
1844 2807 1885 2839 19
1908 2815 1986 2848 pars
2009 2819 2067 2840 om.
2089 2806 2124 2840 V
2141 2808 2174 2840 in
2199 2808 2319 2840 lacuna
2343 2808 2363 2841 2
2389 2808 2448 2842 liu.

1403 2852 1442 2885 21
1470 2852 1591 2883 cuncta
1614 2850 1750 2892 Biener]
1783 2850 1874 2883 culta
1894 2851 1927 2883 V
1953 2850 2054 2884 cultis
2077 2864 2095 2885 r
2124 2850 2136 2895 11
2164 2851 2402 2885 circumeamus
2421 2853 2455 2885 V

1401 2894 1518 2936 oculis]
1544 2895 1655 2928 odoris
1678 2908 1696 2929 r
1710 2895 1722 2938 11
1750 2896 1791 2929 23
1815 2906 1900 2938 pena
1922 2894 1979 2940 Vss
2002 2897 2043 2930 25
2065 2898 2205 2939 egerunt
2227 2909 2244 2929 r
2261 2896 2274 2940 11
2299 2897 2339 2930 27
2359 2899 2482 2931 subscr.

1402 2940 1468 2973 dat.
1492 2950 1545 2973 xv.
1578 2939 1646 2972 kal.
1679 2940 1743 2973 feb.
1777 2940 1948 2974 Constant.
1980 2941 2076 2984 impr.
2109 2941 2185 2975 dssfi.
2211 2941 2291 2974 Iust.
2326 2952 2379 2984 pp.
2405 2953 2481 2984 aug.

1403 2985 1548 3018 Iohanni
1571 2995 1623 3018 uc.
1649 2985 1774 3018 consul.
1807 2986 1846 3028 V,
1872 2998 1930 3019 om.
1955 2997 1975 3019 r
