2586 3990
265 115 373 159 Nov.
399 115 575 159 CXXXI
603 116 740 158 8——10
1324 111 1408 159 658

1834 129 1894 160 DE
1923 129 2275 182 EGGLEsiAs'rlcls
2303 131 2478 165 TITULIS

264 226 332 260 τὸν
353 226 421 269 μὲν
444 222 625 266 δεσπότην
654 224 719 258 τοῦ
743 223 856 259 τόπου
885 221 999 269 μηδὲν
1022 221 1203 271 πρόκριμα
1231 220 1254 266 ἢ
1278 224 1337 266 ζη-
1403 224 1658 273 praeiudicium
1691 227 1755 261 aut
1787 225 2007 272 dispendium
2038 227 2230 272 sustinere,
2265 238 2328 266 eos
2358 231 2478 266 autem

262 273 349 314 μίαν
365 267 567 312 ὑπομένειν,
591 267 673 302 τοὺς
693 266 733 302 δὲ
751 271 859 303 τοῦτο
879 268 1101 312 ποιήσαντας
1123 267 1147 313 ἢ
1163 269 1338 316 γενέσθαι
1406 270 1467 314 qui
1495 270 1565 305 hoo
1587 269 1750 306 fecerunt
1778 274 1841 306 aut
1862 271 1941 308 fieri
1962 273 2198 318 permiserunt
2228 284 2273 310 ex
2295 274 2478 320 provincia

263 310 561 359 συγχωρήσαντας
584 313 623 346 ἐκ
645 313 708 356 τῆς
729 314 900 358 ἐπαρχίας
923 309 1014 347 ὅπου
1045 313 1153 349 τοῦτο
1176 312 1334 359 ἁμαρτη-
1402 314 1464 350 ubi
1492 314 1561 350 hoc
1590 313 1815 351 commissum
1850 319 1904 352 est
1934 318 2078 363 expelli,
2112 320 2220 355 rebus
2251 329 2376 356 eorum
2408 319 2479 355 loci
2522 317 2524 319 ’

261 357 346 400 θείη
377 354 637 401 ἐκβάλλεσθαι,
666 358 744 392 τῶν
769 356 993 404 πραγμάτων
1021 354 1146 394 andvair
1174 360 1220 407 τῇ
1243 358 1335 393 κατὰ
1402 358 1495 395 illius
1520 359 1765 396 sanctissimae
1787 360 1958 398 ecclesiae
1979 363 2209 400 vindicandis.

261 401 330 436 τὸν
349 401 467 437 τόπον
489 398 676 448 ἁγιωτάτῃ
700 401 867 445 ἐκκλησίᾳ
891 400 1157 447 έκδικουμένων.
1373 406 1393 438 5

1256 515 1412 553 CAPUT
1436 515 1499 552 IX.

325 581 381 615 Εἴ
397 592 451 616 τις
480 581 528 616 εἰς
552 579 669 626 ὄνομα
699 582 763 616 τοῦ
787 580 939 628 μεγάλου
969 582 1060 616 θεοῦ
1092 585 1152 616 καὶ
1181 585 1339 629 σωτῆρος
1474 583 1512 618 Si
1536 582 1613 628 quis
1635 582 1671 618 in
1695 583 1836 619 nomine
1857 583 1974 628 magni
2002 584 2059 621 dei
2086 587 2123 622 et
2153 587 2339 623 salvatoris
2367 586 2480 624 nostri

282 627 364 671 μῶν
393 622 505 669 Ἰησοῦ
530 627 690 672 Χριστοῦ
721 625 961 672 κληρονομίαν
991 626 1014 669 ἢ
1045 626 1199 672 ληγάτον
1229 642 1336 663 κατα·
1406 629 1488 665 Iesu
1508 628 1639 664 Christi
1658 628 1888 664 hereditatem
1909 631 1972 664 aut
1990 630 2144 674 legatum
2163 632 2354 678 reliquerit,
2378 633 2478 668 iube·

281 675 393 716 είψει,
425 670 614 716 κελεύομεν
645 671 714 714 τὴν
737 670 927 715 ἐκκλησίαν
957 673 1021 706 τοῦ
1044 671 1158 707 τόπου
1189 674 1229 708 ἐν
1260 666 1293 716 ᾧ
1316 672 1336 708 ὁ
1405 684 1483 710 mus
1512 673 1697 709 ecclesiam
1726 673 1798 708 loci
1829 674 1867 709 in
1895 685 1965 719 quo
1995 678 2145 712 testator
2177 677 2390 713 domicilium
2414 678 2478 713 ha-

260 714 476 760 διαθέμενος
498 717 566 760 τὴν
589 716 729 759 οἴκησιν
752 717 820 759 εἶχε
850 715 976 761 λαβεῖν
1001 716 1043 750 τὸ
1067 717 1338 763 καταλελειμμέ·
1406 719 1483 755 buit
1506 719 1669 763 accipere
1692 718 1786 763 quod
1809 718 1999 755 demissum
2021 724 2086 756 est.

259 764 282 798 1
327 774 403 796 νον.
449 762 480 796 εἰ
501 760 542 796 δέ
561 772 615 796 τις
638 763 703 796 ἕνα
725 762 802 796 τῶν
821 758 938 808 ἁγίων
961 761 1185 807 κληρονόμον
1206 763 1338 810 γράψει
1354 768 1392 801 10
1406 766 1428 801 1
1475 764 1513 799 Si
1528 764 1606 809 quis
1626 767 1743 798 autem
1764 774 1872 799 unum
1893 767 2095 800 sanctorum
2113 765 2276 802 heredem
2297 766 2480 810 scripserit

258 805 282 850 ἢ
313 805 470 853 ληγοίτον
501 803 611 863 αὗτῷῗ
632 805 834 849 καταλίποι,
867 810 926 841 καὶ
953 807 1002 851 μὴ
1025 805 1145 841 ίδικῶς
1167 806 1338 853 ὄνομάσει
1406 811 1470 845 aut
1491 809 1646 853 legatum
1669 809 1702 843 ei
1725 809 1918 853 reliquerit,
1942 813 1979 844 et
2001 820 2073 845 non
2097 811 2298 856 specialiter
2320 811 2479 846 nomina-

259 850 328 886 τὸν
359 850 476 887 τόπον
507 853 548 887 έν
578 865 678 896 ῳπερ
709 853 809 886 ἐστὶν
840 850 859 886 ό
886 851 1079 896 σεβάσμιοι·
1103 853 1212 897 οἶκος,
1244 852 1338 899 εὑρε-
1406 854 1493 890 verit
1523 855 1641 889 locum
1671 853 1708 888 in
1754 864 1810 889 uo.
1825 855 1879 889 est
1902 855 2109 891 venerabilis
2134 855 2269 899 domus,
2297 856 2478 891 invenian-

259 896 417 941 θείησαν
448 894 488 931 δὲ
518 899 557 931 ἐν
588 898 640 940 τῷ
667 893 765 940 αὐτῷ
797 895 903 940 τόπῳ
936 895 959 939 ἢ
987 899 1032 943 τῇ
1056 897 1160 932 πόλει
1191 898 1339 934 πλείονα
1406 901 1465 935 tur
1487 903 1605 934 autem
1628 898 1666 933 in
1689 908 1730 933 eo
1758 908 1812 934 em
1832 899 1912 935 loco
1943 903 2005 935 aut
2029 900 2171 936 civitate
2199 901 2303 946 plura
2326 902 2481 937 oratoria

258 938 426 987 εὖκτήρια
456 942 520 976 τοῦ
554 938 664 976 αὐτοῦ
698 939 820 988 ἁγίου,
852 944 978 985 ἐκείνῳ
1009 941 1147 986 μᾶλλον
1177 945 1230 986 τῷ
1252 945 1338 988 οἴκῳ
1407 945 1562 980 eiusdem
1586 943 1716 986 sancti,
1748 944 1798 979 illi
1821 945 1933 989 magis
1958 944 2076 980 domui
2099 955 2189 991 quae
2212 946 2404 991 pauperior
2426 949 2481 981 est

258 987 312 1029 τῷ
343 990 583 1033 πενιχροτέρῳ
617 986 658 1021 τὸ
688 986 934 1033 καταλειφθὲν
965 988 1191 1033 παρεχέσθω.
1239 990 1269 1023 εἰ
1300 988 1340 1024 δὲ
1354 992 1393 1025 15
1408 990 1502 1034 quod
1524 989 1685 1024 relictum
1709 992 1762 1024 est
1783 990 2009 1034 praebeatur.
2058 991 2095 1026 Si
2119 993 2237 1026 autem
2266 1001 2339 1026 non
2366 994 2421 1026 est
2443 991 2479 1025 in

258 1030 307 1076 μή
332 1033 432 1066 ἐστιν
462 1034 503 1066 ἐν
526 1032 570 1079 τῇ
595 1030 699 1066 πόλει
722 1031 814 1066 οἶκος
841 1033 906 1066 τοῦ
930 1029 1202 1076 ὀνομασθέντος
1225 1032 1337 1081 ἁγίου,
1408 1035 1549 1070 civitate
1571 1034 1721 1069 basilica
1747 1034 1920 1070 nominati
1943 1036 2073 1077 sancti,
2105 1036 2278 1071 invenitur
2300 1039 2420 1071 autem
2442 1036 2479 1071 in

259 1075 459 1122 εὑρίσκεται
491 1075 531 1111 δὲ
560 1078 601 1110 ἐν
632 1077 675 1123 τῇ
700 1078 823 1122 ἐνορίᾳ
853 1074 978 1121 αὐτῆς,
1011 1079 1136 1122 ἐκείνῳ
1161 1076 1336 1114 διδόσθω.
1405 1079 1583 1115 territorio
1615 1078 1702 1121 eius,
1733 1078 1787 1114 illi
1810 1080 1923 1115 detur.
1974 1080 2010 1116 Si
2034 1085 2152 1116 autem
2182 1090 2295 1126 neque
2318 1081 2354 1115 in
2377 1081 2479 1116 terri-

259 1122 301 1174 εἰ,
321 1119 360 1155 δὲ
390 1120 479 1166 μηδὲ
512 1123 552 1155 ἐν
586 1122 630 1169 τῇ
662 1123 784 1166 ένορίᾳ
814 1120 1015 1168 εὑρίσκεται
1044 1124 1203 1158 τοιοῦτος
1236 1125 1338 1167 οἶκος,
1405 1126 1497 1160 torio
1522 1123 1698 1168 reperitur
1718 1123 1918 1160 huiusmodi
1940 1125 2074 1169 domus,
2099 1128 2186 1162 tunc
2202 1125 2375 1161 ecclesiae
2395 1126 2479 1162 civi·

258 1179 344 1200 τοτε
367 1168 413 1214 ’τῇ
436 1166 603 1210 ἐκκλησίᾳ
632 1168 695 1210 τῆς
718 1166 857 1202 πόλεως
879 1169 920 1202 ἐν
943 1160 966 1214 ᾗ
989 1166 1008 1201 ὁ
1034 1165 1248 1214 διαθέμενος
1271 1171 1339 1214 τὴν
1406 1171 1509 1211 tatis,
1541 1170 1579 1204 in
1603 1178 1673 1213 qua
1701 1170 1853 1205 testator
1883 1169 2099 1207 domicilium
2131 1171 2271 1214 habuit,
2303 1171 2396 1215 quod
2419 1170 2479 1207 de-

258 1211 398 1255 οἴκησιν
420 1211 489 1255 εἶχε
509 1211 552 1247 τὸ
578 1210 825 1258 καταλειφθὲν
847 1213 1073 1258 παρεχέσθω.
1352 1217 1393 1251 20
1406 1215 1553 1251 missum
1575 1217 1631 1250 est
1653 1215 1875 1260 praebeatur.

270 623 280 637 C

1250 1327 1406 1363 CAPUT
1430 1327 1475 1363 X.

324 1390 380 1425 Εἴ
395 1402 449 1426 τις
469 1391 692 1436 κατασκευὴν
715 1396 911 1438 σεβασμίου
933 1391 1118 1441 εὗκτηρίου
1142 1391 1165 1438 ἢ
1186 1395 1339 1434 &scavos-
1474 1394 1512 1429 Si
1552 1394 1631 1438 quis
1670 1393 1952 1430 aedificationem
1991 1394 2199 1430 venerabilis
2237 1394 2383 1430 oratorii
2416 1398 2482 1432 aut

259 1434 284 1480 ἢ
306 1440 484 1479 πτωχείου
507 1436 531 1480 ἢ
554 1434 861 1484 ὂρφανοτροφείου
883 1435 908 1483 ἢ
931 1443 1160 1485 νοσοκομείου
1183 1436 1206 1483 ἢ
1230 1438 1338 1474 ἄλλον
1405 1439 1616 1475 xenodochii
1639 1442 1702 1475 aut
1724 1439 1860 1491 ptochii
1883 1442 1946 1474 aut
1969 1439 2262 1485 orphanotrophii
2290 1442 2353 1475 aut
2375 1451 2480 1477 noso-

260 1485 456 1526 σεβασμίου
479 1483 575 1517 οἴκου
606 1485 645 1517 ἐν
669 1483 855 1527 τελευταίᾳ
877 1483 1042 1529 βουλήσει
1090 1485 1240 1519 ενέσθαι
1264 1483 1337 1519 δια·
1408 1484 1513 1520 comii
1547 1487 1610 1519 aut
1638 1485 1783 1520 alterius
1818 1485 2031 1519 reverendae
2066 1484 2192 1520 domus
2225 1485 2262 1520 in
2291 1485 2482 1522 novissima

259 1526 429 1570 τυπώσει,
453 1527 496 1562 τὸ
514 1523 702 1574 εὗκτήριον
723 1530 790 1573 μὲν
814 1530 900 1564 εἵσω
923 1534 1032 1564 πέντε
1074 1531 1234 1565 νιαυτῶν
1252 1530 1338 1573 πλη·
1406 1530 1586 1565 voluntate
1615 1529 1693 1565 fieri
1726 1529 1957 1574 disposuerit,
1993 1530 2186 1565 oratorium
2214 1529 2354 1575 quidem
2386 1531 2482 1566 intra

259 1573 418 1618 ροῦσθαι
449 1572 637 1618 κελεύομεν
665 1578 818 1619 προνοίᾳ
848 1576 912 1609 τοῦ
943 1577 1021 1610 τῶν
1043 1575 1172 1610 τόπων
1196 1575 1337 1610 ἐπισκό-
1353 1578 1394 1611 25
1407 1575 1562 1620 quinque
1579 1585 1692 1610 annos
1711 1575 1880 1620 compleri
1902 1574 2062 1610 iubemus
2081 1575 2302 1620 providentia
2323 1575 2482 1612 locorum

260 1630 330 1652 που
360 1620 419 1651 καὶ
448 1619 513 1652 τοῦ
537 1618 723 1653 πολιτικοῦ
747 1618 932 1664 ἄρχοντος,
963 1620 1030 1655 τὸν
1054 1618 1094 1655 δὲ
1116 1620 1257 1661 ξενῶνα
1280 1624 1339 1654 καὶ
1407 1621 1564 1665 episcopi
1594 1623 1635 1655 et
1670 1620 1781 1656 civilis
1816 1620 1962 1665 iudicis,
2000 1619 2259 1656 xenodochium
2293 1624 2412 1656 autem
2445 1625 2482 1657 et

260 1662 303 1696 τὸ
320 1666 499 1705 πτωχεῖον
516 1661 539 1707 ἢ
555 1662 666 1698 ἄλλον
685 1663 883 1710 σεβάσμιον
900 1665 998 1700 οἷκον
1017 1666 1102 1700 εἴσω
1123 1664 1203 1700 ἑνὸς
1223 1668 1337 1700 ἐνιαυ-
1407 1665 1589 1710 ptochium
1620 1669 1682 1700 aut
1706 1665 1811 1701 aliam
1833 1664 2068 1701 venerabilem
2092 1665 2232 1701 domum
2254 1665 2350 1701 intra
2372 1677 2481 1702 unum

260 1709 283 1744 l
306 1708 372 1742 τοῦ
394 1708 576 1755 γίνεσθαι.
645 1709 677 1744 εἰ
701 1707 740 1744 δὲ
763 1710 865 1744 ἐντὸς
893 1711 957 1745 τοῦ
981 1711 1146 1746 ἐνιαυτοῦ
1166 1711 1215 1755 μὴ
1236 1711 1335 1753 ποιή-
1403 1713 1426 1747 1

1470 1711 1548 1746 fieri
1570 1721 1714 1746 annum.
1762 1710 1800 1745 Si
1823 1715 1940 1746 autem
1964 1711 2058 1745 intra
2081 1720 2214 1747 annum
2235 1721 2307 1747 non
2330 1711 2481 1747 fecerint

261 1763 385 1787 σουσιν
415 1752 453 1787 οἱ
478 1752 693 1800 κληρονόμοι
722 1755 790 1789 τὸν
820 1755 961 1795 ξενῶνα
991 1754 1016 1799 ἢ
1045 1754 1256 1799 οἱονδήποτε
1282 1768 1336 1790 σε·

1406 1755 1551 1791 heredes
1575 1755 1834 1790 xenodochium
1861 1759 1924 1790 aut
1947 1756 2138 1799 quamlibet
2160 1757 2395 1791 venerabilem
2418 1756 2480 1792 do-

329 1857 355 1878 c.
381 1845 564 1879 IX--XII
582 1858 621 1879 ex
643 1845 681 1879 B
705 1847 800 1880 habet
822 1845 1001 1880 Nomocstm
1025 1847 1124 1880 XIV
1141 1848 1187 1880 tit.
1205 1847 1237 1888 2,
1251 1854 1268 1880 2
1285 1853 1363 1881 extr.

328 1902 355 1923 c.
379 1890 442 1923 IX
461 1890 483 1934 ξ
501 1893 516 1924 1
543 1903 693 1924 summam
718 1891 881 1925 Theodori
902 1893 1016 1935 repetit
1039 1891 1097 1925 ΒΓ.

329 1947 355 1968 c.
379 1937 419 1968 X
435 1947 488 1978 pr.
513 1934 565 1979 §1
594 1948 632 1969 ex
656 1936 691 1969 B
713 1937 831 1970 habent
853 1936 1032 1970 Nomai-‚dm
1056 1937 1154 1970 XIV
1173 1939 1219 1970 tit.
1237 1938 1268 1977 2,
1285 1944 1315 1978 1,
1340 1938 1389 1971 Β’Ι
1405 1938 1436 1970 Δ
1451 1938 1533 1979 21,1
1556 1949 1592 1980 p.
1606 1938 1672 1970 218
1689 1936 1790 1969 Zach.
1810 1954 1853 1961 —
1878 1936 2027 1969 Summas
2045 1942 2218 1978 praestant
2240 1936 2371 1969 Nomoc.
2388 1936 2485 1968 XIV

262 1981 308 2014 tit.
325 1980 356 2019 2,
373 1988 385 2014 1
409 1993 441 2024 p.
460 1981 525 2015 484
542 1981 656 2023 Piera,
680 1981 828 2025 Epitome
845 1983 877 2024 8,
894 1989 925 2016 13
947 1994 982 2025 p.
999 1983 1061 2016 331
1080 1983 1200 2020 Zach.;
1228 1983 1392 2016 Theodori
1413 1994 1564 2015 summam
1588 1983 1703 2024 repetit
1719 1979 1784 2019 Εἷς
1804 1993 1858 2024 pr.
1876 1987 2095 2024 aryumentum
2118 1983 2249 2013 notatur
2270 1976 2363 2014 Ῥοπ.
2379 1981 2480 2022 28,16

262 2033 292 2059 et
315 2026 369 2068 24,
385 2033 427 2060 ιι.

260 2136 426 2171 dominus
449 2134 590 2182 quidem
613 2134 683 2171 loci
705 2134 842 2170 nullum
859 2134 1127 2181 praeiudicium
1153 2139 1218 2170 aut
1241 2134 1408 2169 damnum
1424 2133 1607 2180 patiatur,
1638 2134 1701 2180 qui
1724 2138 1843 2170 autem
1871 2134 1912 2170 id
1930 2135 2100 2181 fecerunt
2128 2134 2185 2170 vel
2209 2134 2293 2179 fieri
2308 2135 2481 2182 permise-

259 2186 424 2262 ngztmeg·
438 2180 629 2227 provincia
651 2179 714 2217 ubi
735 2179 805 2216 hoc
828 2180 1051 2215 commissum
1071 2179 1189 2226 fuerit
1210 2179 1453 2226 expellantur,
1483 2182 1592 2225 atque
1614 2189 1738 2215 eorum
1761 2190 1820 2215 res
1842 2181 2088 2215 sanctissimae
2118 2179 2191 2215 loci
2211 2179 2381 2216 ecclesiae
2405 2182 2480 2217 vin-

393 2270 457 2306 IX.
505 2269 547 2306 Si
569 2269 651 2316 quis
672 2269 809 2306 nomini
831 2270 955 2323 maqni
985 2269 1044 2305 dei
1066 2273 1103 2306 et
1123 2270 1319 2306 servatoris
1341 2269 1459 2305 nostri
1483 2267 1567 2305 Iesu
1592 2268 1724 2304 Christi
1755 2269 1987 2305 hereditatem
2017 2269 2074 2306 vel
2097 2269 2254 2316 leqatum
2283 2269 2482 2316 reliquerit,

261 2319 283 2353 1
327 2316 488 2353 iubemus
517 2315 702 2351 ecclesiam
735 2315 805 2351 loci
835 2315 895 2350 ubz
927 2319 1079 2351 testator
1109 2315 1325 2351 domicilium
1357 2314 1481 2350 habuit
1508 2314 1673 2360 accipere
1703 2314 1802 2360 quod
1829 2314 1993 2350 relictum
2024 2319 2088 2350 est.
2180 2314 2222 2350 Si

2277 2315 2334 2350 uis
2363 2320 2483 2351 autem

261 2372 370 2397 unum
393 2372 442 2398 ex
463 2361 600 2396 sanctis
623 2359 786 2397 heredem
808 2361 999 2407 scripserit
1020 2360 1077 2397 vel
1099 2360 1256 2412 leqatum
1279 2361 1315 2396 ei
1334 2360 1538 2411 reliquerin-
1565 2370 1630 2411 περ
1645 2361 1803 2406 proprie
1825 2359 1942 2395 locum
1968 2360 2029 2396 ubi
2051 2361 2099 2396 sit
2122 2371 2251 2396 venera
2276 2360 2335 2395 ilis
2357 2360 2484 2396 domus

260 2407 509 2448 nominaverit,
545 2410 585 2441 at
610 2416 655 2441 ue
681 2405 720 2440 in
743 2405 866 2441 eodem
898 2405 978 2441 loco
1011 2405 1067 2442 vel
1089 2407 1231 2442 civitate

262 2452 333 2488 tius
356 2451 479 2487 domui
501 2461 574 2497 quo
622 2450 785 2487 relictum
809 2455 863 2487 est
877 2450 1113 2497 praebeatur.

1291 2405 1373 2441 lura
1397 2409 1561 2440 oratoria
1589 2404 1744 2440 eiusdem
1771 2405 1889 2440 sancti
1911 2404 2150 2446 inveniantur,
2179 2405 2397 2452 pauperiori
2412 2417 2482 2452 po-

1160 2449 1238 2493 Quo
1265 2450 1297 2485 si
1320 2451 1358 2485 iu
1381 2450 1522 2486 civitate
1545 2461 1617 2485 uon
1640 2450 1687 2485 sit
1710 2449 1837 2485 domus
1865 2450 1941 2486 eius
1952 2451 2027 2503 ‘qui
2049 2450 2254 2485 nominatus
2276 2454 2330 2486 est
2354 2450 2482 2495 sancti,

260 2497 464 2533 inveniatur
486 2499 604 2532 autem
627 2497 665 2531 in
690 2496 874 2532 territorio
899 2497 987 2538 eius,
1009 2495 1065 2531 illi
1088 2495 1202 2532 detur.
1250 2494 1293 2531 Si
1315 2506 1399 2531 vero
1423 2506 1468 2531 ne
1491 2495 1528 2538 in
1553 2495 1735 2530 territorio
1760 2494 1901 2541 quidem
1925 2496 2097 2531 eiusmodi
2119 2494 2247 2531 domus
2268 2495 2481 2538 inveniatur,

263 2547 347 2578 tunc
370 2541 541 2578 ecclesiae
563 2541 720 2577 civitatis
743 2542 780 2576 in
804 2552 878 2588 qua
902 2545 1054 2576 testator
1077 2540 1296 2576 domicilium
1320 2539 1447 2576 habuit
1460 2539 1570 2620 lquod
1590 2540 1753 2575 relictum
1776 2546 1830 2576 est
1849 2540 2079 2587 praebeatur.

394 2587 439 2623 X.
487 2586 530 2622 Si
559 2587 641 2633 quis
671 2586 956 2631 aedificationem
987 2585 1200 2622 venerabilis
1229 2586 1382 2621 oratorii
1417 2596 1458 2621 ve

261 2631 460 2668 nosocomii
489 2632 546 2668 vel
572 2631 667 2667 alius
695 2631 908 2667 venerabilis
931 2630 1059 2667 domus
1080 2631 1119 2666 in
1143 2631 1267 2666 ultima
1290 2630 1473 2666 voluntate

1501 2585 1720 2637 xeuodochii
1742 2585 1976 2637 ‚vel-ptochii
2008 2585 2064 2620 vel
2098 2584 2399 2638 orphanotrophii
2427 2585 2485 2621 vel

1492 2630 1573 2675 fieri
1597 2633 1781 2671 statuerit,
1816 2629 1975 2665 iubemus
1997 2634 2198 2666 oratorium
2221 2630 2362 2682 quidem
2384 2634 2482 2666 intra

262 2678 420 2724 quinque
436 2687 553 2712 annos
568 2687 658 2712 cura
673 2676 835 2728 episcopi
855 2677 1016 2712 locorum
1035 2679 1070 2712 et
1090 2676 1325 2722 maqistratus
1343 2675 1457 2711 civilis
1474 2675 1614 2721 perfici,
1634 2675 1899 2711 xenodochium
1919 2679 2036 2711 autem
2052 2680 2088 2711 et
2098 2674 2288 2722 ptochium
2305 2675 2359 2711 vel
2373 2676 2482 2711 aliam

261 2726 284 2760 1
329 2723 564 2759 venerabilem
587 2722 730 2758 domum
753 2728 852 2757 intra
874 2732 984 2757 uniam
1007 2732 1140 2757 annum
1159 2721 1253 2766 fieri.

333 2838 349 2870 1
374 2834 442 2868 τὸν
466 2831 648 2876 δεσπότην
670 2834 738 2877 μὲν
761 2835 792 2867 Α
820 2833 833 2877 11
861 2835 882 2868 6
905 2833 952 2866 εἰς
974 2832 1017 2867 τὸ
1028 2831 1160 2877 ἁὅνρμοι
1185 2834 1215 2867 L
1258 2829 1341 2867 ὅνό·

261 2894 351 2925 ματι
375 2881 426 2914 B!
441 2880 453 2923 ΙΙ
469 2883 486 2914 7
512 2878 664 2925 λεγάτον
686 2879 750 2912 AL
763 2879 923 2913 Nomoe.m
940 2879 952 2922 ΙΙ
971 2880 990 2913 8
1014 2877 1056 2921 ᾧ]
1081 2878 1102 2921 ἡ
1126 2881 1157 2913 Α
1181 2878 1194 2922 ΙΙ
1219 2880 1239 2912 9
1263 2879 1342 2920 ἔσχε

264 2928 300 2960 Β
310 2926 469 2960 Nomoc.m
492 2925 505 2968 ΙΙ
525 2927 566 2959 10
590 2921 634 2957 δέ
654 2937 712 2958 om.
725 2924 757 2957 L
776 2925 787 2966 ΙΙ
803 2922 1043 2968 κληρονομίαν
1059 2924 1089 2957 A
1105 2923 1117 2968 ΙΙ
1134 2923 1267 2969 γράψει
1284 2923 1330 2957 M
1330 2925 1341 2964 J

263 2970 398 3018 γράψοι
414 2970 516 3004 ALB
532 2971 544 3012 ΙΙ
565 2972 599 3005 11
628 2966 779 3015 λεγάτον
798 2969 998 3003 ANomoc.m
1021 2968 1034 3013 ΙΙ
1052 2967 1261 3003 καταλείποι
1276 2969 1323 3002 Μ
1331 2969 1342 3010 ΙΙ

264 3014 436 3060 όνομάσει
459 3015 656 3050 ANomoc.‘¹
671 3016 766 3055 corn]
799 3010 971 3057 ὀνομάσαι
995 3015 1068 3048 ML
1104 3012 1268 3059 ὀνομάσῃ
1292 3014 1343 3046 13⁶

264 3061 480 3104 Nemee-“pn
504 3060 666 3094 Nomos-st·
690 3060 702 3102 ΙΙ
727 3061 770 3094 12
793 3056 974 3104 εὑρεθῶσι
997 3060 1029 3092 A
1045 3059 1057 3103 ΙΙ
1086 3061 1125 3093 13
1150 3056 1172 3101 ἢ
1196 3072 1254 3092 om.
1269 3059 1315 3092 M
1331 3057 1343 3102 ΙΙ

268 3109 308 3140 14
320 3119 367 3150 sq.
392 3107 517 3149 ἐκείνῳ
535 3124 579 3130 -
597 3106 849 3149 πενιχροτέρῳ]
872 3104 925 3146 τῷ
946 3116 1052 3146 πενιχ
1073 3106 1185 3147 οτέρῳ
1204 3101 1343 3148 μᾶλλον

264 3151 349 3194 οἴκῳ
372 3152 404 3184 Λ
421 3152 433 3195 ΙΙ
460 3153 500 3186 15
524 3149 567 3184 τὸ
590 3147 848 3195 καταλειφθὲν]
874 3148 1044 3194 παραληφ
1079 3150 1118 3183 ἐν
1143 3150 1185 3183 Μ
1198 3149 1211 3189 ΙΙ
1227 3160 1336 3194 παρα-

265 3194 434 3239 σχεθήτω
453 3197 485 3230 A
501 3196 513 3239 ΙΙ
534 3197 576 3230 16
592 3194 696 3236 οἶκος]
719 3192 739 3228 ὁ
765 3194 858 3229 οἶκος
882 3196 931 3228 B‘
947 3195 959 3239 ΙΙ
988 3197 1085 3239 17⁸q.
1111 3190 1218 3237 αὐτῆς
1234 3213 1278 3218 -
1293 3191 1342 3227 οἷ-

265 3252 322 3275 κος
346 3254 403 3275 om.
427 3242 459 3275 A
481 3240 494 3286 ΙΙ
522 3242 564 3275 18
586 3237 676 3284 μηδὲ
698 3240 889 3280 Nomocflm]
917 3239 1008 3283 μήτε
1035 3241 1105 3273 ML
1128 3238 1177 3283 μὴ
1201 3239 1255 3273 B⁰
1268 3238 1280 3280 ΙΙ
1299 3240 1340 3273 20

265 3287 343 3328 ἔσχε
366 3287 402 3320 Β
419 3286 432 3330 ΙΙ
454 3287 493 3320 21
521 3283 751 3331 παρασκευὴν
774 3286 935 3319 Numam
952 3287 982 3323 2,
996 3293 1012 3319 2
1029 3285 1042 3328 ΙΙ
1065 3287 1260 3328 σεβασμίου
1281 3296 1340 3318 om.

267 3334 299 3364 in
323 3332 443 3365 lacuna
464 3332 507 3365 M
534 3333 546 3374 ΙΙ
571 3327 766 3374 εὐκτηρίου]
789 3329 886 3364 οἴκου
902 3325 1086 3375 εὗκτηρίου
1102 3330 1132 3363 S
1160 3329 1257 3363 οἴκου
1271 3329 1340 3364 Μ-

266 3375 386 3409 moc.‘¹⁷'¹
405 3377 418 3420 fl
440 3377 483 3410 22
506 3373 706 3419 νοσοκόμου
730 3376 891 3410 Nomai-‚¹²⁸
902 3377 934 3417 2,
948 3375 994 3419 211
1019 3376 1061 3409 23
1087 3375 1138 3416 ἐν]
1164 3375 1204 3408 ἐν
1225 3374 1270 3421 τῇ
1293 3374 1342 3407 Βο

267 3421 638 3508 temanitis?
654 3420 870 3509 ww,
891 3416 1341 3510 {metra-tter‘ye

266 3509 398 3542 νέσθαι
422 3510 597 3544 Nomocflm
615 3510 628 3554 ΙΙ
650 3512 692 3544 25
716 3478 906 3554 κζλῖὐομεν
929 3523 988 3544 om.
1014 3478 1082 3549 1151!
1098 3510 1175 3543 τῶν
1197 3506 1339 3550 τόπων]

268 3552 550 3597 θεοφιλεστάτου
565 3555 593 3588 S
606 3554 618 3595 ΙΙ
638 3556 680 3589 26
696 3554 881 3589 πολιτικοῦ
899 3568 957 3589 om.
971 3556 1001 3589 S
1013 3555 1026 3597 11
1043 3554 1111 3589 ’τὸν
1127 3551 1167 3588 δὲ
1178 3574 1220 3579 -
1234 3556 1312 3596 659,
1324 3561 1340 3588 4

268 3595 478 3641 πληρωθείη
498 3613 554 3632 om.
573 3600 600 3632 S
616 3600 628 3643 ΙΙ
644 3602 704 3633 καὶ
721 3601 869 3641 ΜΑΒς]
893 3598 917 3643 ἢ
933 3601 963 3634 L
978 3600 992 3645 ss
1011 3602 1051 3634 27
1074 3599 1238 3634 ἐνιαυτοῦ
1262 3597 1342 3633 ἑνὸς

268 3642 298 3674 Α
322 3644 335 3683 Μ
360 3644 402 3676 28
425 3643 597 3687 γενέσθαι
622 3644 670 3677 B·
684 3657 712 3677 υ.
727 3645 761 3686 L,
785 3644 963 3679 Nomocflm
985 3647 998 3688 ΙΙ
1026 3645 1091 3678 τοῦ
1116 3658 1173 3679 om.
1200 3646 1249 3678 13⁸
1268 3644 1339 3679 No-

269 3686 389 3719 ηιοοέω1
405 3687 418 3730 u
436 3687 636 3729 ποιήσωσιν
652 3689 804 3722 Nomou-‘²
820 3690 851 3730 2,
864 3696 881 3723 2

1353 2720 1490 2763 Quodsi
1511 2721 1610 2756 intra
1632 2730 1765 2755 annum
1788 2719 1936 2756 heredes
1957 2719 2224 2756 xenodochium
2247 2720 2305 2756 vel
2325 2720 2482 2766 qualem·

1469 2835 1485 2867 1
1511 2834 1570 2866 aut
1593 2832 1754 2866 sustinere
1778 2831 1986 2875 dispendium
2001 2831 2114 2873 RVT,
2134 2843 2215 2865 corr.
2228 2833 2316 2875 vulq.
2333 2831 2347 2875 ΙΙ
2363 2832 2382 2865 3
2407 2842 2482 2874 per-

1408 2877 1543 2911 missum
1567 2878 1602 2912 T
1624 2877 1636 2921 ΙΙ
1664 2879 1784 2911 ὃνυὸν.
1815 2877 1852 2909 Si
1883 2877 1958 2919 quis
1988 2877 2024 2909 in
2055 2877 2189 2909 nomine
2217 2876 2346 2910 domini
2374 2877 2482 2910 nostri

1408 2923 1528 2962 (nostri
1545 2936 1602 2957 om.
1618 2923 1666 2964 T)
1689 2923 1765 2956 Iesu
1782 2921 1909 2955 Christi
1926 2921 2142 2955 hereditatem
2163 2921 2219 2955 uel
2234 2921 2379 2964 legatum
2402 2923 2480 2955 reli-

1409 2969 1519 3010 querit
1535 2968 1721 3010 (reliquerit
1736 2968 1950 3000 hereditatem
1967 2966 2022 3000 uel
2037 2967 2183 3010 legatum
2198 2967 2244 3008 T)
2257 2967 2365 3001 RTin
2379 2980 2480 3011 mur-q.

1409 3016 1461 3054 (ez
1472 3014 1549 3056 Iul.)
1567 3013 1579 3058 ΙΙ
1596 3013 1650 3047 dei
1669 3014 1781 3055 magni
1798 3013 1831 3045 R
1845 3012 1858 3057 ss
1877 3014 1896 3047 8
1913 3015 2017 3046 testor
2039 3013 2071 3046 V
2083 3011 2096 3056 ΙΙ
2112 3014 2132 3046 9
2150 3012 2326 3045 demissum
2346 3012 2409 3053 V¹]
2433 3012 2481 3045 di-

1408 3059 1544 3091 missum
1568 3058 1797 3102 RV³Tvul9.
1817 3058 1830 3101 ΙΙ
1848 3060 1887 3093 10
1898 3061 1983 3092 rubr.
2007 3057 2044 3090 Si
2067 3058 2141 3099 quis
2163 3057 2200 3090 in
2221 3058 2354 3090 nomine
2376 3057 2483 3090 saneti

1409 3103 1554 3136 martiris
1570 3105 1693 3145 (sancte
1703 3103 1806 3136 marie
1818 3103 1863 3144 R)
1878 3102 2092 3136 hereditatem
2108 3102 2163 3135 uel
2179 3102 2324 3145 legatum
2340 3102 2482 3145 relique-

1409 3150 1455 3181 rit
1474 3149 1594 3183 RVin
1610 3162 1712 3193 mar-9.
1725 3150 1778 3188 (ex
1788 3149 1867 3190 Iul.)
1886 3148 1898 3191 ΙΙ
1913 3158 2017 3181 unum
2032 3150 2233 3189 sanctorum]
2250 3148 2481 3181 uniuersorum

1411 3192 1488 3238 '1⁷¹ss
1514 3196 1553 3228 11
1579 3194 1611 3226 ei
1634 3207 1692 3227 om.
1714 3194 1770 3237 Vn
1792 3193 1989 3235 relinquerit
2008 3193 2093 3226 RT¹
2111 3193 2123 3236 ΙΙ
2151 3194 2193 3227 14
2216 3196 2263 3226 est
2287 3191 2422 3237 om.R1}
2440 3193 2480 3227 16

1408 3239 1605 3271 nominatim
1624 3238 1674 3272 R¹
1691 3239 1704 3282 ΙΙ
1719 3238 1756 3271 in
1781 3238 1963 3279 territorio]
1986 3237 2176 3271 interitorio
2191 3238 2328 3279 RT(id.
2346 3239 2448 3280 inst-a)
2469 3236 2482 3283 ΙΙ

1411 3286 1449 3318 17
1473 3284 1569 3317 detur
1589 3297 1647 3317 om.
1661 3285 1709 3317 Β*
1728 3285 1740 3327 ΙΙ
1756 3283 1804 3325 Si]
1829 3294 1935 3325 neque
1952 3284 1980 3315 si
2001 3283 2049 3316 V¹
2065 3283 2078 3326 ss
2098 3284 2137 3317 18
2158 3283 2344 3326 repperitur
2364 3282 2421 3326 Vl!
2440 3283 2480 3316 19

1408 3329 1564 3362 habuerit
1587 3329 1621 3362 T
1627 3330 1712 3373 vulq.
1728 3330 1740 3372 ΙΙ
1759 3329 1934 3362 demissum
1952 3328 2051 3369 R1V]
2076 3328 2248 3361 dimissum
2272 3327 2453 3370 R²Tvu19.
2468 3325 2480 3369 Η

1409 3376 1450 3407 20
1475 3377 1524 3406 est
1547 3386 1605 3408 om.
1633 3374 1682 3407 T¹
1709 3374 1722 3417 ΙΙ
1751 3375 1789 3407 21
1810 3376 1897 3408 rubr.
1931 3373 1967 3405 Si
1998 3374 2073 3414 quis
2100 3372 2135 3405 in
2160 3373 2278 3406 ultima
2307 3371 2479 3405 uoluntate

1407 3419 1540 3452 domum
1571 3418 1759 3460 religiosam
1782 3417 2017 3461 (uenerabilem
2040 3418 2172 3451 domum
2195 3418 2240 3459 R)
2267 3416 2338 3450 fleri
2368 3414 2477 3457 dispo-

1406 3464 1510 3497 suerit
1533 3463 1710 3506 (disposuit
1726 3464 1775 3504 T)
1801 3464 1868 3497 RT
1887 3465 1921 3497 in
1940 3475 2041 3507 mary.
2064 3464 2117 3503 (ez
2135 3461 2243 3505 Iul-H
2260 3461 2302 3495 22
2324 3459 2476 3493 xenochii

1407 3509 1440 3542 R
1455 3509 1468 3552 ΙΙ
1493 3509 1658 3551 phitochii
1680 3510 1738 3542 aut
1761 3508 1990 3551 orphatrophii
2017 3508 2049 3541 T
2068 3507 2081 3551 ΙΙ
2102 3503 2301 3540 nosochomii
2322 3503 2355 3536 V
2375 3514 2477 3537 noxo-

1406 3554 1529 3587 chomii
1543 3555 1576 3587 T
1594 3554 1784 3587 nosocomia
1800 3553 1877 3597 Rssn
1896 3554 1938 3587 26
1957 3555 2068 3586 autem
2083 3554 2116 3584 et
2137 3551 2212 3591 VT]
2236 3551 2295 3581 aut
2310 3548 2344 3580 R
2366 3552 2474 3581 autem

1405 3600 1465 3631 aut
1486 3600 1571 3642 vulq.
1596 3599 1610 3643 fl
1634 3601 1674 3633 27
1698 3598 1895 3642 pthochium
1920 3598 1953 3631 T
1974 3598 1986 3641 ΙΙ
2009 3596 2152 3636 domum]
2174 3604 2195 3627 a
2215 3595 2374 3626 testatore
2398 3595 2474 3627 add.

1408 3643 1463 3677 Τι’
1483 3643 1496 3687 Η
1521 3644 1608 3677 inter
1634 3643 1683 3678 T¹
1706 3643 1720 3687 ΙΙ
1745 3644 1786 3678 28
1810 3643 1871 3675 Sin
1897 3643 1930 3676 T
1950 3640 2094 3687 ”fecerit
2114 3637 2194 3682 12²2
2215 3639 2258 3672 29
2282 3637 2475 3680 quamlibet]

1403 3689 1596 3731 pthoohium
1621 3692 1679 3722 aut
1702 3687 1800 3721 aliam
1825 3688 1858 3721 T
2001 3701 2004 3704 ·
