<?xml version="1.0" encoding="UTF-8"?>
<!DOCTYPE html PUBLIC "-//W3C//DTD XHTML 1.0 Transitional//EN"
    "http://www.w3.org/TR/xhtml1/DTD/xhtml1-transitional.dtd">
<html xmlns="http://www.w3.org/1999/xhtml" xml:lang="en" lang="en">
 <head>
  <title>
</title>
<meta http-equiv="Content-Type" content="text/html;charset=utf-8" />
  <meta name='ocr-system' content='tesseract 3.04.00' />
  <meta name='ocr-capabilities' content='ocr_page ocr_carea ocr_par ocr_line ocrx_word'/>
</head>
<body>
  <div class='ocr_page' id='page_1' title='image "./corpusiuriscivil03krueuoft_0380.png"; bbox 0 0 2618 4010; ppageno 0'>
   <div class='ocr_carea' id='block_1_1' title="bbox 289 122 2505 174">
    <p class='ocr_par' dir='ltr' id='par_1_1' title="bbox 289 122 2505 174">
     <span class='ocr_line' id='line_1_1' title="bbox 289 122 2505 174; baseline 0.001 -5"><span class='ocrx_word' id='word_1_1' title='bbox 289 126 397 169; x_wconf 87' lang='lat' dir='ltr'><strong>Nov.</strong></span> <span class='ocrx_word' id='word_1_2' title='bbox 427 125 567 168; x_wconf 88' lang='lat' dir='ltr'>LXIX</span> <span class='ocrx_word' id='word_1_3' title='bbox 603 128 618 166; x_wconf 99' lang='grc'>1</span> <span class='ocrx_word' id='word_1_4' title='bbox 1018 135 1020 137; x_wconf 80' lang='grc'><strong>’</strong></span> <span class='ocrx_word' id='word_1_5' title='bbox 1351 122 1436 171; x_wconf 86' lang='grc'><strong>350</strong></span> <span class='ocrx_word' id='word_1_6' title='bbox 1987 140 2048 172; x_wconf 66' lang='lat' dir='ltr'><strong>nrr</strong></span> <span class='ocrx_word' id='word_1_7' title='bbox 2079 139 2225 173; x_wconf 70' lang='lat' dir='ltr'><strong>onnus</strong></span> <span class='ocrx_word' id='word_1_8' title='bbox 2254 137 2505 174; x_wconf 64' lang='lat' dir='ltr'><strong>onor-Dum·</strong></span> 
     </span>
    </p>
   </div>
   <div class='ocr_carea' id='block_1_2' title="bbox 226 231 2512 822">
    <p class='ocr_par' dir='ltr' id='par_1_2' title="bbox 226 231 2512 822">
     <span class='ocr_line' id='line_1_2' title="bbox 289 231 2506 286; baseline 0.001 -16"><span class='ocrx_word' id='word_1_9' title='bbox 289 234 334 270; x_wconf 85' lang='grc' dir='ltr'><strong>τὰ</strong></span> <span class='ocrx_word' id='word_1_10' title='bbox 359 235 509 268; x_wconf 84' lang='grc' dir='ltr'><strong><em>τοιαῦτα</em></strong></span> <span class='ocrx_word' id='word_1_11' title='bbox 532 231 761 276; x_wconf 78' lang='grc' dir='ltr'><strong><em>τεχνάζουσι·</em></strong></span> <span class='ocrx_word' id='word_1_12' title='bbox 792 238 852 269; x_wconf 78' lang='grc' dir='ltr'><strong>καὶ</strong></span> <span class='ocrx_word' id='word_1_13' title='bbox 872 237 986 271; x_wconf 79' lang='grc' dir='ltr'><strong><em>ταῦτα</em></strong></span> <span class='ocrx_word' id='word_1_14' title='bbox 1009 234 1205 282; x_wconf 74' lang='grc' dir='ltr'><strong><em>ἅνθρωποι</em></strong></span> <span class='ocrx_word' id='word_1_15' title='bbox 1229 233 1366 283; x_wconf 76' lang='grc' dir='ltr'><strong><em>δρῶσιν</em></strong></span> <span class='ocrx_word' id='word_1_16' title='bbox 1435 236 1636 280; x_wconf 76' lang='lat' dir='ltr'><strong>chinuntur,</strong></span> <span class='ocrx_word' id='word_1_17' title='bbox 1660 239 1697 272; x_wconf 81' lang='lat' dir='ltr'><strong>et</strong></span> <span class='ocrx_word' id='word_1_18' title='bbox 1715 237 1804 272; x_wconf 81' lang='lat' dir='ltr'><strong>haec</strong></span> <span class='ocrx_word' id='word_1_19' title='bbox 1821 238 1980 275; x_wconf 77' lang='lat' dir='ltr'><strong>homines</strong></span> <span class='ocrx_word' id='word_1_20' title='bbox 1998 241 2207 285; x_wconf 76' lang='lat' dir='ltr'><strong>perpetrant</strong></span> <span class='ocrx_word' id='word_1_21' title='bbox 2224 241 2406 283; x_wconf 70' lang='lat' dir='ltr'><strong>tamquam</strong></span> <span class='ocrx_word' id='word_1_22' title='bbox 2425 245 2506 286; x_wconf 63' lang='lat' dir='ltr'><strong>pex-</strong></span> 
     </span>
     <span class='ocr_line' id='line_1_3' title="bbox 290 277 2509 327; baseline 0.002 -14"><span class='ocrx_word' id='word_1_23' title='bbox 290 277 339 313; x_wconf 79' lang='grc' dir='ltr'><strong><em>ὠς</em></strong></span> <span class='ocrx_word' id='word_1_24' title='bbox 371 277 514 322; x_wconf 82' lang='grc' dir='ltr'><strong><em>διηνεκῆ</em></strong></span> <span class='ocrx_word' id='word_1_25' title='bbox 545 278 612 323; x_wconf 84' lang='grc' dir='ltr'><strong>τὴν</strong></span> <span class='ocrx_word' id='word_1_26' title='bbox 642 277 795 324; x_wconf 80' lang='grc' dir='ltr'><strong><em>δύναμιν</em></strong></span> <span class='ocrx_word' id='word_1_27' title='bbox 826 280 920 325; x_wconf 78' lang='grc' dir='ltr'><strong><em>ἕξειν</em></strong></span> <span class='ocrx_word' id='word_1_28' title='bbox 943 279 1188 323; x_wconf 81' lang='grc' dir='ltr'><strong><em>πιστεύοντες,</em></strong></span> <span class='ocrx_word' id='word_1_29' title='bbox 1219 284 1279 316; x_wconf 79' lang='grc' dir='ltr'><strong>καὶ</strong></span> <span class='ocrx_word' id='word_1_30' title='bbox 1303 279 1366 316; x_wconf 77' lang='grc' dir='ltr'><strong>οὐκ</strong></span> <span class='ocrx_word' id='word_1_31' title='bbox 1434 285 1580 327; x_wconf 83' lang='lat' dir='ltr'><strong>petuam</strong></span> <span class='ocrx_word' id='word_1_32' title='bbox 1615 280 1781 318; x_wconf 86' lang='lat' dir='ltr'><strong>virtutem</strong></span> <span class='ocrx_word' id='word_1_33' title='bbox 1814 281 1999 320; x_wconf 83' lang='lat' dir='ltr'><strong>habituros</strong></span> <span class='ocrx_word' id='word_1_34' title='bbox 2034 294 2073 320; x_wconf 89' lang='lat' dir='ltr'><strong>se</strong></span> <span class='ocrx_word' id='word_1_35' title='bbox 2104 283 2334 327; x_wconf 85' lang='lat' dir='ltr'><strong>confidentes,</strong></span> <span class='ocrx_word' id='word_1_36' title='bbox 2369 284 2406 318; x_wconf 84' lang='lat' dir='ltr'><strong>et</strong></span> <span class='ocrx_word' id='word_1_37' title='bbox 2435 292 2509 318; x_wconf 92' lang='lat' dir='ltr'><strong>non</strong></span> 
     </span>
     <span class='ocr_line' id='line_1_4' title="bbox 291 322 2510 383; baseline 0.002 -25"><span class='ocrx_word' id='word_1_38' title='bbox 291 322 561 376; x_wconf 71' lang='grc' dir='ltr'><strong><em>ᾀποβλέπουσιν</em></strong></span> <span class='ocrx_word' id='word_1_39' title='bbox 583 324 632 359; x_wconf 74' lang='grc' dir='ltr'><strong>εἰς</strong></span> <span class='ocrx_word' id='word_1_40' title='bbox 653 323 701 359; x_wconf 79' lang='grc' dir='ltr'><strong>τὰ</strong></span> <span class='ocrx_word' id='word_1_41' title='bbox 723 323 838 360; x_wconf 80' lang='grc' dir='ltr'><strong><em>πολλὰ</em></strong></span> <span class='ocrx_word' id='word_1_42' title='bbox 865 330 924 360; x_wconf 82' lang='grc' dir='ltr'><strong>καὶ</strong></span> <span class='ocrx_word' id='word_1_43' title='bbox 945 329 1054 372; x_wconf 85' lang='grc' dir='ltr'><strong><em>μυρία</em></strong></span> <span class='ocrx_word' id='word_1_44' title='bbox 1079 323 1237 383; x_wconf 82' lang='grc' dir='ltr'><strong><em>παραδεί</em></strong></span> <span class='ocrx_word' id='word_1_45' title='bbox 1256 339 1367 371; x_wconf 83' lang='grc' dir='ltr'><strong><em>ματα,</em></strong></span> <span class='ocrx_word' id='word_1_46' title='bbox 1435 326 1633 371; x_wconf 77' lang='lat' dir='ltr'><strong>respiciunt</strong></span> <span class='ocrx_word' id='word_1_47' title='bbox 1663 325 1711 362; x_wconf 74' lang='lat' dir='ltr'><strong>ad</strong></span> <span class='ocrx_word' id='word_1_48' title='bbox 1739 326 1851 363; x_wconf 75' lang='lat' dir='ltr'><strong>multa</strong></span> <span class='ocrx_word' id='word_1_49' title='bbox 1876 330 1917 364; x_wconf 79' lang='lat' dir='ltr'><strong>et</strong></span> <span class='ocrx_word' id='word_1_50' title='bbox 1940 328 2056 366; x_wconf 81' lang='lat' dir='ltr'><strong>decies</strong></span> <span class='ocrx_word' id='word_1_51' title='bbox 2078 329 2192 366; x_wconf 85' lang='lat' dir='ltr'><strong>milies</strong></span> <span class='ocrx_word' id='word_1_52' title='bbox 2216 328 2393 374; x_wconf 70' lang='lat' dir='ltr'><strong>exempla,</strong></span> <span class='ocrx_word' id='word_1_53' title='bbox 2425 325 2510 372; x_wconf 68' lang='lat' dir='ltr'><strong>quia</strong></span> 
     </span>
     <span class='ocr_line' id='line_1_5' title="bbox 290 339 2508 418; baseline 0.003 -16"><span class='ocrx_word' id='word_1_54' title='bbox 290 366 416 415; x_wconf 73' lang='grc' dir='ltr'><strong><em>ὅτιπερ</em></strong></span> <span class='ocrx_word' id='word_1_55' title='bbox 440 367 510 414; x_wconf 77' lang='grc' dir='ltr'><strong>ὀψὲ</strong></span> <span class='ocrx_word' id='word_1_56' title='bbox 533 372 593 403; x_wconf 76' lang='grc' dir='ltr'><strong>καὶ</strong></span> <span class='ocrx_word' id='word_1_57' title='bbox 612 368 714 413; x_wconf 84' lang='grc' dir='ltr'><strong><em>μόλις</em></strong></span> <span class='ocrx_word' id='word_1_58' title='bbox 737 373 797 404; x_wconf 79' lang='grc' dir='ltr'><strong>καὶ</strong></span> <span class='ocrx_word' id='word_1_59' title='bbox 819 372 860 405; x_wconf 70' lang='grc' dir='ltr'><strong>ἐν</strong></span> <span class='ocrx_word' id='word_1_60' title='bbox 883 370 1084 418; x_wconf 82' lang='grc' dir='ltr'><strong><em>προςιύποις</em></strong></span> <span class='ocrx_word' id='word_1_61' title='bbox 1114 339 1368 417; x_wconf 51' lang='grc' dir='ltr'><strong><em>ευαριίῖμήτοις</em></strong></span> <span class='ocrx_word' id='word_1_62' title='bbox 1437 381 1516 407; x_wconf 85' lang='lat' dir='ltr'><strong>sero</strong></span> <span class='ocrx_word' id='word_1_63' title='bbox 1540 371 1685 407; x_wconf 87' lang='lat' dir='ltr'><strong>tandem</strong></span> <span class='ocrx_word' id='word_1_64' title='bbox 1707 374 1744 407; x_wconf 92' lang='lat' dir='ltr'><strong>et</strong></span> <span class='ocrx_word' id='word_1_65' title='bbox 1765 371 1803 407; x_wconf 91' lang='lat' dir='ltr'><strong>in</strong></span> <span class='ocrx_word' id='word_1_66' title='bbox 1827 374 1988 418; x_wconf 86' lang='lat' dir='ltr'><strong>personis</strong></span> <span class='ocrx_word' id='word_1_67' title='bbox 2011 374 2289 411; x_wconf 83' lang='lat' dir='ltr'><strong>numerabilibus</strong></span> <span class='ocrx_word' id='word_1_68' title='bbox 2315 383 2360 410; x_wconf 85' lang='lat' dir='ltr'><strong>ex</strong></span> <span class='ocrx_word' id='word_1_69' title='bbox 2383 376 2508 418; x_wconf 86' lang='lat' dir='ltr'><strong>poten-</strong></span> 
     </span>
     <span class='ocr_line' id='line_1_6' title="bbox 292 411 2508 469; baseline 0.003 -22"><span class='ocrx_word' id='word_1_70' title='bbox 292 415 330 447; x_wconf 80' lang='grc' dir='ltr'><strong>ἐκ</strong></span> <span class='ocrx_word' id='word_1_71' title='bbox 344 411 525 469; x_wconf 54' lang='grc' dir='ltr'><strong><em>’δυνατῶν</em></strong></span> <span class='ocrx_word' id='word_1_72' title='bbox 547 411 690 460; x_wconf 75' lang='grc' dir='ltr'><strong><em>εἴδομεν</em></strong></span> <span class='ocrx_word' id='word_1_73' title='bbox 714 415 907 463; x_wconf 75' lang='grc' dir='ltr'><strong><em>προϊόντας</em></strong></span> <span class='ocrx_word' id='word_1_74' title='bbox 931 415 1101 451; x_wconf 70' lang='grc' dir='ltr'><strong><em>δυνατοὺς</em></strong></span> <span class='ocrx_word' id='word_1_75' title='bbox 1124 416 1184 450; x_wconf 75' lang='grc' dir='ltr'><strong>καὶ</strong></span> <span class='ocrx_word' id='word_1_76' title='bbox 1203 417 1241 451; x_wconf 72' lang='grc' dir='ltr'><strong>ἐκ</strong></span> <span class='ocrx_word' id='word_1_77' title='bbox 1261 415 1367 452; x_wconf 77' lang='grc' dir='ltr'><strong><em>πλαν-</em></strong></span> <span class='ocrx_word' id='word_1_78' title='bbox 1405 420 1423 452; x_wconf 85' lang='grc'>5</span> <span class='ocrx_word' id='word_1_79' title='bbox 1437 416 1532 452; x_wconf 77' lang='lat' dir='ltr'><strong>tibus</strong></span> <span class='ocrx_word' id='word_1_80' title='bbox 1556 415 1706 453; x_wconf 85' lang='lat' dir='ltr'><strong>vidimus</strong></span> <span class='ocrx_word' id='word_1_81' title='bbox 1738 421 1902 461; x_wconf 81' lang='lat' dir='ltr'><strong>potentes</strong></span> <span class='ocrx_word' id='word_1_82' title='bbox 1924 419 2127 464; x_wconf 75' lang='lat' dir='ltr'><strong>procedere,</strong></span> <span class='ocrx_word' id='word_1_83' title='bbox 2159 430 2205 456; x_wconf 82' lang='lat' dir='ltr'><strong>ex</strong></span> <span class='ocrx_word' id='word_1_84' title='bbox 2227 418 2395 458; x_wconf 76' lang='lat' dir='ltr'><strong>divitibus</strong></span> <span class='ocrx_word' id='word_1_85' title='bbox 2422 417 2508 454; x_wconf 79' lang='lat' dir='ltr'><strong>divi-</strong></span> 
     </span>
     <span class='ocr_line' id='line_1_7' title="bbox 291 457 2510 510; baseline 0.002 -17"><span class='ocrx_word' id='word_1_86' title='bbox 291 471 458 494; x_wconf 86' lang='grc' dir='ltr'><strong><em>τουντων</em></strong></span> <span class='ocrx_word' id='word_1_87' title='bbox 489 457 749 503; x_wconf 78' lang='grc' dir='ltr'><strong><em>πλουτοῦντας,</em></strong></span> <span class='ocrx_word' id='word_1_88' title='bbox 781 460 823 496; x_wconf 83' lang='grc' dir='ltr'><strong>τὸ</strong></span> <span class='ocrx_word' id='word_1_89' title='bbox 852 459 892 495; x_wconf 76' lang='grc' dir='ltr'><strong><em>δὲ</em></strong></span> <span class='ocrx_word' id='word_1_90' title='bbox 913 463 1059 504; x_wconf 56' lang='grc' dir='ltr'><strong><em>,ἐπίπαν</em></strong></span> <span class='ocrx_word' id='word_1_91' title='bbox 1087 459 1218 505; x_wconf 78' lang='grc' dir='ltr'><strong><em>σχεδὸν</em></strong></span> <span class='ocrx_word' id='word_1_92' title='bbox 1241 463 1280 496; x_wconf 83' lang='grc' dir='ltr'><strong>ἐκ</strong></span> <span class='ocrx_word' id='word_1_93' title='bbox 1302 463 1369 506; x_wconf 72' lang='grc' dir='ltr'><strong>μὲν</strong></span> <span class='ocrx_word' id='word_1_94' title='bbox 1437 467 1503 504; x_wconf 89' lang='lat' dir='ltr'><strong>tes,</strong></span> <span class='ocrx_word' id='word_1_95' title='bbox 1526 462 1564 496; x_wconf 92' lang='lat' dir='ltr'><strong>in</strong></span> <span class='ocrx_word' id='word_1_96' title='bbox 1581 471 1685 497; x_wconf 92' lang='lat' dir='ltr'><strong>omne</strong></span> <span class='ocrx_word' id='word_1_97' title='bbox 1703 465 1824 499; x_wconf 80' lang='lat' dir='ltr'><strong>autem</strong></span> <span class='ocrx_word' id='word_1_98' title='bbox 1839 472 1953 508; x_wconf 81' lang='lat' dir='ltr'><strong>paene</strong></span> <span class='ocrx_word' id='word_1_99' title='bbox 1969 474 2012 501; x_wconf 85' lang='lat' dir='ltr'><strong>ex</strong></span> <span class='ocrx_word' id='word_1_100' title='bbox 2027 465 2232 510; x_wconf 80' lang='lat' dir='ltr'><strong>potentibus</strong></span> <span class='ocrx_word' id='word_1_101' title='bbox 2281 466 2510 501; x_wconf 89' lang='lat' dir='ltr'><strong>rocesserunt</strong></span> 
     </span>
     <span class='ocr_line' id='line_1_8' title="bbox 292 501 2511 557; baseline 0.004 -19"><span class='ocrx_word' id='word_1_102' title='bbox 292 501 461 539; x_wconf 79' lang='grc' dir='ltr'><strong><em>δυνατῶν</em></strong></span> <span class='ocrx_word' id='word_1_103' title='bbox 481 503 654 551; x_wconf 81' lang='grc' dir='ltr'><strong><em>προΐασιν</em></strong></span> <span class='ocrx_word' id='word_1_104' title='bbox 674 503 852 549; x_wconf 69' lang='grc' dir='ltr'><strong><em>ἀσθενεῖς,</em></strong></span> <span class='ocrx_word' id='word_1_105' title='bbox 872 508 910 540; x_wconf 77' lang='grc' dir='ltr'><strong>ἐκ</strong></span> <span class='ocrx_word' id='word_1_106' title='bbox 926 505 1184 542; x_wconf 79' lang='grc' dir='ltr'><strong><em>πλουτούντων</em></strong></span> <span class='ocrx_word' id='word_1_107' title='bbox 1205 505 1244 542; x_wconf 77' lang='grc' dir='ltr'><strong><em>δὲ</em></strong></span> <span class='ocrx_word' id='word_1_108' title='bbox 1262 510 1368 550; x_wconf 83' lang='grc' dir='ltr'><strong><em>πένη-</em></strong></span> <span class='ocrx_word' id='word_1_109' title='bbox 1437 507 1580 549; x_wconf 74' lang='lat' dir='ltr'><strong>inanes,</strong></span> <span class='ocrx_word' id='word_1_110' title='bbox 1612 516 1658 542; x_wconf 85' lang='lat' dir='ltr'><strong>ex</strong></span> <span class='ocrx_word' id='word_1_111' title='bbox 1686 506 1852 545; x_wconf 79' lang='lat' dir='ltr'><strong>divitibus</strong></span> <span class='ocrx_word' id='word_1_112' title='bbox 1882 511 2002 547; x_wconf 80' lang='lat' dir='ltr'><strong>autem</strong></span> <span class='ocrx_word' id='word_1_113' title='bbox 2027 519 2221 557; x_wconf 79' lang='lat' dir='ltr'><strong>pauperes,</strong></span> <span class='ocrx_word' id='word_1_114' title='bbox 2277 520 2337 547; x_wconf 87' lang='lat' dir='ltr'><strong>um</strong></span> <span class='ocrx_word' id='word_1_115' title='bbox 2367 510 2511 555; x_wconf 80' lang='lat' dir='ltr'><strong>patrum</strong></span> 
     </span>
     <span class='ocr_line' id='line_1_9' title="bbox 291 549 2512 601; baseline 0.003 -18"><span class='ocrx_word' id='word_1_116' title='bbox 291 560 363 590; x_wconf 88' lang='grc' dir='ltr'><strong><em>τες,</em></strong></span> <span class='ocrx_word' id='word_1_117' title='bbox 400 551 462 594; x_wconf 84' lang='grc' dir='ltr'><strong>τῆς</strong></span> <span class='ocrx_word' id='word_1_118' title='bbox 492 551 571 585; x_wconf 82' lang='grc' dir='ltr'><strong>τῶν</strong></span> <span class='ocrx_word' id='word_1_119' title='bbox 594 554 766 597; x_wconf 75' lang='grc' dir='ltr'><strong><em>πατέρων</em></strong></span> <span class='ocrx_word' id='word_1_120' title='bbox 795 550 934 587; x_wconf 78' lang='grc' dir='ltr'><strong><em>ἀδικίας</em></strong></span> <span class='ocrx_word' id='word_1_121' title='bbox 964 555 1037 586; x_wconf 79' lang='grc' dir='ltr'><strong><em>τοῖς</em></strong></span> <span class='ocrx_word' id='word_1_122' title='bbox 1064 552 1102 593; x_wconf 80' lang='grc' dir='ltr'><strong>ἐξ</strong></span> <span class='ocrx_word' id='word_1_123' title='bbox 1135 549 1258 588; x_wconf 77' lang='grc' dir='ltr'><strong><em>αὐτῶν</em></strong></span> <span class='ocrx_word' id='word_1_124' title='bbox 1287 564 1370 587; x_wconf 80' lang='grc' dir='ltr'><strong><em>κατ·</em></strong></span> <span class='ocrx_word' id='word_1_125' title='bbox 1439 551 1614 588; x_wconf 85' lang='lat' dir='ltr'><strong>iniustitia</strong></span> <span class='ocrx_word' id='word_1_126' title='bbox 1635 552 1794 588; x_wconf 80' lang='lat' dir='ltr'>sobolem</span> <span class='ocrx_word' id='word_1_127' title='bbox 1817 555 1872 589; x_wconf 89' lang='lat' dir='ltr'><strong>est</strong></span> <span class='ocrx_word' id='word_1_128' title='bbox 1895 555 2030 598; x_wconf 73' lang='lat' dir='ltr'><strong>secuta,</strong></span> <span class='ocrx_word' id='word_1_129' title='bbox 2059 559 2096 591; x_wconf 91' lang='lat' dir='ltr'><strong>et</strong></span> <span class='ocrx_word' id='word_1_130' title='bbox 2117 566 2191 592; x_wconf 91' lang='lat' dir='ltr'><strong>non</strong></span> <span class='ocrx_word' id='word_1_131' title='bbox 2215 555 2374 601; x_wconf 78' lang='lat' dir='ltr'><strong>cogitant</strong></span> <span class='ocrx_word' id='word_1_132' title='bbox 2396 563 2442 590; x_wconf 84' lang='lat' dir='ltr'><strong>ne</strong></span> <span class='ocrx_word' id='word_1_133' title='bbox 2465 562 2512 590; x_wconf 88' lang='lat' dir='ltr'><strong>ue</strong></span> 
     </span>
     <span class='ocr_line' id='line_1_10' title="bbox 292 593 2510 648; baseline 0.002 -19"><span class='ocrx_word' id='word_1_134' title='bbox 292 593 577 648; x_wconf 60' lang='grc' dir='ltr'><strong><em>ακολουθούσης·</em></strong></span> <span class='ocrx_word' id='word_1_135' title='bbox 601 600 661 631; x_wconf 77' lang='grc' dir='ltr'><strong>καὶ</strong></span> <span class='ocrx_word' id='word_1_136' title='bbox 683 595 746 631; x_wconf 79' lang='grc' dir='ltr'><strong><em>οὐκ</em></strong></span> <span class='ocrx_word' id='word_1_137' title='bbox 769 597 955 632; x_wconf 74' lang='grc' dir='ltr'><strong><em>ἐννοοῦσιν</em></strong></span> <span class='ocrx_word' id='word_1_138' title='bbox 977 594 1061 631; x_wconf 73' lang='grc' dir='ltr'><strong><em>οὐδὲ</em></strong></span> <span class='ocrx_word' id='word_1_139' title='bbox 1083 596 1300 645; x_wconf 75' lang='grc' dir='ltr'><strong><em>λογίζονται,</em></strong></span> <span class='ocrx_word' id='word_1_140' title='bbox 1325 593 1372 632; x_wconf 78' lang='grc' dir='ltr'><strong><em>ὡς</em></strong></span> <span class='ocrx_word' id='word_1_141' title='bbox 1439 600 1626 642; x_wconf 86' lang='lat' dir='ltr'><strong>reputant,</strong></span> <span class='ocrx_word' id='word_1_142' title='bbox 1659 598 1827 642; x_wconf 87' lang='lat' dir='ltr'><strong>quoniam</strong></span> <span class='ocrx_word' id='word_1_143' title='bbox 1858 598 1954 643; x_wconf 86' lang='lat' dir='ltr'><strong>quod</strong></span> <span class='ocrx_word' id='word_1_144' title='bbox 1981 598 2051 644; x_wconf 87' lang='lat' dir='ltr'><strong>ipsi</strong></span> <span class='ocrx_word' id='word_1_145' title='bbox 2080 601 2183 644; x_wconf 76' lang='lat' dir='ltr'><strong>quasi</strong></span> <span class='ocrx_word' id='word_1_146' title='bbox 2212 611 2277 647; x_wconf 88' lang='lat' dir='ltr'><strong>pro</strong></span> <span class='ocrx_word' id='word_1_147' title='bbox 2308 610 2349 637; x_wconf 91' lang='lat' dir='ltr'><strong>se</strong></span> <span class='ocrx_word' id='word_1_148' title='bbox 2377 609 2456 635; x_wconf 85' lang='lat' dir='ltr'><strong>mac</strong></span> <span class='ocrx_word' id='word_1_149' title='bbox 2481 599 2510 634; x_wconf 89' lang='lat' dir='ltr'><strong>i-</strong></span> 
     </span>
     <span class='ocr_line' id='line_1_11' title="bbox 226 637 2511 688; baseline 0.002 -14"><span class='ocrx_word' id='word_1_150' title='bbox 226 675 232 682; x_wconf 70' lang='grc'><strong><em>,</em></strong></span> <span class='ocrx_word' id='word_1_151' title='bbox 290 652 384 688; x_wconf 87' lang='grc' dir='ltr'><strong><em>οπερ</em></strong></span> <span class='ocrx_word' id='word_1_152' title='bbox 404 637 508 676; x_wconf 74' lang='grc' dir='ltr'><strong><em>αὐτοὶ</em></strong></span> <span class='ocrx_word' id='word_1_153' title='bbox 533 639 650 685; x_wconf 82' lang='grc' dir='ltr'><strong><em>δῆθεν</em></strong></span> <span class='ocrx_word' id='word_1_154' title='bbox 673 638 764 688; x_wconf 73' lang='grc' dir='ltr'><strong><em>ὑπὲρ</em></strong></span> <span class='ocrx_word' id='word_1_155' title='bbox 788 642 929 678; x_wconf 85' lang='grc' dir='ltr'><strong><em>ἑαυτῶν</em></strong></span> <span class='ocrx_word' id='word_1_156' title='bbox 950 644 1189 686; x_wconf 79' lang='grc' dir='ltr'><strong><em>μηχανῶνται</em></strong></span> <span class='ocrx_word' id='word_1_157' title='bbox 1211 646 1289 677; x_wconf 82' lang='grc' dir='ltr'><strong><em>ταῖς</em></strong></span> <span class='ocrx_word' id='word_1_158' title='bbox 1312 640 1370 677; x_wconf 85' lang='grc' dir='ltr'><strong><em>δυ·</em></strong></span> <span class='ocrx_word' id='word_1_159' title='bbox 1386 646 1425 678; x_wconf 89' lang='grc'>10</span> <span class='ocrx_word' id='word_1_160' title='bbox 1439 645 1572 678; x_wconf 81' lang='lat' dir='ltr'><strong>uantur</strong></span> <span class='ocrx_word' id='word_1_161' title='bbox 1601 643 1839 688; x_wconf 76' lang='lat' dir='ltr'><strong>potestatibus</strong></span> <span class='ocrx_word' id='word_1_162' title='bbox 1870 647 2021 686; x_wconf 80' lang='lat' dir='ltr'><strong>utentes,</strong></span> <span class='ocrx_word' id='word_1_163' title='bbox 2056 644 2126 682; x_wconf 81' lang='lat' dir='ltr'><strong>hoc</strong></span> <span class='ocrx_word' id='word_1_164' title='bbox 2147 645 2270 682; x_wconf 80' lang='lat' dir='ltr'><strong>forsan</strong></span> <span class='ocrx_word' id='word_1_165' title='bbox 2301 649 2426 683; x_wconf 80' lang='lat' dir='ltr'><strong>contra</strong></span> <span class='ocrx_word' id='word_1_166' title='bbox 2449 654 2511 680; x_wconf 84' lang='lat' dir='ltr'><strong>eos</strong></span> 
     </span>
     <span class='ocr_line' id='line_1_12' title="bbox 291 684 2512 742; baseline 0.002 -22"><span class='ocrx_word' id='word_1_167' title='bbox 291 684 420 742; x_wconf 56' lang='grc' dir='ltr'><strong><em>νεζιμεσι</em></strong></span> <span class='ocrx_word' id='word_1_168' title='bbox 442 686 633 734; x_wconf 80' lang='grc' dir='ltr'><strong><em>χρώμενοι,</em></strong></span> <span class='ocrx_word' id='word_1_169' title='bbox 657 689 764 722; x_wconf 84' lang='grc' dir='ltr'><strong><em>τοῦτο</em></strong></span> <span class='ocrx_word' id='word_1_170' title='bbox 790 687 876 722; x_wconf 84' lang='grc' dir='ltr'><strong><em>ἴσως</em></strong></span> <span class='ocrx_word' id='word_1_171' title='bbox 899 685 991 722; x_wconf 84' lang='grc' dir='ltr'><strong><em>κατὰ</em></strong></span> <span class='ocrx_word' id='word_1_172' title='bbox 1013 688 1092 722; x_wconf 79' lang='grc' dir='ltr'><strong>τῶν</strong></span> <span class='ocrx_word' id='word_1_173' title='bbox 1106 690 1309 736; x_wconf 78' lang='grc' dir='ltr'><strong><em>γινομένων</em></strong></span> <span class='ocrx_word' id='word_1_174' title='bbox 1333 687 1371 729; x_wconf 77' lang='grc' dir='ltr'><strong>ἐξ</strong></span> <span class='ocrx_word' id='word_1_175' title='bbox 1440 687 1501 733; x_wconf 87' lang='lat' dir='ltr'><strong>qui</strong></span> <span class='ocrx_word' id='word_1_176' title='bbox 1532 697 1576 724; x_wconf 86' lang='lat' dir='ltr'><strong>ex</strong></span> <span class='ocrx_word' id='word_1_177' title='bbox 1608 688 1659 723; x_wconf 85' lang='lat' dir='ltr'><strong>eis</strong></span> <span class='ocrx_word' id='word_1_178' title='bbox 1690 691 1925 733; x_wconf 80' lang='lat' dir='ltr'><strong>procreantur</strong></span> <span class='ocrx_word' id='word_1_179' title='bbox 1948 692 2076 734; x_wconf 83' lang='lat' dir='ltr'><strong>agunt,</strong></span> <span class='ocrx_word' id='word_1_180' title='bbox 2105 700 2177 727; x_wconf 91' lang='lat' dir='ltr'><strong>non</strong></span> <span class='ocrx_word' id='word_1_181' title='bbox 2200 691 2323 728; x_wconf 85' lang='lat' dir='ltr'><strong>eadem</strong></span> <span class='ocrx_word' id='word_1_182' title='bbox 2351 689 2512 736; x_wconf 87' lang='lat' dir='ltr'><strong>potentia</strong></span> 
     </span>
     <span class='ocr_line' id='line_1_13' title="bbox 292 730 2020 812; baseline 0.003 -47"><span class='ocrx_word' id='word_1_183' title='bbox 292 744 415 810; x_wconf 51' lang='grc' dir='ltr'><strong><em>ἔντ’ων</em></strong></span> <span class='ocrx_word' id='word_1_184' title='bbox 438 731 671 812; x_wconf 49' lang='grc' dir='ltr'><strong><em>σὲράτΙτουσιν,</em></strong></span> <span class='ocrx_word' id='word_1_185' title='bbox 703 731 744 767; x_wconf 86' lang='grc' dir='ltr'><strong>ού</strong></span> <span class='ocrx_word' id='word_1_186' title='bbox 776 734 836 776; x_wconf 68' lang='grc' dir='ltr'><strong>τῆς</strong></span> <span class='ocrx_word' id='word_1_187' title='bbox 867 730 973 777; x_wconf 76' lang='grc' dir='ltr'><strong><em>αὐτῆς</em></strong></span> <span class='ocrx_word' id='word_1_188' title='bbox 1004 734 1150 769; x_wconf 67' lang='grc' dir='ltr'><strong><em>ἐκείνοις</em></strong></span> <span class='ocrx_word' id='word_1_189' title='bbox 1179 732 1370 769; x_wconf 56' lang='lat' dir='ltr'><strong>&amp;nauatam-</strong></span> <span class='ocrx_word' id='word_1_190' title='bbox 1440 736 1609 779; x_wconf 75' lang='lat' dir='ltr'><strong>sequente</strong></span> <span class='ocrx_word' id='word_1_191' title='bbox 1633 733 1790 773; x_wconf 80' lang='lat' dir='ltr'>sobolem</span> <span class='ocrx_word' id='word_1_192' title='bbox 1815 744 1906 780; x_wconf 60' lang='lat' dir='ltr'><strong>quae</strong></span> <span class='ocrx_word' id='word_1_193' title='bbox 1929 734 2020 770; x_wconf 85' lang='lat' dir='ltr'><strong>illos.</strong></span> 
     </span>
     <span class='ocr_line' id='line_1_14' title="bbox 323 788 643 822; baseline 0.003 -11"><span class='ocrx_word' id='word_1_194' title='bbox 323 788 428 821; x_wconf 82' lang='grc' dir='ltr'><strong><em>ουσης</em></strong></span> <span class='ocrx_word' id='word_1_195' title='bbox 475 789 643 822; x_wconf 77' lang='grc' dir='ltr'><strong><em>υναμεως.</em></strong></span> 
     </span>
    </p>
   </div>
   <div class='ocr_carea' id='block_1_3' title="bbox 1297 868 1509 906">
    <p class='ocr_par' dir='ltr' id='par_1_3' title="bbox 1297 868 1509 906">
     <span class='ocr_line' id='line_1_15' title="bbox 1297 868 1509 906; baseline -0.005 0"><span class='ocrx_word' id='word_1_196' title='bbox 1297 868 1453 906; x_wconf 87' lang='lat' dir='ltr'>CAPUT</span> <span class='ocrx_word' id='word_1_197' title='bbox 1481 869 1509 905; x_wconf 92' lang='lat'><strong>1.</strong></span> 
     </span>
    </p>
   </div>
   <div class='ocr_carea' id='block_1_4' title="bbox 292 944 2518 2039">
    <p class='ocr_par' dir='ltr' id='par_1_4' title="bbox 334 944 2512 993">
     <span class='ocr_line' id='line_1_16' title="bbox 334 944 2512 993; baseline 0 -12"><span class='ocrx_word' id='word_1_198' title='bbox 334 948 452 981; x_wconf 86' lang='grc' dir='ltr'><strong><em>Ταῦτα</em></strong></span> <span class='ocrx_word' id='word_1_199' title='bbox 468 944 703 990; x_wconf 67' lang='grc' dir='ltr'><strong><em>ὁννοήσαντες</em></strong></span> <span class='ocrx_word' id='word_1_200' title='bbox 718 946 785 981; x_wconf 83' lang='grc' dir='ltr'><strong>τὸν</strong></span> <span class='ocrx_word' id='word_1_201' title='bbox 799 945 967 992; x_wconf 87' lang='grc' dir='ltr'><strong><em>παρόντα</em></strong></span> <span class='ocrx_word' id='word_1_202' title='bbox 983 947 1108 982; x_wconf 71' lang='grc' dir='ltr'><strong><em>θεῖναι</em></strong></span> <span class='ocrx_word' id='word_1_203' title='bbox 1124 948 1237 993; x_wconf 83' lang='grc' dir='ltr'><strong><em>νόμον</em></strong></span> <span class='ocrx_word' id='word_1_204' title='bbox 1249 946 1372 993; x_wconf 73' lang='grc' dir='ltr'><strong><em>ᾠήθη·</em></strong></span> <span class='ocrx_word' id='word_1_205' title='bbox 1487 947 1587 983; x_wconf 77' lang='lat' dir='ltr'><strong>Haec</strong></span> <span class='ocrx_word' id='word_1_206' title='bbox 1605 946 1872 984; x_wconf 66' lang='lat' dir='ltr'><strong>considerantes</strong></span> <span class='ocrx_word' id='word_1_207' title='bbox 1891 949 2115 993; x_wconf 71' lang='lat' dir='ltr'><strong>praesentem</strong></span> <span class='ocrx_word' id='word_1_208' title='bbox 2133 956 2264 992; x_wconf 76' lang='lat' dir='ltr'><strong>ponete</strong></span> <span class='ocrx_word' id='word_1_209' title='bbox 2280 947 2392 992; x_wconf 71' lang='lat' dir='ltr'><strong>legem</strong></span> <span class='ocrx_word' id='word_1_210' title='bbox 2406 947 2512 983; x_wconf 76' lang='lat' dir='ltr'><strong>aesti-</strong></span> 
     </span>
    </p>

    <p class='ocr_par' dir='ltr' id='par_1_5' title="bbox 292 992 2518 2039">
     <span class='ocr_line' id='line_1_17' title="bbox 292 992 2512 1039; baseline 0 -12"><span class='ocrx_word' id='word_1_211' title='bbox 292 1006 360 1038; x_wconf 85' lang='grc' dir='ltr'><strong>μεν</strong></span> <span class='ocrx_word' id='word_1_212' title='bbox 378 994 517 1038; x_wconf 79' lang='grc' dir='ltr'><strong><em>χρῆναι.</em></strong></span> <span class='ocrx_word' id='word_1_213' title='bbox 563 994 624 1026; x_wconf 79' lang='grc' dir='ltr'><strong>καὶ</strong></span> <span class='ocrx_word' id='word_1_214' title='bbox 648 992 940 1039; x_wconf 77' lang='grc' dir='ltr'><strong><em>προαγορεύομεν</em></strong></span> <span class='ocrx_word' id='word_1_215' title='bbox 960 994 1050 1028; x_wconf 84' lang='grc' dir='ltr'><strong><em>πᾶσι</em></strong></span> <span class='ocrx_word' id='word_1_216' title='bbox 1069 996 1142 1028; x_wconf 88' lang='grc' dir='ltr'><strong><em>τοῖς</em></strong></span> <span class='ocrx_word' id='word_1_217' title='bbox 1159 995 1199 1028; x_wconf 82' lang='grc' dir='ltr'><strong>ἐν</strong></span> <span class='ocrx_word' id='word_1_218' title='bbox 1218 997 1295 1030; x_wconf 87' lang='grc' dir='ltr'><strong><em>ταῖς</em></strong></span> <span class='ocrx_word' id='word_1_219' title='bbox 1311 996 1371 1028; x_wconf 72' lang='grc' dir='ltr'><strong>επ·</strong></span> <span class='ocrx_word' id='word_1_220' title='bbox 1388 997 1427 1029; x_wconf 85' lang='grc'>15</span> <span class='ocrx_word' id='word_1_221' title='bbox 1441 993 1613 1028; x_wconf 88' lang='lat' dir='ltr'><strong>mavimus</strong></span> <span class='ocrx_word' id='word_1_222' title='bbox 1637 994 1812 1037; x_wconf 83' lang='lat' dir='ltr'><strong>oportere.</strong></span> <span class='ocrx_word' id='word_1_223' title='bbox 1850 993 1901 1029; x_wconf 86' lang='lat' dir='ltr'><strong>Et</strong></span> <span class='ocrx_word' id='word_1_224' title='bbox 1924 992 2161 1039; x_wconf 85' lang='lat' dir='ltr'><strong>praecipimus</strong></span> <span class='ocrx_word' id='word_1_225' title='bbox 2185 992 2348 1029; x_wconf 84' lang='lat' dir='ltr'><strong>omnibus</strong></span> <span class='ocrx_word' id='word_1_226' title='bbox 2368 993 2406 1030; x_wconf 89' lang='lat' dir='ltr'><strong>in</strong></span> <span class='ocrx_word' id='word_1_227' title='bbox 2428 1003 2512 1037; x_wconf 89' lang='lat' dir='ltr'><strong>pro-</strong></span> 
     </span>
     <span class='ocr_line' id='line_1_18' title="bbox 294 1034 2514 1085; baseline 0 -14"><span class='ocrx_word' id='word_1_228' title='bbox 294 1041 430 1084; x_wconf 75' lang='grc' dir='ltr'><strong><em>αρχίαις</em></strong></span> <span class='ocrx_word' id='word_1_229' title='bbox 453 1038 623 1079; x_wconf 78' lang='grc' dir='ltr'><strong><em>οἰκοῦσιν,</em></strong></span> <span class='ocrx_word' id='word_1_230' title='bbox 653 1034 781 1072; x_wconf 66' lang='lat' dir='ltr'><strong>«indam</strong></span> <span class='ocrx_word' id='word_1_231' title='bbox 812 1039 891 1073; x_wconf 82' lang='grc' dir='ltr'><strong>τῶν</strong></span> <span class='ocrx_word' id='word_1_232' title='bbox 921 1035 1106 1085; x_wconf 78' lang='grc' dir='ltr'><strong><em>ἡμετέρων</em></strong></span> <span class='ocrx_word' id='word_1_233' title='bbox 1135 1038 1373 1074; x_wconf 86' lang='grc' dir='ltr'><strong><em>κατακούονσι</em></strong></span> <span class='ocrx_word' id='word_1_234' title='bbox 1440 1038 1564 1073; x_wconf 86' lang='lat' dir='ltr'><strong>vinciis</strong></span> <span class='ocrx_word' id='word_1_235' title='bbox 1580 1037 1758 1073; x_wconf 86' lang='lat' dir='ltr'><strong>iudicibus</strong></span> <span class='ocrx_word' id='word_1_236' title='bbox 1774 1037 1987 1084; x_wconf 83' lang='lat' dir='ltr'><strong>quicumque</strong></span> <span class='ocrx_word' id='word_1_237' title='bbox 2005 1038 2139 1075; x_wconf 87' lang='lat' dir='ltr'><strong>nostris</strong></span> <span class='ocrx_word' id='word_1_238' title='bbox 2153 1037 2348 1074; x_wconf 83' lang='lat' dir='ltr'><strong>oboediunt</strong></span> <span class='ocrx_word' id='word_1_239' title='bbox 2365 1038 2514 1083; x_wconf 78' lang='lat' dir='ltr'><strong>sceptris</strong></span> 
     </span>
     <span class='ocr_line' id='line_1_19' title="bbox 293 1079 2515 1138; baseline -0 -20"><span class='ocrx_word' id='word_1_240' title='bbox 293 1083 490 1138; x_wconf 82' lang='grc' dir='ltr'><strong><em>σκήπτρων</em></strong></span> <span class='ocrx_word' id='word_1_241' title='bbox 510 1084 571 1119; x_wconf 74' lang='grc' dir='ltr'><strong>ἐπὶ</strong></span> <span class='ocrx_word' id='word_1_242' title='bbox 590 1083 652 1126; x_wconf 80' lang='grc' dir='ltr'><strong>τῆς</strong></span> <span class='ocrx_word' id='word_1_243' title='bbox 666 1079 824 1126; x_wconf 75' lang='grc' dir='ltr'><strong><em>ὑπηκόου</em></strong></span> <span class='ocrx_word' id='word_1_244' title='bbox 841 1080 956 1127; x_wconf 80' lang='grc' dir='ltr'><strong><em>πάσης</em></strong></span> <span class='ocrx_word' id='word_1_245' title='bbox 975 1085 1036 1127; x_wconf 81' lang='grc' dir='ltr'><strong>τῆς</strong></span> <span class='ocrx_word' id='word_1_246' title='bbox 1057 1097 1096 1118; x_wconf 83' lang='grc' dir='ltr'><strong>τε</strong></span> <span class='ocrx_word' id='word_1_247' title='bbox 1115 1085 1163 1119; x_wconf 79' lang='grc' dir='ltr'><strong>εἰς</strong></span> <span class='ocrx_word' id='word_1_248' title='bbox 1178 1080 1373 1127; x_wconf 79' lang='grc' dir='ltr'><strong><em>ἀνίσχοντα</em></strong></span> <span class='ocrx_word' id='word_1_249' title='bbox 1440 1084 1477 1118; x_wconf 93' lang='lat' dir='ltr'><strong>in</strong></span> <span class='ocrx_word' id='word_1_250' title='bbox 1509 1083 1675 1118; x_wconf 87' lang='lat' dir='ltr'><strong>universa</strong></span> <span class='ocrx_word' id='word_1_251' title='bbox 1705 1082 1844 1120; x_wconf 88' lang='lat' dir='ltr'><strong>dicione</strong></span> <span class='ocrx_word' id='word_1_252' title='bbox 1880 1088 1916 1120; x_wconf 89' lang='lat' dir='ltr'><strong>et</strong></span> <span class='ocrx_word' id='word_1_253' title='bbox 1948 1093 2039 1129; x_wconf 88' lang='lat' dir='ltr'><strong>quae</strong></span> <span class='ocrx_word' id='word_1_254' title='bbox 2069 1082 2323 1121; x_wconf 75' lang='lat' dir='ltr'><strong>ascendentem</strong></span> <span class='ocrx_word' id='word_1_255' title='bbox 2351 1082 2445 1118; x_wconf 87' lang='lat' dir='ltr'><strong>videt</strong></span> <span class='ocrx_word' id='word_1_256' title='bbox 2479 1087 2515 1117; x_wconf 86' lang='lat' dir='ltr'><strong>et</strong></span> 
     </span>
     <span class='ocr_line' id='line_1_20' title="bbox 293 1125 2513 1181; baseline -0 -18"><span class='ocrx_word' id='word_1_257' title='bbox 293 1127 494 1173; x_wconf 78' lang='grc' dir='ltr'><strong><em>βλεπουσης</em></strong></span> <span class='ocrx_word' id='word_1_258' title='bbox 516 1129 640 1181; x_wconf 50' lang='grc' dir='ltr'><strong><em>τῆςυτε</em></strong></span> <span class='ocrx_word' id='word_1_259' title='bbox 664 1128 753 1175; x_wconf 85' lang='grc' dir='ltr'><strong><em>πρὸς</em></strong></span> <span class='ocrx_word' id='word_1_260' title='bbox 776 1126 951 1173; x_wconf 66' lang='grc' dir='ltr'><strong><em>δυόμενον</em></strong></span> <span class='ocrx_word' id='word_1_261' title='bbox 973 1125 1074 1173; x_wconf 74' lang='grc' dir='ltr'><strong><em>ἥλιον</em></strong></span> <span class='ocrx_word' id='word_1_262' title='bbox 1105 1132 1166 1173; x_wconf 78' lang='grc' dir='ltr'><strong>τῆς</strong></span> <span class='ocrx_word' id='word_1_263' title='bbox 1188 1144 1228 1164; x_wconf 82' lang='grc' dir='ltr'><strong>τε</strong></span> <span class='ocrx_word' id='word_1_264' title='bbox 1254 1130 1373 1164; x_wconf 74' lang='grc' dir='ltr'><strong><em>ἑκατέ-</em></strong></span> <span class='ocrx_word' id='word_1_265' title='bbox 1442 1138 1533 1174; x_wconf 88' lang='lat' dir='ltr'><strong>quae</strong></span> <span class='ocrx_word' id='word_1_266' title='bbox 1563 1127 1783 1164; x_wconf 88' lang='lat' dir='ltr'><strong>occidentem</strong></span> <span class='ocrx_word' id='word_1_267' title='bbox 1814 1129 1926 1166; x_wconf 87' lang='lat' dir='ltr'><strong>solem</strong></span> <span class='ocrx_word' id='word_1_268' title='bbox 1957 1133 1993 1165; x_wconf 89' lang='lat' dir='ltr'><strong>et</strong></span> <span class='ocrx_word' id='word_1_269' title='bbox 2012 1139 2104 1175; x_wconf 87' lang='lat' dir='ltr'><strong>quae</strong></span> <span class='ocrx_word' id='word_1_270' title='bbox 2134 1139 2179 1165; x_wconf 88' lang='lat' dir='ltr'><strong>ex</strong></span> <span class='ocrx_word' id='word_1_271' title='bbox 2201 1131 2283 1165; x_wconf 86' lang='lat' dir='ltr'><strong>utro</strong></span> <span class='ocrx_word' id='word_1_272' title='bbox 2310 1138 2355 1164; x_wconf 88' lang='lat' dir='ltr'><strong>ue</strong></span> <span class='ocrx_word' id='word_1_273' title='bbox 2385 1130 2440 1164; x_wconf 88' lang='lat' dir='ltr'><strong>est</strong></span> <span class='ocrx_word' id='word_1_274' title='bbox 2462 1127 2513 1163; x_wconf 85' lang='lat' dir='ltr'><strong>la-</strong></span> 
     </span>
     <span class='ocr_line' id='line_1_21' title="bbox 295 1172 2514 1228; baseline -0.001 -19"><span class='ocrx_word' id='word_1_275' title='bbox 295 1174 553 1228; x_wconf 54' lang='lat' dir='ltr'><strong>gmfl&#39;svstfiowc,</strong></span> <span class='ocrx_word' id='word_1_276' title='bbox 571 1185 659 1209; x_wconf 80' lang='grc' dir='ltr'><strong><em>ωςτε</em></strong></span> <span class='ocrx_word' id='word_1_277' title='bbox 675 1176 829 1209; x_wconf 77' lang='grc' dir='ltr'><strong><em>ἕκαστον</em></strong></span> <span class='ocrx_word' id='word_1_278' title='bbox 846 1172 907 1221; x_wconf 78' lang='grc' dir='ltr'><strong>ἐφ’</strong></span> <span class='ocrx_word' id='word_1_279' title='bbox 926 1173 966 1222; x_wconf 74' lang='grc' dir='ltr'><strong>ᾑε</strong></span> <span class='ocrx_word' id='word_1_280' title='bbox 985 1177 1156 1220; x_wconf 70' lang='grc' dir='ltr'><strong><em>ἐπαρχίας</em></strong></span> <span class='ocrx_word' id='word_1_281' title='bbox 1177 1173 1376 1220; x_wconf 75' lang='grc' dir='ltr'><strong><em>πλημμελεῖ</em></strong></span> <span class='ocrx_word' id='word_1_282' title='bbox 1441 1177 1527 1218; x_wconf 82' lang='lat' dir='ltr'><strong>tere,</strong></span> <span class='ocrx_word' id='word_1_283' title='bbox 1559 1177 1600 1209; x_wconf 75' lang='lat' dir='ltr'><strong>ut</strong></span> <span class='ocrx_word' id='word_1_284' title='bbox 1623 1174 1870 1220; x_wconf 81' lang='lat' dir='ltr'><strong>unusquisque</strong></span> <span class='ocrx_word' id='word_1_285' title='bbox 1891 1175 1929 1210; x_wconf 86' lang='lat' dir='ltr'><strong>in</strong></span> <span class='ocrx_word' id='word_1_286' title='bbox 1954 1185 2024 1219; x_wconf 74' lang='lat' dir='ltr'><strong>qua</strong></span> <span class='ocrx_word' id='word_1_287' title='bbox 2047 1174 2231 1227; x_wconf 75' lang='lat' dir='ltr'><strong>provincia</strong></span> <span class='ocrx_word' id='word_1_288' title='bbox 2254 1174 2297 1211; x_wconf 82' lang='lat' dir='ltr'><strong>de</strong></span> <span class='ocrx_word' id='word_1_289' title='bbox 2313 1173 2427 1218; x_wconf 83' lang='lat' dir='ltr'><strong>’nquit</strong></span> <span class='ocrx_word' id='word_1_290' title='bbox 2452 1175 2514 1210; x_wconf 83' lang='lat' dir='ltr'><strong>aut</strong></span> 
     </span>
     <span class='ocr_line' id='line_1_22' title="bbox 293 1216 2516 1267; baseline 0 -14"><span class='ocrx_word' id='word_1_291' title='bbox 293 1234 314 1263; x_wconf 92' lang='grc' dir='ltr'><strong><em>η</em></strong></span> <span class='ocrx_word' id='word_1_292' title='bbox 334 1216 395 1266; x_wconf 75' lang='grc' dir='ltr'><strong>ἐφ’</strong></span> <span class='ocrx_word' id='word_1_293' title='bbox 415 1217 453 1262; x_wconf 71' lang='grc' dir='ltr'><strong><em>ἧς</em></strong></span> <span class='ocrx_word' id='word_1_294' title='bbox 475 1219 671 1265; x_wconf 79' lang='grc' dir='ltr'><strong><em>χρημάτων</em></strong></span> <span class='ocrx_word' id='word_1_295' title='bbox 695 1216 717 1263; x_wconf 87' lang='grc' dir='ltr'><em>ἢ</em></span> <span class='ocrx_word' id='word_1_296' title='bbox 741 1218 974 1265; x_wconf 71' lang='grc' dir='ltr'><strong><em>ἐγκλημάτων</em></strong></span> <span class='ocrx_word' id='word_1_297' title='bbox 997 1217 1202 1256; x_wconf 74' lang='grc' dir='ltr'><strong><em>ὑπεύθυνος</em></strong></span> <span class='ocrx_word' id='word_1_298' title='bbox 1224 1225 1372 1267; x_wconf 81' lang='grc' dir='ltr'><strong><em>γίνεται,</em></strong></span> <span class='ocrx_word' id='word_1_299' title='bbox 1387 1222 1428 1255; x_wconf 85' lang='grc'><strong>20</strong></span> <span class='ocrx_word' id='word_1_300' title='bbox 1441 1219 1478 1255; x_wconf 92' lang='lat' dir='ltr'><strong>in</strong></span> <span class='ocrx_word' id='word_1_301' title='bbox 1507 1229 1578 1265; x_wconf 88' lang='lat' dir='ltr'><strong>qua</strong></span> <span class='ocrx_word' id='word_1_302' title='bbox 1604 1220 1837 1265; x_wconf 69' lang='lat' dir='ltr'><strong>pecuniarum</strong></span> <span class='ocrx_word' id='word_1_303' title='bbox 1868 1223 1932 1256; x_wconf 83' lang='lat' dir='ltr'><strong>aut</strong></span> <span class='ocrx_word' id='word_1_304' title='bbox 1958 1221 2142 1257; x_wconf 87' lang='lat' dir='ltr'><strong>crimmum</strong></span> <span class='ocrx_word' id='word_1_305' title='bbox 2172 1229 2255 1255; x_wconf 86' lang='lat' dir='ltr'><strong>reus</strong></span> <span class='ocrx_word' id='word_1_306' title='bbox 2285 1219 2343 1262; x_wconf 86' lang='lat' dir='ltr'><strong>fit,</strong></span> <span class='ocrx_word' id='word_1_307' title='bbox 2375 1218 2448 1254; x_wconf 87' lang='lat' dir='ltr'><strong>sive</strong></span> <span class='ocrx_word' id='word_1_308' title='bbox 2471 1217 2516 1253; x_wconf 88' lang='lat' dir='ltr'><strong>de</strong></span> 
     </span>
     <span class='ocr_line' id='line_1_23' title="bbox 294 1261 2513 1312; baseline 0.001 -14"><span class='ocrx_word' id='word_1_309' title='bbox 294 1265 365 1300; x_wconf 81' lang='grc' dir='ltr'><strong><em>εἴτε</em></strong></span> <span class='ocrx_word' id='word_1_310' title='bbox 395 1267 478 1311; x_wconf 79' lang='grc' dir='ltr'><strong><em>περὶ</em></strong></span> <span class='ocrx_word' id='word_1_311' title='bbox 509 1265 571 1312; x_wconf 70' lang='grc' dir='ltr'><strong>γῆς</strong></span> <span class='ocrx_word' id='word_1_312' title='bbox 602 1261 712 1312; x_wconf 84' lang='grc' dir='ltr'><strong><em>ὁρίων</em></strong></span> <span class='ocrx_word' id='word_1_313' title='bbox 741 1265 813 1300; x_wconf 81' lang='grc' dir='ltr'><strong><em>εἴτε</em></strong></span> <span class='ocrx_word' id='word_1_314' title='bbox 840 1267 923 1312; x_wconf 80' lang='grc' dir='ltr'><strong><em>περὶ</em></strong></span> <span class='ocrx_word' id='word_1_315' title='bbox 947 1263 1157 1301; x_wconf 75' lang='grc' dir='ltr'><strong><em>δεσποτείας</em></strong></span> <span class='ocrx_word' id='word_1_316' title='bbox 1188 1266 1259 1300; x_wconf 84' lang='grc' dir='ltr'><strong><em>εἴτε</em></strong></span> <span class='ocrx_word' id='word_1_317' title='bbox 1291 1268 1373 1308; x_wconf 85' lang='grc' dir='ltr'><strong><em>περὶ</em></strong></span> <span class='ocrx_word' id='word_1_318' title='bbox 1441 1268 1538 1301; x_wconf 76' lang='lat' dir='ltr'><strong>terra</strong></span> <span class='ocrx_word' id='word_1_319' title='bbox 1561 1268 1597 1300; x_wconf 82' lang='lat' dir='ltr'><strong>et</strong></span> <span class='ocrx_word' id='word_1_320' title='bbox 1620 1264 1664 1300; x_wconf 84' lang='lat' dir='ltr'><strong>de</strong></span> <span class='ocrx_word' id='word_1_321' title='bbox 1683 1265 1842 1300; x_wconf 80' lang='lat' dir='ltr'><strong>terminis</strong></span> <span class='ocrx_word' id='word_1_322' title='bbox 1865 1266 1938 1302; x_wconf 86' lang='lat' dir='ltr'><strong>sive</strong></span> <span class='ocrx_word' id='word_1_323' title='bbox 1963 1266 2008 1302; x_wconf 83' lang='lat' dir='ltr'><strong>de</strong></span> <span class='ocrx_word' id='word_1_324' title='bbox 2025 1265 2247 1311; x_wconf 78' lang='lat' dir='ltr'><strong>proprietate</strong></span> <span class='ocrx_word' id='word_1_325' title='bbox 2270 1265 2342 1300; x_wconf 85' lang='lat' dir='ltr'><strong>sive</strong></span> <span class='ocrx_word' id='word_1_326' title='bbox 2365 1264 2410 1300; x_wconf 84' lang='lat' dir='ltr'><strong>de</strong></span> <span class='ocrx_word' id='word_1_327' title='bbox 2431 1274 2513 1309; x_wconf 80' lang='lat' dir='ltr'><strong>pos·</strong></span> 
     </span>
     <span class='ocr_line' id='line_1_24' title="bbox 296 1306 2513 1365; baseline 0.001 -22"><span class='ocrx_word' id='word_1_328' title='bbox 296 1311 401 1355; x_wconf 75' lang='grc' dir='ltr'><strong><em>νομῆς</em></strong></span> <span class='ocrx_word' id='word_1_329' title='bbox 425 1307 447 1354; x_wconf 84' lang='grc' dir='ltr'><em>ἢ</em></span> <span class='ocrx_word' id='word_1_330' title='bbox 470 1308 658 1354; x_wconf 79' lang='grc' dir='ltr'><strong><em>ὑποθήκης</em></strong></span> <span class='ocrx_word' id='word_1_331' title='bbox 687 1306 710 1365; x_wconf 77' lang='grc' dir='ltr'><em>ἢ</em></span> <span class='ocrx_word' id='word_1_332' title='bbox 739 1313 821 1355; x_wconf 84' lang='grc' dir='ltr'><strong><em>περὶ</em></strong></span> <span class='ocrx_word' id='word_1_333' title='bbox 851 1311 972 1358; x_wconf 75' lang='grc' dir='ltr'><strong><em>ἑτέρας</em></strong></span> <span class='ocrx_word' id='word_1_334' title='bbox 998 1309 1209 1354; x_wconf 83' lang='grc' dir='ltr'><strong><em>οἱαςδήποτε</em></strong></span> <span class='ocrx_word' id='word_1_335' title='bbox 1233 1324 1261 1347; x_wconf 90' lang='grc' dir='ltr'><strong><em>π</em></strong></span> <span class='ocrx_word' id='word_1_336' title='bbox 1306 1311 1372 1357; x_wconf 82' lang='grc' dir='ltr'><strong>φά-</strong></span> <span class='ocrx_word' id='word_1_337' title='bbox 1442 1309 1601 1347; x_wconf 87' lang='lat' dir='ltr'><strong>sessione</strong></span> <span class='ocrx_word' id='word_1_338' title='bbox 1616 1313 1679 1350; x_wconf 85' lang='lat' dir='ltr'><strong>aut</strong></span> <span class='ocrx_word' id='word_1_339' title='bbox 1693 1310 1897 1364; x_wconf 77' lang='lat' dir='ltr'><strong>hypotheca</strong></span> <span class='ocrx_word' id='word_1_340' title='bbox 1914 1311 1970 1347; x_wconf 87' lang='lat' dir='ltr'><strong>vel</strong></span> <span class='ocrx_word' id='word_1_341' title='bbox 1986 1311 2030 1347; x_wconf 92' lang='lat' dir='ltr'><strong>de</strong></span> <span class='ocrx_word' id='word_1_342' title='bbox 2045 1311 2206 1356; x_wconf 87' lang='lat' dir='ltr'><strong>qualibet</strong></span> <span class='ocrx_word' id='word_1_343' title='bbox 2227 1309 2298 1346; x_wconf 84' lang='lat' dir='ltr'><strong>alia</strong></span> <span class='ocrx_word' id='word_1_344' title='bbox 2314 1308 2513 1351; x_wconf 79' lang='lat' dir='ltr'><strong>occasione,</strong></span> 
     </span>
     <span class='ocr_line' id='line_1_25' title="bbox 295 1324 2515 1401; baseline 0 -12"><span class='ocrx_word' id='word_1_345' title='bbox 295 1366 399 1399; x_wconf 78' lang='grc' dir='ltr'><strong><em>σεως,</em></strong></span> <span class='ocrx_word' id='word_1_346' title='bbox 431 1357 543 1390; x_wconf 78' lang='grc' dir='ltr'><strong><em>ἐκεῖσε</em></strong></span> <span class='ocrx_word' id='word_1_347' title='bbox 571 1359 632 1391; x_wconf 78' lang='grc' dir='ltr'><strong>καὶ</strong></span> <span class='ocrx_word' id='word_1_348' title='bbox 662 1367 728 1392; x_wconf 73' lang='lat' dir='ltr'><strong>‘ras</strong></span> <span class='ocrx_word' id='word_1_349' title='bbox 749 1352 908 1391; x_wconf 67' lang='grc' dir='ltr'><strong><em>εὐθύνας</em></strong></span> <span class='ocrx_word' id='word_1_350' title='bbox 938 1354 1083 1400; x_wconf 75' lang='grc' dir='ltr'><strong><em>ὑπέχειν</em></strong></span> <span class='ocrx_word' id='word_1_351' title='bbox 1112 1359 1231 1400; x_wconf 74' lang='grc' dir='ltr'><strong><em>(τοῦτο</em></strong></span> <span class='ocrx_word' id='word_1_352' title='bbox 1256 1324 1303 1399; x_wconf 50' lang='grc' dir='ltr'><strong>δαΐ</strong></span> <span class='ocrx_word' id='word_1_353' title='bbox 1330 1354 1372 1391; x_wconf 81' lang='grc' dir='ltr'><strong>τὸ</strong></span> <span class='ocrx_word' id='word_1_354' title='bbox 1440 1355 1514 1392; x_wconf 87' lang='lat' dir='ltr'><strong>illic</strong></span> <span class='ocrx_word' id='word_1_355' title='bbox 1545 1355 1652 1392; x_wconf 80' lang='lat' dir='ltr'><strong>etiam</strong></span> <span class='ocrx_word' id='word_1_356' title='bbox 1681 1355 1751 1391; x_wconf 85' lang='lat' dir='ltr'><strong>iun</strong></span> <span class='ocrx_word' id='word_1_357' title='bbox 1782 1356 1968 1392; x_wconf 85' lang='lat' dir='ltr'><strong>subiaceat</strong></span> <span class='ocrx_word' id='word_1_358' title='bbox 2001 1356 2083 1399; x_wconf 85' lang='lat' dir='ltr'><strong>(hoc</strong></span> <span class='ocrx_word' id='word_1_359' title='bbox 2115 1356 2207 1392; x_wconf 86' lang='lat' dir='ltr'><strong>enim</strong></span> <span class='ocrx_word' id='word_1_360' title='bbox 2243 1354 2339 1401; x_wconf 79' lang='lat' dir='ltr'><strong>apud</strong></span> <span class='ocrx_word' id='word_1_361' title='bbox 2371 1364 2515 1399; x_wconf 77' lang='lat' dir='ltr'><strong>praece-</strong></span> 
     </span>
     <span class='ocr_line' id='line_1_26' title="bbox 295 1398 2515 1449; baseline -0 -14"><span class='ocrx_word' id='word_1_362' title='bbox 295 1404 355 1435; x_wconf 80' lang='grc' dir='ltr'><strong>καὶ</strong></span> <span class='ocrx_word' id='word_1_363' title='bbox 377 1404 451 1436; x_wconf 79' lang='grc' dir='ltr'><strong><em>τοῖς</em></strong></span> <span class='ocrx_word' id='word_1_364' title='bbox 482 1401 553 1448; x_wconf 82' lang='grc' dir='ltr'><strong>πρὸ</strong></span> <span class='ocrx_word' id='word_1_365' title='bbox 577 1398 682 1445; x_wconf 76' lang='grc' dir='ltr'><strong><em>ἡμῶν</em></strong></span> <span class='ocrx_word' id='word_1_366' title='bbox 705 1401 924 1445; x_wconf 72' lang='grc' dir='ltr'><strong><em>νομοθέταις</em></strong></span> <span class='ocrx_word' id='word_1_367' title='bbox 947 1400 1118 1437; x_wconf 80' lang='grc' dir='ltr'><strong><em>ποικίλως</em></strong></span> <span class='ocrx_word' id='word_1_368' title='bbox 1146 1404 1213 1446; x_wconf 74' lang='grc' dir='ltr'><strong>μὲν</strong></span> <span class='ocrx_word' id='word_1_369' title='bbox 1237 1403 1312 1449; x_wconf 82' lang='grc' dir='ltr'><strong><em>εἰρη</em></strong></span> <span class='ocrx_word' id='word_1_370' title='bbox 1341 1404 1373 1436; x_wconf 81' lang='grc' dir='ltr'><strong>ε’·</strong></span> <span class='ocrx_word' id='word_1_371' title='bbox 1442 1401 1567 1438; x_wconf 87' lang='lat' dir='ltr'><strong>dentes</strong></span> <span class='ocrx_word' id='word_1_372' title='bbox 1591 1400 1813 1445; x_wconf 82' lang='lat' dir='ltr'><strong>legislatores</strong></span> <span class='ocrx_word' id='word_1_373' title='bbox 1834 1401 1931 1438; x_wconf 83' lang='lat' dir='ltr'><strong>varie</strong></span> <span class='ocrx_word' id='word_1_374' title='bbox 1955 1402 2113 1448; x_wconf 88' lang='lat' dir='ltr'><strong>quidem,</strong></span> <span class='ocrx_word' id='word_1_375' title='bbox 2143 1405 2264 1441; x_wconf 81' lang='lat' dir='ltr'><strong>tamen</strong></span> <span class='ocrx_word' id='word_1_376' title='bbox 2293 1401 2427 1437; x_wconf 85' lang='lat' dir='ltr'><strong>dictum</strong></span> <span class='ocrx_word' id='word_1_377' title='bbox 2451 1403 2515 1442; x_wconf 89' lang='lat' dir='ltr'><strong>est,</strong></span> 
     </span>
     <span class='ocr_line' id='line_1_27' title="bbox 295 1442 2517 1500; baseline -0 -20"><span class='ocrx_word' id='word_1_378' title='bbox 295 1460 359 1481; x_wconf 81' lang='grc' dir='ltr'><strong>νον</strong></span> <span class='ocrx_word' id='word_1_379' title='bbox 383 1444 424 1480; x_wconf 66' lang='grc' dir='ltr'><strong>δι’</strong></span> <span class='ocrx_word' id='word_1_380' title='bbox 446 1442 559 1491; x_wconf 79' lang='grc' dir='ltr'><strong><em>ὅμως,</em></strong></span> <span class='ocrx_word' id='word_1_381' title='bbox 590 1447 622 1481; x_wconf 85' lang='grc' dir='ltr'><strong>εἰ</strong></span> <span class='ocrx_word' id='word_1_382' title='bbox 645 1449 705 1480; x_wconf 82' lang='grc' dir='ltr'><strong>καὶ</strong></span> <span class='ocrx_word' id='word_1_383' title='bbox 727 1445 776 1490; x_wconf 81' lang='grc' dir='ltr'><strong>μὴ</strong></span> <span class='ocrx_word' id='word_1_384' title='bbox 799 1446 975 1495; x_wconf 78' lang='grc' dir='ltr'><strong><em>καθαρῶς</em></strong></span> <span class='ocrx_word' id='word_1_385' title='bbox 1005 1451 1066 1481; x_wconf 80' lang='grc' dir='ltr'><strong>καὶ</strong></span> <span class='ocrx_word' id='word_1_386' title='bbox 1095 1445 1142 1482; x_wconf 77' lang='grc' dir='ltr'><strong><em>ὠς</em></strong></span> <span class='ocrx_word' id='word_1_387' title='bbox 1165 1445 1261 1492; x_wconf 81' lang='grc' dir='ltr'><strong><em>ἡμεῖς</em></strong></span> <span class='ocrx_word' id='word_1_388' title='bbox 1285 1446 1372 1482; x_wconf 68' lang='lat' dir='ltr'><strong>amo</strong></span> <span class='ocrx_word' id='word_1_389' title='bbox 1387 1447 1526 1483; x_wconf 87' lang='lat' dir='ltr'><strong>25licet</strong></span> <span class='ocrx_word' id='word_1_390' title='bbox 1548 1456 1621 1486; x_wconf 89' lang='lat' dir='ltr'><strong>non</strong></span> <span class='ocrx_word' id='word_1_391' title='bbox 1644 1456 1733 1500; x_wconf 84' lang='lat' dir='ltr'><strong>pure</strong></span> <span class='ocrx_word' id='word_1_392' title='bbox 1756 1449 1793 1482; x_wconf 89' lang='lat' dir='ltr'><strong>et</strong></span> <span class='ocrx_word' id='word_1_393' title='bbox 1813 1446 1908 1483; x_wconf 85' lang='lat' dir='ltr'><strong>sicut</strong></span> <span class='ocrx_word' id='word_1_394' title='bbox 1930 1458 1996 1484; x_wconf 88' lang='lat' dir='ltr'><strong>nos</strong></span> <span class='ocrx_word' id='word_1_395' title='bbox 2021 1446 2109 1483; x_wconf 91' lang='lat' dir='ltr'><strong>illud</strong></span> <span class='ocrx_word' id='word_1_396' title='bbox 2130 1445 2456 1488; x_wconf 79' lang='lat' dir='ltr'><strong>consideravimus),</strong></span> <span class='ocrx_word' id='word_1_397' title='bbox 2481 1448 2517 1480; x_wconf 87' lang='lat' dir='ltr'><strong>et</strong></span> 
     </span>
     <span class='ocr_line' id='line_1_28' title="bbox 294 1489 2173 1540; baseline 0.001 -15"><span class='ocrx_word' id='word_1_398' title='bbox 294 1489 568 1536; x_wconf 69' lang='grc' dir='ltr'><strong><em>διενοήθημεν),</em></strong></span> <span class='ocrx_word' id='word_1_399' title='bbox 601 1489 691 1526; x_wconf 79' lang='grc' dir='ltr'><strong><em>ἀλλὰ</em></strong></span> <span class='ocrx_word' id='word_1_400' title='bbox 713 1490 763 1537; x_wconf 84' lang='grc' dir='ltr'><strong>μὴ</strong></span> <span class='ocrx_word' id='word_1_401' title='bbox 787 1493 907 1535; x_wconf 83' lang='grc' dir='ltr'><strong><em>ζητεῖν</em></strong></span> <span class='ocrx_word' id='word_1_402' title='bbox 935 1490 1110 1540; x_wconf 81' lang='grc' dir='ltr'><strong><em>ὑπερόρια</em></strong></span> <span class='ocrx_word' id='word_1_403' title='bbox 1135 1492 1373 1528; x_wconf 81' lang='grc' dir='ltr'><strong><em>πλεονεκτεῖν.</em></strong></span> <span class='ocrx_word' id='word_1_404' title='bbox 1442 1491 1537 1528; x_wconf 86' lang='lat' dir='ltr'><strong>ultra</strong></span> <span class='ocrx_word' id='word_1_405' title='bbox 1560 1494 1731 1528; x_wconf 82' lang='lat' dir='ltr'><strong>termmos</strong></span> <span class='ocrx_word' id='word_1_406' title='bbox 1752 1491 1894 1537; x_wconf 72' lang='lat' dir='ltr'><strong>&#39;litigare</strong></span> <span class='ocrx_word' id='word_1_407' title='bbox 1917 1503 1990 1528; x_wconf 83' lang='lat' dir='ltr'><strong>non</strong></span> <span class='ocrx_word' id='word_1_408' title='bbox 2013 1496 2173 1538; x_wconf 77' lang='lat' dir='ltr'><strong>quaerat.</strong></span> 
     </span>
     <span class='ocr_line' id='line_1_29' title="bbox 294 1535 2516 1585; baseline -0.001 -12"><span class='ocrx_word' id='word_1_409' title='bbox 294 1539 315 1573; x_wconf 91' lang='lat' dir='ltr'>l</span> <span class='ocrx_word' id='word_1_410' title='bbox 361 1538 432 1573; x_wconf 74' lang='grc' dir='ltr'><strong><em>εἴτε</em></strong></span> <span class='ocrx_word' id='word_1_411' title='bbox 462 1538 530 1584; x_wconf 82' lang='grc' dir='ltr'><strong><em>γὰρ</em></strong></span> <span class='ocrx_word' id='word_1_412' title='bbox 560 1535 699 1584; x_wconf 78' lang='grc' dir='ltr'><strong><em>μεγάλα</em></strong></span> <span class='ocrx_word' id='word_1_413' title='bbox 729 1536 775 1572; x_wconf 85' lang='grc' dir='ltr'><strong>τὰ</strong></span> <span class='ocrx_word' id='word_1_414' title='bbox 800 1536 1042 1583; x_wconf 81' lang='grc' dir='ltr'><strong><em>ἁμαρτήματα</em></strong></span> <span class='ocrx_word' id='word_1_415' title='bbox 1066 1535 1088 1581; x_wconf 85' lang='grc' dir='ltr'><strong><em>ἢ</em></strong></span> <span class='ocrx_word' id='word_1_416' title='bbox 1111 1537 1155 1572; x_wconf 87' lang='grc' dir='ltr'><strong>τὰ</strong></span> <span class='ocrx_word' id='word_1_417' title='bbox 1179 1536 1372 1585; x_wconf 66' lang='lat' dir='ltr'><strong>auvam-0¹17-</strong></span> <span class='ocrx_word' id='word_1_418' title='bbox 1441 1539 1462 1573; x_wconf 91' lang='grc'>1</span> <span class='ocrx_word' id='word_1_419' title='bbox 1509 1537 1590 1573; x_wconf 84' lang='lat' dir='ltr'><strong>Sive</strong></span> <span class='ocrx_word' id='word_1_420' title='bbox 1621 1536 1714 1573; x_wconf 78' lang='lat' dir='ltr'><strong>enim</strong></span> <span class='ocrx_word' id='word_1_421' title='bbox 1750 1547 1878 1582; x_wconf 75' lang='lat' dir='ltr'><strong>magna</strong></span> <span class='ocrx_word' id='word_1_422' title='bbox 1911 1538 2041 1574; x_wconf 75' lang='lat' dir='ltr'><strong>delicta</strong></span> <span class='ocrx_word' id='word_1_423' title='bbox 2072 1537 2166 1580; x_wconf 80' lang='lat' dir='ltr'><strong>[Sint]</strong></span> <span class='ocrx_word' id='word_1_424' title='bbox 2203 1538 2275 1573; x_wconf 83' lang='lat' dir='ltr'><strong>sive</strong></span> <span class='ocrx_word' id='word_1_425' title='bbox 2309 1537 2516 1572; x_wconf 80' lang='lat' dir='ltr'><strong>contractus</strong></span> 
     </span>
     <span class='ocr_line' id='line_1_30' title="bbox 292 1580 2515 1629; baseline -0 -13"><span class='ocrx_word' id='word_1_426' title='bbox 292 1596 392 1628; x_wconf 82' lang='grc' dir='ltr'><strong><em>ματα</em></strong></span> <span class='ocrx_word' id='word_1_427' title='bbox 422 1583 645 1626; x_wconf 75' lang='grc' dir='ltr'><strong><em>καθέστηκε,</em></strong></span> <span class='ocrx_word' id='word_1_428' title='bbox 677 1581 743 1629; x_wconf 80' lang='grc' dir='ltr'><strong><em>χρὴ</em></strong></span> <span class='ocrx_word' id='word_1_429' title='bbox 775 1584 867 1617; x_wconf 85' lang='grc' dir='ltr'><strong><em>πᾶσι</em></strong></span> <span class='ocrx_word' id='word_1_430' title='bbox 897 1583 1045 1628; x_wconf 86' lang='grc' dir='ltr'><strong><em>τρόποις</em></strong></span> <span class='ocrx_word' id='word_1_431' title='bbox 1076 1580 1138 1618; x_wconf 79' lang='grc' dir='ltr'><strong>ἐπ’</strong></span> <span class='ocrx_word' id='word_1_432' title='bbox 1171 1580 1290 1619; x_wconf 75' lang='grc' dir='ltr'><strong><em>αὐτοῖς</em></strong></span> <span class='ocrx_word' id='word_1_433' title='bbox 1313 1586 1374 1618; x_wconf 80' lang='grc' dir='ltr'><strong>καὶ</strong></span> <span class='ocrx_word' id='word_1_434' title='bbox 1444 1582 1654 1626; x_wconf 87' lang='lat' dir='ltr'><strong>consistunt,</strong></span> <span class='ocrx_word' id='word_1_435' title='bbox 1679 1585 1822 1627; x_wconf 87' lang='lat' dir='ltr'><strong>oportet</strong></span> <span class='ocrx_word' id='word_1_436' title='bbox 1846 1583 2009 1619; x_wconf 88' lang='lat' dir='ltr'><strong>omnibus</strong></span> <span class='ocrx_word' id='word_1_437' title='bbox 2032 1583 2147 1619; x_wconf 90' lang='lat' dir='ltr'><strong>modis</strong></span> <span class='ocrx_word' id='word_1_438' title='bbox 2171 1592 2278 1628; x_wconf 75' lang='lat' dir='ltr'><strong>super</strong></span> <span class='ocrx_word' id='word_1_439' title='bbox 2301 1581 2353 1618; x_wconf 87' lang='lat' dir='ltr'><strong>eis</strong></span> <span class='ocrx_word' id='word_1_440' title='bbox 2376 1583 2413 1617; x_wconf 90' lang='lat' dir='ltr'><strong>et</strong></span> <span class='ocrx_word' id='word_1_441' title='bbox 2431 1591 2515 1616; x_wconf 92' lang='lat' dir='ltr'><strong>con-</strong></span> 
     </span>
     <span class='ocr_line' id='line_1_31' title="bbox 295 1625 2516 1676; baseline -0.002 -12"><span class='ocrx_word' id='word_1_442' title='bbox 295 1626 555 1676; x_wconf 75' lang='grc' dir='ltr'><strong><em>προςαγγελίαν</em></strong></span> <span class='ocrx_word' id='word_1_443' title='bbox 578 1627 671 1663; x_wconf 75' lang='grc' dir='ltr'><strong><em>εἶναι</em></strong></span> <span class='ocrx_word' id='word_1_444' title='bbox 694 1630 754 1662; x_wconf 77' lang='grc' dir='ltr'><strong>καὶ</strong></span> <span class='ocrx_word' id='word_1_445' title='bbox 775 1625 929 1676; x_wconf 76' lang='grc' dir='ltr'><strong><em>γραφήν,</em></strong></span> <span class='ocrx_word' id='word_1_446' title='bbox 961 1630 992 1662; x_wconf 83' lang='grc' dir='ltr'><strong>εἰ</strong></span> <span class='ocrx_word' id='word_1_447' title='bbox 1016 1626 1199 1672; x_wconf 73' lang='grc' dir='ltr'><strong><em>δεηθεῖεν,</em></strong></span> <span class='ocrx_word' id='word_1_448' title='bbox 1229 1631 1289 1663; x_wconf 81' lang='grc' dir='ltr'><strong>καὶ</strong></span> <span class='ocrx_word' id='word_1_449' title='bbox 1321 1628 1372 1670; x_wconf 79' lang='grc' dir='ltr'><strong>ἐξ·</strong></span> <span class='ocrx_word' id='word_1_450' title='bbox 1442 1628 1640 1666; x_wconf 83' lang='lat' dir='ltr'><strong>ventionem</strong></span> <span class='ocrx_word' id='word_1_451' title='bbox 1663 1638 1742 1664; x_wconf 83' lang='lat' dir='ltr'><strong>esse</strong></span> <span class='ocrx_word' id='word_1_452' title='bbox 1766 1630 1802 1664; x_wconf 78' lang='lat' dir='ltr'><strong>et</strong></span> <span class='ocrx_word' id='word_1_453' title='bbox 1818 1629 1889 1664; x_wconf 84' lang='lat' dir='ltr'><strong>scri</strong></span> <span class='ocrx_word' id='word_1_454' title='bbox 1916 1631 2044 1673; x_wconf 76' lang='lat' dir='ltr'><strong>turam,</strong></span> <span class='ocrx_word' id='word_1_455' title='bbox 2069 1628 2100 1665; x_wconf 83' lang='lat' dir='ltr'><strong>si</strong></span> <span class='ocrx_word' id='word_1_456' title='bbox 2124 1638 2215 1674; x_wconf 79' lang='lat' dir='ltr'><strong>opus</strong></span> <span class='ocrx_word' id='word_1_457' title='bbox 2239 1626 2358 1670; x_wconf 77' lang='lat' dir='ltr'><strong>fuerit,</strong></span> <span class='ocrx_word' id='word_1_458' title='bbox 2382 1629 2419 1662; x_wconf 79' lang='lat' dir='ltr'><strong>et</strong></span> <span class='ocrx_word' id='word_1_459' title='bbox 2435 1635 2516 1661; x_wconf 75' lang='lat' dir='ltr'><strong>exa·</strong></span> 
     </span>
     <span class='ocr_line' id='line_1_32' title="bbox 295 1640 1913 1721; baseline 0.001 -13"><span class='ocrx_word' id='word_1_460' title='bbox 295 1676 420 1708; x_wconf 80' lang='grc' dir='ltr'><strong><em>ε’τασιν</em></strong></span> <span class='ocrx_word' id='word_1_461' title='bbox 443 1673 641 1721; x_wconf 72' lang='grc' dir='ltr'><strong><em>ἐπιχώριον</em></strong></span> <span class='ocrx_word' id='word_1_462' title='bbox 656 1671 716 1708; x_wconf 82' lang='grc' dir='ltr'><strong>διὰ</strong></span> <span class='ocrx_word' id='word_1_463' title='bbox 733 1672 775 1708; x_wconf 84' lang='grc' dir='ltr'><strong>τὸ</strong></span> <span class='ocrx_word' id='word_1_464' title='bbox 797 1672 987 1720; x_wconf 86' lang='grc' dir='ltr'><strong><em>πρόχειρον</em></strong></span> <span class='ocrx_word' id='word_1_465' title='bbox 1009 1675 1088 1708; x_wconf 78' lang='grc' dir='ltr'><strong>τῶν</strong></span> <span class='ocrx_word' id='word_1_466' title='bbox 1108 1673 1278 1721; x_wconf 75' lang='grc' dir='ltr'><strong><em>ἐλέγχων·</em></strong></span> <span class='ocrx_word' id='word_1_467' title='bbox 1303 1673 1374 1708; x_wconf 76' lang='grc' dir='ltr'><strong><em>εἴτε</em></strong></span> <span class='ocrx_word' id='word_1_468' title='bbox 1386 1675 1429 1708; x_wconf 88' lang='grc'><strong>30</strong></span> <span class='ocrx_word' id='word_1_469' title='bbox 1442 1672 1673 1710; x_wconf 81' lang='lat' dir='ltr'><strong>minationem</strong></span> <span class='ocrx_word' id='word_1_470' title='bbox 1701 1640 1913 1719; x_wconf 52' lang='lat' dir='ltr'><strong>provincia?</strong></span> 
     </span>
     <span class='ocr_line' id='line_1_33' title="bbox 295 1716 2518 1765; baseline -0 -13"><span class='ocrx_word' id='word_1_471' title='bbox 295 1721 355 1754; x_wconf 78' lang='grc' dir='ltr'><strong>ἐπὶ</strong></span> <span class='ocrx_word' id='word_1_472' title='bbox 387 1720 536 1765; x_wconf 77' lang='grc' dir='ltr'><strong><em>σμικροῦ</em></strong></span> <span class='ocrx_word' id='word_1_473' title='bbox 567 1730 621 1754; x_wconf 89' lang='grc' dir='ltr'><strong>τις</strong></span> <span class='ocrx_word' id='word_1_474' title='bbox 644 1716 776 1764; x_wconf 84' lang='grc' dir='ltr'><strong><em>ὁμοίως</em></strong></span> <span class='ocrx_word' id='word_1_475' title='bbox 806 1717 1040 1764; x_wconf 85' lang='grc' dir='ltr'><strong><em>πλημμελοίη,</em></strong></span> <span class='ocrx_word' id='word_1_476' title='bbox 1069 1721 1194 1763; x_wconf 81' lang='grc' dir='ltr'><strong><em>μεῖζον</em></strong></span> <span class='ocrx_word' id='word_1_477' title='bbox 1216 1716 1296 1765; x_wconf 82' lang='grc' dir='ltr'><strong><em>(ἂν)</em></strong></span> <span class='ocrx_word' id='word_1_478' title='bbox 1319 1721 1374 1754; x_wconf 76' lang='grc' dir='ltr'><strong>ἔτι</strong></span> <span class='ocrx_word' id='word_1_479' title='bbox 1443 1729 1542 1764; x_wconf 88' lang='lat' dir='ltr'><strong>nem;</strong></span> <span class='ocrx_word' id='word_1_480' title='bbox 1567 1718 1640 1755; x_wconf 87' lang='lat' dir='ltr'><strong>sive</strong></span> <span class='ocrx_word' id='word_1_481' title='bbox 1662 1719 1700 1754; x_wconf 88' lang='lat' dir='ltr'><strong>in</strong></span> <span class='ocrx_word' id='word_1_482' title='bbox 1715 1728 1826 1764; x_wconf 87' lang='lat' dir='ltr'><strong>parvo</strong></span> <span class='ocrx_word' id='word_1_483' title='bbox 1851 1719 2026 1765; x_wconf 83' lang='lat' dir='ltr'><strong>quispiam</strong></span> <span class='ocrx_word' id='word_1_484' title='bbox 2047 1719 2208 1756; x_wconf 87' lang='lat' dir='ltr'><strong>similiter</strong></span> <span class='ocrx_word' id='word_1_485' title='bbox 2226 1717 2419 1763; x_wconf 82' lang='lat' dir='ltr'><strong>delinquat,</strong></span> <span class='ocrx_word' id='word_1_486' title='bbox 2444 1716 2518 1752; x_wconf 88' lang='lat' dir='ltr'><strong>sive</strong></span> 
     </span>
     <span class='ocr_line' id='line_1_34' title="bbox 293 1761 2516 1821; baseline -0 -22"><span class='ocrx_word' id='word_1_487' title='bbox 293 1764 337 1800; x_wconf 82' lang='grc' dir='ltr'><strong>τὸ</strong></span> <span class='ocrx_word' id='word_1_488' title='bbox 360 1761 553 1811; x_wconf 77' lang='grc' dir='ltr'><strong><em>ἁμάρτημα</em></strong></span> <span class='ocrx_word' id='word_1_489' title='bbox 575 1766 726 1811; x_wconf 78' lang='grc' dir='ltr'><strong><em>γένοιτο,</em></strong></span> <span class='ocrx_word' id='word_1_490' title='bbox 759 1765 791 1799; x_wconf 82' lang='grc' dir='ltr'><strong>εἰ</strong></span> <span class='ocrx_word' id='word_1_491' title='bbox 813 1762 905 1821; x_wconf 78' lang='grc' dir='ltr'><strong><em>μηδὲ</em></strong></span> <span class='ocrx_word' id='word_1_492' title='bbox 934 1766 996 1800; x_wconf 77' lang='grc' dir='ltr'><strong>ἐπὶ</strong></span> <span class='ocrx_word' id='word_1_493' title='bbox 1023 1768 1096 1799; x_wconf 87' lang='grc' dir='ltr'><strong><em>τοῖς</em></strong></span> <span class='ocrx_word' id='word_1_494' title='bbox 1115 1767 1265 1810; x_wconf 77' lang='grc' dir='ltr'><strong><em>βραχέσι</em></strong></span> <span class='ocrx_word' id='word_1_495' title='bbox 1295 1765 1374 1800; x_wconf 84' lang='grc' dir='ltr'><strong>τῶν</strong></span> <span class='ocrx_word' id='word_1_496' title='bbox 1442 1764 1555 1800; x_wconf 86' lang='lat' dir='ltr'><strong>maius</strong></span> <span class='ocrx_word' id='word_1_497' title='bbox 1579 1764 1699 1800; x_wconf 84' lang='lat' dir='ltr'><strong>adhuc</strong></span> <span class='ocrx_word' id='word_1_498' title='bbox 1721 1768 1909 1809; x_wconf 88' lang='lat' dir='ltr'><strong>peccatum</strong></span> <span class='ocrx_word' id='word_1_499' title='bbox 1930 1765 2005 1808; x_wconf 83' lang='lat' dir='ltr'><strong>fiat,</strong></span> <span class='ocrx_word' id='word_1_500' title='bbox 2031 1765 2136 1810; x_wconf 89' lang='lat' dir='ltr'><strong>quale</strong></span> <span class='ocrx_word' id='word_1_501' title='bbox 2158 1767 2213 1801; x_wconf 85' lang='lat' dir='ltr'><strong>est</strong></span> <span class='ocrx_word' id='word_1_502' title='bbox 2236 1763 2266 1799; x_wconf 86' lang='lat' dir='ltr'><strong>si</strong></span> <span class='ocrx_word' id='word_1_503' title='bbox 2287 1765 2356 1798; x_wconf 85' lang='lat' dir='ltr'><strong>nec</strong></span> <span class='ocrx_word' id='word_1_504' title='bbox 2379 1762 2417 1798; x_wconf 90' lang='lat' dir='ltr'><strong>in</strong></span> <span class='ocrx_word' id='word_1_505' title='bbox 2432 1772 2516 1807; x_wconf 85' lang='lat' dir='ltr'><strong>par-</strong></span> 
     </span>
     <span class='ocr_line' id='line_1_35' title="bbox 295 1807 2518 1858; baseline 0.001 -14"><span class='ocrx_word' id='word_1_506' title='bbox 295 1808 448 1844; x_wconf 80' lang='grc' dir='ltr'><strong><em>δικαίων</em></strong></span> <span class='ocrx_word' id='word_1_507' title='bbox 472 1807 719 1852; x_wconf 78' lang='grc' dir='ltr'><strong><em>ἀπολαύσειεν,</em></strong></span> <span class='ocrx_word' id='word_1_508' title='bbox 743 1807 809 1844; x_wconf 85' lang='grc' dir='ltr'><strong>ἀλλ</strong></span> <span class='ocrx_word' id='word_1_509' title='bbox 848 1807 1022 1854; x_wconf 75' lang='grc' dir='ltr'><strong><em>ἀναμένει</em></strong></span> <span class='ocrx_word' id='word_1_510' title='bbox 1044 1810 1221 1858; x_wconf 75' lang='grc' dir='ltr'><strong><em>γενέσθαι</em></strong></span> <span class='ocrx_word' id='word_1_511' title='bbox 1244 1822 1284 1845; x_wconf 86' lang='grc' dir='ltr'><strong>τε</strong></span> <span class='ocrx_word' id='word_1_512' title='bbox 1308 1808 1370 1845; x_wconf 81' lang='grc' dir='ltr'><strong>ἐπ’</strong></span> <span class='ocrx_word' id='word_1_513' title='bbox 1442 1810 1494 1846; x_wconf 79' lang='lat' dir='ltr'><strong>vis</strong></span> <span class='ocrx_word' id='word_1_514' title='bbox 1523 1810 1601 1846; x_wconf 84' lang='lat' dir='ltr'><strong>iure</strong></span> <span class='ocrx_word' id='word_1_515' title='bbox 1629 1809 1798 1855; x_wconf 77' lang='lat' dir='ltr'><strong>potiatur,</strong></span> <span class='ocrx_word' id='word_1_516' title='bbox 1831 1810 1894 1846; x_wconf 85' lang='lat' dir='ltr'><strong>sed</strong></span> <span class='ocrx_word' id='word_1_517' title='bbox 1922 1814 2088 1855; x_wconf 82' lang='lat' dir='ltr'><strong>expectet</strong></span> <span class='ocrx_word' id='word_1_518' title='bbox 2115 1809 2236 1847; x_wconf 79' lang='lat' dir='ltr'><strong>venire</strong></span> <span class='ocrx_word' id='word_1_519' title='bbox 2266 1807 2303 1844; x_wconf 76' lang='lat' dir='ltr'><strong>in</strong></span> <span class='ocrx_word' id='word_1_520' title='bbox 2327 1811 2518 1844; x_wconf 65' lang='lat' dir='ltr'><strong>extraneae</strong></span> 
     </span>
     <span class='ocr_line' id='line_1_36' title="bbox 295 1851 2517 1908; baseline -0 -20"><span class='ocrx_word' id='word_1_521' title='bbox 295 1851 498 1899; x_wconf 71' lang='grc' dir='ltr'><strong><em>ἀλλοδαπῆς</em></strong></span> <span class='ocrx_word' id='word_1_522' title='bbox 520 1853 639 1902; x_wconf 80' lang='grc' dir='ltr'><strong><em>χώρας</em></strong></span> <span class='ocrx_word' id='word_1_523' title='bbox 661 1856 776 1890; x_wconf 69' lang='grc' dir='ltr'><strong><em>ἐκεῖσε</em></strong></span> <span class='ocrx_word' id='word_1_524' title='bbox 797 1869 837 1890; x_wconf 85' lang='grc' dir='ltr'><strong>τε</strong></span> <span class='ocrx_word' id='word_1_525' title='bbox 861 1852 974 1890; x_wconf 80' lang='grc' dir='ltr'><strong><em>αὐτὸν</em></strong></span> <span class='ocrx_word' id='word_1_526' title='bbox 994 1854 1094 1903; x_wconf 80' lang='grc' dir='ltr'><strong><em>ἄγειν</em></strong></span> <span class='ocrx_word' id='word_1_527' title='bbox 1117 1858 1276 1902; x_wconf 77' lang='grc' dir='ltr'><strong><em>καὶπερὶ</em></strong></span> <span class='ocrx_word' id='word_1_528' title='bbox 1294 1854 1372 1890; x_wconf 82' lang='grc' dir='ltr'><strong><em>τού·</em></strong></span> <span class='ocrx_word' id='word_1_529' title='bbox 1442 1859 1559 1893; x_wconf 87' lang='lat' dir='ltr'><strong>terrae</strong></span> <span class='ocrx_word' id='word_1_530' title='bbox 1577 1854 1820 1908; x_wconf 80' lang='lat' dir='ltr'><strong>provinciam,</strong></span> <span class='ocrx_word' id='word_1_531' title='bbox 1851 1855 1971 1900; x_wconf 85' lang='lat' dir='ltr'><strong>ibique</strong></span> <span class='ocrx_word' id='word_1_532' title='bbox 1994 1865 2075 1891; x_wconf 90' lang='lat' dir='ltr'><strong>eum</strong></span> <span class='ocrx_word' id='word_1_533' title='bbox 2100 1854 2288 1892; x_wconf 75' lang='lat' dir='ltr'><strong>convenite</strong></span> <span class='ocrx_word' id='word_1_534' title='bbox 2311 1857 2348 1889; x_wconf 89' lang='lat' dir='ltr'><strong>et</strong></span> <span class='ocrx_word' id='word_1_535' title='bbox 2371 1852 2414 1888; x_wconf 88' lang='lat' dir='ltr'><strong>de</strong></span> <span class='ocrx_word' id='word_1_536' title='bbox 2436 1852 2517 1888; x_wconf 86' lang='lat' dir='ltr'><strong>tali-</strong></span> 
     </span>
     <span class='ocr_line' id='line_1_37' title="bbox 294 1896 2517 1980; baseline 0 -46"><span class='ocrx_word' id='word_1_537' title='bbox 294 1913 373 1936; x_wconf 87' lang='grc' dir='ltr'><strong>των</strong></span> <span class='ocrx_word' id='word_1_538' title='bbox 395 1898 631 1944; x_wconf 81' lang='grc' dir='ltr'><strong><em>δικάζεσθαι,</em></strong></span> <span class='ocrx_word' id='word_1_539' title='bbox 663 1896 706 1936; x_wconf 80' lang='grc' dir='ltr'><strong>ὅν</strong></span> <span class='ocrx_word' id='word_1_540' title='bbox 728 1914 768 1948; x_wconf 84' lang='grc' dir='ltr'><strong>γε</strong></span> <span class='ocrx_word' id='word_1_541' title='bbox 799 1898 881 1936; x_wconf 75' lang='grc' dir='ltr'><strong><em>οὐδὲ</em></strong></span> <span class='ocrx_word' id='word_1_542' title='bbox 912 1899 1078 1947; x_wconf 83' lang='grc' dir='ltr'><strong><em>παρόντα</em></strong></span> <span class='ocrx_word' id='word_1_543' title='bbox 1109 1898 1194 1935; x_wconf 73' lang='grc' dir='ltr'><strong><em>οὐδὲ</em></strong></span> <span class='ocrx_word' id='word_1_544' title='bbox 1222 1902 1282 1937; x_wconf 74' lang='grc' dir='ltr'><strong>ἐπὶ</strong></span> <span class='ocrx_word' id='word_1_545' title='bbox 1313 1901 1374 1943; x_wconf 79' lang='grc' dir='ltr'><strong>τῆς</strong></span> <span class='ocrx_word' id='word_1_546' title='bbox 1386 1902 1429 1935; x_wconf 88' lang='grc'><strong>35</strong></span> <span class='ocrx_word' id='word_1_547' title='bbox 1442 1900 1510 1937; x_wconf 87' lang='lat' dir='ltr'><strong>bus</strong></span> <span class='ocrx_word' id='word_1_548' title='bbox 1534 1900 1683 1980; x_wconf 44' lang='lat' dir='ltr'><strong>liutgero,</strong></span> <span class='ocrx_word' id='word_1_549' title='bbox 1714 1910 1816 1946; x_wconf 88' lang='lat' dir='ltr'><strong>quem</strong></span> <span class='ocrx_word' id='word_1_550' title='bbox 1840 1910 1956 1946; x_wconf 87' lang='lat' dir='ltr'><strong>neque</strong></span> <span class='ocrx_word' id='word_1_551' title='bbox 1978 1907 2203 1946; x_wconf 76' lang='lat' dir='ltr'><strong>praesentem</strong></span> <span class='ocrx_word' id='word_1_552' title='bbox 2231 1909 2348 1943; x_wconf 85' lang='lat' dir='ltr'><strong>neque</strong></span> <span class='ocrx_word' id='word_1_553' title='bbox 2372 1898 2408 1934; x_wconf 92' lang='lat' dir='ltr'><strong>in</strong></span> <span class='ocrx_word' id='word_1_554' title='bbox 2432 1909 2517 1943; x_wconf 90' lang='lat' dir='ltr'><strong>pro-</strong></span> 
     </span>
     <span class='ocr_line' id='line_1_38' title="bbox 294 1943 2516 1991; baseline -0.002 -10"><span class='ocrx_word' id='word_1_555' title='bbox 294 1945 347 1989; x_wconf 78' lang='grc' dir='ltr'><strong>χιό</strong></span> <span class='ocrx_word' id='word_1_556' title='bbox 372 1957 412 1981; x_wconf 91' lang='grc' dir='ltr'><strong>ας</strong></span> <span class='ocrx_word' id='word_1_557' title='bbox 447 1945 535 1981; x_wconf 80' lang='grc' dir='ltr'><strong><em>ἴσως</em></strong></span> <span class='ocrx_word' id='word_1_558' title='bbox 571 1944 632 1981; x_wconf 83' lang='grc' dir='ltr'><strong>διὰ</strong></span> <span class='ocrx_word' id='word_1_559' title='bbox 666 1944 733 1989; x_wconf 82' lang='grc' dir='ltr'><strong>τὴν</strong></span> <span class='ocrx_word' id='word_1_560' title='bbox 764 1944 868 1989; x_wconf 75' lang='grc' dir='ltr'><strong><em>ἰσχὺν</em></strong></span> <span class='ocrx_word' id='word_1_561' title='bbox 898 1944 966 1990; x_wconf 85' lang='grc' dir='ltr'><strong>τὴν</strong></span> <span class='ocrx_word' id='word_1_562' title='bbox 997 1948 1131 1981; x_wconf 72' lang='grc' dir='ltr'><strong><em>ἐκείνου</em></strong></span> <span class='ocrx_word' id='word_1_563' title='bbox 1167 1943 1189 1990; x_wconf 85' lang='grc' dir='ltr'><em>ἢ</em></span> <span class='ocrx_word' id='word_1_564' title='bbox 1220 1943 1279 1980; x_wconf 79' lang='grc' dir='ltr'><strong>διὰ</strong></span> <span class='ocrx_word' id='word_1_565' title='bbox 1307 1943 1374 1988; x_wconf 88' lang='grc' dir='ltr'><strong>τὴν</strong></span> <span class='ocrx_word' id='word_1_566' title='bbox 1442 1945 1559 1982; x_wconf 78' lang='lat' dir='ltr'><strong>vincia</strong></span> <span class='ocrx_word' id='word_1_567' title='bbox 1599 1955 1706 1982; x_wconf 85' lang='lat' dir='ltr'><strong>orsan</strong></span> <span class='ocrx_word' id='word_1_568' title='bbox 1722 1948 1870 1991; x_wconf 85' lang='lat' dir='ltr'><strong>propter</strong></span> <span class='ocrx_word' id='word_1_569' title='bbox 1887 1946 2052 1982; x_wconf 85' lang='lat' dir='ltr'><strong>virtutem</strong></span> <span class='ocrx_word' id='word_1_570' title='bbox 2075 1946 2170 1982; x_wconf 85' lang='lat' dir='ltr'><strong>illius</strong></span> <span class='ocrx_word' id='word_1_571' title='bbox 2195 1948 2258 1981; x_wconf 87' lang='lat' dir='ltr'><strong>aut</strong></span> <span class='ocrx_word' id='word_1_572' title='bbox 2277 1943 2516 1979; x_wconf 85' lang='lat' dir='ltr'><strong>infirmitatem</strong></span> 
     </span>
     <span class='ocr_line' id='line_1_39' title="bbox 294 1988 1372 2039; baseline -0.002 -12"><span class='ocrx_word' id='word_1_573' title='bbox 294 1989 342 2027; x_wconf 85' lang='grc' dir='ltr'><strong><em>ἀσ</em></strong></span> <span class='ocrx_word' id='word_1_574' title='bbox 375 1994 494 2027; x_wconf 82' lang='grc' dir='ltr'><strong><em>ε’νειαν</em></strong></span> <span class='ocrx_word' id='word_1_575' title='bbox 514 1990 581 2036; x_wconf 80' lang='grc' dir='ltr'><strong>τὴν</strong></span> <span class='ocrx_word' id='word_1_576' title='bbox 598 1988 707 2026; x_wconf 79' lang='grc' dir='ltr'><strong><em>αὑτοῦ</em></strong></span> <span class='ocrx_word' id='word_1_577' title='bbox 726 1990 921 2037; x_wconf 76' lang='grc' dir='ltr'><strong><em>μετελθεῖν</em></strong></span> <span class='ocrx_word' id='word_1_578' title='bbox 941 1988 1095 2026; x_wconf 89' lang='grc' dir='ltr'><strong><em>δύναται</em></strong></span> <span class='ocrx_word' id='word_1_579' title='bbox 1116 1990 1372 2039; x_wconf 75' lang='grc' dir='ltr'><strong><em>προεηκόντωε.</em></strong></span> 
     </span>
    </p>
   </div>
   <div class='ocr_carea' id='block_1_5' title="bbox 1900 1671 2515 1720">
    <p class='ocr_par' dir='ltr' id='par_1_6' title="bbox 1900 1671 2515 1720">
     <span class='ocr_line' id='line_1_40' title="bbox 1900 1671 2515 1720; baseline -0.003 -10"><span class='ocrx_word' id='word_1_580' title='bbox 1900 1684 1954 1710; x_wconf 92' lang='lat' dir='ltr'><strong>em</strong></span> <span class='ocrx_word' id='word_1_581' title='bbox 1984 1678 2131 1720; x_wconf 89' lang='lat' dir='ltr'><strong>propter</strong></span> <span class='ocrx_word' id='word_1_582' title='bbox 2159 1672 2302 1709; x_wconf 80' lang='lat' dir='ltr'><strong>facilem</strong></span> <span class='ocrx_word' id='word_1_583' title='bbox 2333 1671 2515 1717; x_wconf 76' lang='lat' dir='ltr'><strong>probatio-</strong></span> 
     </span>
    </p>
   </div>
   <div class='ocr_carea' id='block_1_6' title="bbox 292 2102 2524 2927">
    <p class='ocr_par' dir='ltr' id='par_1_7' title="bbox 292 2102 2520 2380">
     <span class='ocr_line' id='line_1_41' title="bbox 295 2102 2517 2153; baseline -0.001 -12"><span class='ocrx_word' id='word_1_584' title='bbox 295 2105 403 2153; x_wconf 84' lang='lat' dir='ltr'><strong>idque</strong></span> <span class='ocrx_word' id='word_1_585' title='bbox 424 2106 571 2152; x_wconf 85' lang='lat' dir='ltr'><strong>faciunt</strong></span> <span class='ocrx_word' id='word_1_586' title='bbox 594 2105 767 2148; x_wconf 78' lang='lat' dir='ltr'><strong>homines,</strong></span> <span class='ocrx_word' id='word_1_587' title='bbox 793 2109 975 2151; x_wconf 84' lang='lat' dir='ltr'><strong>tamquam</strong></span> <span class='ocrx_word' id='word_1_588' title='bbox 1022 2107 1207 2151; x_wconf 81' lang='lat' dir='ltr'><strong>erpetuam</strong></span> <span class='ocrx_word' id='word_1_589' title='bbox 1227 2103 1430 2150; x_wconf 80' lang='lat' dir='ltr'><strong>potentiam</strong></span> <span class='ocrx_word' id='word_1_590' title='bbox 1448 2114 1487 2139; x_wconf 88' lang='lat' dir='ltr'><strong>se</strong></span> <span class='ocrx_word' id='word_1_591' title='bbox 1503 2103 1692 2139; x_wconf 73' lang='lat' dir='ltr'><strong>habituros</strong></span> <span class='ocrx_word' id='word_1_592' title='bbox 1711 2103 1852 2148; x_wconf 85' lang='lat' dir='ltr'><strong>confisi,</strong></span> <span class='ocrx_word' id='word_1_593' title='bbox 1876 2114 1991 2148; x_wconf 84' lang='lat' dir='ltr'><strong>neque</strong></span> <span class='ocrx_word' id='word_1_594' title='bbox 2010 2103 2060 2138; x_wconf 84' lang='lat' dir='ltr'><strong>ad</strong></span> <span class='ocrx_word' id='word_1_595' title='bbox 2077 2102 2191 2138; x_wconf 83' lang='lat' dir='ltr'><strong>multa</strong></span> <span class='ocrx_word' id='word_1_596' title='bbox 2214 2102 2279 2138; x_wconf 89' lang='lat' dir='ltr'><strong>illa</strong></span> <span class='ocrx_word' id='word_1_597' title='bbox 2298 2108 2336 2138; x_wconf 81' lang='lat' dir='ltr'><strong>at</strong></span> <span class='ocrx_word' id='word_1_598' title='bbox 2364 2114 2407 2138; x_wconf 86' lang='lat' dir='ltr'><strong>ue</strong></span> <span class='ocrx_word' id='word_1_599' title='bbox 2426 2103 2517 2138; x_wconf 85' lang='lat' dir='ltr'><strong>adeo</strong></span> 
     </span>
     <span class='ocr_line' id='line_1_42' title="bbox 295 2147 2519 2197; baseline -0.001 -11"><span class='ocrx_word' id='word_1_600' title='bbox 295 2157 456 2188; x_wconf 80' lang='lat' dir='ltr'><strong>sescenta</strong></span> <span class='ocrx_word' id='word_1_601' title='bbox 479 2150 647 2197; x_wconf 80' lang='lat' dir='ltr'><strong>exempla</strong></span> <span class='ocrx_word' id='word_1_602' title='bbox 670 2150 888 2197; x_wconf 81' lang='lat' dir='ltr'><strong>respiciunt,</strong></span> <span class='ocrx_word' id='word_1_603' title='bbox 919 2161 970 2185; x_wconf 90' lang='lat' dir='ltr'><strong>un</strong></span> <span class='ocrx_word' id='word_1_604' title='bbox 995 2161 1015 2185; x_wconf 94' lang='lat' dir='ltr'><strong>e</strong></span> <span class='ocrx_word' id='word_1_605' title='bbox 1042 2149 1147 2185; x_wconf 87' lang='lat' dir='ltr'><strong>tarde</strong></span> <span class='ocrx_word' id='word_1_606' title='bbox 1175 2152 1210 2185; x_wconf 87' lang='lat' dir='ltr'><strong>et</strong></span> <span class='ocrx_word' id='word_1_607' title='bbox 1239 2159 1350 2195; x_wconf 75' lang='lat' dir='ltr'><strong>aeqre</strong></span> <span class='ocrx_word' id='word_1_608' title='bbox 1380 2152 1491 2194; x_wconf 86' lang='lat' dir='ltr'><strong>atque</strong></span> <span class='ocrx_word' id='word_1_609' title='bbox 1513 2148 1552 2187; x_wconf 83' lang='lat' dir='ltr'><strong>in</strong></span> <span class='ocrx_word' id='word_1_610' title='bbox 1572 2148 1741 2195; x_wconf 85' lang='lat' dir='ltr'><strong>personis</strong></span> <span class='ocrx_word' id='word_1_611' title='bbox 1771 2158 1864 2194; x_wconf 82' lang='lat' dir='ltr'><strong>quas</strong></span> <span class='ocrx_word' id='word_1_612' title='bbox 1886 2148 2000 2193; x_wconf 84' lang='lat' dir='ltr'><strong>facile</strong></span> <span class='ocrx_word' id='word_1_613' title='bbox 2027 2148 2272 2184; x_wconf 80' lang='lat' dir='ltr'><strong>numeraveris</strong></span> <span class='ocrx_word' id='word_1_614' title='bbox 2295 2148 2329 2183; x_wconf 91' lang='lat' dir='ltr'><strong>vi</strong></span> <span class='ocrx_word' id='word_1_615' title='bbox 2354 2147 2446 2183; x_wconf 85' lang='lat' dir='ltr'><strong>imus</strong></span> <span class='ocrx_word' id='word_1_616' title='bbox 2469 2159 2519 2184; x_wconf 79' lang='lat' dir='ltr'><strong>ex</strong></span> 
     </span>
     <span class='ocr_line' id='line_1_43' title="bbox 292 2192 2519 2278; baseline -0.002 0"><span class='ocrx_word' id='word_1_617' title='bbox 292 2197 502 2278; x_wconf 47' lang='lat' dir='ltr'><strong>itti-W</strong></span> <span class='ocrx_word' id='word_1_618' title='bbox 513 2200 693 2277; x_wconf 45' lang='lat'><strong>50‘55-2‘50‘</strong></span> <span class='ocrx_word' id='word_1_619' title='bbox 715 2193 1392 2277; x_wconf 52' lang='lat' dir='ltr'><strong>ssgdiffntdifflmafffisssseiniiss’tffssssff’</strong></span> <span class='ocrx_word' id='word_1_620' title='bbox 1415 2193 1976 2275; x_wconf 53' lang='lat' dir='ltr'><strong>‚fsszssss&#39;aess&#39;ssfflffissssrfe’iss</strong></span> <span class='ocrx_word' id='word_1_621' title='bbox 1989 2203 2047 2274; x_wconf 64' lang='lat'><strong>³3⁶0</strong></span> <span class='ocrx_word' id='word_1_622' title='bbox 2059 2192 2519 2275; x_wconf 52' lang='lat' dir='ltr'><strong>issiffuffbffifss&#39;omjtffi</strong></span> 
     </span>
     <span class='ocr_line' id='line_1_44' title="bbox 295 2249 2520 2338; baseline -0.002 -15"><span class='ocrx_word' id='word_1_623' title='bbox 295 2253 611 2334; x_wconf 49' lang='lat' dir='ltr'><strong>razzutantfq&#39;ugd</strong></span> <span class='ocrx_word' id='word_1_624' title='bbox 632 2253 712 2334; x_wconf 56' lang='lat' dir='ltr'><strong>ipsi⁹</strong></span> <span class='ocrx_word' id='word_1_625' title='bbox 726 2285 863 2322; x_wconf 85' lang='lat' dir='ltr'><strong>scilicet</strong></span> <span class='ocrx_word' id='word_1_626' title='bbox 871 2268 955 2333; x_wconf 70' lang='lat' dir='ltr'><strong>’pro</strong></span> <span class='ocrx_word' id='word_1_627' title='bbox 978 2252 1205 2338; x_wconf 40' lang='lat' dir='ltr'><strong>sep-,potentia</strong></span> <span class='ocrx_word' id='word_1_628' title='bbox 1227 2296 1296 2321; x_wconf 88' lang='lat' dir='ltr'><strong>sua</strong></span> <span class='ocrx_word' id='word_1_629' title='bbox 1319 2251 1460 2321; x_wconf 52' lang='lat' dir='ltr'><strong>uteri’tes</strong></span> <span class='ocrx_word' id='word_1_630' title='bbox 1481 2249 1768 2327; x_wconf 51' lang='lat' dir='ltr'><strong>machinantur?</strong></span> <span class='ocrx_word' id='word_1_631' title='bbox 1777 2283 1818 2319; x_wconf 84' lang='lat' dir='ltr'><strong>id</strong></span> <span class='ocrx_word' id='word_1_632' title='bbox 1838 2265 1916 2320; x_wconf 80' lang='lat' dir='ltr'><strong>sese</strong></span> <span class='ocrx_word' id='word_1_633' title='bbox 1937 2249 2099 2329; x_wconf 43' lang='lat' dir='ltr'><strong>fogtasse</strong></span> <span class='ocrx_word' id='word_1_634' title='bbox 2128 2249 2257 2319; x_wconf 48' lang='lat' dir='ltr'><strong>congru</strong></span> <span class='ocrx_word' id='word_1_635' title='bbox 2281 2274 2413 2320; x_wconf 84' lang='lat' dir='ltr'><strong>liberos</strong></span> <span class='ocrx_word' id='word_1_636' title='bbox 2434 2295 2520 2320; x_wconf 81' lang='lat' dir='ltr'><strong>suos</strong></span> 
     </span>
     <span class='ocr_line' id='line_1_45' title="bbox 296 2331 2151 2380; baseline -0.003 -11"><span class='ocrx_word' id='word_1_637' title='bbox 296 2343 416 2380; x_wconf 76' lang='lat' dir='ltr'><strong>aqere,</strong></span> <span class='ocrx_word' id='word_1_638' title='bbox 440 2343 520 2368; x_wconf 89' lang='lat' dir='ltr'><strong>cum</strong></span> <span class='ocrx_word' id='word_1_639' title='bbox 543 2332 627 2368; x_wconf 84' lang='lat' dir='ltr'><strong>illos</strong></span> <span class='ocrx_word' id='word_1_640' title='bbox 650 2343 725 2367; x_wconf 88' lang='lat' dir='ltr'><strong>non</strong></span> <span class='ocrx_word' id='word_1_641' title='bbox 748 2331 871 2368; x_wconf 83' lang='lat' dir='ltr'><strong>eadem</strong></span> <span class='ocrx_word' id='word_1_642' title='bbox 888 2334 1057 2378; x_wconf 77' lang='lat' dir='ltr'><strong>potentia</strong></span> <span class='ocrx_word' id='word_1_643' title='bbox 1079 2342 1118 2367; x_wconf 87' lang='lat' dir='ltr'><strong>se</strong></span> <span class='ocrx_word' id='word_1_644' title='bbox 1143 2335 1263 2367; x_wconf 87' lang='lat' dir='ltr'><strong>uatur.</strong></span> <span class='ocrx_word' id='word_1_645' title='bbox 2148 2370 2151 2371; x_wconf 19' lang='lat'><em>⁷</em></span> 
     </span>
    </p>

    <p class='ocr_par' dir='ltr' id='par_1_8' title="bbox 293 2373 2524 2927">
     <span class='ocr_line' id='line_1_46' title="bbox 430 2373 2524 2424; baseline -0.001 -10"><span class='ocrx_word' id='word_1_646' title='bbox 430 2378 460 2414; x_wconf 93' lang='grc' dir='ltr'><strong>Ι.</strong></span> <span class='ocrx_word' id='word_1_647' title='bbox 506 2377 576 2413; x_wconf 86' lang='lat' dir='ltr'><strong>His</strong></span> <span class='ocrx_word' id='word_1_648' title='bbox 599 2377 839 2414; x_wconf 77' lang='lat' dir='ltr'><strong>consideratis</strong></span> <span class='ocrx_word' id='word_1_649' title='bbox 854 2381 1087 2424; x_wconf 81' lang='lat' dir='ltr'><strong>praesentem</strong></span> <span class='ocrx_word' id='word_1_650' title='bbox 1131 2387 1231 2423; x_wconf 75' lang='lat' dir='ltr'><strong>eqem</strong></span> <span class='ocrx_word' id='word_1_651' title='bbox 1253 2375 1444 2422; x_wconf 81' lang='lat' dir='ltr'><strong>ferendam</strong></span> <span class='ocrx_word' id='word_1_652' title='bbox 1467 2386 1544 2412; x_wconf 88' lang='lat' dir='ltr'><strong>esse</strong></span> <span class='ocrx_word' id='word_1_653' title='bbox 1566 2374 1863 2412; x_wconf 78' lang='lat' dir='ltr'><strong>existimavimus.</strong></span> <span class='ocrx_word' id='word_1_654' title='bbox 1910 2374 1964 2410; x_wconf 81' lang='lat' dir='ltr'><strong>Ac</strong></span> <span class='ocrx_word' id='word_1_655' title='bbox 1979 2373 2229 2421; x_wconf 62' lang='lat' dir='ltr'><strong>praecipimus</strong></span> <span class='ocrx_word' id='word_1_656' title='bbox 2252 2373 2425 2417; x_wconf 84' lang='lat' dir='ltr'><strong>omnibus,</strong></span> <span class='ocrx_word' id='word_1_657' title='bbox 2457 2375 2524 2421; x_wconf 84' lang='lat' dir='ltr'><strong>qui</strong></span> 
     </span>
     <span class='ocr_line' id='line_1_47' title="bbox 295 2419 2519 2471; baseline -0.002 -11"><span class='ocrx_word' id='word_1_658' title='bbox 295 2425 334 2460; x_wconf 85' lang='lat' dir='ltr'><strong>in</strong></span> <span class='ocrx_word' id='word_1_659' title='bbox 350 2423 552 2471; x_wconf 81' lang='lat' dir='ltr'><strong>provinciis</strong></span> <span class='ocrx_word' id='word_1_660' title='bbox 574 2422 750 2466; x_wconf 79' lang='lat' dir='ltr'><strong>habitant,</strong></span> <span class='ocrx_word' id='word_1_661' title='bbox 775 2422 918 2469; x_wconf 85' lang='lat' dir='ltr'><strong>quicum</strong></span> <span class='ocrx_word' id='word_1_662' title='bbox 944 2434 990 2459; x_wconf 89' lang='lat' dir='ltr'><strong>ue</strong></span> <span class='ocrx_word' id='word_1_663' title='bbox 1011 2422 1166 2469; x_wconf 80' lang='lat' dir='ltr'><strong>sceptris</strong></span> <span class='ocrx_word' id='word_1_664' title='bbox 1188 2421 1325 2457; x_wconf 85' lang='lat' dir='ltr'><strong>nostris</strong></span> <span class='ocrx_word' id='word_1_665' title='bbox 1348 2420 1544 2458; x_wconf 82' lang='lat' dir='ltr'><strong>oboediunt</strong></span> <span class='ocrx_word' id='word_1_666' title='bbox 1563 2431 1633 2467; x_wconf 83' lang='lat' dir='ltr'><strong>per</strong></span> <span class='ocrx_word' id='word_1_667' title='bbox 1656 2424 1768 2456; x_wconf 79' lang='lat' dir='ltr'><strong>totam</strong></span> <span class='ocrx_word' id='word_1_668' title='bbox 1792 2419 1968 2455; x_wconf 75' lang='lat' dir='ltr'><strong>dicionem</strong></span> <span class='ocrx_word' id='word_1_669' title='bbox 1995 2423 2158 2455; x_wconf 88' lang='lat' dir='ltr'><strong>nostram</strong></span> <span class='ocrx_word' id='word_1_670' title='bbox 2190 2424 2261 2454; x_wconf 87' lang='lat' dir='ltr'><strong>tam</strong></span> <span class='ocrx_word' id='word_1_671' title='bbox 2285 2430 2378 2465; x_wconf 85' lang='lat' dir='ltr'><strong>quae</strong></span> <span class='ocrx_word' id='word_1_672' title='bbox 2402 2420 2519 2456; x_wconf 75' lang='lat' dir='ltr'><strong>orien-</strong></span> 
     </span>
     <span class='ocr_line' id='line_1_48' title="bbox 298 2464 2519 2517; baseline -0.002 -11"><span class='ocrx_word' id='word_1_673' title='bbox 298 2474 366 2507; x_wconf 86' lang='lat' dir='ltr'><strong>tem</strong></span> <span class='ocrx_word' id='word_1_674' title='bbox 389 2480 498 2516; x_wconf 80' lang='lat' dir='ltr'><strong>quam</strong></span> <span class='ocrx_word' id='word_1_675' title='bbox 521 2480 616 2516; x_wconf 81' lang='lat' dir='ltr'><strong>quae</strong></span> <span class='ocrx_word' id='word_1_676' title='bbox 640 2468 859 2505; x_wconf 84' lang='lat' dir='ltr'><strong>occidentem</strong></span> <span class='ocrx_word' id='word_1_677' title='bbox 881 2479 923 2504; x_wconf 83' lang='lat' dir='ltr'><strong>so</strong></span> <span class='ocrx_word' id='word_1_678' title='bbox 938 2471 992 2504; x_wconf 81' lang='lat' dir='ltr'><strong>em</strong></span> <span class='ocrx_word' id='word_1_679' title='bbox 1015 2471 1156 2514; x_wconf 81' lang='lat' dir='ltr'><strong>spectat</strong></span> <span class='ocrx_word' id='word_1_680' title='bbox 1178 2477 1343 2514; x_wconf 82' lang='lat' dir='ltr'><strong>quaeque</strong></span> <span class='ocrx_word' id='word_1_681' title='bbox 1366 2466 1411 2503; x_wconf 82' lang='lat' dir='ltr'><strong>ab</strong></span> <span class='ocrx_word' id='word_1_682' title='bbox 1434 2470 1590 2512; x_wconf 81' lang='lat' dir='ltr'><strong>utraque</strong></span> <span class='ocrx_word' id='word_1_683' title='bbox 1639 2470 1719 2502; x_wconf 88' lang='lat' dir='ltr'><strong>arte</strong></span> <span class='ocrx_word' id='word_1_684' title='bbox 1738 2469 1810 2508; x_wconf 88' lang='lat' dir='ltr'><strong>est,</strong></span> <span class='ocrx_word' id='word_1_685' title='bbox 1842 2468 1885 2502; x_wconf 88' lang='lat' dir='ltr'><strong>ut</strong></span> <span class='ocrx_word' id='word_1_686' title='bbox 1902 2465 2150 2517; x_wconf 67' lang='lat' dir='ltr'><strong>unusquisque</strong></span> <span class='ocrx_word' id='word_1_687' title='bbox 2175 2464 2215 2499; x_wconf 83' lang='lat' dir='ltr'><strong>in</strong></span> <span class='ocrx_word' id='word_1_688' title='bbox 2234 2475 2308 2511; x_wconf 86' lang='lat' dir='ltr'><strong>qua</strong></span> <span class='ocrx_word' id='word_1_689' title='bbox 2326 2465 2519 2514; x_wconf 78' lang='lat' dir='ltr'><strong>provincia</strong></span> 
     </span>
     <span class='ocr_line' id='line_1_49' title="bbox 297 2477 2520 2560; baseline -0.003 -8"><span class='ocrx_word' id='word_1_690' title='bbox 297 2515 465 2552; x_wconf 82' lang='lat' dir='ltr'><strong>delictum</strong></span> <span class='ocrx_word' id='word_1_691' title='bbox 489 2514 666 2551; x_wconf 81' lang='lat' dir='ltr'><strong>commisit</strong></span> <span class='ocrx_word' id='word_1_692' title='bbox 694 2513 751 2550; x_wconf 84' lang='lat' dir='ltr'><strong>vel</strong></span> <span class='ocrx_word' id='word_1_693' title='bbox 771 2513 810 2549; x_wconf 85' lang='lat' dir='ltr'><strong>in</strong></span> <span class='ocrx_word' id='word_1_694' title='bbox 835 2524 908 2560; x_wconf 79' lang='lat' dir='ltr'><strong>qua</strong></span> <span class='ocrx_word' id='word_1_695' title='bbox 954 2513 1163 2549; x_wconf 84' lang='lat' dir='ltr'><strong>ecuniarum</strong></span> <span class='ocrx_word' id='word_1_696' title='bbox 1194 2512 1253 2549; x_wconf 82' lang='lat' dir='ltr'><strong>vel</strong></span> <span class='ocrx_word' id='word_1_697' title='bbox 1273 2512 1462 2548; x_wconf 84' lang='lat' dir='ltr'><strong>criminum</strong></span> <span class='ocrx_word' id='word_1_698' title='bbox 1485 2523 1569 2548; x_wconf 86' lang='lat' dir='ltr'><strong>reus</strong></span> <span class='ocrx_word' id='word_1_699' title='bbox 1588 2477 1652 2557; x_wconf 50' lang='lat' dir='ltr'><strong>fili,</strong></span> <span class='ocrx_word' id='word_1_700' title='bbox 1681 2511 1755 2548; x_wconf 84' lang='lat' dir='ltr'><strong>sive</strong></span> <span class='ocrx_word' id='word_1_701' title='bbox 1778 2510 1822 2547; x_wconf 88' lang='lat' dir='ltr'><strong>de</strong></span> <span class='ocrx_word' id='word_1_702' title='bbox 1841 2509 1977 2556; x_wconf 76' lang='lat' dir='ltr'><strong>finibus</strong></span> <span class='ocrx_word' id='word_1_703' title='bbox 2000 2520 2174 2556; x_wconf 72' lang='lat' dir='ltr'><strong>aqrorum</strong></span> <span class='ocrx_word' id='word_1_704' title='bbox 2196 2509 2270 2546; x_wconf 88' lang='lat' dir='ltr'><strong>sive</strong></span> <span class='ocrx_word' id='word_1_705' title='bbox 2293 2508 2337 2546; x_wconf 84' lang='lat' dir='ltr'><strong>de</strong></span> <span class='ocrx_word' id='word_1_706' title='bbox 2359 2509 2520 2546; x_wconf 84' lang='lat' dir='ltr'><strong>dominio</strong></span> 
     </span>
     <span class='ocr_line' id='line_1_50' title="bbox 295 2554 2523 2610; baseline -0.002 -14"><span class='ocrx_word' id='word_1_707' title='bbox 295 2561 369 2598; x_wconf 87' lang='lat' dir='ltr'><strong>sive</strong></span> <span class='ocrx_word' id='word_1_708' title='bbox 392 2560 438 2596; x_wconf 88' lang='lat' dir='ltr'><strong>de</strong></span> <span class='ocrx_word' id='word_1_709' title='bbox 487 2561 688 2597; x_wconf 85' lang='lat' dir='ltr'><strong>ossessione</strong></span> <span class='ocrx_word' id='word_1_710' title='bbox 709 2559 784 2597; x_wconf 88' lang='lat' dir='ltr'><strong>sive</strong></span> <span class='ocrx_word' id='word_1_711' title='bbox 807 2558 923 2606; x_wconf 75' lang='lat' dir='ltr'><strong>hypot</strong></span> <span class='ocrx_word' id='word_1_712' title='bbox 949 2569 1013 2595; x_wconf 85' lang='lat' dir='ltr'><strong>eca</strong></span> <span class='ocrx_word' id='word_1_713' title='bbox 1043 2558 1117 2594; x_wconf 85' lang='lat' dir='ltr'><strong>sive</strong></span> <span class='ocrx_word' id='word_1_714' title='bbox 1140 2557 1185 2595; x_wconf 89' lang='lat' dir='ltr'><strong>de</strong></span> <span class='ocrx_word' id='word_1_715' title='bbox 1207 2558 1283 2594; x_wconf 82' lang='lat' dir='ltr'><strong>alia</strong></span> <span class='ocrx_word' id='word_1_716' title='bbox 1308 2556 1565 2610; x_wconf 71' lang='lat' dir='ltr'><strong>qualicumque</strong></span> <span class='ocrx_word' id='word_1_717' title='bbox 1588 2567 1711 2599; x_wconf 87' lang='lat' dir='ltr'><strong>causa,</strong></span> <span class='ocrx_word' id='word_1_718' title='bbox 1743 2555 1818 2592; x_wconf 82' lang='lat' dir='ltr'><strong>illic</strong></span> <span class='ocrx_word' id='word_1_719' title='bbox 1840 2556 1948 2592; x_wconf 85' lang='lat' dir='ltr'><strong>etiam</strong></span> <span class='ocrx_word' id='word_1_720' title='bbox 1971 2555 2150 2593; x_wconf 86' lang='lat' dir='ltr'><strong>rationem</strong></span> <span class='ocrx_word' id='word_1_721' title='bbox 2171 2555 2210 2590; x_wconf 87' lang='lat' dir='ltr'><strong>in</strong></span> <span class='ocrx_word' id='word_1_722' title='bbox 2233 2554 2368 2592; x_wconf 82' lang='lat' dir='ltr'><strong>iudicio</strong></span> <span class='ocrx_word' id='word_1_723' title='bbox 2391 2554 2523 2592; x_wconf 81' lang='lat' dir='ltr'><strong>reddat</strong></span> 
     </span>
     <span class='ocr_line' id='line_1_51' title="bbox 297 2599 2523 2653; baseline -0.002 -11"><span class='ocrx_word' id='word_1_724' title='bbox 297 2606 349 2651; x_wconf 88' lang='lat' dir='ltr'><strong>(id</strong></span> <span class='ocrx_word' id='word_1_725' title='bbox 371 2617 442 2653; x_wconf 82' lang='lat' dir='ltr'><strong>quo</strong></span> <span class='ocrx_word' id='word_1_726' title='bbox 491 2605 598 2642; x_wconf 83' lang='lat' dir='ltr'><strong>etiam</strong></span> <span class='ocrx_word' id='word_1_727' title='bbox 629 2604 674 2641; x_wconf 87' lang='lat' dir='ltr'><strong>ab</strong></span> <span class='ocrx_word' id='word_1_728' title='bbox 698 2605 745 2641; x_wconf 86' lang='lat' dir='ltr'><strong>iis</strong></span> <span class='ocrx_word' id='word_1_729' title='bbox 768 2605 831 2652; x_wconf 83' lang='lat' dir='ltr'><strong>qui</strong></span> <span class='ocrx_word' id='word_1_730' title='bbox 862 2608 947 2641; x_wconf 87' lang='lat' dir='ltr'><strong>ante</strong></span> <span class='ocrx_word' id='word_1_731' title='bbox 969 2615 1038 2640; x_wconf 83' lang='lat' dir='ltr'><strong>nos</strong></span> <span class='ocrx_word' id='word_1_732' title='bbox 1059 2603 1215 2650; x_wconf 80' lang='lat' dir='ltr'><strong>fuerunt</strong></span> <span class='ocrx_word' id='word_1_733' title='bbox 1243 2602 1513 2650; x_wconf 73' lang='lat' dir='ltr'><strong>leqislatoribus</strong></span> <span class='ocrx_word' id='word_1_734' title='bbox 1545 2599 1645 2639; x_wconf 81' lang='lat' dir='ltr'><strong>varie</strong></span> <span class='ocrx_word' id='word_1_735' title='bbox 1669 2600 1812 2648; x_wconf 81' lang='lat' dir='ltr'><strong>quidem</strong></span> <span class='ocrx_word' id='word_1_736' title='bbox 1840 2600 1976 2637; x_wconf 86' lang='lat' dir='ltr'><strong>dictum</strong></span> <span class='ocrx_word' id='word_1_737' title='bbox 2005 2606 2123 2637; x_wconf 81' lang='lat' dir='ltr'><strong>tamen</strong></span> <span class='ocrx_word' id='word_1_738' title='bbox 2146 2604 2216 2652; x_wconf 66' lang='lat' dir='ltr'><strong>est,</strong></span> <span class='ocrx_word' id='word_1_739' title='bbox 2247 2600 2314 2637; x_wconf 88' lang='lat' dir='ltr'><strong>etsi</strong></span> <span class='ocrx_word' id='word_1_740' title='bbox 2336 2611 2409 2637; x_wconf 84' lang='lat' dir='ltr'><strong>non</strong></span> <span class='ocrx_word' id='word_1_741' title='bbox 2424 2612 2523 2648; x_wconf 80' lang='lat' dir='ltr'><strong>pure</strong></span> 
     </span>
     <span class='ocr_line' id='line_1_52' title="bbox 297 2645 2520 2694; baseline -0.003 -6"><span class='ocrx_word' id='word_1_742' title='bbox 297 2662 363 2688; x_wconf 89' lang='lat' dir='ltr'><strong>nec</strong></span> <span class='ocrx_word' id='word_1_743' title='bbox 411 2650 685 2688; x_wconf 86' lang='lat' dir='ltr'><strong>uemadmodum</strong></span> <span class='ocrx_word' id='word_1_744' title='bbox 708 2661 777 2687; x_wconf 84' lang='lat' dir='ltr'><strong>nos</strong></span> <span class='ocrx_word' id='word_1_745' title='bbox 795 2661 871 2687; x_wconf 89' lang='lat' dir='ltr'><strong>rem</strong></span> <span class='ocrx_word' id='word_1_746' title='bbox 895 2649 1225 2693; x_wconf 77' lang='lat' dir='ltr'><strong>consideravimus),</strong></span> <span class='ocrx_word' id='word_1_747' title='bbox 1249 2659 1293 2684; x_wconf 90' lang='lat' dir='ltr'><strong>ac</strong></span> <span class='ocrx_word' id='word_1_748' title='bbox 1316 2659 1391 2685; x_wconf 88' lang='lat' dir='ltr'><strong>non</strong></span> <span class='ocrx_word' id='word_1_749' title='bbox 1414 2651 1524 2684; x_wconf 80' lang='lat' dir='ltr'><strong>extra</strong></span> <span class='ocrx_word' id='word_1_750' title='bbox 1543 2647 1637 2693; x_wconf 80' lang='lat' dir='ltr'><strong>fines</strong></span> <span class='ocrx_word' id='word_1_751' title='bbox 1652 2646 1868 2694; x_wconf 83' lang='lat' dir='ltr'><strong>provinciae</strong></span> <span class='ocrx_word' id='word_1_752' title='bbox 1890 2645 2038 2682; x_wconf 84' lang='lat' dir='ltr'><strong>meliore</strong></span> <span class='ocrx_word' id='word_1_753' title='bbox 2061 2645 2272 2681; x_wconf 73' lang='lat' dir='ltr'><strong>condicione</strong></span> <span class='ocrx_word' id='word_1_754' title='bbox 2294 2645 2350 2682; x_wconf 85' lang='lat' dir='ltr'><strong>uti</strong></span> <span class='ocrx_word' id='word_1_755' title='bbox 2366 2645 2520 2682; x_wconf 81' lang='lat' dir='ltr'><strong>studeat.</strong></span> 
     </span>
     <span class='ocr_line' id='line_1_53' title="bbox 297 2690 2523 2742; baseline -0.003 -8"><span class='ocrx_word' id='word_1_756' title='bbox 297 2699 318 2734; x_wconf 91' lang='lat'>1</span> <span class='ocrx_word' id='word_1_757' title='bbox 401 2708 460 2734; x_wconf 90' lang='lat' dir='ltr'><strong>am</strong></span> <span class='ocrx_word' id='word_1_758' title='bbox 487 2697 562 2734; x_wconf 84' lang='lat' dir='ltr'><strong>sive</strong></span> <span class='ocrx_word' id='word_1_759' title='bbox 590 2707 724 2742; x_wconf 78' lang='lat' dir='ltr'><strong>maqna</strong></span> <span class='ocrx_word' id='word_1_760' title='bbox 755 2695 830 2732; x_wconf 86' lang='lat' dir='ltr'><strong>sint</strong></span> <span class='ocrx_word' id='word_1_761' title='bbox 859 2694 992 2731; x_wconf 83' lang='lat' dir='ltr'><strong>delicta</strong></span> <span class='ocrx_word' id='word_1_762' title='bbox 1023 2695 1081 2731; x_wconf 85' lang='lat' dir='ltr'><strong>vel</strong></span> <span class='ocrx_word' id='word_1_763' title='bbox 1102 2698 1330 2737; x_wconf 87' lang='lat' dir='ltr'><strong>contractus,</strong></span> <span class='ocrx_word' id='word_1_764' title='bbox 1363 2692 1527 2729; x_wconf 85' lang='lat' dir='ltr'><strong>omnibus</strong></span> <span class='ocrx_word' id='word_1_765' title='bbox 1549 2692 1666 2728; x_wconf 87' lang='lat' dir='ltr'><strong>modis</strong></span> <span class='ocrx_word' id='word_1_766' title='bbox 1687 2702 1811 2728; x_wconf 86' lang='lat' dir='ltr'><strong>eorum</strong></span> <span class='ocrx_word' id='word_1_767' title='bbox 1842 2695 1878 2727; x_wconf 86' lang='lat' dir='ltr'><strong>et</strong></span> <span class='ocrx_word' id='word_1_768' title='bbox 1903 2690 2038 2726; x_wconf 86' lang='lat' dir='ltr'><strong>delatio</strong></span> <span class='ocrx_word' id='word_1_769' title='bbox 2068 2694 2105 2726; x_wconf 87' lang='lat' dir='ltr'><strong>et</strong></span> <span class='ocrx_word' id='word_1_770' title='bbox 2126 2691 2332 2733; x_wconf 84' lang='lat' dir='ltr'><strong>accusatio,</strong></span> <span class='ocrx_word' id='word_1_771' title='bbox 2364 2690 2398 2726; x_wconf 87' lang='lat' dir='ltr'><strong>si</strong></span> <span class='ocrx_word' id='word_1_772' title='bbox 2428 2701 2523 2739; x_wconf 83' lang='lat' dir='ltr'><strong>opus</strong></span> 
     </span>
     <span class='ocr_line' id='line_1_54' title="bbox 295 2735 2523 2794; baseline -0.002 -16"><span class='ocrx_word' id='word_1_773' title='bbox 295 2743 425 2789; x_wconf 82' lang='lat' dir='ltr'><strong>fuerit,</strong></span> <span class='ocrx_word' id='word_1_774' title='bbox 456 2746 493 2780; x_wconf 90' lang='lat' dir='ltr'><strong>et</strong></span> <span class='ocrx_word' id='word_1_775' title='bbox 514 2741 739 2778; x_wconf 76' lang='lat' dir='ltr'><strong>eaeaminatio</strong></span> <span class='ocrx_word' id='word_1_776' title='bbox 759 2741 798 2777; x_wconf 87' lang='lat' dir='ltr'><strong>in</strong></span> <span class='ocrx_word' id='word_1_777' title='bbox 814 2740 1011 2794; x_wconf 80' lang='lat' dir='ltr'><strong>provincia</strong></span> <span class='ocrx_word' id='word_1_778' title='bbox 1032 2738 1207 2787; x_wconf 80' lang='lat' dir='ltr'><strong>facienda</strong></span> <span class='ocrx_word' id='word_1_779' title='bbox 1238 2745 1292 2777; x_wconf 87' lang='lat' dir='ltr'><strong>est</strong></span> <span class='ocrx_word' id='word_1_780' title='bbox 1312 2743 1468 2786; x_wconf 82' lang='lat' dir='ltr'><strong>propter</strong></span> <span class='ocrx_word' id='word_1_781' title='bbox 1490 2738 1754 2790; x_wconf 72' lang='lat' dir='ltr'><strong>probationum</strong></span> <span class='ocrx_word' id='word_1_782' title='bbox 1779 2735 2109 2790; x_wconf 74' lang='lat' dir='ltr'><strong>opportunitatem5</strong></span> <span class='ocrx_word' id='word_1_783' title='bbox 2143 2735 2218 2772; x_wconf 85' lang='lat' dir='ltr'><strong>sive</strong></span> <span class='ocrx_word' id='word_1_784' title='bbox 2241 2736 2322 2782; x_wconf 86' lang='lat' dir='ltr'><strong>quis</strong></span> <span class='ocrx_word' id='word_1_785' title='bbox 2345 2736 2382 2771; x_wconf 85' lang='lat' dir='ltr'><strong>in</strong></span> <span class='ocrx_word' id='word_1_786' title='bbox 2432 2747 2523 2773; x_wconf 88' lang='lat' dir='ltr'><strong>arva</strong></span> 
     </span>
     <span class='ocr_line' id='line_1_55' title="bbox 297 2779 2522 2833; baseline -0.003 -9"><span class='ocrx_word' id='word_1_787' title='bbox 297 2799 338 2824; x_wconf 88' lang='lat' dir='ltr'><strong>re</strong></span> <span class='ocrx_word' id='word_1_788' title='bbox 351 2787 519 2824; x_wconf 86' lang='lat' dir='ltr'><strong>similiter</strong></span> <span class='ocrx_word' id='word_1_789' title='bbox 534 2786 631 2823; x_wconf 85' lang='lat' dir='ltr'><strong>delin</strong></span> <span class='ocrx_word' id='word_1_790' title='bbox 657 2790 733 2829; x_wconf 86' lang='lat' dir='ltr'><strong>uat,</strong></span> <span class='ocrx_word' id='word_1_791' title='bbox 754 2797 871 2823; x_wconf 78' lang='lat' dir='ltr'><strong>maius</strong></span> <span class='ocrx_word' id='word_1_792' title='bbox 886 2786 994 2822; x_wconf 86' lang='lat' dir='ltr'><strong>etiam</strong></span> <span class='ocrx_word' id='word_1_793' title='bbox 1007 2789 1201 2833; x_wconf 82' lang='lat' dir='ltr'><strong>peccatum</strong></span> <span class='ocrx_word' id='word_1_794' title='bbox 1214 2785 1294 2831; x_wconf 84' lang='lat' dir='ltr'><strong>fiat,</strong></span> <span class='ocrx_word' id='word_1_795' title='bbox 1315 2785 1348 2821; x_wconf 87' lang='lat' dir='ltr'><strong>si</strong></span> <span class='ocrx_word' id='word_1_796' title='bbox 1364 2787 1467 2821; x_wconf 87' lang='lat' dir='ltr'><strong>actor</strong></span> <span class='ocrx_word' id='word_1_797' title='bbox 1485 2794 1531 2821; x_wconf 85' lang='lat' dir='ltr'><strong>ne</strong></span> <span class='ocrx_word' id='word_1_798' title='bbox 1550 2783 1588 2819; x_wconf 80' lang='lat' dir='ltr'><strong>in</strong></span> <span class='ocrx_word' id='word_1_799' title='bbox 1603 2782 1750 2830; x_wconf 59' lang='lat' dir='ltr'><strong>exiguis</strong></span> <span class='ocrx_word' id='word_1_800' title='bbox 1768 2780 1910 2829; x_wconf 77' lang='lat' dir='ltr'><strong>quidem</strong></span> <span class='ocrx_word' id='word_1_801' title='bbox 1933 2779 2040 2817; x_wconf 86' lang='lat' dir='ltr'><strong>rebus</strong></span> <span class='ocrx_word' id='word_1_802' title='bbox 2059 2791 2138 2817; x_wconf 78' lang='lat' dir='ltr'><strong>iure</strong></span> <span class='ocrx_word' id='word_1_803' title='bbox 2154 2781 2319 2832; x_wconf 74' lang='lat' dir='ltr'><strong>fruatur,</strong></span> <span class='ocrx_word' id='word_1_804' title='bbox 2342 2791 2381 2817; x_wconf 86' lang='lat' dir='ltr'><strong>se</strong></span> <span class='ocrx_word' id='word_1_805' title='bbox 2421 2783 2522 2829; x_wconf 79' lang='lat' dir='ltr'><strong>peri-</strong></span> 
     </span>
     <span class='ocr_line' id='line_1_56' title="bbox 299 2825 2523 2879; baseline -0.003 -9"><span class='ocrx_word' id='word_1_806' title='bbox 299 2833 443 2870; x_wconf 83' lang='lat' dir='ltr'><strong>clitetur</strong></span> <span class='ocrx_word' id='word_1_807' title='bbox 473 2835 509 2870; x_wconf 84' lang='lat' dir='ltr'><strong>et</strong></span> <span class='ocrx_word' id='word_1_808' title='bbox 538 2834 576 2870; x_wconf 88' lang='lat' dir='ltr'><strong>in</strong></span> <span class='ocrx_word' id='word_1_809' title='bbox 606 2844 630 2868; x_wconf 87' lang='lat' dir='ltr'><strong>a</strong></span> <span class='ocrx_word' id='word_1_810' title='bbox 645 2833 763 2868; x_wconf 87' lang='lat' dir='ltr'><strong>ienam</strong></span> <span class='ocrx_word' id='word_1_811' title='bbox 787 2831 1020 2879; x_wconf 78' lang='lat' dir='ltr'><strong>provinciam</strong></span> <span class='ocrx_word' id='word_1_812' title='bbox 1050 2831 1171 2869; x_wconf 88' lang='lat' dir='ltr'><strong>venire</strong></span> <span class='ocrx_word' id='word_1_813' title='bbox 1201 2835 1236 2867; x_wconf 89' lang='lat' dir='ltr'><strong>et</strong></span> <span class='ocrx_word' id='word_1_814' title='bbox 1266 2829 1316 2867; x_wconf 83' lang='lat' dir='ltr'><strong>ibi</strong></span> <span class='ocrx_word' id='word_1_815' title='bbox 1345 2829 1447 2866; x_wconf 82' lang='lat' dir='ltr'><strong>illum</strong></span> <span class='ocrx_word' id='word_1_816' title='bbox 1475 2829 1666 2865; x_wconf 84' lang='lat' dir='ltr'><strong>convenire</strong></span> <span class='ocrx_word' id='word_1_817' title='bbox 1696 2838 1740 2864; x_wconf 90' lang='lat' dir='ltr'><strong>ac</strong></span> <span class='ocrx_word' id='word_1_818' title='bbox 1771 2827 1815 2864; x_wconf 89' lang='lat' dir='ltr'><strong>de</strong></span> <span class='ocrx_word' id='word_1_819' title='bbox 1838 2826 1894 2863; x_wconf 78' lang='lat' dir='ltr'><strong>his</strong></span> <span class='ocrx_word' id='word_1_820' title='bbox 1922 2826 2085 2879; x_wconf 38' lang='lat' dir='ltr'><strong>liti-care,</strong></span> <span class='ocrx_word' id='word_1_821' title='bbox 2141 2837 2219 2879; x_wconf 79' lang='lat' dir='ltr'><strong>uem</strong></span> <span class='ocrx_word' id='word_1_822' title='bbox 2242 2825 2384 2872; x_wconf 80' lang='lat' dir='ltr'><strong>quidem</strong></span> <span class='ocrx_word' id='word_1_823' title='bbox 2408 2837 2523 2875; x_wconf 83' lang='lat' dir='ltr'><strong>neque</strong></span> 
     </span>
     <span class='ocr_line' id='line_1_57' title="bbox 293 2872 2523 2927; baseline -0.003 -12"><span class='ocrx_word' id='word_1_824' title='bbox 293 2883 523 2927; x_wconf 79' lang='lat' dir='ltr'><strong>praesentem</strong></span> <span class='ocrx_word' id='word_1_825' title='bbox 554 2889 669 2925; x_wconf 84' lang='lat' dir='ltr'><strong>neque</strong></span> <span class='ocrx_word' id='word_1_826' title='bbox 699 2877 739 2912; x_wconf 85' lang='lat' dir='ltr'><strong>in</strong></span> <span class='ocrx_word' id='word_1_827' title='bbox 763 2877 959 2924; x_wconf 83' lang='lat' dir='ltr'><strong>provincia</strong></span> <span class='ocrx_word' id='word_1_828' title='bbox 984 2879 1144 2924; x_wconf 81' lang='lat' dir='ltr'><strong>propter</strong></span> <span class='ocrx_word' id='word_1_829' title='bbox 1171 2875 1270 2912; x_wconf 81' lang='lat' dir='ltr'><strong>illius</strong></span> <span class='ocrx_word' id='word_1_830' title='bbox 1293 2874 1499 2923; x_wconf 82' lang='lat' dir='ltr'><strong>potentiam</strong></span> <span class='ocrx_word' id='word_1_831' title='bbox 1526 2874 1626 2919; x_wconf 85' lang='lat' dir='ltr'><strong>forte</strong></span> <span class='ocrx_word' id='word_1_832' title='bbox 1659 2872 1715 2911; x_wconf 83' lang='lat' dir='ltr'><strong>vel</strong></span> <span class='ocrx_word' id='word_1_833' title='bbox 1737 2876 1899 2921; x_wconf 85' lang='lat' dir='ltr'><strong>propter</strong></span> <span class='ocrx_word' id='word_1_834' title='bbox 1929 2882 2032 2907; x_wconf 89' lang='lat' dir='ltr'><strong>suam</strong></span> <span class='ocrx_word' id='word_1_835' title='bbox 2064 2881 2103 2907; x_wconf 85' lang='lat' dir='ltr'><strong>m</strong></span> <span class='ocrx_word' id='word_1_836' title='bbox 2130 2873 2309 2908; x_wconf 75' lang='lat' dir='ltr'><strong>rmitatem</strong></span> <span class='ocrx_word' id='word_1_837' title='bbox 2339 2872 2523 2909; x_wconf 86' lang='lat' dir='ltr'><strong>commode</strong></span> 
     </span>
    </p>
   </div>
   <div class='ocr_carea' id='block_1_7' title="bbox 798 2069 895 2072">
    <p class='ocr_par' dir='ltr' id='par_1_9' title="bbox 798 2069 895 2072">
     <span class='ocr_line' id='line_1_58' title="bbox 798 2069 895 2072; baseline 0 0"><span class='ocrx_word' id='word_1_838' title='bbox 798 2069 895 2072; x_wconf 95' lang='lat' dir='ltr'><strong> </strong></span> 
     </span>
    </p>
   </div>
   <div class='ocr_carea' id='block_1_8' title="bbox 936 2069 1140 2073">
    <p class='ocr_par' dir='ltr' id='par_1_10' title="bbox 936 2069 1140 2073">
     <span class='ocr_line' id='line_1_59' title="bbox 936 2069 1140 2073; baseline 0 0"><span class='ocrx_word' id='word_1_839' title='bbox 936 2069 1140 2073; x_wconf 95' lang='lat' dir='ltr'><strong> </strong></span> 
     </span>
    </p>
   </div>
   <div class='ocr_carea' id='block_1_9' title="bbox 1165 2069 1335 2073">
    <p class='ocr_par' dir='ltr' id='par_1_11' title="bbox 1165 2069 1335 2073">
     <span class='ocr_line' id='line_1_60' title="bbox 1165 2069 1335 2073; baseline 0 0"><span class='ocrx_word' id='word_1_840' title='bbox 1165 2069 1335 2073; x_wconf 95' lang='lat' dir='ltr'><strong> </strong></span> 
     </span>
    </p>
   </div>
   <div class='ocr_carea' id='block_1_10' title="bbox 298 2975 2528 3575">
    <p class='ocr_par' dir='ltr' id='par_1_12' title="bbox 298 2975 2528 3575">
     <span class='ocr_line' id='line_1_61' title="bbox 345 2975 2523 3039; baseline -0.004 -10"><span class='ocrx_word' id='word_1_841' title='bbox 345 2997 366 3029; x_wconf 86' lang='lat'>4</span> <span class='ocrx_word' id='word_1_842' title='bbox 390 2990 459 3039; x_wconf 75' lang='grc' dir='ltr'><strong>ὀψὲ</strong></span> <span class='ocrx_word' id='word_1_843' title='bbox 481 2995 540 3026; x_wconf 83' lang='grc' dir='ltr'><strong>καὶ</strong></span> <span class='ocrx_word' id='word_1_844' title='bbox 563 2990 676 3036; x_wconf 86' lang='grc' dir='ltr'><strong><em>μόλις]</em></strong></span> <span class='ocrx_word' id='word_1_845' title='bbox 701 3002 772 3025; x_wconf 82' lang='lat' dir='ltr'><strong>sero</strong></span> <span class='ocrx_word' id='word_1_846' title='bbox 796 2992 929 3024; x_wconf 81' lang='lat' dir='ltr'><strong>tandem</strong></span> <span class='ocrx_word' id='word_1_847' title='bbox 954 3003 973 3027; x_wconf 80' lang='grc' dir='ltr'><strong><em>ς</em></strong></span> <span class='ocrx_word' id='word_1_848' title='bbox 1001 2991 1013 3035; x_wconf 88' lang='grc' dir='ltr'><strong>ΙΙ</strong></span> <span class='ocrx_word' id='word_1_849' title='bbox 1045 2993 1064 3025; x_wconf 86' lang='grc'>5</span> <span class='ocrx_word' id='word_1_850' title='bbox 1089 2989 1287 3036; x_wconf 75' lang='grc' dir='ltr'><strong><em>προιέσθαι</em></strong></span> <span class='ocrx_word' id='word_1_851' title='bbox 1312 2990 1342 3023; x_wconf 88' lang='lat' dir='ltr'><strong><em>L</em></strong></span> <span class='ocrx_word' id='word_1_852' title='bbox 1447 2989 1507 3021; x_wconf 86' lang='lat' dir='ltr'><strong>bus</strong></span> <span class='ocrx_word' id='word_1_853' title='bbox 1530 2989 1564 3022; x_wconf 82' lang='lat' dir='ltr'><strong><em>R</em></strong></span> <span class='ocrx_word' id='word_1_854' title='bbox 1579 2988 1641 3029; x_wconf 74' lang='lat'><strong>1⁷¹]</strong></span> <span class='ocrx_word' id='word_1_855' title='bbox 1676 2987 1878 3023; x_wconf 79' lang='lat' dir='ltr'><strong>indiuitibus</strong></span> <span class='ocrx_word' id='word_1_856' title='bbox 1902 2995 1914 3021; x_wconf 81' lang='lat' dir='ltr'><strong>t</strong></span> <span class='ocrx_word' id='word_1_857' title='bbox 1948 2997 2016 3020; x_wconf 87' lang='lat' dir='ltr'><strong>non</strong></span> <span class='ocrx_word' id='word_1_858' title='bbox 2040 2985 2203 3019; x_wconf 88' lang='lat' dir='ltr'><strong>diuitibus</strong></span> <span class='ocrx_word' id='word_1_859' title='bbox 2231 2986 2281 3020; x_wconf 85' lang='lat' dir='ltr'><strong>V³</strong></span> <span class='ocrx_word' id='word_1_860' title='bbox 2310 2985 2323 3030; x_wconf 73' lang='grc' dir='ltr'><strong>ΙΙ</strong></span> <span class='ocrx_word' id='word_1_861' title='bbox 2350 2988 2371 3020; x_wconf 86' lang='grc'><strong>6</strong></span> <span class='ocrx_word' id='word_1_862' title='bbox 2395 2988 2485 3019; x_wconf 85' lang='lat' dir='ltr'><strong>omni</strong></span> <span class='ocrx_word' id='word_1_863' title='bbox 2504 2975 2523 3021; x_wconf 41' lang='lat' dir='ltr'><strong>&#39;t</strong></span> 
     </span>
     <span class='ocr_line' id='line_1_62' title="bbox 300 2995 2520 3082; baseline -0.004 -8"><span class='ocrx_word' id='word_1_864' title='bbox 300 3044 318 3075; x_wconf 83' lang='lat'><strong>7</strong></span> <span class='ocrx_word' id='word_1_865' title='bbox 340 3037 497 3073; x_wconf 86' lang='grc' dir='ltr'><strong><em>δυνατον</em></strong></span> <span class='ocrx_word' id='word_1_866' title='bbox 510 3039 555 3072; x_wconf 87' lang='lat' dir='ltr'><em>M</em></span> <span class='ocrx_word' id='word_1_867' title='bbox 557 3042 576 3060; x_wconf 79' lang='lat'><em>⁰</em></span> <span class='ocrx_word' id='word_1_868' title='bbox 592 3038 605 3082; x_wconf 88' lang='grc' dir='ltr'><strong>ΙΙ</strong></span> <span class='ocrx_word' id='word_1_869' title='bbox 623 3040 644 3073; x_wconf 93' lang='grc'>8</span> <span class='ocrx_word' id='word_1_870' title='bbox 663 3040 747 3079; x_wconf 80' lang='grc' dir='ltr'><strong><em>τοῖς]</em></strong></span> <span class='ocrx_word' id='word_1_871' title='bbox 766 3037 844 3070; x_wconf 80' lang='grc' dir='ltr'><strong>τῶν</strong></span> <span class='ocrx_word' id='word_1_872' title='bbox 863 3037 909 3070; x_wconf 89' lang='lat' dir='ltr'><strong>L¹</strong></span> <span class='ocrx_word' id='word_1_873' title='bbox 928 3036 940 3080; x_wconf 87' lang='grc' dir='ltr'><strong>ΙΙ</strong></span> <span class='ocrx_word' id='word_1_874' title='bbox 957 3033 1268 3069; x_wconf 77' lang='grc' dir='ltr'><strong><em>κατακολουθοῦσι</em></strong></span> <span class='ocrx_word' id='word_1_875' title='bbox 1282 3035 1348 3068; x_wconf 67' lang='grc' dir='ltr'><strong>111ο</strong></span> <span class='ocrx_word' id='word_1_876' title='bbox 1373 2995 1378 3079; x_wconf 71' lang='grc' dir='ltr'>Ι</span> <span class='ocrx_word' id='word_1_877' title='bbox 1445 3035 1519 3067; x_wconf 65' lang='lat' dir='ltr'><strong>offi-</strong></span> <span class='ocrx_word' id='word_1_878' title='bbox 1543 3034 1593 3067; x_wconf 83' lang='lat' dir='ltr'><strong>V¹</strong></span> <span class='ocrx_word' id='word_1_879' title='bbox 1616 3033 1669 3067; x_wconf 77' lang='lat' dir='ltr'><strong>offi</strong></span> <span class='ocrx_word' id='word_1_880' title='bbox 1686 3032 1735 3067; x_wconf 77' lang='lat'><strong>17²</strong></span> <span class='ocrx_word' id='word_1_881' title='bbox 1757 3032 1770 3076; x_wconf 84' lang='lat' dir='ltr'>fl</span> <span class='ocrx_word' id='word_1_882' title='bbox 1799 3034 1819 3067; x_wconf 89' lang='lat'>8</span> <span class='ocrx_word' id='word_1_883' title='bbox 1843 3034 2019 3066; x_wconf 83' lang='lat' dir='ltr'><strong>consecuta</strong></span> <span class='ocrx_word' id='word_1_884' title='bbox 2043 3032 2067 3065; x_wconf 73' lang='grc' dir='ltr'><strong>ι’</strong></span> <span class='ocrx_word' id='word_1_885' title='bbox 2095 3032 2107 3074; x_wconf 84' lang='grc' dir='ltr'><strong>ΙΙ</strong></span> <span class='ocrx_word' id='word_1_886' title='bbox 2131 3033 2151 3065; x_wconf 85' lang='grc'>9</span> <span class='ocrx_word' id='word_1_887' title='bbox 2175 3030 2271 3073; x_wconf 86' lang='lat' dir='ltr'><strong>quasi</strong></span> <span class='ocrx_word' id='word_1_888' title='bbox 2294 3041 2356 3074; x_wconf 86' lang='lat' dir='ltr'><strong>pro</strong></span> <span class='ocrx_word' id='word_1_889' title='bbox 2378 3042 2412 3065; x_wconf 86' lang='lat' dir='ltr'><strong>se</strong></span> <span class='ocrx_word' id='word_1_890' title='bbox 2432 3032 2520 3073; x_wconf 87' lang='lat' dir='ltr'><strong>RV]</strong></span> 
     </span>
     <span class='ocr_line' id='line_1_63' title="bbox 303 3076 2522 3128; baseline -0.004 -9"><span class='ocrx_word' id='word_1_891' title='bbox 303 3088 344 3120; x_wconf 87' lang='grc'>12</span> <span class='ocrx_word' id='word_1_892' title='bbox 368 3087 503 3128; x_wconf 68' lang='grc' dir='ltr'><strong><em>ἐκείνης</em></strong></span> <span class='ocrx_word' id='word_1_893' title='bbox 534 3083 600 3118; x_wconf 78' lang='lat' dir='ltr'><strong>Ma</strong></span> <span class='ocrx_word' id='word_1_894' title='bbox 630 3083 643 3127; x_wconf 76' lang='grc' dir='ltr'><strong>ΙΙ</strong></span> <span class='ocrx_word' id='word_1_895' title='bbox 681 3084 826 3117; x_wconf 67' lang='grc' dir='ltr'><strong><em>ἐκείνοις</em></strong></span> <span class='ocrx_word' id='word_1_896' title='bbox 857 3079 1185 3123; x_wconf 68' lang='grc' dir='ltr'><strong><em>ἐπακολουθούσης]</em></strong></span> <span class='ocrx_word' id='word_1_897' title='bbox 1221 3082 1377 3122; x_wconf 88' lang='lat' dir='ltr'><strong>sequente</strong></span> <span class='ocrx_word' id='word_1_898' title='bbox 1444 3090 1505 3122; x_wconf 90' lang='lat' dir='ltr'><strong>pro</strong></span> <span class='ocrx_word' id='word_1_899' title='bbox 1528 3089 1562 3112; x_wconf 86' lang='lat' dir='ltr'><strong>se</strong></span> <span class='ocrx_word' id='word_1_900' title='bbox 1585 3078 1680 3122; x_wconf 85' lang='lat' dir='ltr'><strong>quasi</strong></span> <span class='ocrx_word' id='word_1_901' title='bbox 1703 3085 1715 3112; x_wconf 83' lang='lat' dir='ltr'><strong>t</strong></span> <span class='ocrx_word' id='word_1_902' title='bbox 1736 3077 1749 3124; x_wconf 79' lang='grc' dir='ltr'><strong>ΙΙ</strong></span> <span class='ocrx_word' id='word_1_903' title='bbox 1773 3078 1984 3118; x_wconf 82' lang='lat' dir='ltr'><strong>machinatur</strong></span> <span class='ocrx_word' id='word_1_904' title='bbox 2009 3078 2034 3111; x_wconf 77' lang='grc' dir='ltr'><strong>ιι</strong></span> <span class='ocrx_word' id='word_1_905' title='bbox 2057 3076 2069 3121; x_wconf 91' lang='grc' dir='ltr'><strong>ΙΙ</strong></span> <span class='ocrx_word' id='word_1_906' title='bbox 2097 3079 2137 3111; x_wconf 88' lang='grc'><strong>10</strong></span> <span class='ocrx_word' id='word_1_907' title='bbox 2162 3078 2221 3110; x_wconf 87' lang='lat' dir='ltr'><strong>hec</strong></span> <span class='ocrx_word' id='word_1_908' title='bbox 2245 3085 2257 3111; x_wconf 75' lang='lat' dir='ltr'><strong>t</strong></span> <span class='ocrx_word' id='word_1_909' title='bbox 2288 3076 2294 3120; x_wconf 83' lang='grc' dir='ltr'>Ι</span> <span class='ocrx_word' id='word_1_910' title='bbox 2319 3078 2359 3111; x_wconf 91' lang='grc'><strong>11</strong></span> <span class='ocrx_word' id='word_1_911' title='bbox 2387 3079 2437 3118; x_wconf 81' lang='lat' dir='ltr'><strong>ex]</strong></span> <span class='ocrx_word' id='word_1_912' title='bbox 2460 3088 2522 3120; x_wconf 87' lang='lat' dir='ltr'><strong>pro</strong></span> 
     </span>
     <span class='ocr_line' id='line_1_64' title="bbox 299 3121 2528 3173; baseline -0.004 -8"><span class='ocrx_word' id='word_1_913' title='bbox 299 3131 443 3165; x_wconf 85' lang='lat' dir='ltr'><strong>sobolem</strong></span> <span class='ocrx_word' id='word_1_914' title='bbox 483 3139 546 3163; x_wconf 78' lang='lat' dir='ltr'><strong>uae</strong></span> <span class='ocrx_word' id='word_1_915' title='bbox 566 3128 642 3162; x_wconf 88' lang='lat' dir='ltr'><strong>illos</strong></span> <span class='ocrx_word' id='word_1_916' title='bbox 661 3141 681 3166; x_wconf 79' lang='grc' dir='ltr'><strong><em>ς</em></strong></span> <span class='ocrx_word' id='word_1_917' title='bbox 695 3131 709 3173; x_wconf 72' lang='grc' dir='ltr'><strong>ῃ</strong></span> <span class='ocrx_word' id='word_1_918' title='bbox 729 3129 771 3163; x_wconf 89' lang='grc'><strong>16</strong></span> <span class='ocrx_word' id='word_1_919' title='bbox 787 3127 946 3162; x_wconf 75' lang='grc' dir='ltr'><strong><em>οἰκοῦσιν</em></strong></span> <span class='ocrx_word' id='word_1_920' title='bbox 983 3126 1151 3162; x_wconf 86' lang='lat' dir='ltr'><strong>iudicibus</strong></span> <span class='ocrx_word' id='word_1_921' title='bbox 1173 3137 1193 3162; x_wconf 80' lang='grc' dir='ltr'><em>ς</em></span> <span class='ocrx_word' id='word_1_922' title='bbox 1208 3125 1221 3170; x_wconf 91' lang='grc' dir='ltr'><strong>ΙΙ</strong></span> <span class='ocrx_word' id='word_1_923' title='bbox 1241 3126 1281 3160; x_wconf 85' lang='grc'>18</span> <span class='ocrx_word' id='word_1_924' title='bbox 1305 3127 1378 3158; x_wconf 86' lang='grc' dir='ltr'><strong><em>τοῖς</em></strong></span> <span class='ocrx_word' id='word_1_925' title='bbox 1445 3124 1493 3158; x_wconf 85' lang='lat' dir='ltr'><strong>R¹</strong></span> <span class='ocrx_word' id='word_1_926' title='bbox 1509 3123 1522 3165; x_wconf 93' lang='grc'>11</span> <span class='ocrx_word' id='word_1_927' title='bbox 1550 3126 1592 3158; x_wconf 85' lang='grc'>12</span> <span class='ocrx_word' id='word_1_928' title='bbox 1615 3125 1804 3167; x_wconf 78' lang='lat' dir='ltr'><strong>sequentem</strong></span> <span class='ocrx_word' id='word_1_929' title='bbox 1826 3123 1878 3156; x_wconf 72' lang='lat'><strong>17⁰</strong></span> <span class='ocrx_word' id='word_1_930' title='bbox 1895 3122 1908 3167; x_wconf 81' lang='grc'>11</span> <span class='ocrx_word' id='word_1_931' title='bbox 1935 3124 1976 3157; x_wconf 85' lang='grc'>14</span> <span class='ocrx_word' id='word_1_932' title='bbox 1993 3122 2255 3156; x_wconf 85' lang='lat' dir='ltr'><strong>existimanimus</strong></span> <span class='ocrx_word' id='word_1_933' title='bbox 2322 3121 2335 3166; x_wconf 86' lang='grc' dir='ltr'>Ι</span> <span class='ocrx_word' id='word_1_934' title='bbox 2362 3124 2403 3156; x_wconf 86' lang='grc'>15</span> <span class='ocrx_word' id='word_1_935' title='bbox 2426 3133 2528 3167; x_wconf 53' lang='lat' dir='ltr'><strong>prae2</strong></span> 
     </span>
     <span class='ocr_line' id='line_1_65' title="bbox 298 3140 2519 3227; baseline -0.005 -16"><span class='ocrx_word' id='word_1_936' title='bbox 298 3188 340 3211; x_wconf 81' lang='grc' dir='ltr'><strong>τε</strong></span> <span class='ocrx_word' id='word_1_937' title='bbox 355 3173 444 3220; x_wconf 68' lang='grc' dir='ltr'><strong><em>πρὸς</em></strong></span> <span class='ocrx_word' id='word_1_938' title='bbox 458 3140 647 3227; x_wconf 64' lang='grc' dir='ltr'><strong><em>δύομένον</em></strong></span> <span class='ocrx_word' id='word_1_939' title='bbox 660 3174 692 3208; x_wconf 91' lang='lat' dir='ltr'><em>L</em></span> <span class='ocrx_word' id='word_1_940' title='bbox 707 3174 720 3217; x_wconf 72' lang='grc' dir='ltr'><strong>ΙΙ</strong></span> <span class='ocrx_word' id='word_1_941' title='bbox 738 3168 839 3216; x_wconf 78' lang='grc' dir='ltr'><strong><em>ἥλιον</em></strong></span> <span class='ocrx_word' id='word_1_942' title='bbox 849 3180 926 3217; x_wconf 85' lang='lat' dir='ltr'><strong>post</strong></span> <span class='ocrx_word' id='word_1_943' title='bbox 938 3175 1133 3214; x_wconf 78' lang='grc' dir='ltr'><strong><em>ανίσχοντα</em></strong></span> <span class='ocrx_word' id='word_1_944' title='bbox 1141 3172 1208 3213; x_wconf 86' lang='grc'>(17)</span> <span class='ocrx_word' id='word_1_945' title='bbox 1221 3171 1293 3204; x_wconf 86' lang='lat' dir='ltr'><strong>coll.</strong></span> <span class='ocrx_word' id='word_1_946' title='bbox 1304 3170 1355 3203; x_wconf 77' lang='lat'><strong>13⁶</strong></span> <span class='ocrx_word' id='word_1_947' title='bbox 1366 3169 1378 3212; x_wconf 91' lang='grc' dir='ltr'><strong>ΙΙ</strong></span> <span class='ocrx_word' id='word_1_948' title='bbox 1445 3170 1591 3214; x_wconf 84' lang='lat' dir='ltr'><strong>cepimus</strong></span> <span class='ocrx_word' id='word_1_949' title='bbox 1606 3170 1673 3204; x_wconf 65' lang='lat'><strong>131¹</strong></span> <span class='ocrx_word' id='word_1_950' title='bbox 1689 3168 1703 3213; x_wconf 87' lang='grc' dir='ltr'><strong>ΙΙ</strong></span> <span class='ocrx_word' id='word_1_951' title='bbox 1725 3168 1910 3213; x_wconf 85' lang='lat' dir='ltr'><strong>provinciis</strong></span> <span class='ocrx_word' id='word_1_952' title='bbox 1930 3169 2030 3213; x_wconf 69' lang='lat' dir='ltr'><strong>cuiq]</strong></span> <span class='ocrx_word' id='word_1_953' title='bbox 2053 3167 2246 3212; x_wconf 87' lang='lat' dir='ltr'><strong>prouincias</strong></span> <span class='ocrx_word' id='word_1_954' title='bbox 2264 3168 2342 3202; x_wconf 82' lang='lat' dir='ltr'><strong>libri</strong></span> <span class='ocrx_word' id='word_1_955' title='bbox 2356 3166 2369 3208; x_wconf 89' lang='grc' dir='ltr'><strong>ΙΙ</strong></span> <span class='ocrx_word' id='word_1_956' title='bbox 2387 3167 2428 3204; x_wconf 84' lang='grc'>16</span> <span class='ocrx_word' id='word_1_957' title='bbox 2446 3167 2519 3208; x_wconf 89' lang='lat' dir='ltr'><strong>qui-</strong></span> 
     </span>
     <span class='ocr_line' id='line_1_66' title="bbox 302 3211 2520 3265; baseline -0.005 -10"><span class='ocrx_word' id='word_1_958' title='bbox 302 3222 341 3256; x_wconf 84' lang='lat'><strong>21</strong></span> <span class='ocrx_word' id='word_1_959' title='bbox 355 3231 401 3255; x_wconf 83' lang='grc' dir='ltr'><strong>πε</strong></span> <span class='ocrx_word' id='word_1_960' title='bbox 424 3219 509 3265; x_wconf 77' lang='grc' dir='ltr'><strong>ὶγῆς</strong></span> <span class='ocrx_word' id='word_1_961' title='bbox 522 3219 699 3262; x_wconf 56' lang='lat' dir='ltr'><strong>oolam-de</strong></span> <span class='ocrx_word' id='word_1_962' title='bbox 707 3221 797 3252; x_wconf 84' lang='lat' dir='ltr'><strong>terra</strong></span> <span class='ocrx_word' id='word_1_963' title='bbox 807 3218 887 3252; x_wconf 83' lang='lat' dir='ltr'><strong>etde</strong></span> <span class='ocrx_word' id='word_1_964' title='bbox 899 3216 1078 3257; x_wconf 70' lang='lat' dir='ltr'><strong>terminise</strong></span> <span class='ocrx_word' id='word_1_965' title='bbox 1095 3217 1108 3259; x_wconf 80' lang='grc' dir='ltr'><strong>ΙΙ</strong></span> <span class='ocrx_word' id='word_1_966' title='bbox 1124 3218 1169 3252; x_wconf 77' lang='grc'><strong>24</strong></span> <span class='ocrx_word' id='word_1_967' title='bbox 1179 3213 1376 3251; x_wconf 55' lang='lat' dir='ltr'><strong>notatione?</strong></span> <span class='ocrx_word' id='word_1_968' title='bbox 1445 3218 1597 3257; x_wconf 87' lang='lat' dir='ltr'><strong>cumque]</strong></span> <span class='ocrx_word' id='word_1_969' title='bbox 1619 3217 1651 3248; x_wconf 81' lang='lat' dir='ltr'><strong>et</strong></span> <span class='ocrx_word' id='word_1_970' title='bbox 1671 3215 1870 3258; x_wconf 84' lang='lat' dir='ltr'><strong>quicumque</strong></span> <span class='ocrx_word' id='word_1_971' title='bbox 1886 3214 1921 3248; x_wconf 88' lang='lat' dir='ltr'><strong><em>V</em></strong></span> <span class='ocrx_word' id='word_1_972' title='bbox 1937 3213 1943 3259; x_wconf 87' lang='grc' dir='ltr'>Ι</span> <span class='ocrx_word' id='word_1_973' title='bbox 1964 3214 2098 3255; x_wconf 84' lang='lat' dir='ltr'><strong>nostris]</strong></span> <span class='ocrx_word' id='word_1_974' title='bbox 2119 3213 2242 3247; x_wconf 80' lang='lat' dir='ltr'><strong>nostris</strong></span> <span class='ocrx_word' id='word_1_975' title='bbox 2261 3211 2427 3246; x_wconf 82' lang='lat' dir='ltr'><strong>iudicibus</strong></span> <span class='ocrx_word' id='word_1_976' title='bbox 2442 3211 2520 3253; x_wconf 68' lang='lat' dir='ltr'><strong>13⁶ss</strong></span> 
     </span>
     <span class='ocr_line' id='line_1_67' title="bbox 302 3255 2520 3308; baseline -0.005 -9"><span class='ocrx_word' id='word_1_977' title='bbox 302 3266 351 3299; x_wconf 75' lang='lat' dir='ltr'><strong>L‘·</strong></span> <span class='ocrx_word' id='word_1_978' title='bbox 369 3265 382 3308; x_wconf 77' lang='grc' dir='ltr'><strong>ΙΙ</strong></span> <span class='ocrx_word' id='word_1_979' title='bbox 429 3267 448 3298; x_wconf 87' lang='grc'>5</span> <span class='ocrx_word' id='word_1_980' title='bbox 472 3261 569 3307; x_wconf 78' lang='grc' dir='ltr'><strong><em>ὖμεῖς</em></strong></span> <span class='ocrx_word' id='word_1_981' title='bbox 584 3263 627 3296; x_wconf 88' lang='grc' dir='ltr'><em>Μ</em></span> <span class='ocrx_word' id='word_1_982' title='bbox 649 3261 661 3307; x_wconf 82' lang='grc' dir='ltr'><strong>ΙΙ</strong></span> <span class='ocrx_word' id='word_1_983' title='bbox 690 3263 731 3297; x_wconf 83' lang='grc'><strong>26</strong></span> <span class='ocrx_word' id='word_1_984' title='bbox 750 3259 800 3306; x_wconf 82' lang='grc' dir='ltr'><strong>μὴ</strong></span> <span class='ocrx_word' id='word_1_985' title='bbox 824 3262 958 3304; x_wconf 69' lang='lat' dir='ltr'><em>LB(5)]</em></span> <span class='ocrx_word' id='word_1_986' title='bbox 982 3259 1072 3304; x_wconf 77' lang='grc' dir='ltr'><strong><em>μὴδε</em></strong></span> <span class='ocrx_word' id='word_1_987' title='bbox 1084 3261 1131 3295; x_wconf 84' lang='grc' dir='ltr'><em>Μ</em></span> <span class='ocrx_word' id='word_1_988' title='bbox 1146 3257 1237 3304; x_wconf 73' lang='grc' dir='ltr'><strong>μηδᾶ</strong></span> <span class='ocrx_word' id='word_1_989' title='bbox 1257 3261 1341 3304; x_wconf 75' lang='lat' dir='ltr'><strong>vulq.</strong></span> <span class='ocrx_word' id='word_1_990' title='bbox 1365 3258 1377 3304; x_wconf 83' lang='grc' dir='ltr'><strong>ΙΙ</strong></span> <span class='ocrx_word' id='word_1_991' title='bbox 1444 3261 1561 3304; x_wconf 80' lang='lat' dir='ltr'><strong>septris</strong></span> <span class='ocrx_word' id='word_1_992' title='bbox 1572 3261 1655 3300; x_wconf 65' lang='lat'><strong>3⁰2¹</strong></span> <span class='ocrx_word' id='word_1_993' title='bbox 1673 3259 1687 3306; x_wconf 66' lang='lat' dir='ltr'>ss</span> <span class='ocrx_word' id='word_1_994' title='bbox 1706 3261 1746 3296; x_wconf 81' lang='lat'><strong>17</strong></span> <span class='ocrx_word' id='word_1_995' title='bbox 1759 3260 1796 3293; x_wconf 88' lang='lat' dir='ltr'><strong>in</strong></span> <span class='ocrx_word' id='word_1_996' title='bbox 1809 3272 1867 3294; x_wconf 89' lang='lat' dir='ltr'><strong>om.</strong></span> <span class='ocrx_word' id='word_1_997' title='bbox 1883 3259 1909 3294; x_wconf 82' lang='lat' dir='ltr'><strong>t¹</strong></span> <span class='ocrx_word' id='word_1_998' title='bbox 1956 3269 2041 3301; x_wconf 79' lang='lat' dir='ltr'><strong>quae</strong></span> <span class='ocrx_word' id='word_1_999' title='bbox 2054 3260 2086 3292; x_wconf 82' lang='lat' dir='ltr'><strong>et</strong></span> <span class='ocrx_word' id='word_1_1000' title='bbox 2098 3259 2141 3302; x_wconf 85' lang='lat' dir='ltr'><strong>R,</strong></span> <span class='ocrx_word' id='word_1_1001' title='bbox 2159 3261 2192 3292; x_wconf 82' lang='lat' dir='ltr'><strong>et</strong></span> <span class='ocrx_word' id='word_1_1002' title='bbox 2204 3271 2261 3292; x_wconf 87' lang='lat' dir='ltr'><strong>om.</strong></span> <span class='ocrx_word' id='word_1_1003' title='bbox 2273 3256 2312 3301; x_wconf 57' lang='grc' dir='ltr'><strong>τῆ</strong></span> <span class='ocrx_word' id='word_1_1004' title='bbox 2331 3257 2371 3290; x_wconf 90' lang='grc'><strong>18</strong></span> <span class='ocrx_word' id='word_1_1005' title='bbox 2383 3255 2452 3289; x_wconf 68' lang='lat' dir='ltr'><strong>sol·</strong></span> <span class='ocrx_word' id='word_1_1006' title='bbox 2469 3256 2495 3289; x_wconf 73' lang='lat'><strong>1¹</strong></span> <span class='ocrx_word' id='word_1_1007' title='bbox 2507 3255 2520 3297; x_wconf 83' lang='grc' dir='ltr'><strong>ΙΙ</strong></span> 
     </span>
     <span class='ocr_line' id='line_1_68' title="bbox 300 3300 2526 3400; baseline -0.006 -9"><span class='ocrx_word' id='word_1_1008' title='bbox 300 3306 474 3400; x_wconf 51' lang='lat' dir='ltr'><strong>{effe</strong></span> <span class='ocrx_word' id='word_1_1009' title='bbox 489 3321 572 3388; x_wconf 65' lang='lat' dir='ltr'><strong>‚er</strong></span> <span class='ocrx_word' id='word_1_1010' title='bbox 598 3301 1378 3395; x_wconf 32' lang='lat' dir='ltr'><strong>&amp;musicamne</strong></span> <span class='ocrx_word' id='word_1_1011' title='bbox 1444 3304 1971 3395; x_wconf 47' lang='lat' dir='ltr'><strong>genuineness,</strong></span> <span class='ocrx_word' id='word_1_1012' title='bbox 1988 3304 2161 3392; x_wconf 54' lang='lat' dir='ltr'><strong>eise</strong></span> <span class='ocrx_word' id='word_1_1013' title='bbox 2181 3302 2401 3390; x_wconf 47' lang='lat' dir='ltr'><strong>ziz-,m</strong></span> <span class='ocrx_word' id='word_1_1014' title='bbox 2359 3300 2526 3390; x_wconf 44' lang='grc' dir='ltr'><strong><em>ἰι-εει</em></strong></span> 
     </span>
     <span class='ocr_line' id='line_1_69' title="bbox 301 3365 2516 3443; baseline -0.005 -8"><span class='ocrx_word' id='word_1_1015' title='bbox 301 3403 336 3443; x_wconf 84' lang='lat' dir='ltr'><strong>(i.</strong></span> <span class='ocrx_word' id='word_1_1016' title='bbox 351 3414 377 3435; x_wconf 86' lang='lat' dir='ltr'><strong>e.</strong></span> <span class='ocrx_word' id='word_1_1017' title='bbox 397 3397 542 3443; x_wconf 85' lang='grc' dir='ltr'><strong><em>πλημμε</em></strong></span> <span class='ocrx_word' id='word_1_1018' title='bbox 561 3365 642 3439; x_wconf 48' lang='lat' dir='ltr'><strong>piel}</strong></span> <span class='ocrx_word' id='word_1_1019' title='bbox 651 3397 680 3440; x_wconf 62' lang='lat' dir='ltr'><strong>i)</strong></span> <span class='ocrx_word' id='word_1_1020' title='bbox 701 3410 720 3434; x_wconf 77' lang='grc' dir='ltr'><em>ς</em></span> <span class='ocrx_word' id='word_1_1021' title='bbox 736 3397 750 3441; x_wconf 83' lang='lat' dir='ltr'>ss</span> <span class='ocrx_word' id='word_1_1022' title='bbox 766 3393 811 3431; x_wconf 79' lang='grc' dir='ltr'><strong>ἂν</strong></span> <span class='ocrx_word' id='word_1_1023' title='bbox 832 3398 951 3431; x_wconf 83' lang='lat' dir='ltr'><strong>addidi</strong></span> <span class='ocrx_word' id='word_1_1024' title='bbox 969 3398 982 3440; x_wconf 83' lang='lat'><strong>1]</strong></span> <span class='ocrx_word' id='word_1_1025' title='bbox 1008 3398 1052 3431; x_wconf 81' lang='lat'><strong>32</strong></span> <span class='ocrx_word' id='word_1_1026' title='bbox 1075 3398 1213 3443; x_wconf 82' lang='grc' dir='ltr'><strong><em>γίνοιτο</em></strong></span> <span class='ocrx_word' id='word_1_1027' title='bbox 1229 3395 1310 3440; x_wconf 69' lang='lat' dir='ltr'><strong>Lafl</strong></span> <span class='ocrx_word' id='word_1_1028' title='bbox 1334 3394 1376 3437; x_wconf 82' lang='grc' dir='ltr'><strong>εἰ]</strong></span> <span class='ocrx_word' id='word_1_1029' title='bbox 1445 3396 1487 3429; x_wconf 82' lang='grc'><strong>22</strong></span> <span class='ocrx_word' id='word_1_1030' title='bbox 1509 3395 1563 3430; x_wconf 92' lang='lat' dir='ltr'><strong>uel</strong></span> <span class='ocrx_word' id='word_1_1031' title='bbox 1588 3396 1628 3429; x_wconf 91' lang='lat' dir='ltr'><strong>de</strong></span> <span class='ocrx_word' id='word_1_1032' title='bbox 1648 3396 1695 3439; x_wconf 81' lang='lat' dir='ltr'><strong>V]</strong></span> <span class='ocrx_word' id='word_1_1033' title='bbox 1728 3395 1782 3429; x_wconf 88' lang='lat' dir='ltr'><strong>uel</strong></span> <span class='ocrx_word' id='word_1_1034' title='bbox 1807 3402 1820 3430; x_wconf 81' lang='lat' dir='ltr'><strong>t</strong></span> <span class='ocrx_word' id='word_1_1035' title='bbox 1848 3397 1907 3429; x_wconf 75' lang='lat' dir='ltr'><strong>aut</strong></span> <span class='ocrx_word' id='word_1_1036' title='bbox 1928 3395 1963 3429; x_wconf 81' lang='lat' dir='ltr'><strong><em>R</em></strong></span> <span class='ocrx_word' id='word_1_1037' title='bbox 2029 3395 2071 3429; x_wconf 83' lang='lat'><strong>23</strong></span> <span class='ocrx_word' id='word_1_1038' title='bbox 2095 3394 2169 3427; x_wconf 84' lang='lat' dir='ltr'><strong>iure</strong></span> <span class='ocrx_word' id='word_1_1039' title='bbox 2193 3393 2225 3426; x_wconf 81' lang='lat' dir='ltr'><strong><em>R</em></strong></span> <span class='ocrx_word' id='word_1_1040' title='bbox 2237 3392 2263 3426; x_wconf 74' lang='grc' dir='ltr'><strong>ι’</strong></span> <span class='ocrx_word' id='word_1_1041' title='bbox 2285 3391 2298 3434; x_wconf 74' lang='lat' dir='ltr'>fl</span> <span class='ocrx_word' id='word_1_1042' title='bbox 2328 3391 2372 3424; x_wconf 83' lang='lat'><strong>24</strong></span> <span class='ocrx_word' id='word_1_1043' title='bbox 2393 3392 2516 3431; x_wconf 80' lang='lat' dir='ltr'><strong>tamen]</strong></span> 
     </span>
     <span class='ocr_line' id='line_1_70' title="bbox 302 3435 2517 3488; baseline -0.006 -8"><span class='ocrx_word' id='word_1_1044' title='bbox 302 3445 400 3488; x_wconf 86' lang='lat' dir='ltr'><strong>quale</strong></span> <span class='ocrx_word' id='word_1_1045' title='bbox 424 3447 471 3479; x_wconf 88' lang='lat' dir='ltr'><strong>est</strong></span> <span class='ocrx_word' id='word_1_1046' title='bbox 494 3444 523 3478; x_wconf 85' lang='lat' dir='ltr'><strong>si</strong></span> <span class='ocrx_word' id='word_1_1047' title='bbox 546 3456 566 3481; x_wconf 81' lang='grc' dir='ltr'><strong><em>ς</em></strong></span> <span class='ocrx_word' id='word_1_1048' title='bbox 580 3442 593 3488; x_wconf 85' lang='grc' dir='ltr'><strong>ΙΙ</strong></span> <span class='ocrx_word' id='word_1_1049' title='bbox 611 3443 654 3477; x_wconf 87' lang='grc'><strong>33</strong></span> <span class='ocrx_word' id='word_1_1050' title='bbox 672 3439 843 3487; x_wconf 76' lang='grc' dir='ltr'><strong><em>ἀναμένει</em></strong></span> <span class='ocrx_word' id='word_1_1051' title='bbox 859 3443 898 3476; x_wconf 87' lang='grc' dir='ltr'><em>Μ</em></span> <span class='ocrx_word' id='word_1_1052' title='bbox 912 3442 927 3486; x_wconf 81' lang='grc' dir='ltr'>Ι</span> <span class='ocrx_word' id='word_1_1053' title='bbox 943 3443 986 3476; x_wconf 83' lang='grc'><strong>35</strong></span> <span class='ocrx_word' id='word_1_1054' title='bbox 1007 3443 1035 3476; x_wconf 87' lang='lat' dir='ltr'><strong>le</strong></span> <span class='ocrx_word' id='word_1_1055' title='bbox 1060 3467 1068 3476; x_wconf 88' lang='lat'><strong>.</strong></span> <span class='ocrx_word' id='word_1_1056' title='bbox 1080 3439 1164 3475; x_wconf 76' lang='grc' dir='ltr'><strong><em>οὔτε</em></strong></span> <span class='ocrx_word' id='word_1_1057' title='bbox 1179 3461 1223 3468; x_wconf 88' lang='grc'><strong>-</strong></span> <span class='ocrx_word' id='word_1_1058' title='bbox 1239 3438 1347 3475; x_wconf 80' lang='grc' dir='ltr'><strong><em>οὔτεῖ</em></strong></span> <span class='ocrx_word' id='word_1_1059' title='bbox 1364 3439 1377 3486; x_wconf 77' lang='grc' dir='ltr'><strong>ΙΙ</strong></span> <span class='ocrx_word' id='word_1_1060' title='bbox 1435 3442 1577 3475; x_wconf 57' lang='lat' dir='ltr'><strong>xantum</strong></span> <span class='ocrx_word' id='word_1_1061' title='bbox 1602 3441 1628 3475; x_wconf 63' lang='grc' dir='ltr'><strong>τί</strong></span> <span class='ocrx_word' id='word_1_1062' title='bbox 1682 3442 1725 3477; x_wconf 87' lang='grc'><strong>25</strong></span> <span class='ocrx_word' id='word_1_1063' title='bbox 1743 3440 1843 3474; x_wconf 84' lang='lat' dir='ltr'><strong>sicuti</strong></span> <span class='ocrx_word' id='word_1_1064' title='bbox 1859 3440 1894 3474; x_wconf 87' lang='lat' dir='ltr'><strong><em>R</em></strong></span> <span class='ocrx_word' id='word_1_1065' title='bbox 1911 3439 1925 3486; x_wconf 73' lang='lat' dir='ltr'>fl</span> <span class='ocrx_word' id='word_1_1066' title='bbox 1948 3443 1980 3473; x_wconf 85' lang='lat' dir='ltr'><strong>et</strong></span> <span class='ocrx_word' id='word_1_1067' title='bbox 2004 3452 2062 3474; x_wconf 79' lang='lat' dir='ltr'><strong>om.</strong></span> <span class='ocrx_word' id='word_1_1068' title='bbox 2078 3438 2135 3482; x_wconf 75' lang='lat' dir='ltr'><strong>Vn</strong></span> <span class='ocrx_word' id='word_1_1069' title='bbox 2150 3439 2193 3472; x_wconf 83' lang='lat'><strong>26</strong></span> <span class='ocrx_word' id='word_1_1070' title='bbox 2205 3445 2271 3470; x_wconf 87' lang='lat' dir='ltr'><strong>non</strong></span> <span class='ocrx_word' id='word_1_1071' title='bbox 2287 3438 2448 3478; x_wconf 81' lang='lat' dir='ltr'><strong>quaerant</strong></span> <span class='ocrx_word' id='word_1_1072' title='bbox 2469 3435 2517 3469; x_wconf 87' lang='lat' dir='ltr'><strong>V¹</strong></span> 
     </span>
     <span class='ocr_line' id='line_1_71' title="bbox 303 3479 2516 3535; baseline -0.004 -11"><span class='ocrx_word' id='word_1_1073' title='bbox 303 3492 345 3525; x_wconf 83' lang='grc'><strong>36</strong></span> <span class='ocrx_word' id='word_1_1074' title='bbox 369 3488 391 3534; x_wconf 86' lang='grc' dir='ltr'>ἢ</span> <span class='ocrx_word' id='word_1_1075' title='bbox 414 3487 485 3532; x_wconf 84' lang='grc' dir='ltr'><strong><em>διὰ]</em></strong></span> <span class='ocrx_word' id='word_1_1076' title='bbox 507 3485 529 3532; x_wconf 85' lang='grc' dir='ltr'><strong><em>ἢ</em></strong></span> <span class='ocrx_word' id='word_1_1077' title='bbox 552 3485 612 3523; x_wconf 81' lang='grc' dir='ltr'><strong>διά</strong></span> <span class='ocrx_word' id='word_1_1078' title='bbox 634 3488 724 3535; x_wconf 85' lang='grc' dir='ltr'><strong>γεΒ</strong></span> <span class='ocrx_word' id='word_1_1079' title='bbox 747 3488 759 3531; x_wconf 87' lang='grc' dir='ltr'><strong>ΙΙ</strong></span> <span class='ocrx_word' id='word_1_1080' title='bbox 785 3489 825 3522; x_wconf 82' lang='lat'><strong>37</strong></span> <span class='ocrx_word' id='word_1_1081' title='bbox 853 3486 962 3522; x_wconf 78' lang='grc' dir='ltr'><strong>αῦτοῦ</strong></span> <span class='ocrx_word' id='word_1_1082' title='bbox 986 3487 1018 3522; x_wconf 89' lang='lat' dir='ltr'><em>L</em></span> <span class='ocrx_word' id='word_1_1083' title='bbox 1445 3489 1612 3528; x_wconf 81' lang='lat' dir='ltr'><strong>nequeant</strong></span> <span class='ocrx_word' id='word_1_1084' title='bbox 1666 3485 1708 3531; x_wconf 72' lang='lat' dir='ltr'><strong>⁸ss</strong></span> <span class='ocrx_word' id='word_1_1085' title='bbox 1736 3486 1777 3520; x_wconf 83' lang='lat'><strong>27</strong></span> <span class='ocrx_word' id='word_1_1086' title='bbox 1803 3486 1907 3528; x_wconf 84' lang='lat' dir='ltr'><strong>magis</strong></span> <span class='ocrx_word' id='word_1_1087' title='bbox 1927 3484 2008 3529; x_wconf 60' lang='lat'><strong>17²!</strong></span> <span class='ocrx_word' id='word_1_1088' title='bbox 2030 3484 2099 3519; x_wconf 78' lang='lat' dir='ltr'><strong>sint</strong></span> <span class='ocrx_word' id='word_1_1089' title='bbox 2119 3482 2237 3532; x_wconf 52' lang='lat' dir='ltr'><strong>seclusi</strong></span> <span class='ocrx_word' id='word_1_1090' title='bbox 2258 3479 2272 3525; x_wconf 77' lang='grc' dir='ltr'><strong>ΙΙ</strong></span> <span class='ocrx_word' id='word_1_1091' title='bbox 2295 3481 2338 3515; x_wconf 83' lang='grc'><strong>28</strong></span> <span class='ocrx_word' id='word_1_1092' title='bbox 2362 3481 2516 3515; x_wconf 88' lang='lat' dir='ltr'><strong>omnibus</strong></span> 
     </span>
     <span class='ocr_line' id='line_1_72' title="bbox 307 3525 2517 3575; baseline -0.005 -4"><span class='ocrx_word' id='word_1_1093' title='bbox 307 3551 1091 3559; x_wconf 77' lang='lat'>-—-——-———-—-————</span> <span class='ocrx_word' id='word_1_1094' title='bbox 1444 3532 1549 3565; x_wconf 86' lang='lat' dir='ltr'><strong>modis</strong></span> <span class='ocrx_word' id='word_1_1095' title='bbox 1565 3534 1696 3575; x_wconf 87' lang='lat' dir='ltr'><strong>oportet</strong></span> <span class='ocrx_word' id='word_1_1096' title='bbox 1712 3531 1746 3565; x_wconf 89' lang='lat' dir='ltr'><em>V</em></span> <span class='ocrx_word' id='word_1_1097' title='bbox 1756 3530 1769 3575; x_wconf 83' lang='grc' dir='ltr'><strong>ΙΙ</strong></span> <span class='ocrx_word' id='word_1_1098' title='bbox 1785 3541 1884 3575; x_wconf 81' lang='lat' dir='ltr'><strong>super</strong></span> <span class='ocrx_word' id='word_1_1099' title='bbox 1900 3531 1947 3564; x_wconf 84' lang='lat' dir='ltr'><strong>eis</strong></span> <span class='ocrx_word' id='word_1_1100' title='bbox 1963 3531 2008 3571; x_wconf 84' lang='lat' dir='ltr'><strong>et]</strong></span> <span class='ocrx_word' id='word_1_1101' title='bbox 2028 3532 2062 3563; x_wconf 86' lang='lat' dir='ltr'><strong>et</strong></span> <span class='ocrx_word' id='word_1_1102' title='bbox 2074 3537 2172 3572; x_wconf 80' lang='lat' dir='ltr'><strong>super</strong></span> <span class='ocrx_word' id='word_1_1103' title='bbox 2186 3526 2237 3559; x_wconf 76' lang='lat' dir='ltr'><strong>hu</strong></span> <span class='ocrx_word' id='word_1_1104' title='bbox 2254 3533 2266 3560; x_wconf 78' lang='lat' dir='ltr'><strong>t</strong></span> <span class='ocrx_word' id='word_1_1105' title='bbox 2281 3525 2294 3569; x_wconf 82' lang='grc' dir='ltr'><strong>ΙΙ</strong></span> <span class='ocrx_word' id='word_1_1106' title='bbox 2312 3526 2354 3560; x_wconf 82' lang='grc'><strong>29</strong></span> <span class='ocrx_word' id='word_1_1107' title='bbox 2369 3537 2449 3570; x_wconf 87' lang='lat' dir='ltr'><strong>opos</strong></span> <span class='ocrx_word' id='word_1_1108' title='bbox 2466 3525 2517 3572; x_wconf 74' lang='lat' dir='ltr'><strong>1¹ss</strong></span> 
     </span>
    </p>
   </div>
   <div class='ocr_carea' id='block_1_11' title="bbox 1097 3549 1376 3557">
    <p class='ocr_par' dir='ltr' id='par_1_13' title="bbox 1097 3549 1376 3557">
     <span class='ocr_line' id='line_1_73' title="bbox 1097 3549 1376 3557; baseline 0 453"><span class='ocrx_word' id='word_1_1109' title='bbox 1097 3549 1376 3557; x_wconf 95' lang='lat' dir='ltr'><strong> </strong></span> 
     </span>
    </p>
   </div>
   <div class='ocr_carea' id='block_1_12' title="bbox 304 3571 2515 3715">
    <p class='ocr_par' dir='ltr' id='par_1_14' title="bbox 304 3571 2515 3715">
     <span class='ocr_line' id='line_1_74' title="bbox 362 3571 2515 3666; baseline -0.005 -52"><span class='ocrx_word' id='word_1_1110' title='bbox 362 3583 377 3614; x_wconf 84' lang='lat'>1</span> <span class='ocrx_word' id='word_1_1111' title='bbox 403 3583 437 3632; x_wconf 72' lang='lat' dir='ltr'><strong>et</strong></span> <span class='ocrx_word' id='word_1_1112' title='bbox 458 3581 540 3614; x_wconf 84' lang='lat' dir='ltr'><strong>haec</strong></span> <span class='ocrx_word' id='word_1_1113' title='bbox 563 3578 720 3630; x_wconf 46' lang='lat' dir='ltr'><strong>homines·</strong></span> <span class='ocrx_word' id='word_1_1114' title='bbox 742 3577 775 3612; x_wconf 89' lang='lat' dir='ltr'><strong><em>V</em></strong></span> <span class='ocrx_word' id='word_1_1115' title='bbox 793 3578 827 3612; x_wconf 84' lang='lat' dir='ltr'><strong>in</strong></span> <span class='ocrx_word' id='word_1_1116' title='bbox 851 3589 917 3611; x_wconf 75' lang='lat' dir='ltr'><strong>roe.</strong></span> <span class='ocrx_word' id='word_1_1117' title='bbox 946 3576 960 3621; x_wconf 81' lang='grc' dir='ltr'><strong>ΙΙ</strong></span> <span class='ocrx_word' id='word_1_1118' title='bbox 986 3579 1147 3621; x_wconf 83' lang='lat' dir='ltr'><strong>perpetua</strong></span> <span class='ocrx_word' id='word_1_1119' title='bbox 1171 3578 1297 3618; x_wconf 76' lang='lat' dir='ltr'><strong>uirtute</strong></span> <span class='ocrx_word' id='word_1_1120' title='bbox 1321 3583 1333 3610; x_wconf 80' lang='lat' dir='ltr'><strong>t</strong></span> <span class='ocrx_word' id='word_1_1121' title='bbox 1364 3575 1378 3666; x_wconf 60' lang='grc' dir='ltr'><strong>Η</strong></span> <span class='ocrx_word' id='word_1_1122' title='bbox 1445 3579 1478 3610; x_wconf 90' lang='lat' dir='ltr'><strong>et</strong></span> <span class='ocrx_word' id='word_1_1123' title='bbox 1502 3577 1620 3611; x_wconf 83' lang='lat' dir='ltr'><strong>om.V⁸</strong></span> <span class='ocrx_word' id='word_1_1124' title='bbox 1630 3575 1649 3643; x_wconf 60' lang='grc' dir='ltr'><strong><em>μ</em></strong></span> <span class='ocrx_word' id='word_1_1125' title='bbox 1668 3578 1706 3611; x_wconf 92' lang='grc'>31</span> <span class='ocrx_word' id='word_1_1126' title='bbox 1731 3577 1800 3610; x_wconf 85' lang='lat' dir='ltr'><strong>sive</strong></span> <span class='ocrx_word' id='word_1_1127' title='bbox 1820 3575 1942 3629; x_wconf 58' lang='lat' dir='ltr'><strong>insius]</strong></span> <span class='ocrx_word' id='word_1_1128' title='bbox 1965 3574 2035 3611; x_wconf 74' lang='lat' dir='ltr'><strong>sive</strong></span> <span class='ocrx_word' id='word_1_1129' title='bbox 2053 3573 2114 3607; x_wconf 75' lang='lat' dir='ltr'><strong>del.</strong></span> <span class='ocrx_word' id='word_1_1130' title='bbox 2131 3571 2224 3605; x_wconf 83' lang='lat' dir='ltr'><strong>Beck</strong></span> <span class='ocrx_word' id='word_1_1131' title='bbox 2269 3572 2312 3605; x_wconf 85' lang='lat'><strong>32</strong></span> <span class='ocrx_word' id='word_1_1132' title='bbox 2337 3571 2371 3603; x_wconf 89' lang='lat' dir='ltr'><strong>in</strong></span> <span class='ocrx_word' id='word_1_1133' title='bbox 2393 3573 2515 3614; x_wconf 78' lang='lat' dir='ltr'><strong>parvis]</strong></span> 
     </span>
     <span class='ocr_line' id='line_1_75' title="bbox 305 3616 2515 3668; baseline -0.004 -11"><span class='ocrx_word' id='word_1_1134' title='bbox 305 3624 325 3657; x_wconf 87' lang='lat'><em>2</em></span> <span class='ocrx_word' id='word_1_1135' title='bbox 348 3625 554 3659; x_wconf 76' lang='lat' dir='ltr'><strong>habitaturos</strong></span> <span class='ocrx_word' id='word_1_1136' title='bbox 577 3635 611 3658; x_wconf 83' lang='lat' dir='ltr'><strong>se</strong></span> <span class='ocrx_word' id='word_1_1137' title='bbox 632 3622 839 3657; x_wconf 80' lang='lat' dir='ltr'><strong>considentes</strong></span> <span class='ocrx_word' id='word_1_1138' title='bbox 859 3622 888 3656; x_wconf 66' lang='grc' dir='ltr'><strong>ε’</strong></span> <span class='ocrx_word' id='word_1_1139' title='bbox 909 3621 931 3666; x_wconf 75' lang='grc' dir='ltr'><strong>ἹΙ</strong></span> <span class='ocrx_word' id='word_1_1140' title='bbox 960 3623 980 3656; x_wconf 91' lang='grc'><strong>3</strong></span> <span class='ocrx_word' id='word_1_1141' title='bbox 1003 3622 1121 3665; x_wconf 86' lang='lat' dir='ltr'><strong>multa]</strong></span> <span class='ocrx_word' id='word_1_1142' title='bbox 1152 3621 1248 3657; x_wconf 75' lang='lat' dir='ltr'><strong>milia</strong></span> <span class='ocrx_word' id='word_1_1143' title='bbox 1268 3620 1341 3655; x_wconf 73' lang='lat'><strong>121¹</strong></span> <span class='ocrx_word' id='word_1_1144' title='bbox 1443 3632 1568 3664; x_wconf 70' lang='lat' dir='ltr'><strong>paruus</strong></span> <span class='ocrx_word' id='word_1_1145' title='bbox 1592 3623 1625 3655; x_wconf 87' lang='lat' dir='ltr'><em>R</em></span> <span class='ocrx_word' id='word_1_1146' title='bbox 1655 3621 1669 3668; x_wconf 79' lang='grc' dir='ltr'><strong>ΙΙ</strong></span> <span class='ocrx_word' id='word_1_1147' title='bbox 1696 3622 1738 3656; x_wconf 87' lang='grc'><strong>33</strong></span> <span class='ocrx_word' id='word_1_1148' title='bbox 1761 3623 1910 3665; x_wconf 72' lang='lat' dir='ltr'><strong>patiatur</strong></span> <span class='ocrx_word' id='word_1_1149' title='bbox 1932 3619 1982 3653; x_wconf 69' lang='grc' dir='ltr'><strong>Β*</strong></span> <span class='ocrx_word' id='word_1_1150' title='bbox 1996 3619 2021 3653; x_wconf 74' lang='lat'><strong>1¹</strong></span> <span class='ocrx_word' id='word_1_1151' title='bbox 2066 3616 2134 3657; x_wconf 78' lang='lat' dir='ltr'><strong>sed]</strong></span> <span class='ocrx_word' id='word_1_1152' title='bbox 2160 3619 2213 3649; x_wconf 72' lang='lat' dir='ltr'><strong>*et</strong></span> <span class='ocrx_word' id='word_1_1153' title='bbox 2269 3617 2314 3660; x_wconf 72' lang='lat' dir='ltr'><strong>“fl</strong></span> <span class='ocrx_word' id='word_1_1154' title='bbox 2342 3618 2384 3652; x_wconf 83' lang='lat'><strong>35</strong></span> <span class='ocrx_word' id='word_1_1155' title='bbox 2405 3618 2515 3658; x_wconf 88' lang='lat' dir='ltr'><strong>quem]</strong></span> 
     </span>
     <span class='ocr_line' id='line_1_76' title="bbox 304 3661 2515 3715; baseline -0.004 -12"><span class='ocrx_word' id='word_1_1156' title='bbox 304 3668 510 3711; x_wconf 84' lang='lat' dir='ltr'><strong>miliesRV]</strong></span> <span class='ocrx_word' id='word_1_1157' title='bbox 533 3669 628 3703; x_wconf 87' lang='lat' dir='ltr'><strong>milia</strong></span> <span class='ocrx_word' id='word_1_1158' title='bbox 650 3669 759 3715; x_wconf 72' lang='lat' dir='ltr'><strong>tvulq.</strong></span> <span class='ocrx_word' id='word_1_1159' title='bbox 806 3668 828 3703; x_wconf 75' lang='lat'>4</span> <span class='ocrx_word' id='word_1_1160' title='bbox 852 3669 885 3701; x_wconf 81' lang='lat' dir='ltr'><strong>et</strong></span> <span class='ocrx_word' id='word_1_1161' title='bbox 907 3677 1015 3711; x_wconf 86' lang='lat' dir='ltr'><strong>nuper</strong></span> <span class='ocrx_word' id='word_1_1162' title='bbox 1037 3669 1127 3701; x_wconf 84' lang='lat' dir='ltr'><strong>sonis</strong></span> <span class='ocrx_word' id='word_1_1163' title='bbox 1151 3668 1176 3702; x_wconf 75' lang='lat'><strong>1¹</strong></span> <span class='ocrx_word' id='word_1_1164' title='bbox 1220 3667 1374 3700; x_wconf 86' lang='lat' dir='ltr'><strong>innume·</strong></span> <span class='ocrx_word' id='word_1_1165' title='bbox 1443 3667 1484 3700; x_wconf 84' lang='lat' dir='ltr'><strong>al.</strong></span> <span class='ocrx_word' id='word_1_1166' title='bbox 1512 3668 1569 3709; x_wconf 93' lang='lat' dir='ltr'><strong>qui</strong></span> <span class='ocrx_word' id='word_1_1167' title='bbox 1592 3681 1618 3700; x_wconf 80' lang='lat' dir='ltr'><strong>s.</strong></span> <span class='ocrx_word' id='word_1_1168' title='bbox 1632 3681 1661 3702; x_wconf 87' lang='lat' dir='ltr'><strong>v.</strong></span> <span class='ocrx_word' id='word_1_1169' title='bbox 1675 3666 1752 3711; x_wconf 74' lang='lat' dir='ltr'><strong>R²n</strong></span> <span class='ocrx_word' id='word_1_1170' title='bbox 1769 3665 1971 3709; x_wconf 78' lang='lat' dir='ltr'><strong>prouintinm</strong></span> <span class='ocrx_word' id='word_1_1171' title='bbox 1991 3663 2025 3696; x_wconf 82' lang='lat' dir='ltr'><strong><em>R</em></strong></span> <span class='ocrx_word' id='word_1_1172' title='bbox 2079 3663 2121 3696; x_wconf 84' lang='lat'><strong>36</strong></span> <span class='ocrx_word' id='word_1_1173' title='bbox 2146 3661 2255 3693; x_wconf 80' lang='lat' dir='ltr'><strong>forsan</strong></span> <span class='ocrx_word' id='word_1_1174' title='bbox 2282 3675 2338 3695; x_wconf 89' lang='lat' dir='ltr'><strong>om.</strong></span> <span class='ocrx_word' id='word_1_1175' title='bbox 2355 3662 2400 3695; x_wconf 80' lang='lat' dir='ltr'><strong>R·</strong></span> <span class='ocrx_word' id='word_1_1176' title='bbox 2419 3662 2432 3707; x_wconf 70' lang='lat' dir='ltr'><strong>u</strong></span> <span class='ocrx_word' id='word_1_1177' title='bbox 2456 3665 2515 3695; x_wconf 76' lang='lat' dir='ltr'><strong>aut</strong></span> 
     </span>
    </p>
   </div>
   <div class='ocr_carea' id='block_1_13' title="bbox 307 3710 1853 3757">
    <p class='ocr_par' dir='ltr' id='par_1_15' title="bbox 307 3710 1853 3757">
     <span class='ocr_line' id='line_1_77' title="bbox 307 3710 1853 3757; baseline -0.001 -12"><span class='ocrx_word' id='word_1_1178' title='bbox 307 3713 467 3746; x_wconf 84' lang='lat' dir='ltr'><strong>rabilibus</strong></span> <span class='ocrx_word' id='word_1_1179' title='bbox 481 3715 567 3755; x_wconf 78' lang='lat' dir='ltr'><strong>libri,</strong></span> <span class='ocrx_word' id='word_1_1180' title='bbox 580 3726 660 3749; x_wconf 80' lang='lat' dir='ltr'><strong>corr.</strong></span> <span class='ocrx_word' id='word_1_1181' title='bbox 670 3714 757 3757; x_wconf 70' lang='lat' dir='ltr'><strong>only.</strong></span> <span class='ocrx_word' id='word_1_1182' title='bbox 805 3723 844 3746; x_wconf 85' lang='lat' dir='ltr'><strong>ex</strong></span> <span class='ocrx_word' id='word_1_1183' title='bbox 857 3713 1086 3756; x_wconf 76' lang='lat' dir='ltr'><strong>inpotentibus</strong></span> <span class='ocrx_word' id='word_1_1184' title='bbox 1103 3712 1179 3747; x_wconf 72' lang='lat' dir='ltr'><strong>1⁷⁸ae</strong></span> <span class='ocrx_word' id='word_1_1185' title='bbox 1224 3713 1244 3747; x_wconf 77' lang='grc' dir='ltr'><strong><em>δ</em></strong></span> <span class='ocrx_word' id='word_1_1186' title='bbox 1259 3710 1374 3745; x_wconf 78' lang='lat' dir='ltr'><strong>diuiti·</strong></span> <span class='ocrx_word' id='word_1_1187' title='bbox 1442 3716 1576 3755; x_wconf 81' lang='lat' dir='ltr'><strong>propter</strong></span> <span class='ocrx_word' id='word_1_1188' title='bbox 1594 3711 1817 3745; x_wconf 68' lang='lat' dir='ltr'><strong>infimitatem</strong></span> <span class='ocrx_word' id='word_1_1189' title='bbox 1840 3717 1853 3744; x_wconf 83' lang='lat' dir='ltr'><strong>t</strong></span> 
     </span>
    </p>
   </div>
  </div>
 </body>
</html>
