2618 4010
301 139 406 180 Nov.
428 138 498 179 CV
527 139 551 177 2

299 245 482 281 παντελῶς
512 244 628 285 οὐδέν,
661 241 743 278 ἀλλ’
769 242 983 289 αὐθημερὸν
1007 247 1046 278 ἐν
1069 245 1201 288 μέθαις
1223 248 1282 278 καὶ
1305 243 1372 279 πό-

297 302 370 324 τοις
401 287 549 323 ἅπαντα
578 287 837 323 δαπανῶντας·
873 290 904 323 εἰ
932 287 973 323 δέ
994 303 1029 323 τι
1053 287 1222 324 πολλάκις
1253 288 1371 324 ἐλπίδι

297 332 436 378 κέρδους
455 335 616 377 μείζονος
645 336 704 367 καὶ
735 331 1081 378 προδαπανήσαντες
1107 335 1243 376 ἔτυχον,
1270 330 1369 368 ὕστε-

296 392 360 423 ρον
390 377 429 412 δὲ
459 376 481 421 ἠ
504 376 610 412 οὐδὲν
632 376 655 421 ἢ
679 377 834 413 ἔλαττον
857 378 1014 422 λάβοιεν,
1039 381 1099 411 καὶ
1119 380 1249 423 ζημίαν
1269 390 1370 424 προς-

296 422 527 468 οφλισκάνειν
562 426 621 457 καὶ
652 421 800 469 πληγαῖς
834 437 872 457 τε
907 427 966 457 καὶ
996 424 1178 469 τραύμασι
1209 426 1269 457 καὶ
1298 427 1371 458 τοῖς

295 468 486 514 ἐντεῦθενν
506 471 738 512 περιπίπτειν
776 471 893 502 κακοῖς
928 465 1211 514 ἀναγκάζεσθαι.
1266 468 1297 502 εἰ
1332 467 1371 503 δὲ

293 515 439 557 μέτριον
463 515 484 559 ᾐ
505 513 548 547 τὸ
574 513 806 559 ῥιπτόμενον.
838 510 879 546 οὐ
903 511 1043 559 σφόδρα
1061 512 1371 558 φιλονεικήσουσιν

294 555 377 592 οὐδὲ
401 558 442 591 τὸ
465 559 530 592 τοῦ
555 559 669 602 πόρου
694 556 958 602 προςδοκῶντες
980 557 1151 604 ἄφθονον
1181 558 1370 612 τραύματα

294 605 353 636 καὶ
384 601 523 655 πληγὰς
543 599 706 656 ἀλλήλοις
737 600 827 646 ὑπὲρ
851 606 982 647 μέτρον
1003 603 1228 646 παρέξουσιν.
1279 599 1370 637 ’.Ωςτε

1372 131 1455 179 506

2157 150 2216 180 DE
2244 124 2511 182 CONSULIBUS

1441 254 1484 279 ea
1514 244 1571 279 die
1601 245 1638 280 in
1661 245 1893 283 ebrietatibus
1916 250 1952 283 et
1974 248 2217 293 potationibus
2241 248 2359 283 omnia
2381 258 2509 292 expen-
2550 256 2552 258 ’

1439 288 1562 324 dentes
1571 301 1587 340 ς.
1612 289 1644 324 si
1666 289 1894 342 vero-forsan
1917 301 1980 337 spe
2002 293 2093 329 lucri
2116 293 2257 328 maioris
2281 292 2387 327 etiam
2409 303 2510 337 prae-

1439 334 1648 378 expendlsse
1671 335 1836 378 contigit,
1862 340 1989 380 postea
2010 347 2092 374 vero
2118 340 2181 373 aut
2201 337 2289 373 nihil
2311 341 2376 373 aut
2397 338 2512 373 minus

1439 378 1604 423 excipiat,
1629 378 1734 414 etiam
1755 379 1920 416 damnum
1937 384 1974 416 et
1991 382 2147 419 debitum
2168 382 2322 425 habebit,
2347 385 2383 417 et
2399 382 2512 427 plagis

1407 428 1425 459 5
1440 427 1476 458 et
1498 423 1702 459 vulneribus
1732 427 1770 459 et
1793 434 1837 460 ex
1860 424 1929 460 hoc
1951 426 2052 462 malis
2074 427 2255 463 incurrere
2280 438 2321 463 co
2347 428 2427 463 itur.
2475 427 2511 462 Si

1439 472 1558 503 autem
1591 468 1766 504 mediocre
1789 468 1837 503 sit
1859 469 1953 514 quod
1971 472 2167 516 spargitur,
2199 482 2265 508 nec
2289 483 2330 507 ve
2356 475 2513 508 ementer

1439 512 1655 548 contendent
1690 523 1756 548 nec
1791 518 1960 558 quaestus
1996 520 2222 561 expectantes
2258 517 2513 553 abundantiam

1438 557 1586 593 vulnera
1610 562 1645 593 et
1668 558 1793 603 plagas
1822 558 2004 595 alterutris
2027 561 2121 596 ultra
2142 572 2343 598 mensuram
2366 562 2510 597 dabunt.

1438 602 1592 647 Ideoque
1607 613 1827 639 communem
1841 603 2096 656 providentiam
2114 606 2369 643 introducimus
2385 617 2428 642 ex
2444 607 2513 642 hac

293 648 418 690 κοινὴν
454 660 632 700 προνοιαν
666 649 824 691 ιστῶμεν
859 649 897 681 ἐκ
927 646 1034 682 τοῦδε
1070 649 1133 682 τοῦ
1163 649 1275 700 νόμον
1310 651 1369 681 καὶ
1386 647 1516 692 101ege
1539 649 1576 683 et
1599 648 1777 683 communi
1800 648 2017 693 relpublicae
2044 649 2197 696 figurae,
2227 655 2401 705 quatenus
2425 656 2511 688 tem-

292 693 345 734 τῷ
370 706 480 736 κοινῳ
510 694 573 735 τῆς
597 692 777 728 πολιτείας
800 692 972 737 σχήματι,
1003 688 1104 727 ὅπως
1133 691 1180 727 ἂν
1204 706 1223 726 ο
1244 691 1370 738 χρόνος

294 739 366 779 ἔχοι
389 737 480 781 μετὰ
505 738 573 781 τὴν
596 736 784 781 βασιλείαν
815 741 873 771 καὶ
903 737 971 780 τὴν
1001 738 1064 771 τοῦ
1090 736 1231 772 ὑπάτου
1256 736 1369 780 διηνε-

293 784 362 816 κῶς
384 781 528 827 μνήμην
551 796 591 816 τε
606 786 666 816 καὶ
678 786 917 829 προςηγορίαν
940 784 979 817 έν
995 786 1068 817 τοῖς
1084 781 1243 823 ἐνδόξοις
1266 780 1370 826 ἡμῶν

293 826 440 872 ἄρχουσι
463 830 522 861 καὶ
545 830 617 862 τοῖς
641 831 679 861 έκ
702 829 771 883 τῆς,
787 827 939 874 μεγάλης
961 826 1109 881 βουλῆςζ
1140 825 1235 862 διότι
1258 829 1370 872 τιμᾶν

1438 703 1507 738 pus
1530 693 1662 728 habeat
1684 697 1767 738 post
1789 693 1973 738 imperium
2003 697 2040 728 et
2065 695 2221 732 consulis
2243 708 2359 742 iugem
2382 707 2510 732 memo-

1437 737 1526 773 riam
1554 741 1662 782 atque
1691 738 1903 774 vocabulum
1932 738 1969 774 in
1990 739 2250 784 gloriosissimis
2270 742 2399 778 nostris
2423 742 2511 777 iudi-

1438 781 1538 818 cibus
1554 787 1589 818 et
1607 782 1668 828 qui
1689 792 1733 818 ex
1753 783 1905 818 maxima
1925 784 2025 819 curia
2039 787 2134 827 sunt,
2155 795 2197 820 eo
2220 786 2314 839 quod
2337 787 2513 823 honorare

1437 828 1539 863 nobis
1568 828 1687 873 placet
1715 827 1839 872 dignos
1873 838 1944 864 non
1973 830 2210 874 expendentes
2238 841 2413 874 mmense3
2444 832 2513 878 (et)

294 873 332 913 ἐξ
345 870 475 925 αὐτῶν,
485 871 637 918 πάρεστι
653 883 734 907 τους
749 873 879 914 αξίους,
895 872 943 916 μὴ
956 871 1200 926 δαπανιρντας
1215 871 1367 918 ἄμετρα·
1385 876 1423 908 15
1437 872 1619 908 decentem
1651 872 1776 908 damus
1808 874 2084 910 consolationem
2116 878 2152 909 et
2175 878 2298 911 nostro
2321 877 2453 921 populo
2477 882 2514 912 et

293 920 502 963 πρέπουσαν
517 930 556 951 τε
572 915 720 961 δίδομεν
743 918 984 963 παραμυθίαν
1007 919 1059 960 τῷ
1081 921 1241 966 ημετέρῳ
1266 916 1368 962 δήμῳ

293 966 352 996 καὶ
377 965 447 997 τοῖς
476 961 594 997 ἄλλοις
619 959 737 997 ἅπασι
769 966 828 996 καὶ
857 966 930 997 τοῖς
950 959 1204 1017 ἆπεγνῳκόσιν
1232 961 1300 1006 ἤδη
1325 963 1367 997 τὸ

1437 918 1515 953 aliis
1548 917 1711 954 omnibus
1742 917 1828 953 licet
1851 918 2121 964 desperantibus
2144 919 2215 954 iam
2239 930 2398 963 causam,
2430 931 2512 966 pro-

1437 968 1560 1015 pterea
1584 962 1679 1008 quod
1695 963 1913 1007 superfluum
1929 968 1984 999 est
1998 964 2211 1009 auferentes,
2236 967 2277 1000 ut
2291 967 2514 1001 consulatum

293 1010 458 1054 πρᾶγμα,
490 1005 550 1064 διὰ
575 1009 683 1042 τοῦτο
712 1008 755 1041 τὸ
781 1007 953 1052 περιττὸν
976 1006 1186 1054 αφελοντες,
1218 1009 1279 1042 ἵνα
1301 1008 1370 1051 τὴν
1436 1009 1661 1043 inmortalem
1686 1008 1902 1053 reipublicae
1925 1013 2135 1046 statuamus.

292 1051 469 1088 ὑπατείαν
499 1053 693 1087 αθιίνατον
723 1054 776 1096 τῷ
809 1051 1044 1097 πολιτεύματι
1074 1053 1368 1097 καταστήσωμεν.

292 1098 317 1133 4
361 1095 589 1132 ‘moneto-9⁶0
611 1102 747 1142 τοίνυν,
771 1098 939 1142 καθάπερ
960 1098 1122 1132 εἰπόντες
1145 1098 1324 1144 ἔφθημεν,
1347 1097 1370 1141 ἡ
1383 1097 1461 1133 204
1507 1096 1697 1133 Subiaceat
1718 1098 1841 1143 igitur,
1878 1098 1984 1134 sicuti
2007 1099 2266 1143 praediximus,
2296 1103 2419 1136 nostra
2440 1099 2511 1136 dis-

293 1140 445 1187 ἡμετέρα
469 1140 692 1177 διατύπωσις
714 1141 810 1186 τῷδε
833 1141 938 1186 ἡμῶν
961 1145 1016 1186 τῷ
1039 1142 1153 1187 νόμῳ,
1177 1143 1216 1186 ἧς
1238 1142 1281 1178 τὸ
1297 1143 1369 1178 ἰσό-
1462 1142 1566 1177 ositio
1595 1142 1680 1178 huic
1709 1143 1797 1187 legi,
1830 1143 1933 1179 cuius
1964 1144 2180 1189 exemplaria
2209 1145 2447 1180 recondentur
2476 1146 2513 1180 in

292 1199 409 1222 τυπον
432 1184 663 1222 ἀποκείσεται
695 1189 735 1222 ἐν
764 1189 819 1231 τῷ
843 1186 1061 1234 δικαστηρίῳ
1093 1190 1156 1232 τῆς
1179 1190 1241 1232 σῆς
1264 1186 1369 1233 ὑπερ·
1436 1154 1514 1223 ἓοτο
1538 1190 1622 1222 tuae
1645 1187 1865 1224 celsitudinis
1888 1199 1968 1224 cum
1991 1190 2059 1225 hac
2076 1190 2164 1234 lege,
2189 1200 2293 1235 quam
2316 1190 2411 1235 apud
2435 1200 2511 1226 eam

292 1234 373 1275 οχῆς
391 1229 465 1275 ἅμα
480 1231 575 1275 τῷδε
592 1235 645 1275 τῷ
661 1233 763 1277 νόμῳ
788 1235 877 1278 πρὸς
893 1230 1007 1276 αὐτὴν
1029 1233 1367 1277 καταπεμπόμενον.
1436 1232 1638 1268 direximus.
1694 1233 1763 1269 Per
1793 1238 1953 1278 tempora
1981 1236 2100 1270 tamen
2129 1235 2398 1279 gloriosissimos
2430 1246 2512 1271 con—

299 1278 383 1312 Τοὺς
411 1281 535 1322 μέντοι
566 1278 657 1313 κατὰ
687 1278 813 1323 καιρὸν
843 1276 1095 1318 ἐνδοξοτάτους
1127 1276 1285 1313 ὑπάτους
1307 1279 1369 1313 θε-
1437 1277 1531 1313 sules
1548 1277 1727 1314 sancimus
1744 1288 1788 1314 ex
1806 1279 1882 1314 solo
1897 1283 1959 1314 tuo
1976 1280 2053 1315 foro
2068 1280 2248 1325 exemplar
2263 1280 2513 1325 descriptionis
2534 1299 2539 1302 -

292 1325 468 1367 σπίζομεν
498 1325 537 1357 ἐκ
565 1322 678 1368 μόνου
702 1325 767 1358 τοῦ
793 1324 857 1357 σοῦ
883 1321 1112 1370 δικαστηρίου
1137 1324 1178 1359 τὸ
1195 1323 1370 1359 ἰσότυπον
1383 1326 1423 1358 25
1437 1323 1600 1368 accipere
1623 1323 1706 1358 huic
1730 1324 1894 1359 subditae
1916 1325 1993 1368 legi,
2014 1326 2056 1360 ut
2078 1325 2271 1360 secundum
2294 1335 2373 1361 eam
2396 1324 2514 1360 omnia

291 1369 354 1411 τῆς
368 1365 580 1415 ἀπογραφῆς
600 1367 800 1413 λαμβάνειν
816 1370 879 1411 τῆς
896 1366 991 1411 τῷδε
1013 1367 1299 1416 ὑποτεταγμένης
1315 1370 1368 1412 τῷ
1437 1367 1575 1403 dentur.
1618 1368 1900 1413 Descriptionem
1925 1379 2076 1415 namque
2098 1370 2177 1406 ideo
2198 1380 2224 1417 ¹a
2247 1370 2329 1406 sede
2352 1375 2415 1406 tua
2437 1369 2514 1405 dari

291 1412 406 1457 νόμῳ,
436 1409 524 1448 ὥςτε
555 1412 639 1448 κατ’
674 1411 788 1457 αὐτὴν
820 1410 968 1449 ἅπαντα
1000 1411 1153 1448 διδόναι.
1204 1415 1271 1457 τὴν
1300 1415 1369 1460 γὰρ
1436 1413 1607 1456 volumus,
1633 1418 1673 1448 ut
1696 1425 1762 1449 nec
1785 1414 1872 1459 ipsis
1896 1413 2002 1450 liceat
2025 1415 2262 1459 praevaricari
2284 1425 2351 1450 nec
2374 1415 2428 1451 his
2453 1415 2514 1460 qui

292 1455 510 1505 ἀπογραφὴν
541 1456 602 1492 διὰ
630 1459 739 1493 τοῦτο
767 1461 806 1492 ἐκ
834 1460 898 1493 τοῦ
925 1458 1062 1505 θρόνου
1091 1460 1156 1493 τοῦ
1187 1461 1249 1493 σοῖι
1273 1458 1367 1494 δίδο-
1436 1461 1610 1494 vocantur
1640 1459 1855 1495 breviatotes
1886 1460 2078 1495 adulterari
2107 1460 2238 1505 aliquid
2267 1460 2394 1496 horum
2423 1470 2514 1505 quae

292 1504 385 1538 σθαι
415 1503 644 1548 βουλόμεθα,
677 1504 737 1538 ἵνα
766 1503 856 1548 μήτε
887 1501 1007 1538 αὐτοῖς
1036 1504 1097 1551 ἐξῇ
1126 1509 1369 1549 παραβαίνειν
1437 1513 1460 1538 a
1487 1503 1590 1539 nobis
1622 1503 1796 1549 disposita
1827 1509 1927 1545 sunt,
1960 1506 2022 1541 sed
2052 1506 2209 1550 periculo
2240 1505 2514 1541 custodientium

291 1547 381 1593 μήτε
410 1552 483 1584 τοῖς
512 1548 739 1594 καλουμένοις
766 1547 997 1594 βρεβιάτορσι
1028 1549 1198 1584 ‚mosem
1229 1563 1265 1583 τι
1292 1551 1368 1583 τῶν
1382 1552 1423 1584 30
1436 1549 1531 1583 hanc
1560 1549 1834 1594 descriptionem
1864 1550 1900 1585 in
1923 1550 2001 1586 foro
2036 1554 2119 1586 tuae
2141 1550 2274 1595 gloriae
2297 1551 2374 1586 dari
2395 1561 2512 1586 exem-

292 1590 380 1639 παρ’
411 1592 517 1638 ἡμῶν
547 1592 850 1640 διατεταγμένων,
886 1590 977 1628 ἀλλὰ
1006 1592 1165 1638 κινδύνῳ
1197 1596 1275 1629 τῶν
1306 1609 1369 1640 φυ-
1437 1593 1516 1638 plar
1546 1594 1620 1629 eius
1653 1605 1733 1629 cum
1764 1595 2028 1640 subscriptione
2052 1596 2230 1640 cingulum
2257 1595 2420 1632 habentis
2444 1596 2513 1631 hoc

293 1638 506 1673 lancinatum
525 1640 663 1682 ταύτην
686 1639 753 1683 τὴν
768 1636 984 1685 ἀπογραφὴν
1007 1641 1048 1674 έν
1071 1641 1125 1682 τῷ
1149 1638 1368 1686 δικαστηρίῳ
1438 1639 1496 1674 cui
1518 1649 1614 1674 nunc
1637 1639 1715 1684 ipse
1738 1640 1939 1685 praesides,
1972 1642 2013 1676 ut
2044 1651 2107 1685 per
2138 1641 2256 1676 omnia
2277 1640 2513 1677 inaduloerata

292 1685 353 1727 τῆς
387 1685 451 1738 σῇς
489 1682 721 1726 ἐνδοξότητοε
758 1682 932 1718 δίδοσθαι
969 1683 1012 1718 τὸ
1051 1685 1226 1720 ἰσότυπον
1265 1682 1370 1728 αὐτῆς
1437 1688 1606 1719 maneant
1628 1695 1718 1728 quae
1741 1695 1763 1720 a
1785 1686 1887 1721 nobis
1919 1685 2091 1730 disposita
2115 1692 2207 1721 sunt.
2257 1685 2513 1721 Difficultatem

290 1725 381 1773 μεθ’
408 1728 705 1773 υποσημοιώσειος
734 1730 798 1763 τοῦ
826 1729 894 1772 τὴν
918 1725 1029 1774 ἀρχὴν
1057 1732 1198 1772 ἔχοντος
1221 1728 1368 1773 ταύτην,
1438 1739 1518 1764 vero
1541 1729 1661 1765 nullus
1686 1729 1832 1765 habebit
1854 1731 1980 1766 horum
2003 1731 2063 1775 qui
2083 1731 2129 1765 ad
2146 1731 2352 1766 consulatus
2368 1731 2513 1766 veniunt

291 1773 382 1821 ᾑπερ
413 1775 482 1808 νῦν
514 1771 622 1808 αὐτὸς
652 1776 866 1820 ἐφέστηκας,
905 1774 965 1808 ἵνα
997 1772 1057 1808 διὰ
1093 1774 1247 1809 πάντων
1283 1772 1367 1808 ἀνό-
1382 1776 1424 1810 35
1436 1773 1623 1817 honorem,
1650 1774 1682 1809 si
1704 1775 1915 1811 mediocrem
1938 1776 1990 1810 ita
2012 1776 2147 1810 faciens
2170 1785 2361 1821 expensam
2385 1785 2511 1811 nomen

291 1819 409 1853 θευτα
440 1816 526 1862 ἡμῖν
556 1814 578 1866 ᾗ
607 1819 653 1853 τὰ
684 1818 771 1864 παρ’
798 1816 902 1863 ἡμῶν
926 1817 1196 1865 διατεταγμένα.
1245 1822 1367 1862 Δυςχε-
1436 1819 1585 1864 tempori
1615 1818 1686 1855 fiet.
1733 1821 1875 1856 Etenim
1904 1830 2007 1856 omne
2038 1820 2203 1866 quicquid
2231 1821 2403 1856 hactonus
2428 1831 2510 1856 con-

291 1867 446 1910 ραινέτω
478 1862 519 1898 δὲ
548 1862 670 1908 μηδεὶς
702 1866 778 1898 τῶν
807 1864 855 1918 εἰς
886 1863 954 1907 τὴν
984 1860 1125 1898 ὕπατον
1158 1877 1210 1899 πα
1235 1862 1372 1899 ιόντων

291 1908 411 1953 τιμήν,
442 1910 473 1942 εἰ
495 1912 765 1954 μεμετρημένην
795 1906 910 1943 ου’τως
941 1909 1181 1953 ποιησάμενος
1228 1909 1371 1953 απάνην

291 1952 409 1998 ὄνομα
438 1955 493 1997 τῷ
524 1955 645 1998 χρόνῳ
675 1954 875 2001 γενήσεται.
921 1956 982 1987 καὶ
1012 1954 1082 2000 γὰρ
1114 1953 1158 1998 δὴ
1185 1956 1260 1990 πᾶν
1284 1952 1373 1989 ὅσον

290 2065 521 2103 ebrietatibus
543 2069 579 2101 et
594 2065 849 2112 potationibus
873 2065 993 2101 omnia
1016 2076 1247 2108 consumere;
1281 2066 1414 2112 quodsi
1468 2066 1531 2102 uid
1560 2067 1661 2112 forte
1691 2076 1755 2111 spe
1775 2065 1926 2101 maioris
1949 2065 2042 2101 lucri
2073 2066 2178 2101 etiam
2203 2070 2311 2102 antea
2334 2068 2512 2113 expende-

290 2115 393 2154 runt,
426 2110 553 2146 deinde
576 2121 660 2146 vero
684 2114 750 2146 aut
771 2109 864 2145 nillil
886 2113 951 2145 aut
968 2121 1104 2156 parum
1128 2111 1328 2156 accipiant,
1360 2111 1416 2147 vel
1437 2077 1606 2146 gammam
1628 2111 1778 2156 insuper
1797 2111 1880 2156 pati
1909 2115 1944 2146 et
1968 2111 2051 2157 coqu·
2073 2111 2111 2145 in
2135 2111 2281 2147 verbera
2308 2115 2344 2147 et
2366 2112 2514 2148 vulnera

291 2162 326 2192 et
348 2166 442 2202 quae
463 2155 547 2191 inde
570 2156 738 2190 oriantur
766 2154 864 2190 mala
894 2154 1061 2191 incidere.
1113 2155 1155 2190 Si
1185 2167 1267 2191 vero
1298 2155 1473 2196 modicum
1503 2156 1553 2191 sit
1581 2155 1680 2201 quod
1708 2155 1908 2201 sparqitur,
1944 2166 2018 2191 non
2050 2155 2271 2192 veliementer
2302 2156 2515 2193 contendent

291 2212 406 2247 neque
428 2204 599 2247 quaestus
622 2200 763 2251 copiam
787 2205 1022 2246 expectantes
1046 2200 1196 2236 vulnera
1227 2204 1263 2235 et
1285 2201 1433 2237 verbera
1464 2200 1533 2236 sibi
1555 2200 1704 2236 invicem
1725 2204 1874 2246 praeter
1895 2200 2039 2236 modum
2062 2200 2230 2247 inferent.
2278 2200 2398 2244 Quare
2421 2212 2512 2238 com-

291 2257 431 2282 munem
456 2244 724 2292 providentiam
755 2255 806 2280 ex
835 2244 905 2280 nac
936 2245 1014 2290 teqe
1044 2246 1153 2281 etiam
1184 2246 1364 2282 communi
1393 2245 1612 2293 reipublicae
1633 2246 1780 2291 formae
1810 2245 2013 2288 statuimus,
2046 2250 2087 2281 ut
2111 2250 2177 2282 tem
2207 2246 2283 2282 oris
2311 2246 2513 2292 desiquatio

285 2297 375 2338 post
405 2291 659 2337 imperatorem
692 2289 798 2325 etiam
831 2289 991 2325 consulis
1022 2295 1201 2337 perpetuo
1237 2291 1368 2326 habeat
1401 2291 1608 2327 memoriam
1642 2295 1677 2326 et
1709 2290 1989 2337 appellationem
2023 2290 2118 2327 inter
2193 2292 2334 2327 oriosos
2370 2298 2515 2328 nostros

291 2337 527 2382 maqistratus
551 2336 684 2381 quique
706 2345 756 2370 ex
779 2345 910 2381 maqno
935 2339 1063 2371 senatu
1085 2340 1182 2378 sunt,
1207 2337 1378 2382 quoniam
1398 2347 1447 2371 ex
1462 2347 1505 2372 eo
1522 2346 1672 2372 numero
1697 2336 1780 2371 licet
1803 2335 1933 2381 diqnos
1953 2335 2092 2372 honore
2110 2347 2132 2371 a
2152 2336 2261 2381 ficere
2284 2347 2350 2372 nec
2362 2341 2514 2383 praeter

291 2381 435 2418 modum
458 2391 508 2416 ex
533 2390 640 2416 ensas
661 2380 832 2425 facturos
838 2393 853 2421 ,·
887 2385 924 2415 et
946 2379 1111 2416 idoneum
1134 2381 1307 2417 solacium
1331 2381 1458 2417 damus
1479 2381 1620 2428 populo
1645 2384 1771 2416 nostro
1795 2386 1831 2417 et
1853 2381 1980 2416 ceteris
2003 2380 2165 2428 omnibus
2187 2385 2296 2427 atque
2319 2382 2420 2428 ipsis,
2476 2382 2515 2418 ui

291 2427 363 2462 iam
386 2437 461 2462 rem
484 2392 741 2472 desperarunt,
773 2435 852 2460 cum
880 2429 1076 2472 propterea
1105 2436 1376 2472 supervacanea
1407 2426 1668 2468 sustulerimus,
1699 2431 1741 2461 ut
1771 2425 1997 2461 consulatum
2028 2426 2247 2473 reipublicae
2277 2426 2444 2462 immorta
2460 2438 2513 2462 em

291 2471 318 2508 4
361 2471 576 2518 efficiamus.
664 2469 859 2506 Subiaceat
884 2470 1009 2516 iqitur,
1034 2471 1128 2506 sicut
1148 2475 1256 2507 antea
1275 2471 1443 2514 diximus,
1467 2470 1551 2507 kuic
1570 2475 1716 2507 nostrae
1741 2471 1812 2517 leqi
1828 2470 2018 2517 dispositio
2042 2476 2180 2513 nostra,
2206 2471 2307 2507 cuius
2326 2472 2515 2519 exemplar

293 2517 330 2552 in
353 2516 488 2552 iudicio
514 2520 597 2551 tuae
618 2514 848 2551 sublimitatis
871 2515 1086 2551 recondetur
1115 2527 1190 2552 una
1214 2527 1294 2552 cum
1326 2515 1394 2552 hac
1418 2516 1496 2562 leqe
1527 2516 1577 2552 ad
1608 2527 1687 2552 eam
1717 2516 2037 2552 transmittendum.
2088 2516 2368 2552 Gloriosissimos
2395 2522 2513 2554 autem

291 2572 362 2608 pro
389 2566 547 2608 tempore
571 2560 735 2596 consules
765 2560 946 2596 sancimus
976 2572 1027 2597 ex
1054 2561 1131 2596 solo
1161 2561 1295 2598 iudicio
1329 2565 1388 2598 tuo
1419 2561 1610 2608 exemplar
1639 2561 1756 2597 deseri
1785 2562 1892 2597 tionis
1921 2559 2004 2596 huic
2035 2561 2108 2607 teyi
2136 2561 2314 2597 subiectae
2337 2563 2513 2609 accipere,

292 2611 334 2642 ut
360 2606 554 2642 secundum
584 2616 663 2641 eam
692 2605 814 2641 omnia
845 2605 939 2641 dent.
988 2605 1274 2652 Descriptionem
1303 2607 1395 2643 enim
1418 2612 1621 2659 propterea
1653 2618 1676 2641 a
1705 2617 1744 2642 se
1769 2618 1789 2642 e
1821 2610 1883 2642 tua
1915 2605 1998 2641 dari
2030 2606 2207 2648 volumus,
2239 2609 2280 2642 ut
2302 2617 2417 2653 neque
2440 2607 2514 2643 illis

294 2651 431 2688 violare
461 2661 505 2687 ne
531 2661 576 2686 ue
599 2650 861 2687 breviator-ibus
890 2651 953 2697 qui
976 2656 1153 2687 vocantur
1176 2652 1378 2688 adulterari
1401 2651 1507 2688 liceat
1529 2651 1720 2698 quicquam
1745 2662 1868 2688 eorum
1901 2661 1996 2697 quae
2024 2663 2047 2686 a
2075 2652 2178 2688 nobis
2200 2651 2393 2688 constituta
2416 2658 2512 2695 sunt,

293 2696 357 2733 sed
373 2696 504 2743 pericu
520 2707 541 2731 ο
565 2706 690 2732 eorum
713 2697 779 2742 qui
800 2694 894 2731 hanc
917 2695 1193 2743 descriptionem
1223 2698 1262 2732 in
1286 2696 1419 2733 iudicio
1452 2701 1535 2733 tuae
1557 2696 1697 2743 qloriae
1721 2696 1943 2738 custodiunt,
1974 2696 2163 2743 exemplar
2192 2696 2269 2731 eius
2297 2696 2402 2732 detur
2434 2707 2514 2733 cum

293 2741 555 2788 subscriptione
589 2740 667 2776 eius
699 2741 766 2821 gui
795 2741 1048 2787 maqistratum
1084 2741 1179 2777 hunc
1209 2742 1268 2778 cui
1300 2747 1338 2778 tu
1370 2753 1466 2778 nunc
1494 2752 1628 2788 praees
1656 2741 1844 2777 habiturus
1874 2744 1945 2783 est,
1982 2745 2022 2776 ut
2046 2752 2118 2788 per
2149 2741 2266 2776 omnia
2300 2742 2512 2788 incorrupta

294 2789 465 2822 maneant
488 2797 581 2832 quae
603 2797 626 2821 a
650 2796 697 2822 no
723 2786 754 2821 is
778 2787 974 2822 constituta
997 2791 1092 2822 sunt.
1141 2787 1254 2823 Nemo
1274 2792 1393 2824 autem
1413 2798 1537 2823 eorum
1559 2787 1623 2833 qui
1641 2787 1691 2822 ad
1709 2786 1917 2823 consulatus
1940 2785 2150 2832 diqnitatem
2169 2787 2384 2833 perveniunt
2404 2797 2513 2833 aeqre

294 2832 411 2878 ferat,
439 2831 473 2867 si
495 2832 549 2867 ita
578 2829 764 2866 moderato
796 2836 941 2878 sumptu
971 2832 1076 2876 facto
1105 2843 1234 2869 nomen
1266 2833 1420 2879 tempori
1449 2832 1603 2868 dabitur.
1652 2831 1794 2868 Etenim
1825 2842 1927 2867 omne
1958 2830 2136 2877 quidquid
2162 2842 2275 2877 usque
2301 2830 2419 2866 adhuc
2450 2833 2515 2878 qui

349 2946 370 2979 2
393 2957 429 2978 τι
454 2945 508 2985 Μ]
533 2953 626 2977 τινες
650 2944 693 2985 L,
718 2955 811 2980 onae
830 2942 843 2988 ΙΙ
868 2946 888 2977 4
912 2939 935 2986 ἢ
959 2939 1077 2986 οὐδὲν]
1102 2940 1124 2985 ἢ
1147 2956 1206 2977 orn.
1232 2944 1292 2987 Lu
1317 2939 1374 2977 λά-

295 2992 397 3034 βοιεν
417 2991 477 3022 καὶ
493 2990 624 3033 ζημίαν
642 2986 971 3034 προςοφλισκᾴνειν]
997 2988 1140 3032 excipiat
1164 2990 1263 3022 etiam
1284 2989 1374 3022 dam-

297 3045 377 3068 num
392 3036 425 3068 et
442 3033 589 3067 debitum
606 3034 741 3067 habebit
758 3046 777 3070 ς
793 3033 806 3077 ΙΙ
824 3036 841 3067 7
857 3035 891 3079 ᾐ]
907 3031 931 3076 ἢ
943 3034 975 3070 L
987 3035 998 3077 ΙΙ
1011 3032 1301 3078 φιλονικήσουσιν
1313 3034 1359 3067 Μ
1364 3034 1375 3075 ΙΙ

298 3081 318 3115 8
341 3078 384 3113 τὸ
411 3092 469 3112 om.
483 3079 515 3112 L
533 3078 751 3123 ητραύματα
773 3079 959 3113 Zachariae
981 3092 1019 3112 ex
1039 3081 1070 3121 ς]
1095 3079 1246 3124 πρᾶγμα
1269 3079 1341 3113 ML
1363 3078 1376 3123 ΙΙ

298 3128 318 3160 9
331 3127 390 3158 καὶ
400 3125 464 3166 Le]
477 3137 535 3157 om.
548 3125 587 3157 M
603 3124 616 3167 ss
635 3126 676 3157 13
690 3120 849 3163 ἐνδόξοις
860 3124 942 3165 ML]
959 3121 1207 3164 ἐνδοξοτάτοις
1223 3137 1262 3158 ez·
1273 3125 1375 3161 eHa·

300 3171 444 3211 leander,
461 3169 548 3212 vulq.
567 3168 580 3212 ἣ
605 3171 647 3204 14
669 3169 732 3211 τῆς
749 3167 910 3214 μεγάλης]
935 3169 998 3212 τῆς
1011 3182 1054 3213 με
1071 3183 1109 3202 esc
1124 3169 1267 3203 τούτων
1291 3182 1373 3203 corr.

300 3215 358 3257 Ln
380 3216 419 3248 15
441 3213 479 3254 ἐξ
502 3209 624 3247 αὐτῶν
648 3211 813 3258 πάρεστι]
839 3214 934 3247 nobis
957 3214 1066 3257 placet
1089 3226 1109 3251 ς
1125 3215 1138 3258 ΙΙ
1158 3216 1198 3249 16
1218 3214 1271 3257 τῷ
1293 3210 1375 3258 ἡμε-

298 3261 390 3304 τέρῳ
413 3256 528 3303 δήμῳ]
554 3262 587 3292 et
604 3262 716 3292 nostro
736 3258 860 3302 populo
885 3271 904 3296 ς
919 3259 931 3296 11
953 3261 993 3294 19
1018 3259 1290 3303 καταστήσομεν
1303 3260 1349 3292 Μ

300 3307 342 3339 23
367 3301 442 3347 ἅμα
465 3301 561 3347 τῷδε
585 3316 623 3337 ex
647 3316 666 3340 ς
689 3304 888 3345 Zachariae]
913 3299 988 3348 ἅμα
1013 3301 1053 3337 δὲ
1078 3305 1149 3338 ML
1168 3309 1179 3347 ΙΙ
1195 3315 1376 3347 καταπεμ·

299 3349 473 3393 πόμενον]
497 3359 595 3391 quam
613 3368 655 3373 -—
672 3349 853 3382 direximus
877 3351 910 3391 (ι’.
929 3363 955 3383 e.
972 3351 1299 3393 καταπεμπομένῳ)
1324 3362 1344 3385 ς
1365 3348 1377 3393 ΙΙ

301 3397 343 3429 25
368 3395 432 3427 σοῦ
465 3407 522 3427 nm.
548 3394 580 3427 L
609 3393 621 3437 ΙΙ
651 3393 706 3435 τὸ]
737 3394 803 3427 τοῦ
828 3395 878 3427 La
905 3393 917 3434 ΙΙ
951 3396 994 3428 29
1006 3408 1054 3447 sq.
1081 3391 1199 3437 *μηδὲ
1232 3415 1251 3418 --
1286 3391 1377 3437 μηδὲ

303 3440 373 3472 ML
391 3440 403 3483 ΙΙ
431 3435 554 3472 αὐταῖς
578 3438 648 3478 ἔξει
672 3439 702 3472 L
727 3439 740 3483 Ι
765 3441 808 3473 34
831 3436 1183 3483 ὑποσημειωσασθαι
1208 3439 1258 3473 L⁰
1288 3436 1373 3473 ὑπο-

302 3483 443 3527 σημειῶΙ
459 3483 612 3528 (sic)M11
629 3484 673 3518 35
696 3485 889 3528 ἐφέστηκεν
911 3485 941 3518 L
958 3484 971 3529 ΙΙ
989 3486 1031 3519 36
1055 3483 1141 3540 ἡμῖν
1164 3478 1186 3527 ἦ
1207 3485 1265 3538 M]
1290 3481 1376 3526 ἡμῖν

303 3527 354 3568 εἴη
380 3530 409 3561 L
434 3532 587 3561 maneant
612 3530 648 3569 (i.
666 3542 688 3561 e.
711 3531 830 3575 μείνῃ)
853 3541 872 3565 ς’
887 3530 899 3571 ΙΙ
919 3531 959 3563 37
983 3527 1057 3572 μὴδ
1088 3527 1136 3563 εἷς
1152 3518 1201 3571 M,
1223 3526 1306 3562 ουδὲ
1328 3527 1376 3563 εἷς

308 3572 335 3604 L
360 3573 373 3615 ΙΙ
399 3573 603 3614 περιόντων
626 3574 858 3617 (περιϊόντων
884 3574 941 3616 L¹)
967 3575 1048 3616 ML,
1073 3587 1155 3608 corr.
1180 3575 1375 3609 Haloander

1501 2946 1516 2978 1
1544 2943 1739 2978 ebritatibus
1755 2944 1804 2977 Β*
1818 2943 1831 2988 ΙΙ
1850 2946 1871 2979 2
1894 2945 1922 2978 si
1942 2947 2030 2986 vero]
2055 2945 2126 2977 siue
2153 2944 2206 2987 ΤΙΙ
2229 2944 2328 2977 etiam
2352 2957 2409 2978 om.
2431 2945 2479 2979 Τι
2502 2943 2514 2990 ΙΙ

1443 2991 1463 3022 4
1487 2990 1630 3033 excipiat
1652 2990 1726 3031 VT]
1750 2990 1892 3033 accipiat
1915 2990 2045 3032 Rvuly.
2063 2990 2076 3034 fl
2093 2990 2202 3030 etiam]
2226 2992 2259 3022 et
2279 2989 2327 3022 Β*
2343 2989 2355 3032 ΙΙ
2374 2992 2407 3023 et
2422 2989 2513 3023 debi-

1442 3036 1525 3076 tum]
1550 3037 1609 3068 aut
1632 3034 1780 3068 debitum
1805 3035 1837 3068 T
1855 3034 1867 3079 ΙΙ
1897 3037 1916 3069 5
1941 3038 1973 3068 et
1997 3033 2200 3075 vulneribus]
2225 3037 2258 3067 et
2280 3035 2402 3067 om.R¹
2426 3034 2439 3079 ΙΙ
2461 3036 2512 3068 in-

1443 3090 1538 3113 curre
1567 3080 1614 3113 T¹
1631 3079 1644 3123 ss
1667 3082 1687 3114 6
1710 3080 1748 3112 fit
1770 3080 1827 3124 ΤΙΙ
1851 3081 1950 3122 quod]
1975 3080 2107 3122 quidem
2134 3080 2183 3113 T*
2209 3078 2224 3157 q
2246 3081 2263 3113 ἰ’
2290 3082 2361 3121 uec]
2386 3090 2428 3113 ne
2452 3079 2514 3123 ΤΠ

1442 3125 1692 3166 abundantiam]
1717 3125 1946 3158 habundantia
1966 3125 2095 3168 RVTn
2120 3126 2139 3159 8
2163 3134 2209 3157 uu
2225 3135 2298 3158 uem
2322 3124 2399 3170 13¹}
2424 3134 2512 3158 men-

1442 3181 1519 3203 sura
1542 3170 1591 3203 13¹
1615 3170 1628 3214 ΙΙ
1657 3172 1677 3204 9
1701 3170 1943 3203 introducimus
1971 3171 2016 3211 V]
2049 3169 2292 3203 introduximus
2317 3170 2477 3213 RTvulq.
2499 3167 2512 3211 ΙΙ

1447 3217 1486 3249 10
1511 3216 1661 3248 comunis
1688 3216 1720 3249 T
1743 3215 1755 3259 ΙΙ
1783 3219 1912 3258 tempus
1936 3215 2054 3248 habeat
2076 3215 2175 3258 only-1
2212 3217 2341 3258 tempus
2371 3213 2511 3246 habeant

1446 3261 1518 3293 RV
1537 3260 1660 3293 habent
1683 3263 1811 3304 tempus
1836 3261 1869 3294 T
1891 3260 1904 3304 ΙΙ
1935 3262 1971 3295 11
1997 3261 2107 3302 iugem
2131 3260 2259 3302 (ingere
2281 3259 2341 3302 V¹)
2372 3257 2509 3301 Visula]

1444 3316 1503 3338 om.
1518 3305 1612 3349 RTn
1632 3307 1672 3340 12
1693 3305 1742 3347 in]
1764 3307 1797 3338 et
1813 3305 1904 3349 RTn
1925 3306 1964 3340 13
1982 3306 2040 3347 qui
2060 3318 2117 3339 om.
2130 3304 2207 3349 ΒἸΙ
2228 3306 2268 3340 14
2287 3305 2365 3344 nou]
2387 3312 2426 3334 ne
2439 3301 2486 3334 R·
2499 3301 2511 3342 ΙΙ

1443 3349 1589 3383 inmense
1620 3351 1695 3392 VT]
1732 3361 1840 3384 mense
1865 3351 1912 3389 R;
1946 3351 2103 3383 immensa
2125 3351 2217 3384 malit
2243 3349 2466 3397 Ombrsqqfn
2498 3346 2510 3391 ΙΙ

1443 3395 1502 3428 *et
1527 3397 1645 3430 addidi
1657 3396 1669 3437 ΙΙ
1690 3398 1731 3430 15
1756 3396 1884 3428 dicente
1900 3396 1948 3428 12¹
1972 3395 2140 3429 decentem
2159 3407 2217 3428 om.
2234 3392 2285 3427 T·
2339 3391 2379 3425 16
2402 3389 2508 3434 dispe·

1443 3440 1595 3473 rantibus
1609 3441 1718 3484 R¹Tu
1735 3450 1832 3473 causa
1844 3440 1890 3473 Β*
1909 3440 1922 3484 ΙΙ
1938 3442 2124 3483 propterea]
2143 3440 2276 3482 propter
2327 3435 2338 3456 ¹
2360 3439 2508 3477 propter·

1443 3495 1544 3526 eaque
1565 3485 1614 3519 V³
1632 3485 1644 3530 ΙΙ
1664 3488 1702 3519 17
1728 3485 1930 3518 auferentem
1953 3485 2006 3530 Vll
2030 3486 2068 3520 18
2092 3481 2264 3517 inmortale
2289 3479 2322 3513 T
2331 3478 2344 3523 Ι
2363 3480 2404 3513 20
2426 3480 2509 3513 Sub-

1443 3530 1569 3562 iacebat
1590 3531 1636 3564 V¹
1666 3530 1678 3574 ΙΙ
1708 3531 1749 3565 23
1774 3530 1965 3571 direximus]
1996 3532 2109 3563 nostra
2131 3527 2163 3561 d·
2241 3524 2300 3557 ‘tio
2315 3526 2399 3575 fuls!-
2425 3525 2474 3557 R¹
2497 3525 2509 3570 ΙΙ

1442 3575 1486 3606 tffi
1509 3575 1540 3606 R
1570 3576 1582 3616 ΙΙ
1610 3577 1652 3609 24
1676 3575 1900 3608 sanctissimus
1922 3576 1955 3609 R
1979 3575 2067 3619 flsuo
2093 3572 2139 3607 T·
2164 3569 2399 3615 'dimretwmss
2425 3570 2457 3603 T
2466 3570 2476 3590 ¹
2497 3572 2508 3614 ΙΙ

1442 3620 1484 3653 25
1513 3618 1586 3661 leg·
1623 3620 1671 3653 V¹
1699 3621 1712 3665 ΙΙ
1741 3621 1783 3654 26
1815 3619 2059 3663 discriptionem
2084 3617 2118 3650 Τ
2135 3615 2191 3656 (id.
2215 3613 2311 3665 30).ss
2343 3615 2381 3647 27
2413 3625 2507 3656 prae-

1441 3664 1590 3742 uaricprle
1623 3665 1720 3709 VTu
1750 3665 1819 3706 qui]
1851 3664 1930 3706 quia
1953 3662 2077 3705 R¹Vfl
2106 3661 2150 3694 34
2171 3658 2317 3700 habebit]
2351 3659 2392 3691 ab
2418 3660 2464 3693 R*
2496 3659 2508 3706 ΙΙ

1441 3719 1504 3750 que
1547 3711 1561 3742 t
