2612 4016
262 144 340 188 Ed.
359 144 462 188 XIII
494 144 557 185 15.
580 143 632 184 16
1321 134 1405 181 788

262 256 339 288 τῶν
366 250 509 296 χρόνων
529 248 766 284 Ἀναστασίου
794 250 862 284 τοῦ
890 250 953 292 τῆς
982 244 1149 292 εὐσεβοῦς
1176 245 1317 290 λήξεως,
1348 244 1457 290 ἡνίκα
1481 248 1670 293 Μαριανὸς
1700 246 1721 283 ὁ
1751 250 1815 293 τῆς
1838 247 1987 290 ἐνδόξου
2008 249 2188 296 (μνήμης)
2211 248 2267 284 ἐπ’
2293 248 2393 293 αὐτῷ
2417 247 2464 284 τά

261 296 456 342 πράγματα
484 296 657 340 ἔπραττε,
684 295 907 336 καταστῆναι
938 291 1114 336 δημοσίαν
1140 290 1290 345 πυζτήν,
1322 292 1544 336 Ποταμῶνος
1572 293 1771 335 τηνικαῦτα
1800 294 1878 328 τῶν
1908 292 2092 338 δημοσίων
2121 296 2184 338 τῆς
2205 291 2466 341 Ἀλεξανδρέων

260 340 485 384 προεστῶτος
507 339 601 372 κατὰ
624 337 668 372 τὸ
691 339 755 372 τοῦ
778 336 938 381 βίνδικος
960 337 1089 380 σχῆμα,
1121 337 1161 369 ἐν
1183 349 1206 383 ῃ
1230 337 1347 382 πυκτῇ
1371 332 1611 382 ἀπεγράψατο
1629 336 1698 371 τὸν
1717 339 1780 372 τοῦ
1806 338 2000 384 ἐξαγωγίου
2022 338 2147 374 τίτλον
2170 341 2368 384 ἐκφέροντα
2389 337 2464 373 δια-

260 386 383 430 φόροις
414 384 544 417 αἰτίαις
567 382 697 425 χιλίους
719 380 838 426 <υξθ’>
860 383 1008 425 χρυσοῦς
1031 376 1163 414 οὕτως·
1199 384 1445 425 τετρακοσίους
1466 382 1532 424 μὲν
1556 380 1771 423 ἐνενήκοντα
1795 381 1859 417 δύο
1882 384 2029 427 χρυσοῦς
2051 387 2124 419 τοῖς
2148 382 2328 428 δημοσίοις
2352 381 2463 428 βαλα-

258 432 363 463 νείοις
385 428 447 470 τῆς
470 426 577 469 αὐτῆς
597 425 744 469 πόλεως,
768 428 1014 469 τετρακοσίους
1037 423 1077 458 δὲ
1099 426 1203 459 ἐννέα
1227 428 1286 458 καὶ
1310 423 1395 459 δέκα
1416 426 1470 469 τῷ
1495 424 1702 470 καλουμένῳ
1726 423 2002 471 άντικανθάρῳ,
2025 432 2086 462 καὶ
2103 432 2358 463 πεντακοσίους
2381 440 2465 463 πεν-
2489 428 2510 460 5

258 472 415 515 τήκοντα
446 469 543 506 όκτω
573 471 719 514 χρυσοῦς
748 469 836 515 πρὸς
866 470 919 512 τῷ
951 466 1070 512 ἡμίσει
1101 470 1155 511 τῷ
1187 466 1368 512 ἆποδέκτη
1399 471 1477 504 τῶν
1499 468 1658 513 ναύλων,
1690 469 1739 505 ὠς
1761 471 1854 506 εῖναι
1877 473 1920 506 τὸ
1941 470 2260 519 ἀπογεγραμμένον
2284 475 2324 507 ἐν
2345 472 2468 515 χιλίοις

257 520 498 560 τετρακοσίοις
528 513 701 558 ἑξήκοντα
732 516 838 548 ἐννέα
868 517 1014 559 χρυσοῖς.
1060 514 1235 560 γενέσθαι
1265 512 1304 548 δὲ
1335 505 1487 559 ῧστερον
1517 518 1577 548 καὶ
1606 520 1837 560 περιποίησιν
1867 516 1966 561 παρὰ
1993 518 2069 551 τῶν
2100 517 2388 562 πολιτευομένων
2421 517 2466 562 τῇ

259 562 349 606 αὐτῇ
374 561 473 603 αἰτίᾳ
495 561 558 594 τοῦ
583 560 779 605 ἐξαγωγίου
801 556 1036 602 νομισμάτων
1058 555 1105 613 ρ’,
1125 557 1192 593 τὸν
1217 556 1257 592 δὲ
1279 558 1370 593 κατὰ
1395 559 1519 605 καιρὸν
1544 556 1803 605 αὐγουστάλιον
1825 564 2047 606 τριακοσίους
2070 562 2179 595 εἴκοσι
2202 563 2348 608 χρυσοῦς
2370 564 2467 605 κομί-

259 607 391 647 ζεσθαι
416 602 507 649 ὑπὲρ
531 603 668 639 πώλων
691 602 887 648 τριάκοντα
910 602 958 643 ἕξ,
982 600 1042 637 οὓς
1063 602 1167 637 αυτὸς
1190 606 1335 649 παρέχει
1359 604 1403 651 τῇ
1437 601 1659 648 ἱπποδρομίᾳ
1675 607 1738 647 τῆς
1753 607 1934 652 εἰρημένης
1948 607 2026 640 τῶν
2035 603 2296 651 Ἀλεξανδρέων
2312 605 2465 642 πόλεως·

257 653 317 683 καὶ
348 650 456 683 τοῦτο
484 649 528 683 τὸ
559 650 677 693 σχῆμα
699 651 818 691 μεῖναι
840 645 882 681 οὗ
905 647 1019 692 μόνον
1041 647 1147 693 (ἐπὶ)
1170 649 1231 691 τῆς
1254 651 1479 693 Στρατηγίου
1502 650 1564 683 τοῦ
1588 647 1824 689 ἐνδοξότατον
1848 648 1966 695 ἀρχῆς,
1987 648 2076 684 ἀλλὰ
2101 653 2160 684 καὶ
2182 653 2284 696 μέχρι
2306 651 2368 694 τῆς
2393 649 2467 685 δευ-
2493 651 2534 683 10

257 697 360 738 τέρας
390 692 631 737 ἐπινεμήσεως
661 693 725 727 τοῦ
759 692 1012 736 παρῳχηκότος
1031 691 1159 726 κύκλου
1182 693 1244 736 τῆς
1268 692 1339 738 πρὸ
1364 693 1458 727 ἐτῶν
1481 692 1746 729 πεντεκαίδεκα.
1795 695 1833 736 ἐξ
1856 696 1990 728 ἐκείνου
2015 693 2054 729 δὲ
2075 696 2191 730 τινῶν
2212 697 2280 739 μὲν
2303 695 2468 741 ῥαθυμίᾳ

259 740 371 773 τινῶν
402 736 442 772 δὲ
469 742 661 783 κακουργίᾳ
694 738 773 772 τῶν
803 735 843 771 δὲ
866 735 1048 771 πλείστων
1079 736 1195 784 κλοπῇ
1219 735 1261 771 τό
1288 739 1434 782 πρᾶγμα
1458 737 1549 772 κατὰ
1574 738 1702 781 μικρὸν
1726 738 1994 783 ἐλαττωθῆναι,
2018 743 2078 774 καὶ
2101 737 2384 775 άποστεοεῖσθαι
2407 742 2468 773 καὶ

257 784 304 817 τὰ
336 781 493 827 δημόσια
523 782 697 826 βαλανεῖα
726 783 787 824 τῆς
814 782 893 815 τῶν
922 785 1164 826 τετρακοσίων
1192 779 1409 825 ἐνενήκοντα
1441 780 1505 816 δύο
1528 780 1766 826 νομισμάτων
1790 785 1989 826 ποσότητος
2012 788 2073 818 καὶ
2095 785 2143 819 τὰ
2167 772 2281 818 ναῦλα
2304 785 2367 827 τῆς
2389 785 2466 818 τῶν

257 831 508 867 πεντακοσίων
530 826 755 870 πεντήκοντα
778 822 874 860 ὀκτὼ
897 823 1040 869 ἡμίσεος
1061 824 1299 870 νομισμάτων
1321 827 1376 860 εἰσ
1405 827 1500 871 ορᾶς,
1524 826 1737 872 προφάσεως
1761 827 1879 863 αὐτοῖς
1901 826 2070 872 δοθείσης
2094 830 2132 862 ἐκ
2154 830 2218 863 τοῦ
2242 840 2342 863 τινας
2357 828 2465 862 τοῦτο

256 874 323 916 μὲν
346 873 385 906 ἐκ
407 873 469 914 τῆς
490 869 595 915 αὐλῆς
618 872 726 905 τοῦτο
751 869 790 904 δὲ
813 872 851 904 ἐκ
873 871 951 904 τῶν
975 870 1129 916 θρόνων
1151 872 1228 905 τῶν
1252 872 1330 905 σῶν
1348 870 1375 904 o't'
1392 873 1478 905 “ειαν
1501 872 1638 906 ἑαυτοῖς
1661 871 1926 908 κατασκευάσαι
1949 876 2010 907 καὶ
2033 876 2164 917 προῖκα
2188 875 2348 919 ἐκφέρειν
2365 872 2465 917 κερά-
2494 872 2534 905 15

256 928 341 960 μους
370 917 432 960 τῆς
462 917 645 962 εἰρημένης
675 917 752 950 τῶν
780 911 1044 960 Ἀλεξανδρέων
1074 914 1211 950 πόλεως
1239 919 1298 949 καὶ
1318 917 1423 962 ἕτερα
1447 914 1534 959 εἴδη,
1559 913 1653 961 ἅπερ
1677 916 1870 952 ὑπόκειται
1892 918 1945 961 τῷ
1966 919 2121 962 τοιούτῳ
2145 917 2248 961 τέλει,
2272 921 2330 951 καὶ
2355 914 2469 952 οὕτως

259 960 518 1005 ἐλαττωθῆναι
541 961 635 996 κατὰ
654 958 785 1006 μικρὸν
807 959 876 1004 τὴν
900 960 1086 1005 εἰρημένην
1110 959 1229 995 πόλιν.

1222 1027 1380 1064 CAPUT
1403 1028 1499 1066 XVI.

388 1092 662 1138 Ἀποδεχόμενοι
693 1097 817 1129 τοίνυν
847 1094 915 1137 τὴν
946 1094 1015 1138 σὴν
1037 1094 1219 1138 ὑπεροχὴν
1240 1098 1301 1129 καὶ
1323 1094 1463 1130 τούτοις
1485 1096 1686 1132 ἐπιστᾶσαν
1711 1096 1867 1138 θεσπίζο
1897 1108 1946 1138 εν,
1978 1094 2068 1140 μήτε
2092 1097 2169 1131 τῶν
2192 1098 2470 1142 πεπορισμένων

256 1143 331 1175 τισὶ
361 1140 548 1175 παντελῶς
578 1138 755 1174 τοιούτων
786 1139 904 1174 θείων
923 1137 981 1185 (ἢ)
1004 1136 1164 1185 ἆρχικῶν
1187 1140 1317 1176 τύπων
1340 1139 1468 1195 ὄφελός
1490 1155 1527 1175 τι
1549 1140 1788 1182 καθεστάναι,
1813 1138 1857 1174 ἀλ
1887 1141 1895 1151 “
1926 1139 2066 1176 πάντας
2089 1140 2342 1186 ἐπιγινώσκειν
2363 1142 2470 1175 τοῦτο

258 1182 283 1219 δ’
311 1187 413 1230 μέχρι
443 1185 521 1219 τῶν
551 1183 695 1229 χρόνων
719 1187 943 1230 Στρατηγίου
973 1186 1038 1219 τοῦ
1065 1183 1303 1226 ἐνδοξοτάτου
1334 1183 1515 1228 ἐδίδοσαν,
1545 1184 1634 1230 μήτε
1665 1185 1733 1219 τὸν
1764 1184 2004 1230 περίβλεπτον
2036 1184 2298 1231 αὖγουστάλιον
2321 1184 2471 1221 πλείονα
2493 1185 2534 1218 20

258 1228 427 1272 δαπάνην
458 1228 542 1263 τινὰ
575 1233 693 1264 ποιεῖν
725 1229 824 1274 παρὰ
856 1227 924 1271 τὴν
951 1229 1162 1274 ὲᾷιπροσθεν
1194 1232 1254 1264 καὶ
1285 1231 1345 1264 ἐπὶ
1377 1231 1454 1264 τῶν
1482 1230 1626 1273 χρόνων
1650 1233 1874 1276 Στρατηγίου
1900 1231 1965 1265 τοῦ
1998 1228 2236 1271 ἐνδοξοτάτου
2260 1229 2469 1265 πολιτευσα-

256 1278 378 1319 μένην,
407 1275 497 1318 μήτε
527 1273 621 1308 κατὰ
651 1277 887 1318 καινοτομίαν
916 1274 1000 1308 τινὰ
1031 1275 1314 1318 προσάπτεσθαι
1346 1276 1422 1309 τῶν
1453 1274 1570 1309 τελῶν
1603 1277 1751 1309 ἐκείνων
1782 1278 1842 1309 καὶ
1871 1275 1989 1319 ἑαυτῷ
2018 1273 2180 1318 ἐκδικεῖν,
2211 1272 2304 1309 ἀλλὰ
2332 1278 2392 1309 καὶ
2425 1273 2468 1310 τὸ

258 1318 405 1364 ἀρχαῖον
434 1317 668 1364 φυλαχθῆναι
699 1320 818 1362 σχῆμα
848 1318 893 1353 τὸ
924 1321 1024 1364 μέχρι
1057 1322 1283 1366 Στρατηγίου
1314 1320 1379 1354 τοῦ
1409 1317 1644 1360 ἐνδοξοτάτου
1675 1323 1734 1353 καὶ
1765 1317 1895 1354 αὐτοῦ·
1933 1320 2024 1364 μήτε
2084 1319 2271 1354 ιλονεικίας
2302 1316 2470 1366 ἀφορμὴν

259 1364 418 1407 δοθῆναι
449 1365 502 1407 τῷ
535 1376 575 1397 τε
600 1363 694 1397 κατὰ
726 1363 855 1410 καιρὸν
888 1362 1133 1409 αὖγουσταλίῳ
1160 1379 1176 1395 ν
1192 1379 1208 1396 ι
1226 1379 1256 1406 ιι,
1280 1367 1340 1398 καὶ
1362 1363 1431 1398 τὸν
1452 1367 1519 1408 μὲν
1545 1361 1592 1399 οὖς
1615 1362 1657 1399 οὐ
1678 1363 1785 1408 λάβοι
1807 1363 1932 1411 λέγειν,
1956 1365 2024 1399 τὸν
2071 1367 2087 1399 ἑ
2111 1363 2158 1399 ὥς
2180 1363 2332 1400 ἔλαττον
2355 1364 2470 1408 λάβοι,

258 1405 333 1443 ἀλλ’
368 1410 406 1442 ἐκ
437 1410 499 1451 τῆς
519 1405 606 1451 ὅλης
629 1407 829 1452 ποσότητος
851 1409 929 1443 τῶν
952 1407 1078 1450 χιλίων
1100 1406 1325 1443 ὀκτακοσίων
1349 1407 1573 1455 ὀγδοήκοντα
1595 1411 1700 1444 ἐννέα
1722 1409 1957 1454 νομισμάτων
1980 1411 2226 1456 κουφισθῆναι
2249 1413 2470 1452 τριακοσίους

258 1454 430 1496 ἑξήκοντα
460 1455 564 1488 ἐννέα
590 1454 737 1498 χρυσοῦς
767 1452 991 1497 (βουλόμεθα
1020 1452 1088 1499 γὰρ
1116 1457 1179 1487 καί
1206 1467 1243 1488 τι
1271 1452 1625 1501 φιλανθρωπότερον
1653 1456 1714 1497 τῆς
1737 1451 1920 1499 ἀκριβείας
1943 1455 2111 1499 πρᾶξαι)·
2147 1458 2206 1488 καὶ
2230 1452 2292 1488 διὰ
2314 1452 2383 1498 τὴν
2406 1454 2470 1488 τοῦ

257 1498 350 1532 κατὰ
387 1497 514 1543 καιρὸν
544 1495 800 1544 αὐγουσταλίου
832 1497 1071 1544 συγκρότησιν
1101 1496 1229 1533 ἄλλους
1259 1498 1388 1541 χιλίους
1420 1503 1677 1534 πεντακοσίους
1708 1499 1818 1533 εἴκοσι
1847 1513 1869 1542 χ
1892 1500 1995 1533 υσοῦς
2025 1500 2152 1542 μόνους
2182 1501 2220 1533 ἐκ
2249 1500 2314 1534 τοῦ
2350 1497 2471 1533 τίτλον

258 1543 502 1589 εἰσφέρεσθαι,
533 1543 572 1583 ἐξ
596 1535 650 1577 ὧν
677 1543 761 1577 τοὺς
786 1547 1008 1587 τριακοσίους
1038 1543 1149 1577 εἴκοσι
1179 1545 1327 1588 χρυσοῦς
1357 1544 1474 1586 ἑαυτῷ
1506 1543 1676 1590 λογιεῖται
1705 1540 1725 1577 ὁ
1759 1513 1996 1589 περίβλεπτος
2020 1542 2272 1591 αὐγουστάλιος
2292 1544 2472 1599 προφάσει

258 1589 337 1622 τῶν
359 1587 556 1633 τριάκοντα
581 1588 619 1628 ἓξ
642 1586 790 1630 πώλων,
814 1585 873 1622 οῦς
891 1586 1029 1634 ἀνάγκη
1052 1591 1251 1634 παρασχεῖν
1275 1585 1373 1631 αὐτῷ
1399 1590 1460 1623 ἐπὶ
1482 1590 1527 1635 τῇ
1553 1587 1776 1633 ἱπποδρομίᾳ
1792 1590 1854 1632 τῆς
1873 1587 2135 1634 Ἀλεξανδρέων
2149 1589 2241 1623 κατὰ
2254 1587 2297 1623 τὸ
2318 1588 2471 1623 ανωθεν

258 1634 415 1676 κρατοῦν
439 1633 537 1674 ἔθος,
559 1633 642 1666 τοὺς
666 1631 706 1666 δὲ
728 1630 946 1668 ὑπολοίπους
967 1632 1097 1675 χιλίους
1121 1631 1320 1667 διακοσίους
1344 1633 1649 1680 καταλογίζεσθαι
1673 1629 1783 1668 αὖθις
1807 1632 1907 1677 αὐτῷ
1931 1634 1979 1668 εἰς
2001 1634 2066 1669 τὰς
2080 1646 2140 1669 σιτ
2153 1632 2236 1668 ’σεις
2251 1633 2316 1668 τὰς
2331 1633 2471 1675 ἑαυτοῦ,

275 1674 372 1710 οὕτω
395 1690 435 1711 τε
458 1677 501 1711 τὸ
534 1678 683 1722 πρᾶγμα
714 1676 861 1711 εὔλυτον
892 1678 984 1712 εἶναι
1011 1681 1071 1712 καὶ
1094 1677 1162 1721 τὴν
1186 1675 1339 1725 ἀρχαίαν
1360 1676 1542 1723 φυλάττον
1565 1675 1655 1713 ὁδὸν
1678 1681 1738 1712 καὶ
1758 1676 1886 1721 μηδενὶ
1909 1678 2092 1714 παντελῶς
2115 1677 2139 1712 ἆ
2164 1691 2242 1713 ειαν
2264 1690 2394 1725 κακουρ
2417 1680 2473 1711 ίας

259 1720 517 1766 παρεχόμενον.
564 1723 610 1767 τῇ
640 1721 710 1766 γὰρ
741 1723 818 1755 τῶν
843 1720 1027 1765 δημοσίων
1050 1721 1256 1766 βαλανείων
1275 1722 1439 1769 ἑγκαύσει
1462 1726 1522 1756 καὶ
1545 1724 1598 1766 τῷ
1621 1718 1883 1768 άντικανθάρῳ
1906 1723 2013 1770 (καὶ)
2031 1727 2103 1758 τοῖς
2127 1722 2308 1768 δημοσίοις
2330 1720 2472 1758 ναυλοις

260 1766 299 1805 ἐξ
322 1767 457 1810 ἑτέρων
476 1766 606 1799 αἰτιῶν
631 1781 647 1796 n
665 1781 682 1797 ι
699 1781 716 1797 ο
744 1764 938 1812 ἀπογραφῇ
963 1765 1059 1809 τῷδε
1083 1768 1136 1809 τῷ
1161 1767 1256 1811 θείῳ
1281 1764 1384 1811 νόμῳ
1409 1765 1590 1810 δηλοῦται.

1813 153 1873 184 DE
1900 153 2019 184 URBE
2046 142 2462 185 ALExmnnmossum

2495 1409 2536 1442 25

2494 1632 2537 1665 30

259 1885 365 1921 stasii
389 1885 474 1930 piae
505 1884 710 1926 memoriae,
742 1884 888 1931 quando
910 1884 1101 1921 Marianus
1126 1886 1311 1932 qloriosae
1339 1887 1530 1923 memoriae
1560 1886 1625 1922 sub
1649 1897 1691 1923 eo
1713 1897 1773 1922 res
1795 1886 2082 1930 administrabat,
2105 1888 2269 1924 extitisse
2289 1888 2472 1934 publicam

262 1929 427 1966 tabellam
454 1933 540 1972 tum,
564 1939 643 1964 cum
666 1928 846 1965 Potamon
867 1930 1024 1976 publicis
1043 1930 1384 1967 Alexandrinorum
1413 1932 1513 1967 urbis
1542 1932 1650 1967 rebus
1679 1931 1829 1967 vindicis
1860 1932 1941 1967 loco
1997 1936 2152 1975 raeerat,
2182 1933 2221 1968 in
2243 1943 2316 1979 qua
2339 1933 2472 1970 tabella

260 1975 502 2020 descripserat
538 1974 715 2019 exayoyt'i
756 1974 897 2009 titulum
936 1974 1090 2010 diversis
1120 1977 1240 2010 causis
1272 1976 1369 2012 mille
1400 1974 1643 2013 CCCCLXIX
1669 1986 1800 2010 aureos
1829 1986 1946 2022 expen
1975 1981 2089 2012 entem
2118 1977 2156 2011 in
2186 1977 2282 2013 hunc
2309 1977 2473 2014 modum:

260 2018 548 2069 quadrinqentos
576 2018 779 2063 nonaqireta
809 2018 902 2053 duos
930 2029 1060 2053 aureos
1090 2019 1246 2064 publicis
1269 2020 1404 2056 balneis
1427 2021 1505 2056 eius
1528 2019 1639 2061 urbis,
1663 2019 1950 2066 quadrinqentos
1973 2020 2195 2066 undeviqinti
2218 2021 2471 2058 anticantharo

260 2063 324 2108 qui
354 2062 498 2103 dicitur,
530 2062 746 2108 quinqentos
773 2062 1039 2108 quinquaqinta
1072 2067 1153 2098 octo
1188 2075 1320 2099 aureos
1343 2075 1422 2099 cum
1446 2063 1594 2099 dimidio
1618 2065 1823 2110 susceptori
1843 2064 2052 2107 naulorum,
2069 2070 2111 2101 ut
2131 2064 2313 2112 descripta
2336 2077 2473 2103 summa

260 2107 356 2142 mille
388 2106 674 2153 quadringentos
704 2106 1031 2153 undeseptuaqinta
1063 2118 1194 2143 aureos
1216 2109 1388 2154 efficeret.
1436 2108 1571 2144 Postea
1594 2114 1713 2144 autem
1736 2109 1843 2144 etiam
1867 2109 2139 2155 acquisitionem
2162 2110 2275 2146 eidem
2298 2112 2474 2163 exaqoqii

262 2152 365 2187 titulo
398 2163 422 2187 a
451 2152 650 2187 curialibus
678 2151 820 2195 factam
850 2162 928 2187 esse
956 2162 1149 2187 aureorum
1178 2152 1214 2193 C,
1246 2157 1281 2189 et
1305 2154 1538 2198 Auqustalem
1569 2153 1632 2199 qui
1663 2164 1735 2199 quo
1764 2164 1808 2189 ue
1839 2157 1998 2200 tempore
2029 2158 2109 2190 erat
2138 2158 2316 2191 trecentos
2346 2156 2473 2202 vzqinti

261 2207 393 2232 aureos
415 2197 596 2241 accepisse
614 2207 687 2241 pro
713 2196 862 2240 triyinta
884 2207 954 2232 sex
977 2197 1078 2242 equis
1101 2207 1194 2242 quos
1208 2197 1285 2243 ipse
1299 2199 1451 2244 praebet
1466 2198 1560 2234 ludis
1575 2199 1733 2244 equestri
1758 2208 1800 2233 us
1818 2198 1936 2234 dictae
1951 2198 2283 2235 Alexandrinorum
2298 2201 2417 2237 urbis:
2439 2204 2475 2237 et

261 2240 356 2276 hunc
378 2244 510 2276 statum
533 2241 706 2275 mansisse
729 2251 803 2275 non
825 2241 941 2287 solum
950 2252 1024 2287 per
1037 2241 1289 2287 qlorz'osissimi
1308 2243 1486 2289 Strateqii
1500 2242 1860 2286 administrationem,
1884 2243 1948 2280 sed
1965 2244 2070 2279 etiam
2088 2254 2131 2279 us
2159 2255 2203 2280 ue
2217 2244 2267 2280 ad
2278 2245 2473 2281 secundam

261 2285 489 2332 indictionem
511 2285 703 2331 praeteriti
722 2285 860 2326 circuli,
885 2296 979 2331 quae
999 2286 1076 2330 fuit
1099 2291 1182 2322 ante
1203 2297 1318 2322 annos
1338 2288 1551 2340 quindecim.
1590 2286 1737 2323 Exinde
1753 2292 1872 2323 autem
1888 2288 2041 2324 aliorum
2057 2255 2296 2335 neqffeqentiffi
2319 2289 2473 2325 aliorum

261 2329 358 2372 dolo,
384 2330 627 2377 plurimorum
658 2334 775 2364 autem
804 2330 911 2375 furto
941 2341 1017 2366 rem
1040 2330 1223 2376 paulatim
1255 2332 1477 2367 imminutam
1505 2342 1591 2374 esse,
1621 2332 1764 2378 privari
1791 2343 1835 2367 ue
1857 2338 1893 2368 et
1907 2333 2059 2379 publica
2079 2334 2206 2370 balnea
2229 2333 2474 2387 quadrinqen-

263 2380 381 2410 torum
410 2375 613 2420 nonaginta
644 2374 797 2410 duorum
829 2385 1023 2410 aureorum
1053 2386 1192 2411 summa
1222 2380 1256 2412 et
1287 2377 1398 2412 naula
1429 2378 1707 2424 quinqentorum
1774 2376 2062 2424 uodesexaqinta
2102 2378 2241 2414 dimidii
2279 2390 2472 2415 aureorum

261 2419 435 2462 illatione,
460 2419 649 2456 occasione
671 2419 744 2455 illis
765 2419 854 2454 data
877 2419 959 2455 inde
982 2420 1082 2465 quod
1104 2420 1270 2456 nonnulli
1285 2423 1425 2467 partim
1448 2432 1498 2457 ex
1521 2421 1608 2457 aula
1624 2421 1765 2468 partim
1788 2433 1810 2456 a
1833 2422 1975 2457 sedibus
1992 2422 2062 2458 tuis
2077 2423 2215 2459 veniam
2231 2423 2474 2470 impetrarunt

261 2463 484 2510 exportandi
517 2465 623 2499 etiam
656 2465 734 2500 sine
764 2464 935 2510 vectiyali
965 2465 1105 2508 tequlas
1135 2476 1185 2500 ex
1215 2465 1312 2501 dicta
1342 2466 1677 2502 Alexandrinorum
1707 2465 1795 2502 urbe
1826 2470 1861 2502 et
1888 2467 1982 2502 alias
2011 2468 2149 2513 species
2177 2479 2270 2514 quac
2299 2467 2473 2504 eiusmodi

262 2508 427 2555 vectiqali
452 2509 634 2544 obnoxiae
657 2514 766 2550 sunt,·
787 2513 823 2544 et
845 2509 898 2544 sic
912 2509 1091 2555 paulatim
1115 2510 1245 2545 dictam
1269 2511 1390 2546 urbem
1414 2511 1694 2547 imminutionem
1717 2522 1795 2547 esse
1809 2522 1972 2558 passam.

394 2553 491 2589 XVI.
537 2553 746 2589 Laudantes
763 2554 876 2598 iqitur
894 2553 1146 2589 sublimitatem
1171 2560 1268 2590 tuam
1318 2555 1391 2590 uod
1412 2556 1518 2591 etiam
1542 2556 1580 2590 in
1603 2554 1692 2591 haec
1709 2556 1845 2591 intenta
1859 2557 1936 2600 suit
1949 2555 2130 2591 sancimus
2147 2567 2263 2602 neque
2276 2567 2326 2593 ex
2342 2556 2473 2593 talibus

262 2599 407 2634 omnino
431 2598 562 2633 divinis
586 2603 651 2633 aut
671 2599 930 2644 praefectoriis
950 2600 1084 2644 formis
1107 2610 1131 2633 a
1154 2566 1366 2645 quibusdam
1389 2600 1437 2635 im
1465 2601 1589 2636 etratis
1610 2601 1773 2645 fructum
1793 2600 1907 2635 >ullum
1956 2602 2032 2638 erci
2056 2601 2080 2644 i,
2103 2601 2169 2637 sed
2191 2612 2314 2637 omnes
2333 2601 2472 2647 persol-

262 2654 343 2679 vere
365 2642 405 2677 id
427 2643 524 2688 quod
546 2654 660 2688 usque
682 2643 732 2678 ad
755 2649 917 2689 tempora
940 2643 1192 2689 qloriosissimi
1214 2643 1392 2690 Strateqii
1438 2644 1598 2687 ederunt,
1621 2655 1737 2690 neque
1758 2612 1989 2691 spectabiiim
2039 2646 2239 2692 uqustalem
2261 2646 2472 2693 ampliorem

261 2688 457 2733 impensam
486 2689 614 2733 facere
637 2698 744 2733 quam
768 2695 875 2723 antea
898 2692 934 2723 et
957 2687 1177 2734 temporibus
1199 2689 1453 2734 qloriosissimi
1474 2688 1652 2735 Strategii
1673 2690 1808 2725 usitata
1831 2693 1921 2732 erat,
1945 2701 2059 2736 neque
2081 2694 2213 2726 novata
2232 2702 2274 2727 re
2295 2691 2472 2736 actinqere

263 2742 474 2778 quemquam
504 2733 696 2778 vectiqate‘a
727 2732 793 2767 illa
823 2737 859 2768 et
880 2733 949 2768 sibi
972 2733 1165 2775 vindicare,
1188 2733 1253 2768 sed
1273 2734 1460 2779 antiquum
1480 2738 1613 2770 statum
1636 2735 1845 2770 conservari
1867 2735 1933 2786 qui
1950 2735 2028 2780 fuit
2049 2745 2163 2779 usque
2185 2734 2234 2769 ad
2254 2735 2471 2780 qloriost'ssi-

262 2788 356 2811 mum
386 2776 607 2822 Strateqium
640 2781 677 2813 et
704 2777 770 2813 sub
801 2788 864 2813 eo.-
898 2788 1014 2823 neque
1048 2779 1286 2814 contentionis
1315 2781 1539 2814 occasionem
1567 2779 1651 2813 dari
1680 2779 1872 2824 Auqustali
1898 2780 1963 2824 qui
1993 2789 2135 2824 quoque
2163 2783 2219 2814 est
2249 2783 2407 2825 tempore
2437 2782 2473 2814 et

263 2820 406 2862 vindici,
437 2832 591 2866 quorum
620 2821 715 2857 alter
743 2833 783 2857 se
813 2821 906 2858 nibil
927 2823 1109 2867 accepisse
1131 2822 1231 2858 dicat
1252 2822 1346 2858 alter
1367 2824 1484 2858 minus
1507 2824 1701 2869 accepisse,
1732 2823 1797 2858 sed
1818 2833 1868 2858 ex
1887 2823 2055 2859 universa
2076 2833 2214 2858 summa
2238 2823 2333 2858 mitte
2356 2823 2470 2858 octin-

262 2869 450 2911 qentorum
479 2866 774 2912 undenonaqinta
805 2877 996 2902 aureorum
1024 2867 1161 2902 remitti
1185 2871 1363 2903 trecentos
1398 2867 1723 2914 undeseptuaqinta
1755 2877 1899 2908 aureos;
1939 2867 2116 2910 (volumus
2151 2867 2245 2903 enim
2281 2867 2472 2903 humanius

263 2920 371 2954 quam
405 2911 610 2945 accuratius
644 2914 765 2957 affere)
800 2917 837 2947 et
869 2911 1068 2946 adiuvandi
1100 2922 1211 2947 causa
1241 2911 1450 2958 Augustalis
1484 2912 1548 2958 qui
1577 2923 1721 2958 quoque
1752 2916 1911 2959 tempore
1939 2915 1993 2948 est
2023 2911 2182 2963 reliquos
2210 2915 2347 2948 tantum
2377 2912 2473 2947 mille

289 2956 478 3000 uinqentos
509 2955 636 3002 viqinti
664 2966 795 2991 aureos
825 2966 875 2991 ex
905 2966 947 2991 eo
972 2956 1075 2991 titulo
1099 2957 1260 3002 expendi
1265 2969 1281 2998 ;
1310 2967 1361 2993 ex
1383 2957 1513 3002 quibus
1536 2960 1713 2992 trecentos
1734 2956 1864 3003 viqinti
1887 2967 2020 2993 aureos·
2039 2956 2105 2992 sibi
2125 2955 2317 3002 imputabit
2334 2959 2472 3002 specta-

263 2965 344 3034 Zilis
373 3000 585 3044 Auyustatis
618 3001 759 3036 nomine
794 3000 945 3046 triqinta
979 3011 1048 3036 sex
1081 3012 1256 3046 equorum
1289 3012 1382 3047 quos
1415 3012 1558 3038 necesse
1593 3000 1699 3037 habet
1730 3001 1964 3048 suppeditare
2000 3000 2094 3036 ludis
2123 3001 2346 3052 equestribus
2374 3001 2473 3036 urbis

263 3043 592 3079 Alexandrinorum
616 3055 666 3080 ex
689 3044 947 3080 consuetudine
968 3044 1102 3080 dudum
1125 3046 1275 3088 valente,
1299 3046 1458 3092 reliquos
1482 3057 1565 3085 vero
1587 3046 1685 3081 mille
1707 3045 1879 3081 ducentos
1901 3056 2029 3082 rursus
2051 3045 2121 3081 sibi
2141 3056 2180 3080 tn
2202 3055 2368 3081 annonas
2386 3055 2474 3080 suas

264 3088 455 3132 imputare,
486 3092 522 3124 et
550 3089 604 3124 sic
634 3100 709 3124 rem
741 3089 948 3136 expeditam
979 3100 1055 3125 esse
1084 3093 1120 3126 et
1140 3090 1292 3136 pristini
1321 3091 1422 3126 modi
1449 3095 1650 3139 servantem
1681 3094 1718 3126 et
1739 3091 1873 3126 nemini
1891 3101 2045 3138 prorsus
2068 3089 2307 3137 improbitatis
2329 3090 2472 3136 copiam

259 3132 499 3177 praebentem.
546 3132 605 3168 Ad
631 3134 857 3179 publicorum
888 3135 981 3170 enim
1012 3134 1221 3170 balneorum
1251 3134 1526 3187 calefactionem
1557 3139 1592 3172 et
1622 3135 1912 3171 anticantharum
1943 3140 1979 3171 et
2002 3135 2153 3182 publica
2182 3133 2295 3170 naula
2318 3144 2369 3170 ex
2389 3133 2472 3170 aliis

261 3176 378 3211 titulis
401 3177 580 3223 impensas
603 3177 867 3221 destinavimus,
891 3180 986 3214 sicut
1007 3179 1166 3214 subiecta
1189 3179 1272 3215 huic
1295 3179 1437 3216 divinae
1460 3181 1533 3226 leqi
1553 3180 1795 3226 descriptione
1819 3180 2029 3217 ostenditur.

292 3300 329 3348 “1
344 3295 571 3352 μνήμηςαιὶᾰ.
581 3301 768 3335 Zachariae
781 3300 792 3345 ΙΙ
804 3304 826 3336 4
836 3300 921 3341 υξθ’
932 3303 1051 3336 addidi
1061 3303 1115 3347 (cs.
1128 3304 1148 3335 l.
1160 3304 1261 3356 θείῃ),
1275 3316 1339 3347 pro

267 3342 733 3433 52533323‘232322'1ffi'fi
746 3346 1047 3425 &isitium
1056 3344 1339 3426 'Urunt

268 3431 339 3471 der]
374 3427 548 3464 ὡσαύτως
571 3401 751 3484 -σῗαρέχειν
786 3435 831 3468 Μ
857 3436 869 3478 ΙΙ
904 3438 943 3470 10
978 3404 1101 3479 μεῖῖαξ
1135 3406 1336 3478 Zachariae&

267 3472 358 3526 εἶναι
375 3475 420 3526 M
430 3475 443 3518 11
461 3476 519 3509 ἐπὶ
543 3488 605 3518 της
624 3477 820 3520 Zachariae]
836 3479 900 3512 τοῦ
926 3481 972 3513 Μ
983 3483 994 3523 ΙΙ
1010 3483 1132 3515 initium
1157 3483 1241 3524 cepit
1257 3483 1336 3516 haec

268 3519 398 3551 mdzctzo
422 3520 488 3552 kal.
513 3521 602 3563 Sept.
629 3535 660 3555 a.
685 3524 750 3556 523
766 3523 778 3565 ΙΙ
808 3525 848 3557 12
872 3521 1148 3570 ἀπεστερῆσθαι
1171 3527 1335 3568 Scrimqer

269 3573 331 3611 '2⁰⁷⁸
355 3563 435 3612 male
467 3562 480 3605 ΙΙ
514 3566 552 3598 18
581 3564 837 3608 ἀποδεχόμεθα
861 3568 908 3601 Μ
929 3568 943 3611 ΙΙ
976 3571 1017 3603 19
1037 3570 1204 3604 τοιοῦτον
1227 3570 1334 3605 θεῖον

270 3616 416 3646 αρχικον
438 3607 554 3641 τύπον
566 3609 616 3651 M,
638 3622 719 3643 corr.
735 3609 919 3645 Zachariae
942 3610 978 3654 (ἢ
990 3615 1067 3646 add.
1084 3614 1128 3646 R.
1141 3616 1332 3656 Schneider)

268 3647 280 3687 ΙΙ
304 3649 346 3680 20
378 3657 408 3682 et
431 3651 474 3683 22
504 3650 594 3693 μήτε
619 3654 735 3695 Kroll]
766 3653 857 3697 μηδὲ
877 3656 917 3689 M
949 3656 962 3699 ΙΙ
993 3658 1035 3690 22
1062 3659 1123 3690 καὶ
1144 3666 1218 3701 post
1239 3656 1332 3692 ἀλλὰ

1405 3302 1615 3381 ειιερεῖοτιυέηἸΙ
1631 3305 1675 3338 24
1699 3304 1861 3380 ΖασιιηαΖιΙ
1885 3301 2235 3381 gispexitdZazlcnlar-iae
2253 3301 2471 3380 Σηιὶεζεὲιέηζὲἰ

1405 3359 1556 3435 ἔὲσίῗίίιοΙ
1573 3359 1861 3436 εὲῃηῖἴζίάῖιαυ
1873 3373 1975 3433 Ῐιαεό;
1990 3360 2123 3425 'ZZZ-ga
2145 3360 2217 3436 (5:1⁸7
2227 3359 2471 3441 Ρκαταβλάψω

1404 3431 1522 3479 aiace>
1578 3438 1734 3471 achariae
1757 3449 1820 3470 non
1844 3445 1949 3478 recte;
1978 3438 2086 3470 malim
2111 3443 2193 3470 certe
2209 3434 2324 3480 (τοὺς)
2345 3432 2470 3467 αλλους

1402 3481 1413 3522 ss
1435 3482 1476 3515 28
1501 3481 1719 3526 ἐκφέρεσθαι
1743 3480 1928 3516 Zachariae
1945 3481 1958 3525 ss
1976 3483 2018 3516 29
2046 3476 2183 3516 πώλων
2202 3479 2378 3524 Aqytaeus]
2403 3488 2468 3512 πυ-

1401 3524 1533 3560 λώνων
1557 3527 1597 3559 Μ
1621 3526 1633 3570 ΙΙ
1659 3528 1701 3560 32
1725 3528 1785 3559 καὶ
1809 3528 1886 3560 add.
1910 3526 2005 3560 Beck
2029 3525 2042 3569 ΙΙ
2066 3527 2111 3561 33
2134 3524 2289 3558 excidisse
2312 3522 2468 3555 nonnulla

1401 3573 1550 3615 coqnovie
1581 3569 1767 3605 Zachariae
1797 3572 1857 3614 qui
1883 3571 2031 3614 supplet.-
2062 3564 2239 3613 πρόσοδος
2270 3561 2467 3610 ἄφωρίσθη

1401 3613 1449 3649 ὠς
1467 3615 1512 3661 τῇ
1535 3612 1805 3661 ὑποτεταγμένῃ
1823 3614 1837 3659 ΙΙ
1852 3610 2044 3659 ἀπογραφὴ
2068 3614 2113 3646 Μ
