2618 4010
290 118 397 162 Nov.
426 118 526 161 VIII
555 119 592 161 8.
622 119 648 160 9

291 228 469 274 (ἑκάτερον
490 227 557 283 γὰρ
581 225 710 272 ὁμοίως
739 225 980 272 ὑπεύθυνον),
1012 225 1068 264 ὅτι
1101 231 1161 262 καὶ
1193 225 1363 272 δήμευσιν

288 276 347 307 καὶ
372 273 514 319 ἐξορίαν
536 269 777 315 υποστήσεται
807 276 867 307 καὶ
889 273 957 317 τὴν
980 274 1027 308 εἰς
1054 272 1097 307 τὸ
1122 273 1230 316 σῶμα
1253 271 1362 317 βάσα-

288 316 354 352 νόν
376 331 416 352 τε
440 320 499 351 καὶ
523 321 713 363 τιμωρίαν,
735 320 794 352 καὶ
813 315 924 354 αὐτὸν
943 317 987 362 δὴ
1003 317 1068 353 τὸν
1085 316 1247 362 λαβόντα
1269 315 1358 364 παρ’

290 359 409 404 αὐτοῦ,
441 360 609 409 καθάπερ
639 359 799 416 εἰπόντες
820 364 1005 420 ,ε’φθημεν,
1037 366 1153 396 κακοῖς
1182 359 1363 406 ὑποθήσει

1366 113 1423 162 72

1899 132 1961 164 ΠΤ
1988 131 2167 165 rumam
2194 131 2294 164 snm
2321 129 2502 172 Quoquo

1431 228 1526 281 tione
1560 230 1763 272 (utrumque
1787 229 1885 280 enim
1914 230 2076 267 similiter
2110 231 2254 268 noxium
2286 233 2375 274 est),
2410 230 2503 268 sciat

1431 282 1515 317 quia
1545 273 1581 307 et
1611 271 1900 310 confiscationem
1934 279 1970 312 et
2000 276 2142 313 exilium
2173 276 2363 313 sustinebit
2398 280 2434 312 et
2464 276 2503 311 in

1431 326 1562 368 corpus
1584 316 1732 352 verbera
1754 319 1863 370 atque
1884 320 2114 366 supplicium,
2137 322 2255 367 ipsum
2279 332 2326 366 qu
2374 331 2419 357 ue
2442 320 2504 366 qni

1430 364 1571 414 accepit
1600 361 1645 409 ab
1677 370 1740 403 eo,
1777 366 1869 416 sicut
1898 366 2155 411 praediximus,
2189 367 2292 402 malis
2323 377 2366 402 su
2391 366 2503 402 iciens

287 405 471 463 ,mayoli-oca,
508 407 685 462 Καθαράε
712 421 780 463 χαρ
811 422 1032 460 απαιτουμεν
1063 407 1157 442 εῖναι
1186 410 1263 442 ταῖς
1287 409 1362 442 ἐπι·
1397 411 1416 443 5
1430 405 1602 441 maximis.
1650 405 1763 442 Puras
1794 416 1886 444 emm
1916 409 2088 455 exigimus
2117 421 2196 447 esse
2226 411 2503 458 provincialibus

288 456 429 499 χωρίοις
452 454 574 498 αρχαῖς
595 464 658 488 τας
679 465 814 499 χειρας,
846 454 905 488 ἵνα
929 465 1011 488 τους
1041 448 1250 500 ἀρχομένους
1281 449 1362 506 gign-

287 500 386 539 μίους
408 510 448 532 τε
477 500 537 531 καὶ
569 494 850 542 εὖθἠνουμένους
882 497 1110 544 φυλάξαιμεν.
1159 499 1233 531 Καὶ
1257 510 1363 531 αυται

286 543 354 585 μὲν
377 543 416 576 ἔκ
439 555 479 576 τε
502 543 580 577 τῶν
602 541 725 587 νόμων
750 544 788 577 ἔκ
811 556 851 577 τε
874 544 951 578 τῶν
975 540 1097 588 ἀρχῶν
1120 543 1363 577 ἐπικείσονται

286 590 414 630 gamat
437 590 509 622 τοῖς
533 589 572 622 ἐν
595 591 672 623 ταῖς
694 589 892 633 εἰρημέναις
915 585 1036 632 ἀρχαῖς
1054 581 1164 629 οἶσιν,
1191 587 1228 621 εἴ
1241 600 1278 621 τι
1291 599 1362 621 τοι·

291 637 299 668 Ι
348 633 433 667 οὗτο
464 630 647 680 πράξαιεν.

287 689 366 713 ταις
396 675 531 720 ἄδειαν,
568 678 604 712 εἴ
627 691 664 712 τι
694 691 784 712 κατα
816 678 877 720 τῆς
908 678 1079 723 ἐπαρχίας
1108 675 1232 711 ἄδικον
1254 677 1274 710 ὁ
1297 675 1363 720 τὴν

287 719 397 771 ἀρχὴν
421 724 515 766 ἔχων
535 721 773 777 διαπράξηται
796 725 854 756 καὶ
875 724 1013 766 ζημίαις
1031 725 1128 756 τισὶν
1145 718 1166 765 ἢ
1184 723 1363 765 έπηρείαις

287 781 334 804 πε
358 765 497 812 ιβάλλοι
520 767 601 802 τοὺς
625 771 808 812 ημετέρους
831 765 1030 808 ὑποτελεῖς,
1063 763 1151 802 dim
1181 766 1247 802 τὸν
1278 767 1363 801 θἐο-

289 828 329 860 φι
365 816 505 848 ’στατον
529 814 725 847 ἐπίσκοπον
749 815 807 846 καὶ
831 810 911 846 τούς
938 813 979 846 ἐν
1002 813 1046 859 τῇ
1078 811 1180 858 χώρᾳ
1203 810 1363 859 πρωτεύ-

287 869 394 894 οντας
418 855 552 911 δεήσεις
572 858 619 892 εἰς
642 855 729 902 ἡμᾶς
753 855 990 900 ἀναπέμπειν,
1014 855 1276 911 καταλέγοντας
1299 858 1362 891 τοῦ
1379 860 1417 892 15
1431 857 1608 902 cingulum
1642 857 1806 892 habentis
1841 857 1980 893 delicta.

286 902 354 947 τὴν
371 901 482 947 ἀρχην
500 904 640 945 ἔχοντος
656 901 701 936 τὰ
720 900 1014 946 πλημμελήματα.
1050 899 1146 946 ἡμεῖς
1156 915 1230 956 yae
1247 903 1363 936 ταῦτα

285 947 539 993 μανθάνοντες
562 946 754 991 στελοῦμεν
779 948 818 980 ἐν
834 948 878 994 τῇ
895 944 996 993 χώρᾳ
1018 946 1084 981 τὸν
1106 960 1223 982 ταυτα
1246 946 1361 988 ἐξετά-

287 1006 414 1035 σοντα,
448 991 510 1046 ἐφ’
537 982 568 1035 ᾦ
595 1005 635 1026 τε
663 988 783 1034 αὐτόν,
817 992 914 1026 ἔνθα
944 990 1127 1036 ἠδίκησεν,
1161 993 1272 1026 ἐκεῖσε
1303 996 1362 1026 καὶ

285 1037 349 1072 τὰς
371 1049 496 1074 ποινας
519 1034 688 1079 ὑποσχεῖν
710 1037 788 1071 τῶν
808 1035 1137 1082 πλημμελημάτων·
1162 1032 1250 1072 ὥςτε
1271 1035 1362 1082 μηδὲ

286 1082 409 1130 ἕτερόν
442 1096 526 1116 τινα
560 1081 700 1116 τοιοῦτό
736 1096 772 1116 τι
809 1082 942 1129 πρᾶξαι

286 1126 512 1174 παράδειγμα
535 1126 731 1171 βλέποντα.

1430 450 1608 486 iudicibus
1651 461 1797 494 manus,
1839 456 1881 488 ut
1914 455 2100 492 collatores
2141 456 2395 492 custodiamus.
2454 455 2503 490 Et

1432 497 1521 549 istae
1545 495 1687 549 quidem
1709 500 1782 531 tam
1806 506 1851 532 ex
1873 497 2009 543 legibus
2033 511 2138 546 quam
2160 511 2205 537 ex
2227 500 2502 537 administratio-

1433 541 1536 576 nibus
1565 541 1796 577 imminebunt
1826 552 1964 586 poenae
1992 544 2045 580 his
2074 546 2135 591 qni
2157 546 2194 582 in
2223 546 2415 593 praedictis
2440 544 2503 580 ad-

1432 585 1752 623 ministrationibus
1769 590 1864 629 sunt,
1889 587 1921 622 si
1943 589 2015 624 tale
2031 590 2163 637 aliquid
2186 591 2331 636 egerint.
2367 591 2503 626 Damus

739 631 895 686 Δι’ὃομεν
927 630 967 666 δὲ
997 635 1057 666 καὶ
1086 635 1159 666 τοῖς
1183 628 1362 676 ἐπαρχεώ-
1379 634 1418 666 10
1433 635 1550 666 autem
1574 631 1679 666 etiam
1708 631 1983 676 provincialibus
2014 633 2207 680 licentiam,
2239 636 2270 671 si
2293 635 2377 681 quid
2408 646 2430 671 a
2456 635 2504 669 ud

1432 675 1648 722 provinciam
1683 676 1870 719 iniustum,
1914 677 1975 722 qni
2008 679 2346 716 administrationem
2383 681 2432 715 ha
2457 685 2503 720 et,

1433 722 1560 766 egerit,
1586 722 1641 757 vel
1665 721 1696 757 si
1719 721 1857 757 damnis
1881 722 2056 767 aliquibus
2080 726 2143 759 aut
2166 725 2349 762 calumniis
2374 725 2504 761 subdat

1431 771 1572 802 nostros
1597 766 1804 810 collatores,
1835 771 1875 802 ut
1899 767 1964 802 deo
1989 769 2158 805 amabiles
2181 770 2339 816 episcopi
2362 773 2397 806 et
2420 781 2502 815 pro·

1431 812 1568 847 vinciae
1591 812 1758 857 primates
1782 822 1907 857 preces
1931 812 1977 847 ad
2000 823 2066 848 nos
2090 813 2262 859 dirigant,
2285 819 2503 861 exponentes

2040 858 2116 894 Nos
2152 859 2243 895 enim
2277 859 2366 896 haec
2395 870 2503 905 agno-

1431 906 1570 937 scentes
1594 902 1775 946 dirigimus
1798 903 1835 937 in
1860 903 2078 948 provinciam
2101 903 2188 939 haec
2212 905 2503 948 examinamrum,

1431 950 1607 992 quatenus
1640 947 1733 992 ipse,
1777 947 1839 982 ubi
1873 948 2083 983 iniustitiam
2119 948 2222 991 fecit,
2258 949 2332 985 illic
2365 960 2505 1002 quoque

1430 1002 1565 1037 poenas
1589 991 1716 1027 subeat
1746 992 1972 1028 delictorum:
2010 996 2051 1028 ut
2081 1004 2197 1038 neque
2218 993 2308 1029 alter
2330 995 2505 1040 quispiam

1430 1038 1502 1072 tale
1531 1037 1664 1082 aliquid
1696 1047 1801 1081 agere
1831 1041 2055 1083 praesumat,
2087 1039 2133 1074 ad
2163 1039 2362 1085 exemplum
2392 1040 2503 1085 respi-

977 1083 1162 1130 θαρρῆσαι
1197 1081 1285 1130 πρὸς
1320 1081 1362 1117 τὸ
1376 1085 1417 1118 20
1433 1083 1539 1118 ciens.

1274 1195 1430 1231 CAPUT
1459 1195 1520 1230 IX.

327 1261 499 1310 Ἀνάγκην
515 1264 540 1296 ἔ
554 1275 656 1297 οντος
678 1263 742 1298 τοῦ
763 1261 829 1307 τὴν
853 1260 963 1310 ἀρχὴν
982 1262 1167 1298 διέποντος
1186 1262 1278 1297 κατὰ
1301 1262 1363 1298 τὰς

287 1308 500 1355 ἔμπροσθεν
523 1277 714 1350 δίιατάξεις,
747 1307 895 1343 ἐπειδὰν
915 1307 1115 1342 κατάθοιτο
1138 1307 1204 1351 τὴν
1230 1306 1362 1351 ζώνην,

285 1352 347 1388 τὰς
370 1351 595 1407 πεντήκοντα
619 1352 747 1399 ἡμέρας
771 1356 810 1406 ἐν
835 1355 879 1401 τῇ
899 1355 1053 1408 ἐπαρχία
1077 1351 1279 1397 διατρίβειν
1303 1351 1361 1396 δη-

1474 1262 1733 1298 Necessitatem
1768 1262 1922 1314 habente
1963 1273 2024 1307 eo,
2063 1263 2123 1316 qui
2164 1263 2505 1299 administrationem

1430 1308 1540 1349 rexit,
1576 1307 1772 1342 secundum
1800 1318 1937 1352 priores
1969 1308 2258 1351 constltutiones,
2290 1308 2374 1343 dum
2397 1308 2506 1353 depo-

1431 1353 1543 1388 suerit
1573 1352 1710 1395 fasces,
1743 1353 1998 1398 quinquaginta
2033 1353 2107 1389 dies
2137 1354 2174 1388 in
2203 1354 2387 1398 provincia
2411 1363 2506 1389 com·

285 1402 394 1443 μοσίᾳ
418 1412 647 1453 φάινομενον,
681 1402 741 1432 καὶ
770 1411 832 1433 τας
862 1412 961 1452 παρα
991 1411 1143 1433 παντων
1173 1397 1363 1452 δεχόμενον
1376 1400 1416 1432 25
1432 1397 1580 1439 morari,
1604 1397 1747 1442 publice
1771 1407 1809 1433 se
1833 1400 2089 1434 monstrantem
2113 1401 2148 1433 et
2167 1399 2213 1434 ab
2238 1399 2401 1434 omnibus
2425 1409 2504 1434 sus·

287 1445 476 1490 ἐναγωγας.
517 1444 548 1477 εἰ
565 1446 699 1487 μέντοι,
725 1447 811 1491 πρὶν
828 1443 1028 1489 πληρωσειε
1052 1442 1115 1477 τὰς
1139 1457 1363 1486 πεντηκοντα

287 1485 434 1536 ἡμέρας,
458 1486 737 1534 ἀποδιδράσκων
760 1486 859 1531 ἁλοίη
887 1487 1055 1535 καθάπερ
1079 1502 1116 1522 τι
1139 1489 1217 1522 τῶν
1241 1486 1300 1522 ἀτι
1328 1502 1363 1522 ο-

287 1531 410 1569 τάτων
433 1531 695 1579 ἀνδραπόδων,
731 1531 876 1578 δίδομεν
911 1531 1035 1567 ἄδειαν
1070 1536 1143 1567 τοῖς
1177 1530 1287 1568 ὑποτε
1323 1536 1364 1567 ’σι

286 1582 448 1621 κατέχειν
474 1578 584 1613 αὐτὸν
608 1580 647 1613 ἐν
677 1580 722 1634 τῇ
751 1577 852 1625 χώρᾳ
886 1575 918 1632 [ᾗ
941 1580 987 1625 τῇ
1011 1580 1176 1624 ἐπαρχίᾳ]
1207 1582 1266 1612 καὶ
1290 1580 1364 1614 πᾶν

1432 1443 1620 1487 cipientem
1650 1443 1910 1478 conventiones.
1958 1443 1996 1478 Si
2024 1446 2142 1479 tamen
2173 1446 2257 1479 ante
2281 1454 2387 1496 quam
2410 1454 2505 1479 com-

1431 1489 1598 1532 pleantur
1628 1487 1884 1532 quinquaginta
1914 1487 2005 1532 dies,
2041 1488 2178 1534 fugiens
2218 1493 2381 1534 capiatur
2411 1489 2507 1524 velut

1432 1533 1576 1578 aliquod
1605 1532 1973 1569 inhonestissimorum
2001 1534 2276 1579 mancipiorum,
2312 1534 2436 1570 damus
2462 1533 2505 1568 ii-

1433 1578 1585 1613 centiam
1620 1578 1848 1615 collatoribus
1880 1578 2038 1614 detinere
2068 1589 2148 1614 eum
2178 1579 2215 1614 in
2253 1579 2436 1624 provincia
2470 1582 2504 1614 et

287 1624 322 1658 εἴ
344 1637 382 1659 τι
413 1621 614 1658 δεδώκασιν
650 1638 749 1667 αυτῳ
781 1635 959 1671 προφασει
990 1623 1119 1666 κλοπης
1158 1624 1266 1658 τοῦτο
1302 1624 1363 1658 εἰς·
1378 1626 1419 1658 30
1433 1633 1536 1658 omne
1560 1624 1653 1668 quod
1677 1623 1851 1659 dederunt
1873 1624 1906 1658 ei
1930 1624 2117 1660 occasione
2139 1623 2227 1659 furti
2257 1625 2325 1659 hoc
2353 1623 2504 1668 exigere,

287 1666 469 1714 πράττειν,
494 1667 674 1715 παρόντος
694 1672 819 1713 μέντοι
838 1670 902 1703 τοῦ
922 1665 1205 1714 θεοφιλεστάτου
1224 1667 1364 1704 ἐπισκό-

287 1727 355 1749 που
378 1717 437 1747 καὶ
460 1712 502 1748 τὸ
527 1715 672 1760 πρᾶγμα
697 1713 880 1761 ἐγγράφως
905 1711 1200 1755 διασκοποῦντος,
1231 1716 1297 1748 ἕως
1319 1710 1365 1747 ἂν

286 1756 438 1802 ἀποδοίη
467 1760 542 1794 πᾶν
565 1755 655 1803 ὅπερ
687 1758 864 1815 κεκλοφὼς
894 1762 1034 1805 φανείη.
1077 1756 1183 1793 Ἀλλὰ
1214 1762 1273 1793 καὶ
1304 1756 1364 1793 αὐ-

285 1803 366 1838 τοὺς
388 1802 469 1838 τοὺς
495 1801 739 1849 έπαρχεώτας,
771 1805 871 1850 είπερ
896 1804 1088 1838 αἴσθοιντο
1112 1805 1174 1847 τῆς
1204 1805 1281 1838 τῶν
1304 1801 1362 1850 ἆρ-

1432 1671 1620 1714 praesente
1642 1672 1761 1704 tamen
1785 1668 1850 1704 deo
1876 1668 2020 1704 amabili
2045 1669 2164 1715 episco
2237 1673 2273 1705 et
2296 1678 2439 1705 causam
2463 1679 2507 1704 ex

1433 1725 1505 1749 non
1537 1714 1670 1758 scripto
1700 1713 1939 1756 examinante,
1976 1713 2089 1749 donec
2119 1725 2138 1749 r
2182 1714 2244 1749 dat
2274 1724 2377 1750 omne
2408 1714 2505 1760 quic-

1434 1758 1518 1803 quid
1553 1759 1694 1794 furatus
1729 1759 1939 1795 ostenditur.
1987 1759 2058 1794 Sed
2091 1760 2197 1794 etiam
2230 1758 2329 1805 ipsos
2363 1759 2507 1804 provin·

1435 1804 1560 1846 ciales‚
1591 1804 1622 1839 si
1653 1804 1828 1840 senserint
1857 1804 2183 1839 administratorum
2211 1804 2365 1848 furtum,
2397 1804 2506 1840 licen-

285 1848 428 1892 χόντων
458 1848 606 1893 κλοπῆς,
641 1847 768 1884 ἄδειαν
799 1851 911 1892 ἔχειν,
945 1848 1082 1894 μᾶλλον
1113 1851 1181 1893 μὲν
1209 1842 1273 1883 οὖν
1304 1852 1362 1883 καὶ
1377 1852 1419 1885 35
1434 1850 1517 1884 tiam
1541 1849 1690 1892 habere,
1721 1850 1832 1894 magis
1856 1852 1976 1885 autem
2001 1853 2036 1884 et
2066 1849 2313 1886 necessitatem
2336 1849 2427 1885 haec
2450 1860 2506 1885 re·

286 1893 455 1941 ἀνάγκην,
478 1896 595 1929 ταῦτα
624 1892 774 1938 μηνύειν
797 1895 845 1928 εἰς
873 1891 975 1939 ἡμᾶς·
1003 1891 1089 1928 ὥςτε
1112 1891 1198 1938 ἡμᾶς
1249 1892 1363 1928 ανθά-
1433 1894 1524 1929 ferre
1547 1895 1668 1936 nobis,
1701 1898 1742 1929 ut
1764 1905 1831 1930 nos
1856 1897 2120 1939 cognoscentes,
2146 1894 2230 1940 quia.
2252 1895 2393 1932 omnino
2417 1905 2506 1930 auro

286 1951 431 1981 νοντας,
463 1935 520 1974 ὅτι
543 1952 611 1985 περ
641 1938 733 1974 ὅλως
755 1943 899 1986 χρυσίου
929 1938 1123 1985 πιπράσκει
1145 1938 1187 1973 τὸ
1211 1909 1361 1979 δίκαιον,
1432 1939 1552 1975 vendit
1575 1940 1765 1983 iustitiam,
1796 1940 1987 1984 praedictis
2019 1950 2099 1975 oum
2122 1940 2339 1976 subiciamus
2361 1940 2504 1990 poenis:

286 1988 363 2020 ταῖς
385 1985 585 2030 εἰρημέναις
616 1982 727 2018 αὐτὸν
758 1982 976 2028 ὑποβάλλειν
1005 1987 1161 2024 ποιναῖς,
1195 1983 1282 2030 πρὸς
1309 1985 1364 2028 τῷ
1433 1994 1541 2029 super
1571 1985 1667 2030 quod
1702 1985 1807 2020 etiam
1840 1984 2052 2020 caelestibus
2089 1985 2276 2030 suppliciis
2313 1995 2396 2020 rous
2427 1985 2506 2028 orit,

286 2034 347 2064 καὶ
376 2034 453 2064 ταῖς
485 2030 524 2070 ἐξ
553 2027 704 2076 οὐρανοῦ
735 2033 922 2075 τιμωρίαις
952 2030 1077 2072 ἔνοχον
1107 2029 1217 2071 εἶναι,
1249 2041 1364 2075 παρα·
1431 2030 1688 2066 transcendens
1710 2029 1954 2066 iusiurandum
1974 2030 2012 2064 in
2029 2040 2097 2074 quo
2118 2030 2258 2075 accepit
2280 2030 2506 2066 administra-

286 2073 403 2119 βάντα
432 2076 513 2109 τοὺς
543 2071 664 2120 ὅρκους
696 2072 755 2120 ἐφ’
779 2074 829 2108 οἷς
858 2073 965 2118 ἔλαβε
994 2074 1060 2118 τὴν
1088 2071 1209 2120 ἀρχήν.
1254 2075 1300 2108 Εἰ
1323 2072 1363 2108 δὲ
1377 2078 1419 2110 40
1432 2075 1574 2111 tionem.
1611 2075 1647 2110 Si
1671 2078 1789 2110 autem
1812 2075 1966 2110 valuerit
1987 2085 2032 2110 ex
2057 2085 2279 2121 quacumque
2302 2085 2412 2111 causa
2435 2086 2504 2111 non

332 2157 403 2188 cap.
428 2144 490 2177 IX
512 2146 568 2185 (—
592 2141 659 2184 τὴν
682 2139 792 2187 ἀρχὴν
816 2145 870 2184 40)
893 2150 979 2176 extat
1003 2143 1039 2176 B
1064 2145 1094 2184 6,
1119 2151 1146 2183 3,
1173 2151 1199 2176 8.
1225 2151 1269 2176 10.
1294 2150 1336 2176 16.

286 2216 405 2247 stratu
434 2210 614 2256 accepisse
643 2214 824 2262 appareat
854 2212 1056 2256 (utrumque
1087 2210 1180 2245 enim
1203 2210 1350 2261 pariter
1372 2221 1497 2256 poena
1527 2210 1674 2255 diqnum
1703 2215 1787 2252 est),
1822 2221 1860 2245 se
1891 2217 1925 2245 et
1956 2210 2132 2245 bonorum
2163 2210 2447 2256 publicationem
2470 2217 2506 2246 et

287 2256 435 2292 exilium
465 2260 500 2290 et
529 2266 695 2301 corporis
725 2259 902 2290 tormenta
927 2258 964 2289 at
991 2266 1035 2290 ue
1063 2254 1244 2301 supplicia
1267 2266 1344 2290 esse
1366 2254 1583 2296 subiturum,
1616 2265 1681 2290 nec
1704 2255 1822 2289 minus
1844 2254 1946 2290 illum
2001 2255 2039 2290 ui
2063 2254 2151 2300 quid
2179 2254 2224 2289 ab
2248 2255 2329 2301 ipso
2353 2256 2503 2301 accepit,

287 2302 379 2337 sicut
399 2300 571 2342 clioeimus,
595 2300 736 2346 maqnis
758 2299 863 2334 malis
884 2299 949 2334 sub
977 2300 1119 2334 iturum.
1165 2298 1287 2334 Puras
1306 2299 1399 2334 enim
1417 2299 1649 2346 postulamus
1671 2310 1748 2334 esse
1764 2299 1982 2345 provinciali
2008 2310 2051 2334 us
2073 2299 2344 2346 maqistratibus
2365 2310 2504 2342 manus,

288 2357 360 2392 quo
388 2345 549 2381 subditos
576 2344 759 2380 indemnes
787 2344 979 2390 salvosque
1005 2355 1193 2380 servemus.
1242 2343 1293 2379 Et
1315 2343 1383 2379 liae
1405 2343 1547 2390 quidem
1580 2347 1652 2379 tam
1674 2355 1697 2379 a
1726 2343 1864 2390 leqibus
1888 2350 1997 2390 'quam
2025 2355 2049 2379 a
2071 2343 2343 2395 magistratibus
2363 2355 2505 2391 poenae

288 2391 379 2433 illis,
404 2391 467 2437 qui
489 2390 605 2425 dictos
629 2401 687 2424 ma
715 2390 865 2425 istratus
887 2394 1035 2442 qerunt,
1057 2389 1090 2424 si
1115 2389 1186 2425 tale
1209 2389 1298 2435 quid
1325 2389 1501 2434 fecerint,
1533 2388 1774 2424 imminebunt.
1822 2387 1961 2424 Damus
1986 2399 2071 2424 vero
2093 2395 2202 2424 ettam
2219 2389 2506 2435 provincialibus

286 2440 517 2483 potestatem,
548 2435 580 2470 si
609 2435 671 2487 qui
725 2435 851 2470 iniusti
880 2446 918 2469 in
943 2435 1137 2481 provincia
1168 2435 1232 2480 qui.
1261 2435 1514 2480 maqistratum
1541 2434 1636 2480 'qerit
1662 2434 1928 2480 perpetraverit
1954 2438 1990 2470 et
2010 2433 2174 2469 subditos
2195 2438 2344 2469 nostros
2366 2434 2507 2470 damnis

289 2480 499 2527 quibusdam
521 2485 585 2515 aut
607 2480 750 2515 iniuriis
774 2479 955 2526 affecerit,
984 2484 1024 2515 ut
1043 2479 1108 2515 deo
1134 2480 1340 2515 carissimus
1363 2479 1557 2526 episcopus
1576 2479 1724 2524 eiusque
1747 2479 1819 2514 loci
1841 2478 2022 2530 primates
2037 2489 2169 2525 preces
2190 2478 2240 2514 ad
2258 2489 2326 2514 nos
2347 2479 2504 2521 mittant,

288 2537 382 2573 quae
409 2527 485 2562 eius
511 2526 575 2572 qui
601 2525 852 2570 maqistratum
877 2525 972 2572 qerit
1000 2524 1131 2560 delicta
1157 2528 1357 2571 exponant.
1412 2524 1490 2559 Nos
1516 2524 1609 2559 enim
1636 2523 1693 2558 liis
1722 2524 1878 2570 coqnias
1906 2524 1945 2558 in
1969 2524 2198 2570 provinciam
2230 2524 2409 2559 mittemus
2441 2525 2507 2571 qui

288 2583 332 2607 ea
355 2571 554 2611 eoeaminet,
601 2582 647 2605 uo
669 2570 746 2612 ille,
767 2570 828 2605 ubi
851 2570 1013 2616 deliquit,
1042 2569 1091 2604 ibi
1114 2570 1222 2605 etiam
1238 2580 1385 2616 poenas
1407 2568 1619 2604 delictorum
1641 2568 1787 2604 subeat:
1813 2573 1854 2604 ut
1876 2579 1921 2603 ne
1944 2568 2026 2614 quis
2048 2568 2143 2603 alius
2163 2568 2306 2614 quidem
2326 2568 2397 2605 tale
2419 2569 2509 2615 quid

287 2621 501 2663 perpetrare
520 2628 566 2651 au
594 2619 653 2651 eat
675 2615 725 2650 ad
742 2615 946 2661 exemplum
966 2615 1170 2661 respiciens.

423 2660 487 2697 IX.
535 2660 676 2707 Quippe
705 2660 898 2696 necessitas
921 2660 953 2695 ei
975 2661 1038 2706 qui
1061 2660 1313 2706 maqistratum
1340 2659 1452 2706 qessit
1480 2658 1660 2694 incumbat
1689 2658 1883 2694 secundum
1906 2658 2054 2704 priores
2082 2658 2377 2701 constitutiones,
2402 2664 2503 2706 post-

290 2718 397 2753 quam
422 2705 603 2753 cinqulum
628 2705 794 2752 deposuit
817 2705 1083 2757 quinquaqinta
1110 2706 1187 2740 dies
1212 2706 1250 2739 in
1272 2705 1461 2751 provincia
1490 2703 1747 2746 commorandi,
1780 2707 1820 2738 ut
1840 2703 1983 2749 publice
2008 2708 2189 2750 appareat
2213 2708 2250 2739 et
2271 2703 2316 2738 ab
2343 2703 2507 2739 omnibus

291 2753 450 2788 actiones
473 2751 644 2802 excipiat.
692 2749 826 2793 Quodsz
848 2754 1042 2796 antequam
1065 2750 1264 2796 impleverit
1288 2749 1554 2802 quinquaqinta
1572 2748 1648 2784 dies
1667 2748 1866 2794 aufuqiens
1888 2747 2180 2800 deprehendatur
2203 2753 2385 2795 tamquam
2409 2749 2505 2785 vilis-

290 2797 415 2832 simum
447 2807 562 2831 manci
592 2796 680 2838 ium,
708 2799 925 2841 potestatem
948 2795 1076 2830 damus
1099 2795 1251 2831 subditis
1274 2806 1352 2830 eum
1373 2806 1411 2829 m
1433 2794 1511 2830 loco
1537 2793 1606 2836 [vel
1626 2793 1832 2840 provincia]
1859 2792 2041 2829 detinendi
2059 2799 2097 2828 et
2123 2804 2227 2828 omne
2258 2793 2507 2845 quodcumque

291 2842 466 2877 dederunt
489 2842 523 2877 ei
567 2841 641 2876 urti
664 2841 806 2875 nomine
828 2840 1018 2886 exiqendi,
1047 2844 1239 2887 praesente
1264 2844 1381 2875 tamen
1404 2838 1471 2875 deo
1495 2838 1682 2874 carissimo
1706 2838 1878 2885 episcopo
1905 2842 1942 2873 et
1961 2849 2106 2873 causam
2125 2849 2176 2874 ea:
2194 2843 2332 2885 scripto
2350 2849 2504 2886 coquos-

291 2891 408 2929 cente,
429 2886 543 2922 donec
554 2885 753 2921 restituerit
764 2885 1013 2931 quodcumque
1030 2885 1219 2921 abstulisse
1234 2884 1412 2932 probatus
1423 2884 1501 2920 erit.
1540 2882 1613 2919 Sed
1623 2888 1659 2919 et
1669 2884 1742 2930 ipsi
1754 2882 2010 2935 provinciales,
2028 2883 2061 2934 si
2074 2883 2217 2929 quidem
2230 2884 2376 2936 furtum
2392 2884 2505 2936 maffi-

290 2937 467 2968 stratuum
477 2943 554 2966 com
583 2931 711 2973 eriant,
721 2931 858 2966 veniam
871 2930 1036 2973 habeant,
1049 2931 1156 2966 immo
1169 2941 1254 2966 vero
1268 2929 1513 2966 necessitatem
1524 2928 1563 2963 id
1574 2928 1677 2964 nobis
1688 2927 1892 2970 indwandi;
1903 2932 1945 2963 ut
1955 2932 2129 2964 certiores
2136 2929 2234 2980 sacti
2247 2928 2347 2964 illum
2360 2939 2504 2965 ommno

291 2988 383 3013 auro
403 2977 461 3012 ius
479 2942 628 3013 vendin-e
648 2975 753 3011 dictis
773 2987 851 3010 eum
873 2976 1004 3022 poenis
1019 2975 1247 3018 subiciamus,
1267 2978 1525 3026 praeterquam
1545 2973 1644 3019 quod
1663 2974 1771 3010 etiam
1791 2972 2001 3008 caelestibus
2020 2973 2210 3020 suppliciis
2230 2973 2410 3010 obnoxius
2423 2974 2504 3016 crit,

291 3023 355 3068 qui
370 3021 631 3063 iusiurandum,
645 3032 723 3055 cum
736 3032 807 3066 quo
822 3021 1073 3067 maqistratum
1086 3021 1236 3067 accepit,
1258 3020 1453 3056 violaverit.
1480 3017 1617 3062 Quodsi
1627 3030 1678 3055 ex
1691 3029 1912 3065 quacumque
1931 3028 2043 3053 causa
2063 3030 2137 3054 non
2151 3018 2308 3065 impletis
2327 3018 2504 3067 quinqua-

1478 3114 1497 3145 2
1530 3112 1609 3153 quia
1632 3115 1665 3143 et
1687 3110 1962 3150 confiscationem]
1990 3120 2009 3142 a
2034 3112 2066 3142 et
2087 3110 2227 3142 confisca
2250 3108 2299 3141 13²
2320 3110 2354 3142 in
2376 3121 2442 3142 rae.
2465 3110 2504 3143 10

1423 3159 1500 3200 sere
1513 3157 1570 3190 litt.
1591 3156 1604 3199 u
1619 3159 1653 3188 et
1675 3156 1723 3196 in]
1750 3158 1782 3188 et
1799 3167 1858 3189 om.
1870 3155 1917 3188 R*
1933 3152 1947 3198 ΙΙ
1965 3157 1986 3189 4
2009 3155 2095 3187 sicut
2117 3153 2342 3197 praediximus
2357 3166 2419 3187 on.
2430 3152 2506 3200 13111

1433 3205 1452 3235 5
1478 3201 1603 3234 eximus
1627 3201 1675 3235 V*
1699 3200 1711 3245 ΙΙ
1737 3202 1758 3234 8
1789 3200 1841 3233 his
1863 3199 1994 3240 RTV²J
2018 3200 2047 3232 is
2070 3199 2118 3234 V²
2141 3200 2184 3232 iis
2205 3198 2320 3243 vulg]
2345 3200 2366 3232 9
2389 3198 2504 3231 damus

1434 3248 1481 3280 bis
1493 3259 1556 3280 scr.
1572 3245 1610 3279 V
1614 3246 1626 3266 ¹
1676 3248 1716 3280 10
1734 3243 1996 3288 prouincialibus
2012 3247 2045 3285 (a
2060 3258 2119 3278 om.
2132 3245 2196 3285 12¹)
2209 3244 2307 3278 etism
2319 3243 2356 3277 R
2389 3242 2502 3275 tonin-

339 3116 354 3148 1
371 3110 524 3155 δήμησιν
534 3113 581 3146 B⁶
597 3112 609 3156 ss
629 3110 698 3155 38η
710 3113 763 3153 M]
779 3110 817 3144 δὲ
832 3113 899 3145 LB
916 3114 928 3155 ΙΙ
945 3110 1009 3146 τὸν
1020 3126 1077 3147 om.
1088 3113 1123 3145 B
1138 3113 1150 3155 ss
1169 3108 1364 3155 ὃᾶζημιόυς

292 3179 335 3184 --
352 3155 478 3200 εὖθην.
500 3170 589 3194 οηι.ς
607 3157 620 3199 ΙΙ
636 3160 654 3191 ’7
681 3155 891 3202 φυλάξωμεν
915 3158 1025 3201 Epan.
1042 3156 1055 3201 ΙΙ
1073 3158 1093 3191 8
1118 3159 1169 3198 τε]
1195 3157 1257 3190 τοῦ
1283 3157 1330 3190 L¹
1354 3155 1365 3201 ΙΙ

296 3206 335 3239 12
356 3200 592 3249 διαπράξεται
605 3203 636 3236 L
655 3203 665 3238 ΙΙ
682 3204 752 3243 καὶ]
774 3202 828 3235 uel
841 3203 868 3235 si
882 3214 901 3238 ς
915 3201 928 3247 ΙΙ
952 3205 989 3236 13
1004 3199 1211 3246 περιβάλλοι
1226 3202 1285 3243 Μ]
1305 3213 1365 3235 πε-

294 3246 434 3292 ριβάλοι
456 3250 490 3282 Β
511 3244 737 3292 παραβάλλοι
751 3248 796 3287 L;
822 3249 881 3292 leq.
902 3244 1122 3293 περιβάλληῗ
1149 3245 1162 3291 ΙΙ
1187 3243 1281 3280 ὥστε
1299 3244 1365 3279 τὸν

295 3292 578 3338 θεοφιλέστατον
598 3293 806 3333 ἐπίσκοπον]
830 3295 868 3325 ut
892 3292 951 3325 deo
970 3282 1126 3325 amabiles
1147 3292 1290 3334 episcopi
1316 3304 1334 3327 ς
1352 3290 1365 3332 ΙΙ
1432 3290 1612 3334 οἰαΙίΙῙίΒιιι
1690 3289 1702 3334 ΙΙ
1730 3293 1766 3324 11
1790 3289 2085 3324 amministratione
2108 3289 2193 3323 R'V
2196 3290 2207 3310 ¹
2232 3288 2246 3331 ΙΙ
2270 3290 2310 3322 13
2382 3286 2502 3319 latores

299 3341 336 3372 18
363 3338 460 3372 ἔνθα
483 3340 541 3371 καὶ
565 3334 731 3380 ἠδίκησεν
753 3339 863 3381 Epan.
883 3336 895 3381 ΙΙ
914 3339 953 3371 19
974 3337 1036 3371 τοῦ
1058 3333 1365 3380 πλημμελήματος,
1432 3335 1508 3380 13¹1}
1529 3337 1569 3370 14
1591 3345 1709 3378 praece
1731 3335 1779 3369 R¹
1795 3334 1808 3380 ΙΙ
1829 3336 1870 3370 16
1892 3334 2072 3377 dirigemus
2092 3335 2178 3375 vulo.
2198 3333 2290 3374 (Gr.)
2309 3331 2328 3375 ΙΙΙ
2347 3331 2428 3364 haec
2450 3330 2501 3372 V]

297 3379 343 3416 ὦς
356 3384 463 3426 Epnn.
481 3386 492 3424 ΙΙ
511 3385 554 3417 20
574 3395 610 3417 τι
631 3396 689 3416 om.
700 3383 809 3426 Epan.
829 3381 842 3426 ΙΙ
859 3384 900 3416 23
918 3378 1105 3423 διατάξεις]
1135 3383 1213 3416 cod.
1241 3384 1269 3422 1,
1294 3389 1329 3416 49
1352 3379 1365 3423 ΙΙ
1432 3382 1495 3414 hoo
1517 3381 1615 3424 vulq„
1646 3393 1704 3414 om.
1730 3380 1762 3413 R
1777 3380 1790 3426 ΙΙ
1808 3379 2117 3415 examiminaturum
2139 3370 2204 3420 R!
2223 3379 2260 3411 ¹7
2285 3374 2503 3427 teneant-8²]

296 3423 532 3461 κατάθωνται
557 3429 591 3462 Β
607 3427 619 3473 ΙΙ
637 3429 680 3462 24
709 3424 862 3470 δημοσίᾳ
887 3426 1105 3472 φαινόμενον
1130 3428 1189 3459 καὶ
1216 3440 1273 3460 om.
1296 3428 1330 3459 B
1353 3426 1365 3471 ΙΙ
1436 3427 1475 3460 18
1497 3435 1635 3469 poenam
1653 3425 1688 3459 R
1713 3424 1726 3470 ΙΙ
1756 3426 1798 3460 23
1822 3424 2012 3466 seeundum]
2039 3435 2097 3458 sn
2122 3422 2162 3457 V
2168 3421 2179 3443 ¹
2203 3421 2217 3465 ΙΙ
2245 3422 2501 3472 constitutiones

297 3473 339 3506 26
363 3471 553 3517 ἐναγωγάς]
575 3470 764 3519 ἐναγωγάς,
788 3474 847 3506 καὶ
871 3474 945 3505 τοῖς
967 3468 1051 3505 κατ’
1072 3467 1181 3505 αὐτοῦ
1204 3471 1366 3505 κινοῦσιν
1430 3469 1492 3512 Ru
1510 3469 1589 3503 dum
1602 3470 1801 3513 deposuerit]
1816 3470 1894 3504 dnm
1904 3470 2053 3512 posuerit
2065 3467 2102 3503 V
2103 3467 2118 3490 ¹
2129 3466 2195 3519 ‘¹¹3'
2211 3478 2229 3498 ο
2247 3479 2265 3497 ⁸
2281 3465 2329 3499 R¹
2344 3463 2360 3508 ΙΙ
2375 3466 2417 3499 24
2432 3463 2501 3497 dlen

297 3515 559 3561 ἀποκρίνεσθαι
575 3521 632 3560 (=
645 3531 714 3551 nov.
728 3519 801 3559 128,
810 3519 851 3552 23
861 3518 919 3559 in.)
933 3514 1084 3560 δημοσίᾳ
1125 3513 1366 3560 αινόμενον-
1430 3514 1499 3549 RV
1503 3514 1527 3556 ¹]
1550 3525 1610 3557 per
1632 3516 1701 3548 dies
1721 3515 1758 3550 V
1762 3515 1776 3536 ³
1799 3514 1913 3559 υιι19.ΙΙ
1930 3521 2175 3548 commemoran
2197 3510 2235 3544 V
2241 3510 2252 3531 ¹
2267 3509 2280 3554 ΙΙ
2298 3511 2340 3544 25
2362 3520 2398 3542 se
2421 3519 2499 3542 con-

298 3559 367 3613 εἴτε
387 3563 444 3593 καὶ
466 3574 489 3603 μ
496 3559 513 3602 ἡ
528 3565 722 3604 (=nov.95,
735 3564 747 3596 1
761 3563 829 3606 pr.)
842 3562 877 3596 Β
890 3563 903 3603 Ι
922 3563 964 3596 28
988 3530 1188 3596 συντελέσω
1203 3563 1233 3596 L
1251 3560 1264 3606 u
1277 3563 1322 3615 29
1342 3558 1365 3603 ἢ
1430 3561 1569 3593 stantem
1591 3562 1624 3593 et
1638 3560 1687 3612 ab·
1699 3560 1789 3594 omni
1801 3560 1850 3593 R¹
1865 3559 1879 3603 ΙΙ
1896 3561 1940 3594 26
1954 3560 1996 3601 si]
2011 3558 2126 3599 ai(-
2139 3556 2229 3597 ante)
2242 3556 2294 3588 vel
2304 3555 2416 3595 1111ι(··“ἱ
2428 3557 2500 3596 ⁸¹¹0

460 3604 994 3697 πιεειῇνιριει·
1010 3603 1366 3695 [ξυνέγραψε
1432 3604 1749 3694 inesses
1783 3599 2498 3692 izziastssmssesffl

297 3706 407 3729 νοντα
434 3694 468 3728 Β
483 3693 496 3739 ΙΙ
514 3697 556 3728 40
582 3695 625 3728 Εἰ
649 3715 690 3720 —-
713 3693 975 3742 τετραπλάσιον
998 3697 1065 3740 (73,
1089 3697 1124 3739 5)
1147 3709 1204 3731 οηι.
1263 3695 1297 3729 Β
1432 3695 1474 3728 35
1483 3694 1545 3728 hoc
1555 3694 1850 3740 Vst37eumsuppl.
1859 3689 2498 3738 73ῥιιραι.υαο.114θιιοῐιιειὶιγ2υιι[ο.
