2618 4010
279 104 393 147 Nov.
423 103 602 147 LXXIV
635 107 654 144 1
1238 75 1246 81 ⁷
1344 103 1431 159 372
1465 127 1469 132 ·
1877 104 2045 160 Qunms'
2068 119 2202 153 monis
2232 119 2496 155 unwanus

286 212 435 249 δίδωσιν
455 206 494 247 εὗ
512 213 632 247 ποιῶν
654 209 674 248 ὁ
697 213 815 259 νόμος.
862 217 940 250 ταῖς
957 213 1140 250 τοιαύταις
1162 207 1352 251 οῧνάντι-
1422 216 1518 262 quod
1539 216 1703 262 patribus
1727 217 1789 253 dat
1814 217 1905 255 bene
1928 219 2063 256 faciens
2088 219 2155 256 lex.
2203 219 2352 256 Talibus
2375 219 2495 265 itaque
2523 233 2525 235 ¹

285 256 470 312 τάξασθαι
500 259 640 313 τέχναις
669 258 781 303 νόμον
803 259 1029 304 καθέστηκεν
1059 258 1154 296 ἴδιον
1175 257 1355 308 ἀκριβοῦς,
1422 261 1588 297 resistere
1607 261 1745 297 artibus
1760 261 1847 307 legis
1871 267 1926 300 est
1947 265 2131 311 proprium
2155 264 2306 309 subtilia,
2328 274 2435 310 quam
2457 265 2494 300 in

285 301 327 338 ὃν
350 304 390 337 ἐν
411 304 467 346 τῷ
489 314 646 351 παροντι
668 304 832 350 τίθεμεν.
864 344 868 351 ,
1421 307 1602 352 praesenti
1625 306 1815 343 sancimus.

1285 440 1441 478 CAPUT
1468 441 1498 478 Ι.
1566 484 1574 491 ,

329 518 382 563 Εἴ
409 529 463 553 τις
492 512 556 553 οὖν
586 515 649 553 οὐκ
676 520 771 562 ἔχων
801 519 931 555 παῖδας
958 523 1138 564 νομίμους,
1161 519 1294 555 νόθους
1318 518 1357 554 δὲ
1470 519 1508 556 si
1531 519 1611 564 quis
1636 529 1719 564 ergo
1743 498 1815 557 non
1838 521 1974 558 hab'ens
1992 522 2086 560 filios
2103 523 2289 569 legitimos,
2314 523 2493 564 naturales

282 560 408 608 μόνον,
432 562 560 598 αὐτοὺς
578 565 645 608 μὲν
661 568 826 610 γνησίους
847 562 1074 607 ποιήσασθαι
1089 562 1269 610 βούλεται,
1291 564 1357 609 τὴν
1392 569 1412 602 5
1425 568 1546 601 autem
1562 565 1818 611 tantummodo,
1838 567 1936 613 ipsos
1948 567 2090 613 quidem
2104 579 2188 606 suos
2200 570 2320 606 facere
2331 569 2493 611 voluerit,

282 611 433 656 γυναῖκα
462 607 502 644 δὲ
524 605 546 652 ἢ
569 606 632 644 οὐκ
655 612 729 652 ε’χοι
753 609 939 645 παντελῶς
968 607 990 653 ἢ
1013 608 1076 644 οὐκ
1100 608 1356 656 ἀναμάρτητον
1424 610 1608 646 mulierem
1635 620 1718 647 vero
1748 615 1812 647 aut
1842 623 1916 649 non
1947 612 2057 649 babet
2085 615 2243 660 penitus,
2279 618 2343 651 aut
2369 615 2495 660 (quae)
2541 635 2544 638 Δ

283 651 306 698 ἢ
334 651 375 689 οὗ
404 656 626 700 φαινομένην
656 657 729 697 ἔχοι
760 652 782 698 ἢ
810 653 900 689 κατά
935 668 971 689 τι
1000 653 1156 700 νόμιμον
1190 654 1279 703 πρὸς
1313 655 1355 690 τὸ
1425 667 1497 692 11011
1519 655 1595 692 sine
1619 655 1748 692 delicto
1778 657 1825 694 sit
1855 661 1919 693 aut
1948 668 2040 703 quae
2070 669 2142 695 non
2171 664 2345 714 appareat
2364 659 2494 695 habeat

283 702 505 734 συνοικόσιον
529 697 823 744 ἐμποδιζομένην,
857 698 1004 745 δίδομεν
1028 697 1127 744 αύτῷ
1152 704 1355 749 παρρησίαν
1425 704 1488 738 aut
1500 702 1694 738 secundum
1707 702 1885 747 quandam
1905 703 2016 748 legem
2039 703 2085 739 ad
2107 705 2367 742 matrimonium
2389 714 2493 750 prae-

283 744 366 792 ξένῃ
398 747 472 779 τινὶ
502 748 563 779 καὶ
585 746 653 779 νῦν
676 745 891 792 έξηυρημένῃ
925 743 1014 792 παρ’
1042 743 1145 790 ἡμῶν
1168 744 1242 789 ὁδῷ
1267 746 1356 794 πρὸς
1424 747 1596 793 peditam,
1633 747 1757 783 damus
1787 748 1821 784 ei
1850 748 2019 784 fiduciam
2050 759 2142 785 nova
2165 751 2316 794 quadam
2339 752 2377 785 et
2397 759 2494 785 nunc

281 793 448 836 γνησίους
478 787 624 836 ἀγαγεῖν
652 790 733 826 τοὺς
763 791 911 833 νόθους,
944 789 1080 844 δηλαδὴ
1102 796 1263 839 γνησίων
1294 794 1354 826 ἐπὶ
1370 794 1411 827 10
1423 792 1612 828 adinventa
1632 802 1655 828 a
1677 793 1781 829 nobis
1804 794 1861 830 via
1883 794 1930 830 ad
1952 794 2186 848 legitimorum
2211 795 2267 831 ius
2298 795 2495 840 perducere

282 836 360 870 τῶν
382 833 560 870 τοιούτων
582 835 756 880 θεμάτων
784 833 846 870 οὐκ
869 834 998 871 ὄντων.
1049 834 1163 883 ὡςπερ
1186 837 1254 885 γὰρ
1277 839 1355 872 ἔστι
1418 838 1624 882 naturales,
1658 839 1784 884 procul
1814 839 1922 875 dubio
1947 849 2021 875 su1s
2043 839 2081 875 in
2103 840 2235 876 talibus
2259 841 2399 876 casibus
2423 850 2494 875 non

283 892 337 915 τις
359 883 431 915 τοῖς
455 880 525 928 πρὸ
557 878 661 926 ἡμῶν
685 881 914 929 ἐξηυρημένος
945 880 1077 926 τρόπος
1108 879 1145 916 ὃς
1175 882 1257 917 τοὺς
1287 880 1353 918 ἀπ·
1424 883 1667 920 existentibus.
1701 884 1802 919 Sicut
1816 885 1909 920 enim
1931 888 1985 920 est
2028 884 2147 920 uidam
2163 894 2185 920 a
2228 885 2494 921 raecedentibus

282 925 490 973 ελευθέρους
520 926 568 960 εἰς
590 924 771 972 εὐγένειαν
795 926 882 973 ἄγει,
915 927 1182 976 προκαθαίρων
1203 930 1271 973 μὲν
1295 924 1356 961 αὖ·
1423 929 1526 965 nobis
1547 928 1759 965 adinventus
1782 929 1908 966 modus
1931 930 1992 976 qui
2030 930 2162 966 'bertos
2177 940 2200 966 a
2242 929 2494 975 ingenuitatem

282 971 363 1006 τοὺς
381 971 484 1018 ἑτέρᾳ
507 974 582 1005 τινὶ
605 970 731 1019 πράξει
754 975 814 1005 καὶ
834 969 951 1006 διδοὺς
975 971 1094 1008 αὐτοῖς
1117 973 1159 1007 τὸ
1180 975 1257 1008 τῶν
1275 987 1354 1021 χρυ·
1424 974 1579 1018 deducit,
1600 974 1863 1020 praemundans
1884 975 2026 1021 quidem
2050 985 2111 1011 eos
2135 975 2204 1011 alio
2232 975 2386 1020 quodam
2411 978 2495 1010 actu

283 1017 361 1050 σῶν
385 1014 587 1051 δακτυλίων
611 1014 761 1059 δίκαιον,
793 1013 945 1064 ὕστερον
969 1015 1009 1052 δὲ
1040 1019 1088 1053 εἰς
1108 1014 1221 1062 αὐτὴν
1245 1020 1354 1054 ἐπαν-
1370 1023 1410 1055 15
1424 1023 1460 1056 et
1484 1019 1573 1056 dans
1598 1020 1648 1056 eis
1673 1030 1861 1056 aureorum
1883 1022 1939 1057 ius
1964 1020 2170 1063 anulorum,
2197 1023 2323 1066 postea
2344 1029 2427 1055 vero
2451 1020 2496 1055 ad

281 1059 383 1108 ἄγων
401 1061 467 1105 τὴν
483 1060 592 1107 φύσιν
614 1061 682 1104 τὴν
698 1059 829 1096 δοῦλόν
845 1075 885 1096 τε
901 1066 961 1097 καὶ
977 1061 1105 1099 §keu-912
1129 1077 1171 1099 ον
1196 1064 1234 1105 ἐξ
1251 1063 1356 1110 ἀρχῆς
1422 1066 1538 1110 ipsam
1561 1065 1739 1102 deducens
1764 1070 1939 1106 naturam,
1965 1076 2055 1111 quae
2071 1076 2210 1102 servum
2226 1070 2263 1101 et
2282 1066 2432 1102 liberum
2449 1065 2495 1101 ab

244 1142 250 1158 -.
280 1107 330 1151 μὴ
354 1105 601 1153 διακρίνασαν,
634 1105 715 1161 ἀλλ’
741 1106 938 1155 ἐλευθέραν
962 1108 1029 1153 τὴν
1052 1106 1098 1143 ἀν
1130 1108 1253 1155 ρώπου
1277 1122 1354 1145 ποι-
1423 1111 1524 1146 initio
1541 1121 1615 1146 non
1628 1111 1803 1155 discrevit,
1824 1112 1887 1147 sed
1902 1111 2050 1147 liberam
2068 1111 2220 1147 hominis
2234 1111 2321 1146 fecit
2342 1111 2494 1155 prolem:

281 1155 465 1196 ησαμένην
492 1151 619 1199 γονήν·
655 1165 752 1187 ουτω
782 1151 826 1196 δὴ
857 1157 917 1187 καὶ
938 1151 1034 1198 ἡμεῖς
1063 1156 1194 1194 τοῦτον
1224 1154 1267 1199 δὴ
1289 1154 1355 1189 τὸν
1424 1156 1476 1192 sic
1511 1158 1548 1192 et
1581 1166 1647 1192 nos
1682 1157 1777 1192 bunc
1810 1157 1953 1193 modum
1989 1157 2229 1192 adinvenimus
2259 1166 2401 1192 causae.
2448 1155 2498 1190 Et

282 1197 420 1243 τρόπον
455 1199 670 1242 ἐπινοοῦμεν
706 1198 761 1241 τῷ
796 1196 991 1246 πράγματι.
1034 1202 1095 1234 καὶ
1132 1194 1264 1241 ἐξέστω
1300 1201 1352 1243 τῷ
1422 1201 1545 1237 licebit
1559 1201 1596 1237 id
1636 1202 1715 1245 atri,
1732 1202 1824 1238 utin
1841 1202 1896 1238 his
1917 1203 1977 1248 qui
1998 1202 2130 1239 dudum
2150 1212 2172 1237 a
2185 1201 2289 1237 nobis
2307 1201 2392 1236 dicti
2413 1202 2498 1237 sunt

282 1246 394 1290 πατρὶ
423 1244 484 1278 ἐπὶ
512 1244 591 1277 τῶν
613 1243 827 1291 εμπροσθεν
849 1241 934 1287 ἡμῖν
967 1245 1165 1294 εἰρημένων
1193 1245 1353 1291 τρόπων,
1369 1249 1410 1282 20
1423 1247 1546 1291 modis,
1570 1257 1612 1283 ve
1646 1248 1751 1283 etiam
1776 1248 1806 1284 si
1830 1248 1908 1293 quis
1931 1248 2025 1283 alter
2039 1248 2236 1283 occurrerit
2249 1247 2330 1282 talis
2352 1246 2498 1290 (multae

281 1285 303 1332 ἢ
333 1290 394 1322 καὶ
426 1288 463 1322 εἴ
485 1299 538 1323 τις
567 1290 684 1334 ἔτερος
719 1286 917 1333 ἀπαντήσει
951 1291 1110 1325 τοιοῦτος
1144 1290 1270 1334 (πολλὰ
1305 1289 1354 1331 δέ,
1423 1302 1575 1338 namque
1607 1293 1700 1328 sicut
1728 1293 1967 1338 praediximus
1999 1295 2151 1328 naturae
2182 1295 2267 1328 sunt
2295 1292 2497 1334 novitates),

281 1331 452 1381 καθάπερ
474 1333 643 1380 ἔφᾶημεν
667 1333 844 1377 εἰπόντες,
873 1335 918 1369 τὰ
941 1337 1002 1380 τῆς
1031 1335 1170 1382 φύσεως
1193 1349 1353 1384 καινουρ·
1421 1338 1531 1374 liceat
1552 1337 1660 1382 igitur
1693 1338 1787 1374 sicut
1817 1338 1970 1374 diximus
1999 1338 2113 1384 patri,
2148 1338 2180 1374 si
2210 1337 2398 1382 legitimam
2424 1346 2498 1372 non

280 1378 447 1426 γήματα),
478 1379 613 1420 ἐξέστω
637 1383 761 1414 τοίνυν
784 1379 953 1427 καθάπερ
985 1383 1123 1427 ἔφαμεν
1153 1384 1206 1425 τῷ
1232 1385 1353 1425 πατρί,
1423 1383 1555 1419 habeat
1578 1383 1747 1428 sobolem,
1771 1383 1863 1419 filios
1886 1383 2075 1420 restituere
2098 1387 2249 1419 naturae
2273 1387 2309 1419 et
2328 1383 2498 1427 antiquae

282 1424 381 1470 εἴπερ
403 1428 551 1471 γνησίας
573 1422 638 1459 οὐκ
661 1423 828 1471 εὖποροίη
851 1427 967 1472 γονῆς,
998 1427 1079 1474 τοὺς
1102 1426 1234 1462 παῖδας
1265 1425 1353 1462 ἀπο·
1423 1429 1647 1474 ingenuitati,
1682 1430 1713 1466 si
1735 1439 1780 1465 ex
1802 1429 1917 1465 libera
1939 1430 1970 1465 ei
1993 1429 2099 1472 fiant,
2135 1431 2172 1465 et
2195 1439 2280 1464 suos
2304 1428 2349 1464 de
2379 1432 2498 1463 cetero

281 1471 505 1513 καταστῆσαι
528 1471 573 1517 τῇ
595 1470 701 1516 φύσει
721 1473 781 1504 καὶ
803 1472 848 1518 τῇ
872 1469 1023 1506 ἄνωθεν
1054 1469 1230 1519 εὐγενείᾳ,
1262 1472 1298 1506 εἴ
1314 1485 1355 1528 γε
1369 1476 1411 1509 25
1424 1478 1461 1510 et
1484 1475 1550 1510 sub
1580 1478 1759 1521 potestate
1789 1474 1932 1511 habere.
1980 1474 2035 1510 Ne
2062 1484 2107 1509 ue
2137 1474 2241 1510 enim-
2260 1483 2283 1508 a
2312 1473 2497 1519 principio,

282 1514 321 1556 ἐξ
345 1514 536 1564 ἐλευθέρας
560 1513 658 1559 αὐτῷ
681 1518 857 1564 γένοιντο,
888 1520 946 1550 καὶ
962 1521 1135 1566 Ιγνησίους
1159 1518 1202 1552 τὸ
1227 1518 1355 1553 λοιπον
1425 1520 1567 1565 quando
1592 1520 1670 1556 sola
1692 1523 1823 1556 natura
1846 1520 2032 1556 sanciebat
2082 1519 2272 1563 ominibus,
2309 1521 2499 1564 antequam

217 1576 222 1580 ·
282 1564 341 1594 καὶ
364 1558 591 1602 ὑπεξουσίους
613 1563 718 1604 ἔχειν.
764 1558 875 1607 <ούδὲ
897 1562 965 1610 γὰρ
989 1563 1027 1604 ἐξ
1050 1560 1174 1611 ἀρχῆς,
1206 1561 1310 1607 ἡνίκα
1334 1561 1355 1606 ἡ
1427 1565 1582 1610 scriptae
1605 1566 1833 1611 provenirent
1851 1566 1963 1610 leges,
2001 1565 2070 1601 fuit
2101 1565 2274 1611 quaedam
2298 1564 2499 1600 differentia

282 1605 402 1652 φύσις)
426 1604 704 1651 ὃιεθεσμοθέτει
727 1609 800 1641 τοῖς
821 1605 1034 1655 ἀνθρώποις
1048 1608 1152 1653 μόνη,
1174 1612 1262 1656 πρὶν
1277 1608 1357 1643 τοὺς
1426 1610 1600 1647 naturalis
1624 1615 1731 1656 atque
1754 1611 1910 1656 legitimi,
1935 1611 1998 1647 sed
2022 1610 2177 1655 antiquis
2200 1610 2410 1656 parentibus
2435 1618 2498 1644 an-

281 1651 461 1700 γραπτοὺς
489 1652 710 1707 εἰςφοιτῇσαι
741 1651 886 1696 νόμους,
918 1646 962 1697 ἦν
985 1665 1038 1688 τις
1060 1651 1217 1700 διαφορὰ
1239 1653 1355 1689 νόθου
1420 1656 1515 1702 tiqui
1545 1655 1610 1691 filii
1637 1667 1720 1692 mox
1749 1659 1791 1692 ut
1821 1656 2064 1701 procedebant
2094 1656 2231 1691 fiebant
2265 1655 2427 1709 legitimi,
2463 1658 2500 1690 et

281 1710 322 1732 τε
345 1699 405 1731 καὶ
425 1701 590 1751 γνησίου,
623 1695 712 1732 αλλὰ
734 1701 807 1732 τοῖς
830 1697 988 1744 πρώτοις
1009 1700 1176 1747 γονεῦσιν
1199 1699 1236 1734 οἱ
1257 1703 1353 1748 πρῶ·
1368 1703 1412 1735 30
1425 1701 1520 1737 sicut
1548 1702 1586 1737 in
1614 1701 1735 1737 liberis
1764 1706 1893 1738 natura
1918 1701 2057 1756 quidem
2079 1701 2210 1737 liberos
2244 1700 2331 1736 fecit
2365 1709 2498 1741 omnes,

281 1755 339 1777 τοι
362 1740 486 1777 παῖδες
509 1755 584 1787 αμα
606 1744 651 1790 τῇ
677 1742 823 1797 προόδῳ
844 1741 1015 1790 γεγόνασι
1036 1743 1187 1792 γνήσιοι,
1211 1749 1271 1779 καὶ
1292 1742 1354 1780 ὥς·
1424 1747 1518 1782 bella
1538 1757 1620 1783 vero
1646 1747 1851 1783 servitutem
1883 1747 2156 1789 adinvenerunt,
2193 1746 2245 1782 sic
2277 1746 2383 1781 ctiam
2416 1745 2499 1780 hinc

282 1800 350 1835 περ
373 1789 434 1824 ἐπὶ
455 1788 534 1823 τῶν
561 1786 765 1835 ἐλευθέρων
788 1802 809 1832 η
832 1791 900 1833 μὲν
924 1788 1027 1835 φύσις
1058 1789 1265 1839 ἐλευθέρους
1294 1804 1353 1825 πε·
1424 1795 1554 1828 natura
1577 1793 1717 1837 quidem
1739 1792 1912 1838 legitimas
1933 1792 2104 1838 produxit
2121 1792 2272 1834 soboles,
2297 1795 2336 1826 at
2351 1801 2435 1827 vero
2452 1791 2499 1826 ad

282 1836 432 1884 ποίηκεν
451 1830 626 1877 ἅπαντας,
646 1833 682 1868 οἱ
700 1833 849 1878 πόλεμοι
870 1832 910 1868 δὲ
928 1833 995 1878 τὴν
1016 1829 1180 1870 δουλείαν
1199 1836 1352 1883 ἐξεῦρον,
1424 1838 1751 1883 concupiscentiam
1797 1837 1948 1874 diversio
1995 1838 2178 1873 naturales
2217 1837 2267 1872 eis
2306 1836 2497 1872 inmiscuit.

282 1876 377 1914 οὕτω
407 1876 601 1914 κάνταῦθα
628 1876 650 1923 ἡ
680 1881 748 1923 μὲν
778 1878 881 1926 φύσις
910 1883 1059 1928 γνησίας
1081 1880 1262 1929 προήγαγε
1291 1880 1353 1916 τὰς
1422 1882 1619 1928 Tamquam
1650 1893 1733 1928 ergo
1764 1883 1936 1919 similibus
1965 1883 2193 1928 passionibus
2224 1882 2330 1918 factis
2357 1883 2501 1926 oportet

280 1923 401 1972 γονάς,
432 1922 454 1969 ἦ
478 1921 518 1958 δὲ
540 1925 588 1959 εἰς
612 1924 815 1970 ἐπιθυμίαν
838 1923 994 1972 ἐκτροπὴ
1024 1926 1067 1961 τὸ
1090 1926 1209 1961 νόθον
1234 1925 1356 1962 αὐταῖς
1369 1929 1412 1963 35
1425 1928 1531 1964 etiam
1554 1928 1727 1964 medelam
1748 1939 1792 1965 ex
1814 1928 2088 1974 aequalitatibus
2112 1927 2278 1971 inveniri,
2302 1927 2398 1962 illam
2421 1926 2498 1972 qui-

282 1969 582 2018 προςανεμάξατο.
630 1967 718 2005 ὥστε
737 1967 875 2015 ὁμοίων
898 1972 976 2006 τῶν
994 1971 1136 2006 παθῶν
1149 1975 1356 2019 γενομένων
1425 1973 1503 2010 dem
1525 1983 1549 2010 a
1570 1974 1861 2020 praecessoribus
1884 1974 2025 2017 nostris,
2050 1974 2143 2009 hanc
2166 1983 2248 2009 vero
2272 1982 2295 2008 a
2315 1972 2429 2009 nobis.

283 2013 338 2050 δεῖ
358 2019 418 2050 καὶ
440 2015 508 2059 τὴν
527 2015 732 2063 θεραπείαν
756 2017 795 2049 ἐκ
818 2017 896 2051 τῶν
915 2016 1009 2050 ἴσων
1024 2017 1269 2064 ἐξευρεθῆναι,
1293 2017 1360 2062 τὴν

281 2063 348 2105 μὲν
371 2060 470 2108 παρὰ
494 2061 572 2095 τῶν
596 2060 666 2109 πρὸ
691 2059 795 2106 ἡμῶν
818 2060 885 2105 τὴν
909 2059 949 2096 δὲ
971 2060 1037 2109 ὑφ’
1064 2059 1179 2108 ἡμῶν.

281 2196 458 2249 potiendi,
474 2197 515 2233 id
524 2197 625 2244 quod
631 2196 805 2249 patribus
828 2196 892 2232 lex
907 2196 1034 2232 merito
1061 2196 1194 2233 tribuit.
1245 2197 1390 2233 Talibus
1411 2198 1527 2244 iqitur
1550 2199 1689 2235 artibus
1712 2200 1878 2236 resistere
1897 2199 1988 2246 leqis
2008 2199 2200 2246 proprium
2221 2203 2276 2235 est
2297 2204 2500 2242 accuratae,

281 2253 390 2288 quam
409 2253 448 2277 m
468 2247 651 2289 praesenti
670 2252 862 2278 sancimus.
2164 2264 2167 2266 -

415 2287 445 2323 1.
494 2286 536 2323 Si
556 2287 639 2334 quis
660 2287 775 2334 iqitur
797 2298 871 2323 non
895 2286 1031 2324 habens
1054 2287 1187 2324 liberos
1211 2287 1399 2334 leqitimos,
1421 2288 1484 2325 sed
1507 2289 1695 2326 naturales
1719 2293 1868 2332 tantum,
1893 2301 1955 2326 eos
1978 2289 2120 2336 quidem
2151 2289 2330 2337 leqitimos
2352 2290 2505 2327 reddere

283 2333 368 2377 vult,
388 2332 572 2385 mulierem
595 2337 714 2370 autem
737 2332 793 2369 vel
815 2332 959 2369 omnino
984 2344 1059 2369 non
1082 2332 1215 2370 habeat
1235 2333 1292 2370 vel
1314 2345 1408 2380 quae
1424 2334 1567 2382 probro
1592 2346 1666 2371 non
1689 2339 1814 2371 careat
1836 2335 1891 2371 vel
1914 2346 2008 2382 quae
2030 2346 2105 2371 non
2128 2339 2308 2416 aplpareat
2329 2336 2385 2372 vel
2406 2347 2501 2382 quae

280 2378 475 2415 secundum
495 2378 654 2425 aliquam
678 2378 791 2425 leqem
810 2378 861 2414 ad
882 2378 1031 2425 nuptias
1051 2378 1246 2426 faciendas
1264 2378 1502 2427 impediatur,
1535 2380 1715 2417 licentiam
1737 2380 1771 2416 ei
1794 2380 1921 2416 damus
1954 2392 2049 2417 nova
2080 2392 2153 2427 qua
2180 2392 2238 2416 am
2267 2381 2325 2416 via
2349 2385 2384 2417 et
2406 2392 2503 2417 nunc

281 2424 494 2471 excoqitata
517 2435 540 2459 a
563 2423 668 2459 nobis
690 2423 741 2460 ad
763 2423 1006 2471 leqitimorum
1029 2425 1086 2460 ius
1109 2423 1264 2461 ducendi
1286 2425 1484 2469 naturales,
1507 2426 1646 2468 scilicet
1675 2426 1709 2461 si
1731 2425 1880 2473 leqitimi
1911 2426 1950 2462 in
1980 2426 2154 2462 eiusmodi
2184 2426 2325 2462 casibus
2352 2430 2502 2473 praesto

281 2481 356 2507 non
374 2470 458 2506 sint.
505 2468 609 2505 Sicut
631 2470 724 2505 enim
747 2469 843 2506 ratio
867 2470 1043 2516 quaedam
1067 2474 1121 2506 est
1143 2481 1166 2505 a
1190 2470 1437 2507 decessoribus
1459 2471 1595 2507 nostris
1613 2472 1824 2518 excoqitata
1849 2482 1943 2517 quae
1966 2471 2152 2508 libertinos
2175 2470 2224 2507 ad
2246 2471 2503 2524 inqenuitatem

281 2515 392 2559 ducit,
415 2526 494 2551 cum
517 2526 581 2552 eos
599 2515 709 2563 prius
723 2526 797 2567 per
821 2514 932 2552 alium
955 2515 1134 2562 quendam
1158 2520 1277 2552 actum
1294 2520 1435 2564 purqet
1462 2516 1592 2563 detque
1621 2517 1667 2552 iis
1695 2517 1753 2552 ius
1775 2527 1968 2553 aureorum
1992 2516 2204 2560 anulorum,
2234 2516 2361 2553 demde
2384 2521 2503 2553 autem

281 2562 353 2608 ipsi
380 2571 443 2597 eos
473 2564 627 2597 naturae
654 2564 841 2604 restituat,
877 2571 971 2608 quae
1000 2571 1140 2597 servum
1177 2565 1214 2598 et
1243 2561 1393 2598 liberum
1423 2562 1468 2599 ab
1501 2562 1605 2598 initio
1636 2573 1710 2598 non
1739 2561 1926 2606 discrevit,
1958 2562 2023 2599 sed
2052 2562 2201 2598 liberam
2230 2562 2322 2608 fecit
2350 2561 2504 2598 hominis

276 2606 440 2654 prolem:
464 2606 518 2642 ita
540 2606 613 2642 iam
636 2617 705 2643 nos
725 2617 870 2653 quoque
892 2605 988 2642 hunc
1010 2605 1155 2643 modum
1179 2606 1234 2643 illi
1257 2618 1390 2644 causae
1411 2608 1610 2644 statuimus.
1657 2608 1775 2654 Atque
1798 2607 1906 2644 liceat
1920 2607 2026 2654 patri
2048 2608 2087 2648 in
2110 2607 2226 2643 modis
2249 2619 2272 2642 a
2295 2607 2398 2643 nobis
2420 2611 2505 2643 ante

282 2652 399 2695 dictis,
431 2651 487 2688 vel
514 2652 622 2688 etiam
649 2652 687 2694 si
715 2652 799 2698 quis
829 2652 905 2688 eius
934 2652 1079 2699 qeneris
1107 2652 1202 2688 alius
1233 2652 1406 2689 acciderit
1434 2653 1560 2697 (multa
1591 2655 1702 2696 enim,
1739 2652 1834 2688 sicut
1855 2663 1970 2699 supra
1993 2652 2164 2695 discimus,
2196 2664 2219 2687 a
2243 2656 2377 2688 natura
2399 2653 2502 2688 inno-

282 2702 443 2741 vantur),
474 2697 582 2733 liceat
603 2697 717 2750 iqitur
739 2697 793 2749 uti
815 2697 1027 2749 dicebamus.
1040 2698 1161 2744 patri,
1192 2699 1225 2733 si
1248 2698 1391 2779 quidem
1416 2698 1596 2745 leqitimae
1615 2697 1754 2734 subolis
1780 2698 1892 2750 copia
1914 2698 1948 2750 ei
1970 2709 2043 2734 non
2066 2698 2130 2740 sit,
2163 2697 2294 2734 liberos
2316 2698 2504 2734 restituere

283 2742 466 2780 natalibus
488 2747 525 2778 et
547 2746 720 2789 antiquae
742 2742 971 2789 mqenuitati,
994 2753 1026 2778 si
1049 2743 1157 2779 modo
1180 2755 1230 2780 ex
1267 2744 1368 2781 ibera
1391 2745 1427 2781 ei
1447 2744 1527 2780 nati
1549 2744 1634 2787 sint,
1657 2746 1692 2780 et
1715 2743 1893 2790 leqttimos
1915 2754 1953 2778 m
1971 2747 2158 2790 posterum
2179 2753 2223 2779 ac
2241 2743 2306 2779 sub
2319 2747 2504 2789 potestate

283 2788 423 2826 babere.
471 2787 597 2835 Neque
619 2788 712 2824 enim
735 2799 758 2824 a
804 2789 971 2835 rincipio,
995 2799 1075 2824 cum
1097 2792 1232 2825 natura
1257 2788 1460 2826 bominibus
1481 2788 1562 2826 sola
1575 2789 1682 2835 leqes
1704 2788 1820 2832 daret,
1852 2792 2045 2835 antequam
2067 2789 2141 2824 scri
2169 2792 2227 2824 tae
2249 2788 2505 2824 inducerentur

285 2834 392 2882 leqes,
415 2833 626 2886 differentia
646 2838 727 2886 erat
745 2799 822 2886 ulia
844 2835 940 2870 inter
962 2834 1166 2871 naturalem
1189 2839 1226 2871 et
1247 2834 1461 2881 leqidmum,
1496 2833 1562 2870 sed
1584 2834 1717 2886 primis
1741 2834 1961 2881 parentibus
1983 2834 2099 2888 primi
2123 2799 2194 2879 tilii
2221 2833 2329 2885 simul
2351 2843 2395 2885 ac
2411 2844 2503 2880 pro-

309 2880 396 2916 eniti
417 2883 503 2915 sunt
525 2879 673 2926 leqtttmz
698 2882 917 2922 exaterunt,
953 2883 988 2916 et
1019 2879 1318 2927 quemadmodum
1341 2880 1379 2915 in
1404 2879 1526 2916 liberis
1549 2878 1751 2916 hominibus
1774 2883 1909 2916 natura
1934 2878 2076 2926 quadem
2101 2889 2222 2915 omnes
2244 2879 2337 2925 fecit
2360 2878 2503 2921 luber-os,

307 2925 378 2962 ella
393 2930 513 2961 autem
526 2925 732 2961 servitutem
747 2925 971 2967 invenerunt,
989 2925 1043 2961 ita
1056 2924 1114 2962 bic
1125 2937 1269 2972 quoque
1282 2929 1416 2962 natura
1431 2924 1574 2971 quidem
1590 2925 1786 2972 leqitimam
1799 2924 1983 2972 produxit
1996 2924 2167 2967 subolem,
2184 2923 2370 2960 conversio
2386 2927 2505 2960 autem

285 2970 334 3007 ad
355 2970 535 3008 libidinem
558 2970 779 3006 naturalium
803 2974 924 3006 notam
948 2970 994 3006 iis
1014 2971 1205 3018 impressit.
1255 2969 1314 3008 Ita
1342 2982 1386 3007 ue
1409 2980 1489 3006 cum
1511 2970 1646 3006 similes
1669 2969 1824 3016 affectus
1845 2970 1942 3016 sacti
1964 2971 2048 3013 sint,
2072 2969 2266 3006 remedium
2290 2979 2434 3016 quoque
2456 2979 2507 3006 σε

284 3016 457 3054 similibus
480 3015 686 3062 excoqitari
706 3027 779 3062 par
802 3020 874 3059 est,
906 3015 1059 3052 alterum
1083 3028 1106 3052 a
1129 3016 1309 3053 decessori
1333 3027 1376 3052 us
1399 3016 1535 3051 nostris
1558 3015 1712 3052 alterum
1736 3027 1759 3051 a
1779 3015 1892 3051 nobis.

333 3157 352 3190 5
376 3152 500 3199 μόνων
523 3154 570 3187 Μ
587 3153 600 3197 ΙΙ
625 3154 646 3187 6
670 3149 732 3186 οὐκ
756 3154 841 3195 ἔχοι]
866 3162 933 3186 11011
953 3152 1053 3186 habet
1077 3164 1096 3190 ς
1113 3152 1125 3197 ΙΙ
1153 3155 1192 3187 19
1217 3152 1361 3195 ἐξέστω]
1431 3152 1573 3194 quodam
1597 3151 1664 3185 alio
1690 3151 1750 3196 Ru
1778 3154 1819 3187 15
1843 3150 2020 3185 anulorum
2040 3151 2094 3184 ius
2117 3161 2294 3184 aureorum
2308 3148 2378 3194 -Vfl
2407 3152 2446 3185 19
2470 3150 2505 3183 id

285 3200 401 3234 licebit
423 3200 459 3233 id
483 3199 531 3243 ςΙΙ
556 3200 597 3233 27
623 3195 852 3238 ὑπεξουσίους
876 3211 934 3231 om.
950 3198 1046 3239 Man
1070 3200 1163 3240 ε’χειν
1180 3199 1240 3241 Μ]
1265 3201 1363 3243 σχεῖν
1432 3211 1490 3231 om.
1507 3198 1554 3231 Ίη
1573 3197 1585 3242 ΙΙ
1611 3208 1707 3239 quem
1731 3197 1780 3230 R¹
1809 3196 1821 3241 ΙΙ
1846 3207 1866 3230 a
1889 3209 1947 3230 om.
1963 3197 2009 3230 Β*
2037 3196 2050 3240 ss
2081 3198 2120 3231 21
2147 3197 2300 3238 namque]
2326 3205 2401 3228 nam
2416 3194 2470 3227 R·

288 3259 355 3281 cum
379 3246 562 3289 Serimqero
586 3245 671 3288 vulq.
700 3248 711 3284 ΙΙ
740 3239 831 3278 Οὐδὲ
854 3262 898 3267 -
922 3244 966 3290 28
991 3241 1096 3288 φύσις
1125 3246 1242 3278 omissa
1267 3246 1299 3277 in
1324 3243 1369 3277 M
1431 3243 1656 3286 praediximus
1674 3242 1759 3284 ΒΤ]
1784 3252 1886 3285 supra
1909 3242 2054 3275 diximus
2075 3240 2129 3287 Vll
2156 3243 2200 3276 24
2223 3240 2430 3283 ingenuitate
2451 3238 2482 3291 V

289 3305 326 3326 ex
345 3303 364 3328 ς
380 3299 410 3326 et
428 3290 520 3326 Νου.·
531 3290 735 3323 LXXXIX
756 3302 782 3323 c.
800 3292 815 3323 1
842 3290 992 3332 supplevi
1011 3290 1093 3331 (sim.
1107 3290 1277 3324 Heraldus
1299 3302 1363 3323 rer.
1432 3289 1490 3321 fiat
1512 3289 1541 3321 V
1561 3290 1641 3321 sunt
1663 3288 1695 3321 T
1716 3288 1728 3330 ΙΙ
1756 3289 1798 3322 26
1823 3287 1967 3330 quando]
1991 3289 2068 3321 ante
2090 3288 2137 3322 V¹
2162 3287 2175 3331 ΙΙ
2201 3285 2383 3326 sanciebat}
2403 3283 2503 3335 facie-

289 3338 408 3380 quotid.
422 3337 487 3379 15)
504 3336 517 3379 ΙΙ
535 3335 578 3370 33
591 3333 741 3379 πόλεμοι
755 3335 922 3368 Heraldus
936 3347 975 3368 ex
987 3345 1007 3371 ς
1020 3342 1050 3368 οι
1065 3333 1152 3369 Νου.
1164 3335 1367 3369 LXXXIX
1432 3334 1513 3366 bant
1536 3333 1583 3366 13¹
1602 3333 1615 3378 ΙΙ
1638 3333 1829 3366 bominibus
1844 3333 2043 3378 Hombequ]
2068 3332 2213 3366 hominis
2223 3331 2271 3364 R*
2283 3330 2331 3381 V}
2353 3329 2503 3362 hommes

290 3396 315 3415 ‘'-
331 3385 362 3423 ¹l
387 3379 549 3425 πολέμιοι
573 3381 618 3413 M
1434 3379 1483 3411 R³
1493 3378 1610 3422 V'Tn
1640 3379 1680 3412 27
1706 3378 1869 3421 scripture
1892 3379 2069 3421 peruenire
2090 3378 2138 3411 R¹
2163 3377 2176 3420 fl
2199 3377 2242 3410 28
2265 3373 2414 3416 legitima
2441 3372 2505 3425 VJ!

292 3442 1360 3451 Η
1433 3424 1477 3458 30
1499 3424 1536 3456 in
1556 3423 1671 3457 liberis
1690 3424 1823 3466 quidem
1847 3427 1967 3458 natura
1991 3423 2122 3466 quidem
2146 3421 2267 3455 liberos
2289 3428 2401 3452 omues
2421 3418 2504 3451 fecit

338 3474 352 3504 1
378 3471 477 3504 dabat
500 3471 531 3504 T
542 3471 555 3514 ΙΙ
579 3470 684 3511 legem
703 3470 751 3502 V¹
800 3470 820 3503 2
840 3470 997 3504 subtilius
1018 3470 1074 3516 ΙΙΙ]
1093 3473 1203 3514 quam]
1223 3471 1271 3504 est
1291 3467 1366 3514 1⁷¹ss
1441 3469 1476 3502 V
1494 3468 1506 3511 ΙΙ
1523 3470 1562 3503 31
1586 3470 1828 3503 adinuenerant
1850 3469 2083 3510 (adiuueniant
2105 3467 2167 3510 Τί)
2182 3465 2277 3518 fibri,
2290 3476 2371 3497 corr.
2385 3463 2473 3506 vulq.
2490 3462 2503 3507 [1

293 3518 312 3550 5
324 3516 469 3549 uoluerit
484 3517 589 3549 facere
601 3525 678 3548 suos
694 3515 724 3548 R
744 3514 851 3548 facere
867 3518 978 3550 autem
991 3518 1116 3558 (sutem
1128 3518 1189 3550 del.
1207 3515 1272 3557 ΤΒ)
1289 3525 1366 3548 suos
1433 3513 1524 3555 binc]
1550 3514 1628 3547 huic
1646 3514 1728 3556 RV,
1741 3528 1799 3548 om.
1817 3515 1849 3548 T
1861 3514 1874 3558 ΙΙ
1891 3515 1934 3548 32
1953 3514 2117 3557 legitimas
2134 3509 2265 3554 quidem
2286 3506 2343 3560 VJ!
2363 3509 2411 3560 ⁶353·
2425 3519 2503 3540 con·

293 3559 439 3593 uoluerit
449 3561 494 3603 ΤΙῙ
509 3562 622 3602 6quae
635 3561 713 3594 add.
723 3561 812 3604 ναῖς.
822 3560 834 3604 Η
846 3562 916 3606 7sq.
927 3561 1048 3595 habeat
1059 3564 1169 3595 autem
1184 3562 1270 3603 libri,
1281 3572 1363 3594 corr.
1432 3559 1653 3601 cupiscentias
1678 3559 1710 3593 T
1735 3559 1748 3604 ΙΙ
1774 3559 1919 3593 diuersio
1945 3558 2042 3600 TR²1
2072 3557 2203 3591 diuerso
2225 3553 2274 3605 Ιζ·
2302 3553 2431 3586 diuino
2454 3553 2503 3586 V¹

294 3605 389 3638 Beck
398 3606 410 3647 u
421 3605 617 3638 elioentiam
628 3603 678 3650 ΤΙΙ
691 3607 731 3640 10
740 3606 932 3649 perducere]
944 3605 1185 3652 procedereRss
1198 3608 1241 3641 14
1251 3606 1364 3649 ¹’'prae-
1433 3604 1557 3637 diuisio
1574 3604 1646 3648 1⁷⁸1}
1659 3604 1822 3638 naturalis
1835 3605 1868 3637 R
1879 3604 1926 3637 1⁷¹
1936 3604 1969 3637 T
1981 3602 1995 3647 Ι]
2010 3605 2054 3638 35
2065 3597 2322 3644 aequalitaubus
2331 3598 2503 3650 Spanqen-

294 3649 455 3691 mundans
464 3650 630 3683 Her-aldus
642 3653 833 3694 rer-quotid.
847 3652 1363 3697 151praemandansspraemn-
1434 3651 1523 3694 bary]
1548 3649 1766 3692 qualitatibus
1789 3650 1866 3684 libri
1880 3648 1893 3691 ΙΙ
1910 3648 2063 3682 inuenire
2074 3644 2168 3688 ΒΤΙ
2185 3644 2229 3677 36
2245 3642 2501 3687 praedecessori-

294 3694 378 3727 dffll·
397 3694 459 3734 ι’“)
479 3694 636 3739 VTvulq.
659 3694 1365 3740 prnemendas(preconcinunt-amm)1311
1432 3693 1495 3728 bus
1516 3695 1694 3739 V³vu19.1
1719 3704 1796 3728 vero
1819 3703 1839 3726 a
1859 3705 1917 3727 om.
1940 3692 1990 3726 V¹
