2618 4010
130 125 378 159 SUFFRAGIO
409 125 545 158 FIANT

128 227 225 261 οἵτε
248 226 423 272 γενέσθαι
445 223 535 269 μετὰ
567 222 675 259 τόνδε
708 220 812 268 ἡμῶν
843 222 910 259 τὸν
932 222 1046 269 νόμον
1074 222 1209 270 θαρρή-

129 283 272 313 σαντες,
305 268 353 305 ὠς
381 268 649 316 συλληφθέντες
680 268 779 315 παρὰ
812 270 890 304 τῶν
921 267 1110 317 ἀρχόντων
1132 270 1211 303 τῶν

129 317 314 363 ἐπαρχιῶν
333 318 392 350 καὶ
412 312 658 362 δεσμωτήριον
678 315 858 358 οἰκήσουσι
881 318 941 349 καὶ
964 316 1012 350 εἰς
1035 310 1122 360 ἡμᾶς
1146 315 1210 349 τοῦ

129 359 335 409 πράγματος
355 359 663 415 μηνυομένουιτὸν
680 361 834 402 ἔσχατον
851 356 1119 404 ὑποστήσονται
1136 364 1208 395 κίν-

1217 108 1275 155 77

1935 111 2043 153 NOV.
2074 110 2174 152 VIII
2208 112 2270 152 13.
2306 113 2354 151 14

1278 223 1403 259 Sciant
1433 222 1543 266 enim,
1577 222 1638 268 qui
1668 222 1714 258 ad
1746 222 1814 258 hoc
1841 222 1981 258 institui
2010 225 2094 267 post
2121 221 2215 257 hanc
2244 221 2355 266 legem

1278 272 1437 304 nostram
1461 268 1782 321 praesumpserint,
1815 269 1983 313 quoniam
2015 267 2112 313 capti
2135 268 2180 303 ab
2212 267 2267 302 his
2291 278 2354 302 no-

1277 314 1362 350 stris
1385 313 1562 350 iudicibus
1585 324 1845 359 provinciarum
1866 316 1902 349 et
1924 314 1961 348 in
1984 313 2125 349 vincula
2147 313 2358 357 rediguntur

1277 363 1313 394 et
1337 359 1382 394 ad
1406 370 1471 395 nos
1497 369 1607 395 causa
1636 358 1842 394 renuntiata
1870 369 1893 394 a
1922 359 2025 394 nobis
2057 369 2233 394 summum
2262 358 2356 403 peri-

130 406 256 442 δυνον·
285 407 323 440 οἴ
341 420 381 441 τε
404 417 466 440 τας
488 416 658 440 τοιαυτας
682 403 802 440 αὐτοῖς
825 404 1085 451 παραδιδόντες
1107 416 1208 452 προς·
1245 405 1395 440 δοιιΙυιῑι
1427 404 1670 441 sustinebunt:
1709 407 1744 439 et
1769 403 1829 448 qui
1860 403 2063 439 huiusmodi
2087 405 2136 439 eis
2164 407 2357 449 praecepta

130 452 246 493 τάξεις
278 451 424 496 triginta
453 451 624 486 librarum
656 451 736 486 auri
767 448 1035 493 ὑποστήσονται
1068 450 1208 494 ποινήν,

130 501 189 543 age-zi
212 499 373 542 μείζονος
397 495 437 530 δὲ
460 497 514 531 ἔτι
538 499 598 530 καὶ
622 494 863 543 σφοδροτέρας
886 494 990 541 ἡμῶν
1012 494 1208 543 ἀγανακτή-

133 547 173 578 ΙΔ
219 554 309 576 σεως
333 539 636 587 πειραθήσονται.
729 544 793 575 Δεῖ
819 546 944 576 τοίνυν
975 541 1058 576 τοὺς
1086 539 1209 597 ἄρχον-

131 599 194 624 τας
216 588 294 622 τῶν
317 588 502 633 ἐπαρχιῶν
525 584 701 641 τοσαύτης
732 585 960 628 ἀξιωθέντας
990 585 1079 632 παρ’
1107 588 1210 631 ημῶν

1278 450 1511 492 tradiderint,
1542 449 1686 494 triginta
1713 449 1886 484 librarum
1909 449 1987 483 auri
2011 450 2241 486 sustinebunt
2271 460 2356 495 poe-

1277 506 1359 530 nam
1384 499 1420 530 et
1441 495 1609 530 maiorem
1632 495 1778 539 insuper
1805 505 1848 529 ac
1871 495 2169 530 vehementiorem
2199 500 2357 530 nostram

1277 541 1555 585 indignationem
1599 540 1838 585 experientur.

1277 586 1551 632 provinciarum,
1575 588 1713 621 tantam
1732 585 1944 629 promeritos
1966 594 1988 619 a
2005 585 2110 619 nobis
2133 588 2357 629 potestatem,

1899 539 2048 583 Oportet
2082 539 2189 584 igitur
2222 540 2357 575 iudices

132 634 290 674 ἐξουσίας
313 629 410 686 αᾷτω
433 634 486 676 τῷ
514 646 697 679 πραγματι
714 632 886 687 χρῇσθαι,
911 628 958 665 ais·
980 630 1127 666 δικαίως
1150 634 1209 665 καὶ
1226 634 1265 666 10
1280 631 1331 667 sic
1356 631 1473 667 causis
1497 631 1567 673 uti,
1593 631 1748 670 utiuste
1773 634 1807 666 et
1830 629 1983 674 legitime
2007 629 2077 665 sint
2101 631 2263 666 omnibus
2286 641 2358 666 me-

132 682 289 723 νομίμως
321 688 460 711 απασιν
495 678 588 711 εἶναι
621 681 809 725 φοβερους,
843 674 982 710 εἰδότας
1014 675 1079 718 ιὸς,
1111 678 1142 710 εἰ
1164 678 1209 724 τῇ

132 722 304 771 δεδομένῃ
340 722 430 770 παρ’
466 720 570 768 ἡμῶν
605 720 693 770 ἀρχῇ
729 722 846 756 κακῶς
874 724 933 755 καὶ
968 718 1122 769 ἀναξίως
1150 724 1211 765 τῆς

114 771 386 816 ·ἑπιτραπείσης
419 765 537 803 αὐτοῖς
567 766 657 816 παρ’
692 765 796 812 ἡμῶν
831 770 1031 813 παρρησίας
1064 766 1209 813 χρήσον-

131 828 211 856 ται,
244 811 499 849 ὑποκείσονται
522 817 599 848 ταῖς
626 816 813 859 τιμωρίαις
844 811 898 845 αἶς
930 812 1142 865 ἔμπροσθεν
1166 812 1210 845 εἴ·

1279 676 1422 719 tuendi,
1454 676 1609 712 scientes
1644 675 1746 721 quia,
1780 675 1811 711 si
1843 675 1927 710 data
1951 685 1973 710 a
1997 675 2100 710 nobis
2132 676 2358 712 administra-

1279 722 1377 757 tione
1400 721 1492 758 male
1524 726 1560 758 et
1586 721 1729 766 indigne
1753 723 1901 756 utantur
1924 730 1946 755 a
1969 720 2073 755 nobis
2099 731 2269 757 concessa
2292 722 2360 757 sibi

1278 767 1443 808 licentia,
1481 767 1719 803 subiacebunt
1749 765 1933 811 suppliciis
1959 775 2051 810 quae
2083 766 2246 811 primitus
2271 767 2358 801 dixi-

1278 823 1377 856 mus,
1414 814 1451 848 et
1479 813 1593 848 donec
1623 811 1948 848 administrationes
1983 811 2118 846 habent
2153 812 2242 847 haec
2278 822 2359 857 per-

133 869 258 903 πομεν,
282 862 342 894 καὶ
366 861 432 914 ἕως
454 858 522 912 τὴν
540 857 650 905 ἀρχὴν
667 859 784 900 ἔχουσι
806 855 940 891 ταύτας
961 860 1211 901 υπομένοντες,
1226 860 1265 892 15
1280 858 1451 901 ferentes,
1484 861 1521 893 et
1552 859 1635 893 dum
1659 868 1719 893 eas
1752 857 1982 902 deposuerint
2010 857 2134 892 maiori
2158 857 2276 892 adhuc
2300 868 2359 892 ex-

132 908 191 939 καὶ
216 903 364 940 ἐπειδὰν
390 917 502 947 αυτην
526 902 766 943 κατάθοιντο,
798 901 978 946 μειζόνων
1001 903 1056 936 ἔτι
1079 901 1210 949 πειρώ-

132 963 233 995 μενοι
270 948 459 985 κινὸύνων.
515 947 607 984 Οὐδὲ
639 947 707 995 γὰρ
742 945 888 992 δίδομεν
923 944 1041 981 αὐτοῖς
1074 946 1210 989 ἄδειαν,

133 999 221 1042 πρὶν
244 994 311 1030 τὸν
334 997 590 1040 νενομισμένον
610 995 687 1028 τῶν
706 988 948 1047 πεντήκιζνταῖ.μ
957 988 1100 1038 ἡμερῶν
1124 991 1210 1036 πλη-

133 1040 290 1094 ρώσουσι
328 1039 468 1095 χρόνον,
502 1040 579 1074 τῶν
618 1039 802 1086 ἐπαρχιῶν
841 1035 893 1071 ὡν
928 1038 1040 1091 ηρξαν
1075 1034 1212 1080 ἀναχω-

172 1089 187 1096 .-
449 1084 458 1094 ι

1279 903 1463 947 perientur
1496 903 1665 947 periculo.

1280 950 1364 982 ante
1395 958 1499 991 quam
1523 948 1715 992 legitimum
1740 947 1996 993 quinquaginta
2020 947 2157 983 dierum
2182 949 2359 993 complea-

1280 995 1340 1027 tur
1362 996 1518 1037 tempus,
1552 1004 1573 1028 a
1597 994 1788 1038 provinciis
1812 993 1850 1027 in
1871 993 1998 1038 quibus
2027 993 2362 1030 administraverunt

1714 903 1795 938 Non
1826 902 1918 937 enim
1943 902 2067 938 damus
2098 903 2149 938 eis
2180 903 2361 938 licentiam

1283 1038 1464 1073 discedere
1493 1042 1556 1073 aut
1586 1049 1650 1082 per
1683 1038 1906 1074 occasionem
1931 1039 2174 1074 revocatoriae
2203 1043 2267 1074 aut
2297 1049 2362 1085 per

133 1100 208 1131 ρειν
232 1099 369 1140 ηκκατα
390 1095 580 1132 πρόφασιν.
596 1082 837 1136 revpcatorias
859 1080 950 1126 [ἤτοι
973 1081 1211 1126 ανακλήσειυς]
1227 1085 1268 1117 20
1282 1083 1505 1118 occasionem
1536 1083 1642 1127 fugae
1670 1088 1734 1118 aut
1762 1094 1827 1128 per
1858 1084 1964 1119 aliam
1988 1084 2182 1129 quamlibet
2205 1095 2361 1127 causam,

134 1131 154 1175 ἢ
179 1144 270 1166 κατα
301 1141 485 1177 προφασιν
515 1130 624 1176 φυγῆς
654 1142 675 1171 η
710 1126 802 1162 κατὰ
832 1126 943 1170 ἄλλην
979 1127 1125 1162 οἱανοῦν
1162 1129 1212 1162 αἰ-

134 1180 233 1211 τίαν·
263 1175 502 1224 γινώσκουσιν
526 1171 590 1215 nis,
621 1170 791 1219 καθάπερ
816 1173 1028 1219 ἔμπροσθεν
1052 1171 1214 1208 εἰπόντες

134 1222 310 1268 ἔφθημεν,
334 1221 405 1254 εἴτε
422 1221 482 1254 ἐπὶ
497 1218 629 1263 ταύτης
651 1222 815 1266 γένοιντο
837 1219 898 1262 τῆς
922 1216 1132 1263 εὐδαίμονος
1150 1218 1212 1254 πό-

135 1267 221 1301 λεως
254 1266 325 1301 εἴτε
361 1267 402 1300 ἐν
435 1263 628 1319 οἱᾳὸήπιζτε
643 1264 784 1319 γχώρει,
822 1262 911 1317 πρός
939 1264 1006 1308 τὴν
1037 1267 1214 1318 ἐπαρχίαν

133 1305 240 1346 αὖθις
273 1310 542 1365 ἐπαναχθγέντες
573 1321 611 1354 ης
640 1310 753 1357 ηρξαν
784 1320 911 1344 ποινας
942 1308 1144 1355 ὑφέξουσιν,
1176 1307 1216 1344 ἃς
1229 1312 1272 1344 25

133 1357 345 1401 ἔμπροσθεν
368 1357 530 1391 εἰπόντες
552 1355 732 1401 ἔφθημεν.

1281 1128 1488 1169 scientibus,
1514 1129 1608 1163 sicut
1631 1129 1882 1173 praediximus,
1908 1130 2002 1174 quia,
2027 1130 2100 1165 sive
2120 1130 2167 1165 ad
2186 1130 2280 1166 hanc
2303 1131 2361 1166 ve-

1281 1173 1382 1208 niant
1424 1173 1665 1208 felicissimam
1703 1174 1879 1209 civitatem
1919 1175 1991 1210 sive
2031 1175 2069 1210 in
2105 1186 2362 1221 quamcumque

1281 1219 1480 1263 regionem,
1516 1218 1562 1254 ad
1592 1219 1810 1264 provinciam
1835 1219 1950 1255 denuo
1974 1221 2149 1263 revocati,
2179 1221 2238 1256 cui
2260 1232 2360 1266 prae-

1281 1264 1435 1308 fuerunt,
1459 1274 1595 1309 poenas
1620 1264 1859 1307 sustinebunt,
1883 1275 1972 1309 quas
1996 1265 2096 1310 prius
2122 1266 2283 1303 diximus.

1111 1445 1269 1481 CAPUT
1292 1445 1389 1482 XIV.

133 1524 251 1570 -Τὸν
276 1523 316 1559 δὲ
338 1521 445 1571 ὅρκον
462 1522 642 1560 δώσουσιν
666 1527 832 1561 ἐνταῦθα
854 1528 922 1571 μὲν
942 1523 1033 1559 κατὰ
1056 1523 1098 1560 τὸ
1122 1523 1214 1559 ἀνω-

136 1576 172 1607 {E
218 1574 312 1618 τέρω
349 1571 476 1618 ῥηθέν.
568 1572 615 1604 Εἰ
647 1569 689 1605 δέ
717 1582 817 1606 τισιν
851 1573 891 1606 ἐν
922 1574 1000 1605 ταῖς
1031 1572 1216 1618 ἐπαρχίαις

134 1611 212 1652 οὖσι
237 1619 417 1670 πέμποιτο
436 1614 483 1650 τὰ
494 1617 559 1671 τῆς
576 1613 680 1670 ἀρχῆς
704 1615 877 1662 σύμβολα,
901 1618 964 1651 ἐπί
983 1629 1023 1650 τε
1046 1617 1110 1650 τοῦ
1132 1616 1214 1650 θεο-

1330 1525 1582 1560 Iusiurandum
1605 1535 1688 1560 vero
1711 1525 1849 1560 dabunt
1868 1525 1928 1560 hic
1952 1525 2109 1570 quidem,
2141 1526 2237 1571 quod
2261 1538 2364 1572 supe-

1284 1570 1359 1606 rius
1395 1571 1558 1606 diximus.
1607 1570 1645 1606 Si
1676 1580 1759 1606 vero
1794 1571 1973 1615 aliquibus
2008 1571 2046 1606 in
2079 1572 2269 1616 provinciis
2306 1584 2365 1608 ex-

1285 1617 1476 1652 istentibus
1507 1616 1696 1652 mittantur
1720 1616 1852 1661 cinguli
1882 1616 2051 1659 codicilli,
2082 1620 2118 1652 et
2150 1627 2270 1653 coram
2301 1618 2366 1654 deo

135 1661 348 1717 φξλεστατου
378 1662 682 1717 ἐπισκοπουὶτηςυ
700 1660 956 1716 μητροπόλεως
984 1664 1043 1695 καὶ
1066 1662 1145 1696 τῶν
1176 1663 1216 1695 ἐν
1229 1664 1270 1697 30
1286 1661 1431 1697 amabili
1460 1662 1631 1714 episcppo
1662 1661 1938 1706 metropolitano
1975 1665 2010 1697 et
2045 1662 2106 1706 qui
2136 1662 2175 1697 in
2209 1663 2259 1699 eis
2293 1664 2366 1708 pri-

135 1709 224 1755 αυτῇ
261 1707 528 1755 πρωτευόντων
562 1721 629 1742 τον
662 1721 770 1754 ορκον
804 1722 824 1741 υ
856 1708 989 1749 ε’ξουσι,
1025 1709 1085 1741 καὶ
1120 1702 1215 1742 οὕτω

133 1755 212 1788 τῶν
241 1753 303 1796 τῆς
333 1750 438 1798 ἀρχῆς
468 1747 733 1799 ἆντιλήψονται
765 1753 949 1800 πραξεων·
987 1750 1124 1796 δηλαδὴ
1156 1753 1216 1795 τῆς

135 1800 196 1843 σῆς
225 1795 398 1846 ὑπεροχ”ς
429 1796 648 1845 προνοούσης
677 1800 759 1840 τοῦ,
796 1799 867 1832 εἴτε
898 1800 958 1833 ἐπὶ
995 1796 1125 1841 ταύτης
1155 1798 1216 1841 τῆς

134 1842 285 1898 μεγάλης
309 1841 357 1897 πό
381 1854 448 1877 εως
470 1842 676 1898 παραλάβοι
692 1855 753 1898 ’τις
776 1841 898 1890 ἀρχήν,
931 1843 1002 1877 εἴτε
1025 1843 1117 1877 κατὰ
1147 1841 1215 1885 χιό-

1284 1710 1397 1742 mates
1434 1710 1518 1742 sunt
1559 1706 1808 1742 iusiurandum
1844 1707 2033 1750 subibunt,
2074 1711 2111 1743 et
2150 1708 2202 1743 ita
2238 1709 2368 1754 cinguli

1285 1752 1482 1797 suscipient
1520 1752 1697 1788 actiones:
1733 1755 1798 1787 tua
1840 1752 1971 1797 quippe
2007 1752 2215 1788 celsitudine
2250 1755 2366 1798 provi-

1285 1798 1405 1840 dente,
1443 1798 1515 1833 sive
1544 1798 1582 1833 in
1613 1798 1682 1832 hac
1713 1797 1867 1832 maxima
1897 1797 2039 1833 civitate
2069 1800 2269 1843 perceperit
2302 1800 2366 1834 ali-

1285 1843 1365 1888 quis
1399 1842 1742 1878 administrationem
1764 1844 1837 1878 sive
1868 1843 1905 1878 in
1936 1843 2120 1888 provincia
2151 1844 2184 1879 ei
2216 1845 2368 1880 codicilli

136 1903 205 1943 ραν
222 1901 335 1943 ταυτφ
347 1888 411 1942 ,τὰ
440 1887 605 1943 συμβολα
635 1901 766 1943 ταυτης
800 1889 988 1943 πεμφθείη
1023 1887 1123 1935 παρὰ
1155 1889 1217 1932 τῆς
1230 1891 1269 1923 35
1286 1889 1360 1924 eius
1400 1889 1689 1923 transmittantur
1715 1898 1737 1923 a
1766 1891 1830 1923 tua
1864 1889 2091 1932 celsitudine,
2129 1892 2169 1924 ut
2200 1890 2276 1935 ipse
2308 1891 2369 1935 qui

135 1946 197 1978 σης
213 1945 392 1980 υπεροχης,
417 1947 528 1968 αυτον
546 1933 612 1968 τὸν
629 1933 861 1979 λαμβάνοντα
881 1947 923 1969 το
943 1932 1099 1980 ασφαλὲς
1118 1946 1216 1980 περι-

137 1982 255 2015 ποιεῖν
285 1980 340 2023 τῷ
373 1976 533 2023 δημοσίῳ
564 1982 646 2025 περὶ
677 1982 739 2023 τῆς
767 1981 845 2014 τῶν
877 1979 1002 2025 φόρων
1031 1976 1217 2023 ἀμέμπτου

137 2022 365 2070 εἰςπράξεως,
390 2023 560 2070 καθάπερ
584 2020 629 2063 ἂν
653 2021 759 2067 αὗῑὸς
783 2025 958 2072 καθαρῶς
982 2023 1217 2069 δοκιμάσειας.

139 2070 292 2104 Κείσθω
323 2067 364 2103 δὲ
392 2066 412 2103 ό
442 2070 549 2114 νόμος
579 2067 664 2114 ἡμῖν
687 2068 787 2104 οὗτος
817 2067 877 2116 ἐφ’
912 2066 1028 2104 ἅπασι
1058 2073 1131 2104 τοῖς
1158 2069 1220 2105 τὰς

1285 1933 1426 2013 accepit
1459 1934 1659 1969 cautionem
1690 1933 1802 1969 faciat
1831 1933 1919 1969 fisco
1949 1934 1992 1969 de
2015 1934 2230 1970 tributorum
2253 1936 2367 1971 incul-

1385 1991 1397 2014 1

1286 1980 1369 2024 pabi
1421 1979 1624 2021 exactione,
1650 1979 1744 2015 sicut
1766 1980 1843 2024 ipse
1866 1989 1956 2024 pure
1980 1980 2195 2025 probaveris.
2244 1981 2368 2016 Posita

1286 2025 1333 2060 sit
1355 2028 1475 2060 autem
1507 2025 1564 2060 lex
1593 2025 1684 2060 haec
1707 2035 1729 2060 a
1753 2025 1857 2060 nobis
1888 2025 1925 2060 in
1956 2025 2118 2060 omnibus
2143 2025 2367 2062 administra-

137 2184 291 2219 mittant.
329 2182 455 2218 Sciant
476 2184 570 2218 enim
594 2188 630 2219 et
652 2184 715 2229 qui
732 2187 823 2229 post
845 2182 941 2218 hanc
964 2183 1076 2229 leqem
1094 2183 1185 2218 tales
1206 2183 1363 2219 existere
1384 2184 1465 2218 ausi
1487 2183 1570 2226 sint,
1595 2194 1633 2218 se
1657 2183 1935 2229 comprehensos
1955 2194 1977 2218 a
1994 2183 2267 2229 maqistratibus
2280 2196 2369 2231 pro-

137 2228 339 2265 vinciarum
362 2232 398 2264 et
421 2239 603 2263 carcerem
617 2227 845 2263 habitaturos
861 2231 898 2263 et
915 2239 955 2263 re
975 2228 1024 2262 ad
1047 2238 1115 2263 nos
1138 2227 1259 2264 delata
1282 2232 1483 2264 extremum
1499 2227 1706 2274 periculum
1729 2227 1914 2263 subituros
1937 2239 2033 2263 esse:
2056 2232 2092 2264 et
2111 2229 2175 2280 qui
2194 2230 2371 2266 eiusmodi

138 2275 238 2310 iussa
260 2273 307 2308 iis
326 2273 428 2315 dant,
450 2284 490 2309 se
515 2273 666 2319 triqinta
690 2272 865 2307 librarum
888 2272 971 2307 auri
991 2283 1148 2324 poenam
1171 2283 1248 2308 esse
1264 2283 1460 2319 passuros,
1484 2277 1520 2307 et
1542 2273 1692 2307 maioris
1712 2273 1820 2308 etiam
1838 2273 2092 2319 qraviorisque
2107 2273 2370 2320 indiqnationis

140 2323 288 2355 nostrae
305 2318 511 2364 periculum
531 2318 714 2369 facturos.
766 2316 919 2368 Oportet
949 2317 1064 2367 iqztur
1093 2317 1331 2362 maqistratus
1360 2317 1634 2363 provinciarum
1666 2321 1768 2352 tanta
1796 2321 1983 2363 potestate
2012 2329 2036 2352 a
2067 2318 2172 2354 nobis
2200 2319 2369 2366 diqnatos

140 2365 193 2400 ita
212 2374 289 2399 rem
312 2374 437 2408 aqere,
461 2366 504 2397 ut
524 2366 616 2397 iuste
640 2365 674 2396 et
697 2362 854 2407 leqitime
878 2361 1042 2396 omnibus
1065 2360 1245 2397 metuendi
1270 2362 1362 2404 sint,
1386 2362 1539 2397 scientes
1560 2373 1616 2404 se,
1639 2362 1672 2396 si
1694 2362 1913 2407 maqistratu
1934 2373 1957 2397 a
1981 2362 2084 2398 nobis
2107 2363 2194 2399 dato
2218 2365 2312 2401 male
2335 2370 2371 2401 et

141 2408 289 2454 indique
304 2410 490 2454 potestate
512 2406 604 2453 ipsis
624 2418 647 2441 a
667 2406 770 2441 nobis
793 2406 981 2441 commissa
1004 2409 1161 2448 utentur,
1178 2406 1314 2452 poenis
1337 2417 1430 2458 quas
1451 2417 1566 2452 supra
1585 2406 1745 2442 diximus
1768 2407 1855 2452 fore
1876 2407 2063 2450 obnoxios,
2088 2411 2126 2444 et
2147 2408 2232 2444 dum
2255 2411 2369 2457 maqi-

141 2457 296 2488 stratum
338 2454 445 2488 erunt
478 2462 540 2487 eas
561 2462 739 2498 passuros
759 2454 795 2487 et
816 2450 877 2486 ubi
901 2462 981 2487 eum
1005 2450 1251 2497 deposuerunt
1273 2462 1416 2486 maiora
1440 2452 1547 2487 etiam
1565 2452 1732 2498 pericula
1747 2450 1940 2487 subituros.
1978 2452 2106 2504 Neque
2129 2454 2223 2489 enim
2243 2455 2370 2491 damus

142 2498 188 2533 iis
208 2463 442 2544 faculqatem,
466 2500 659 2542 antequam
684 2496 881 2542 leqitimum
905 2496 1172 2547 quinquaqinta
1195 2495 1334 2532 dierum
1358 2500 1498 2542 tempus
1525 2496 1770 2543 impleverint,
1801 2507 1851 2532 ex
1907 2498 2079 2533 rovinciis
2102 2498 2233 2544 quibus
2257 2511 2369 2546 prae-

140 2544 297 2590 fuerunt
318 2542 374 2579 vel
395 2542 537 2577 nomine
559 2541 809 2578 revocatoriae
837 2541 894 2577 vel
915 2552 1059 2577 nomine
1078 2541 1197 2593 fuqae
1220 2541 1277 2577 vel
1299 2541 1372 2577 alia
1395 2553 1621 2588 quacumque
1647 2541 1691 2577 de
1715 2552 1826 2577 causa
1850 2508 2077 2585 dgcedend&
2102 2544 2293 2596 sciantque
2319 2557 2369 2588 se,

138 2588 259 2625 *sicuti
281 2591 366 2623 ante
393 2587 467 2622 iam
496 2586 676 2629 diximus,
708 2586 783 2623 sive
812 2587 850 2621 in
883 2586 951 2622 hac
980 2586 1194 2632 felicissima
1225 2586 1314 2622 urbe
1343 2587 1418 2623 sive
1441 2587 1654 2633 ubicumque
1677 2587 1840 2623 locorum
1870 2588 1960 2631 sint,
1993 2587 2043 2623 ad
2057 2589 2288 2635 provinciam
2312 2591 2371 2626 cui

141 2632 388 2680 praefuerunt
409 2643 538 2667 rursus
559 2631 728 2668 reductos
744 2642 900 2678 poenas,
925 2643 1017 2678 quas
1037 2631 1110 2667 iam
1133 2635 1217 2667 ante
1235 2631 1407 2675 diximus,
1431 2632 1614 2668 subituros
1637 2643 1723 2668 esse.

277 2677 374 2713 XIV.
417 2676 677 2712 Iusiurandum
701 2688 785 2713 vero
810 2677 868 2713 hic
892 2677 1036 2723 quidem
1058 2676 1251 2713 secundum
1273 2676 1313 2712 id
1335 2676 1436 2723 quod
1456 2688 1572 2724 supra
1594 2677 1727 2713 dictum
1753 2681 1809 2714 est
1834 2678 2083 2724 praestabunt.
2131 2678 2271 2723 Quodsi
2293 2682 2369 2728 qui-

143 2724 220 2766 bus,
241 2723 305 2769 qui
321 2723 360 2757 in
377 2723 582 2776 provinciis
599 2726 696 2765 sunt,
719 2722 880 2769 insiqnia
901 2723 1138 2768 maqistratus
1152 2722 1353 2765 mittantur,
1378 2733 1501 2758 coram
1522 2722 1588 2759 deo
1605 2723 1792 2759 carissimo
1811 2724 1984 2776 episcopo
2005 2724 2218 2771 metropolis
2237 2730 2274 2761 et
2322 2728 2371 2762 ri-

143 2767 297 2804 matibus
319 2778 381 2814 qut
407 2767 458 2803 ibi
479 2771 566 2803 sunt
587 2767 840 2803 iusiurandum
857 2767 1116 2814 praestabunt,
1150 2770 1259 2814 atque
1287 2767 1340 2803 ita
1367 2768 1605 2815 magistratus
1630 2768 1779 2814 neqotia
1802 2768 2023 2815 suscipzent;
2048 2781 2093 2805 ac
2123 2773 2186 2806 tua
2209 2738 2372 2807 videficet

143 2813 343 2849 sublimitas
372 2824 497 2849 curam
531 2818 639 2859 qerat
668 2817 727 2856 ut,
767 2813 841 2849 sive
872 2813 954 2859 quis
981 2813 1019 2847 in
1051 2812 1120 2848 hac
1150 2823 1283 2859 maqna
1314 2812 1401 2848 urbe
1432 2813 1687 2859 maqistratum
1710 2814 1788 2848 acci
1816 2814 1870 2849 iat
1899 2814 1973 2850 sive
2001 2815 2059 2850 cui
2081 2815 2120 2850 in
2142 2817 2372 2862 provinciam

144 2859 303 2905 insiqnia
335 2858 412 2894 eius
442 2858 486 2894 ab
518 2857 737 2894 sublimitate
768 2862 830 2894 tua
859 2859 1060 2900 mittantur,
1096 2858 1147 2900 is,
1162 2857 1244 2910 ‘qui
1275 2868 1318 2893 ea
1348 2858 1507 2905 accepit,
1539 2859 1741 2894 cautionem
1800 2869 1861 2894 sco
1917 2863 2054 2895 raestet
2083 2860 2127 2896 de
2158 2861 2371 2898 tributorum

142 2904 291 2951 inteqra
320 2904 531 2946 exactione,
564 2907 679 2950 prout
699 2903 778 2950 ipse
806 2903 944 2950 liquido
973 2903 1197 2951 probaveris.
1244 2902 1411 2949 Lataque
1433 2906 1510 2939 esto
1528 2902 1624 2947 ,llaec
1651 2903 1755 2939 nobis
1784 2903 1847 2940 lex
1895 2916 1914 2940 e
1942 2904 2107 2940 omnibus
2129 2906 2287 2942 valitura
2311 2908 2373 2953 qui

192 3019 211 3051 2
243 3017 342 3062 παρὰ
364 3017 442 3051 τῶν
465 3013 664 3062 ἀρχόντων]
697 3017 738 3050 ab
762 3018 815 3050 his
838 3018 960 3050 nostris
983 3015 1150 3050 iudicibus
1175 3029 1194 3054 ς
1216 3016 1228 3062 ΙΙ

149 3066 168 3096 6
201 3059 394 3109 τριάκοντα
418 3059 552 3108 λιτρῶν
582 3065 726 3107 χρυσίου
749 3076 775 3096 s.
801 3076 830 3096 v.
856 3062 900 3095 Μ
926 3061 938 3106 ΙΙ
965 3064 985 3095 9
1017 3059 1228 3102 ἀξιωθέντα

148 3108 194 3141 L¹
213 3106 226 3151 ΙΙ
245 3110 284 3140 10
305 3107 358 3149 τῷ
373 3118 402 3141 π
425 3103 570 3153 άγματι]
591 3107 698 3140 causis
710 3119 729 3144 ς
745 3108 756 3151 ΙΙ
780 3110 816 3141 11
832 3105 1052 3153 φανερούςΒ
1071 3106 1083 3152 ΙΙ
1102 3110 1139 3141 17
1155 3120 1226 3140 κιν-

147 3148 333 3203 ὃύνωςςῑι
352 3152 364 3194 ΙΙ
383 3119 423 3186 lg
446 3149 513 3185 τὸν
535 3171 580 3176 --
603 3150 832 3196 πληρώσουσι
857 3165 915 3185 om.
940 3153 972 3185 L
991 3151 1003 3196 ΙΙ
1022 3154 1061 3186 19
1085 3148 1228 3198 χρόνων

148 3199 190 3240 L,
215 3199 245 3230 ὖ·
259 3195 404 3242 ημερῶν
427 3210 452 3230 s.
474 3210 502 3230 υ.
528 3198 605 3231 add.
629 3197 679 3230 L2
692 3197 706 3233 ΙΙ
725 3190 832 3243 ἦρχον
855 3197 892 3230 Β
907 3196 920 3241 ΙΙ
939 3199 980 3231 20
1005 3199 1229 3230 reuocatorias

147 3240 227 3285 ἤτοι
257 3238 482 3295 ἀνακλήσεως
509 3242 555 3274 Μ
585 3239 811 3275 reuoco’ttorias
840 3242 872 3275 L
905 3238 1131 3284 ἀνακλήσεως
1153 3243 1190 3276 Β
1217 3241 1230 3287 11

148 3290 189 3321 21
223 3285 381 3327 οἱανσῦν]
423 3298 487 3319 ουν
513 3287 561 3319 L¹
590 3287 603 3330 11
632 3289 674 3321 22
714 3285 884 3332 καθάπερ
920 3288 980 3320 καὶ
1015 3287 1229 3334 ἔμπροσθεν

149 3334 184 3366 Β
201 3331 214 3377 ΙΙ
232 3334 273 3367 25
286 3345 333 3375 sq.
357 3328 397 3365 ἃς
419 3351 463 3355 -
487 3328 657 3376 ἕφθημεν
682 3345 741 3365 om.
761 3332 831 3365 LB
850 3332 862 3375 ΙΙ
879 3333 920 3366 26
943 3329 1133 3377 ἔπροσθεν
1156 3334 1203 3366 Μ
1218 3331 1230 3377 Η

149 3379 189 3411 27
212 3375 268 3419 τὸ]
288 3377 334 3410 τὰ
347 3378 394 3410 Μ
404 3375 417 3421 ΙΙ
435 3378 473 3410 31
500 3371 620 3410 οὕτων
633 3378 664 3410 L
680 3375 693 3422 ss
712 3379 753 3411 33
776 3377 852 3418 τοῦ]
877 3376 985 3410 τοῦτο
999 3378 1034 3411 Β
1049 3377 1062 3423 ΙΙ
1081 3379 1124 3412 34
1147 3380 1230 3422 περὶ

150 3419 255 3466 λάβοι
274 3423 306 3456 L
324 3425 337 3467 ss
354 3424 395 3456 39
417 3417 532 3456 οὕτως
554 3423 614 3455 M⁰

152 3470 414 3514 “i‘ffl‘fitiifiti
437 3473 668 3522 (constituti't)
694 3479 772 3513 libri
785 3477 797 3522 ΙΙ
816 3479 961 3512 nostram
984 3478 1091 3521 legem
1114 3480 1200 3523 vulq.
1219 3476 1232 3523 ΙΙ

151 3526 169 3558 3
184 3524 352 3558 iudicibus
360 3524 519 3558 uidelicet
529 3523 776 3567 prouintiarum
785 3531 798 3557 t
807 3522 819 3568 ΙΙ
831 3523 1025 3566 redigentur
1033 3525 1117 3568 vulq.
1126 3523 1138 3566 ΙΙ
1149 3527 1170 3560 4
1179 3535 1230 3557 re—

151 3569 307 3603 nuntiata
320 3570 354 3603 R
367 3570 568 3602 annuntiata
583 3569 620 3603 V
633 3569 790 3602 nuntiata
804 3570 913 3612 tvulq.
932 3569 945 3611 ΙΙ
961 3571 980 3603 5
998 3569 1069 3611 qui]
1088 3570 1167 3611 quia
1177 3569 1213 3603 V
1220 3568 1232 3614 ΙΙ

151 3616 169 3648 '1
196 3615 246 3657 ao]
280 3616 313 3648 et
335 3615 370 3649 R
396 3614 408 3658 ΙΙ
440 3617 459 3650 8
485 3614 702 3658 experiuntur
726 3613 761 3647 V
786 3612 799 3656 ΙΙ
825 3615 846 3648 9
877 3614 1043 3655 *tantam]
1072 3615 1231 3657 tanquam

153 3658 230 3694 libri
246 3658 259 3704 ΙΙ
273 3661 434 3703 potestate
459 3658 507 3693 V⁶
525 3660 538 3704 ΙΙ
556 3661 595 3693 10
620 3660 670 3700 ut]
695 3659 728 3692 et
746 3657 798 3692 R*
814 3657 827 3702 ΙΙ
845 3659 885 3693 11
909 3669 930 3691 a
953 3658 1049 3692 nobis
1073 3671 1132 3694 om.
1148 3660 1198 3693 Β*
1219 3658 1232 3704 ΙΙ

156 3704 196 3737 13
221 3703 390 3747 supplitiis
413 3704 631 3738 subiacebunt
648 3703 686 3738 V
694 3702 707 3748 ΙΙ
725 3703 880 3747 primitus
904 3705 937 3736 et
960 3703 1065 3738 donec
1089 3704 1231 3738 diximus

1296 3018 1345 3051 R¹
1360 3016 1372 3060 ΙΙ
1394 3019 1434 3051 14
1443 3017 1777 3051 amministrationem
1785 3017 1835 3050 R¹
1851 3018 1862 3060 ΙΙ
1884 3021 1923 3052 15
1938 3018 2162 3061 deposuerunt
2174 3021 2203 3053 R
2221 3019 2233 3065 Η
2248 3022 2372 3054 maiora

1297 3062 1429 3105 (maiori
1452 3063 1487 3103 2)
1512 3062 1620 3094 adhuc
1644 3075 1751 3092 *nu
1779 3062 1933 3105 (suplicio
1954 3066 1986 3097 in
2007 3075 2076 3098 ras.
2098 3066 2130 3105 2)
2157 3066 2372 3108 experiuntur

1298 3110 1368 3148 (om.
1391 3107 1555 3149 periculo)
1585 3107 1627 3140 V.
1675 3108 1758 3151 Leq.
1778 3108 1904 3140 maiora
1928 3109 2035 3142 adhuc
2060 3110 2263 3152 experientes
2284 3112 2372 3154 peri-

1297 3152 1397 3185 cula?
1424 3152 1437 3196 n
1470 3154 1509 3186 16
1534 3152 1622 3184 enim
1651 3153 1759 3195 suppl.
1785 3152 1824 3186 V
1827 3152 1842 3173 ²
1870 3155 1902 3187 in
1927 3162 2012 3197 spat.
2038 3167 2108 3188 vac.
2139 3154 2151 3198 ΙΙ
2182 3157 2222 3190 18
2253 3166 2273 3188 a
2295 3167 2372 3199 pro-

1298 3197 1419 3230 uinciis
1431 3215 1477 3221 —
1488 3197 1712 3230 reuocatoriae
1735 3210 1797 3231 scr.
1811 3197 1861 3231 13²
1879 3199 1911 3232 in
1933 3212 1997 3234 ras.
2019 3201 2039 3233 2
2059 3212 2203 3233 versuum
2221 3199 2234 3243 ΙΙ
2252 3202 2292 3235 19
2315 3204 2374 3235 aut

1298 3262 1340 3268 —
1362 3242 1588 3275 reuocatoriae
1612 3255 1668 3276 om.
1695 3250 1706 3276 t
1735 3241 1748 3287 ΙΙ
1775 3244 1834 3275 aut
1863 3253 1922 3286 per
1953 3245 2156 3277 occasionem
2181 3253 2255 3279 ante
2274 3246 2373 3289 fugae

1294 3289 1424 3331 punctis
1436 3294 1499 3321 not.
1515 3286 1551 3320 V
1556 3287 1570 3307 ²
1584 3286 1596 3331 ΙΙ
1616 3288 1658 3321 20
1672 3287 1854 3329 quamlibet
1866 3288 1964 3321 aliam
1979 3289 2017 3322 V
2029 3289 2041 3332 ΙΙ
2058 3291 2097 3322 21
2125 3290 2204 3331 quia
2223 3304 2280 3325 om.
2296 3292 2343 3326 Vt
2361 3292 2373 3335 ΙΙ

1299 3335 1340 3368 22
1366 3342 1562 3374 quacunque
1583 3332 1717 3374 regione
1735 3332 1772 3366 V
1784 3331 1797 3377 ΙΙ
1813 3334 1854 3366 23
1878 3334 2086 3376 praefuerint
2102 3341 2114 3367 t
2131 3335 2143 3377 ΙΙ
2160 3337 2200 3369 27
2226 3336 2281 3369 hio
2306 3337 2343 3372 V
2350 3338 2372 3379 ¹]

1298 3380 1360 3411 hoc
1379 3377 1446 3411 RV
1448 3376 1462 3396 2
1477 3379 1562 3421 vulq.
1579 3376 1591 3421 ΙΙ
1610 3378 1710 3419 quod]
1731 3378 1794 3410 hoc
1809 3379 1897 3420 quod
1915 3378 1952 3423 ιΙΙ
1971 3379 2133 3421 superius]
2157 3380 2204 3413 eis
2228 3383 2304 3415 add.
2319 3382 2345 3416 ι’
2362 3380 2375 3427 ΙΙ

1299 3425 1341 3457 29
1365 3424 1596 3455 mutantantur
1616 3422 1667 3455 Β*
1682 3423 1694 3467 ΙΙ
1713 3422 1865 3456 codicelli
1890 3423 1947 3501 fid!
1972 3425 2013 3458 32
2036 3425 2220 3468 suscipiant
2243 3425 2282 3472 ιΙΙ
2299 3429 2374 3461 tuas

1298 3469 1348 3502 R¹
1367 3467 1379 3513 ΙΙ
1394 3467 1604 3510 prouidentia
1630 3467 1679 3501 R¹
1700 3467 1714 3512 ΙΙ
1740 3469 1783 3502 34
1807 3468 1919 3501 codice
1948 3468 1960 3500 i
1985 3476 1998 3502 t
2013 3467 2027 3513 fl
2041 3471 2083 3503 35
2108 3472 2373 3506 transmutantur

1297 3514 1333 3548 R
1359 3514 1372 3557 n
1402 3515 1442 3546 37
1473 3512 1641 3545 exactione
1664 3514 1771 3556 suppl.
1793 3512 1830 3546 V
1833 3512 1847 3533 ²
1877 3514 1911 3546 in
1941 3521 2027 3557 spat.
2051 3526 2133 3558 vae„
2163 3516 2373 3552 excusatione

1298 3558 1349 3592 Β*
1377 3556 1390 3602 ΙΙ
1415 3557 1599 3601 probauitis
1628 3557 1681 3590 ΒΡ
1709 3557 1722 3601 ΙΙ
1747 3558 1835 3600 posit
1867 3559 1978 3591 autem
2012 3558 2067 3592 lex
2097 3560 2159 3594 heo
2184 3562 2236 3596 Βι
2266 3563 2374 3605 posita

1299 3604 1409 3636 autem
1432 3603 1519 3635 sicut
1550 3602 1608 3646 (sit
1629 3601 1687 3636 lex
1711 3615 1792 3636 corr.
1817 3602 1855 3636 V
1858 3601 1885 3645 θ)
1917 3604 1978 3637 hec
2003 3603 2041 3638 V
2061 3606 2169 3648 posita
2196 3609 2308 3642 autem
2331 3609 2372 3641 sit

1299 3649 1360 3682 hec
1383 3647 1436 3681 lex
1457 3646 1500 3692 tss
1515 3648 1556 3683 38
1579 3647 1616 3680 in
1641 3660 1698 3680 om.
1722 3647 1787 3680 13¹2
