2618 4010
151 109 207 140 DE
236 105 541 138 PRAETORIBUS
571 105 736 136 POPULI

145 209 206 250 τῆς
230 208 294 241 τοῦ
318 209 469 250 νομίμου
493 208 553 238 καὶ
575 208 723 251 γνησίου
748 207 978 249 προςηγορίας
1001 201 1230 243 ὖπεξουσίους

146 266 184 287 τε
209 251 335 286 αὐτοὺς
358 249 552 295 ἀποφῆναι,
577 252 636 282 καὶ
661 247 787 283 δοῦναι
816 252 873 290 καὶ
898 247 989 283 κατὰ
1013 250 1074 291 τῆς
1097 246 1227 291 διαθή-

146 309 206 341 κης
229 293 321 343 ἅπερ
345 295 381 330 οἱ
403 296 507 340 νόμοι
531 293 707 335 διδόασιν,
740 297 799 327 καὶ
833 291 954 328 πάντα
984 296 1079 336 ἔχειν
1110 290 1228 327 ὁπόσα

145 339 191 377 ἂν
214 344 267 385 τῷ
290 340 443 384 τοιούτῳ
465 338 685 394 πρσςρηματι
711 342 860 392 πρέπῃῇ

1241 87 1294 134 99
1705 139 1709 143 p
2049 91 2155 134 Nov.
2187 92 2290 133 XIII
2319 106 2378 146 pr.

1299 202 1454 246 legitima
1474 204 1510 237 et
1528 212 1673 237 suorum
1694 202 1886 246 appellatio
1907 204 1974 238 sub
1995 205 2173 247 potestate
2186 213 2247 238 eos
2261 206 2379 237 osten-

1298 248 1382 283 dere
1413 252 1449 283 et
1469 248 1554 283 dare
1578 247 1683 281 etiam
1710 250 1835 281 contra
1865 250 2134 291 testamentum,
2170 258 2260 292 quae
2284 248 2379 291 leges

1298 294 1488 337 praebent,
1522 295 1558 328 et
1590 292 1708 327 omnia
1738 292 1871 327 habere
1905 304 2148 338 quaecumque
2178 293 2380 328 huiusmodi

1297 339 1571 383 appellationem
1595 337 1746 372 decent?

190 385 423 441 (ΙἘπίλογο
434 385 476 430 ς.>
535 389 575 419 H
606 388 728 418 τοίνυν
764 396 808 427 ση
843 383 997 430 υπεροχὴ
1031 382 1076 418 τὰ
1112 396 1225 437 παρα·-
1263 387 1281 419 5
1340 382 1616 430 <EpiloguS.>
1663 382 1742 417 Tua
1766 383 1872 427 igitur
1895 382 2103 426 eminentia,
2138 395 2230 429 quae
2254 384 2378 429 placu-

146 445 284 467 σταντα
308 432 391 476 ἡμιν
415 434 474 465 καὶ
501 428 561 464 διὰ
592 428 697 464 τοῦδε
729 431 792 463 τοῦ
815 430 919 463 θείου
945 427 1144 473 δηλούμενα
1168 443 1225 463 νο-

145 491 212 522 μου
239 475 479 522 μανθάνουσα
503 478 596 523 ἔργῳ
622 479 681 508 καὶ
706 478 835 521 πέρατι
861 473 1088 520 παραδοῦναι
1111 476 1228 508 ταῦτα

145 522 346 563 σπευσάτω,
371 520 568 568 κηρύγματι
591 524 756 565 χριομένη
784 519 871 567 πρὸς
894 520 975 554 τοὺς
999 521 1076 554 τῶν
1100 521 1226 554 ἐθνῶν

145 566 371 621 ἡγουμένους·
413 565 500 601 ιῖἰςτε
536 570 595 599 καὶ
630 565 711 600 τοὺς
744 566 815 606 ἔξω
850 563 1044 611 γινώσκειν
1080 563 1225 612 ἀνθρώ-

1295 433 1399 465 crunt
1421 429 1524 465 nobis
1545 431 1581 464 et
1599 438 1664 472 per
1682 427 1775 463 hanc
1797 428 1907 473 legem
1929 428 2110 464 declarata
2132 433 2225 471 sunt,
2251 440 2378 474 agnos-

1298 485 1381 511 cens
1418 475 1518 520 operi
1554 473 1765 518 effectuique
1801 473 1942 508 tradere
1977 473 2139 516 festinet,
2185 479 2378 519 praecepto

1297 525 1399 555 utens
1430 520 1527 565 apud
1554 519 1711 563 gentium
1740 519 1940 563 praesides:
1978 522 2018 552 ut
2042 523 2078 553 et
2103 520 2162 563 qui
2186 520 2274 555 foris
2296 524 2380 555 sunt

1297 565 1457 600 homines
1489 567 1705 610 agnoscant,
1739 564 1822 609 quia
1853 564 1987 599 sobolis
2020 564 2186 599 innoxiae
2210 569 2244 599 et
2268 576 2379 610 purae

147 625 247 655 πους,
279 626 337 647 οτι
361 613 464 663 γονῆς
496 608 701 645 ἆνευθύνου,
724 624 763 645 τε
791 613 849 662 καί,
875 611 1224 664 ιιαθανρᾶςῑὲφροντί-
1245 613 1281 645 10
1297 622 1419 645 curam
1443 611 1635 646 habuimus
1668 611 1703 644 et
1733 610 1950 654 alienigenas
1975 612 2083 654 atque
2107 610 2240 645 nostris
2265 611 2377 646 odibi-

146 671 258 702 σαμεν
291 662 350 691 καὶ
381 669 443 691 τας
472 654 639 702 ἐκφύλους
671 670 710 690 τε
739 659 799 690 καὶ
830 668 899 689 υπο
934 668 1012 688 των
1044 659 1226 700 ημετέρων

146 706 384 747 γιιεμισημένας
408 700 531 746 νόμων
555 699 861 748 ἀποστρεφόμεθα
881 699 1090 744 συμπλοκάς.
1140 702 1223 736 Dat.

119 759 236 783 .xvn.
269 751 304 785 k.
334 749 411 783 Iun.
438 748 506 782 ΟΡ.
533 747 704 782 Belisario
730 758 760 782 v.
787 757 817 781 c.
844 756 941 781 cons.

663 906 709 949 Tr

192 984 364 1036 ΠΕΡΙ
397 985 439 1036 Τ
443 984 544 1036 §RN
581 979 1006 1035 ΠΡΑΙΤῼΡῼΝ
1036 980 1182 1032 TOY
1242 995 1281 1027 15

151 1130 392 1177 Αὐτοκράτωρ
423 1128 670 1164 Ἰουστινιανὸς
693 1127 901 1175 Αὔγουστος
927 1130 1226 1161 Κωνσταντινου-

602 1173 774 1208 πολίταις.

156 1275 165 1287 )
190 1236 243 1286 (II
251 1245 271 1275 ρ
280 1245 324 1265 oo
334 1235 381 1284 ίμ
390 1245 428 1265 ιο
438 1231 487 1276 ν.>
517 1230 561 1265 Τὸ
577 1232 655 1286 τῷν
677 1228 945 1275 λαμπροτάτων
956 1230 1016 1272 τῆς
1033 1225 1230 1282 ἇζγρυπνίας

1295 656 1346 691 les
1371 656 1509 701 legibus
1533 665 1740 691 aversamur
1764 655 2018 699 copulationes.

1340 702 1422 736 Dat.
1449 712 1497 736 vr.
1523 701 1603 736 idus
1629 701 1774 737 Octobr.
1800 701 1868 736 GP.
1895 700 2069 735 Belisario
2093 711 2125 735 v.
2151 710 2180 734 c.
2202 710 2300 735 cons.
2326 700 2379 734 in-

1118 750 1162 788 [a.
1182 749 1272 787 535]
1299 746 1454 782 dictione
1478 758 1554 781 xw.

1789 914 1887 950 XIII.

1381 982 1474 1031 DE
1518 983 1994 1034 PRAETORIBUS
2040 982 2301 1032 POPULI.

1536 1127 1634 1162 Idem
1659 1127 1701 1161 A.
1729 1127 2141 1174 Constantinopolitanis.

1342 1229 1474 1274 <Prae
1484 1228 1529 1263 fa
1539 1228 1571 1262 ti
1581 1227 1632 1272 o.>
1680 1227 1964 1263 Clarissimorum
1982 1229 2140 1265 iudicum
2158 1230 2296 1275 vigiliae
2317 1241 2380 1264 no—

146 1290 334 1331 αρχοντωΙν
359 1290 485 1329 ονομα,
512 1288 645 1332 σεμνον
668 1289 708 1309 τε
731 1278 790 1308 καὶ
815 1278 888 1308 τοῖς
912 1272 1023 1309 πάλαι
1054 1277 1230 1318 Ρωμαίοις
1242 1278 1284 1309 20
1298 1285 1379 1308 men
1415 1277 1451 1308 et
1486 1274 1677 1309 honestum
1719 1277 1755 1307 et
1791 1274 1949 1317 antiquis
1985 1274 2156 1310 Romanis
2190 1275 2380 1319 cognitum,

145 1335 429 1369 γνωριμωτατον
446 1335 498 1363 ον,
520 1335 583 1355 ουκ
601 1322 703 1365 ἴσμεν
722 1317 820 1355 ὅπως
842 1322 889 1353 εἰς
908 1318 1057 1353 ἀλλοίαν
1076 1322 1229 1362 μετέστη

145 1371 380 1414 προςηγορίαν
393 1370 451 1400 καὶ
469 1365 581 1407 τάξιν.
618 1364 639 1409 ὴ
660 1368 726 1410 μὲν
743 1364 810 1411 γὰρ
832 1364 982 1410 πάτριος
1004 1361 1108 1408 ἡμῶν
1125 1364 1229 1409 φωνὴ

146 1413 347 1457 praefectos
366 1413 507 1456 vigilum
526 1409 652 1446 αὐτοὺς
676 1409 827 1452 ἐκάλεσε,
850 1412 894 1457 τῇ
915 1411 992 1444 τῶν
1008 1409 1228 1455 άγρυπνούν-

145 1471 222 1492 των
241 1461 300 1491 καὶ
324 1455 428 1491 οὐδὲν
446 1455 682 1510 ἇνερεύνητον
704 1454 1059 1499 καταλιμπανὸντων
1080 1453 1227 1501 ἀνθρώ-

1299 1319 1392 1363 quod
1422 1319 1601 1354 nescimus
1635 1319 1932 1363 quemadmodum
1965 1319 2002 1354 in
2031 1320 2138 1355 aliam
2167 1321 2381 1355 translatum

1298 1368 1353 1399 est
1377 1365 1653 1409 appellationem
1678 1367 1714 1399 et
1739 1363 1908 1399 ordinem.
1952 1365 2095 1400 Patriae
2119 1365 2212 1401 enim
2237 1370 2381 1400 nostrae

1298 1421 1367 1445 vox
1391 1409 1595 1454 praefectos
1625 1409 1766 1453 vigilum
1799 1419 1861 1444 eos
1893 1410 2086 1455 appellavit
2112 1421 2134 1445 a
2153 1411 2380 1454 vigilantibus

1299 1459 1334 1491 et
1354 1455 1441 1490 nihil
1461 1455 1800 1500 inperserutandum
1822 1455 2148 1508 derelinquentibus
2166 1456 2381 1497 hominibus,

146 1516 229 1557 πων
242 1501 336 1557 ’ἀρχῇ
354 1503 499 1537 τούτους
513 1506 752 1545 έπιστησασα..
780 1498 859 1545 ἡὸέ
876 1514 915 1547 γε
928 1498 1107 1543 Ἑλλήνων
1125 1500 1230 1553 queo-2157
1243 1503 1284 1536 25
1300 1500 1451 1554 cingulis
1479 1501 1545 1535 hos
1570 1510 1807 1545 praeponens.
1845 1500 1925 1536 Vox
1946 1511 2037 1536 emm
2058 1501 2276 1536 Graecorum
2300 1512 2380 1536 nes-

146 1562 208 1582 ουκ
231 1550 336 1592 ὶσμεν
360 1545 452 1581 ὅθεν
469 1548 639 1594 ἐπάρχους
663 1545 789 1581 αὐτοὺς
813 1545 955 1580 ἐκάλεσε
976 1548 1054 1579 τῶν
1074 1559 1228 1587 νυκτων,

147 1590 263 1638 ὥςπερ
286 1592 482 1640 ἀναγκαῖον
506 1593 549 1627 ὂν
573 1591 670 1636 ἡλίου
694 1594 762 1636 μὲν
790 1589 836 1625 ὦς
867 1594 960 1625 ἔοικε
984 1589 1154 1625 δύνοντος
1177 1592 1228 1632 ἐξ-

147 1639 370 1673 ανίστασθαι
394 1638 462 1683 τὴν
492 1636 612 1685 ἀρχήν,
646 1637 832 1672 παύεσθαι
858 1635 897 1670 δὲ
927 1634 1144 1679 ἀνίσχοντος.
1194 1640 1232 1670 τί

145 1682 211 1731 γὰρ
236 1683 282 1718 ἂν
305 1683 374 1727 εἴη,
398 1682 492 1738 ᾆιότι
517 1685 558 1718 τὸ
586 1684 664 1717 τῶν
687 1684 830 1717 νυκτῶν
853 1682 1076 1729 προςέθηκεν
1097 1681 1228 1726 ὅνομας

170 1731 177 1739 Ι
320 1729 328 1739 ἱ

1301 1557 1412 1581 cimus
1437 1546 1531 1581 unde
1555 1546 1758 1590 praefectos
1784 1555 1844 1580 eos
1869 1546 2063 1590 appellavit
2089 1547 2264 1590 noctium,
2290 1551 2380 1581 tam-

1299 1602 1404 1636 quam
1433 1591 1675 1626 necessarium
1707 1594 1802 1626 esset
1837 1591 1912 1626 sole
1949 1591 2089 1636 quidem
2125 1592 2286 1627 similiter
2322 1592 2382 1626 de-

1301 1637 1490 1672 cumbente
1514 1646 1705 1680 exsurgere
1731 1636 1922 1680 cingulum,
1946 1637 2128 1682 quiescere
2148 1641 2267 1672 autem
2284 1637 2381 1672 debi-

1300 1682 1414 1717 litato.
1450 1682 1542 1726 Quid
1561 1682 1654 1716 enim
1674 1683 1761 1725 erat,
1787 1684 1935 1727 propter
1956 1682 2050 1727 quod
2069 1683 2227 1718 noctium
2249 1683 2384 1719 addidit

146 1743 183 1784 si)
199 1732 266 1784 μὲν
288 1743 356 1776 γαρ
381 1741 429 1764 ως
453 1727 581 1772 ταύτης
604 1727 713 1773 μόνης
744 1729 804 1771 τῆς
835 1725 940 1773 ἀρχῆς
963 1729 1041 1761 τῶν
1065 1729 1105 1761 ἐν
1129 1727 1231 1767 νυξὶν
1244 1730 1286 1762 30
1300 1728 1455 1762 nomen?
1503 1727 1541 1762 Si
1564 1727 1657 1762 enim
1682 1726 1857 1771 quomodo
1882 1728 1950 1762 hac
1975 1729 2053 1763 sola
2077 1728 2266 1772 dignitate,
2292 1738 2383 1772 quae

146 1788 209 1808 ουκ
235 1776 359 1821 ορθῶς
391 1777 654 1821 πραττομένων
686 1772 961 1817 ἑπιμελοιχιιένης
993 1775 1052 1805 καὶ
1087 1786 1227 1819 περινο-

1298 1774 1334 1808 in
1359 1773 1525 1808 noctibus
1551 1772 1622 1808 sint
1646 1783 1717 1807 non
1738 1774 1836 1807 recte
1856 1775 1977 1817 gesta,
2010 1784 2131 1808 curam
2164 1774 2319 1808 habente
2348 1778 2382 1808 et

193 1867 275 1900 Νου.
299 1867 403 1899 XIII
437 1867 563 1900 Graece
593 1873 680 1899 exeat
708 1867 741 1899 in
763 1866 853 1904 ML,
886 1877 958 1907 cap.
985 1866 997 1897 1
1030 1877 1098 1907 pr„
1130 1865 1216 1897 3-6
1242 1866 1275 1897 in
1301 1865 1336 1897 Β
1362 1868 1394 1906 6,
1419 1873 1446 1906 5,
1472 1872 1561 1899 4—7.
1611 1865 1732 1898 Latine
1757 1865 1873 1907 leyz'tur
1903 1865 1986 1897 inter
2010 1872 2260 1909 extravaqantes
2284 1865 2381 1898 Auth.

148 1913 192 1951 (κ
222 1914 254 1955 s.
280 1913 340 1952 73,
378 1912 412 1944 V
432 1914 462 1955 f.
491 1913 572 1945 182v

149 1959 307 1991 Athanas.
332 1959 363 1998 4,
390 1964 415 1989 2.
463 1957 584 1990 Iulian.
606 1964 704 1989 const.
726 1955 872 1989 XXIII.

613 1919 689 1954 post
718 1924 793 1943 nov.
821 1910 898 1950 XI)
937 1911 1119 1952 interpretis
1156 1911 1276 1943 novicii
1315 1912 1444 1943 inscitia
1485 1911 1697 1953 multifariam
1734 1911 1927 1953 deformata.
1967 1928 2014 1934 --
2056 1911 2146 1953 Epit.
2182 1911 2302 1944 Theod.
2331 1912 2383 1951 13,

149 2057 286 2088 camus,
319 2057 396 2081 cum
417 2047 502 2082 iusti
525 2051 561 2082 et
584 2046 735 2093 leqitimi
758 2045 959 2092 appellatio
984 2044 1055 2089 suf
1079 2044 1170 2086 ciat,
1199 2048 1241 2080 ut
1263 2045 1357 2080 etin
1374 2047 1560 2091 potestate
1593 2055 1670 2080 esse
1698 2054 1761 2079 eos
1794 2043 1963 2080 ostendat
1982 2048 2018 2079 et
2040 2044 2101 2080 det
2119 2045 2227 2080 etiam
2252 2048 2382 2080 contra

151 2096 406 2133 testamentum,
432 2103 524 2138 quae
548 2092 580 2127 le
607 2103 645 2127 es
668 2091 767 2133 dant,
793 2095 828 2126 et
848 2090 970 2125 omnia
991 2089 1038 2124 ka
1064 2094 1125 2124 eat
1150 2100 1397 2137 quaecumque
1420 2090 1487 2125 tali
1509 2090 1651 2125 notioni
1676 2089 1922 2124 conveniunt?

285 2136 521 2183 Epiloqus.

600 2148 647 2171 ua
683 2136 798 2181 iqitur
829 2135 1032 2170 sublimitas
1068 2146 1161 2180 quae
1196 2135 1298 2170 nobis
1326 2135 1548 2182 placuerunt
1579 2139 1613 2170 et
1642 2146 1711 2186 per
1743 2133 1837 2169 lianc
1872 2145 2016 2169 sacram
2050 2134 2163 2181 leqem
2195 2135 2383 2171 declarata

151 2186 234 2217 sunt
257 2193 478 2227 coqnoseens
501 2182 603 2228 operi
628 2181 842 2227 effectuique
868 2179 1012 2215 tradere
1033 2180 1195 2224 festinet,
1220 2180 1338 2215 edicto
1365 2191 1432 2215 usa
1459 2180 1508 2214 ad
1531 2181 1808 2225 provinciarum
1835 2179 2048 2225 praesides:
2084 2184 2126 2215 ut
2148 2182 2269 2216 exteri
2292 2192 2381 2226 quo-

150 2238 224 2278 que·
249 2226 409 2262 homines
433 2227 643 2272 intelle-(sant
675 2237 741 2260 nos
770 2225 954 2260 innocenti
977 2228 1012 2260 et
1035 2225 1199 2269 inteqrae
1221 2224 1341 2259 suboli
1367 2226 1606 2271 prospexisse
1639 2229 1748 2270 atque
1774 2224 1998 2271 alieniqenas
2021 2229 2057 2261 et
2079 2226 2216 2262 nostris
2245 2225 2383 2273 leqibus

149 2273 286 2308 invisas
310 2272 473 2307 (eversari
494 2271 753 2319 copulationes.

775 2480 883 2531 >DE
934 2411 1427 2531 PRAETOAEZ‘US
1476 2480 1751 2534 PLEBIS.

849 2570 940 2618 Imp.
959 2570 1185 2607 lastinianus
1199 2572 1239 2606 A.
1258 2569 1680 2618 Constantinopolitanis.

286 2640 546 2686 Praefatio.
597 2638 886 2675 Clarissimorum
917 2640 954 2675 vi
978 2639 1062 2675 iliae
1087 2639 1367 2686 praefectorum
1395 2649 1525 2674 nomen
1556 2644 1591 2675 et
1620 2639 1808 2676 honestum
1831 2639 1925 2675 illud
1953 2643 1989 2676 et
2019 2641 2181 2686 antiquis
2207 2641 2383 2677 Romanis

151 2687 372 2723 notissimum
409 2685 585 2721 nescimus
614 2696 686 2730 quo
716 2684 822 2719 modo
852 2686 889 2719 in
921 2696 942 2719 a
959 2685 1030 2719 iam
1064 2684 1279 2719 translatum
1308 2682 1368 2734 sit·
1383 2684 1667 2729 appellationem
1690 2689 1727 2721 et
1756 2685 1927 2721 ordinem.
1978 2685 2070 2721 Nam
2096 2687 2227 2732 patria
2255 2691 2383 2722 nostra

152 2734 202 2767 lin
229 2744 277 2767 ua

154 2744 227 2813 mg
248 2788 288 2812 re
302 2778 475 2822 inquunt,
507 2775 674 2821 reqimzni
697 2776 926 2827 praeficeret.

327 2731 510 2776 raefectos
534 2730 682 2775 viqilum
706 2741 768 2765 eos
792 2729 964 2765 vocabat:
983 2730 1132 2809 (quippe
1155 2739 1247 2774 quos
1271 2727 1453 2779 hominum
1474 2730 1538 2775 qui
1557 2730 1703 2776 viqilias
1726 2734 1842 2810 affum
1864 2742 1930 2766 nee
1954 2731 2146 2777 quicquam
2169 2732 2382 2778 inexplora-

629 2775 635 2780 '
1014 2785 1204 2810 raecorum
1229 2784 1313 2809 vero
1340 2774 1466 2819 linqua
1487 2776 1665 2810 nescimus
1689 2787 1738 2810 un

1765 2787 1784 2811 e
1808 2776 2024 2822 praefectos
2047 2777 2207 2812 noctium
2235 2788 2298 2812 eos
2322 2789 2382 2813 vo-

152 2823 264 2858 cavit:
297 2822 401 2868 quasi
431 2831 514 2856 vero
544 2830 686 2855 necesse
715 2825 764 2855 sit
793 2820 870 2855 sole
900 2819 1062 2855 videlicet
1095 2818 1278 2854 occidente
1303 2829 1485 2864 exurqere
1509 2831 1588 2855 eam
1614 2824 1850 2867 potestatem,
1883 2821 2066 2868 quiescere
2094 2822 2239 2858 oriente.
2288 2821 2385 2866 Quid

151 2869 243 2904 enim
266 2878 397 2902 cazisae
413 2866 541 2911 fuerit,
562 2876 627 2900 cur
651 2865 807 2899 noctium
833 2876 961 2899 nomen
982 2864 1157 2900 adderet?
1202 2863 1296 2897 Nam
1312 2863 1343 2896 si
1366 2863 1438 2896 ista
1458 2868 1623 2909 potes-tas
1648 2870 1829 2909 tamqnam
1846 2877 1939 2911 qnae
1957 2866 2039 2901 sola
2059 2878 2182 2902 eorum
2200 2879 2294 2913 quae
2311 2879 2383 2914 per

201 2961 214 2992 1
240 2960 387 3004 γνησίας
410 2958 440 2990 L
463 2956 474 3001 ΙΙ
495 2958 514 2990 2
545 2958 604 2988 καὶ
629 2964 702 2989 ante
726 2954 817 2988 κατὰ
843 2969 900 2989 om.
928 2956 990 2988 LA
1007 2955 1018 2998 ΙΙ
1038 2958 1057 2989 3
1082 2950 1230 2989 ἅπαντα

153 3000 322 3045 (ἅπαντες
347 3003 407 3042 L1)
436 3002 496 3035 LA
521 3001 532 3044 ΙΙ
560 3004 578 3033 4
610 2997 654 3034 ἂν
676 3002 730 3034 τῶ
755 2999 812 3041 M]
842 2997 941 3033 αὐτοῦ
966 3000 1014 3033 L²
1037 3001 1092 3033 τῶ
1117 3001 1196 3033 L2A
1220 2999 1231 3044 11

154 3050 282 3094 πρέπει
296 3048 358 3080 LA
378 3046 389 3091 ΙΙ
407 3049 426 3081 6
447 3044 563 3087 τοῦδε]
588 3043 627 3078 δὲ
642 3047 692 3078 La
708 3047 719 3088 ΙΙ
738 3046 841 3079 θείου
858 3059 916 3078 om.
933 3057 950 3081 ς
966 3045 978 3088 ll
999 3049 1015 3078 7
1036 3045 1151 3078 ταῦτα
1172 3058 1229 3078 om.

155 3095 206 3129 Ας
222 3093 233 3136 ΙΙ
253 3095 272 3126 8
297 3091 487 3126 σπευσάτω
512 3093 571 3124 καὶ
595 3103 670 3136 κηρ.
696 3092 726 3124 Α
754 3090 764 3134 ΙΙ
789 3087 986 3136 κηρύγματι
1011 3090 1082 3130 Ᾰῑῖς]
1107 3090 1230 3135 κηρύγ-

155 3149 244 3182 μασι
269 3139 330 3170 LA
356 3137 367 3181 ΙΙ
390 3134 478 3181 πρὸς
501 3134 593 3176 τοὺς]
617 3134 727 3182 προύς
747 3137 797 3168 La
828 3137 839 3178 ΙΙ
867 3138 904 3168 10
929 3131 1147 3168 ἀνευθύνους
1170 3137 1202 3168 L
1221 3135 1233 3177 ΙΙ

159 3186 197 3217 12
222 3178 346 3226 νόμων
367 3179 420 3215 ἀεὶ
445 3178 594 3215 ἀποστο.
608 3182 637 3214 Α
654 3183 665 3225 ΙΙ
682 3184 804 3214 subscr.
831 3194 887 3214 om.
907 3181 970 3213 LA
987 3179 998 3223 ΙΙ
1023 3183 1059 3212 13
1084 3191 1163 3212 xvn
1187 3181 1230 3212 id.

157 3230 230 3261 [un.
258 3229 305 3261 M
357 3224 426 3272 πρὸ
458 3225 496 3259 ιε’
518 3214 666 3260 καλανὸ.
694 3224 853 3259 Ἰουλίων
878 3226 952 3258 Ath.
984 3227 1070 3268 μηνὶ
1095 3222 1230 3267 Ἰουνίῳ

160 3275 279 3307 Theod.
299 3273 310 3315 ΙΙ
326 3272 475 3304 bilisario
496 3272 540 3303 Μ
551 3271 562 3315 ΙΙ
586 3273 625 3305 16
650 3268 758 3314 δήμου
782 3269 861 3312 ἤτοι
882 3268 1137 3315 νυκτεπάρχων
1163 3272 1208 3303 M
1220 3273 1232 3313 ΙΙ

164 3322 197 3352 17
224 3319 306 3360 Imp.
332 3314 536 3349 Iustinianos
562 3314 754 3361 αὕγουστος
775 3316 815 3347 M
837 3311 1068 3360 αὐτοκράτωρ
1092 3315 1232 3347 insuti-

158 3361 274 3397 nianos
300 3365 358 3395 καὶ
383 3360 575 3407 αὔγουστος
600 3362 630 3394 L
647 3360 658 3405 ΙΙ
679 3363 719 3394 20
745 3360 888 3403 σεμνῶν
912 3361 943 3392 L
959 3359 971 3404 ΙΙ
991 3362 1027 3393 21
1060 3358 1114 3401 ὅν]
1146 3361 1234 3401 quod

159 3411 193 3452 (ι’.
218 3422 243 3442 e.
269 3404 302 3449 ὂ)
327 3420 345 3444 ς
369 3406 380 3451 ΙΙ
406 3409 448 3441 23
477 3407 653 3449 praifectos
677 3407 723 3439 M
739 3406 939 3447 Ρηιίῖῡστως
963 3406 994 3437 L
1024 3405 1036 3448 ΙΙ
1062 3403 1129 3447 τὴν
1154 3406 1201 3438 L2
1224 3405 1235 3449 ΙΙ

159 3457 201 3488 24
226 3451 469 3494 κατελίμπανε
489 3452 534 3493 τῆ
553 3450 630 3484 τῶν
645 3447 861 3495 ἀνθρώπων
881 3449 924 3482 Μ
937 3449 949 3493 ΙΙ
968 3452 1008 3484 25
1034 3446 1143 3496 ἀρχὴν
1158 3452 1205 3484 L2
1225 3450 1236 3495 ΙΙ

160 3498 295 3532 τούτοις
318 3498 513 3531 Haloander
531 3497 543 3539 ΙΙ
560 3499 598 3530 31
626 3493 877 3538 ἐπιμελομένης
902 3495 947 3527 M

205 3591 224 3622 2
249 3589 346 3621 etiam
365 3589 491 3627 contra]
515 3589 630 3619 contra
647 3588 679 3618 ct
699 3586 756 3627 Vll
773 3588 793 3618 4
819 3585 937 3617 docent
958 3583 1013 3628 VH
1030 3588 1049 3618 6
1075 3588 1153 3618 sunt
1177 3599 1234 3620 om.

162 3633 238 3678 13¹1!
256 3635 275 3668 9
300 3632 432 3673 sobolis]
456 3632 534 3665 solis
556 3633 603 3664 R¹
622 3632 633 3674 ΙΙ
655 3633 692 3664 10
712 3630 939 3672 aliegnigenas
962 3630 1004 3663 V¹
1023 3628 1035 3673 ΙΙ
1056 3632 1089 3663 11
1118 3631 1234 3663 aduer-

162 3677 383 3722 samurRVll
404 3679 440 3711 12
465 3680 584 3711 subscr.
612 3677 676 3708 dat.
697 3686 734 3707 VI
758 3675 833 3708 idus
854 3675 977 3708 Octubs
1001 3674 1234 3708 Constantino-

1299 2954 1392 2996 polin
1415 2956 1508 2989 Bilis.
1533 2957 1608 2989 uiro
1641 2957 1823 2993 clarissimo
1855 2968 1943 2991 cons.
1968 2957 2151 2990 indictione
2176 2969 2253 2990 xvn
2278 2966 2324 2992 est
2347 2961 2380 2991 in

1301 3001 1419 3034 Bamb.
1445 3001 1503 3041 II,·
1535 3014 1593 3034 om.
1617 3003 1721 3035 RVT
1745 3003 1788 3035 al.
1815 3001 1827 3047 Η
1859 3005 1897 3036 15
1934 3004 1984 3035 Dc
2014 3003 2223 3045 praetoribus
2254 3003 2381 3046 populi]

1300 3046 1461 3077 rubricam
1486 3059 1545 3078 om.
1567 3047 1644 3079 RV
1669 3048 1730 3085 (De
1755 3047 1863 3079 officio
1887 3048 2048 3090 praetoris
2072 3048 2188 3090 populi
2210 3048 2347 3089 Iulian.)
2371 3047 2382 3093 ΙΙ

1304 3092 1341 3123 17
1368 3091 1721 3133 constantinopolitani
1745 3093 1777 3125 R
1805 3093 1979 3125 constanti.
2002 3092 2062 3136 VH
2086 3095 2124 3126 19
2152 3093 2301 3125 iudicum
2322 3106 2382 3127 om.

1311 3134 1366 3178 VH
1384 3137 1515 3175 nomen]
1542 3147 1636 3169 omen
1658 3139 1764 3180 spatio
1790 3145 1862 3170 ante
1887 3149 1906 3170 ο
1929 3139 2038 3171 relicto
2060 3138 2107 3171 V¹
2127 3138 2139 3180 ΙΙ
2156 3139 2197 3171 20
2223 3140 2255 3171 et
2278 3139 2381 3171 hone-

1301 3182 1386 3212 stum
1410 3181 1454 3220 V]
1482 3185 1514 3212 et
1543 3194 1601 3214 om.
1626 3182 1660 3214 R
1684 3183 1768 3226 vulg).
1796 3181 1808 3226 ss
1833 3184 1870 3216 21
1899 3183 1987 3224 quod
2011 3196 2068 3215 om.
2093 3183 2179 3225 vulq.
2196 3181 2209 3227 ss
2234 3182 2301 3215 alia
2322 3183 2375 3226 V}

1302 3227 1342 3258 22
1366 3227 1425 3265 est]
1452 3236 1517 3257 esse
1531 3226 1579 3258 R¹
1598 3226 1608 3266 ΙΙ
1629 3228 1670 3260 23
1692 3227 1833 3268 vigilum
1854 3238 1907 3259 eos
1928 3229 1972 3268 V]
1999 3238 2052 3260 eos
2072 3227 2211 3268 vigilum
2225 3228 2259 3260 R
2272 3228 2374 3272 υιιίφΙ

1303 3273 1343 3303 24
1368 3270 1678 3312 inperscrutandum
1708 3272 2015 3313 derelinquentibus
2037 3273 2078 3313 V]
2107 3273 2382 3314 perscrutandum

1302 3315 1571 3356 delinquentibus
1600 3316 1628 3347 R
1658 3317 1946 3358 imperscrutatum
1971 3317 2238 3358 relinquentibus
2259 3319 2346 3362 vuly.
2370 3317 2382 3362 Η

1303 3363 1344 3394 ‘25
1377 3360 1532 3401 cingulis]
1572 3361 1712 3403 singulis
1736 3363 1769 3394 R
1797 3362 1922 3403 singuli
1951 3363 1984 3395 V
2007 3361 2135 3403 cinguli
2164 3364 2217 3395 vel
2245 3363 2381 3404 cingulo

1303 3406 1364 3438 alii
1379 3404 1392 3447 ΙΙ
1408 3407 1449 3438 26
1474 3405 1622 3438 noctium
1647 3420 1703 3440 om.
1730 3407 1783 3450 Vl}
1803 3409 1842 3440 27
1869 3407 2117 3439 decumbentem
2141 3418 2282 3448 exugere
2306 3419 2387 3444 cum,

1303 3450 1473 3491 cingulum
1488 3450 1521 3482 R
1536 3450 1548 3492 Η
1568 3453 1609 3484 28
1634 3451 1803 3493 singulum
1820 3451 1873 3496 Vl}
1894 3454 1934 3486 29
1961 3451 2053 3492 quid]
2078 3452 2166 3493 quod
2188 3453 2221 3485 V
2238 3453 2297 3494 qui
2313 3454 2347 3487 R
2370 3454 2383 3499 ΙΙ

1302 3496 1435 3537 propter
1465 3495 1554 3536 quod
1578 3509 1636 3529 om.
1656 3497 1690 3529 R
1718 3497 1729 3538 11
1761 3497 1906 3529 nocitum
1931 3497 1972 3529 ad
1996 3497 2087 3529 dedit
2107 3496 2167 3541 VH
2191 3499 2234 3532 30
2245 3512 2294 3541 sq.
2319 3500 2381 3531 hac

1303 3540 1370 3572 sola
1402 3540 1564 3581 dignitate
1593 3542 1694 3584 vuly.]
1732 3542 1816 3573 hanc
1852 3542 1953 3574 solam
1989 3541 2184 3583 dignitatem
2209 3543 2345 3578 RVal.
2369 3545 2380 3583 ΙΙ

1304 3588 1342 3618 31
1370 3585 1437 3616 sint
1458 3585 1559 3626 Vah]
1585 3588 1663 3618 sunt
1686 3587 1719 3619 13
1741 3588 1827 3629 vuly.
1845 3586 1856 3630 ΙΙ
1875 3586 2016 3620 habente
2039 3589 2071 3619 et
2093 3587 2380 3621 circumlustrante

1304 3631 1403 3672 Ἰυιιίφ]
1428 3630 1602 3663 habentem
1623 3633 1655 3664 et
1683 3631 2002 3665 circumlustrantem
2032 3632 2311 3674 (circumstantem
2334 3635 2379 3670 R)

1304 3676 1379 3708 RV
1399 3676 1441 3708 al.

2043 3725 2108 3756 13*
