2618 4010
292 136 333 181 N
334 150 399 181 ov.
419 136 495 180 XC
525 140 562 179 4.
584 139 610 179 5
1355 130 1440 179 450
2205 146 2265 179 nn
2292 147 2503 181 'rns‘rrsus

292 248 400 288 ἐστίν,
424 245 473 280 αἱς
491 246 523 279 εἰ
542 248 603 280 καὶ
623 241 724 286 ἅπαξ
746 256 800 280 τις
818 245 1043 292 παραγαγὼν
1064 245 1245 291 μάρτυρας
1265 241 1290 288 ἧ
1314 242 1367 279 δὶς
1435 243 1568 279 ducens
1592 245 1702 280 testes
1730 247 1794 280 aut
1822 244 1879 280 bis
1902 247 1967 282 aut
1987 246 2257 283 testificationes
2286 247 2503 292 tractaverit,

291 290 368 324 εἷτα
397 288 636 332 ἀποτάξεται,
670 293 731 325 καὶ
762 290 784 334 ἢ
815 289 960 335 έκλάβοι
991 291 1056 324 τὰς
1083 293 1277 335 μαρτυρίας
1306 292 1368 323 καὶ
1435 290 1499 323 aut
1528 287 1730 324 adversario
1762 289 1830 324 hoe
1852 290 2006 327 faciente
2037 292 2115 338 ipse
2146 292 2420 337 disputationem
2443 301 2502 327 ac-

290 338 554 381 κατασκέψεται
575 333 597 378 ἢ
615 336 680 369 τοῦ
696 333 998 382 ἀντιτεταγμένου
1021 335 1130 368 τοῦτο
1150 335 1368 377 ποιήσαντος
1435 333 1569 385 ceperit
1598 337 1634 386 et
1661 332 1806 385 exohoc
1837 333 2000 371 didicerit
2021 337 2230 380 testificata,
2262 347 2335 372 non
2359 336 2504 372 habebit

291 377 400 413 αὐτὸς
428 379 493 414 τὰς
516 380 755 426 παραγραφὰς
785 379 928 424 έκλάβοι
959 377 1130 413 κάκεῖθεν
1163 377 1280 423 μάθοι
1319 379 1366 413 τὰ
1435 387 1576 413 ommno
1607 378 1785 413 licentiam
1816 378 1891 415 ulla
1921 379 2070 417 ulterius
2100 383 2152 418 uti
2183 381 2328 417 testium
2350 382 2503 426 produc-

289 427 603 470 μεμαρτυρημένα,
637 422 702 468 οὐχ
732 424 802 466 ἔξει
833 423 1019 460 παντελῶς
1054 422 1183 458 ἄδειαν
1216 421 1365 468 οὐδεμιᾷ
1402 423 1543 466 titione,
1567 431 1682 468 neque
1705 422 1738 459 81
1760 422 1879 460 divina
1901 423 1970 461 hoc
1992 425 2102 464 iussio
2124 426 2356 473 praeceperit.

290 472 492 527 περαιτέρω
514 469 675 526 χρῆσθαι
696 469 891 517 μαρτύρων
914 470 1124 516 παραγωγῇ,
1156 465 1239 504 οὐδ’
1265 466 1313 503 ἂν
1336 469 1368 502 εἰ

289 513 379 548 θεια.
400 527 509 550 τουτο
533 513 686 551 usmete
708 515 911 561 πορισθείη.

1287 624 1443 662 CAPUT
1466 625 1509 663 V.

345 688 490 736 Ἐπειδὴ
522 689 562 726 δὲ
589 692 693 737 ἴσμεν
728 690 796 736 ἤδη
830 689 1028 739 γενόμενον
1058 691 1185 737 νόμον,
1220 688 1309 728 dien
1339 693 1375 727 εἴ
1493 692 1544 728 Et
1571 691 1739 737 quoniam
1769 692 1900 729 scimus
1929 693 2061 731 dudum
2089 693 2222 731 factam
2249 696 2378 742 legem,
2410 698 2451 731 ut
2474 697 2505 732 si

289 747 344 771 τις
374 737 542 772 ἐνταῦθα
577 737 672 784 λέγοι
703 735 816 780 δίκην,
852 735 966 771 δεῖται
998 735 1038 771 δὲ
1068 739 1129 773 ἐπὶ
1162 738 1224 780 τῆς
1254 738 1370 783 χώρας
1437 736 1516 782 quis
1539 737 1598 773 hic
1621 737 1718 772 litem
1743 742 1900 781 exercet,
1933 742 2075 784 oportet
2097 742 2215 776 autem
2242 741 2279 776 in
2327 741 2505 777 rovinciae

289 785 387 827 μέρει
409 785 483 816 τινὶ
509 784 684 826 συστῆναι
712 784 775 826 τῆς
798 780 912 824 δίκης,
945 782 1076 822 ἐξεῖναι
1107 783 1171 816 τοῦ
1197 780 1368 817 δικαστοῦ
1384 786 1424 819 10
1462 786 1540 817 arte
1563 782 1683 827 aliqua
1706 783 1916 827 adprobari,
1943 785 2120 820 licentiam
2143 785 2276 822 habere
2298 786 2414 822 iudice
2437 787 2505 822 hoc

290 829 400 861 τοῦτο
431 830 613 873 κρίνοντος
642 830 700 860 καὶ
730 828 797 870 τὴν
821 824 1002 873 ἀρκοῦσαν
1030 827 1263 873 προθεσμίαν
1295 825 1368 874 ὁρί-
1436 793 1651 863 secernente
1682 830 1718 863 et
1741 828 1919 864 sufficiens
1950 830 2119 875 temporis
2143 830 2296 876 spatium
2316 831 2506 867 definiente

291 873 415 914 ζοντος
438 871 615 919 παράγειν
644 873 704 906 ἐπὶ
729 874 790 916 τῆς
814 874 983 918 ἐπαρχίας
1008 873 1088 907 τοὺς
1109 872 1290 919 μάρτυρας
1313 875 1369 907 έν·
1438 873 1614 908 deducere
1636 873 1732 908 intra
1752 874 1969 918 provinciam
1992 878 2102 910 testes
2125 880 2162 910 et
2176 875 2247 911 hnc
2265 875 2506 912 transmittere

291 917 417 951 ταῦθά
440 930 480 951 τε
503 915 790 962 ἀναπέμπεσθαι
820 917 889 961 τὴν
921 915 1023 961 δίκην
1056 918 1135 951 τῶν
1167 921 1370 965 πεπραγμέ-
1437 917 1534 953 litem
1568 918 1678 962 gestis
1710 919 1857 963 perlatis
1893 923 1930 954 et
1957 920 2003 955 ab
2038 920 2160 955 eodem
2195 920 2344 956 iudicari
2378 921 2505 963 iudice,

293 975 368 997 νων
397 965 606 1008 φερομένων
636 966 696 996 καὶ
727 960 799 998 ὑπὸ
832 960 954 1006 ταύτῷ
980 963 1172 1008 κρίνεσθαι
1206 961 1367 1010 δικαστῇ,
1436 963 1569 998 multae
1592 965 1712 998 autem
1736 963 1939 1000 huiusmodi
1960 965 2263 1010 interpellationes
2285 965 2389 1001 nobis
2404 965 2504 1008 fiunt,

291 1006 421 1043 πολλαὶ
449 1006 489 1042 δὲ
505 1008 672 1042 τοιαῦται
688 1006 924 1053 προςελεύσεις
947 1004 1034 1052 ἡμῖν
1056 1012 1221 1055 γίνονται
1244 1007 1368 1053 βουλο-
1384 1012 1424 1044 15
1437 1008 1636 1043 volentibus
1666 1008 1862 1053 aliquibus,
1893 1010 1954 1054 qui
1985 1010 2021 1045 in
2052 1010 2244 1055 provinciis
2271 1010 2412 1056 quidem
2434 1010 2505 1046 liti·

290 1055 412 1097 μένων
442 1054 567 1093 τινῶν,
599 1053 702 1098 οἵπερ
731 1055 770 1087 έν
800 1055 954 1101 ἐπαρχίᾳ
981 1055 1049 1098 μὲν
1071 1051 1279 1096 δικάζονται
1313 1056 1366 1088 έν-
1435 1056 1522 1097 gant
1544 1053 1603 1089 hic
1626 1063 1709 1089 vero
1734 1057 1842 1090 testes
1866 1055 2015 1098 habent,
2047 1058 2088 1091 ut
2110 1057 2299 1091 teneantur
2322 1059 2357 1091 et
2380 1055 2417 1090 in
2439 1055 2505 1091 hu-

291 1098 417 1132 ταῦθα
449 1095 489 1131 δὲ
518 1097 600 1131 τοὺς
621 1097 804 1143 μάρτυρας
831 1099 983 1141 ἔχουσιν,
1015 1096 1104 1133 ιῖίςτε
1133 1102 1278 1144 κρατεῖν
1308 1102 1368 1132 καὶ
1436 1098 1590 1134 iusmodi
1608 1099 1695 1142 lege,
1718 1103 1755 1134 et
1774 1099 1954 1135 licentiam
1973 1110 2052 1136 esse
2075 1100 2113 1135 111
2132 1100 2315 1145 provincia
2333 1099 2508 1136 iudicanti

292 1144 352 1178 ἐπὶ
374 1143 452 1177 τῶν
474 1141 653 1177 τοιούτων
676 1143 744 1177 τὸν
765 1143 878 1187 νόμον
901 1147 961 1177 καὶ
976 1141 1104 1177 ἄδειαν
1126 1143 1219 1178 εἶναι
1250 1145 1302 1186 τῷ
1329 1146 1368 1178 έν
1437 1143 1586 1187 dirigere
1607 1144 1690 1185 huc,
1720 1146 1761 1179 ut
1782 1148 2057 1189 praesententur
2078 1148 2189 1180 testes
2213 1148 2276 1180 aut
2297 1145 2507 1181 testatIones

291 1189 446 1233 ἐπαρχίᾳ
475 1186 658 1230 δικάζοντι
687 1186 846 1222 στέλλειν
869 1188 1056 1230 ἐνταῦθα,
1087 1187 1175 1223 aisn
1199 1192 1367 1235 παριέναι
1437 1189 1579 1224 omnino
1604 1188 1743 1233 dentur,
1769 1195 1805 1224 et
1826 1189 1954 1225 iterum
1977 1191 2023 1225 ad
2047 1201 2126 1226 eum
2150 1190 2275 1226 referri
2297 1191 2394 1233 lites,
2417 1192 2454 1226 et
2477 1190 2508 1226 si

290 1232 373 1267 τοὺς
402 1229 585 1279 μάρτυρας
614 1230 637 1276 ἢ
664 1233 729 1267 τὰς
758 1230 957 1274 ἀποδείξεις
987 1231 1080 1268 ὅλως
1103 1231 1277 1268 δίδοσθαι
1309 1237 1369 1267 καὶ
1382 1235 1459 1269 20a
1480 1233 1663 1279 provincia
1684 1233 1723 1269 in
1746 1235 1962 1279 provinciam
1992 1236 2081 1271 haec
2104 1239 2273 1281 petantur
2295 1235 2391 1271 fieri:
2425 1245 2506 1271 san-

291 1276 404 1313 πάλιν
427 1279 475 1312 εἰς
507 1274 622 1312 αὐτὸν
645 1278 824 1324 φέρεσθαι
846 1278 911 1313 τὰς
935 1277 1048 1321 δίκας,
1081 1277 1103 1323 ἢ
1124 1282 1184 1313 καὶ
1207 1276 1281 1314 ἀπὸ
1307 1280 1368 1314 tn·
1438 1278 1549 1314 cimus
1572 1282 1720 1324 propter
1743 1280 1992 1325 probationum
2016 1281 2270 1316 abundantiam
2294 1283 2331 1316 et
2353 1281 2422 1316 hoc
2445 1291 2506 1316 va·

293 1327 414 1368 αρχίας
429 1324 476 1358 εἰς
491 1325 668 1368 ἐπαρχίαν
691 1324 808 1358 ταῦτα
832 1324 945 1358 αἰτεῖν
967 1324 1158 1370 γίνεσθαι·
1191 1325 1367 1366 θεσπίζο-
1436 1325 1519 1367 lere,
1545 1327 1581 1360 et
1595 1334 1702 1370 posse
1726 1325 1832 1360 etiam
1855 1335 1878 1360 a
1900 1326 2082 1370 provincia
2105 1326 2177 1362 huc
2199 1327 2244 1361 ab
2262 1336 2303 1362 eo
2321 1325 2381 1370 qui
2401 1325 2506 1361 iudex

290 1382 358 1413 μεν
392 1366 452 1403 διὰ
487 1368 556 1412 τὴν
590 1369 668 1402 τῶν
702 1365 922 1410 ἀποδείξεων
957 1366 1131 1416 εὐπορίαν
1167 1372 1226 1403 καὶ
1262 1371 1369 1403 τοῦτο
1437 1373 1491 1405 est
1522 1369 1559 1404 in
1589 1369 1773 1415 provincia
1807 1370 1978 1406 destinari
2013 1375 2048 1407 et
2079 1371 2125 1407 ab
2156 1381 2228 1407 uno
2261 1371 2321 1415 qui
2352 1381 2374 1406 a
2404 1371 2507 1406 nobis

290 1416 446 1459 κρατεῖν,
477 1416 538 1447 καὶ
569 1410 756 1448 δύνασθαι
786 1417 845 1447 καὶ
881 1411 955 1449 ἀπὸ
991 1415 1161 1459 ἐπαρχίας
1196 1415 1371 1448 ἐνταυθοῖ
1437 1414 1604 1450 definitus
1634 1414 1743 1450 fuerit
1771 1415 2137 1469 eloquentissimorum
2159 1415 2331 1457 iudicum,
2362 1415 2506 1451 interlo-

291 1459 390 1504 παρὰ
425 1459 490 1493 τοῦ
527 1456 736 1500 δικάζοντος
769 1460 809 1494 ἐν
844 1460 888 1506 τῇ
922 1458 1022 1505 χώρᾳ
1057 1458 1274 1494 στέλλεσθαι
1309 1462 1367 1493 καὶ
1381 1461 1423 1495 25
1437 1459 1580 1495 cutione
1603 1460 1646 1496 de
1671 1470 1712 1495 eo
1737 1470 1760 1495 a
1781 1460 1898 1496 iud1ce
1920 1461 2034 1504 facta,
2065 1461 2276 1496 testationes
2300 1461 2394 1501 dari,
2427 1466 2463 1496 et
2485 1470 2507 1496 a

291 1500 382 1550 παρ’
408 1504 463 1538 ένὶ
496 1504 575 1538 τῶν
607 1503 646 1544 ἐξ
677 1502 783 1548 ἡμῶν
818 1501 1031 1549 ὡρισμένων
1065 1503 1368 1551 ἐλλογιμωτάτων
1435 1505 1619 1549 provincia
1648 1505 1721 1540 alia
1743 1505 1780 1540 in
1804 1506 1910 1541 aliam
1932 1507 2149 1551 provinciam
2180 1510 2244 1542 aut
2265 1506 2362 1549 apud
2385 1505 2506 1541 defen·

291 1547 485 1590 δικαστῶν,
518 1548 640 1595 ψήφου
672 1552 754 1594 περὶ
777 1548 905 1583 τούτου
935 1549 1035 1595 παρὰ
1067 1550 1131 1583 τοῦ
1162 1547 1369 1591 δικάζοντος
1437 1560 1552 1585 sorem
1576 1553 1639 1586 aut
1661 1551 1760 1595 apud
1782 1551 1980 1596 praesidem
2002 1551 2313 1587 testificationibus
2337 1556 2381 1586 ex
2397 1551 2506 1586 inter-

290 1597 487 1641 γινομένης,
510 1594 574 1628 τὰς
595 1598 791 1639 μαρτυρίας
814 1592 998 1637 δίδοσθαι,
1023 1598 1083 1628 καὶ
1106 1592 1180 1628 ἀπὸ
1199 1596 1369 1642 ἐπαρχίας
1436 1596 1616 1631 locutione
1649 1595 1840 1631 iudicantis
1876 1596 1984 1642 datis3
2020 1597 2095 1632 illic
2129 1596 2291 1632 videlicet
2325 1595 2507 1632 definitiva

291 1640 413 1685 ἑτέρας
436 1640 482 1673 εἰς
503 1639 630 1684 ἑτέραν
653 1639 753 1684 παρὰ
771 1640 824 1682 τῷ
850 1637 979 1683 ἐκδίκῳ
998 1637 1020 1683 ἢ
1036 1639 1134 1685 παρὰ
1152 1641 1205 1683 τῷ
1221 1639 1368 1685 ἄρχοντι
1436 1641 1612 1676 sententia
1635 1641 1752 1676 danda
1780 1642 1843 1677 ubi
1866 1643 1903 1677 et
1925 1641 1968 1677 lis
1994 1644 2195 1678 contestata
2217 1643 2288 1677 est:
2322 1645 2363 1677 ut
2386 1651 2506 1686 quem-

290 1685 368 1718 τῶν
390 1685 600 1730 μαρτυριῶν
623 1686 661 1718 ἐκ
684 1684 807 1730 ψήφου
831 1685 894 1719 τοῦ
918 1682 1123 1727 δικάζοντος
1147 1682 1365 1729 διδομένων·
1380 1687 1423 1720 30
1437 1685 1627 1721 admodum
1660 1686 1744 1721 hinc
1776 1686 1814 1721 in
1843 1687 2025 1732 provincia
2060 1687 2156 1732 apud
2185 1687 2320 1723 iudices
2354 1692 2417 1722 aut
2447 1686 2506 1721 de-

292 1731 402 1764 έκεῖσε
427 1726 562 1772 δηλαδὴ
593 1730 654 1772 τῆς
677 1727 886 1764 αὐτοτελοῦς
909 1729 1032 1776 ψήφου
1057 1727 1241 1774 διδομένης
1271 1730 1369 1765 ἔνθα
1437 1732 1597 1766 sensores
1627 1731 1672 1766 de
1700 1731 1936 1776 productione
1970 1732 2115 1768 testium
2149 1732 2207 1776 agi
2241 1731 2380 1767 sancita
2410 1735 2505 1774 sunt,

292 1777 351 1808 καὶ
382 1773 658 1820 προκατήρχθη·
695 1775 756 1808 ἵνα
787 1771 902 1819 ὥςπερ
935 1775 1108 1809 ἐντεῦθεν
1140 1777 1179 1809 ἐν
1202 1777 1246 1822 τῇ
1270 1776 1369 1821 χώρᾳ
1436 1776 1487 1811 ita
1510 1779 1547 1811 et
1570 1786 1592 1811 a
1616 1776 1798 1821 provincia
1820 1776 1857 1811 in
1880 1777 2099 1822 provinciam
2130 1780 2165 1813 et
2187 1786 2210 1812 8.
2233 1776 2413 1821 provincia
2436 1777 2507 1812 huc

291 1820 391 1865 παρὰ
417 1823 490 1855 τοῖς
509 1817 681 1864 ἄρχουσιν
707 1818 730 1862 ἢ
753 1823 825 1854 τοῖς
848 1818 998 1855 ἐκδίκοις
1021 1819 1066 1854 τὰ
1088 1823 1171 1865 περὶ
1194 1824 1256 1863 τῆς
1278 1833 1366 1866 παρ-
1437 1824 1567 1863 teneat,
1593 1827 1628 1856 et
1651 1821 1810 1866 perfecta
1832 1831 1898 1866 per
1913 1823 2031 1857 omnia
2054 1823 2102 1858 sit
2123 1822 2373 1868 probationum
2396 1822 2506 1857 omni-

292 1866 432 1909 αγωγῆς
465 1865 542 1899 τῶν
577 1862 774 1909 μαρτύρων
808 1865 1038 1909 πράττεσθαι
1073 1865 1368 1909 νενομοθέτηται,
1436 1866 1503 1902 bus
1535 1865 1707 1912 facultas3
1743 1866 1954 1902 testimoniis
1985 1867 2126 1913 quidem
2155 1878 2226 1903 non
2257 1866 2361 1902 editis
2394 1877 2507 1912 neque

291 1908 389 1944 οὕτω
414 1912 473 1944 καὶ
497 1908 571 1944 ἀπὸ
598 1908 715 1955 χώρας
738 1910 785 1943 εἰς
806 1909 929 1955 χώραν
952 1913 1011 1944 καὶ
1030 1909 1104 1945 ἀπὸ
1125 1912 1292 1956 ἐπαρχίας
1313 1912 1367 1944 ἐν·
1382 1912 1424 1946 35

291 1955 428 1990 ταυθοῖ
454 1958 613 2001 κρατοίη,
646 1957 705 1988 καὶ
735 1954 854 1989 τελεία
886 1953 946 1989 διά
978 1954 1133 1990 πάντων
1156 1955 1208 1999 εἴη
1239 1952 1260 1998 ἡ
1290 1957 1368 1989 τῶν

292 1997 517 2041 ἀποδείξεσιν
548 1996 685 2035 ἅπασιν
715 1996 864 2034 εὐκολία.
912 2001 989 2034 τῶν
1011 2004 1136 2045 μέντοι
1158 2001 1369 2047 μαρτυριῶν

360 2104 386 2126 c.
409 2092 444 2126 V
459 2087 603 2134 Ἐπειδὴ
627 2090 730 2134 ἴσμεν
752 2110 795 2115 -
820 2092 863 2126 36
876 2093 1024 2137 κρατοίη
1048 2092 1144 2125 babet
1167 2091 1373 2136 Epanaqoqe
1398 2092 1449 2134 12,
1464 2099 1512 2127 29.

286 2178 598 2228 productionibus,
622 2183 658 2214 et
679 2182 744 2213 aut
763 2178 966 2214 testimonia
981 2179 1167 2232 exceperit
1189 2183 1299 2225 atque
1313 2179 1528 2226 inspexerit,
1553 2183 1619 2227 aut
1633 2179 1694 2215 ubi
1717 2178 1949 2214 adversarius
1967 2176 2035 2212 hoc
2052 2178 2155 2224 fecit,
2178 2179 2256 2230 ipse
2275 2182 2508 2227 exceptiones

291 2225 469 2272 acceperit
493 2228 528 2260 et
549 2224 633 2260 inde
657 2223 859 2259 testimonia
882 2228 1104 2270 eoqnoverzt,
1135 2235 1215 2260 eum
1238 2224 1375 2260 itullam
1399 2225 1543 2260 omnino
1568 2224 1748 2260 licentiam
1772 2222 1978 2259 habiturum
2001 2223 2078 2258 ulla
2103 2227 2244 2259 testium
2263 2225 2507 2271 productione

290 2270 446 2318 amplius
471 2269 605 2311 utendi,
629 2279 674 2305 ne
695 2268 728 2303 si
751 2268 874 2304 divina
898 2268 1042 2314 quidem
1065 2269 1178 2305 iussio
1202 2269 1242 2304 id
1257 2269 1496 2316 praestiterit.
2069 2313 2077 2320 ·

423 2315 467 2352 V.
514 2314 692 2358 Quoniam
724 2318 843 2350 autem
876 2313 988 2360 leqem
1019 2314 1092 2349 iam
1123 2314 1234 2350 latam
1257 2325 1333 2350 esse
1355 2315 1487 2350 scimus
1510 2325 1604 2361 quae
1627 2315 1844 2356 constituat,
1876 2316 1917 2349 ut
1950 2313 1983 2348 si
2013 2324 2096 2359 quis
2124 2312 2183 2349 nte
2208 2312 2303 2349 litem
2325 2322 2507 2359 exerceat,

291 2371 433 2398 necesse
456 2364 575 2395 autem
598 2358 730 2395 habeat
744 2363 891 2406 partem
915 2358 1099 2405 quandam
1123 2359 1197 2395 litis
1219 2359 1258 2395 in
1274 2360 1471 2406 provincia
1494 2360 1724 2405 confirmari,
1758 2359 1863 2394 liceat
1886 2358 2003 2394 iudice
2035 2357 2103 2394 noc
2126 2358 2339 2395 decernente
2360 2365 2394 2396 et
2416 2360 2507 2397 diem

290 2406 361 2453 suf
382 2406 530 2441 cientem
553 2404 743 2450 definiente
766 2405 804 2440 in
825 2403 1016 2451 provincia
1042 2408 1148 2441 testes
1169 2404 1372 2452 producere
1394 2408 1431 2440 et
1450 2404 1520 2440 huc
1539 2405 1719 2441 remittere
1743 2404 1838 2440 litem
1859 2404 1951 2439 actis
1967 2403 2126 2450 perlatis
2149 2408 2258 2450 atque
2273 2414 2346 2450 per
2360 2405 2508 2441 eundem

290 2453 328 2487 iu
356 2452 442 2487 icem
467 2449 603 2492 decidi,
634 2449 755 2485 multis
786 2460 870 2485 vero
894 2449 1069 2486 eiusmodi
1098 2449 1450 2497 interpellationibus
1476 2450 1653 2496 petimur,
1685 2460 1765 2486 cum
1788 2448 1973 2490 nonnulli,
1999 2448 2067 2500 ‚qui
2090 2447 2129 2483 in
2144 2448 2340 2501 prouincia
2366 2450 2508 2496 quidem

291 2497 347 2533 liti
373 2501 437 2532 ant
460 2494 518 2531 laic
541 2498 659 2531 autem
684 2498 790 2530 testes
813 2493 956 2536 habent,
980 2494 1091 2540 leqem
1116 2494 1226 2531 velint
1249 2495 1357 2530 etiam
1381 2494 1424 2530 de
1444 2494 1619 2530 eiusmodi
1641 2495 1747 2531 rebus
1770 2493 1890 2530 valere
1912 2504 1957 2529 ac
1980 2493 2087 2529 licere
2117 2504 2149 2529 ez
2173 2504 2235 2540 qut
2259 2504 2298 2528 m
2319 2495 2510 2541 provincia

290 2544 328 2578 iu
354 2543 426 2578 icet
447 2539 517 2576 huc
539 2541 690 2582 mittere,
721 2543 763 2575 ut
786 2543 892 2575 testes
923 2540 1117 2576 adveniant
1148 2539 1204 2576 vel
1225 2539 1465 2586 probationes
1496 2540 1642 2575 omnino
1665 2539 1795 2575 dentur
1824 2543 1860 2574 et
1891 2549 2021 2574 rursus
2051 2538 2100 2573 ad
2129 2538 2246 2590 ipsvnn
2278 2537 2357 2574 lites
2382 2541 2509 2586 feran-

293 2592 363 2630 tur,
387 2585 443 2622 vel
465 2586 573 2622 etiam
595 2590 636 2621 ut
659 2584 703 2621 de
715 2585 912 2632 provincia
935 2585 973 2619 in
994 2585 1222 2631 provinciam
1245 2585 1284 2620 id
1303 2585 1371 2630 siat
1391 2588 1537 2632 petant.-
1561 2586 1753 2629 sancimus,
1777 2588 1818 2620 ut
1826 2588 1982 2636 propter
1993 2583 2254 2629 probationum
2278 2584 2419 2631 copiam
2441 2585 2510 2622 hoc

291 2642 434 2680 quoque
457 2631 592 2673 valeat,
625 2629 800 2676 liceatque
824 2634 860 2666 et
885 2629 929 2666 de
946 2630 1141 2676 provincia
1172 2630 1243 2665 nuc
1273 2630 1369 2665 mitti
1389 2629 1433 2665 ab
1457 2640 1500 2666 eo
1525 2630 1587 2676 qui
1617 2630 1656 2664 in
1676 2630 1867 2682 provincia
1889 2628 2038 2680 iudicat·
2057 2632 2167 2680 atque
2192 2628 2294 2680 apud
2320 2639 2429 2665 urium
2460 2642 2510 2667 ea:

291 2676 561 2726 spectatissimis
583 2674 763 2711 iudicibus
786 2686 809 2710 a
832 2675 936 2711 nobis
960 2675 1175 2721 desistatis,
1200 2674 1342 2711 decreto
1366 2674 1410 2711 de
1428 2686 1472 2711 ea
1495 2686 1536 2711 re
1558 2686 1582 2710 a
1604 2675 1723 2710 iudice
1744 2673 2168 2726 faciendoffitesttmonia·
2183 2673 2293 2726 dan,-
2307 2678 2343 2709 et
2366 2673 2411 2711 de
2433 2676 2509 2711 alia

290 2722 480 2771 provincia
504 2722 543 2757 in
566 2721 677 2756 aliam
701 2732 724 2756 a
752 2719 802 2755 ud
823 2720 1051 2766 defensorem
1086 2720 1143 2755 vel
1172 2721 1424 2766 maqistralum
1449 2720 1660 2756 testimoniis
1690 2730 1740 2756 ea:
1763 2718 1905 2756 decreto
1936 2717 2065 2754 iudicis
2088 2717 2206 2759 datm
2238 2723 2360 2764 utique
2391 2724 2507 2756 tamen

291 2767 469 2804 sententia
492 2766 677 2812 definitiva
699 2731 750 2801 il}
769 2765 919 2811 feratur
942 2765 1003 2800 ubi
1026 2764 1071 2800 lis
1095 2769 1296 2801 contestata
1320 2771 1394 2801 est:
1425 2770 1466 2800 ut
1494 2766 1590 2801 sicut
1611 2764 1695 2800 hinc
1710 2765 1755 2816 ’in
1771 2763 1967 2816 *provincia
1987 2764 2091 2816 apud
2116 2763 2429 2816 maqistratuspel
2449 2765 2507 2801 de-

290 2814 460 2860 fensores
478 2811 755 2858 productionem
781 2810 922 2846 testium
941 2810 1025 2855 fieri
1046 2811 1223 2845 sancitum
1246 2815 1311 2853 est,
1335 2811 1388 2845 ita
1413 2810 1520 2846 etiam
1544 2809 1589 2846 de
1610 2820 1800 2857 provmcza
1824 2820 1862 2844 m
1882 2818 2109 2856 provinciam
2132 2812 2167 2843 et
2190 2806 2234 2843 de
2253 2818 2447 2854 provincia
2470 2822 2507 2845 m

293 2859 387 2894 lianc
409 2856 531 2893 urbem
554 2860 702 2898 constet,
726 2859 763 2891 et
778 2866 850 2901 per
874 2856 996 2890 omnia
1012 2855 1186 2902 perfecta
1209 2856 1258 2891 sit
1274 2856 1436 2891 omnibus
1454 2855 1715 2902 probationum
1736 2854 1913 2900 facilitas.
1969 2853 2219 2890 Verumtamen
2242 2864 2287 2889 ne
2301 2853 2340 2888 in
2355 2855 2507 2902 provin-

341 2951 356 2983 1
383 2959 436 2982 τις
459 2960 517 2981 om.
533 2959 552 2983 ς
568 2946 581 2990 11
605 2942 628 2988 ἢ
651 2947 710 2979 καὶ
734 2941 787 2978 δὶς
811 2946 859 2979 Β*
874 2959 903 2979 υ.
919 2947 938 2979 Ι.
958 2946 970 2989 11
994 2947 1014 2980 2
1037 2944 1116 2979 εἶτα
1140 2946 1240 2987 LBr]
1263 2944 1297 2978 εἶ
1319 2945 1369 2986 M,
1435 2945 1501 2978 τοῦ
1525 2945 1634 2980 om.B
1649 2945 1662 2989 11
1680 2945 1724 2980 35
1746 2943 1913 2978 ἐνταῦθα
1938 2942 2094 2986 BE'pan.

293 3007 353 3028 om.
363 2994 412 3028 B⁸
421 3006 449 3027 v.
461 2994 480 3026 Ι.
498 2992 512 3036 11
528 2991 606 3025 εἶτα
619 2988 841 3030 ἆποτάξεται
854 2992 913 3024 καὶ
926 3003 983 3024 οηι.
994 3002 1013 3027 ς
1027 2990 1040 3034 11
1058 2987 1285 3033 ἇποτάξηται
1300 2989 1370 3062 Bul

293 3041 353 3073 καὶ
377 3052 436 3072 om.
451 3038 501 3071 L⁰
529 3038 542 3081 11
569 3034 703 3082 έκλάβῃ
730 3036 777 3069 Β*
793 3049 821 3069 v.
841 3036 861 3068 l.
891 3036 903 3079 11
931 3037 992 3068 καὶ
1015 3038 1285 3081 κατασκέψηται
1310 3035 1345 3068 Β
1360 3062 1369 3078 ,
2227 3077 2234 3084 ·
2263 3076 2270 3083 ι
2295 3075 2303 3082 .
2415 3076 2423 3084 .
2483 3076 2492 3084 ·

295 3098 351 3118 om.
367 3083 414 3128 ς11
433 3085 455 3117 4
473 3080 632 3126 έκλάβοι]
655 3078 728 3115 ἀπὸ
746 3080 811 3114 τοῦ
827 3077 1010 3114 ἀντιδίκου
1034 3083 1110 3115 add.
1130 3082 1241 3114 Procli.
1256 3088 1339 3114 auct.
1359 3082 1371 3123 11
1483 3082 1500 3115 1
1526 3081 1576 3113 bis
1591 3082 1662 3121 aut]
1687 3079 1737 3113 bis
1753 3081 1786 3112 et
1811 3077 1900 3120 RTss
1918 3078 2076 3111 tractauit
2095 3077 2153 3121 Vl}
2168 3078 2187 3110 3
2203 3075 2321 3110 didicit
2340 3074 2398 3119 Vfl
2413 3077 2508 3109 mutn-

293 3128 400 3173 μάθη
426 3129 552 3161 B·v.1.
578 3127 592 3170 11
619 3129 639 3161 5
664 3123 811 3160 πάντως
835 3126 950 3159 Procli.
965 3134 1045 3160 auct.
1063 3126 1077 3170 11
1093 3122 1264 3170 οὐδεμίαν
1287 3124 1336 3159 L2
1359 3126 1371 3168 11
1436 3125 1533 3158 ficata
1558 3126 1590 3159 Τ
1598 3125 1609 3145 ¹
1631 3127 1643 3169 11
1669 3127 1690 3159 4
1714 3124 1817 3158 ullam
1843 3124 1875 3157 Τ
1891 3123 1904 3166 ΙΙ
1930 3124 1950 3157 8
1975 3124 2078 3156 simus
2102 3123 2152 3174 T}
2173 3122 2232 3174 1109
2257 3123 2406 3173 oporteat
2427 3121 2474 3154 1⁷¹
2494 3120 2508 3163 11

295 3178 314 3207 6
338 3165 546 3217 χρησασθαι
571 3173 640 3206 LB
656 3172 768 3206 Proch.
784 3179 866 3205 auct.
893 3169 907 3215 11
934 3171 977 3212 εἰ]
1001 3168 1023 3214 ἡ
1049 3172 1165 3206 ΡνοοΙι.
1190 3178 1285 3213 auct„
1310 3183 1368 3203 om.
1440 3174 1479 3205 10
1498 3173 1624 3214 partem
1645 3170 1679 3204 R
1694 3170 1708 3213 11
1724 3168 1902 3212 exprobari
1923 3168 1956 3202 V
1996 3168 2115 3202 habere
2138 3167 2259 3209 iudice]
2283 3166 2425 3198 iudicem
2449 3165 2506 3219 ha-

298 3220 342 3253 M
351 3220 364 3263 Ι
388 3222 406 3253 ’7
423 3218 530 3252 τοῦτο
546 3216 686 3250 ML²Bs
691 3219 722 3258 ς]
747 3214 865 3258 τούτῳ
880 3216 979 3249 L¹B0
993 3217 1108 3250 Procli.
1125 3224 1207 3251 auct.
1225 3215 1239 3260 Ι
1260 3226 1368 3261 προσ·
1436 3216 1514 3249 bere
1534 3215 1590 3259 Vn
1616 3217 1654 3250 11
1679 3215 1868 3248 dicernente
1886 3213 1934 3246 R*
1980 3213 2163 3246 iat-eruente
2186 3212 2241 3265 (al.
2255 3212 2449 3261 decernente
2472 3222 2504 3243 ιη

296 3264 380 3306 θείη
404 3263 435 3297 L
457 3263 470 3307 11
495 3265 516 3298 8
538 3258 637 3296 Ἐπεὶ
662 3263 696 3295 Β
720 3261 732 3303 ΙΙ
754 3258 881 3304 νόμον]
909 3262 987 3295 C'od.
1011 3263 1044 3302 4,
1065 3269 1112 3303 20,
1134 3269 1167 3296 16
1191 3264 1205 3306 fl
1230 3263 1251 3296 9
1274 3259 1369 3306 λέγοι
1437 3262 1552 3305 mar-9.)
1581 3259 1656 3304 R²n
1678 3260 1834 3303 temporis
1857 3258 2002 3302 spatium
2025 3258 2108 3299 ΒΤ]
2138 3260 2283 3300 spatium
2304 3258 2459 3306 temporis
2480 3254 2508 3286 V

297 3310 342 3343 Μ
348 3310 471 3353 Epora-l
503 3306 595 3353 λέγει
620 3308 709 3348 Bw)
745 3303 860 3353 λέγειν
883 3307 915 3340 L
945 3305 957 3350 11
984 3306 1057 3348 τῆς]
1092 3303 1191 3340 τινὸς
1214 3306 1323 3350 Epan.
1358 3310 1370 3348 11
1437 3307 1521 3349 vulq.
1537 3305 1551 3350 11
1569 3305 1737 3339 defitiente
1756 3306 1788 3339 T
1796 3303 1837 3349 Ι11
1863 3305 1904 3338 12
1928 3303 2190 3337 retransmittere
2210 3300 2334 3353 TU?
2358 3298 2505 3331 iudicare

298 3357 337 3388 10
348 3355 446 3399 με’ρει
461 3355 536 3386 τινὶ
551 3350 647 3394 (τινὰ
663 3353 714 3386 L⁰
726 3359 756 3386 et
769 3354 879 3385 iterum
893 3351 950 3394 12²)
969 3351 1144 3394 συστῆναι
1157 3351 1262 3393 Μὶις]
1281 3352 1368 3405 μέρη
1445 3352 1478 3389 V
1495 3351 1508 3395 11
1528 3352 1568 3386 14
1580 3350 1677 3383 nobis
1694 3350 1822 3384 fuerint
1843 3349 1890 3383 V¹
1914 3349 2001 3401 fiunt
2019 3348 2115 3382 nobis
2137 3348 2170 3381 Τ
2179 3347 2192 3391 11
2211 3348 2251 3381 15
2266 3345 2418 3385 hhgttur
2431 3343 2478 3376 R¹
2494 3343 2505 3385 ἕΙ

294 3399 378 3432 τινὰ
400 3398 575 3440 συστῆναι
599 3398 636 3431 Β
643 3397 671 3439 ?‚
696 3409 764 3430 cum
779 3397 973 3430 Haloandro
987 3398 1085 3441 vulq„
1121 3398 1161 3430 ἐν
1183 3398 1280 3441 με’ρει
1302 3408 1370 3438 την
1439 3398 1477 3430 17
1505 3396 1710 3439 provinciam
1734 3394 1838 3438 librin
1862 3394 2004 3427 iudicari
2035 3394 2084 3427 V·
2102 3393 2236 3444 [is-nt
2253 3390 2505 3441 pumententnr

295 3443 471 3478 σύστασιν
493 3444 587 3485 ἔχειν
611 3443 719 3487 Epan.
744 3441 757 3486 11
782 3441 845 3484 τῆς
869 3439 965 3485 δίκης
988 3455 1046 3476 om.
1061 3454 1080 3479 ς
1105 3441 1118 3487 11
1142 3444 1184 3476 12
1208 3453 1236 3476 π
1284 3453 1368 3486 aya·
1437 3442 1501 3474 huc
1528 3442 1577 3475 T¹
1598 3443 1610 3483 ΙΙ
1635 3442 1863 3483 praesentetur
1885 3439 1918 3472 V
1935 3441 1948 3479 11
1975 3440 2015 3473 19
2039 3441 2072 3471 et
2093 3439 2134 3479 si]
2159 3446 2212 3468 οι·
2235 3443 2265 3466 n
2289 3432 2337 3466 Τι
2359 3434 2371 3474 fl
2401 3433 2443 3484 ².⁰
2468 3443 2504 3485 in

295 3491 370 3533 γεῖν
394 3490 503 3532 Epan.
531 3487 545 3532 11
575 3489 615 3522 16
645 3487 760 3521 τινῶν
792 3499 831 3520 ex
853 3500 935 3521 corr.
961 3487 992 3520 L
1021 3487 1034 3531 11
1065 3489 1104 3521 18
1133 3489 1193 3520 καὶ
1224 3484 1248 3519 ἅ
1272 3487 1368 3527 ειαν]
1407 3487 1640 3528 ‘provinciam
1664 3486 1769 3519 om.R
1795 3485 1808 3527 11
1838 3485 1882 3519 22
1901 3483 1943 3517 ad
1965 3482 2167 3535 pronintiam
2187 3477 2248 3522 V!
2275 3477 2318 3529 23
2344 3476 2504 3530 destinam

296 3536 354 3565 και
379 3547 436 3567 ο...
453 3533 514 3576 Lu
538 3535 576 3567 21
603 3528 627 3575 ἢ
651 3534 723 3573 καὶ]
748 3532 807 3565 etsi
831 3533 866 3573 (i.
881 3545 907 3566 e.
932 3532 963 3565 ιε
985 3533 1058 3574 και)
1082 3544 1100 3569 ς
1118 3531 1189 3576 1123
1211 3526 1370 3577 ἀπορίαν
1437 3539 1509 3565 ante
1525 3532 1588 3565 huo
1604 3533 1673 3572 (22)
1693 3530 1811 3565 eottR
1833 3529 1846 3573 ss
1868 3530 1911 3564 26
1931 3528 2008 3570 alia]
2031 3526 2092 3560 1112
2114 3525 2148 3558 R
2168 3523 2182 3567 Ι
2208 3523 2249 3556 2¹1
2273 3521 2502 3574 unet-locum-

301 3579 404 3614 Fnan.
423 3578 437 3620 11
461 3580 503 3612 26
524 3577 565 3610 ab
589 3588 656 3610 uno
681 3576 739 3619 qui
763 3587 782 3608 a
804 3577 899 3610 nobis
922 3577 1076 3610 definitus
1096 3577 1198 3611 fuerit
1219 3578 1255 3618 (i.
1270 3590 1297 3611 e.
1313 3575 1367 3618 τῷ
1436 3586 1508 3609 nem
1526 3576 1568 3610 T¹
1584 3575 1597 3621 11
1615 3578 1658 3611 30
1672 3576 1750 3608 hine
1762 3575 1860 3619 vuI9.]
1885 3574 1940 3606 hie
1958 3573 1988 3606 R
2011 3573 2076 3605 huo
2097 3569 2134 3610 V,
2147 3580 2205 3601 om·
2222 3565 2277 3610 Τ11
2295 3567 2419 3600 mdxcee
2429 3570 2502 3620 pet-l

298 3620 335 3660 ἐξ
359 3618 461 3664 ἡμῶν
485 3619 674 3667 ὡρισμένῳ
683 3623 713 3664 ἲ)
738 3634 757 3659 ς
785 3621 799 3666 11
827 3623 870 3656 28
892 3623 1098 3668 γενομένης,
1130 3620 1213 3656 τοὺς
1233 3617 1367 3666 μάρτυ-
1436 3631 1488 3654 ees
1514 3640 1551 3645 —
1580 3622 1623 3655 33
1647 3622 1757 3654 teneat
1779 3631 1840 3653 σον.
1868 3617 1917 3652 V*
1940 3619 1972 3652 in
1996 3622 2061 3650 ras.
2076 3614 2119 3658 2}
2130 3625 2178 3646 vv·
2203 3611 2215 3654 ΙΙ
2239 3613 2276 3646 31
2304 3612 2504 3654 produtione

298 3675 360 3719 ρας
386 3667 418 3698 Β
441 3667 454 3708 fl
482 3668 524 3700 29
549 3667 670 3711 ἑτέρας
693 3680 751 3701 om.
769 3668 800 3700 L
827 3667 840 3711 11
868 3666 995 3711 ἑτέραν
1018 3664 1040 3709 ἢ
1063 3666 1162 3712 παρὰ
1187 3667 1296 3710 Epan.
1314 3677 1334 3702 ς·
1357 3666 1370 3708 Ι
1444 3665 1546 3708 V(²)ss
1569 3667 1612 3700 32
1635 3667 1684 3698 ita
1707 3667 1740 3699 et
1762 3666 1793 3706 ι]
1817 3673 1837 3696 ι
1860 3675 1918 3697 σηι-
1935 3662 1987 3695 T·
2009 3659 2022 3703 Ι
2043 3659 2087 3711 3.3
2110 3658 2231 3709 ῒθξξθᾶζ]
2257 3657 2368 3700 ζὲᾷὲᾎζ
2392 3660 2504 3692 teneat

298 3721 320 3752 η
339 3708 450 3756 παρὰ]
485 3710 583 3755 παρὰ
608 3724 666 3744 om.
688 3712 722 3744 B
748 3711 762 3755 Ι
789 3712 832 3745 30
855 3712 933 3745 τῶν
954 3711 1151 3760 μαρτύρων
1175 3712 1326 3756 LEpan.
1355 3710 1368 3753 11
1434 3712 1506 3754 (εἰς)
1527 3710 1596 3754 V(²)
1613 3711 1686 3755 134
1709 3707 1896 3743 testimonio
1917 3705 1965 3740 V¹
1989 3705 2185 3738 maumonii!
2209 3712 2237 3734 ΙΙ
2260 3702 2294 3735 R
