2618 4010
102 144 402 176 EFFICIUNTUR
431 143 503 176 SUI

104 241 167 278 δας
191 241 213 286 ἢ
238 243 379 279 πάντας
408 241 431 286 ἦ
463 253 563 276 τινας
588 240 794 277 ἐπιδιδόναι
824 246 897 278 τοῖς
925 243 1186 289 βουλευτηρίοις

104 287 126 332 ἢ
146 288 210 323 τοὶς
230 288 432 336 θυγατέρας
454 286 626 332 ἁρμόζειν
649 288 861 333 βουλευταῖς.
910 293 969 323 καὶ
994 291 1118 324 ἐπείπε
1164 288 1183 323 ό

104 334 237 380 τρόπος
268 326 371 368 οὗτος
401 330 465 375 οὐχ
496 331 619 377 ἁπλῆν
650 334 720 377 εἶχε
743 334 810 378 τὴν
833 335 1069 379 νομοθεσίαν,
1094 333 1117 368 ἀ
1141 334 1186 368 λὰ

105 379 274 414 ποικίλως
304 379 350 413 τά
382 391 422 413 τε
452 382 533 424 περὶ
564 380 641 413 τῶν
666 378 870 414 ἐπιδόσεων
902 380 1038 426 εἴρηται
1069 380 1116 414 τά
1146 394 1186 414 τε

105 428 187 469 περὶ
209 426 285 459 τῶν
301 421 491 466 διαδοχῶν,
516 425 593 459 πῶς
605 438 657 471 υτε
677 423 781 459 αὐτοὶ
805 429 864 459 καὶ
885 430 1000 460 τίνων
1020 425 1185 471 κληρονο-

103 471 212 514 μοῦσι
237 472 296 503 καὶ
312 469 412 514 παρὰ
437 473 550 503 τίνων
575 471 683 504 αὖθις
704 470 1018 519 κληρονομοῦνται,
1044 470 1185 505 δίκαιον

105 514 281 558 ᾠήθημεν
297 516 403 549 τοῦτο
421 512 464 558 δὴ
481 517 630 561 πρῶτον
653 516 695 550 τὰ
718 518 779 559 τῆς
796 517 1016 561 νομοθεσίας
1036 515 1185 550 διαθέν-

104 572 161 594 τες
183 557 378 605 κεφάλαιον
398 557 512 595 οὕτως
546 563 604 595 ἐπὶ
635 561 716 595 τοὺς
746 561 890 597 λοιποὺς
920 562 1075 608 τρόπους
1104 564 1186 596 τοὺς

105 606 151 639 εἰς
172 603 393 652 γνησιότητα
418 609 592 652 φέροντας
616 607 756 641 ἐλθεῖν·
789 608 836 641 τὰ
860 607 930 654 γὰρ
962 607 1106 640 ἐκεῖθεν
1129 606 1185 641 εὕ-

103 652 123 685 1
170 649 255 684 κολα
280 655 463 686 παντοίως
489 654 598 686 ἐστίν.

104 693 250 730 παίδων
274 696 406 741 πατήρ,
429 697 498 731 εἴτε
519 697 707 743 βουλευτὴς
725 697 779 732 ὢν
803 698 874 731 εἴτε
891 695 1078 742 ἐλεύθερος
1101 701 1183 742 βου-

104 740 175 783 λῆς,
200 738 328 776 ἄδειαν
351 743 421 783 ἕξει
446 742 590 777 τούτους
613 742 635 786 ἤ
659 755 760 778 τινας
785 743 823 783 ἐξ
847 740 968 777 αὐτῶν
998 743 1083 782 (εἴτε
1124 756 1184 785 νη-

104 790 195 820 σίων
212 786 358 822 παίδων
382 788 434 831 εἴη
456 789 578 834 πατὴρ
598 789 668 823 εἴτε
691 792 750 822 καὶ
770 789 818 832 μὴ
833 788 960 833 μόνων
985 786 1024 821 δὲ
1039 756 1184 828 νόίζων)

104 830 310 867 ἐπιδιδόναι
340 834 393 876 τῷ
426 833 679 879 βουλευτηρίω,
711 832 780 867 κᾶν
812 835 843 867 εἰ
874 834 983 875 τυχὸν
1015 833 1186 867 illustrius

1182 128 1264 176 431

1926 130 2033 175 Nov.
2053 127 2279 174 LXXXIX
2310 128 2334 172 2

1256 243 1383 279 offerre
1400 243 1507 279 curiis
1533 246 1597 278 aut
1613 243 1705 279 filias
1729 244 1923 279 curialibus
1941 245 2121 290 copulare.
2157 244 2205 278 Et
2221 254 2332 288 quon-

1254 290 1325 324 iam
1349 289 1474 324 modus
1505 290 1571 325 iste
1595 299 1666 324 non
1690 289 1883 334 simplicem
1915 291 2041 325 habuit
2063 289 2333 334 legislationem,

1256 335 1318 370 sed
1347 334 1444 369 varie
1476 337 1512 370 et
1543 335 1587 370 de
1612 335 1852 370 oblat10nibus
1877 336 2013 371 dictum
2036 338 2092 371 est
2123 338 2158 370 et
2185 335 2227 370 de
2252 344 2332 369 suc-

1256 380 1495 423 cessionibus,
1529 380 1704 424 quomodo
1736 380 1805 425 ipsi
1837 384 1871 416 et
1902 392 2051 426 quorum
2078 380 2226 416 heredes
2259 380 2330 414 exi-

1222 429 1240 460 5
1256 429 1353 461 stant
1385 430 1420 460 et
1444 425 1503 469 qui
1527 436 1651 461 rursus
1675 425 1719 460 ad
1745 436 1864 461 eorum
1890 427 2123 461 hereditatem
2147 425 2330 467 accedant,

1254 472 1386 506 iustum
1420 471 1631 507 credidimus
1666 471 1734 506 hoc
1767 472 1920 516 primum
1950 471 2178 516 legislationis
2210 470 2329 515 dispo-

1254 520 1378 551 nentes
1404 517 1599 561 capitulum
1622 517 1672 551 ita
1695 517 1740 551 ad
1764 517 1918 562 reliquos
1942 517 2067 552 modos
2093 517 2152 561 qui
2176 517 2222 551 ad
2246 516 2330 559 legi-

1253 563 1416 597 timorum
1441 562 1496 596 ius
1521 561 1644 596 ferunt
1675 562 1862 607 accedere;
1900 572 1992 607 quae
2016 563 2108 597 enim
2138 562 2219 596 inde
2249 563 2331 596 sunt

1252 607 1359 642 facile
1383 607 1525 642 omnino
1550 612 1605 641 est
1629 607 1757 642 dicere.

670 653 725 686 Εἴ
745 664 798 687 τις
826 657 950 687 τοίνυν
976 653 1028 695 εἴη
1052 652 1185 686 νόθων
1200 655 1273 688 101
1328 652 1364 687 Si
1394 652 1472 696 quis
1503 652 1610 695 igitur
1640 652 1748 687 fuerit
1778 650 1996 687 naturalium
2030 650 2181 685 filiorum
2217 653 2330 694 pater,

1253 697 1326 733 sive
1360 697 1503 731 curialis
1535 697 1691 731 existens
1728 707 1791 731 seu
1822 696 1912 730 liber
1941 705 1963 730 a
1996 696 2111 737 curia,
2149 695 2331 730 licentiam

1253 743 1399 777 habebit
1430 742 1495 776 hos
1525 745 1589 776 aut
1619 742 1791 786 quosdam
1823 751 1868 775 ex
1892 740 1960 782 eis,
1993 741 2065 775 sive
2096 741 2331 784 legitimorum

1254 788 1301 822 sit
1331 787 1484 821 filiorum
1520 791 1623 831 pater
1658 787 1730 822 sive
1764 786 1869 822 etiam
1905 796 1979 820 non
2015 786 2076 821 sed
2111 785 2330 821 solummodo

1253 832 1485 873 naturalium,
1511 832 1640 866 offerre
1664 832 1794 874 curiae,
1826 832 1910 866 licet
1933 831 2026 866 forte
2049 831 2196 866 illustris
2221 830 2330 874 digni-

103 875 202 917 ἇξίας
231 879 302 913 εἷεν
333 878 368 912 οἱ
391 878 515 913 παῖδες
546 868 814 933 ἐπειλημμένοι,
847 878 940 921 πλὴν
963 879 994 912 εἰ
1017 879 1065 922 μὴ
1089 877 1185 921 τηλι-
1201 879 1239 911 15
1253 878 1338 912 tatis
1364 877 1434 912 Sint
1457 877 1520 911 filii
1544 878 1722 921 suseepti,
1755 877 1823 912 nisi
1847 879 1966 911 tamen
1991 877 2072 911 talis
2104 886 2195 921 quae
2218 876 2331 910 homi-

103 922 234 967 καύτης
269 921 358 970 ἢπερ
396 922 634 970 ἀνθρώπους,
670 939 738 958 καν
774 925 805 958 εἰ
835 923 1023 969 βουλευταὶ
1059 924 1184 957 καθει-

104 968 291 1011 στήκεσαν,
323 969 454 1013 ταύτης
487 969 692 1015 ἐλευθέρους
716 972 829 1004 ἐποίει
852 971 913 1012 τῆς
936 968 1051 1011 τύχης.
1099 966 1118 1002 ὁ
1147 966 1185 1001 δὲ

104 1014 166 1056 τῆς
191 1013 388 1049 ἐπιδόσεως
411 1014 545 1061 τρόπος
568 1016 638 1049 εἴτε
660 1018 801 1062 γένοιτο
830 1015 929 1063 παρὰ
957 1016 1021 1048 τοῦ
1047 1013 1185 1058 πατρὸς

105 1061 158 1093 ἔτι
189 1062 387 1107 περιόντος,
418 1058 524 1103 ἡνίκα
550 1072 602 1095 τις
627 1063 665 1094 ἐν
693 1061 804 1103 κοινῷ
837 1061 904 1094 τὸν
933 1059 1014 1093 υἱόν
1044 1058 1183 1101 ἐπιδοίη

1252 933 1327 964 nes,
1352 923 1436 957 licet
1460 922 1611 958 curiales
1636 923 1717 964 sint,
1747 923 1794 958 ab
1818 922 1886 957 hac
1910 921 2055 966 fortuna
2078 922 2209 956 liberos
2233 921 2330 956 facit.

1255 967 1452 1003 Oblationis
1488 972 1608 1002 autem
1643 968 1780 1010 modus,
1817 968 1889 1003 sive
1926 967 1989 1001 fiat
2023 978 2045 1002 a
2081 969 2184 1012 patre
2215 967 2332 1001 adhuc

1254 1014 1462 1058 superstite,
1497 1024 1577 1048 cum
1602 1013 1775 1058 quispiam
1808 1013 1845 1048 in
1869 1023 2054 1047 commune
2085 1013 2195 1047 fllium
2227 1012 2333 1047 offert

1253 1059 1335 1101 (hoc
1366 1069 1519 1104 namque
1549 1064 1687 1102 gestum
1719 1062 1773 1094 est
1805 1060 1842 1093 in
1866 1058 2049 1093 Philocalo
2079 1058 2236 1093 naturali
2259 1057 2332 1092 filio

106 1108 225 1146 (τοῦτο
257 1107 324 1152 γὰρ
361 1109 419 1140 ἐπὶ
457 1103 644 1149 Φιλοκάλῳ
681 1109 886 1149 πέπρακται
923 1103 1031 1148 νόθῳ
1068 1102 1184 1145 παιδί,
1199 1105 1241 1137 20
1256 1105 1383 1139 curiali
1414 1114 1436 1138 a
1467 1107 1571 1148 patre
1603 1105 1640 1139 in
1665 1106 1840 1139 Bostrena
1864 1104 2017 1146 civitate)
2048 1107 2084 1139 et
2116 1105 2184 1139 hoc
2215 1104 2332 1148 ipsum

105 1151 276 1198 βουλευτῇ
311 1152 408 1196 παρὰ
438 1153 501 1186 τοῦ
538 1151 671 1196 πατρὸς
703 1153 742 1185 ἐν
766 1152 809 1197 τῇ
834 1151 1056 1195 Βοστρηνεῦν
1085 1162 1184 1197 γενο-

104 1200 203 1241 μένῳ
239 1200 298 1230 καὶ
333 1198 440 1231 τοῦτο
472 1194 560 1230 αὐτὸ
594 1194 808 1230 ἀνειπόντος
843 1196 935 1230 κατὰ
971 1195 1039 1238 τὴν
1075 1198 1186 1229 ἐκεῖσε

106 1244 202 1277 θεάν
241 1246 301 1275 καὶ
335 1239 451 1277 οὕτως
491 1241 606 1275 αὐτόν
642 1240 920 1283 ἐπιδεδωκότος,
958 1238 1128 1286 καθάπερ
1162 1238 1182 1283 ἡ

106 1292 265 1322 Λέοντος
296 1288 359 1322 τοῦ
390 1289 467 1333 τῆςυ
483 1285 648 1341 εὐσεβοῦς
678 1286 823 1339 λήξεως1
840 1289 1065 1341 γεγραμμένη
1098 1289 1185 1332 φησὶ

1254 1150 1339 1184 dicit
1363 1150 1557 1185 secundum
1581 1150 1836 1194 inspectionem
1867 1150 1916 1184 ibi
1947 1149 2079 1184 factam
2111 1152 2147 1184 et
2177 1149 2228 1183 ita
2253 1159 2333 1183 eum

1254 1195 1373 1237 offert,
1410 1195 1502 1230 sicut
1535 1205 1557 1230 a
1588 1196 1709 1230 Leone
1744 1195 1824 1239 piae
1859 1195 2049 1230 memoriae
2084 1194 2218 1239 scripta
2246 1194 2333 1228 dicit

1255 1241 1479 1283 constitutio,
1516 1241 1588 1276 sive
1623 1251 1706 1285 ergo
1739 1241 1933 1276 secundum
1968 1241 2063 1275 hunc
2093 1240 2236 1274 modum
2270 1239 2334 1273 fiat

1255 1286 1382 1331 aliquis
1406 1296 1428 1321 a
1452 1290 1555 1331 patre
1579 1288 1831 1331 pronuntiatus
1858 1285 2014 1328 curialis,
2040 1286 2111 1321 sive
2133 1295 2212 1320 eum
2231 1287 2334 1330 pater

107 1333 292 1376 διάταξις),
325 1333 395 1367 εἴτε
425 1335 490 1366 οὑν
513 1344 607 1367 κατα
627 1345 757 1366 τουτον
788 1346 854 1366 τον
878 1346 1018 1378 τροπον
1041 1329 1183 1378 γένοιτό
1200 1332 1321 1367 250111)
1353 1332 1461 1376 gestis
1493 1334 1802 1367 monumentorum
1833 1331 1975 1374 offerat,
2008 1331 2081 1366 sive
2113 1331 2266 1365 moriens
2296 1331 2333 1364 in

105 1392 158 1414 τις
188 1376 259 1414 ὑπὸ
292 1380 356 1412 τοῦ
388 1378 525 1423 πατρὸς
548 1376 765 1425 ἀναρρηθεὶς
790 1376 994 1422 βουλευτής,
1027 1378 1098 1411 εἴτε
1123 1374 1185 1410 αὐ-
1255 1380 1468 1413 testamento
1495 1378 1696 1412 conscribat
1716 1381 1881 1422 oportere
1902 1377 1979 1412 fieri
2000 1377 2179 1418 curialem,
2209 1375 2333 1411 deinde

106 1426 173 1460 τὸν
195 1423 213 1458 ὁ
241 1424 361 1469 πατὴρ
385 1426 445 1459 ἐπὶ
464 1421 624 1470 πράξεως
648 1422 922 1467 ὑπομνημάτων
939 1421 1092 1465 ἐπιδοίη,
1117 1423 1186 1456 εἴτε
1255 1424 1314 1458 1110
1338 1424 1576 1468 amplectatur
1601 1424 1832 1468 scripturam,
1865 1423 2042 1466 legitimus
2072 1432 2156 1457 mox
2185 1421 2247 1456 fiet
2270 1431 2332 1455 na-

106 1470 284 1505 τελευτιῦν
315 1471 354 1503 ἐν
378 1467 539 1516 διαθήκῃ
569 1468 718 1515 γράψειε
750 1467 826 1502 δεῖν
849 1469 1021 1516 γίνεσθαι
1043 1468 1186 1514 βουλευ-
1256 1470 1422 1503 turalium
1447 1469 1524 1504 iure
1547 1469 1689 1504 omnino
1713 1469 1896 1503 liberatus.
1946 1467 2025 1503 Sive
2045 1468 2150 1502 etiam
2176 1470 2221 1509 [a]
2240 1477 2333 1502 mor-

106 1515 185 1559 τήν,
217 1516 295 1549 εἶτα
316 1517 446 1548 ἐκεῖνος
477 1514 599 1558 ἕληται
628 1515 696 1557 τὴν
725 1514 879 1561 γραφήν,
908 1514 1052 1561 γνήσιος
1077 1512 1187 1547 εὐθὺς
1256 1518 1318 1549 tuo
1348 1519 1450 1559 patre
1482 1518 1592 1550 semet
1622 1515 1739 1558 ipsum
1763 1514 1857 1548 filius
1889 1515 1953 1548 aut
1975 1513 2039 1547 filii
2064 1513 2231 1555 offerant,
2263 1522 2334 1546 non

106 1566 245 1608 γίνεται
277 1562 339 1603 τῆς
370 1560 519 1594 νοθείας
550 1559 729 1600 καθάπαξ
761 1557 1039 1607 ἀπηλλαγμένος.
1089 1561 1118 1593 εἰ
1149 1557 1189 1593 δὲ
1202 1561 1243 1593 30
1257 1560 1430 1595 existente
1465 1560 1605 1605 quidem
1641 1560 1795 1604 legitima
1832 1559 1963 1601 sobole,
1998 1559 2105 1593 etiam
2143 1558 2195 1593 Sic
2230 1561 2335 1593 erunt

106 1610 166 1640 καὶ
196 1604 473 1648 τελευτήσαντος
507 1606 571 1639 τοῦ
605 1606 742 1651 πατρὸς
774 1606 906 1639 ἑαυτὸν
938 1604 957 1639 ὁ
990 1608 1073 1640 παῖς
1102 1602 1124 1649 ἢ
1154 1604 1188 1638 οἱ
1256 1606 1403 1649 legitimi
1438 1609 1474 1640 et
1511 1606 1674 1641 curiales.
1725 1605 1878 1640 Proinde
1912 1607 2016 1649 pater
2052 1603 2192 1649 quidem
2228 1603 2335 1637 etiam

107 1650 230 1687 παῖδες
256 1651 423 1693 ἐπιδοῖεν,
454 1649 518 1684 οὐκ
541 1646 647 1693 οἶῗσης
670 1654 794 1695 μέντοι
818 1655 966 1697 γνησίας
988 1652 1103 1698 γονῆς,
1128 1654 1188 1684 καὶ
1257 1651 1492 1686 existentibus
1532 1651 1693 1695 legitimis
1735 1650 1859 1686 offeret
1895 1651 2016 1685 curiae
2055 1660 2127 1684 non
2162 1649 2335 1692 legitimos

106 1694 221 1732 οὕτως
241 1698 388 1730 ἔσονται
408 1697 551 1742 γνήσιοί
568 1709 607 1730 τε
628 1699 687 1730 καὶ
707 1695 905 1740 βουλευταί.
947 1693 1035 1731 ὥςτε
1066 1697 1187 1741 πατὴρ
1256 1697 1369 1741 filios;
1406 1697 1466 1741 qui
1496 1707 1577 1732 vero
1610 1706 1675 1742 per
1699 1700 1810 1731 semet
1841 1697 1959 1741 ipsum
1993 1695 2039 1730 ad
2069 1695 2138 1730 hoc
2163 1693 2335 1739 procedit,

105 1745 172 1788 μὲν
202 1745 262 1776 καὶ
294 1739 471 1776 ὑπόντων
502 1745 662 1788 γνησίων
688 1740 857 1777 ἐπιδώσει
887 1743 930 1789 τῇ
961 1741 1071 1789 βουλῇ
1106 1742 1188 1775 τοὺς
1256 1746 1344 1777 tunc
1375 1742 1596 1778 solummodo
1629 1741 1803 1783 audietur,
1841 1752 1920 1777 cum
1952 1741 2070 1776 nullus
2103 1740 2336 1784 legitimorum

106 1786 184 1831 οὐχὶ
207 1791 371 1835 γνησίους
395 1785 536 1829 παῖδας,
567 1786 585 1820 ὁ
612 1785 651 1821 δὲ
676 1786 888 1832 αὐτομάτως
918 1789 964 1822 εἰς
988 1790 1096 1822 τοῦτο
1120 1783 1188 1821 ἰὼν
1201 1788 1241 1821 35
1256 1788 1409 1823 filiorum
1427 1788 1559 1823 existit.
1608 1787 1686 1823 Hoc
1702 1788 1823 1832 itaque
1844 1788 1887 1823 de
1904 1786 2142 1822 oblationibus
2159 1786 2217 1828 sit,
2242 1784 2336 1829 quod

106 1835 306 1877 τηνικαῦτα
329 1833 445 1877 μόνον
469 1830 754 1877 ἀκουσθήσεται,
780 1831 887 1878 ἡνίκα
911 1831 958 1867 (ἲν
974 1832 1087 1867 οὐδεὶς
1110 1834 1188 1867 τῶν
1255 1833 1499 1869 indifferenter
1522 1833 1699 1868 sancitum
1730 1837 1784 1868 est
1814 1843 1836 1868 a
1860 1833 1962 1868 nobis
1993 1833 2030 1866 in
2060 1832 2129 1867 hac
2156 1830 2337 1876 praesenti

105 1883 267 1926 γνησίων
291 1876 436 1913 παίδων
461 1876 575 1922 ὑπείη.
623 1875 720 1914 οὕτω
744 1881 811 1923 μὲν
835 1880 901 1913 οὐν
932 1879 978 1912 τὰ
1010 1880 1086 1912 τῶν
1110 1880 1185 1914 ἐπι·
1257 1880 1332 1924 lege
1355 1880 1587 1915 reconditum.
1636 1879 1718 1914 Non
1742 1881 1862 1913 autem
1886 1878 2093 1923 simpliciter
2125 1886 2239 1921 neque
2262 1876 2334 1911 for-

109 1924 250 1960 δόσεων
281 1926 387 1966 ἔστω,
420 1924 462 1957 τὸ
497 1922 679 1970 διαφόρως
711 1925 970 1969 νομοθετηθέν
1003 1922 1109 1969 ἡμῶν
1140 1925 1187 1958 εἰς

107 1971 175 2005 τὸν
196 1971 364 2015 παρόντα
384 1969 500 2013 νόμον
521 1968 776 2014 ἀποθεμένων.
821 1968 885 2013 οὐχ
905 1967 1029 2005 ἁπλῶς
1051 1969 1090 2003 δὲ
1110 1967 1192 2004 οὐδὲ

109 2106 165 2142 vel
194 2115 316 2140 omnes
348 2104 403 2140 vel
435 2103 550 2148 aliqui
583 2105 693 2139 curiis
725 2104 855 2148 offerri
886 2111 949 2139 aut
977 2105 1078 2149 filiae
1110 2103 1308 2138 curialibus
1339 2104 1510 2149 coniunqi
1537 2103 1688 2149 possint.
1738 2102 1787 2138 Et
1816 2102 1986 2148 quoniam
2017 2102 2075 2137 liic
2105 2102 2234 2136 modus
2263 2112 2337 2136 non

111 2150 322 2197 simpliciter
347 2149 424 2194 leqe
449 2149 683 2190 constitutus,
715 2149 779 2184 sed
802 2149 900 2184 varie
925 2154 996 2183 tam
1021 2161 1116 2194 quae
1140 2148 1189 2183 ad
1213 2148 1412 2183 oblationes
1436 2160 1543 2193 quam
1576 2160 1670 2193 quae
1694 2149 1743 2183 ad
1763 2148 2007 2183 successiones
2035 2148 2218 2194 pertineret
2240 2146 2337 2182 dicta

111 2201 204 2238 sunt,
236 2199 269 2230 et
294 2194 472 2240 quomodo
496 2193 553 2227 illi
575 2197 610 2227 et
633 2204 784 2238 quorum
807 2193 955 2229 lieredes
979 2195 1152 2234 existant,
1184 2197 1219 2227 et
1242 2193 1305 2237 qui
1328 2204 1456 2227 rursus
1479 2193 1642 2239 ipsorum
1666 2193 1814 2228 heredes
1836 2194 1926 2234 sint,
1955 2204 2028 2238 par
2051 2204 2128 2228 esse
2151 2192 2336 2228 existima-

112 2242 224 2278 vimus
247 2239 316 2274 hoc
340 2238 481 2285 quidem
506 2237 743 2283 leqislationis
767 2240 885 2284 capite
902 2239 1063 2284 primum
1089 2238 1263 2284 disposito
1288 2237 1337 2271 ad
1359 2238 1522 2283 reliquos
1544 2238 1671 2272 modos
1702 2239 1765 2283 qui
1788 2238 1838 2272 ad
1860 2238 1917 2272 ius
1940 2238 2178 2283 leqitimorum
2203 2237 2338 2272 ducunt

112 2290 132 2322 1
178 2285 315 2322 venire:
339 2294 433 2330 quae
456 2283 550 2317 enim
573 2283 657 2318 inde
679 2287 881 2328 sequuntur
903 2294 1056 2329 prorsus
1079 2282 1251 2328 expedita
1275 2286 1368 2317 sunt.
1463 2282 1505 2316 Si
1528 2284 1610 2328 quis
1632 2283 1747 2328 iqitur
1768 2282 1991 2317 naturalium
2016 2283 2209 2318 liberorum
2230 2286 2339 2328 pater

112 2332 170 2374 sit,
194 2332 267 2366 sive
290 2329 438 2364 curialis
460 2328 507 2362 sit
524 2328 598 2363 sive
620 2328 707 2363 liber
731 2339 753 2362 a
777 2330 899 2370 curia,
924 2328 1103 2363 licentiam
1127 2327 1269 2363 liabebit
1292 2338 1354 2361 eos
1378 2327 1434 2362 vel
1455 2327 1599 2372 aliquos
1622 2339 1747 2363 eorum
1772 2328 1856 2371 (sive
1879 2327 2119 2373 leqitimorum
2144 2328 2337 2363 liberorum

111 2380 219 2424 pater
249 2375 298 2410 sit
328 2376 401 2410 sive
431 2384 504 2408 non
535 2373 584 2408 sit
611 2374 675 2408 sed
705 2373 926 2408 naturalium
955 2373 1082 2415 solum)
1116 2373 1239 2407 curiae
1272 2372 1469 2416 offerendi,
1503 2372 1642 2407 etiamsi
1670 2374 1772 2418 forte
1802 2372 1905 2408 liberi
1928 2373 2103 2408 illustrem
2125 2373 2338 2419 diqnitatem

115 2422 239 2468 adepti
261 2421 345 2462 sint,
370 2419 454 2454 dum
475 2430 520 2453 ne
541 2418 648 2453 talem
672 2429 765 2464 quae
786 2418 960 2461 homines,
983 2419 1146 2464 quamvis
1170 2417 1327 2452 curiales
1349 2422 1477 2458 essent,
1503 2429 1546 2453 ea
1570 2417 1780 2453 condicione
1804 2418 1935 2453 liberos
1955 2422 2048 2453 esset
2061 2419 2224 2463 factura.
2270 2417 2337 2453 ob-

115 2467 262 2502 lationis
291 2469 411 2500 autem
433 2463 561 2499 modus
592 2464 665 2499 sive
694 2475 717 2498 a
740 2468 854 2510 patre
878 2463 996 2498 adlzuc
1019 2463 1213 2509 superstite
1233 2463 1319 2507 fiat,
1355 2473 1435 2497 cum
1458 2463 1540 2508 quis
1571 2463 1610 2497 in
1629 2463 1778 2509 publico
1801 2463 1918 2508 silium
1944 2463 2077 2508 offerat
2109 2463 2160 2506 (id
2183 2463 2276 2498 enim
2298 2463 2336 2498 in

115 2511 304 2548 Philocalo
332 2510 410 2556 filio
434 2509 595 2544 naturali
619 2513 738 2544 actum
761 2514 816 2544 est
846 2509 976 2544 curiali
1001 2520 1023 2543 a
1045 2512 1154 2554 patre
1177 2508 1215 2555 in
1239 2507 1423 2543 Bostrena
1447 2508 1591 2543 civitate
1614 2508 1769 2551 reddito,
1801 2509 1864 2554 qui
1889 2509 2031 2554 quidem
2063 2511 2096 2543 et
2125 2507 2194 2543 hoc
2217 2508 2335 2554 ipsum

115 2560 151 2594 in
177 2557 317 2592 theatro
342 2556 419 2591 eius
443 2555 514 2590 loci
535 2555 830 2601 pronuntiaverit
852 2559 888 2590 et
906 2555 957 2589 ita
982 2565 1060 2590 eum
1086 2553 1266 2595 obtulerit,
1291 2552 1589 2598 quemadmodum
1609 2553 1742 2589 Leonis
1758 2555 1850 2600 piae
1872 2554 2066 2588 memoriae
2088 2554 2228 2600 scripta
2252 2563 2336 2588 con-

114 2603 254 2639 stitutio
279 2601 391 2644 dicit),
423 2601 497 2635 sive
526 2601 606 2645 quis
637 2600 750 2646 iqitur
781 2599 876 2634 hunc
906 2600 945 2634 in
967 2599 1111 2634 modum
1139 2599 1207 2644 fiat
1237 2610 1260 2633 a
1282 2602 1393 2644 patre
1423 2599 1686 2644 pronuntiatus
1716 2599 1877 2640 curialis,
1909 2599 1982 2634 sive
2006 2610 2085 2634 eum
2110 2603 2222 2645 pater
2245 2599 2337 2634 actis

113 2647 338 2694 interpositis
370 2645 521 2690 offerat,
557 2645 630 2680 sive
660 2645 859 2680 moriturus
887 2645 925 2679 in
956 2649 1163 2680 testamento
1198 2643 1386 2689 scripserit
1418 2647 1586 2690 oportere
1615 2655 1694 2679 eum
1725 2644 1895 2679 curialem
1922 2644 2006 2688 fieri
2040 2654 2084 2679 ac
2113 2644 2242 2679 deinde
2275 2643 2337 2680 ille

113 2694 333 2740 scripturam
354 2691 604 2737 amplectatur,
628 2691 749 2726 statim
774 2691 953 2737 leqitimus
973 2691 1019 2735 fit
1043 2690 1252 2725 condicione
1276 2689 1498 2724 naturalium
1509 2689 1629 2769 flam
1650 2689 1833 2725 liberatus.
1880 2688 2019 2732 Quodsi
2034 2690 2142 2724 etiam
2161 2689 2335 2735 defuncto

112 2743 220 2787 patre
240 2739 341 2783 filius
365 2738 420 2772 vel
438 2736 508 2781 filii
531 2747 569 2771 se
592 2736 663 2782 ipsi
688 2735 863 2781 offerant,
894 2736 1055 2782 leqitima
1080 2740 1197 2770 tamen
1223 2734 1331 2780 prole
1363 2745 1434 2769 non
1466 2735 1610 2777 re'tcta,
1645 2735 1697 2770 sic
1721 2746 1864 2781 quoque
1888 2739 1922 2770 et
1946 2734 2096 2781 leqitimi
2123 2739 2160 2770 et
2182 2734 2337 2770 curiales

115 2787 238 2821 erunt:
261 2787 303 2819 ut
324 2788 430 2829 pater
454 2781 596 2827 quidem
621 2781 677 2816 vel
697 2782 729 2815 si
748 2785 899 2827 praesto
922 2781 995 2816 sint
1018 2781 1168 2826 leqitimi
1193 2780 1315 2814 curiae
1339 2779 1526 2814 oblaturus
1548 2780 1596 2815 sit
1613 2780 1745 2815 liberos
1769 2791 1841 2815 non
1866 2780 2056 2826 leqitimos,
2080 2781 2144 2826 qui
2162 2791 2246 2816 vero
2269 2791 2336 2815 sua

115 2834 245 2882 sponte
269 2828 318 2863 ad
340 2827 409 2863 hoc
430 2828 564 2873 fertur,
599 2830 671 2862 tum
698 2830 835 2861 tantum
867 2826 1068 2862 audiendus
1091 2827 1154 2868 sit,
1187 2824 1330 2870 quando
1361 2823 1483 2859 nullus
1513 2836 1563 2860 ex
1593 2825 1760 2871 leqitimis
1791 2826 1912 2861 liberis
1935 2829 2089 2871 praesto
2114 2825 2172 2861 sit.
2219 2828 2267 2861 At
2293 2836 2338 2860 ue

115 2881 169 2911 tta
194 2874 393 2910 oblationes
423 2884 461 2908 se
486 2872 659 2914 habeant,
690 2883 768 2907 cum
801 2872 900 2917 quod
930 2872 1118 2918 dispersim
1142 2870 1318 2905 sancitum
1343 2873 1440 2911 erat,
1472 2881 1540 2905 nos
1564 2871 1601 2905 in
1618 2871 1811 2917 praesenti
1833 2871 1910 2917 leqe
1936 2870 2213 2916 reposuerimus.
2298 2881 2338 2906 ec

1262 3017 1375 3038 eorum
1400 2982 1635 3038 hereditarium
1662 3006 1790 3049 Tvuly.
1816 3006 1828 3050 ΙΙ
1856 3007 2018 3039 accedunt
2042 3007 2111 3039 RT
2132 3006 2143 3050 ΙΙ
2173 3008 2192 3039 6
2215 3007 2336 3039 iustam

1271 3053 1317 3085 V¹
1342 3051 1352 3095 ΙΙ
1373 3051 1534 3083 credimus
1558 3051 1591 3083 R
1613 3052 1625 3093 ΙΙ
1655 3050 1922 3092 legislationibus
1945 3052 1978 3085 V
2000 3052 2012 3095 ΙΙ
2041 3053 2059 3085 8
2085 3051 2221 3083 fuerunt
2254 3052 2303 3084 ῐῙι
2326 3052 2337 3095 ΙΙ

1263 3107 1360 3138 quem
1382 3097 1414 3129 R
1432 3097 1443 3139 ΙΙ
1467 3096 1557 3136 inde]
1581 3097 1694 3137 postea
1717 3109 1742 3128 s.
1759 3109 1788 3128 v.
1811 3097 1844 3129 V
1849 3097 1861 3116 ³
1887 3097 1898 3139 ΙΙ
1927 3099 1965 3130 10
1981 3099 2068 3129 rubr.
2094 3097 2129 3129 Si
2154 3097 2228 3137 quis
2250 3096 2336 3129 filios

163 3013 183 3044 9
199 3007 326 3042 εὔκολα
343 3012 526 3043 παντοίως
543 3009 653 3049 ἐστίν]
679 3009 775 3041 facile
793 3009 928 3041 omnino
949 3010 998 3040 est
1019 3008 1126 3040 dicore
1149 3020 1167 3043 ς
1182 3007 1194 3051 Η

120 3057 160 3090 13
193 3055 244 3097 εἴη
276 3052 422 3087 παίδων
453 3056 483 3087 L
512 3054 524 3098 ΙΙ
557 3057 597 3087 14
629 3055 767 3086 illstrias
791 3055 821 3086 L
860 3051 1080 3098 ἱλλουστρίας
1105 3054 1146 3085 M
1183 3055 1193 3095 Η

120 3103 161 3134 16
181 3099 408 3132 καθεστᾶσιν
425 3100 455 3131 L
473 3099 485 3142 ΙΙ
506 3102 544 3133 17
567 3100 690 3139 ἐποίει]
715 3100 794 3131 facit
820 3111 852 3137 ς;
879 3100 984 3132 malim
1010 3099 1122 3131 ἐποίει
1147 3095 1194 3130 ἂν

119 3147 173 3189 (cf
200 3146 263 3178 Iul.
288 3157 314 3177 c.
339 3146 404 3177 309
434 3155 493 3186 per
518 3155 598 3185 quas
621 3164 664 3168 —
688 3155 707 3176 a
730 3144 925 3176 condicione
949 3143 1088 3176 relaxati
1113 3144 1192 3174 fuis-

118 3192 202 3231 sent)
221 3190 233 3233 ΙΙ
252 3191 291 3224 21
317 3189 540 3233 Βοστρηνῶν
563 3191 618 3232 (cf.
634 3191 676 3230 ς)]
706 3192 910 3232 βοστρίνων
936 3189 981 3221 M
1003 3188 1194 3231 βοηῒτίνῶν

119 3238 189 3277 (sic)
215 3236 245 3268 L
261 3236 273 3278 ΙΙ
291 3237 472 3281 γενομένῳ
499 3248 555 3267 οηι.
582 3247 600 3270 ς
617 3235 629 3277 ΙΙ
655 3236 697 3267 22
721 3230 934 3267 ἀνειπόντος
959 3242 988 3266 et
1012 3236 1052 3267 23
1079 3231 1194 3267 ἐπιδε-

120 3276 276 3314 δωκότος
301 3281 498 3323 Homberylc]
532 3276 723 3312 ἀνειπόντι
747 3277 807 3321 (ἂν
831 3277 973 3313 εἰπόντι
997 3280 1040 3321 L)
1066 3286 1096 3311 et
1119 3279 1194 3312 ἐπι-

120 3323 294 3360 δεδωκὸτι
308 3326 379 3358 ML
405 3325 487 3357 dicit
502 3332 531 3358 et
546 3327 641 3357 offert
655 3337 674 3360 ς
692 3324 703 3368 ΙΙ
721 3326 762 3358 25
777 3322 948 3363 διάταξις]
970 3325 1045 3358 Cocl.
1058 3327 1088 3364 5,
1100 3331 1145 3365 27,
1156 3332 1171 3357 4
1184 3323 1195 3362 ΙΙ

121 3373 163 3406 26
173 3385 220 3415 sq.
236 3371 307 3404 εἴτε
319 3390 362 3395 -—
377 3367 516 3412 ἐπιδοίη
534 3383 591 3404 om.
606 3371 637 3402 L
654 3369 665 3414 ΙΙ
686 3372 726 3404 30
747 3370 776 3402 εἰ
794 3367 843 3410 δὲ]
865 3371 932 3402 sive
949 3369 982 3409 (i.
992 3383 1017 3403 e.
1031 3368 1136 3407 εἴτεῨ)
1155 3381 1173 3404 ς
1185 3367 1196 3412 ΙΙ

122 3419 161 3450 31
188 3415 224 3450 οἱ
247 3430 306 3449 om.
325 3417 356 3449 L
383 3416 395 3460 ῙΙ
427 3418 469 3450 34
493 3417 551 3447 καὶ
575 3415 649 3456 Δίς]
674 3428 731 3448 om.
753 3416 784 3448 L
810 3415 821 3458 ΙΙ
850 3417 889 3448 37
916 3410 1025 3456 οὕτω]
1057 3415 1119 3447 hoc
1143 3427 1161 3450 ς
1184 3414 1195 3458 ΙΙ

123 3463 164 3496 38
188 3458 382 3509 διαφόρως]
408 3462 634 3493 indifferenter
658 3471 677 3496 ς
698 3459 710 3504 ΙΙ
735 3460 792 3501 εἰς]
819 3457 865 3493 ais
890 3461 935 3492 M

181 3553 198 3585 l
224 3551 330 3584 oferre
354 3553 386 3585 R
417 3551 428 3595 ΙΙ
458 3553 477 3585 2
502 3550 659 3584 habuerit
686 3551 718 3584 V
741 3551 752 3594 ΙΙ
783 3553 802 3585 3
828 3551 1089 3592 obligationibus
1114 3550 1161 3582 R¹
1185 3550 1196 3588 ΙΙ

123 3598 171 3628 est
195 3608 251 3629 om.
266 3597 316 3629 R¹
338 3596 349 3637 ΙΙ
374 3599 406 3629 et
427 3597 465 3629 de
488 3596 748 3629 successionibus
773 3610 829 3629 om.
854 3597 901 3630 V¹
925 3596 936 3640 ΙΙ
962 3598 983 3630 4
1006 3597 1069 3639 ipsi
1092 3593 1194 3636 RVb]

124 3642 157 3673 et
179 3640 243 3682 ipsi
262 3641 313 3675 Va
327 3643 358 3674 T
371 3640 383 3686 ss
407 3644 440 3674 et
464 3653 605 3684 quorum
629 3641 776 3683 (heredes
796 3643 829 3675 in
845 3649 928 3684 spat.
946 3654 1015 3674 vac.
1035 3642 1110 3675 add.
1134 3641 1195 3683 V2)

124 3688 157 3717 et
178 3695 318 3726 quorum
337 3687 472 3720 heredes
493 3688 552 3728 V¹,
578 3700 658 3720 corr.
684 3686 733 3720 V³
751 3685 763 3731 ΙΙ
787 3688 806 3720 5
829 3688 861 3719 et
885 3700 944 3721 om.
960 3687 1009 3719 R²
1024 3687 1036 3730 ΙΙ
1055 3685 1124 3719 *ad
1144 3697 1196 3718 eo-

124 3741 199 3765 rum
222 3731 447 3776 hereditatem]
471 3732 513 3766 ad
537 3733 589 3766 ius
613 3743 726 3766 eorum
750 3732 972 3766 hereditatum
987 3732 1060 3765 RV
1079 3732 1121 3764 ad
1144 3732 1196 3764 ius

1262 3142 1430 3174 naturales
1454 3141 1544 3173 curie
1568 3141 1696 3173 dederit
1719 3141 1823 3181 (dedit
1849 3142 1912 3184 ΤΞ)
1936 3142 2032 3175 RT²
2056 3143 2088 3175 in
2113 3154 2214 3184 mar-9.
2241 3140 2253 3185 ΙΙ
2277 3152 2335 3173 na-

1262 3187 1421 3219 turalium
1446 3187 1547 3219 fuerit
1573 3187 1605 3218 T
1626 3185 1638 3229 ῙΙ
1665 3187 1704 3219 12
1729 3186 1796 3217 sive
1821 3200 1878 3219 om.
1902 3187 1951 3219 ΕΙ
1976 3187 1988 3229 ΙΙ
2012 3188 2053 3220 14
2077 3186 2222 3227 dignitas
2246 3187 2295 3219 R¹
2325 3185 2337 3230 ΙΙ

1265 3236 1304 3266 15
1330 3235 1461 3264 tantum
1478 3232 1525 3264 11),ι
1543 3231 1554 3272 ΙΙ
1580 3231 1666 3270 talis]
1693 3231 1838 3272 dignitas
1863 3233 1940 3264 add.
1958 3232 1996 3273 T,
2020 3232 2064 3263 sit
2088 3231 2232 3272 dignitas
2257 3233 2334 3264 add.

1264 3278 1312 3311 R2
1337 3278 1349 3322 ΙΙ
1376 3280 1415 3311 18
1441 3278 1485 3308 im
1511 3287 1681 3309 commune
1715 3277 1747 3309 V
1768 3275 1779 3319 ΙΙ
1811 3276 1968 3309 *offerret
1993 3278 2070 3310 libri
2103 3277 2219 3308 offerat
2242 3276 2337 3309 Beck

1262 3325 1317 3366 (cf.
1345 3325 1389 3355 ad
1413 3325 1466 3362 22)
1497 3323 1507 3364 ΙΙ
1539 3324 1578 3355 19
1602 3322 1682 3353 hacc
1708 3322 1740 3354 T
1762 3320 1774 3366 11
1803 3322 1933 3354 filocalo
1960 3322 1993 3355 V
2021 3321 2233 3363 philocanolo
2257 3322 2290 3355 R

1264 3371 1306 3402 20
1330 3369 1486 3401 bustrena
1505 3366 1692 3409 RVT1121
1716 3367 1834 3399 factam
1860 3367 1907 3399 ibi
1933 3366 1989 3409 ΤΙΙ
2008 3368 2050 3399 22
2075 3367 2206 3399 offerret
2230 3367 2315 3399 R¹T

1263 3417 1293 3455 a]
1320 3416 1351 3446 et
1373 3425 1392 3446 a
1418 3412 1473 3456 Tn
1492 3412 1654 3454 scriptura
1678 3411 1726 3444 R¹
1745 3412 1756 3453 ΙΙ
1779 3413 1820 3446 23
1846 3412 1925 3452 sive]
1950 3412 1977 3443 si
2001 3423 2080 3444 uero
2107 3411 2163 3455 ΤΙΙ
2182 3413 2225 3445 24
2249 3414 2335 3452 011111]

1263 3470 1337 3491 011111
1351 3459 1396 3491 R¹
1409 3458 1458 3491 V¹
1478 3458 1489 3502 ΙΙ
1507 3459 1548 3492 25
1563 3457 1656 3490 iestis
1673 3455 1722 3501 VH
1735 3458 1867 3490 offerret
1880 3458 1911 3490 R
1930 3455 1942 3501 ΙΙ
1959 3459 1999 3490 27
2014 3457 2071 3489 fiat
2083 3456 2133 3489 R2
2151 3456 2251 3489 faciat
2264 3456 2312 3489 R¹

1264 3506 1305 3539 28
1331 3505 1491 3536 liberatur
1514 3503 1563 3536 R¹
1594 3502 1605 3546 ΙΙ
1637 3502 1724 3543 Sive]
1764 3503 1824 3546 leq.
1849 3502 1885 3534 Si
1909 3502 2010 3534 vero?
2038 3503 2048 3544 ΙΙ
2079 3512 2098 3534 a
2122 3515 2180 3535 om.
2205 3503 2290 3545 vulq-

1264 3552 1305 3584 29
1330 3551 1400 3590 aut]
1425 3559 1508 3580 an*
1532 3548 1580 3582 V¹
1599 3548 1611 3591 ss
1635 3548 1791 3580 offeratur
1813 3548 1861 3580 12¹
1880 3547 1891 3591 ss
1915 3549 1957 3581 30
1983 3547 2118 3589 quidam
2139 3547 2172 3580 V
2189 3546 2202 3590 ΙΙ
2226 3548 2335 3588 etiam]

1264 3598 1296 3628 et
1320 3595 1379 3636 R2‚
1405 3607 1463 3627 om.
1485 3595 1518 3628 V
1535 3594 1546 3637 ΙΙ
1566 3594 1608 3627 32
1640 3593 1754 3625 offeret
1779 3592 1838 3634 R2]
1864 3594 1996 3625 offerret
2022 3592 2069 3625 R¹
2100 3593 2216 3624 offerat
2237 3592 2271 3626 V
2288 3592 2336 3624 of-

1263 3641 1349 3673 ferre
1376 3640 1408 3673 T
1428 3640 1523 3672 offert
1545 3640 1630 3682 vuly.
1650 3638 1661 3682 ΙΙ
1679 3649 1746 3670 11οη
1772 3651 1830 3670 om.
1849 3639 1880 3671 Τ
1887 3639 1897 3659 ¹
1917 3639 1928 3682 ΙΙ
1950 3639 1992 3671 33
2019 3639 2089 3680 per]
2113 3648 2146 3670 se
2169 3648 2227 3680 per
2251 3637 2303 3669 Ra
2326 3636 2337 3680 ΙΙ

1264 3687 1307 3719 34
1331 3685 1467 3718 auditur
1487 3685 1521 3719 V
1540 3683 1552 3728 ΙΙ
1580 3685 1621 3718 35
1647 3683 1908 3725 obligationibus
1931 3683 1980 3716 R¹
2005 3682 2228 3725 legationibus
2252 3682 2303 3715 T¹
2325 3681 2337 3727 ΙΙ

1263 3732 1305 3765 37
1331 3730 1468 3764 fortuite
1489 3731 1534 3772 V]
1560 3729 1692 3763 fortune
1717 3729 1785 3762 ΒΤ
