2580 3984
118 156 299 194 HABERE
326 157 431 191 LOCI
459 157 755 192 SERVATOREM

1189 144 1272 193 685

1914 147 2022 192 Nov.
2048 146 2268 192 CXXXIV
2300 148 2352 190 10

1042 301 1045 310 =
1110 280 1267 317 CAPUT
1290 281 1336 317 X.

160 346 216 383 Εἴ
233 359 322 384 ποτε
345 344 386 383 δὲ
402 351 559 394 μοιχείας
583 348 740 396 ἔγκλημα
763 351 928 397 φανερῶς
947 347 1196 393 ἀποδειχθείη,

114 392 301 439 κελεύομεν
323 394 458 430 ἐκείνας
486 394 550 429 τάς
580 395 709 431 ποινὰς
731 398 806 432 τοῖς
828 395 1101 442 ἁμαρτάνουσιν
1131 397 1194 429 ἐπ-

114 438 292 487 άγεσθαι,
327 435 369 474 ἃς
400 442 682 476 Κωνσταντῖνος
717 439 737 476 ὁ
770 442 831 485 τῆς
866 438 1033 487 εὐσεβοῦς
1066 439 1199 484 λήξεως

115 481 334 520 διετύπωσε·
358 481 537 521 κάκείνων
553 486 617 521 τὰς
633 484 759 532 ὁμοίας
777 485 1041 531 ὑπομενόντων
1057 485 1197 529 ποινάς,

114 530 243 565 οἵτινες
270 532 373 575 μέσοι
401 528 426 574 ἢ
455 528 629 578 ὑπουργοὶ
661 534 714 576 τῷ
737 530 893 576 τοιούτῳ
926 530 1052 577 ἀσεβεῖ
1076 530 1197 579 ἐγκλή-

113 587 202 620 ματι
223 574 427 622 γεγόνασιν.
475 579 513 611 ἐκ
537 578 599 621 τῆς
622 574 744 612 ούσίας
768 575 808 612 δὲ
829 578 894 612 τοῦ
914 579 1053 622 μοιχοῦ,
1076 578 1106 612 εἰ
1126 579 1198 633 ἔχοι

113 620 283 668 γαμετήν,
307 621 376 664 τὴν
392 625 523 670 προῖκα
546 627 605 657 καὶ
629 623 698 667 τὴν
714 623 784 668 πρὸ
802 623 919 669 γάμου
944 621 1084 668 δωρεὰν
1108 624 1197 669 αυτῇ

114 665 403 712 περισώζεσθαι,
439 666 461 711 ἢ
491 668 561 712 τὴν
592 666 665 703 ἀπὸ
690 670 756 703 τοῦ
779 666 947 714 ἡμετέρου
979 668 1091 713 νόμου
1120 671 1196 713 μοῖ-

113 722 182 791 gau
205 712 236 745 εἰ
260 714 425 768 προικῷα
435 713 654 767 ,συμβόλαια
683 713 732 758 μὴ
757 712 1100 768 παρηκολούθησαιν,
1129 713 1198 757 τὴν

1333 348 1372 384 Si
1396 349 1539 394 quando
1562 358 1644 387 vero
1668 348 1835 385 adulterii
1869 348 2002 384 crimen
2033 348 2216 394 probetur,
2247 347 2351 385 iube-

1263 405 1343 430 mus
1366 394 1446 430 illas
1475 405 1609 440 poenas
1632 394 1865 441 peccantibus
1891 394 2026 437 inferri,
2059 404 2147 448 quas
2173 393 2351 430 Constan-

1267 440 1362 476 tinus
1399 440 1500 475 divae
1534 441 1723 477 memoriae
1757 439 1950 485 disposuit3
1995 442 2031 475 et
2065 440 2135 476 illis
2178 439 2352 476 similibus

1267 485 1483 522 subiciendis
1502 486 1643 539 poenis,
1668 486 1728 531 qui
1744 485 1851 521 medii
1865 484 1965 530 (aut)
1979 485 2133 520 ministri
2149 484 2352 522 huiusmodi

1234 531 1374 576 5impi0
1412 530 1551 567 crim1n1
1585 531 1675 566 facti
1708 535 1803 566 sunt.
1853 530 1906 566 De
1938 530 2140 566 substantia
2174 541 2258 566 vero
2289 530 2352 566 ad-

1266 577 1392 619 ulteri,
1424 576 1455 611 si
1478 576 1610 611 habeat
1634 586 1799 618 uxorem,
1832 576 1950 612 dotem
1979 580 2015 611 et
2037 578 2184 620 propter
2205 576 2351 621 nuptias

1267 622 1492 658 donationem
1514 621 1548 657 ei
1572 622 1717 663 salvari,
1746 623 1809 656 aut
1831 622 1971 665 partem
1995 630 2017 655 a
2040 623 2164 656 nostra
2187 622 2264 666 lege
2287 620 2350 656 da-

1265 670 1338 702 tam
1381 667 1412 704 si
1453 666 1587 702 dotalia
1623 667 1862 702 instrumenta
1903 676 1976 702 non
2011 666 2205 702 subsecuta
2246 668 2349 711 sunt;

1266 713 1447 749 residuam
1463 722 1547 749 vero
1564 712 1641 747 eius
1658 711 1906 754 substantiam,
1931 712 1962 747 si
1978 712 2117 756 quidem
2139 711 2211 747 sint
2226 721 2351 746 ascen-

138 758 154 790 ὲ
176 755 310 801 λοιπην
339 755 450 793 αὐτου
481 762 701 807 περιουσίαν,
733 760 764 793 εἰ
786 762 852 803 μέν
875 759 944 793 εἰσι
967 770 1152 794 κατιοντες
1174 756 1198 802 ἢ
1212 761 1253 794 10
1267 758 1390 794 dentes
1422 760 1486 794 aut
1516 757 1771 793 descendentes
1798 766 1912 802 usque
1943 756 1989 792 ad
2018 757 2163 792 tertium
2192 756 2354 802 gradum,

114 799 276 837 ἀνιόντες
299 804 366 837 ἕως
389 807 511 850 τρίτου
534 805 696 849 βαθμοῦ,
728 803 928 849 λαμβάνειν
953 801 1082 838 αὐτοὺς
1104 804 1198 838 κατὰ

114 848 178 883 τὰς
198 849 316 889 τάξεις
346 852 406 883 καὶ
429 850 511 884 τοὺς
533 849 721 895 βαθμούς,
752 851 783 884 εἰ
807 848 847 884 δὲ
869 849 917 894 μή
946 850 1014 884 εἰσι
1038 851 1200 885 τοιοῦτοί

113 904 225 935 τινες,
257 894 312 973 τῑξ
337 898 454 940 φίσκῳ
479 895 771 942 προςκυροῦσθαι
795 895 932 939 ταύτην
954 894 1150 938 κελεύομεν.

115 941 137 976 1
182 940 252 982 τὴν
307 941 323 973 ὲ
355 941 613 984 μοιχευθεῖσαν
646 943 798 988 γυναῖκα
832 944 910 975 ταῖς
944 939 1198 984 προςηκούσαις

1267 805 1447 850 accipiant
1469 803 1509 839 hi
1527 803 1724 839 secundum
1745 802 1889 839 ordines
1913 804 1950 837 et
1965 802 2110 845 gradus,
2135 802 2263 838 sivero
2281 811 2353 837 non

1267 850 1339 885 sint
1364 849 1565 885 huiusmodi
1589 848 1716 894 aliqui,
1748 847 1837 884 fisco
1861 847 2036 893 applicari
2063 848 2153 883 haec
2176 847 2352 883 iubemus.

1268 943 1290 976 1
1336 939 1545 975 Adulteram
1568 949 1651 975 vero
1675 938 1858 974 mulierem
1889 937 2173 982 competentibus
2199 936 2354 971 vulneri-

115 987 256 1019 ποιναῖς
288 982 587 1030 ὑποβαλλομένης]
617 988 657 1020 ἐν
679 990 916 1042 μοναστηρὶίῳχ
936 985 1197 1042 ἐμβαλλεσθαι.
1214 988 1253 1020 15
1267 986 1334 1021 bus
1371 985 1559 1021 subactam
1592 984 1630 1019 in
1665 983 1881 1020 monasterio
1917 983 2020 1018 mitti.
2068 982 2118 1018 Et
2150 982 2182 1018 si
2214 981 2355 1027 quidem

112 1033 173 1063 καὶ
197 1030 228 1063 εἰ
250 1031 318 1074 μὲν
341 1030 427 1064 εἵσω
452 1029 585 1066 διετίας
609 1028 808 1077 ἀναλαβεῖν
832 1045 945 1076 αυτην
962 1044 981 1065 ο
1001 1045 1095 1077 ανηρ
1114 1035 1198 1077 βου-

113 1073 254 1118 ληθείη,
279 1074 444 1115 ἐξουσίαν
469 1074 568 1119 αὐτῷ
588 1075 735 1121 δίδομεν
758 1077 867 1111 τοῦτο
892 1080 1011 1112 ποιεῖν
1034 1080 1094 1111 καὶ
1119 1088 1199 1111 συν-

112 1122 223 1154 οικεῖν
247 1116 350 1167 αὐτῇ,
381 1119 519 1165 μηδένα
543 1121 713 1157 κίνδυνον
745 1122 920 1157 ἐντεῦθεν
945 1119 1198 1167 εὐλαβουμένῳ

111 1163 202 1219 μηδὲ
231 1162 291 1220 διὰ
320 1166 398 1200 τῶν
427 1168 467 1200 ἐν
490 1170 589 1211 μέσῳ
618 1170 822 1214 γινομένων
853 1167 1199 1213 καταβλαπτομένου

1267 1031 1363 1066 intra
1388 1031 1569 1066 biennium
1592 1030 1754 1075 recipere
1778 1039 1858 1065 eam
1880 1028 1934 1066 vir
1953 1037 2041 1064 suus
2064 1027 2227 1070 voluerit,
2251 1029 2354 1073 pote-

1269 1078 1398 1111 statem
1430 1076 1463 1111 ei
1494 1076 1619 1111 damus
1649 1076 1719 1112 hoc
1742 1075 1862 1111 facere
1893 1077 1930 1110 et
1954 1073 2115 1119 copulari
2138 1073 2186 1115 ei,
2218 1073 2355 1108 nullum

1268 1122 1464 1167 periculum
1499 1131 1543 1157 ex
1578 1121 1647 1157 hoc
1678 1122 1858 1163 metuens,
1894 1119 2098 1156 nullatenus
2132 1122 2281 1164 propter
2312 1128 2356 1154 ea

1269 1177 1359 1211 quae
1382 1168 1420 1203 in
1444 1167 1557 1203 medio
1582 1172 1742 1212 tempore
1765 1166 1863 1202 facta
1886 1168 1972 1201 sunt
1994 1165 2139 1210 nuptias
2163 1164 2268 1200 laedi.
2312 1163 2355 1205 ,Si

112 1224 187 1266 του,
206 1223 332 1258 γαμου.
362 1212 411 1245 ἐἰ
436 1210 475 1245 δὲ
498 1209 517 1246 ὁ
544 1216 796 1267 προειρημένος
818 1213 943 1259 χρόνος
966 1212 1147 1261 παρέλθῃ,
1176 1211 1200 1257 ἢ
1212 1214 1255 1246 20
1268 1223 1350 1249 vero
1386 1213 1610 1258 praedictum
1648 1217 1789 1257 tempus
1824 1210 2027 1254 transierit,
2066 1211 2132 1245 aut
2164 1210 2219 1245 vir
2253 1209 2354 1255 prius

114 1269 133 1290 ο
166 1256 258 1303 ανὴρ
290 1259 377 1303 πρὶν
408 1255 605 1303 ἀναλαβεῖν
635 1271 704 1302 την
727 1262 881 1306 γυναῖκα
903 1257 1120 1303 τελευτήσει,
1144 1271 1199 1293 κε-

112 1299 262 1347 λεύομεν
285 1301 525 1349 κουρεύεσθαι
557 1302 674 1348 αὐτὴν
704 1307 764 1338 καὶ
791 1305 834 1338 τὸ
858 1305 1057 1349 μοναχικὸν
1081 1305 1200 1349 σχῆμα

113 1346 326 1393 λαμβάνειν,
357 1351 417 1382 καὶ
448 1350 558 1383 οἰκεῖν
590 1351 630 1384 ἐν
661 1351 714 1392 τῷ
742 1347 840 1393 αύτῷ
873 1354 1106 1396 μοναστηρίῳ
1140 1352 1200 1385 ἐπὶ

111 1394 136 1429 2
183 1390 271 1427 ὅλον
293 1393 360 1428 τὸν
375 1392 508 1440 χρόνον
532 1395 595 1438 τῆς
610 1395 739 1429 οἰκείας
756 1397 857 1439 ζωῆς.
912 1399 972 1430 καὶ
989 1397 1019 1430 εἰ
1043 1398 1110 1439 μὲν
1127 1397 1200 1438 ἔχοι

112 1438 313 1481 κατιόντας,
337 1439 384 1473 τὰ
410 1437 474 1474 δύο
498 1443 586 1495 μέρη
608 1438 813 1494 λαμβάνειν
838 1438 965 1497 αὐτοὺς
980 1443 1042 1485 τῆς
1059 1454 1198 1487 περιου-
1214 1442 1256 1476 25
1269 1441 1432 1486 accipere
1467 1440 1528 1477 eos
1566 1440 1791 1476 substantiae
1832 1439 2028 1475 secundum
2066 1438 2183 1484 legum

112 1488 191 1519 σίας
221 1482 329 1528 αὐτῆς
352 1485 444 1519 κατὰ
473 1499 542 1529 την
572 1499 650 1521 των
673 1486 800 1529 νόμων
825 1484 1059 1533 διαιρουμενα
1082 1486 1199 1531 τρίξιν,

112 1529 155 1564 τὸ
181 1528 221 1564 δὲ
243 1529 374 1564 λοιπὸν
398 1534 522 1576 τρίτον
544 1534 649 1578 μέρος
679 1533 731 1575 τῷ
756 1536 989 1578 μοναστηρίῳ
1022 1534 1062 1567 ἐν
1086 1533 1116 1576 qi
1143 1534 1201 1576 έμ-

113 1573 287 1619 βάλλεται
319 1573 511 1610 δίδοσθαι’
548 1577 579 1611 εἰ
604 1575 644 1611 δὲ
667 1576 852 1612 κατιόντες
875 1579 924 1622 μὴ
950 1578 1085 1621 εἴησαν,
1110 1574 1201 1612 ἀλλὰ

113 1618 278 1656 ἀνιόντες
302 1621 485 1676 εὑρεθῶσι
508 1623 557 1666 μὴ
575 1620 849 1678 συμπράξαντες
872 1625 925 1666 τῷ
942 1624 1098 1668 τοιούτῳ
1120 1620 1201 1658 ἀσε-

112 1665 268 1711 βήματι,
303 1679 559 1714 τετραουγκιον
596 1679 723 1702 αυτους
758 1668 851 1704 κατὰ
888 1668 957 1712 τὴν
991 1670 1058 1704 τοῦ
1090 1666 1203 1714 νόμου
1216 1671 1258 1704 30

1269 1268 1375 1303 quam
1397 1258 1547 1303 recipiat
1569 1258 1753 1293 mulierem
1775 1257 1960 1300 moriatur,
1992 1256 2094 1292 tondi
2117 1265 2196 1291 eam
2219 1257 2255 1291 et
2278 1265 2354 1291 mo-

1268 1304 1459 1340 nachicum
1482 1304 1643 1339 habitum
1667 1304 1843 1348 accipere,
1870 1306 1906 1338 et
1928 1302 2093 1337 habitare
2114 1301 2152 1337 in
2175 1301 2254 1347 ipso
2278 1310 2354 1337 mo·

1268 1350 1424 1386 nasterio
1446 1350 1484 1385 in
1508 1349 1604 1385 omni
1627 1359 1692 1394 pro
1719 1349 1794 1384 riae
1817 1348 1910 1384 vitae
1933 1351 2103 1392 tempore.

1267 1396 1292 1431 2
1339 1395 1390 1431 Et
1418 1395 1450 1431 si
1480 1394 1621 1440 quidem
1651 1395 1698 1429 ha
1725 1398 1784 1429 eat
1814 1394 2088 1435 descendentes,
2120 1392 2210 1428 duas
2250 1394 2356 1445 ‘artes

2260 1447 2355 1474 usas

1270 1487 1448 1530 ordinem,
1480 1486 1653 1532 reliquam
1683 1496 1766 1522 vero
1797 1485 1941 1520 tertiam
1971 1485 2109 1530 partem
2139 1483 2356 1519 monasterio

1271 1533 1309 1567 in
1345 1542 1415 1577 quo
1452 1532 1606 1567 mittitur
1642 1531 1732 1566 dari.
1787 1531 1825 1567 Si
1864 1540 1947 1566 vero
1986 1529 2243 1565 descendentes
2283 1539 2357 1564 non

1268 1578 1413 1621 fuerint,
1438 1578 1501 1614 sed
1524 1577 1759 1613 ascendentes
1783 1576 2011 1612 inveniantur
2032 1585 2104 1611 non
2128 1573 2356 1611 consentien-

1270 1627 1327 1660 tes
1350 1623 1554 1659 huiusmodi
1575 1622 1761 1669 inquitati,
1793 1624 1962 1667 quattuor
1985 1619 2111 1657 uncias
2142 1630 2204 1657 eos
2228 1629 2356 1657 secun-

180 1771 206 1792 c.
223 1761 269 1791 Χ.
295 1759 355 1791 XI
376 1761 408 1792 in
435 1767 519 1792 textu
544 1761 638 1793 liuius
663 1761 807 1793 novellae
832 1774 891 1794 om.
916 1761 956 1793 L.

179 1816 206 1838 c.
221 1804 263 1837 X
284 1805 357 1846 (καὶ
378 1802 478 1848 εἴπερ
499 1801 542 1837 τὸ
566 1805 629 1846 τῆς
651 1807 809 1848 μοιχείας
832 1803 990 1850 ἔγκλημα
1014 1805 1178 1850 φανερῶς
1202 1801 1450 1847 ἀποδειχθείη,
1482 1804 1683 1846 τηνικαῦτα
1708 1800 1889 1849 διαζυγίου
1913 1803 2145 1846 πεμπομένου
2168 1800 2357 1846 κελεύομεν

110 1849 246 1882 ἐκείνας
261 1846 326 1882 τὰς
342 1847 471 1883 ποινὰς
485 1874 586 1882 ......
590 1850 601 1891 )
619 1858 704 1884 extat
721 1851 755 1884 Β
770 1852 823 1893 28,
838 1860 864 1892 7,
880 1859 892 1884 1
911 1852 1069 1884 adnexum
1081 1852 1227 1884 novellae
1247 1850 1390 1884 CXVII
1402 1863 1428 1882 c.
1443 1851 1462 1884 8
1479 1854 1524 1888 §2
1542 1851 1585 1884 in.
1603 1850 1693 1892 (557,
1707 1857 1753 1891 23,
1771 1851 1826 1883 ubi
1837 1849 1928 1890 vid.),
1953 1850 2037 1882 unde
2057 1850 2139 1882 idem
2163 1850 2270 1883 eodem
2288 1850 2357 1883 loco

108 1897 236 1939 pariter
259 1896 504 1929 contaminatum
531 1896 648 1940 leqitur
672 1897 704 1930 in
718 1897 750 1930 L
764 1898 797 1940 f
814 1898 888 1932 143.
923 1897 977 1930 Ex
998 1896 1034 1929 Β
1055 1896 1172 1929 habent
1191 1896 1240 1929 13⁸
1264 1897 1372 1936 M16,
1387 1903 1464 1939 2lp.
1480 1896 1544 1930 506
1558 1895 1675 1938 ΖαεῘι.,
1700 1894 1880 1929 Nomoc.dm
1894 1894 2154 1937 XIVtie.11,1;
2176 1907 2231 1938 pr.
2254 1902 2284 1928 et
2303 1895 2323 1936 ξ
2337 1896 2355 1929 1

111 1939 290 1975 Νονιιοι·.ά”ι
304 1940 454 1974 XIVtit.
471 1942 500 1983 1,
510 1948 546 1976 32
570 1943 641 1984 (pr.
656 1949 685 1976 et
697 1942 717 1983 ξ
732 1944 747 1976 1
765 1944 808 1976 in.
822 1943 983 1976 Balsama
997 1942 1044 1974 ad
1055 1942 1187 1975 Nomoc.
1197 1941 1298 1975 XIV
1308 1943 1353 1976 tit.
1365 1942 1417 1982 13,
1427 1949 1487 1984 51).
1505 1942 1591 1976 1103
1608 1941 1732 1984 Voell.).
1753 1959 1798 1964 —
1822 1940 1972 1974 Summas
1981 1947 2157 1983 praestant
2170 1940 2358 1984 Anonymus

111 1986 318 2019 Bodleianus
332 1987 371 2019 21
386 1987 419 2018 A
443 1988 534 2029 opud
553 1987 740 2021 Zachariae
758 1983 890 2020 Ἀνέκδ.
906 2001 940 2030 p.
956 1988 1032 2028 220,
1058 1983 1116 2020 ΒΣ
1132 1988 1185 2030 60,
1199 1994 1244 2029 37,
1256 1994 1272 2020 4
1288 1991 1332 2026 §7
1344 2000 1381 2030 p.
1396 1989 1461 2020 717
1481 1988 1609 2021 Heimb.
1634 1988 1703 2028 (ubi
1715 1986 1811 2029 falso
1837 1987 1955 2019 citatur
1984 1985 2061 2019 C'od.
2076 1986 2108 2027 9,
2122 1992 2150 2027 9,
2164 1986 2225 2028 29),
2250 1985 2272 2029 ξ
2290 1988 2319 2019 1.
2336 1986 2357 2019 2

112 2031 407 2109 ΝονηοοὶΧῖΔῘῑῑίτ.
423 2033 498 2072 11,1
513 2044 547 2074 p.
558 2032 624 2065 592
641 2032 751 2074 Piera,
776 2034 951 2066 summaria
967 2032 988 2075 ξ
1006 2033 1018 2064 1
1036 2027 1128 2066 Ῥοπ.
1143 2033 1197 2073 25,
1211 2039 1254 2073 12,
1279 2032 1412 2065 Nomoc.
1428 2032 1581 2066 XIVtit.
1597 2034 1627 2073 1,
1640 2038 1694 2073 323
1720 2030 1742 2074 ἓ
1753 2033 1781 2066 1.
1796 2032 1816 2065 2
1833 2037 2051 2074 aryumentum
2068 2043 2107 2064 ex
2118 2030 2194 2063 Ath.
2212 2038 2359 2074 repetunt

108 2077 237 2119 paratit
251 2088 272 2107 α
330 2082 371 2109 tt.
390 2077 404 2108 1
424 2079 439 2114 §
455 2083 483 2117 4,
508 2077 528 2109 2
545 2080 599 2115 §6.

246 2163 292 2199 X.
341 2162 385 2198 Si
433 2163 553 2198 uando
579 2168 696 2199 autem
721 2163 891 2199 adulterii
914 2164 1048 2199 crimen
1071 2163 1264 2208 manifeste
1292 2162 1487 2208 probatum
1510 2164 1575 2205 sit,
1607 2163 1768 2210 iubemus
1796 2162 1880 2199 illas
1896 2173 2042 2210 poenas
2068 2163 2358 2209 delinquentibus

112 2209 246 2256 insliqi,
270 2219 364 2254 quas
417 2209 646 2244 cnstantinus
667 2208 970 2261 piaeAmemoriae
993 2208 1202 2250 constituit;
1237 2210 1277 2243 ut
1301 2207 1356 2243 illi
1380 2218 1523 2254 quoque
1545 2208 1680 2244 similes
1731 2219 1842 2244 cenas
1864 2208 2028 2251 subeant,
2079 2209 2117 2244 ui
2139 2209 2356 2246 mediatores

113 2260 178 2291 aut
201 2254 359 2289 ministri
380 2254 555 2290 eiusmodi
586 2254 688 2301 impii
712 2254 872 2289 criminis
895 2254 1105 2290 extiterunt.
1153 2252 1218 2289 Ex
1239 2253 1443 2289 substantia
1469 2256 1589 2289 autem
1607 2253 1685 2301 ‘adu
1703 2253 1787 2296 teri,
1818 2253 1852 2288 si
1875 2264 2028 2290 umorem
2077 2253 2202 2298 abeat,
2233 2254 2299 2290 dos
2321 2258 2358 2292 et

112 2300 261 2336 donatio
287 2303 372 2335 ante
395 2300 543 2352 nuptias
567 2300 600 2334 ei
622 2302 796 2342 servetur,
829 2299 885 2336 vel
903 2299 1029 2345 portio
1054 2298 1132 2344 leqe
1154 2302 1280 2334 nostra
1303 2301 1442 2334 statuta
1471 2299 1503 2333 si
1527 2298 1665 2334 dotalia
1689 2299 1929 2334 instrumenta
1951 2298 2142 2335 subsecuta
2165 2310 2238 2335 non
2261 2300 2334 2335 sint
2341 2313 2357 2342 ;

112 2346 291 2391 reliquam
314 2356 397 2380 vero
422 2355 498 2381 etus
520 2344 776 2387 substantiam,
809 2344 841 2380 si
865 2344 1007 2391 quidem
1030 2345 1103 2379 sint
1125 2343 1377 2380 descendentes
1400 2343 1456 2379 vel
1478 2343 1711 2380 ascendentes
1733 2354 1847 2389 usque
1870 2343 1920 2379 ad
1943 2344 2087 2379 tertium
2111 2344 2285 2391 qradum,
2318 2344 2356 2381 lu·

112 2390 307 2427 secundum
329 2389 474 2426 ordines
497 2394 532 2426 et
553 2390 693 2436 qradus
716 2392 884 2437 capiant,
908 2390 966 2425 sin
990 2393 1108 2425 autem
1131 2389 1224 2425 nulli
1246 2389 1423 2425 eiusmodi
1443 2389 1527 2432 sint,
1557 2389 1647 2434 fisco
1672 2399 1750 2425 eam
1773 2388 1870 2424 adici
1893 2388 2062 2424 iubemus.

113 2439 136 2473 1
183 2435 317 2471 Mulier
345 2439 465 2471 autem
498 2435 664 2471 adultera
694 2435 973 2482 competentibus
997 2435 1130 2482 poenis
1158 2434 1317 2470 subiecta
1346 2434 1385 2469 in
1417 2434 1671 2470 monasterium
1702 2434 1916 2470 coniciatur.
1966 2433 2068 2470 Etsi
2089 2433 2233 2481 quidem
2255 2435 2356 2472 intra

114 2480 294 2517 biennium
318 2481 480 2527 recipere
503 2492 581 2516 eam
605 2481 660 2516 vir
677 2481 841 2523 voluerit,
860 2484 1079 2527 potestatem
1103 2480 1136 2516 ei
1159 2480 1288 2516 damus
1311 2479 1351 2515 id
1365 2479 1531 2526 faciendi
1547 2484 1677 2516 etcum
1693 2490 1736 2514 ea
1752 2478 1950 2522 babitandi,
1975 2479 2027 2515 ita
2044 2484 2084 2515 ut
2103 2479 2241 2515 nullum
2253 2481 2355 2527 peri—

113 2527 233 2562 culum
255 2525 340 2561 inde
363 2529 498 2561 metuat
522 2537 586 2562 nec
610 2526 876 2562 matrimonium
905 2537 973 2573 per
996 2537 1039 2562 ea
1063 2536 1157 2572 quae
1180 2525 1296 2562 medio
1320 2529 1477 2571 tempore
1506 2525 1614 2570 facta
1643 2527 1729 2560 sunt
1751 2524 2001 2561 detrimentum
2025 2526 2157 2571 capiat.
2206 2524 2252 2561 Si
2271 2537 2355 2563 vero

140 2571 339 2608 raedictum
365 2575 502 2618 tempus
526 2571 723 2614 transierit,
748 2571 804 2607 vel
825 2572 978 2608 maritus
1001 2576 1085 2607 ante
1108 2581 1217 2618 quam
1241 2571 1423 2606 mulierem
1446 2571 1625 2616 reciperet
1647 2574 1812 2605 mortuus
1834 2570 1893 2612 sit,
1925 2569 2087 2606 iubemus
2109 2581 2189 2606 eam
2214 2571 2357 2608 tonderi

106 2584 136 2654 2
183 2620 219 2653 et
241 2615 401 2652 habitum
424 2616 673 2653 monachicum
697 2627 878 2653 assumere
901 2620 936 2652 et
955 2617 992 2653 in
1016 2616 1141 2653 eodem
1163 2616 1382 2653 monasterio
1404 2627 1473 2669 per
1492 2626 1595 2651 omne
1618 2616 1711 2651 vitae
1733 2625 1822 2651 suae
1847 2619 1986 2662 tempus
2009 2614 2184 2652 babitare.
2251 2615 2303 2652 Et
2321 2617 2355 2653 si

114 2661 257 2709 quidem
281 2661 535 2698 descendentes
558 2661 703 2706 babeat,
737 2662 830 2698 duas
846 2665 977 2709 partes
999 2662 1221 2699 substantiae
1244 2662 1321 2698 eius
1342 2661 1412 2708 ipsz
1437 2661 1619 2706 accipiant
1641 2659 1836 2696 secundum
1866 2659 2028 2696 ordinem
2053 2660 2172 2707 lequm
2194 2660 2354 2698 dividen-

114 2708 198 2750 das,
234 2707 375 2753 reliqua
401 2710 520 2743 autem
546 2719 637 2754 pars
667 2708 776 2743 tertia
805 2707 1026 2743 monasterio
1058 2707 1165 2744 detur
1202 2708 1241 2743 in
1273 2707 1371 2753 quod
1401 2706 1580 2742 conicitur
1587 2718 1602 2748 ;
1643 2706 1701 2741 sin
1732 2704 1986 2742 descendentes
2015 2716 2090 2741 non
2121 2706 2258 2750 adsint,
2290 2707 2357 2744 sed

114 2752 347 2789 ascendentes
373 2756 523 2800 praesto
547 2753 631 2795 sint,
665 2753 729 2799 qui
753 2757 871 2788 tamen
900 2764 974 2789 non
998 2752 1204 2789 adiuverint
1231 2751 1408 2789 eiusmodi
1435 2751 1562 2795 scelus,
1594 2755 1770 2797 quattuor
1801 2750 1929 2786 uncias
1960 2751 1990 2786 ii
2017 2751 2212 2787 secundum
2236 2752 2355 2800 lequm

172 2846 187 2878 1
215 2843 380 2888 φανερῶς
404 2856 461 2877 om.
476 2855 496 2880 ς
519 2843 531 2888 ΙΙ
554 2845 574 2878 3
599 2840 640 2877 ἇς
663 2863 707 2868 —-
730 2847 752 2878 4
777 2842 990 2886 διετύπωσε]
1016 2840 1058 2878 ἂς
1081 2842 1115 2878 οἱ
1138 2842 1200 2878 νό-

112 2902 173 2933 μοι
197 2885 413 2924 διατυποῦσι
438 2889 506 2922 BL
526 2890 537 2933 Ι]
562 2885 740 2933 εὐσεβοῦς]
765 2890 860 2923 divae
884 2892 917 2931 (i.
933 2903 958 2924 e.
981 2889 1123 2932 θείαςῖ)
1146 2901 1166 2927 ς
1190 2888 1202 2933 ΙΙ

112 2938 136 2969 4
160 2931 374 2975 διετύπωσε]
404 2934 481 2968 C'od.
495 2935 527 2976 9,
540 2942 568 2975 9,
583 2942 619 2970 29
637 2941 652 2974 ᾖ
668 2943 684 2969 4
702 2935 714 2979 ΙΙ
731 2931 855 2980 ὁμοίας
879 2935 961 2977 Me,
975 2936 1025 2969 Β3
1038 2948 1067 2969 υ.
1083 2936 1117 2977 L]
1141 2947 1200 2969 νο·

112 2982 239 3024 μίμους
265 2980 333 3012 LB
358 2979 370 3022 ΙΙ
400 2980 419 3013 6
444 2979 514 3021 ἔχει
538 2980 691 3013 Νοιηοε.α
710 2983 787 3023 11,1
809 2981 821 3026 ΙΙ
852 2983 871 3016 8
896 2978 1079 3026 ἡμετέρου]
1106 2981 1199 3026 εἰρη-

113 3026 222 3069 μένου
248 3024 278 3057 L
302 3023 314 3067 ΙΙ
340 3021 465 3067 νόμον]
490 3025 575 3059 Νου.
597 3026 716 3059 ΧΧΙῙ
734 3040 759 3060 c.
777 3028 816 3061 18
840 3028 896 3071 (cf
926 3027 1072 3061 CXVII
1089 3039 1115 3060 c.
1133 3029 1165 3068 5)
1189 3026 1200 3070 ΙΙ

116 3072 135 3104 9
161 3069 203 3110 εἰ]
228 3068 283 3102 εἰσ
307 3069 338 3101 L
356 3069 368 3112 ΙΙ
386 3069 573 3114 προικῶσα
597 3071 750 3105 Nomoc.d
767 3071 780 3116 ΙΙ
794 3071 844 3116 μὴ
871 3086 927 3105 om.
955 3075 1000 3106 M
1013 3072 1024 3116 ΙΙ
1045 3075 1084 3106 10
1110 3071 1200 3105 εἰσὶν

115 3113 278 3149 ἀνιόντες
311 3110 334 3156 ’ἢ
368 3114 553 3148 κατιόντες
585 3115 637 3148 ΒΓ
650 3128 669 3153 ς
699 3117 710 3159 ΙΙ
739 3119 777 3152 11
811 3119 944 3162 τρίτου]
982 3118 1047 3151 τοῦ
1077 3120 1200 3161 τρίτου

120 3160 395 3195 CGEHeimbacb
416 3161 498 3194 male
514 3160 525 3205 ΙΙ
544 3158 669 3205 λαβεῖν
687 3162 849 3196 Νοηιοο.7η
876 3163 888 3207 ΙΙ
916 3164 956 3198 13
983 3165 1114 3208 φίσκῳ]
1139 3159 1199 3204 δη-

114 3208 230 3250 μοσίῳ
256 3200 374 3247 (δήμω
399 3205 551 3239 Nomoc.d
576 3209 610 3247 1,
627 3208 675 3248 32)
702 3208 739 3241 Β
767 3207 779 3252 ΙΙ
807 3204 944 3250 ταύτην
969 3209 1028 3249 M]
1066 3204 1201 3240 ταύτας

115 3248 247 3293 (ταύτα
257 3250 324 3291 ΒΓ)
338 3250 418 3292 LB,
434 3251 514 3284 haec
528 3262 546 3288 ς
558 3249 570 3296 ΙΙ
584 3253 623 3285 15
638 3255 789 3294 ποιναῖς]
805 3252 953 3299 πληγαῖς
963 3254 1096 3287 Nomoc.
1106 3253 1167 3285 XI
1174 3253 1207 3286 V

117 3298 163 3330 tit.
179 3297 253 3337 11‚1
267 3307 296 3328 v.
309 3295 341 3336 L,
359 3296 463 3330 Anon.
474 3297 588 3338 Bodl„
601 3308 620 3334 ς
643 3297 655 3338 ΙΙ
670 3294 967 3343 ὑποβαλλομένην
985 3299 1126 3333 ποιναῖς
1139 3297 1175 3330 Β
1188 3296 1199 3342 Η

116 3341 156 3374 ἐν
182 3353 239 3374 om.
253 3340 432 3374 Νοηιοε.’11η
447 3343 525 3383 11,1
543 3341 556 3386 ΙΙ
575 3344 616 3377 16
640 3340 660 3376 ὁ
679 3340 771 3390 ἀνὴρ
789 3341 904 3387 αὐτὴν
918 3343 971 3378 Bf
984 3344 996 3386 Ι]
1020 3345 1057 3377 19
1080 3338 1199 3387 *μήτε

117 3387 202 3426 libri,
223 3385 416 3419 nullatenus
437 3387 470 3427 (ἰ.
486 3400 511 3420 e.
528 3385 677 3432 μηὸἒνῗ)
698 3402 716 3426 ς
731 3391 743 3433 fl
760 3391 966 3436 γενομένων
982 3388 1034 3421 ΒΤ
1046 3388 1199 3422 Nomoc,d

118 3434 148 3472 1,
164 3432 290 3475 321120
315 3428 482 3475 παρέλθη
508 3433 566 3474 Μ]
591 3433 771 3479 παρέλθοι
795 3436 864 3469 LB
882 3436 893 3478 ΙΙ
912 3437 951 3468 21
978 3434 1077 3478 πρὶν]
1103 3430 1198 3475 πλὴν

115 3477 277 3512 Νοηιοε.7η
291 3478 321 3518 1,
334 3484 369 3510 32
387 3476 399 3520 Ι]
416 3475 615 3521 τελευτήσει
628 3481 711 3535 ΕΒ]
729 3478 931 3522 τελευτήσω
947 3479 993 3512 M
994 3478 1174 3512 Νοηιοε.<ῑ’η
1188 3477 1199 3522 ΙΙ

115 3519 304 3565 κελεύομεν
328 3534 386 3555 om.
401 3533 420 3558 ς
437 3522 449 3566 ΙΙ
475 3525 517 3558 23
542 3524 581 3557 ἐν
601 3526 654 3567 τῷ
669 3526 782 3568 αυτῷ]
806 3526 843 3558 in
863 3526 934 3567 ipso
959 3535 989 3566 ς,
1013 3519 1113 3565 αὐτῷ
1139 3536 1197 3557 om.

116 3567 166 3600 B⁸
182 3567 194 3610 ΙΙ
210 3565 455 3613 μοναστήριον
468 3569 519 3601 L⁰
536 3568 548 3613 ΙΙ
566 3571 608 3604 24
623 3570 686 3613 τῆς
701 3568 794 3605 ἰδίας
812 3571 904 3612 ζωῆς
921 3568 1102 3603 Nomos-‘²⁷⁷2
1119 3570 1170 3610 11,
1185 3577 1197 3603 1

116 3612 179 3654 τῆς
203 3612 294 3654 ζωῆς
319 3609 428 3646 αὐτοῦ
453 3613 506 3647 Bf
521 3614 533 3657 ΙΙ
555 3615 625 3657 ἔχει
649 3617 699 3649 B⁸
713 3630 743 3649 υ.
761 3618 792 3656 l.,
818 3614 969 3650 Nomoc.d
986 3614 999 3658 ΙΙ
1023 3615 1065 3649 26
1091 3610 1199 3656 αὐτῆς

118 3669 176 3690 om.
199 3654 525 3703 ς11·διαιρουμένων
541 3660 593 3694 ΒΓ
613 3661 625 3704 Ι]
650 3662 692 3696 28
718 3661 748 3694 εἰ
773 3658 812 3695 δὲ
834 3659 882 3704 μὴ
906 3657 1090 3694 κατιόντες
1108 3658 1199 3692 εἰσὶν

118 3701 170 3734 ΒΥ
191 3701 205 3746 Ι]
221 3703 262 3736 29
274 3699 465 3748 εὑρεθεῖσι]
482 3706 542 3738 καὶ
558 3702 762 3751 εὑρεθῶσιν
772 3706 823 3740 ΒΓ
844 3706 857 3749 ΙΙ
876 3708 917 3739 30
931 3706 1103 3751 τέσσαρας
1121 3701 1199 3751 ody-

118 3748 195 3784 κίας
206 3748 276 3782 LB
292 3747 306 3795 ss
324 3748 390 3792 τὴν
411 3750 474 3783 τοῦ
496 3749 608 3795 νόμου
632 3748 798 3792 διάταξιν
825 3751 872 3784 Β8
887 3751 1039 3785 Nomocstl
1069 3750 1158 3792 leges
1180 3761 1200 3786 ς

1317 2845 1333 2878 1
1352 2842 1515 2875 adulteria
1531 2842 1583 2876 Ra
1599 2843 1612 2887 ΙΙ
1629 2843 1791 2886 probatur
1814 2856 1835 2876 v
1852 2842 1864 2887 ΙΙ
1883 2844 1902 2876 3
1927 2843 2082 2886 exposuit
2104 2856 2125 2876 υ
2142 2843 2155 2888 ΙΙ
2170 2842 2227 2877 illi
2244 2844 2320 2878 bR¹
2342 2844 2355 2891 Ι]

1269 2891 1291 2923 4
1314 2888 1551 2921 subitientibus
1577 2887 1628 2922 Τ1
1658 2888 1671 2932 ss
1698 2888 1806 2922 medio
1829 2889 1863 2922 V
1881 2888 1990 2922 media
2015 2892 2031 2922 b
2067 2888 2186 2923 mediis
2209 2902 2230 2922 v
2257 2889 2269 2934 ΙΙ
2294 2893 2354 2924 aut

1270 2935 1386 2967 addidi
1400 2933 1412 2978 ΙΙ
1431 2934 1592 2967 ministris
1617 2933 1809 2967 huiusmodi
1831 2936 1848 2968 b
1861 2946 1881 2966 v
1905 2934 2099 2968 huiusmodi
2121 2935 2270 2968 ministri
2291 2936 2324 2970 T
2342 2935 2354 2981 ΙΙ

1269 2982 1288 3013 5
1310 2978 1447 3012 crimine
1472 2981 1489 3013 b
1509 2979 1520 3022 ΙΙ
1536 2979 1754 3012 substantiam
1776 2992 1797 3012 v
1817 2978 1829 3022 ΙΙ
1845 2979 2002 3013 adulterii
2018 2980 2068 3012 Β*
2080 2980 2128 3013 V¹
2144 2980 2157 3024 ΙΙ
2176 2982 2196 3014 6
2213 2981 2310 3014 abeat
2334 2983 2351 3014 b

1268 3025 1367 3057 habet
1393 3024 1426 3057 T
1448 3023 1460 3070 ΙΙ
1490 3034 1626 3058 uxorem
1657 3037 1714 3058 om.
1737 3025 1787 3059 V¹
1815 3024 1827 3068 ΙΙ
1857 3027 1890 3058 et
1920 3038 1978 3059 om.
2003 3025 2056 3058 17ι
2084 3023 2097 3069 ΙΙ
2126 3027 2144 3058 7
2171 3025 2241 3058 eius
2267 3028 2318 3058 bv
2341 3027 2346 3068 Ι

1268 3072 1395 3114 patrem
1413 3072 1430 3103 b
1446 3070 1458 3114 ΙΙ
1477 3072 1623 3103 nostrum
1640 3072 1658 3104 b
1670 3082 1691 3103 υ
1707 3069 1720 3115 u
1738 3070 1844 3112 legem
1860 3069 1913 3102 Ra
1926 3072 1973 3102 bv
1990 3068 2003 3112 ΙΙ
2021 3071 2040 3104 8
2058 3070 2254 3103 subsecutae
2270 3072 2288 3103 b
2300 3082 2322 3103 υ

1269 3119 1287 3150 9
1313 3115 1497 3148 substantia
1523 3118 1540 3149 b
1562 3114 1574 3160 ΙΙ
1603 3117 1644 3150 10
1670 3116 1702 3148 et
1725 3114 1959 3148 descendentes
1979 3115 2017 3155 V,
2043 3127 2135 3148 om.v
2158 3114 2171 3158 ΙΙ
2200 3117 2239 3150 11
2266 3115 2351 3148 aoei-

1267 3161 1337 3204 piat
1360 3159 1411 3192 hii
1435 3163 1452 3194 b
1488 3161 1653 3204 accipient
1671 3159 1709 3192 hi
1731 3172 1752 3192 v
1788 3160 1972 3203 accipiatur
1989 3159 2030 3191 ab
2048 3159 2101 3193 his
2120 3160 2177 3202 ΤΙΙ
2205 3161 2246 3194 12
2271 3162 2351 3195 sunt

1268 3206 1397 3249 Rvulq.
1414 3205 1426 3249 ΙΙ
1452 3205 1575 3247 aliquis
1598 3218 1619 3238 υ
1655 3204 1784 3246 aliquid
1809 3207 1825 3238 b
1844 3204 1856 3248 Ι]
1882 3205 1974 3245 haec]
1999 3205 2032 3237 et
2054 3217 2075 3237 υ
2093 3204 2106 3249 ΙΙ
2133 3206 2176 3240 14
2198 3205 2351 3239 adultera

1270 3254 1285 3284 b
1300 3264 1320 3283 υ
1338 3250 1349 3294 ΙΙ
1367 3250 1488 3284 mulier
1511 3263 1531 3283 υ
1566 3250 1747 3283 mulieres?
1771 3249 1820 3283 R²
1847 3252 1858 3293 ΙΙ
1888 3252 1928 3284 15
1952 3248 2090 3282 subacta
2111 3261 2132 3282 υ
2151 3249 2164 3294 Ι]
2184 3252 2350 3284 monaste-

1267 3297 1354 3329 rium
1372 3295 1519 3339 T2vu19.
1540 3295 1552 3340 ΙΙ
1569 3295 1650 3338 quid
1674 3298 1691 3329 b
1709 3295 1722 3339 ΙΙ
1741 3297 1783 3330 16
1800 3294 1864 3336 vir]
1889 3294 1949 3327 ubi
1964 3294 2014 3328 R¹
2031 3294 2043 3338 ΙΙ
2062 3297 2101 3329 17
2129 3298 2162 3328 et
2185 3308 2243 3329 om.
2266 3295 2317 3330 V¹

1268 3341 1509 3430 3393322523112
1524 3339 1892 3428 ¹?ut133·u¹}⁰5‘31³13²2ffi}21¹)
1903 3339 2154 3430 θὲοὲἴὲέἓὲθῗῖι
2167 3339 2218 3420 ²2³}
2232 3342 2332 3420 ”tis

1266 3435 1322 3465 tur
1346 3432 1380 3465 R
1396 3431 1408 3476 ΙΙ
1425 3431 1523 3465 tundi
1548 3434 1565 3465 l>
1578 3445 1598 3464 υ
1618 3432 1629 3474 ΙΙ
1651 3431 1880 3464 monachitum
1905 3430 1957 3464 T¹
1986 3431 2186 3464 monachum
2208 3430 2286 3476 12²1}
2306 3433 2349 3467 22

1266 3477 1394 3510 abitum
1417 3478 1565 3520 accipere
1591 3477 1623 3510 T
1631 3489 1652 3509 υ
1687 3477 1834 3519 accipere
1858 3475 2010 3509 habitum
2032 3475 2066 3509 R
2089 3475 2102 3520 Ι]
2128 3477 2239 3520 ipsum
2265 3479 2282 3510 b
2296 3490 2317 3510 υ
2337 3477 2349 3522 ΙΙ

1267 3523 1502 3556 monasterium
1523 3536 1544 3555 υ
1562 3522 1574 3566 ΙΙ
1598 3523 1640 3556 24
1665 3522 1892 3555 discendentes
1917 3524 1934 3554 ὁ
1953 3522 1965 3564 ΙΙ
1990 3522 2032 3556 25
2053 3521 2202 3566 accipere
2227 3532 2280 3558 eas
2299 3522 2349 3556 V*

1268 3579 1321 3600 eos
1337 3568 1485 3611 accipere
1503 3569 1536 3601 T
1546 3567 1559 3613 ss
1578 3567 1792 3608 substantiae]
1817 3568 1850 3600 et
1866 3566 2087 3600 substantiam
2110 3580 2131 3600 v
2148 3567 2160 3612 [Ι
2178 3567 2285 3601 diuisa
2302 3569 2349 3602 bv

1267 3613 1414 3647 diuersas
1438 3615 1469 3647 T
1476 3614 1487 3634 ¹
1512 3613 1524 3657 ΙΙ
1551 3615 1593 3647 26
1617 3612 1852 3646 monasterium
1878 3615 1895 3646 b
1922 3611 1934 3656 Ι]
1959 3613 1998 3646 27
2018 3612 2102 3654 dari]
2127 3614 2158 3646 ei
2174 3613 2247 3647 dari
2262 3613 2315 3647 R⁰
2336 3611 2350 3659 Ι]

1268 3659 1496 3693 descendentis
1520 3662 1537 3692 b
1554 3658 1566 3701 ΙΙ
1594 3659 1635 3693 28
1659 3658 1896 3691 conuenientes
1918 3670 1940 3691 υ
1955 3657 1968 3702 ΙΙ
1995 3658 2037 3693 29
2063 3660 2222 3700 quattuor
2246 3671 2306 3693 om.v
2315 3671 2348 3701 v,

1268 3706 1426 3747 quattuor
1450 3725 1494 3730 —
1514 3705 1592 3747 686,
1607 3711 1623 3739 9
1642 3703 1750 3747 legem
1768 3716 1831 3739 scr.
1845 3703 1896 3737 R2
1912 3705 1945 3738 in
1962 3715 2029 3737 ras.
2044 3704 2064 3738 3
2079 3717 2129 3739 vv.
2148 3703 2161 3750 ΙΙ
2176 3714 2231 3739 eos
2255 3717 2316 3739 om.
2330 3706 2348 3738 b
