2618 4010
276 126 383 168 NOV.
415 124 513 167 VIII
548 127 608 167 12.
645 127 694 166 13

275 234 365 280 μήτε
389 237 428 269 ἐν
451 238 528 269 ταῖς
551 232 862 280 ἁμαρτανομένοιις
885 233 983 279 παρά
1007 248 1121 270 τινων
1145 238 1241 279 βίαις
1262 233 1352 289 μήτε

277 283 336 316 ἐπὶ
366 283 440 315 τοῖς
464 277 656 326 ἐγκλήμασι
679 281 738 313 καὶ
770 282 847 313 ταῖς
877 280 1051 314 ἐντεῦθεν
1082 277 1234 314 ἀδικίαις
1264 292 1353 324 μητε

278 327 337 360 ἐπὶ
361 329 438 359 ταῖς
461 322 608 358 στάσεσι
633 327 708 358 ταῖς
743 322 927 368 δημοσίαις
955 322 1044 369 μήτε
1076 326 1136 358 ἐπὶ
1167 327 1245 359 ταῖς
1275 325 1354 359 τῶν

278 368 462 414 δημοσίων
496 367 622 415 φόρων
658 369 890 415 εἰςπράξεσιν,
927 369 1015 403 ἀλλὰ
1051 367 1189 404 πάντας
1226 366 1354 426 ὁμοίως

277 413 495 450 ὑποκεῖσθαι
517 415 562 460 τῇ
586 410 729 449 τούτων
754 413 987 457 δικαιοδοσίᾳ,
1012 411 1074 448 οὐκ
1097 410 1355 458 ἀναμενοντων

278 458 359 494 οὔτε
379 456 583 504 προςτάξεις
604 457 728 505 λαβεῖν
751 462 790 494 ἐκ
808 460 886 494 τῶν
907 457 1094 502 ἀρχόντων
1118 459 1168 494 οἷς
1191 457 1353 494 ὑπόκειν-

277 518 358 546 ται,
390 504 473 538 οὗτε
504 503 652 549 μηνύειν
676 505 724 539 εἰς
747 502 892 547 αὐτούς,
926 502 1005 539 ἀλλ’
1038 504 1230 550 ἀρκεῖσθαι
1259 502 1355 548 τῷδε

278 546 382 593 ἡμῶν
405 550 458 593 τῷ
482 548 525 584 νό
554 563 602 593 ῳ,
635 547 688 584 δι’
714 541 755 584 οἷ)
779 551 903 584 πᾶσαν
926 547 1045 583 αὐτοῖς
1069 549 1234 589 ἐξουσίαν
1265 562 1354 595 παρ-

279 598 415 638 έχομεν.
468 592 508 628 οὗ
533 594 610 630 ενὸς
643 593 768 630 ἄδειαν
799 596 941 637 ἔχοντος
973 592 1159 629 παντελῶς
1191 596 1250 628 ἐπὶ
1278 596 1356 628 τῶν

1354 119 1410 167 76

1890 140 1951 171 UT
1979 139 2156 172 IUDICES
2185 140 2284 171 SINE
2313 140 2494 179 QUOQUO

1419 245 1489 280 que
1508 236 1545 269 in
1560 235 1627 276 his,
1651 246 1743 278 quae
1758 237 2025 274 committuntur
2043 239 2089 274 ab
2110 238 2299 285 aliquibus,
2321 238 2495 275 violentiis

1420 291 1533 325 neque
1557 280 1593 315 in
1618 280 1823 316 criminibus
1846 286 1883 316 et
1909 293 2001 328 quae
2023 284 2107 319 hinc
2136 285 2298 320 oriuntur
2329 284 2494 319 laesioni-

1420 326 1508 367 bus,
1537 334 1652 377 neque
1673 325 1711 359 in
1734 325 1967 363 seditionibus
1997 329 2148 374 publicis
2172 339 2286 373 neque
2316 328 2354 364 in
2376 328 2494 373 publi-

1423 380 1544 405 corum
1571 369 1788 405 tnbutorum
1811 371 2074 418 exactionibus,
2106 373 2169 409 sed
2192 384 2311 410 omnes
2336 373 2496 409 similiter

1390 418 1409 449 5
1423 414 1608 451 subiacere
1630 414 1757 450 horum
1780 414 2029 462 iurisdictioni‚
2053 429 2123 454 non
2146 418 2410 464 expectantium
2434 429 2494 454 ne-

1423 470 1491 504 que
1514 462 1707 504 praecepta
1734 460 1916 512 percipere
1947 471 1969 497 a
1993 462 2169 499 iudicibus
2193 464 2323 509 quibus
2346 462 2497 499 subiecti

1424 506 1519 547 sunt,
1543 514 1657 549 neque
1681 508 1847 540 nuntiare
1868 505 1915 540 ad
1937 516 2011 551 eos,
2034 508 2097 543 sed
2116 512 2300 544 contentos
2325 519 2403 544 esse
2427 509 2495 543 hac

1423 553 1546 584 nostra
1569 549 1664 594 lege,
1694 560 1758 594 per
1789 559 1894 595 quam
1918 561 2055 587 omnem
2077 553 2128 589 eis
2158 557 2370 599 potestatem
2393 563 2495 599 prae-

1423 595 1566 630 bemus:
1603 594 1741 629 nemine
1763 595 1942 630 licentiam
1970 596 2123 633 habente
2153 599 2294 644 penitus
2324 599 2362 634 in
2391 609 2496 644 prae-

279 641 478 685 εἰρημένων
503 641 633 693 αῑτιῶν
656 639 739 675 οὔτε
763 643 946 692 προνομίῳ
977 639 1141 684 χρῆσθαί
1169 652 1242 674 τινι
1273 639 1356 673 οὔτε
1372 642 1411 673 10
1425 640 1528 675 dietis
1565 640 1681 675 causis
1717 650 1783 675 nec
1817 640 1998 685 privilegio
2035 642 2090 677 uti
2118 643 2274 688 quolibet
2304 654 2419 689 neque
2453 654 2496 678 ex

279 685 421 719 ἐκεῖθεν
444 685 560 728 έαυτῳ
585 686 791 731 κατορθοῦν
820 698 862 718 το
887 682 1105 728 πλημμελεῖν
1135 680 1355 718 ἀνευθύνως.

279 727 319 763 ού
343 728 410 776 γὰρ
435 727 480 764 ἂν
503 730 539 764 οἱ
561 727 675 774 πάσης
697 727 909 773 ἀπεχόμενοι
933 727 1072 774 λήψεως
1095 727 1261 775 ἄρχοντες
1283 732 1355 763 ἕτε-

279 773 344 821 ρόν
373 789 410 809 τι
440 777 504 809 τοῦ
536 775 626 809 θεοῦ
657 779 716 809 καὶ
750 775 813 809 τοῦ
850 771 959 818 νόμου
995 776 1053 807 καὶ
1086 776 1150 808 τοῦ
1186 772 1356 820 ἡμετέρου

278 818 505 867 προθήσουσι
535 818 647 862 δέους,
685 817 766 854 ἀλλ’
801 820 848 853 εἷς
879 821 991 853 έκεῖνο
1020 818 1216 873 βλέποντες
1251 816 1356 874 φυλά-

1425 685 1492 720 hoc
1523 684 1662 720 sibimet
1693 684 1899 730 impetrare,
1932 690 1972 720 ut
2002 686 2183 732 delinquat
2213 689 2366 724 innoxie.
2413 689 2495 724 Non

1425 730 1517 765 enim
1553 730 1612 775 qui
1647 730 1741 765 omni
1776 731 1958 766 abstinent
1991 733 2198 777 acceptione
2231 733 2364 770 iudices
2400 734 2496 769 aliud

1425 775 1589 820 quiddam
1610 775 1666 810 dei
1683 779 1718 810 et
1733 775 1818 819 legis
1837 779 2029 820 nostroque
2047 781 2273 822 praeponunt
2286 779 2415 819 timori,
2436 779 2497 814 sed

1424 821 1470 855 ad
1498 820 1597 855 illum
1628 820 1856 865 respicientes
1892 822 2083 857 servabunt
2113 822 2281 858 subiectis
2314 824 2497 865 iustitiam,

279 865 379 906 ξουσι
404 869 476 899 τοῖς
494 862 660 909 ὑπηκόοις
678 864 719 899 τὸ
738 863 889 907 δίκαιον,
914 862 1035 900 πάντα
1058 878 1150 898 κατα
1172 866 1254 899 τοὺς
1277 867 1410 908 nae-15
1424 866 1543 901 omnia
1567 866 1759 901 secundum
1782 868 1924 901 nostras
1946 866 2142 902 iudicantes
2165 871 2201 902 et
2223 871 2367 921 agentes
2390 870 2496 913 leges.

278 912 297 945 1
339 912 458 956 τέρους
478 913 658 957 κρίνοντές
680 923 720 944 τε
744 912 803 943 καὶ
827 908 1046 955 πράττοντες
1069 907 1209 954 νόμους.
1275 907 1357 944 Ἐπὶ

277 953 345 1002 γὰρ
368 959 441 990 τοῖς
462 953 635 989 τοιούτοις
654 958 714 989 καὶ
737 953 818 989 τούς
842 953 1068 1002 στρατιώτας
1098 955 1180 989 τοὺς
1210 957 1250 990 ἐν
1280 958 1357 990 ταῖς

279 1002 464 1046 ἐπαρχίαις
487 999 594 1034 ὄντας
618 998 735 1034 αὐτοῖς
758 997 1018 1045 ὑποτάττομεν,
1043 997 1125 1034 οὐδὲ
1147 1002 1259 1035 ἐκεῖσε
1282 999 1355 1035 δεο-

277 1048 411 1098 μένοις(
429 1042 650 1090 προςτάξεώς
676 1057 771 1079 τινος
803 1043 894 1079 ἰδίας
917 1043 938 1088 ἢ
963 1043 1054 1098 παρ’
1081 1042 1183 1099 ἡμῶν
1211 1043 1232 1090 ἢ
1256 1044 1355 1092 παρὰ

1424 914 1439 946 1
1490 911 1582 955 Quia
1599 911 1691 946 enim
1707 911 1835 946 milites
1859 915 1895 946 et
1917 911 2119 946 huiusmodi
2139 912 2176 946 in
2199 913 2388 957 provinciis
2413 925 2497 949 con-

1425 956 1568 992 stitutos
1599 956 1649 991 eis
1673 956 1884 999 subicimus,
1920 966 2034 1001 neque
2059 957 2097 991 in
2128 956 2197 992 hoc
2221 958 2372 1002 egebunt
2394 969 2498 1003 prae-

1425 1011 1466 1035 ce
1493 1004 1529 1036 to
1561 1001 1757 1046 cuiuspiam
1787 1001 1933 1046 proprio
1966 1004 2030 1036 aut
2052 1012 2074 1036 a
2098 1002 2200 1037 nobis
2231 1004 2295 1037 aut
2323 1013 2346 1038 a
2367 1004 2498 1039 nostris

1423 1047 1460 1081 iu
1487 1047 1619 1090 icibus,
1656 1046 1719 1081 sed
1753 1047 1935 1091 praesenti
1964 1047 2040 1091 lege
2070 1050 2215 1082 utentur
2250 1051 2286 1082 et
2319 1047 2412 1087 hanc
2447 1048 2498 1083 eis

278 1103 356 1124 των
393 1093 574 1145 ῃμετέρων
609 1088 807 1136 ἀρχόντων,
850 1086 938 1124 ἀλλὰ
972 1104 1025 1134 τῳ
1062 1103 1219 1137 παροντι
1252 1090 1353 1135 νόμῳ
1369 1093 1410 1125 20
1425 1092 1621 1133 ostendent,
1646 1094 1687 1126 ut
1709 1091 1925 1126 auxilientur
1948 1093 1998 1127 eis
2023 1092 2206 1127 utentibus
2229 1092 2385 1127 iudiciali
2407 1092 2497 1127 fidu-

277 1146 472 1181 χρωμενοις
503 1138 562 1168 καὶ
593 1138 724 1170 τοῦτον
759 1133 877 1170 αὐτοῖς
908 1133 1142 1178 δεικνύουσιν,
1174 1133 1262 1171 ὥςτε
1293 1138 1354 1171 έπ-

279 1178 428 1224 αμύνειν
453 1177 571 1214 αὐτοῖς
589 1183 784 1226 χρωμένοις
805 1182 851 1228 τῇ
874 1182 935 1223 τῆς
958 1177 1064 1226 ἀρχῆς
1087 1186 1280 1229 παρρησίᾳ,
1303 1195 1354 1228 γι-

278 1222 486 1259 νώσκοντας
519 1222 584 1268 οἷς,
616 1226 647 1260 εἰ
670 1225 720 1271 μὴ
741 1227 847 1260 τοῦτο
871 1223 1056 1272 πράξαιεν,
1087 1229 1147 1260 καὶ
1176 1224 1355 1270 σιτήσεων

278 1273 337 1304 καὶ
369 1268 475 1314 αὐτῆς
501 1271 563 1314 τῆς
593 1275 781 1316 στρατείας
810 1268 1052 1316 ὑπομενοῦσιν
1083 1272 1267 1307 ἔκπτωσιν
1296 1274 1356 1306 καὶ

277 1314 345 1350 τὸν
379 1316 428 1350 εἰς
462 1316 569 1359 σῶμα
602 1314 770 1351 κίνδυνον
800 1313 1079 1360 ύποστήσονται.
1142 1313 1148 1324 ’

277 1358 428 1404 μηδενὸς
450 1361 571 1406 ἑτέρου
595 1361 783 1396 παντελῶς
813 1359 890 1396 δεῖν
922 1361 1107 1408 ἄρχοντος,
1140 1364 1199 1395 καὶ
1231 1360 1356 1408 λῃστο-

278 1404 434 1440 διώκτας
461 1403 484 1449 ἢ
514 1405 596 1441 τοὺς
626 1405 861 1451 καλουμένους
890 1404 1127 1451 βιοκωλύτας,
1157 1405 1293 1451 μᾶλλον
1317 1404 1357 1440 δὲ

279 1448 508 1492 λωποδύτας,
539 1448 561 1494 ἢ
585 1449 808 1497 ἀφοπλιστὰς
830 1454 1036 1496 ἐκπέμπειν,
1068 1450 1267 1498 προφάσεσι
1289 1454 1357 1496 μὲν

278 1494 395 1539 δῆθεν
419 1494 574 1551 εὐλόγοις
595 1500 811 1550 χρωμένους,ἱ
831 1495 959 1551 anfons
982 1495 1021 1531 δὲ
1042 1495 1089 1530 τὰ
1112 1495 1265 1531 πάντων
1288 1500 1355 1539 χεί-

1426 1138 1499 1179 cia,
1524 1137 1676 1173 scientes
1701 1137 1802 1182 quia,
1827 1137 1896 1172 nisi
1919 1137 1988 1172 hoc
2013 1138 2162 1182 egerint,
2187 1140 2224 1172 et
2247 1138 2497 1173 emolumento-

1424 1193 1502 1217 rum
1526 1185 1561 1217 et
1583 1182 1728 1217 militiae
1751 1182 1977 1217 sustinebunt
1998 1193 2119 1217 casum
2138 1182 2227 1217 etin
2253 1193 2384 1227 corpus
2407 1182 2499 1227 peri·

1426 1227 1543 1262 culum
1574 1227 1770 1272 patientur:
1804 1230 1845 1262 ut
1867 1227 1969 1262 nobis
2003 1228 2101 1262 nullo
2134 1228 2204 1262 alio
2236 1228 2379 1273 penitus
2409 1237 2500 1273 opus

1426 1273 1473 1307 sit
1501 1272 1635 1316 iudice,
1666 1276 1702 1307 et
1732 1275 1795 1307 aut
1823 1273 2002 1307 latronum
2029 1272 2251 1308 insecutores
2282 1275 2348 1308 aut
2378 1273 2500 1318 appel-

1130 1314 1235 1351 ᾫςτε
1272 1313 1357 1360 ἡμῖν
1370 1318 1411 1350 25
1424 1318 1516 1352 latos
1547 1317 1795 1353 violentiarum
1829 1317 2059 1361 inhibitores,
2095 1318 2205 1361 magis
2238 1320 2357 1353 autem
2390 1318 2499 1359 fures,

1425 1367 1488 1397 aut
1502 1363 1675 1398 violentos
1694 1362 1845 1404 mittere,
1864 1362 2053 1397 occasione
2069 1363 2207 1408 quidem
2224 1363 2326 1407 quasi
2342 1363 2499 1398 rationa-

1426 1407 1487 1442 bili
1510 1410 1668 1449 utentes,
1693 1407 1706 1441 i
1732 1417 1791 1442 sos
1814 1409 1934 1442 autem
1958 1408 2112 1442 omnium
2139 1407 2294 1453 pessima
2315 1408 2498 1443 facientes.

1426 1452 1514 1487 Cum
1538 1453 1630 1487 enim
1653 1453 1690 1487 iu
1716 1452 1786 1487 ices
1809 1452 2071 1497 provinciarum
2094 1453 2374 1498 uniuscuiusque
2389 1453 2499 1487 maxi-

1424 1508 1560 1532 morum
1584 1498 1741 1532 iudicum
1761 1497 1963 1542 compleant
1983 1497 2139 1532 officium
2162 1502 2198 1532 et
2220 1509 2286 1543 pro
2311 1498 2407 1533 omni
2429 1497 2500 1533 alio

278 1553 385 1594 ριστα
408 1553 645 1596 πραττοντας.
677 1555 755 1576 των
770 1542 1050 1598 γαρῖαρχρντων
1072 1543 1151 1596 τῶν
1171 1543 1356 1587 ἐπαρχιῶν
1370 1544 1412 1576 30
1426 1543 1566 1587 cingulo
1596 1542 1790 1587 provinciis
1819 1541 1999 1577 sufficiant
2020 1545 2058 1578 et
2084 1543 2130 1578 ad
2159 1553 2219 1586 ea,
2251 1553 2342 1588 quae
2369 1553 2414 1578 ex
2436 1553 2499 1578 no-

277 1600 345 1629 την
367 1587 517 1621 ε’καστου
539 1600 617 1621 των
639 1591 823 1634 μεγίστων
840 1601 963 1633 αρχων
980 1586 1219 1634 πληρουντων
1241 1585 1356 1630 τάξιν,

277 1634 336 1666 καὶ
365 1629 448 1666 ἀντὶ
478 1630 594 1675 πάσης
625 1633 746 1679 ἑτέρας
777 1630 818 1666 δὲ
845 1630 963 1678 ἀρχῆς.
980 1635 1057 1666 ταῖς
1090 1634 1273 1678 ἐπαρχίαις
1296 1630 1355 1677 άρ-

277 1673 450 1719 κούντων,
480 1680 540 1711 καὶ
563 1676 609 1711 τὰ
633 1679 671 1711 ἐκ
693 1679 773 1711 τῶν
802 1673 987 1723 ἡμετέρων
1010 1675 1135 1721 νόμων
1157 1677 1200 1711 τό
1228 1691 1268 1724 γε
1292 1674 1352 1712 ἐπ’

277 1719 396 1756 αὐτοῖς
411 1724 679 1768 ψηφιζομένων,
703 1726 757 1757 τίς
774 1719 819 1756 ἂν
836 1720 1056 1768 θαρρήσειεν
1079 1720 1101 1766 ἢ
1117 1721 1228 1768 φόρου
1245 1735 1359 1769 παρα-

275 1768 395 1816 γραφῇ
418 1764 440 1811 ἢ
464 1767 615 1811 τοιούτῳ
640 1770 713 1802 τινὶ
738 1766 826 1814 πρὸς
850 1765 977 1802 αὐτοὺς
999 1765 1222 1813 χρήσασθαις

1426 1588 1509 1623 stris
1534 1588 1670 1632 legibus
1695 1598 1801 1632 super
1824 1587 1875 1622 eis
1900 1587 2042 1623 decreta
2065 1590 2164 1630 sunt,
2195 1588 2275 1668 tquis
2297 1591 2502 1640 praesumat

1426 1637 1489 1668 aut
1521 1634 1592 1713 fproi
1624 1633 1905 1678 praescriptione
1938 1636 1999 1668 aut
2029 1633 2192 1669 huiusmo
2219 1633 2230 1667 i
2261 1633 2381 1678 aliquo
2405 1633 2501 1677 apud

1426 1688 1485 1714 eos
1511 1690 1534 1714 u
1553 1690 1581 1713 1.

1373 1771 1414 1804 35

1248 1882 1406 1918 CAPUT
1439 1882 1538 1917 XIII.

319 1940 397 1994 (ff)
439 1945 724 1994 Ἀπαγορεύομεν
754 1946 795 1982 δὲ
823 1950 882 1982 καὶ
912 1949 965 1992 τῷ
999 1946 1223 1992 ἐνδοξοτάτῳ
1248 1961 1355 1995 στρα-

276 1995 374 2041 τηγῷ
407 1994 469 2037 τῆς
492 1990 566 2027 “Em
590 1995 650 2027 καὶ
681 1994 770 2027 πᾶσι
801 1996 876 2027 τοῖς
904 1990 1083 2039 ἡμετέροις
1114 1993 1293 2039 ἄρχουσιν,
1333 1992 1356 2038 ἢ

276 2037 541 2086 λῃστοδιιόκτας
574 2035 596 2082 ἢ
631 2036 855 2083 βιοκωλύτας
890 2035 912 2082 ἢ
946 2036 1170 2084 ἆφοπλιστάς
1204 2038 1225 2082 ἥ
1257 2051 1358 2074 τινας

274 2084 454 2119 τοιούτους
477 2086 517 2118 ἐν
539 2086 617 2118 ταῖς
640 2085 826 2129 ἐπαρχίαις
850 2085 1056 2127 ἐκπέμπειν.
1089 2083 1266 2118 Ἶστωσαν
1288 2084 1357 2132 γὰρ

276 2188 320 2212 ne

273 2233 300 2268 P

1469 1949 1720 1985 Interdicimus
1744 1953 1862 1984 autem
1882 1951 1919 1985 et
1937 1949 2193 1993 gloriosissimo
2216 1951 2386 1994 magistro
2410 1951 2509 1986 mili-v

1422 1999 1499 2029 tum
1524 1994 1678 2029 Orientis
1703 1998 1739 2029 et
1762 1995 1925 2030 omnibus
1948 1994 2079 2030 nostris
2103 1995 2282 2031 iudicibus
2306 1999 2370 2031 aut
2392 1996 2501 2032 latro-

1426 2051 1511 2075 num
1546 2040 1779 2075 insectatores
1813 2045 1876 2074 aut
1910 2039 2156 2075 violentiarum
2190 2041 2398 2076 inhibitores
2440 2045 2503 2076 aut

1425 2088 1581 2120 armatos
1614 2088 1677 2119 aut
1709 2085 1845 2129 aliquos
1876 2085 1966 2119 tales
1997 2085 2034 2119 in
2063 2086 2279 2130 provinciam
2311 2086 2501 2122 destinare.

347 2187 390 2211 ue
413 2176 452 2210 in
470 2175 652 2211 violentiis
671 2185 694 2209 a
717 2173 932 2220 quibusdam
952 2174 1150 2209 commissis
1168 2186 1284 2220 neque
1306 2176 1345 2209 in
1363 2175 1571 2210 criminibus
1589 2179 1625 2210 et
1647 2175 1867 2210 laesionibus
1890 2175 1973 2210 binc
1998 2175 2174 2217 oriundis,
2197 2187 2312 2222 neque
2327 2177 2365 2211 in
2382 2179 2502 2212 causis

302 2187 430 2256 uilicis
444 2231 565 2272 ‘neque
587 2220 626 2254 in
642 2219 875 2266 publicorum
900 2218 1115 2254 tributorum
1139 2220 1409 2262 exactionibus,
1433 2220 1498 2255 sed
1519 2225 1561 2255 ut
1584 2231 1705 2255 omnes
1727 2220 1892 2255 similiter
1914 2219 2060 2255 illorum
2087 2220 2331 2256 iurisdictioni
2351 2221 2502 2258 subiecti

274 2267 365 2302 sint:
388 2277 522 2312 quippe
561 2264 665 2300 uibus
679 2275 794 2310 neque
808 2263 1074 2310 eaepectandum
1090 2264 1149 2307 sit,
1169 2269 1211 2299 ut
1225 2269 1424 2311 praecepta
1444 2264 1628 2311 accipiant
1642 2276 1665 2299 a
1680 2265 1952 2311 maqistratibus
1968 2264 2096 2311 quibus
2111 2265 2261 2301 subiecti
2274 2271 2370 2308 sunt,
2386 2278 2501 2313 neque

276 2311 326 2346 ad
348 2311 490 2362 eosdem
542 2309 817 2361 enuntiandum,
841 2308 907 2344 sed
929 2308 997 2360 hac
1019 2312 1147 2344 nostra
1166 2309 1244 2361 leqe
1268 2311 1517 2361 acquiescant,
1534 2320 1608 2362 per
1627 2321 1736 2361 quam
1761 2320 1899 2345 omnem
1923 2314 2138 2362 potestatem
2161 2310 2236 2362 illis
2252 2310 2501 2362 concedimus,-

276 2367 340 2392 nec
363 2367 530 2402 cuiquam
552 2355 697 2390 omnino
726 2365 830 2390 venia
853 2353 960 2389 detur
981 2364 1020 2388 in
1036 2353 1241 2400 praedictis
1265 2365 1384 2389 causes
1411 2354 1467 2390 vel
1486 2354 1621 2400 privile
1648 2365 1684 2389 zo
1708 2354 1783 2390 ullo
1808 2354 1930 2390 utendi
1951 2354 2008 2390 vel
2029 2354 2162 2390 exinde
2190 2366 2228 2390 in
2252 2366 2409 2391 animum
2430 2356 2499 2391 sibi

275 2400 467 2436 inducendi
493 2401 639 2447 impune
669 2399 887 2446 delinquere.
933 2398 1060 2445 Neque
1088 2400 1181 2434 enim
1211 2400 1465 2446 maqistratus,
1498 2399 1561 2446 qui
1591 2410 1614 2435 a

1667 2399 1765 2434 omni
1791 2399 1893 2435 lucro
1921 2398 2141 2442 abstineant,
2174 2399 2277 2435 aliud
2307 2401 2501 2447 quicquam

276 2446 343 2482 deo
367 2450 403 2482 et
426 2445 499 2492 leqi
525 2450 562 2481 et
583 2449 709 2480 nostro
733 2444 842 2480 metui
856 2448 1109 2496 praeponent,
1141 2455 1262 2480 verum
1290 2444 1341 2480 ad
1370 2455 1448 2480 eum
1479 2445 1712 2491 respicientes
1742 2443 1894 2480 subditis
1925 2444 2100 2480 iustitiam
2123 2444 2347 2488 custodient,
2379 2446 2501 2481 omnia

276 2494 297 2528 1
347 2490 540 2527 secundum
572 2490 669 2542 leqes
699 2495 847 2526 nostras
876 2493 913 2525 et
941 2488 1143 2525 iudicantes
1173 2493 1210 2526 et
1239 2493 1397 2536 aqentes.

1546 2489 1592 2525 In
1623 2489 1755 2525 talibus
1784 2490 1877 2525 enim
1908 2489 2015 2526 rebus
2046 2490 2153 2525 ctiam
2184 2489 2332 2533 milites,
2372 2491 2436 2537 qui
2462 2491 2502 2543 in

276 2536 474 2584 provinciis
495 2540 598 2578 sunt,
629 2535 722 2582 ipsis
743 2535 953 2577 subicimus,
983 2545 1053 2615 guli
1080 2545 1137 2615 nel
1155 2534 1204 2570 ad
1235 2534 1305 2570 hoc
1335 2534 1478 2581 quidem
1501 2535 1659 2586 proprio
1689 2534 1813 2580 aliquo
1836 2535 1937 2570 iussu
1959 2535 2034 2570 sive
2060 2546 2083 2569 a
2114 2534 2219 2570 nobis
2240 2535 2316 2571 sive
2338 2546 2362 2571 a
2388 2547 2501 2582 maqu-

943 2591 982 2615 se
1055 2590 1099 2615 ac
1135 2591 1154 2616 e

276 2581 452 2618 stratibus
466 2581 601 2617 nostris
624 2579 761 2616 edendo
781 2583 921 2626 eqeant,

278 2626 459 2663 utentibus
488 2626 632 2662 auxilio
661 2626 749 2668 sint,
779 2625 932 2661 scientes
953 2636 1013 2667 se,
1044 2625 1116 2660 nisi

278 2672 323 2708 de
346 2682 501 2719 corpore
524 2671 812 2718 periclitaturos.

1140 2591 1199 2660 ἧσε
1222 2584 1373 2632 utantur
1394 2591 1542 2626 eamque
1563 2579 1638 2614 illis
1658 2579 1869 2631 ostendant:
1892 2584 1935 2631 ut
1956 2579 2047 2631 ipsis
2065 2580 2306 2631 maqistratus
2323 2584 2502 2632 potestate

1167 2636 1210 2660 oc
1235 2626 1411 2671 fecerint,
1440 2631 1477 2661 et
1498 2635 1667 2660 annonae
1689 2628 1726 2659 et
1747 2635 1863 2671 ipsius
1885 2623 2036 2659 militiae
2058 2629 2237 2660 iacturam
2259 2624 2444 2661 subituros
2465 2630 2501 2662 et

858 2668 1093 2718 Quapropter
1115 2669 1215 2706 nullo
1239 2670 1356 2717 plane
1387 2670 1460 2705 alio
1492 2669 1709 2716 maqistratu
1740 2668 1845 2704 nobis
1875 2679 1968 2715 opus
1990 2672 2061 2711 est,
2093 2680 2159 2704 nec
2181 2673 2224 2704 ut
2248 2674 2500 2716 persecutores

279 2718 480 2759 latronum,
512 2720 578 2751 aut
605 2715 808 2762 biocolytas
831 2715 894 2762 qui
916 2719 1093 2751 vocantur
1115 2715 1172 2751 vel
1187 2716 1317 2763 potius
1339 2718 1586 2762 qrassatoreS,
1611 2718 1677 2750 aut
1698 2717 1952 2750 exarmatores
1975 2714 2193 2756 emittamus,
2218 2714 2281 2760 qui
2294 2716 2500 2767 praetexti-

279 2763 344 2798 bus
366 2760 509 2808 quidem
531 2762 648 2807 ferme
672 2761 830 2796 honestis
857 2764 1019 2803 utuntur,
1051 2760 1124 2807 ipsi
1151 2765 1271 2797 autem
1299 2761 1456 2796 omnium

279 2808 418 2842 ciarum
442 2807 559 2842 locum
579 2806 861 2852 uniuscuiusque
880 2805 1122 2841 maximorum
1145 2806 1423 2852 maqistratuum
1451 2816 1472 2841 ο

1475 2759 1639 2841 pessima
1660 2759 1817 2805 faciunt.
1867 2758 1952 2810 Cum
1976 2759 2068 2810 enim
2092 2759 2329 2810 maqistratus
2352 2771 2500 2807 provin-

1499 2805 1638 2840 tineant
1659 2808 1695 2840 et
1710 2814 1786 2851 pro
1812 2814 1938 2850 quovis
1961 2803 2036 2838 alio
2059 2808 2278 2855 maqtstratu
2298 2805 2502 2852 provinciis

278 2852 486 2904 sufficiant,
516 2855 553 2887 et
580 2862 672 2898 quae
701 2851 895 2887 secundum
919 2851 1015 2897 leqes
1045 2854 1191 2886 nostras
1213 2855 1300 2887 sunt
1321 2854 1496 2897 quantum
1517 2849 1556 2885 in
1578 2849 1670 2897 ipsis
1693 2852 1748 2885 est
1769 2848 1982 2891 decernant,
2011 2859 2094 2895 quis
2123 2853 2188 2884 aut
2207 2850 2500 2897 praescriptione

278 2899 359 2944 fori
384 2901 449 2933 aut
470 2896 644 2932 eiusmodi
665 2896 742 2932 ulla
764 2907 805 2932 re
825 2895 925 2944 apud
943 2906 1005 2931 eos
1027 2895 1081 2931 uti
1104 2895 1260 2932 audeat?

415 2941 515 2977 XIII.
562 2940 816 2977 Inter-dicimus
839 2944 959 2977 autem
982 2944 1018 2976 et
1039 2939 1301 2987 qloriosissimo
1324 2952 1392 2988 per
1417 2939 1596 2977 Orientem
1616 2940 1793 2986 maqistro
1813 2938 1965 2975 militum
1988 2943 2023 2974 et
2043 2939 2207 2975 omnibus
2230 2940 2501 2987 maqistratibus

279 2988 425 3031 nostris,
449 2998 494 3023 ne
520 2986 577 3022 vel
598 2986 780 3022 latronum
801 2990 1056 3033 persecutores
1082 2986 1138 3022 vel
1161 2986 1362 3033 biocolytas
1387 2985 1443 3022 vel
1467 2989 1719 3021 exarmatores
1758 2984 1814 3021 vel
1838 2984 1914 3020 eius
1937 2984 2082 3030 qeneris
2109 2984 2203 3020 alios
2226 2985 2265 3020 in
2288 2985 2501 3032 provincias

326 3082 346 3114 3
370 3074 514 3113 στάσεσι
531 3077 602 3118 Mc]
628 3073 838 3110 ἐνστάσεσιν
854 3077 924 3111 LB
943 3076 955 3121 ΙΙ
971 3079 992 3111 6
1015 3089 1062 3120 sq.
1087 3073 1199 3109 *οὐδὲ
1213 3096 1255 3101 -
1273 3073 1357 3109 οὐδὲ

282 3126 359 3159 libri
374 3124 387 3168 ΙΙ
406 3126 445 3158 10
470 3119 580 3156 *οὐδὲ
593 3142 635 3147 -
648 3118 731 3155 οὐδὲ
745 3123 822 3155 libri
837 3121 850 3167 ΙΙ
868 3124 908 3156 16
934 3123 1012 3156 ἐπεὶ
1024 3122 1093 3168 γὰρ
1106 3122 1152 3155 L¹
1175 3122 1255 3164 quia
1268 3122 1356 3155 enim

282 3183 301 3206 ς
330 3169 343 3213 ΙΙ
370 3172 407 3203 17
441 3171 514 3202 τοῖς
536 3165 708 3201 τοιούτοις
731 3169 790 3200 καὶ
813 3167 895 3200 τοὺς
918 3163 1155 3210 στρατιώτας]
1178 3166 1301 3199 milites
1324 3169 1357 3199 et

280 3214 470 3247 huiusmodi
484 3225 503 3250 ς
518 3212 530 3258 ΙΙ
551 3214 591 3247 18
616 3213 738 3254 ἐκεῖσε]
757 3212 946 3245 ἐκείνοιςΒ
965 3212 977 3256 ΙΙ
999 3213 1035 3246 19
1060 3210 1159 3256 παρὰ
1169 3211 1260 3253 τῶν]
1273 3213 1356 3257 περὶ

282 3260 359 3292 τῶν
379 3260 427 3293 L¹
442 3259 455 3302 ΙΙ
474 3261 516 3293 20
539 3258 607 3300 τῷ]
630 3257 707 3290 τῶν
728 3258 758 3290 L
777 3259 788 3299 ΙΙ
805 3258 846 3291 22
870 3256 1114 3303 γινώσκοντας
1128 3258 1200 3298 Mc]
1225 3258 1284 3289 καὶ
1303 3269 1354 3302 γι-

282 3301 488 3337 νώσκοντας
510 3304 579 3337 LB
598 3302 610 3348 ΙΙ
626 3304 669 3336 24
692 3300 797 3344 αὐτῆς
820 3315 877 3336 om.
903 3314 922 3338 ς
940 3301 952 3346 [1
967 3304 1027 3334 καὶ
1050 3301 1099 3335 εἰς
1121 3299 1186 3335 τὸν
1209 3301 1258 3335 εἰς
1281 3302 1325 3335 M
1344 3301 1356 3345 Η

285 3352 326 3382 26
351 3351 422 3390 καὶ]
448 3351 481 3382 et
499 3351 559 3381 aut
583 3360 612 3384 ς.
647 3348 714 3381 Aut
736 3355 809 3380 ante
833 3355 889 3380 aut
908 3354 985 3390 post
1006 3348 1066 3380 καὶ
1091 3348 1249 3390 quaedam
1274 3348 1357 3380 erci-

286 3394 370 3426 ‹lisse
385 3395 543 3436 videntur,
558 3395 643 3437 sort.
661 3394 720 3437 leq.
737 3394 796 3425 καὶ
815 3389 1009 3436 (μηδεμίαν
1023 3388 1181 3438 ἀνάγκην
1203 3390 1296 3424 εἶναι
1319 3387 1340 3433 ἢ

286 3434 549 3479 ληστοδιώκτας
571 3435 646 3471 κτλ.
671 3439 727 3482 (of
751 3437 874 3471 Iulian.
903 3439 952 3476 15,
977 3444 1014 3471 60
1038 3439 1098 3478 in.)
1128 3437 1140 3477 ΙΙ
1167 3437 1210 3470 29
1233 3435 1356 3470 πάντα

285 3472 321 3515 Β
346 3481 359 3524 fl
380 3484 419 3515 31
445 3480 632 3527 ἀρχόντων
651 3483 686 3516 Β
715 3482 727 3526 ΙΙ
755 3483 797 3516 32
820 3480 881 3515 ἑτέ
902 3491 940 3515 ας
961 3478 1001 3514 δὲ
1022 3482 1082 3524 Μ]
1106 3478 1147 3514 δὲ
1170 3494 1228 3515 om.
1254 3482 1323 3515 LB
1345 3480 1357 3526 ΙΙ

286 3528 328 3559 35
351 3522 374 3567 ἢ
393 3534 464 3559 ante
483 3524 635 3569 τοιούτῳ
656 3540 715 3560 om.
732 3528 764 3561 L
781 3526 794 3570 Ι
809 3528 883 3560 τινὶ
919 3538 956 3560 τι
975 3528 1048 3560 τινὶ
1071 3527 1118 3559 L¹
1135 3525 1148 3570 ΙΙ
1167 3528 1207 3560 37
1233 3528 1282 3559 ἕω
1297 3527 1356 3568 Μ]

286 3566 376 3603 §abac
399 3570 467 3603 LB
485 3570 498 3614 ΙΙ
513 3574 572 3604 καὶ
599 3572 689 3606 πᾶσι
710 3574 759 3605 bie
780 3585 842 3605 scr.
866 3571 911 3605 M
924 3570 937 3616 ΙΙ
953 3573 994 3606 38
1018 3567 1267 3616 ἄμφοπλιστὰς
1288 3572 1321 3605 L
1343 3571 1356 3614 fl

287 3616 329 3649 39
347 3611 521 3648 Ἰστωσαν
543 3635 587 3640 -
610 3613 902 3662 πειραθήσονται
921 3618 990 3659 (77,
1014 3618 1047 3658 7)
1078 3629 1136 3650 om.
1161 3617 1231 3650 LB

332 3705 352 3736 4
375 3703 482 3736 omnis
507 3703 553 3735 R¹
578 3702 592 3747 fl
620 3707 639 3737 5
660 3705 896 3747 expectandum
919 3705 972 3739 R⁶
1018 3707 1036 3737 7
1062 3706 1267 3746 contemptos
1291 3704 1360 3738 VT

1425 3079 1599 3110 contentus
1622 3076 1672 3110 R·
1693 3075 1706 3120 11
1732 3077 1752 3110 8
1775 3077 1936 3118 potestate
1960 3075 1997 3108 V
2016 3074 2029 3118 ΙΙ
2051 3077 2070 3108 9
2095 3075 2226 3108 nemine
2248 3075 2418 3108 licentiam
2442 3077 2499 3109 ha-

1424 3122 1522 3155 bente
1549 3122 1691 3163 Contine]
1724 3130 1853 3154 omnem
1877 3120 2047 3153 licentiam
2071 3120 2228 3154 habentes
2253 3121 2345 3162 libri,
2376 3123 2410 3154 et
2435 3121 2499 3164 ipsi

1426 3174 1499 3200 ante
1522 3177 1652 3199 omnem
1676 3167 1753 3199 add.
1777 3165 1855 3209 13²1!
1874 3166 1915 3199 10
1939 3175 1978 3198 ex
2003 3178 2060 3198 om.
2085 3164 2163 3244 Rl¹lfl
2186 3167 2221 3199 11
2246 3165 2401 3199 sibiment
2422 3166 2492 3209 12¹1

1424 3212 1621 3254 delinquant
1642 3211 1713 3244 ΒΤ
1734 3209 1746 3254 ΙΙ
1771 3212 1810 3245 12
1832 3211 1934 3251 omni]
1960 3210 2096 3243 omnino
2175 3210 2188 3253 ΙΙ
2216 3209 2405 3243 abstineant
2425 3210 2460 3244 R
2485 3213 2492 3255 Ι

1424 3257 1625 3300 acceptione]
1650 3255 1780 3288 actione
1803 3255 1841 3289 V
1847 3255 1858 3276 ¹
1880 3254 1894 3300 ΙΙ
1923 3257 1962 3289 13
1987 3255 2155 3296 quiddam]
2180 3255 2259 3297 qui·
2283 3255 2333 3288 Β)
2351 3254 2496 3298 flpropo-

1424 3304 1507 3334 naut
1525 3302 1558 3335 R
1580 3302 1785 3343 praeponent
1806 3300 1891 3344 vulq.
1910 3298 1923 3344 ΙΙ
1942 3302 1981 3333 15
2006 3302 2150 3332 nostram
2175 3300 2212 3333 V
2216 3300 2228 3320 ¹
2251 3299 2264 3343 ΙΙ
2290 3302 2327 3333 17
2352 3299 2497 3341 agebunt

1423 3347 1472 3380 R¹
1489 3346 1501 3390 ΙΙ
1519 3348 1561 3381 20
1585 3345 1759 3378 ostendent
1773 3345 1929 3389 [Λυκίᾳ]
1954 3345 2132 3378 ostendunt
2143 3344 2212 3378 RV
2216 3344 2263 3377 ιΤ
2273 3343 2286 3387 ΙΙ
2303 3345 2353 3384 ut]
2371 3346 2429 3376 aut
2440 3343 2496 3387 Ru

1423 3393 1553 3425 utentes
1577 3390 1629 3424 Ra
1652 3389 1665 3434 ΙΙ
1688 3390 1795 3423 fiditia
1818 3391 1852 3425 R.
1875 3389 1889 3433 11
1912 3392 1951 3424 21
1978 3390 2116 3423 scientes
2139 3388 2218 3431 quia
2241 3388 2318 3429 nisi]
2340 3388 2494 3421 scientes-

1424 3446 1488 3479 que
1509 3435 1544 3468 in
1569 3435 1648 3476 (nisi
1663 3447 1744 3469 corr.
1759 3437 1793 3478 2)
1809 3435 1847 3469 V
1863 3434 2002 3468 scientes
2022 3433 2111 3476 quod
2133 3432 2197 3466 nisi
2209 3432 2259 3465 Β*
2278 3432 2399 3474 quuufi
2421 3435 2493 3473 (om.

1423 3480 1574 3521 scientes)
1597 3480 1647 3513 R¹
1665 3480 1678 3523 ΙΙ
1694 3481 1736 3514 23
1759 3480 1934 3523 potientur
1949 3480 1998 3513 R²
2014 3479 2026 3522 ΙΙ
2044 3478 2114 3511 ullo
2135 3475 2212 3520 13¹2
2230 3486 2312 3519 opus
2333 3477 2389 3519 sit]
2409 3478 2494 3520 posit

1422 3525 1470 3559 12¹
1489 3523 1502 3569 ΙΙ
1518 3526 1562 3559 24
1582 3527 1614 3558 et
1637 3526 1707 3567 aut]
1727 3527 1761 3558 et
1784 3538 1841 3559 om.
1867 3524 1916 3559 Β*
1938 3523 1951 3568 ΙΙ
1977 3526 2020 3558 29
2042 3522 2189 3556 officium
2211 3534 2270 3554 om.
2294 3521 2375 3564 R¹n
2396 3523 2437 3556 30
2462 3526 2494 3555 et

1423 3582 1481 3604 om.
1503 3569 1551 3603 R'
1567 3569 1580 3613 11
1599 3571 1639 3603 31
1664 3570 1734 3602 eius
1757 3570 1807 3603 R*
1832 3569 1845 3613 11
1866 3571 1908 3604 32
1932 3567 2061 3611 aliquid
2082 3564 2198 3610 RV¹H
2216 3567 2258 3601 36
2289 3566 2395 3600 Verba
2419 3568 2493 3600 inde

1422 3627 1445 3648 α
1466 3613 1607 3647 dicimus
1635 3616 1721 3648 vocis
1741 3614 1976 3648 Interdioimun
2006 3624 2104 3656 usque
2135 3612 2182 3644 ad
2210 3620 2253 3644 no
2282 3612 2368 3645 vocis
2398 3611 2493 3644 nobis

1421 3660 1490 3702 (77,
1512 3660 1547 3701 9)
1570 3672 1631 3693 scr.
1653 3659 1705 3693 Β*
1726 3660 1760 3693 in
1782 3671 1848 3693 ras.
1873 3661 1894 3694 8
1917 3654 2091 3700 υενειιυηιΙ
2113 3656 2154 3690 39
2174 3655 2377 3698 prouintiam
2399 3657 2491 3699 RVe]

1420 3703 1610 3747 prouincias
1632 3704 1718 3748 vulp.
