2580 4022
1250 133 1335 182 749

168 248 393 290 θεσπίζομεν
416 251 550 289 τοίνυν,
583 248 619 282 εἴ
645 261 682 283 τι
712 249 855 283 τοιοῦτο
881 250 1023 295 γένοιτο
1054 251 1114 282 καὶ
1145 247 1361 284 συνέλθοιεν
1391 247 1480 296 πρὸς
1509 246 1682 293 ἀλλήλους
1712 246 1900 294 διαφόρων
1924 246 2116 283 δεσποτῶν
2148 246 2410 293 ἐναπόγραφοι,

169 292 363 339 ἐπειδήπερ
392 291 439 328 τὰ
469 293 531 336 τῆς
561 291 665 336 τύχης
695 291 759 327 οὐκ
789 297 891 328 ἔστιν
915 288 1208 337 ἀμφιςβητὴσιμα
1233 295 1296 339 τῆς
1324 293 1478 341 γαστρὸς
1509 293 1572 328 οῦκ
1598 293 1730 329 ελευθέ
1753 305 1791 328 ας
1815 292 2066 336 καθεστώσης,
2090 296 2261 327 ἔστωσαν
2283 294 2352 336 μὲν
2374 292 2411 326 οἱ

168 338 359 380 τεχθέντος
390 337 653 390 έναπόγραφοι,
685 335 725 373 οὗ
758 338 830 382 μῆν
861 337 904 372 τὸ
927 340 1002 372 πᾶν
1026 336 1192 382 δώσομεν
1215 341 1261 385 τῇ
1283 342 1392 383 μητρὶ
1416 337 1499 373 οὐδὲ
1521 341 1576 383 τῷ
1601 337 1710 383 αὐτῆς
1746 335 1911 385 ἐσπότη
1945 334 2019 372 ἀλλ’
2047 339 2078 372 εἰ
2106 340 2173 382 μὲν
2197 336 2245 372 εἷς
2266 340 2408 384 γένοιτο

169 385 263 422 παῖς,
294 380 316 427 ἡ
339 381 480 430 γαστὴρ
509 394 570 425 της
599 385 736 429 σπορᾶς
759 383 1016 430 προκρινέσθω
1040 387 1099 417 καί
1125 385 1220 418 ἔστω
1244 385 1309 418 τοῦ
1333 383 1514 418 δεσπότου
1536 386 1597 428 τῆς
1620 381 1753 429 μητρὸς
1771 381 1814 417 τὸ
1839 383 1983 426 τεχθέν,
2014 383 2045 417 εἰ
2077 381 2118 417 δὲ
2148 381 2212 417 δύο
2241 381 2350 425 τυχὸν
2373 382 2407 416 οἱ

168 425 304 470 παῖδες,
326 428 614 482 μεριζέσθωσαν
637 428 750 474 ἄμφω
775 427 894 475 κλήρῳ
918 429 981 472 τῆς
1012 427 1176 475 έπιλογῆς
1204 432 1406 476 γινομένης,
1437 431 1467 463 εἰ
1497 428 1536 463 δὲ
1568 428 1693 463 ἄνισός
1724 431 1801 463 ἐστι
1831 429 1909 463 τῶν
1934 426 2080 463 παίδων
2112 425 2132 462 ὁ
2164 424 2332 472 ἀριθμός,
2363 425 2405 462 τὸ
2431 432 2451 464 5

169 471 293 507 πλεῖον
316 485 336 506 ο
362 474 426 515 τῆς
448 471 580 518 μητρὸς
603 477 783 516 κατεχέτω
807 472 946 516 κόλπος,
972 470 1060 508 ὤςτε
1083 475 1197 518 τριῶν
1213 472 1334 508 ὄντων
1351 472 1432 509 τοὺς
1455 474 1518 508 δύο
1542 476 1609 518 μὲν
1625 474 1717 508 εἶναι
1733 475 1796 518 τῆς
1811 472 1946 519 μητρὸς
1962 472 2027 508 τὸν
2044 475 2108 507 ἕνα
2125 471 2165 507 δὲ
2180 474 2245 507 τοῦ
2261 469 2407 516 πατρός,

168 520 228 551 καὶ
253 509 360 551 αὖθις
384 516 449 551 ἐὰν
473 520 593 562 πέντε,
618 517 700 553 τοὺς
720 521 787 563 μὲν
811 521 904 559 τρεῖς
928 519 1006 552 τῶν
1027 519 1240 561 τεχθέντων
1262 519 1326 553 τοῦ
1350 517 1528 554 δεσπότου
1553 520 1615 561 τῆς
1636 518 1768 565 μητρὸς
1791 522 1850 553 καὶ
1874 517 1955 552 τοὺς
1979 516 2045 552 δύο
2068 519 2134 552 τοῦ
2159 518 2303 563 πατρός.
2347 521 2407 552 καὶ

168 560 261 597 κατὰ
283 561 421 606 ταύτην
445 561 511 606 τὴν
535 562 762 609 παραύξησιν
785 561 805 598 ὁ
830 562 990 609 ἀριθμὸς
1011 566 1188 609 χωρείτω,
1212 562 1256 598 τὸ
1272 565 1340 608 μὲν
1357 565 1404 599 εἰς
1420 563 1571 606 ἰσότητα
1586 562 1813 609 διαιρεῖσθαι
1833 562 2035 603 δυνάμενον
2052 566 2263 609 προς-νέμων
2279 563 2406 605 ἑξίσης,

168 605 210 641 τό
236 604 277 641 δὲ
299 608 481 653 περιττόν,
507 604 597 654 ὅπερ
622 612 681 643 καὶ
704 611 943 655 χαριέστερον,
968 609 1076 642 τοῦτο
1100 611 1311 654 προςνέμων
1334 610 1379 656 τῇ
1401 613 1518 654 μητρί.
1553 607 1608 643 δεῖ
1629 607 1696 655 γὰρ
1720 606 1858 650 ταύτην
1882 606 2039 649 ἀξιῶσαι
2063 607 2227 642 πλείονος
2250 605 2407 651 σπουδῆς

167 648 237 708 τήν
269 665 309 686 τε
341 651 529 688 ώδίνασαν
552 658 612 688 καὶ
636 656 811 689 τεκοῦσαν
834 657 894 687 καὶ
919 653 1117 699 θρέψασαν
1147 652 1249 701 παρὰ
1279 652 1345 688 τὸν
1367 656 1428 698 τῆς
1459 652 1588 698 ἡδονῆς
1617 653 1796 700 πάρεργον
1819 651 1889 696 τὴν
1912 654 1976 688 τοῦ
2008 651 2138 688 παιδὸς
2161 650 2407 697 ποιησάμενον
2434 657 2473 688 10

190 708 318 732 ενεσιν.

166 708 189 742 y
301 740 592 791 <Ἐπίλογος>
644 745 692 778 Τὰ
723 747 849 779 τοίνυν
875 741 973 787 τῷδε
1001 743 1055 787 τῷ
1089 743 1183 787 θείῳ
1216 755 1315 790 πραγ
1345 744 1458 786 ατικῷ
1488 741 1594 787 τύπῳ
1626 740 1862 789 περιεχόμενα
1890 739 1913 786 ἡ
1946 740 1991 786 σὴ
2025 740 2217 785 ἐνδοξότης
2247 743 2307 778 ἐπὶ
2329 742 2408 776 τῶν

168 784 308 830 ὁμοίων
331 786 508 833 θεμάτων
533 788 829 835 παραφυλάττειν
853 787 1056 824 σπευσάτω.
1104 792 1178 822 Καὶ
1205 787 1276 835 γὰρ
1307 758 1351 832 διὴ
1382 791 1442 822 καὶ
1471 787 1596 823 κοινὸν
1620 791 1702 832 περὶ
1726 786 1856 822 τούτου
1878 801 1901 834 γ
1927 788 2066 832 ἀψομεν
2089 787 2205 830 νόμον
2228 785 2346 821 ταῦτά
2369 799 2408 820 τε

167 835 227 866 καὶ
251 830 356 878 ἕτερά
381 847 465 868 τινα
489 832 846 879 προςδιατυποῦντες,
871 830 964 879 ἅπερ
989 830 1188 880 ἀναγκαίας
1211 834 1432 878 νομοθεσίας
1455 834 1550 868 εἶναι
1573 832 1800 877 πιστεύομεν.
1835 832 1882 869 D.
1931 860 1939 869 .
1956 832 2004 868 id.
2021 832 2100 868 Iun.
2117 833 2181 878 Cp.
2199 831 2332 877 (imp.)
2347 831 2407 866 dn.

167 877 355 914 Iustiniani
379 890 439 925 pp.
464 880 556 924 Aug.
582 890 675 916 anno
699 879 798 917 XIII.
822 879 964 925 Apione
987 889 1041 915 vc.
1068 889 1165 915 cons.
2243 880 2290 920 [α.
2316 878 2407 918 539.]
2435 883 2475 915 15

169 149 228 179 ms
258 147 570 182 RELEvAnoNE
2008 137 2116 179 Nov.
2148 135 2324 178 CLXIII
2345 149 2407 190 pr.

738 1116 917 1170 ΠΕΡΙ
962 1049 1397 1170 ΚΟῨΦΙΣζῑόΥ
1441 1114 1839 1168 ΔΗΜΟΣΙῼΝ.

302 1206 618 1253 (Προοίμιον.)
666 1211 829 1254 Μέγισται
859 1208 935 1242 τῶν
959 1208 999 1241 ἐν
1024 1205 1238 1254 ἀνθρώποις
1261 1208 1361 1242 ἐστὶν
1383 1204 1510 1253 ἀγαθοὶ
1543 1204 1751 1250 δικαιοσύνη
1776 1220 1816 1241 τε
1839 1209 1899 1240 καὶ
1929 1204 2207 1252 φιλανθρωπία,
2231 1203 2252 1249 ἡ
2275 1207 2342 1250 μὲν
2366 1205 2408 1240 τὸ

168 1252 248 1286 ἴσον
272 1251 412 1296 ἑκάστῳ
437 1255 594 1296 νέμουσα
617 1256 677 1286 καὶ
700 1254 778 1287 τῶν
803 1251 1006 1297 ἀλλοτρίων
1030 1250 1094 1287 ούκ
1118 1254 1195 1298 ἐφιε
1223 1255 1295 1295 ἐνη,
1329 1248 1350 1295 ἦ
1376 1250 1416 1286 δὲ
1447 1251 1537 1296 πρὸς
1566 1251 1666 1285 ἔλεον
1688 1255 1861 1296 τρέχουσα
1895 1255 1954 1285 καὶ
1978 1253 2094 1296 χρεῶν
2117 1250 2200 1286 τοὺς
2224 1250 2411 1295 δεομένους

170 1295 410 1343 ἐλευθεροῦσα
443 1296 632 1333 δυςκόλων.
680 1299 798 1333 ταῦτα
829 1298 899 1341 τὴν
929 1297 1119 1342 βασιλείαν
1149 1298 1186 1332 οἶ
1207 1312 1223 1331 ε
1253 1301 1401 1340 κοσμεῖν
1432 1301 1492 1331 καὶ
1522 1294 1693 1342 ἀσφαλῶς
1726 1300 1809 1339 [καὶ]
1835 1295 1878 1331 τὸ
1908 1296 2106 1341 πολίτευμα
2131 1295 2326 1339 διασώζειν
2349 1300 2409 1331 καὶ
2434 1301 2475 1334 20

168 1342 237 1375 τὸν
266 1339 509 1388 ἀνθρώπινον
540 1342 657 1378 καλῶς
688 1341 929 1388 διακυβερνᾶν
959 1347 1053 1388 βίον.
1101 1339 1196 1378 ὅθεν
1227 1346 1287 1376 καὶ
1318 1342 1405 1387 ἡμῖν
1431 1344 1469 1375 ἐκ
1500 1342 1590 1376 θεοῦ
1616 1342 1660 1376 τὰ
1683 1344 1850 1387 σκῆπτρα
1875 1341 2026 1386 λαβοῦσι
2048 1345 2188 1388 γίνεται
2212 1339 2408 1388 περισπού-

170 1386 304 1422 δαστον
328 1390 365 1422 ἐκ
389 1389 532 1423 τούτων
556 1386 600 1432 δὴ
623 1390 700 1422 τῶν
724 1385 883 1434 ἀγαθῶν
904 1386 1166 1434 διαφαίνεσθαι
1189 1387 1371 1434 πράξεων,
1404 1389 1466 1422 ἵνα
1484 1386 1527 1422 τὸ
1553 1387 1727 1432 χρήσιμον
1751 1391 1824 1422 τοῖς
1848 1385 2019 1430 ὑπηκόοις
2042 1390 2256 1432 παρέχοντες
2279 1387 2348 1430 τὴν
2372 1387 2411 1427 ἐξ

168 1428 295 1476 ἀρετῆς
317 1446 357 1467 τε
382 1437 441 1467 καὶ
466 1432 570 1476 δόξης
595 1432 748 1468 ἄνωθεν
772 1436 915 1478 ἔχοιμεν
939 1431 1108 1478 ἀμοιβήν.
1155 1433 1259 1478 ἴσμεν
1283 1437 1407 1468 τοίνυν
1431 1432 1495 1467 τάς
1516 1431 1735 1474 ἐπαλλήλους
1760 1446 1798 1467 τε
1820 1436 1882 1466 καὶ
1899 1431 2146 1475 πολυτρόπους
2166 1434 2243 1467 τῶν
2260 1429 2409 1478 ἀνθρώ-

168 1490 252 1511 πων
276 1478 418 1523 φθοράς
442 1479 489 1513 εἰς
513 1480 689 1514 τοσοῦτον
712 1477 777 1514 τοὶς
800 1478 940 1522 κτήσεις
964 1482 1181 1533 καταγαγεῖν
1206 1477 1370 1525 ἀπορίας,
1402 1475 1450 1512 αἱς
1477 1478 1567 1522 μήτε
1591 1476 1783 1523 προςόδους
1806 1477 1957 1523 εἰςάγειν
1981 1475 2169 1511 δύνασθαι
2192 1481 2266 1512 τοῖς
2289 1490 2406 1520 κεκτη-

167 1525 288 1566 μένοις
316 1524 407 1568 μήτε
438 1524 513 1568 μὴν
545 1524 609 1559 τὰς
640 1525 718 1559 τῶν
750 1522 935 1568 δημοσίων
967 1521 1154 1570 αύταρκως
1186 1525 1393 1569 εἰςκομίζειν
1418 1522 1539 1569 φοράς,
1565 1526 1624 1557 καὶ
1645 1525 1762 1558 ταῦτα
1786 1524 2047 1567 στρατιωτικῆς
2070 1536 2110 1557 τε
2133 1526 2194 1557 καὶ
2217 1524 2280 1567 τῆς
2304 1522 2411 1566 ἄλλης
2435 1527 2476 1559 25

303 1615 390 1649 Νου.
412 1616 575 1650 CLXIII
597 1617 720 1650 Tiberii
741 1618 856 1659 quinta
878 1617 1050 1649 secundum
1074 1617 1209 1650 indicem
1226 1616 1435 1649 Marcianum
1464 1615 1589 1649 Graece
1611 1622 1731 1648 tantum
1756 1622 1843 1649 extat
1861 1615 1897 1648 in
1913 1615 1944 1647 L
1970 1622 2000 1648 et
2012 1615 2087 1648 inde
2103 1626 2124 1647 a
2140 1616 2217 1656 750,
2231 1621 2263 1648 17
2280 1612 2410 1656 ἐκλήπ-

167 1670 271 1704 τορσι
295 1664 527 1706 σκρινιαριόις
548 1673 588 1694 τε
611 1659 684 1695 κτλ.
707 1663 740 1695 in
765 1662 778 1694 l
799 1662 835 1701 (i.
854 1674 879 1695 e.
906 1662 1096 1705 apoqraplzo
1122 1662 1191 1695 cod.
1211 1661 1241 1693 L
1259 1661 1484 1701 Bononiensi).
1524 1661 1565 1693 In
1584 1661 1631 1693 M
1649 1668 1677 1694 et
1701 1662 1781 1693 haec
1805 1660 1932 1693 novella
1951 1667 1981 1693 et
2001 1660 2121 1693 CLXI
2129 1660 2201 1693 V—
2219 1660 2418 1693 CLXVIII

169 1708 306 1739 omissae
330 1714 422 1744 sunt;
446 1707 589 1739 scholion
615 1708 812 1740 adscribitur
836 1708 911 1739 hoc:
936 1703 958 1747 ἦ
984 1704 1059 1751 ρξγ’
1085 1702 1150 1738 οὐκ
1174 1702 1312 1750 ἐγράφη
1338 1696 1409 1738 ῶδε
1434 1702 1482 1738 ῶς
1505 1698 1596 1738 οὖσα
1619 1704 1645 1737 ε’
1671 1708 1842 1748 τιβερίου,
1866 1700 1913 1746 ἣν
1936 1706 1996 1736 καὶ
2019 1700 2168 1748 εύρήσης
2190 1705 2286 1742 (corr.
2311 1701 2412 1748 εὑρή-

168 1753 253 1787 σεις)
277 1752 536 1796 γεγραμμένην.
584 1747 759 1784 ῶσαύτως
789 1753 849 1784 καὶ
878 1749 900 1793 ἡ
931 1748 1007 1793 ρξδ’
1035 1747 1082 1784 ῶς
1113 1743 1204 1783 olea
1227 1751 1259 1792 β’
1289 1763 1325 1783 τι
1354 1753 1456 1795 ερίυυ,
1490 1746 1537 1790 ἢν
1568 1752 1629 1782 καὶ
1653 1746 1811 1794 εὑρήσεις
1834 1750 2094 1795 γεγραμμένην.
2143 1746 2164 1791 ἦ
2190 1746 2230 1782 δὲ
2253 1747 2323 1790 ρξε’
2349 1746 2414 1790 ούχ

167 1790 312 1840 εὑρέθη.
360 1791 382 1837 ἡ
413 1793 454 1829 δὲ
483 1793 552 1840 ρξς’
580 1797 659 1829 ἔστι
690 1794 802 1829 τύπος
834 1793 866 1827 α’
895 1796 974 1828 τῶν
1003 1795 1220 1840 ἐπαρχικῶν.
1269 1790 1290 1837 ἣ
1344 1795 1361 1827 ὲ
1393 1793 1466 1839 ρξζ
1490 1797 1570 1827 ἔστι
1601 1794 1714 1828 τύπος
1742 1791 1796 1828 κδ’
1821 1794 1900 1827 τῶν
1924 1793 2141 1840 ἐπαρχικῶν.
2189 1790 2212 1836 ἦ
2238 1791 2312 1839 ρξη’
2334 1794 2413 1828 ἔστι

166 1839 277 1874 τύπος
299 1838 334 1883 β’
359 1840 437 1874 τῶν
459 1838 636 1886 ἐπάρχων.
662 1859 704 1864 -·
728 1841 820 1884 Epz't.
839 1841 960 1874 Theod.
981 1842 1055 1875 163.

166 1964 349 2011 pertinere
366 1963 579 1999 conveniat?
627 1963 819 1999 Sancimus
841 1963 967 2008 iqitur,
992 1966 1034 1998 ut
1052 1963 1087 1999 si
1108 1962 1199 2009 quid
1220 1962 1398 1998 eiusmodi
1416 1963 1487 2007 siat
1508 1966 1544 1998 et
1566 1962 1791 1998 diversorum
1815 1961 2043 1997 dominorum
2067 1961 2295 2008 adscripticii
2318 1962 2414 1998 inter

167 2020 206 2045 se
239 2011 377 2050 coeant,
408 2008 700 2054 quandoquidem
733 2007 897 2043 condicio
931 2018 1054 2043 eorum
1083 2008 1122 2042 in
1150 2008 1397 2043 controversia
1422 2007 1551 2053 posita
1582 2017 1656 2042 non
1688 2011 1754 2048 est,
1787 2017 1867 2041 cum
1891 2010 2014 2043 venter
2036 2017 2112 2041 non
2139 2007 2188 2042 sit
2211 2007 2312 2051 liber,
2336 2007 2416 2042 nati

168 2053 312 2099 quidem
343 2053 571 2098 adscripticii
599 2054 683 2095 sint,
714 2063 780 2088 nec
813 2056 929 2087 tamen
961 2063 1037 2087 rem
1069 2063 1208 2087 omnem
1238 2051 1402 2087 dabimus
1433 2052 1543 2087 matri
1573 2062 1690 2097 neque
1713 2050 1860 2086 domino
1884 2053 1976 2092 eius3
2007 2051 2073 2087 sed
2093 2051 2127 2086 si
2150 2051 2294 2097 quidem
2318 2063 2414 2087 unus

169 2103 278 2134 natus
306 2099 356 2133 sit
376 2098 495 2178 hfilius,
527 2101 650 2133 venter
680 2096 807 2132 semini
826 2097 1067 2142 praeferatur
1089 2097 1207 2142 sitque
1230 2096 1330 2142 quod
1352 2099 1477 2131 natum
1500 2099 1553 2131 est
1576 2095 1713 2130 domini
1735 2095 1874 2138 matris,
1896 2097 1954 2131 sin
1978 2100 2097 2131 autem
2121 2095 2194 2131 duo
2216 2097 2319 2142 forte
2340 2097 2415 2131 sint

170 2143 285 2186 liberi,
315 2154 373 2178 am
397 2153 418 2178 ο
447 2142 658 2178 dividantur
686 2142 860 2178 electione
884 2152 958 2187 per
986 2144 1118 2177 sortem
1142 2141 1261 2186 facta,
1290 2142 1325 2176 si
1347 2151 1431 2176 vero
1455 2141 1575 2186 impar
1597 2141 1644 2176 sit
1667 2151 1837 2176 numerus
1861 2140 2066 2185 liberorum,
2097 2140 2136 2176 id
2159 2141 2260 2187 quod
2281 2141 2413 2177 redun-

169 2188 234 2223 dat
264 2189 366 2223 sinus
396 2187 524 2223 matris
555 2187 720 2228 retineat,
753 2190 794 2222 ut
822 2187 858 2221 si
889 2190 961 2221 tres
984 2186 1067 2229 sint,
1091 2185 1164 2221 duo
1190 2185 1332 2232 quidem
1355 2185 1428 2220 sint
1450 2186 1579 2221 matris
1602 2196 1695 2220 tinus
1719 2195 1803 2221 vero
1825 2186 1958 2231 patris,
1978 2189 2014 2221 et
2035 2196 2165 2221 rursus
2188 2186 2221 2221 si
2241 2187 2412 2232 quinque,

171 2238 243 2269 tres
273 2244 322 2269 esc
350 2233 445 2268 natis
476 2231 612 2267 domini
634 2231 761 2267 matris
790 2234 825 2267 et
847 2230 920 2267 duo
937 2231 1072 2277 patris.
1120 2232 1174 2266 Ac
1196 2230 1390 2266 secundum
1415 2230 1510 2266 lianc
1532 2230 1746 2266 incrementi
1766 2231 1946 2266 rationem
1969 2241 2139 2266 numerus
2155 2231 2347 2277 procedat,
2372 2235 2414 2266 ut

170 2279 268 2324 quod
299 2277 500 2329 aequaliter
531 2276 642 2312 dividi
670 2280 790 2323 potest
820 2287 870 2312 ese
895 2286 1011 2321 aequo
1042 2276 1187 2319 tribuat,
1217 2276 1316 2328 quod
1345 2279 1464 2311 autem
1494 2279 1656 2321 superat,
1690 2275 1789 2321 quod
1819 2275 1962 2320 quidem
1983 2277 2090 2311 etiam
2113 2277 2258 2322 qratius
2286 2279 2350 2319 est,
2374 2276 2414 2311 id

169 2324 279 2359 matri
310 2323 454 2358 tribuat.
504 2321 611 2358 Hanc
641 2322 734 2357 enim
764 2324 903 2356 maiore
933 2320 1054 2356 studio
1087 2321 1232 2372 da‘qnarz
1266 2325 1420 2367 oportet,
1453 2331 1546 2366 quae
1577 2324 1611 2356 et
1633 2320 1855 2366 parturierit
1881 2326 1918 2356 et
1941 2322 2131 2367 pepererit
2160 2325 2196 2356 et
2228 2321 2410 2364 nutrierit,

170 2379 279 2414 quam
303 2379 382 2403 eum
433 2368 473 2403 ui
492 2367 708 2403 subsicivum
727 2366 923 2411 voluptatis
947 2377 1040 2412 opus
1059 2366 1128 2411 filii
1150 2366 1440 2413 procreationem
1464 2365 1594 2411 effecit.

308 2412 395 2458 Epi
427 2423 547 2458 equs.
595 2410 696 2454 Quae
726 2411 841 2456 iqitur
870 2410 938 2446 hac
969 2421 1077 2446 sacra
1106 2412 1336 2457 praqmatica
1366 2412 1494 2457 forma
1518 2411 1745 2446 continentur
1770 2414 1832 2446 tua
1855 2409 1977 2456 qloria
2000 2410 2039 2445 in
2060 2409 2239 2446 similibus
2267 2410 2411 2446 casibus

170 2458 360 2494 observare
389 2457 543 2493 studeat.
592 2456 735 2492 Etenim
764 2456 872 2492 etiam
906 2466 1124 2491 communem
1156 2456 1224 2492 bac
1254 2456 1299 2492 de
1328 2468 1369 2492 re
1397 2455 1593 2491 scribemus
1625 2456 1749 2502 teqem,
1784 2459 1857 2491 tam
1888 2454 1977 2492 haec
2004 2466 2113 2502 quam
2137 2454 2213 2491 alia
2232 2454 2410 2501 quaedam

170 2503 321 2549 insuper
344 2506 554 2545 statuentes,
580 2512 674 2548 quae
696 2501 918 2537 sanctionem
941 2501 1182 2537 necessariam
1203 2502 1390 2547 requirere
1413 2501 1602 2536 credimus.

712 2726 815 2778 DE
850 2725 1041 2777 RELE
1049 2724 1128 2777 VA
1140 2655 1376 2777 TICZVIIUL
1402 2725 1532 2776 TRI
1528 2725 1578 2776 B
1583 2724 1758 2776 UTOR
1763 2724 1866 2775 HM
1869 2765 1877 2773 .

625 2805 795 2842 Maaeima
830 2806 1006 2842 bonorum
1042 2804 1281 2840 bumanorum
1315 2807 1400 2839 sunt
1433 2803 1571 2839 iustitia
1605 2808 1641 2839 et
1671 2803 1888 2846 humanitas,
1952 2816 2081 2841 uarum
2115 2805 2181 2840 illa
2201 2816 2305 2842 suum
2335 2808 2410 2843 cui-

197 2864 241 2889 ue
280 2851 406 2888 tribuit
443 2862 558 2897 neque
595 2851 716 2887 aliena
756 2851 914 2898 appetit,
960 2850 1048 2886 haec
1089 2860 1173 2886 vero
1212 2849 1262 2885 ad
1297 2847 1582 2885 misericordiam
1622 2848 1781 2884 decurrit
1818 2850 1924 2895 qravz·
1949 2861 2060 2896 usque
2098 2850 2228 2887 debitis
2265 2855 2410 2898 eqentes

185 2898 313 2933 iberat.
366 2896 469 2932 Haec
507 2907 639 2931 ornare
673 2897 862 2943 imperium
898 2897 1159 2931 consueverunt
1188 2898 1225 2930 et
1255 2897 1332 2930 tuto
1358 2893 1616 2939 rempublicam
1646 2905 1862 2930 conservare
1894 2898 1930 2930 et
1959 2896 2067 2931 vitam
2099 2895 2291 2932 humanam
2323 2897 2411 2933 bene

171 2942 386 2988 qubernare.
432 2940 553 2983 Quare
581 2941 689 2976 etiam
720 2940 836 2983 nobis,
867 2941 932 2986 qui
961 2951 984 2975 a
1015 2939 1081 2975 deo
1110 2943 1255 2991 sceptra
1287 2939 1509 2984 accepimus,
1540 2938 1579 2973 in
1610 2939 1702 2975 votis
1731 2943 1802 2982 est,
1834 2942 1874 2974 ut
1904 2939 1960 2975 Itis
1991 2940 2191 2987 benefactis
2222 2942 2410 2993 conspicui

171 2988 294 3028 simus,
325 2991 366 3021 ut
399 2985 589 3020 utilitatem
621 2985 773 3021 subditis
795 2985 1014 3031 praebentes
1045 2985 1188 3020 virtutis
1217 2988 1253 3020 et
1282 2983 1426 3030 ylariae
1445 2983 1649 3030 praemium
1673 2983 1825 3019 caelitus
1848 2985 2080 3031 accipiamus.
2129 2985 2272 3021 Scimus
2293 2986 2409 3031 iqitur

172 3031 342 3067 continua
366 3034 401 3065 et
424 3030 526 3066 varia
550 3029 734 3065 hominum
754 3030 870 3066 exitia
894 3029 944 3065 ad
968 3032 1104 3065 tantam
1127 3029 1287 3075 inopiam
1310 3028 1557 3074 possessiones
1579 3028 1774 3073 redeqisse,
1797 3032 1843 3075 ut⁴
1852 3039 1967 3073 neque
1982 3030 2121 3066 reditus
2135 3030 2292 3065 dominis
2305 3031 2410 3075 ferre

171 3086 287 3121 neque
320 3074 534 3111 tributorum
563 3074 763 3111 solutiones
792 3074 1021 3120 sufficienter
1044 3073 1206 3120 pendere
1231 3073 1393 3120 possint,
1425 3072 1533 3119 idque
1563 3072 1778 3108 militaribus
1810 3073 1964 3118 aliisque
1994 3074 2207 3110 necessariis
2237 3075 2409 3121 impensis

307 2806 567 2852 Praefatio.

220 3202 235 3232 1
271 3198 425 3232 εἰτιοῦτο
450 3199 504 3231 BP
528 3198 579 3242 {12
612 3198 675 3240 τῆς
698 3211 756 3232 om.
777 3198 843 3243 Mss
862 3199 881 3232 3
908 3194 1015 3240 αὐτῆς
1039 3197 1146 3239 ΜΒΓ]
1171 3195 1254 3231 ταύ-

173 3254 235 3285 της
258 3243 346 3276 ΙΣΒῖ)
369 3244 381 3285 ss
401 3245 422 3277 4
446 3242 556 3284 τυχὸν
579 3242 632 3284 οἱ]
656 3242 819 3284 τεχθῶσι
836 3244 890 3276 ΒΡ
916 3243 927 3287 ΙΙ
945 3246 963 3276 5
980 3243 1171 3288 γενομένης
1184 3241 1255 3287 ΒῙΙΙ

174 3286 296 3322 ἄνισος
321 3288 398 3321 ἐστὶ
422 3289 499 3321 τῶν
521 3285 668 3322 παίδων
693 3286 713 3321 ὁ
738 3285 760 3320 ἆ
787 3287 898 3330 ιθμὸς
917 3289 973 3329 Μ]
999 3286 1121 3322 ἄνισος
1143 3285 1161 3320 ὁ
1176 3287 1255 3321 τῶν

173 3330 320 3367 παίδων
344 3334 445 3366 ἐστὶν
470 3329 627 3377 ἀριθμὸς
645 3333 732 3366 LBP
764 3329 885 3366 ανισός
909 3333 1009 3367 ἐστιν
1032 3329 1051 3366 ὁ
1076 3332 1154 3366 τῶν
1170 3334 1253 3366 παί-

175 3376 251 3411 δων
276 3374 435 3422 ἀριθμὸς
456 3378 526 3420 ΒΓΗ
544 3381 560 3412 7
589 3376 656 3411 ἐὰν
673 3379 740 3419 μὲν
765 3380 874 3412 πέντε
895 3379 926 3412 L
945 3378 956 3419 ΙΙ
973 3380 1033 3411 καὶ
1056 3377 1147 3419 τοὺς]
1172 3375 1255 3411 τοὺς

174 3420 214 3455 δὲ
239 3424 273 3456 Β
300 3426 312 3465 11
344 3424 362 3456 8
387 3422 636 3468 προσαύξησιν
653 3424 683 3456 L
715 3423 727 3467 ss
754 3423 802 3457 εἰς
826 3436 883 3457 om,
913 3423 961 3456 ΒΓ
981 3422 994 3466 ΙΙ
1024 3421 1122 3467 πρὸσ
1144 3424 1254 3464 νέμον

173 3468 270 3501 MBv
285 3467 296 3511 ιι
321 3466 359 3507 ἐξ
383 3466 458 3510 ἴσης
482 3469 570 3501 Lm
603 3466 642 3507 ἐξ
667 3467 745 3501 ἴσου
771 3466 853 3512 B'ss

176 3510 383 3558 πρὸσνέμον
421 3513 515 3546 Ᾱ1ΒΡ
563 3515 780 3557 προσνέμειν
815 3514 865 3546 La
903 3513 915 3557 ss
966 3514 1005 3547 13
1044 3512 1254 3558 ἐγράψαμεν

175 3571 242 3591 cum
260 3559 465 3591 'Haloandro
489 3559 576 3600 ναῖς.
600 3560 612 3600 ΙΙ
638 3555 779 3591 *ταῦτά
811 3560 863 3598 τε]
894 3554 986 3591 αὐτά
1011 3569 1051 3591 τε
1077 3558 1147 3591 ML
1175 3557 1187 3601 ΙΙ
1215 3559 1254 3591 14

174 3605 294 3636 subscr.
318 3602 455 3648 ἐγράφη
481 3600 550 3647 πρὸ
575 3601 600 3636 ε’
628 3600 680 3644 (ιε’
700 3616 731 3636 υ.
752 3604 785 3645 l.)
810 3600 920 3636 εἰδῶν
945 3599 1149 3637 (καλανδῶν
1173 3615 1203 3634 υ.
1220 3603 1254 3643 I.)

173 3642 334 3682 Ἰουνίων
349 3646 531 3691 βασιλείας
546 3644 800 3682 Ἰουστινιανοῦ
816 3649 859 3681 τὸ
877 3645 920 3694 ιγ’
939 3644 1112 3682 ὑπατείας
1124 3644 1253 3681 Ἀπίω-

175 3702 234 3726 νος
257 3688 472 3735 (Ἀππίωνος
497 3707 524 3726 υ.
541 3695 573 3735 l.)
597 3694 672 3727 Atlz.
720 3693 751 3726 d.
777 3704 806 3726 v.
830 3693 875 3726 id.
899 3695 976 3726 sert.
994 3703 1045 3737 op.
1065 3693 1120 3726 dn.
1137 3692 1253 3726 iustiu.

883 3470 903 3502 9
929 3469 1165 3511 χαριέστατον
1190 3468 1220 3500 L
1243 3468 1254 3509 Η
1273 3489 1276 3492 ·

1322 3207 1377 3240 pp.
1409 3206 1486 3238 aug.
1519 3196 1640 3251 apione
1672 3206 1720 3230 vo.
1752 3206 1856 3229 conss.
1882 3196 1930 3230 M
1958 3196 2177 3240 ἐξεφωνήθη
2212 3195 2304 3240 μετὰ
2338 3199 2407 3242 τὴν

1323 3238 1504 3275 ὑπατείαν
1538 3243 1701 3275 Απίονος
1739 3241 1800 3275 ἐπὶ
1837 3241 1900 3284 τῆς
1932 3239 2116 3284 βασιλείας
2149 3238 2405 3277 Ἰουστινιανοῦ

1325 3287 1446 3320 ΤΙιεοιὶ.
1471 3286 1570 3320 Diem
1595 3299 1633 3320 ex
1649 3286 1697 3320 M
1712 3287 1810 3328 vulqo
1835 3294 1993 3329 receptum
2010 3286 2050 3320 V.
2067 3287 2112 3320 id.
2131 3288 2220 3331 Sept.
2246 3290 2407 3331 improbat

1323 3332 1513 3365 Zachariae
1538 3338 1676 3375 propter
1701 3331 1846 3365 novellas
1870 3330 2123 3366 LXXXVIII
2144 3340 2174 3366 et
2199 3334 2410 3368 LXXXIX

1324 3377 1404 3410 Kal.
1437 3376 1529 3420 Sept.
1564 3377 1676 3413 datas:
1707 3377 1776 3418 ipse
1804 3379 1955 3419 praefert
1984 3376 2061 3410 XV.
2096 3377 2174 3410 Kal.
2209 3379 2309 3421 Iun.,
2343 3392 2405 3423 quo

1323 3423 1375 3455 die
1403 3422 1550 3455 novellae
1573 3421 1788 3455 LXXXIII.
1828 3422 2037 3455 LXXXIV.
2073 3423 2300 3457 LXXXVII
2328 3437 2406 3458 san·-

1325 3468 1408 3500 citae
1431 3473 1504 3500 sunt
1520 3466 1533 3509 ΙΙ
1554 3468 1592 3500 17
1618 3466 1814 3511 κουφισμοῦ
1840 3467 1975 3507 Theoti]
1999 3467 2065 3500 τοῦ
2086 3469 2284 3512 κουφισμοῦ
2308 3471 2406 3504 index

1323 3513 1354 3545 L
1378 3511 1589 3564 κουφισμᾱῖν
1607 3512 1636 3545 L
1654 3513 1686 3545 in
1705 3519 1800 3553 textu,
1816 3513 1901 3555 vuly.
1919 3516 1932 3554 ΙΙ
1954 3513 1992 3546 18
2016 3512 2105 3553 τῶν]
2129 3511 2175 3546 τὰ
2191 3513 2269 3547 τῶν
2285 3514 2317 3547 Τ
2313 3515 2405 3548 heod.

1329 3557 1334 3602 Ι
1359 3558 1402 3591 20
1438 3554 1616 3601 ασφαλεῖν
1640 3557 1837 3595 Haloander
1868 3558 2019 3599 (debebat
2041 3558 2153 3591 saltem
2178 3555 2405 3603 ἀσφαλίζειν)

1357 3603 1418 3634 καὶ
1441 3602 1558 3635 seclusi
1586 3602 1598 3645 ΙΙ
1627 3602 1668 3635 23
1697 3600 1849 3635 ἄνωθεν
1873 3615 1931 3635 om.
1957 3614 2034 3635 cum.
2059 3603 2257 3638 Haloandro
2281 3606 2369 3648 vuly.
2395 3606 2407 3649 Η

1324 3648 1367 3681 24
1398 3643 1516 3690 *μηδὲ
1541 3647 1571 3680 L
1600 3647 1613 3691 ΙΙ
1640 3643 1721 3680 τοὺς
1747 3649 1979 3689 κεκτημένους
2003 3647 2054 3680 L⁰
2081 3647 2094 3692 ΙΙ
2123 3649 2165 3683 25
2191 3646 2310 3692 *μηδὲ
2337 3650 2369 3683 L
2393 3654 2406 3694 ΙΙ

1323 3689 1403 3725 τοὺς
1423 3711 1465 3716 ——-
1488 3689 1618 3737 φόρους
1643 3705 1711 3726 cum
1737 3692 1934 3726 Haloandro
1958 3693 2043 3736 vuly.
