2618 4010
154 138 211 168 ΕΤ
239 135 449 168 FALCIDIA

153 235 230 271 τῶν
255 232 486 282 πραγμάτων
517 236 577 268 καὶ
601 233 681 267 τῶν
704 229 911 277 προςώπων
935 230 1136 275 ἐπιδέχοιτο
1160 228 1240 276 τρό-

152 291 228 322 πος,
252 276 312 315 ὅτι
334 277 381 313 τὰ
405 278 600 326 πράγματα
623 276 794 321 λαβόντες
811 276 1012 323 πράξουσιν
1033 272 1088 311 ἐπ’
1108 271 1240 318 αὐτοῖς,

152 321 244 372 ἅπερ
278 322 403 370 ὀρθῶς
464 322 704 372 γουλήθησαν
738 322 773 356 οἱ
808 321 1033 366 διαθέμενοι.
1087 317 1109 364 ἢ
1141 321 1239 366 εἴπερ

152 368 273 415 μηδεὶς
289 370 367 404 τῶν
382 367 523 414 μνήμης
539 371 578 402 ἐν
593 369 638 416 τῇ
656 365 819 415 διαθήκῃ
836 367 1023 410 τυχόντων
1039 365 1241 412 βουληθείη

153 413 383 461 προςελθεῒν,
417 416 582 448 τουτέστι
613 411 898 459 συγκληρονόμος
929 409 951 456 ἢ
982 409 1193 460 ληγατάριος
1218 411 1239 456 ἢ

152 457 504 506 φιδεϊκομμισσάριος
534 456 557 502 ἢ
588 459 724 501 οἰκέτης
761 457 953 505 ἐλευθερίᾳ
992 460 1236 502 τετιμημένος,

152 505 350 560 τηνικαῦτα
381 505 441 539 ἐπὶ
473 502 554 538 τοὺς
584 502 709 538 ἄλλους
732 502 814 537 τοὺς
837 503 876 544 ἐξ
898 501 1109 544 ἀδιαθέτου,
1139 498 1197 536 οὓς
1220 500 1239 536 ὁ

152 561 260 595 νομος
283 548 384 584 καλεῖ
403 547 493 594 μετὰ
516 547 582 584 τὸν
605 550 853 596 γεγραμμένον
870 551 948 593 μέν,
972 549 1017 595 τῇ
1036 551 1178 592 νομίμῳ
1201 545 1240 581 δὲ

151 593 221 630 ὑπὸ
244 592 351 629 τοῦδε
373 595 436 628 τοῦ
459 591 571 638 νόμου
592 592 893 648 περικελεισθέντα
915 597 1047 647 μοίρᾳ,ἲ
1061 593 1239 638 φέρεσθαι

150 639 195 693 τὰ
220 639 508 693 πράγματα,’καὶ
533 637 660 674 αὐτους
683 642 815 695 ομοίως
839 636 1006 673 διδόντας
1028 636 1238 691 αςφάλειαν,
1256 640 1297 672 10
1311 637 1500 682 complent,
1525 646 1617 682 quae
1639 638 1851 671 testamento
1878 635 2116 671 continentur.

150 698 208 719 οτι
238 683 413 731 πληρουσι
444 698 490 719 τα
518 686 561 732 τῇ
594 682 753 730 διαθηκῃ
777 695 823 718 πε
847 682 1021 728 ιεχόμενα.
1065 686 1239 717 Λτακτον

152 728 192 763 δὲ
215 727 320 764 οὐδὲν
342 727 425 764 οὐδὲ
443 733 701 777 συγκεχυμένον
721 725 804 762 οὐδὲ
823 697 883 763 §ml
903 726 1048 762 τούτων
1065 729 1239 775 γίνεσθαι

151 771 370 820 βουλόμεθα,
396 772 470 809 ἀλλ’
497 772 516 809 ὁ
540 775 683 822 πρῶτος
706 772 798 808 κατὰ
817 772 884 827 τῂν
901 771 1006 813 τάξιν
1026 772 1240 816 καλούμενος

153 819 244 875 μετα
273 819 342 873 τὸν
375 817 441 863 ἤδη
472 818 801 868 περικεκλεισμένον
831 816 903 853 υπὸ
938 818 1001 851 τοῦ
1034 815 1146 862 νόμου
1175 818 1238 852 τοῦ

2167 121 2275 163 Nov.
2307 123 2326 164 I
2375 124 2391 162 1

1311 230 1467 266 cundum
1491 229 1585 275 quod
1602 238 1836 274 personarum
1853 229 1908 264 vel
1920 238 2045 265 rerum
2065 231 2241 276 receperit
2258 232 2384 268 modus

1310 276 1394 320 quia
1423 286 1480 311 res
1511 274 1728 319 accipientes
1753 277 1865 318 agunt
1887 274 1924 309 in
1950 274 2011 317 eis,
2036 285 2128 320 quae
2151 278 2249 311 recte
2272 277 2394 312 volue-

1310 325 1394 356 runt
1425 323 1626 356 testatores.
1683 319 1721 354 Si
1753 329 1835 354 vero
1868 320 1986 355 nullus
2017 321 2164 363 horum,
2196 321 2240 356 de
2264 322 2395 367 quibus

1308 369 1521 402 testamento
1557 364 1727 400 memoria
1762 363 1860 399 facta
1895 369 1966 408 est,
2005 365 2156 401 voluerit
2185 367 2294 409 adire,
2326 367 2397 403 hoc

1274 414 1293 447 5
1309 415 1363 447 est
1389 411 1536 447 coheres
1569 411 1633 445 aut
1656 409 1849 453 legatarius
1872 411 1937 444 aut
1959 410 2308 447 fideicommissarius
2334 416 2397 447 aut

1310 467 1431 492 servus
1464 456 1629 492 libertate
1661 454 1877 496 honoratus,
1910 457 1996 490 tunc
2020 455 2066 490 ad
2090 456 2193 500 aliua,
2225 468 2314 502 quos
2338 458 2396 493 lex

1310 501 1356 536 ab
1380 501 1551 537 intestato
1575 503 1680 536 vocat
1699 502 1782 544 post
1801 509 1883 535 eum
1901 500 2052 544 quidem,
2078 501 2139 545 qui
2156 501 2312 547 scriptus
2332 507 2397 546 est,

1311 550 1347 582 et
1376 546 1534 591 legitima
1564 556 1629 591 per
1658 545 1752 580 hanc
1782 544 1894 588 legem
1927 547 2030 590 parte
2058 546 2237 589 exclusus,
2268 547 2397 583 deferri

1310 602 1386 632 res,
1420 596 1456 627 et
1484 591 1583 637 ipsos
1615 590 1775 626 similiter
1815 590 2028 634 praebentes
2062 591 2280 671 cautionem,
2297 593 2397 672 dquia

2232 649 2295 672 nor
2321 649 2396 673 ina-

1309 686 1385 716 tum
1416 692 1499 718 vero
1531 681 1620 717 nihil
1647 690 1764 726 neque
1789 680 1978 716 confusum
2001 691 2068 715 nec
2091 681 2129 715 in
2154 681 2209 716 his
2233 682 2313 717 fieri
2336 694 2390 718 νον

1308 728 1445 771 lumus,
1478 727 1541 762 sed
1570 726 1705 772 primus
1735 725 1930 761 secundum
1962 725 2119 761 ordinem
2143 731 2291 763 vocatus
2314 732 2398 772 post

1309 783 1400 816 eum,
1426 772 1487 818 qui
1510 772 1582 807 iam
1606 771 1774 807 exclusus
1799 773 1854 806 est
1878 781 1900 806 a
1923 771 2000 815 lege
2019 774 2155 814 nostra,
2179 772 2231 806 ita
2251 775 2398 807 vocetur

1308 818 1426 862 prior,
1461 817 1587 853 deinde
1619 818 1680 862 qui
1711 818 1794 862 post
1816 816 1914 851 illum
1940 819 2003 858 est,
2028 816 2099 861 <et>
2122 817 2174 851 ita
2197 817 2240 852 de
2267 820 2397 859 cetero,

151 865 230 899 καθ
263 866 361 909 ημᾶς,
386 876 488 899 ουτος
510 864 696 899 καλείσθω
714 861 896 920 πρότερος,
921 862 999 896 εἶτα
1020 859 1040 896 ὁ
1058 860 1132 908 μετ’
1154 865 1238 896 ἐκεῖ·
1255 865 1294 897 15
1309 863 1423 898 donec
1454 863 1600 898 ultimus
1625 861 1771 898 relictus
1794 861 1912 897 locum
1937 860 2048 896 faciat
2071 861 2178 897 etiam
2203 862 2312 898 alicui
2336 873 2396 898 ex-

150 923 226 952 νον,
259 913 317 943 καὶ
350 911 473 956 ἐφεξῆς
496 908 619 951 οὕτως,
652 911 718 943 ἕως
741 922 787 942 αν
811 906 830 942 ὁ
853 907 1055 943 τελευταῖος
1078 906 1239 943 ἐκλιπών

151 953 275 1001 χώραν
305 953 437 1002 ποιήσῃ
468 958 528 989 καὶ
559 956 636 989 τῶν
670 953 813 995 ἔξωθέν
835 967 921 995 τινι,
946 952 1154 998 βουλομένῳ
1179 956 1239 987 καὶ

151 999 364 1056 προςελθεῖν
393 1003 453 1034 καὶ
483 999 529 1034 τὰ
558 997 742 1034 καταλελει
769 1002 862 1043 μένα
892 997 1096 1043 πληρῶσαι.

1180 994 1236 1032 εθ’

151 1057 209 1080 ους
232 1049 292 1079 καὶ
315 1044 357 1079 τὸ
375 1043 418 1088 δη
447 1043 557 1087 όσιον,
575 1045 645 1091 εἴγε
660 1042 727 1089 βού
752 1057 838 1085 οιτο,
863 1044 1029 1088 τίθεμεν.
1078 1013 1238 1090 Καὶμγάρ

1308 908 1418 942 terius
1450 907 1684 949 venientium,
1720 910 1757 942 61
1779 906 1877 942 adire
1901 909 1938 942 et
1960 917 2050 952 quae
2073 907 2200 942 relicta
2224 911 2310 943 sunt
2332 908 2396 942 im-

1334 953 1425 996 lere;
1458 957 1540 998 post
1564 963 1654 996 quos
1679 952 1785 987 etiam
1807 951 1947 995 fiscum,
1979 952 2010 987 si
2033 952 2196 995 voluerit,
2221 953 2396 997 ponimus.

1308 965 1452 1032 {tanim
1484 998 1521 1032 in
1551 998 1730 1042 legatariis
1761 999 1797 1032 et
1819 997 2161 1032 'fideicommissariis
2192 997 2288 1033 hunc
2320 1009 2397 1034 esse

1308 1043 1471 1078 volumus
1504 1043 1683 1085 ordinem,
1716 1045 1757 1077 ut
1788 1042 1893 1077 detur
1924 1042 2072 1078 licentia
2095 1042 2261 1078 aditionis
2285 1043 2396 1087 priori

151 1093 209 1124 καὶ
230 1092 290 1126 ἐπὶ
311 1092 389 1125 τῶν
408 1059 450 1133 λ’νιγ
475 1093 636 1135 αταρίων
657 1092 717 1123 καὶ
736 1086 1237 1136 φιδεϊκομμισσαρίων,τοιαύ-
1252 1090 1294 1122 20
1308 1098 1375 1132 per
1404 1088 1669 1123 universitatem
1698 1087 2046 1130 fideicommissario,
2078 1092 2142 1123 aut
2173 1088 2292 1123 multis
2324 1089 2396 1123 exi-

151 1149 219 1179 την
250 1135 342 1169 εἶναι
371 1139 438 1180 βου
453 1134 582 1179 4όμεθα
612 1131 727 1176 τάξιν,
759 1130 846 1169 ὥςτε
870 1136 1036 1180 προτέρῳ
1063 1132 1239 1168 δίδοσθαι

151 1183 357 1226 παρρησίαν
389 1181 451 1223 τῆς
482 1178 740 1227 προςελεύσεως
770 1181 825 1224 τῷ
855 1177 942 1214 καθ’
975 1177 1093 1223 ὁμάδα
1127 1177 1236 1225 φιδεϊ-

151 1227 409 1272 κομμισσαρίῳ,
442 1224 464 1268 ἢ
496 1223 677 1259 πλειόνων
708 1224 831 1259 ὄντων
855 1226 910 1269 τῷ
933 1227 1083 1269 μείζονα
1106 1226 1238 1270 μοῖραν

149 1271 284 1312 ἔχοντι,
316 1267 534 1325 ἐπειδὴὶκαὶ
557 1267 698 1315 μίμημά
721 1285 757 1305 τι
781 1267 1000 1316 κληρονόμου
1023 1270 1238 1312 καθέστηκε,

1309 1134 1486 1168 stentibus
1518 1133 1688 1168 maiorem
1723 1136 1862 1177 partem
1894 1133 2060 1175 habenti,
2097 1133 2263 1178 quoniam
2294 1137 2331 1169 et
2360 1134 2397 1168 in

1308 1178 1574 1213 similitudinem
1597 1178 1941 1219 heredisconsistit,
1966 1182 2002 1213 et
2025 1179 2176 1213 maxime
2200 1178 2297 1223 apud
2320 1190 2396 1220 nos,

1308 1224 1369 1268 qui
1394 1223 1622 1259 Trebelliano
1649 1223 1724 1258 solo
1744 1222 1900 1267 dogmati
1919 1222 2078 1259 dedimus
2097 1224 2134 1258 in
2148 1224 2281 1259 talibus
2298 1223 2397 1259 fidei-

1309 1268 1506 1304 commissis
1523 1268 1652 1310 locum,
1670 1267 1861 1312 Pegasiani
1879 1267 2105 1303 circuitiones
2124 1268 2204 1303 odio
2225 1269 2397 1304 habentes

149 1318 208 1348 καὶ
230 1313 387 1359 μάλιστα
411 1317 455 1360 ἐφ
491 1316 605 1359 ημῶν,
636 1316 739 1369 οἱπερ
762 1317 822 1371 τῷΙ
849 1314 1108 1361 Τρεβελλιανίῳ
1133 1313 1235 1359 μόνῳ
1251 1315 1292 1347 25
1307 1318 1343 1349 et
1367 1314 1595 1359 expellentes.
1644 1313 1682 1348 Si
1713 1323 1797 1348 vero
1822 1316 1884 1347 aut
1907 1323 1980 1348 non
2003 1312 2111 1348 fuerit
2134 1313 2310 1359 quispiam
2333 1325 2398 1359 per

149 1357 301 1406 δόγματι
319 1357 528 1404 δεδώκαμεν
549 1362 608 1395 ἐπὶ
626 1374 705 1395 των
724 1373 902 1395 τοιουτων
925 1358 1236 1405 φιδεϊκομμίσσων

150 1404 283 1452 χώραν,
307 1403 370 1439 τὰς
393 1407 456 1439 τοῦ
482 1408 728 1452 Πηγασιανίου
752 1404 938 1452 περιόδους
990 1403 1178 1449 ισὴσαντές
1196 1418 1237 1439 τε

148 1453 207 1484 καὶ
231 1447 451 1494 ἐκβαλόντες.
498 1451 530 1484 εἰ
554 1448 594 1485 δὲ
615 1448 637 1494 ἢ
661 1448 724 1485 οὗκ
749 1451 801 1494 εἴη
825 1463 879 1485 τις
897 1464 943 1484 κα
976 1450 986 1462 '
1007 1448 1125 1495 ὁμάδα
1144 1464 1234 1485 τετι-

146 1498 301 1540 μημένος
324 1491 346 1538 ἣ
368 1492 408 1529 οὗ
432 1493 601 1540 βούλοιτο
625 1496 760 1543 πρᾶξαι
783 1495 825 1530 τὸ
843 1495 1049 1538 κελευσθέν,
1075 1498 1134 1531 ἐπὶ
1155 1494 1236 1530 τοὺς

1307 1359 1575 1394 universitatem
1622 1359 1820 1394 honoratus
1863 1362 1927 1393 aut
1964 1359 2118 1393 noluerit
2160 1369 2266 1402 agere
2303 1360 2397 1403 quod

1305 1405 1443 1440 iussum
1473 1407 1547 1447 est,
1577 1404 1623 1439 ad
1658 1414 1738 1447 eos,
1767 1403 1828 1448 qui
1858 1403 2054 1439 maioribus
2086 1404 2239 1448 propriis
2272 1405 2397 1448 legatis

1305 1452 1370 1485 aut
1400 1449 1683 1485 fideicommissis
1715 1449 1881 1484 honorati
1912 1451 2013 1491 sunt,
2045 1448 2248 1484 huiusmodi
2279 1449 2398 1485 venire

1304 1494 1485 1531 fiduciam.
1534 1495 1593 1530 Sic
1621 1504 1763 1540 quoque
1787 1494 1898 1529 servis
1924 1493 2002 1528 dari
2025 1495 2179 1538 tempus,
2205 1495 2267 1539 qui
2290 1495 2396 1530 liber-

147 1544 220 1575 τοῖς
248 1542 409 1585 μείζοσιν
440 1539 563 1594 {deuote
593 1538 756 1596 ληγάτρις
788 1538 810 1584 ἢ
841 1544 900 1575 καὶ
926 1539 1235 1587 φιδεϊκομμίσσοις
1249 1542 1290 1574 30
1305 1542 1380 1576 tate
1404 1540 1572 1576 honorati
1597 1542 1692 1582 sunt,
1724 1542 1760 1575 et
1783 1539 1892 1582 adire,
1930 1542 1966 1574 et
1988 1539 2111 1574 liberis
2137 1542 2284 1575 cautum
2308 1550 2397 1581 esse,

149 1589 400 1630 τετιμημένους
417 1599 485 1629 την
501 1599 628 1620 τοιαυτ
652 1600 675 1620 ν
693 1587 866 1632 ερχεσθαι
887 1590 1104 1634 παρρησίαν.
1138 1584 1234 1621 οὕτω

147 1644 187 1665 τε
218 1633 279 1664 καὶ
309 1634 383 1665 τοῖς
413 1631 565 1665 οἰκέταις
596 1629 635 1665 δί
656 1632 771 1666 οσθαι
801 1631 928 1679 καιρὸν
950 1635 1023 1667 τοῖς
1047 1631 1236 1678 ἐλευθερίᾳ

147 1679 392 1720 τετιμημένοις
421 1679 481 1710 καὶ
517 1680 699 1723 προςιέναι
734 1680 793 1711 καὶ
826 1676 1034 1724 ἐλευθέρους
1064 1674 1236 1723 ἀσφαλῶς

149 1721 242 1755 εἶναι
265 1723 325 1755 καὶ
347 1720 394 1755 τὰ
417 1722 613 1777 πράγματα
637 1720 835 1767 λαμβάνειν
859 1725 919 1756 καὶ
938 1721 1100 1778 πληροῦν
1118 1721 1163 1757 τὰ
1183 1736 1235 1757 κε-

149 1765 350 1801 λευσθέντα
379 1780 470 1811 μετα
498 1779 559 1810 της
586 1768 800 1815 εμπροσθεν
823 1769 1007 1822 εἰρημένης
1029 1767 1236 1814 ασφαλείας.
1251 1768 1292 1800 35
1306 1771 1418 1810 ratus,
1444 1767 1507 1802 sed
1532 1777 1654 1802 omnes
1679 1766 1864 1811 aequalem

147 1812 194 1845 Εἰ
212 1809 252 1845 δὲ
269 1809 391 1856 μηδεὶς
407 1813 460 1854 εἴη
478 1813 557 1847 τῶν
577 1811 806 1860 ληγαταρίων
825 1826 846 1856 η
867 1811 1238 1860 φιδεϊκομμισσαρίων

147 1857 226 1890 τῶν
258 1856 346 1890 καθ’
383 1855 501 1903 ὁμάδα
533 1854 556 1900 ἢ
587 1861 648 1891 καὶ
677 1855 753 1893 κατ’
789 1857 880 1893 εἶδος
909 1861 1050 1904 μείζονι
1080 1862 1188 1904 μοίρᾳ
1217 1857 1239 1901 ἢ

148 1905 329 1948 πρεσβείᾳ)
353 1905 594 1948 τετιμημένος,
619 1900 707 1937 ἀλλὰ
731 1902 863 1938 πάντες
885 1904 968 1948 ἴσην
995 1906 1156 1947 ἐπέχοιεν
1179 1903 1238 1938 τύ-

147 1960 224 2001 χην,
245 1948 444 1990 τηνικαῦτα
463 1948 730 1996 προκρίνεσθαι
747 1951 815 1994 μὲν
835 1951 895 1983 καὶ
914 1946 1029 1984 οὕτως
1046 1948 1129 1984 τοὺς
1148 1946 1235 1983 καθ’

1305 1588 1343 1621 61
1364 1596 1422 1621 res
1446 1585 1650 1631 percipere,
1683 1588 1719 1620 et
1742 1585 1922 1629 complere
1953 1595 2045 1629 quae
2075 1585 2174 1620 iussa
2198 1588 2292 1628 sunt,
2318 1596 2398 1620 cum

1305 1631 1491 1676 praedicta
1530 1631 1665 1666 dudum
1703 1630 1879 1666 cautione.
1936 1630 1973 1665 Si
2010 1640 2093 1666 vero
2132 1631 2250 1666 nullus
2290 1630 2399 1665 fuerit

1305 1677 1560 1720 legatariorum
1585 1676 1639 1711 vel
1663 1675 2073 1712 fideicommissariorum
2096 1685 2161 1720 per
2184 1675 2396 1711 universita-

1306 1725 1377 1757 tem
1402 1723 1467 1757 aut
1489 1732 1554 1766 per
1574 1721 1728 1766 speciem
1747 1720 1872 1756 maiori
1888 1723 1995 1800 {arte
2014 1723 2079 1756 aut
2096 1721 2134 1756 in
2150 1721 2265 1766 legato
2285 1721 2397 1756 hono-

1915 1766 2080 1801 abuerint
2095 1765 2287 1810 fortunam,
2311 1770 2398 1801 tunc

1306 1812 1482 1858 praeponi
1514 1812 1655 1857 quidem
1685 1812 1793 1847 etiam
1824 1811 1876 1847 sic
1905 1821 1971 1856 per
2001 1811 2269 1847 universitatem
2299 1811 2397 1847 fidei-

1309 1857 1573 1894 commissarios
1605 1861 1753 1903 propter
1784 1857 1916 1893 dictam
1948 1856 2081 1891 dudum
2112 1857 2304 1898 rationem,
2335 1861 2399 1892 aut

1307 1913 1406 1946 eum,
1438 1903 1499 1948 qui
1531 1914 1575 1938 ex
1603 1903 1655 1939 eis
1687 1902 1839 1938 voluerit
1869 1902 2019 1947 implere
2049 1901 2144 1946 quod
2166 1905 2397 1947 praeceptum

1308 1952 1379 1993 est3
1413 1948 1569 1993 reliquos
1602 1951 1722 1983 autem
1744 1947 1937 1992 legatarios
1961 1947 2015 1983 vel
2038 1947 2396 1990 fideicommissarios,

148 1988 266 2035 ομάδα
301 1990 672 2047 φιὸεὶὶιομμισσαρίους
709 1991 769 2028 διὰ
803 1992 869 2029 τὸν
904 1995 1118 2049 ἔμπροσθεν
1153 1991 1239 2048 ᾑμῖν
1251 1996 1294 2029 40
1307 1995 1521 2039 quicumque
1534 1994 1624 2029 nihil
1646 1994 1839 2029 alterutros
1863 1992 1902 2028 in
1925 1993 2005 2034 hoc,
2031 1992 2125 2037 quod
2148 1993 2311 2028 relictum
2331 1994 2396 2035 est,

150 2037 336 2090 εἰρημένον
348 2036 464 2084 λόγον,
487 2052 509 2082 η
527 2051 595 2072 τον
607 2039 645 2079 ἐξ
665 2039 788 2074 αὐτῶν
807 2038 1029 2085 βουλομενον
1046 2038 1239 2093 πληρωσαι

1307 2039 1544 2083 antecedunt,
1577 2039 1685 2075 etiam
1719 2048 1858 2081 omnes,
1891 2037 1923 2073 si
1953 2037 2148 2081 voluerint,
2179 2037 2309 2083 vocari,
2335 2041 2398 2073 aut

150 2095 192 2116 το
216 2086 532 2130 προςτεταγμένον,
555 2082 638 2118 τοὺς
661 2081 702 2118 δὲ
725 2083 868 2120 λοιποὺς
888 2083 1122 2132 ληγαταρίους
1140 2099 1162 2129 η
1182 2099 1237 2131 φι-

150 2125 491 2174 δεϊκομμισσαρίους,
524 2124 603 2163 ὅσοι
628 2126 742 2172 μηδὲν
766 2126 931 2173 ἀλλήλων
955 2132 995 2164 ἐν
1018 2131 1072 2174 τῷ
1094 2129 1241 2164 καταλε-

150 2171 327 2217 λειμμέναι
359 2176 557 2220 προέχουσι,
590 2176 650 2208 καὶ
675 2171 823 2217 πάντας,
847 2175 879 2209 εἰ
900 2173 1103 2219 βούλοιντο,
1127 2174 1241 2210 καλεῖ-

149 2307 285 2343 scilicet
301 2308 412 2354 prius
435 2308 479 2343 ab
503 2308 549 2343 iis
566 2308 796 2354 praestanda
804 2310 936 2355 prouti
948 2320 1070 2344 rerum
1083 2310 1139 2345 vel
1150 2321 1394 2356 personarum
1410 2310 1508 2345 ratio
1528 2309 1700 2346 admittat
1721 2321 1759 2346 se
1771 2309 1878 2345 rebus
1899 2309 2059 2355 acceptis
2074 2309 2160 2345 inde
2175 2314 2397 2346 executuros

151 2363 246 2403 quae
274 2356 369 2388 recte
403 2356 592 2388 testatores
615 2352 816 2388 voluerunt.
864 2352 1002 2395 Quodsi
1024 2365 1128 2389 nemo
1153 2365 1290 2396 eorum,
1316 2364 1472 2399 quorum
1496 2354 1535 2388 in
1560 2358 1772 2390 testamento
1796 2355 1903 2400 facta
1927 2359 1982 2390 est
2002 2355 2148 2397 mentio,
2172 2354 2276 2391 adire
2300 2355 2395 2397 velit,

150 2396 190 2431 td
217 2400 272 2431 est
302 2395 450 2432 coheres
483 2396 539 2432 vel
561 2397 761 2442 leqatcm'us
791 2397 848 2433 vel
866 2397 1224 2442 fideicommissarius
1255 2398 1312 2434 vel
1342 2409 1467 2434 servus
1502 2398 1667 2434 libertate
1702 2398 1925 2440 honoratus,
1964 2402 2049 2433 tunc
2082 2399 2132 2434 ad
2162 2400 2326 2446 reliquos
2348 2400 2393 2435 ab

150 2441 334 2482 intestato,
367 2451 460 2486 quos
491 2441 554 2477 lex
577 2445 684 2477 vocat
698 2445 791 2488 post
813 2442 990 2489 scriptum
1014 2442 1157 2488 quidem
1181 2441 1358 2484 heredem,
1382 2442 1448 2478 sed
1469 2442 1569 2478 intra
1593 2443 1791 2489 leqitimam
1817 2447 1956 2478 tantum
1978 2443 2186 2489 portionem
2203 2455 2277 2491 per
2301 2444 2396 2480 hanc

153 2485 265 2532 leqem
289 2490 464 2528 coactum,
488 2485 584 2521 bona
608 2486 836 2566 ἧξμναηταν,
861 2491 898 2522 et
919 2487 1020 2534 ipsos
1043 2487 1210 2523 similiter
1218 2487 1471 2534 praestituros
1495 2488 1699 2523 cautionem
1717 2498 1756 2523 se
1781 2499 1837 2530 ea,
1862 2498 1956 2533 quae
1979 2491 2189 2524 testamento
2208 2490 2395 2526 continen-

153 2534 223 2572 tur,
247 2530 262 2565 i
323 2530 461 2566 leturos
483 2542 569 2566 esse.
655 2530 722 2567 ihil
744 2542 828 2567 vero
851 2532 1056 2568 inordinati
1079 2543 1195 2578 neque
1219 2532 1368 2578 confusi
1391 2543 1437 2568 ne
1459 2532 1498 2567 in
1522 2532 1579 2568 his
1602 2532 1745 2579 quidem
1766 2532 1850 2578 fieri
1873 2532 2050 2574 volumus,
2081 2532 2146 2568 sed
2168 2534 2232 2579 qui
2253 2535 2396 2580 primus

150 2586 200 2611 ex
224 2585 268 2610 or
292 2585 352 2611 ine
374 2580 526 2611 vocatur
542 2580 636 2622 post
657 2587 748 2619 eum,
773 2577 837 2628 qui
859 2577 932 2612 iam
955 2581 1084 2612 nostra
1108 2577 1187 2624 leye
1210 2577 1506 2624 circumscriptus
1529 2581 1593 2620 est,
1617 2578 1650 2612 is
1662 2577 1775 2624 prior
1799 2581 1959 2619 vocetur,
1983 2577 2112 2613 deinde
2128 2579 2192 2629 qui
2210 2582 2299 2625 post
2314 2591 2396 2615 eum

150 2623 215 2664 est,
238 2624 275 2655 et
295 2620 349 2655 sic
372 2619 551 2667 deinceps,
576 2620 691 2657 donec
714 2621 863 2657 ultimus
886 2621 1055 2667 deficiens
1079 2622 1197 2658 locum
1218 2622 1342 2668 faciat
1364 2623 1473 2658 etiam
1497 2627 1759 2659 extraneorum
1784 2622 1907 2665 alicui,
1958 2622 1996 2657 ui
2019 2626 2057 2658 et
2080 2622 2184 2658 adire
2207 2627 2244 2659 et
2266 2624 2394 2659 relicta

149 2664 299 2716 implere
331 2665 437 2708 velit;
460 2670 554 2712 post
583 2677 676 2712 quos
699 2667 808 2702 etiam
835 2667 976 2712 fiscum,
1006 2667 1040 2703 si
1063 2667 1206 2714 quidem
1230 2667 1396 2710 voluerit,
1414 2668 1600 2714 ponimus.
1649 2666 1794 2703 Etenim
1818 2671 1854 2703 et
1876 2667 1915 2702 in
1953 2668 2130 2713 eqatariis
2153 2671 2189 2703 et
2207 2668 2393 2714 fideicom-

150 2710 327 2745 missariis
351 2710 457 2746 talem
477 2711 642 2754 ,ordinem
657 2722 733 2747 esse
756 2711 929 2755 volumus,
954 2716 996 2748 ut
1005 2712 1128 2759 priori
1145 2712 1251 2748 detur
1264 2712 1600 2758 fideicommissario
1624 2712 1833 2755 universali,
1850 2712 1907 2748 vel
1927 2713 1960 2747 si
1964 2712 2097 2759 plures
2113 2713 2198 2754 sint,
2222 2714 2395 2749 maiorem

148 2758 293 2807 partem
315 2754 462 2791 habenti
475 2755 621 2792 licentia
636 2756 804 2800 adeundi,
830 2757 918 2803 quia
934 2761 971 2794 et
982 2758 1101 2793 instar
1114 2756 1257 2793 heredis
1273 2761 1338 2800 est,
1363 2757 1472 2803 idque
1487 2758 1647 2794 maxime
1664 2757 1766 2805 apud
1780 2768 1858 2800 nos,
1876 2757 1939 2803 qui
1959 2757 2030 2792 soli
2050 2757 2278 2794 Trebelliano
2298 2757 2394 2795 SCto

150 2811 189 2835 m
225 2799 356 2836 talibus
411 2799 667 2837 deicommissis
699 2802 817 2837 locum
847 2802 1068 2846 dederimus,
1102 2802 1316 2849 ambaqibus
1347 2801 1400 2838 Pe
1427 2803 1548 2838 asiani
1580 2803 1664 2838 odio
1698 2802 1832 2838 habitis
1863 2806 1899 2838 et
1928 2813 1978 2838 ex
2006 2802 2104 2838 losiS.
2154 2801 2196 2838 Si
2219 2814 2304 2839 vero
2330 2809 2394 2839 aut

149 2843 271 2880 nullus·
292 2845 344 2881 sit
390 2845 640 2882 deicommisso
664 2847 862 2883 universali
885 2847 1090 2884 honoratus
1113 2852 1180 2884 aut
1202 2848 1297 2883 nolit
1319 2858 1391 2893 quo
1450 2847 1669 2894 imperatum
1692 2852 1748 2883 est
1768 2848 1908 2899 facere,
1941 2859 1964 2883 a
2011 2858 2084 2890 eos,
2109 2848 2173 2894 qui
2197 2848 2395 2884 maioribus

150 2889 279 2936 leqatis
308 2890 526 2937 specialibus
554 2891 629 2928 sive
653 2891 940 2937 fideicommissis
970 2893 1144 2928 honorati
1174 2897 1279 2934 sunt,
1311 2891 1487 2928 eiusmodi
1507 2892 1673 2938 facultas
1696 2896 1819 2928 vemat
1825 2905 1840 2933 ;
1868 2892 1993 2938 itaque
2017 2893 2125 2928 etiam
2148 2894 2263 2929 servis
2288 2893 2392 2929 liber-

153 2938 226 2970 tate
255 2934 448 2971 honoratis
480 2937 738 2983 opportunitas
768 2937 874 2973 detur
906 2942 942 2974 et
973 2938 1132 2973 adeundi
1163 2942 1200 2974 et
1235 2937 1401 2973 libertate
1424 2948 1550 2974 secure
1579 2937 1732 2983 fruendi
1755 2941 1792 2973 et
1814 2937 1909 2973 bona
1933 2937 2137 2984 accipiendi
2159 2942 2195 2974 et
2216 2938 2394 2985 imperata

150 2979 323 3026 implendi
354 2991 434 3016 cum
451 2981 654 3032 praedicta
689 2982 868 3018 cautione.
916 2981 983 3017 Sin
1015 2987 1135 3019 autem
1166 2994 1270 3019 nemo
1304 2982 1568 3029 leqatariorum
1592 2986 1658 3018 aut
1676 2982 2110 3028 fideicommissariorum,
2135 2983 2393 3018 universalium

151 3028 217 3060 aut
232 3025 530 3071 particularium,
554 3027 691 3063 maiore
706 3028 885 3074 portione
908 3028 965 3064 vel
987 3027 1109 3074 leqato
1134 3027 1338 3063 honoratus
1360 3028 1419 3070 sit,
1451 3027 1516 3063 sed
1539 3038 1661 3063 omnes
1684 3027 1830 3073 aequali
1852 3027 1928 3063 sint
1950 3027 2183 3070 condicione,
2210 3032 2294 3063 tunc
2314 3028 2394 3074 qui-

152 3069 230 3105 dem
265 3070 390 3117 utique
455 3072 694 3117 raeferantur
728 3071 1057 3118 fideicommissarii
1091 3073 1332 3114 universales,
1370 3071 1413 3107 ob
1449 3084 1493 3108 ea
1529 3083 1623 3118 quae
1658 3077 1743 3108 ante
1778 3084 1802 3107 a
1832 3072 1938 3108 nobis
1968 3072 2067 3108 dicta
2098 3076 2195 3114 sunt,
2229 3073 2285 3108 vel
2315 3072 2393 3118 qui-

151 3124 303 3160 cumque
325 3127 375 3152 ea:
404 3116 478 3151 ilis
496 3116 613 3196 dquOd
634 3121 876 3164 praeceptum
908 3122 963 3153 est
990 3117 1141 3164 implere
1171 3117 1256 3154 vult.
1303 3117 1451 3163 Reliqui
1481 3128 1566 3153 vero
1599 3116 1771 3163 leqatarii
1793 3117 1849 3153 vel
1867 3116 2208 3162 fideicommissarii,
2233 3117 2393 3163 quicum-

152 3170 222 3204 que
252 3160 291 3194 in
323 3171 386 3203 eo,
420 3171 493 3207 quo
548 3161 712 3198 relictum
736 3166 809 3204 est,
839 3161 932 3197 nihil
961 3162 1056 3198 alter
1087 3162 1195 3199 alteri
1210 3166 1428 3210 praestant,
1460 3162 1629 3206 universi,
1653 3162 1687 3198 si
1710 3162 1839 3205 velint,
1863 3166 2054 3205 vocentur,
2078 3162 2135 3198 vel
2157 3162 2222 3207 qui
2244 3172 2295 3197 ex
2319 3161 2394 3197 illis

201 3299 214 3331 1
241 3297 318 3330 τῶν
339 3294 563 3344 πραγμάτων
585 3299 646 3330 καὶ
668 3297 747 3331 τῶν
770 3293 994 3341 προσώπων]
1019 3308 1235 3340 personarum

151 3342 204 3375 vel
228 3353 338 3374 rerum
352 3353 372 3378 ς
389 3342 401 3385 ΙΙ
419 3345 438 3375 2
459 3339 681 3387 πράττουσιν
694 3343 725 3375 L
739 3353 758 3378 ς
776 3341 788 3386 11
805 3344 824 3375 3
848 3337 870 3384 ἢ
896 3341 1007 3388 εἴπερ]
1032 3343 1069 3376 Si
1090 3354 1166 3376 vero
1184 3354 1203 3379 ς
1223 3340 1236 3386 ΙΙ

152 3390 170 3422 5
190 3383 212 3430 ἢ
230 3384 477 3432 φιδεϊκομισσά
502 3397 550 3420 ιος
565 3387 616 3428 Μ]
636 3382 658 3428 ἢ
677 3383 696 3420 ὁ
707 3385 775 3429 τὴν
788 3383 1087 3420 ἀποκατάστασιν
1099 3384 1234 3431 λαμβά-

151 3444 228 3465 νων
241 3432 346 3474 M2B‚
359 3445 416 3465 om.
433 3433 463 3464 L
479 3399 499 3476 Ιῖ
514 3434 553 3466 10
578 3429 756 3472 διδόντας]
782 3428 924 3473 διδόναι
935 3430 1002 3475 τὴν
1016 3434 1050 3466 Β
1069 3432 1081 3477 ΙΙ
1100 3435 1140 3466 14
1163 3430 1235 3466 ὑπὸ

112 3483 114 3486 “
151 3477 213 3510 τοῦ
227 3473 338 3519 νόμου
351 3476 428 3517 τοῦ]
445 3477 500 3510 τῶ
513 3473 615 3520 νόμω
628 3477 683 3510 τῶ
697 3478 729 3510 L
744 3478 756 3518 ΙΙ
779 3479 817 3510 15
831 3474 943 3518 οὗτος]
959 3478 1007 3510 ita
1020 3479 1056 3520 (i.
1070 3490 1095 3511 e.
1109 3472 1235 3518 οὕτως)

152 3533 171 3559 ς
194 3521 206 3567 ΙΙ
235 3525 275 3556 16
299 3519 475 3556 ἐκλείπων
499 3523 530 3555 L
557 3521 569 3566 ΙΙ
598 3524 636 3555 19
656 3519 724 3555 τὸν
748 3517 920 3564 δημόσιον
941 3523 1011 3555 LB
1029 3521 1100 3566 1122
1125 3520 1235 3567 φιδει·

103 3607 106 3610 ,
152 3570 399 3613 κομισσαρίων
423 3568 470 3600 Μ
509 3563 732 3611 λαμβάνοντι
755 3565 823 3608 τὴν
845 3561 1142 3601 ἀποκατάστασιν
1166 3568 1202 3601 Β
1226 3566 1238 3612 ΙΙ

152 3613 196 3646 24
220 3610 283 3654 κλη
308 3610 449 3656 ονόμοις
473 3612 521 3645 L¹
545 3610 609 3654 κλη
635 3608 762 3655 ονόμος
785 3611 834 3644 L²
853 3611 865 3656 ΙΙ
882 3613 923 3646 25
947 3611 1061 3657 οἵπερ]
1089 3615 1130 3655 cf
1154 3613 1234 3646 Inse.

153 3658 267 3697 ⁴2‚23,7
301 3657 307 3702 Ι
329 3668 353 3690 τ
376 3655 591 3701 εβελλανείω
678 3655 690 3700 ΙΙ
721 3659 763 3691 30
787 3658 847 3690 καὶ
872 3669 930 3690 om.
955 3658 1008 3693 Ls-
1035 3657 1047 3701 ΙΙ
1078 3659 1120 3691 33
1145 3655 1237 3690 ἐλευ-

154 3699 275 3749 θέροις
298 3703 340 3740 e?
365 3703 371 3746 Ι
395 3705 437 3737 36
461 3698 483 3745 ἢ
507 3700 834 3748 φιδικοιιισσαρίων
858 3701 912 3743 M]
943 3715 1003 3736 om.
1026 3703 1086 3744 L¹,
1110 3698 1132 3745 ἢ
1160 3703 1238 3736 τῶν

1303 3309 1430 3342 ficomi⁸
1442 3321 1467 3342 s.
1480 3321 1509 3342 υ.
1524 3308 1573 3342 L2
1587 3307 1599 3352 ΙΙ
1619 3310 1659 3343 37
1676 3309 1785 3353 μοῖρα
1809 3310 2024 3352 τετιμημένα
2047 3308 2292 3351 (τετιμημένος
2309 3321 2347 3342 m.
2362 3310 2391 3349 2)

1304 3351 1325 3396 ἢ
1349 3355 1530 3399 πρεσβεία)
1551 3354 1583 3386 L
1598 3353 1611 3397 ΙΙ
1637 3356 1680 3387 40
1704 3352 1771 3386 τὸν
1794 3353 2018 3398 ἔμπροσθεν]
2038 3354 2079 3386 ab
2097 3354 2147 3386 his
2167 3365 2216 3387 vv.
2237 3355 2299 3387 inc.
2317 3355 2346 3387 A
2366 3356 2391 3394 fi

1303 3407 1351 3432 221
1371 3397 1384 3443 ΙΙ
1405 3394 1490 3442 ἡμῖν
1514 3410 1572 3431 om.
1595 3398 1626 3431 A
1642 3397 1655 3442 ΙΙ
1680 3400 1718 3431 41
1746 3398 1825 3431 τῶν
1856 3397 1896 3438 ἐξ
1926 3395 2051 3431 αὐτῶν
2073 3394 2305 3441 βουλομένων
2329 3400 2359 3431 A
2382 3398 2394 3443 fl

1304 3446 1346 3478 42
1372 3440 1689 3489 προσταττόμενον
1713 3443 1745 3476 L
1764 3443 1775 3486 [Ι
1791 3445 1834 3477 43
1859 3438 1949 3483 ὅσοι]
1976 3455 2034 3475 om.
2059 3442 2118 3484 L¹‚
2142 3441 2180 3475 οἳ
2201 3442 2281 3476 L2A

1351 3525 1370 3556 2
1397 3522 1518 3555 uolunt
1530 3523 1579 3556 R¹
1601 3522 1614 3566 ΙΙ
1642 3524 1683 3556 14
1708 3524 1741 3555 et
1764 3535 1823 3555 om.
1838 3520 1966 3565 RTVss
1997 3523 2035 3555 15
2058 3522 2169 3565 etiam]
2195 3524 2229 3555 et
2247 3523 2393 3556 etiamR

1305 3569 1354 3600 set
1385 3568 1484 3600 etiam
1515 3567 1559 3601 V*
1580 3567 1593 3610 ΙΙ
1622 3569 1662 3601 16
1694 3566 1823 3600 uolenti
1851 3574 1927 3610 post
1954 3567 2164 3600 uenientium
2194 3568 2272 3601 add.
2305 3569 2392 3609 dett„

1306 3619 1389 3646 recte
1407 3612 1419 3655 ΙΙ
1438 3615 1475 3646 17
1491 3612 1618 3645 etiamsi
1630 3612 1743 3644 fiscum
1757 3612 1785 3644 si
1805 3612 1848 3645 V¹
1871 3611 1877 3655 Ι
1899 3613 1939 3646 19
1951 3612 2064 3654 prior*
2088 3612 2131 3646 V¹
2148 3612 2160 3655 ss
2179 3614 2220 3646 22
2235 3612 2392 3645 similitu-

1306 3657 1384 3690 dine
1411 3656 1469 3699 Vss
1486 3659 1528 3691 23
1553 3657 1626 3701 qui]
1651 3658 1711 3699 qui
1735 3667 1775 3690 ex
1805 3658 1849 3689 V¹
1903 3656 1967 3690 soli
1978 3656 2084 3691 R²V²
2101 3655 2114 3701 ΙΙ
2137 3659 2177 3691 29
2203 3657 2281 3690 dare
2312 3657 2357 3690 V²
2380 3655 2392 3700 ss

1307 3704 1349 3737 30
1363 3701 1493 3735 libertis
1510 3702 1551 3736 V·
1572 3702 1585 3747 ss
1601 3703 1641 3736 35
1652 3703 1843 3735 habuerunt
1856 3701 2070 3744 aequalemV
2081 3701 2094 3746 ll
2114 3703 2156 3736 38
2167 3702 2260 3744 quod
2271 3714 2329 3735 om.
2346 3701 2391 3735 V¹
