2612 4016
181 156 239 187 ΕΤ
268 157 563 188 AEGYPTIAGIS
593 158 844 190 rssovmcus
1255 145 1339 191 783
1421 207 1424 209 -
1460 207 1462 209 ¹
2065 150 2142 194 Ed.
2163 151 2266 194 XIII
2299 153 2407 194 7—9

180 253 249 297 τὴν
280 256 474 299 πρόνοιαν·
507 259 596 290 τέως
625 251 689 290 οὖν
713 258 778 291 τὸν
802 258 879 291 τῶν
903 256 1049 292 ναύλων
1073 255 1276 302 άποδέκτην
1300 258 1512 303 βουλόμεθα
1535 258 1585 304 μη
1611 258 1739 293 οἵδειαν
1763 263 1857 302 ἔχειν
1883 261 1997 295 πᾶσιν
2022 261 2150 295 ἑαυτὸν
2170 261 2408 305 ἐπεμβάλλειν

181 303 252 333 τοῖς
285 299 465 344 δημοσίοις
489 300 616 342 τέλεσι,
649 305 708 335 καὶ
733 305 806 336 τισὶ
829 304 896 346 μὲν
920 304 997 337 τῶν
1021 301 1245 338 ὑπευθύνων
1270 302 1456 338 ἐνδιδόναι
1480 308 1539 337 καὶ
1564 306 1609 339 τὰ
1635 304 1837 348 καλούμενα
1863 304 2081 349 ἐνδοματικὰ
2106 308 2321 350 κομίζεσθαι
2348 311 2408 340 καὶ

181 346 357 379 ἐντεῦθεν
387 347 451 379 τοῦ
481 344 651 390 δημοσίου
677 348 867 392 ῥᾳθυμεῖν,
892 348 1028 392 ἑτέρους
1054 347 1092 382 δὲ
1117 350 1215 394 παρὰ
1237 350 1280 383 τὸ
1305 350 1485 394 προσῆκον
1509 349 1739 395 εἰσπράττειν
1764 353 1822 383 καὶ
1848 350 1972 385 πλεῖον
1996 352 2081 385 ἴσως
2105 351 2126 394 ἢ
2149 351 2325 396 πρότερον
2349 355 2408 385 καὶ

181 390 280 434 παρὰ
303 390 386 424 τοὺς
409 394 683 434 νενομισμένους
712 391 898 437 <καιρους>,
931 397 990 426 καὶ
1015 395 1193 428 ἐντεῦθεν
1219 393 1418 439 λαμβάνειν
1443 393 1611 440 ἀφορμήν
1631 408 1671 429 τε
1695 398 1753 428 καὶ
1779 393 1894 440 ἀρχὴν
1918 398 1980 438 τῆς
2003 398 2067 429 τοῦ
2091 395 2301 443 πράγματος
2326 409 2406 442 συγ·

179 433 330 477 χύσεως,
361 434 404 469 τὸ
436 438 503 478 μὲν
535 433 786 482 ἀπαραίτητον
817 439 894 471 τῶν
925 436 1072 473 ναύλων
1098 436 1152 472 ἀεὶ
1185 438 1475 485 προτεινόμενον,
1507 442 1561 483 τῷ
1592 438 1631 474 δὲ
1663 444 1909 487 συγκεχυμένῳ
1943 441 2009 484 τὴν
2041 442 2168 476 ἑαυτοῦ
2201 442 2406 486 θεραπείαν
2430 445 2449 476 5

180 480 368 535 θηρῶντα,
391 483 449 513 καὶ
474 477 771 527 ὑπερφρονοῦντα
795 485 862 526 μὲν
885 484 963 517 τῶν
987 485 1179 529 τραπεζῶν
1203 486 1268 518 τοῦ
1294 483 1523 530 δικαστηρίου
1547 486 1611 520 τοῦ
1637 487 1710 529 σοῦ,
1735 486 1868 529 ὁμοίιος
1894 484 1933 519 δὲ
1953 484 2100 521 ἅπαντα
2124 485 2266 531 κέρδους
2300 486 2406 532 χάριν

179 522 228 570 ὑφ
264 524 395 559 ἑαυτὸν
419 527 608 560 ποιεῖσθαι
632 525 845 561 σπεύδοντα.

1150 574 1306 609 CAPUT
1328 574 1423 610 VIII.

311 634 456 679 Ἐπειδὴ·
493 641 618 672 τοίνυν
653 636 675 680 ἡ
705 638 749 681 σὴ
783 637 936 684 τ’·περοχὴ
968 641 1091 675 πάντα
1124 638 1315 688 ἆγρύπνως
1351 639 1574 685 διοικουμένη
1607 641 1769 683 ἐδίδαξεν
1802 640 1909 686 ἡμᾶς,
1943 639 2024 677 ὅσος
2055 642 2298 690 συλλογίζεται
2330 646 2406 679 τῶν

180 679 327 716 ναύλων
358 682 481 716 κανων
511 681 530 716 ό
565 684 603 716 ἐκ
633 685 696 726 τῆς
723 681 988 729 Ἀλεξανδρέων
1018 687 1282 732 χορηγούμενος,
1316 688 1362 720 εἰς
1390 686 1625 743 νομισμάτων
1657 685 1831 733 μυριάδας
1859 685 1966 730 ὀκτώ,
1998 687 2056 721 οἶα
2080 692 2139 722 καὶ
2160 691 2220 730 τῆς
2244 687 2406 731 εὖτυχοῒς

180 731 421 771 σιτοπομπίας
445 728 492 761 εἷς
517 727 727 762 ὀκτακοσίας
749 727 925 774 μυριάδας
946 732 1140 774 συνιούσης,
1165 730 1374 775 βουλόμεθα
1399 732 1460 765 τὰς
1485 730 1583 765 aura)
1609 731 1741 766 ταύτας
1764 731 1937 777 μυριάδας
1960 734 2037 766 τῶν
2058 734 2294 778 νομισμάιων
2311 733 2405 767 δι’δο-
2435 737 2473 768 10

180 772 273 805 σθαι
304 773 357 814 τῷ
389 773 467 806 τῶν
496 773 643 807 ναύλων
675 772 857 819 άποδέκτῃ
889 776 926 807 ἐκ
959 776 1035 808 τῶν
1067 775 1371 823 ὑποτεταγμένων
1397 778 1581 821 ἐπαρχιῶν
1605 781 1664 811 καὶ
1689 777 1833 811 πόλεων
1857 781 1916 810 καὶ
1940 780 2069 812 τόπων
2092 782 2151 812 καὶ
2176 779 2406 825 προσώπων

181 816 240 850 διοὶ
262 819 380 851 ’τοῦτο
411 817 479 863 γὰρ
512 819 551 851 ἐν
582 815 748 864 εὐπόροις
779 818 1033 863 ἐποιησάμεθα
1063 821 1132 863 τὴν
1163 821 1336 864 τοιαύτην
1367 823 1532 868 ἑκταγήν,
1567 819 1660 856 ὥστε
1691 821 1803 866 μηδὲν
1834 822 2020 857 παντελῶς
2051 821 2141 867 μήτε
2165 824 2205 864 ἑξ
2229 821 2407 868 ἀναβολῆς

178 860 270 905 μήτε
300 862 339 902 ἐξ
371 861 561 907 ἐλλείψεως
592 864 654 906 τῆς
685 865 802 897 αἰσίοις
834 869 1075 909 σιτοπομπίας
1102 867 1286 912 γενέσθαι.
1335 865 1354 900 ό
1386 870 1510 910 μέντοι
1536 867 1773 912 περίβλεπτος
1798 865 2049 911 αὐγουστάλιος
2073 872 2132 901 καὶ
2156 867 2177 911 ἡ
2204 870 2406 912 πειθομένη

179 906 278 946 τάξις
304 904 410 951 αὐτῷ,
446 907 537 942 κατὰ
557 912 647 952 μιάν
671 907 719 942 ιὸς
742 909 880 954 εἴρηται
904 913 1075 954 γενομένη
1100 911 1307 956 συστροφήν
1331 925 1370 945 τε
1393 915 1452 946 καὶ
1476 914 1610 946 ἕνωσιν
1635 914 1673 946 ἔκ
1697 927 1736 947 τε
1759 913 1836 946 τῶν
1861 910 2179 957 αὖγουσταλιανῶν
2204 915 2242 947 ἔκ
2266 927 2306 947 τε
2329 916 2407 948 τῶν

181 955 370 996 προτέρων
400 951 586 995 δουκικιῦν,
618 951 680 986 τὰς
712 951 914 999 εἰσπράξεις
944 954 1160 998 ποιήσονται
1184 959 1262 990 τῶν
1286 957 1427 991 πόλεων
1451 961 1510 990 καὶ
1535 958 1612 991 τῶν
1635 958 1764 992 τόπων
1787 961 1845 991 καὶ
1870 960 1947 991 τῶν
1971 959 2183 1004 προσώπων
2206 960 2283 992 τῶν
2307 957 2405 1004 ἆφω-
2435 962 2473 994 15

180 1000 359 1043 ρισμένων
391 998 429 1031 ἔκ
460 1011 501 1032 τε
530 999 593 1040 τῆς
614 995 880 1046 Ἀλεξανδρέων
913 1004 972 1033 καὶ
997 1001 1164 1046 ἑκατέρας
1187 1001 1376 1048 Αἰγύπτου
1401 1003 1453 1044 τῷ
1479 999 1659 1049 ἀποδέκτῃ
1684 1004 1762 1037 τῶν
1785 1001 1942 1045 ναύλων,
1967 1001 2100 1047 ὁμοίως
2123 1007 2183 1037 καὶ
2209 1001 2319 1038 αὐτοῦ
2344 1005 2407 1038 τοῦ

179 1042 260 1076 τῶν
291 1042 438 1076 vallem
473 1039 675 1078 ἄποδέκτου
707 1042 776 1087 τὴν
808 1045 980 1087 τοιαύτην
1004 1045 1194 1090 εἴσπραξιν
1219 1050 1443 1090 ποιουμένου,
1479 1045 1531 1092 ἐφ’
1560 1048 1588 1090 ᾧ
1611 1061 1649 1081 τε
1671 1048 1790 1091 οἰκείῳ
1815 1046 1982 1092 κινδύνῳω
1997 1047 2065 1082 τόν
2088 1062 2127 1082 τε
2152 1044 2408 1094 αὖγουστάλιον

179 1086 227 1120 αἶς
250 1087 387 1134 εἴρηται
417 1086 484 1130 τήν
514 1101 554 1121 τε
586 1086 697 1122 αὐτοῦ
727 1089 833 1129 τάξιν
865 1091 982 1125 ταῖτα
1012 1088 1180 1125 ἀπαιτεῖν
1211 1088 1286 1135 ἅμα
1318 1094 1371 1135 τῷ
1405 1090 1586 1140 άποδέκτῃ
1618 1094 1695 1126 τῶν
1726 1092 1889 1126 ναύλων·
1925 1093 2004 1137 <ῳ>
2035 1097 2094 1127 καὶ
2119 1092 2219 1137 αὐτῷ
2245 1092 2408 1128 κίνδυνος

179 1134 310 1176 ἐπέστη
337 1134 399 1175 τῆς
428 1133 571 1167 τούτων
603 1131 834 1179 εἰσπράξεως,
866 1132 959 1170 ὥστε
991 1133 1186 1180 ἀμέμπτως
1214 1141 1273 1170 καὶ
1308 1136 1477 1171 ἀπαιτεῖν
1502 1138 1543 1171 τὸ
1568 1142 1714 1185 χρυσίον
1738 1142 1797 1171 καὶ
1821 1136 2025 1172 ἐπιδιδόναι
2048 1140 2092 1186 τῇ
2118 1140 2282 1185 εἰρημένῃ
2306 1143 2406 1182 χρεία

179 1180 238 1210 καὶ
271 1175 454 1221 διανέμειν
484 1182 558 1212 τοῖς
584 1178 792 1223 ναυκλήροις
822 1180 912 1214 κατὰ
944 1179 988 1214 τὸ
1021 1184 1123 1227 μέχρι
1146 1182 1259 1226 (νῖν)
1283 1182 1503 1226 εἰθισμεί«ὀν,
1530 1183 1768 1217 συνανιόντος
1793 1187 1852 1216 καὶ
1877 1181 2209 1229 συγκινδυνεύοντος
2233 1187 2285 1227 τῷ
2308 1182 2407 1227 αὐτῷ
2433 1186 2475 1218 20

177 1219 359 1270 οῗποδέκτῃ
384 1224 461 1257 τῶν
482 1223 628 1258 ναύλων
652 1224 743 1270 πρὸς
768 1221 918 1259 ἅπαντα
941 1227 1005 1259 τοῦ
1031 1226 1272 1272 περιβλέπτου
1298 1225 1558 1273 αὖγουσταλίου
1581 1230 1643 1271 τῆς
1667 1242 1706 1262 τε
1731 1228 1949 1272 πειθομένης
1974 1226 2071 1272 αι’-τῷ
2097 1228 2232 1269 τάξεως
2255 1231 2408 1263 καὶτῶν

179 1266 449 1313 ἀνδρειοτάτων
479 1267 678 1315 ταγμάτων
707 1271 785 1303 τῶν
817 1272 856 1303 ἐν
887 1274 959 1304 τοῖς
990 1270 1116 1305 τόποις
1148 1271 1271 1306 ὄντων
1301 1272 1366 1305 σὺν
1398 1276 1470 1306 τοῖς
1504 1271 1627 1307 αὐτῶν
1655 1274 1867 1319 τριβούνοις.
1917 1273 1973 1307 οἶα
1999 1275 2181 1318 προσῆκον
2206 1275 2244 1307 ἐκ
2269 1274 2407 1317 τρόπου

179 1313 316 1347 παντὸς
345 1312 414 1348 τὸν
444 1315 522 1348 τῶν
554 1314 701 1348 ναύλων
731 1314 1039 1360 ἀποπληροῦσθαι
1070 1314 1179 1363 λόγον
1210 1321 1269 1351 καὶ
1295 1315 1469 1351 δίδοσθαι
1494 1319 1626 1352 τοῦτον
1650 1321 1702 1361 τῷ
1725 1316 1906 1365 άποδέκτῃ
1931 1322 1990 1352 καὶ
2016 1316 2060 1352 δι’
2088 1316 2199 1353 αὐτοῦ
2225 1320 2317 1353 κατὰ
2341 1319 2409 1352 τὸν

179 1356 407 1403 προσήκοντα
438 1363 497 1392 καὶ
528 1364 789 1404 νενομισμένον
820 1359 1041 1395 διοικεῖσθαι
1073 1375 1094 1395 τ
1118 1361 1213 1397 όπον
1243 1366 1302 1396 καὶ
1332 1364 1559 1407 παρέχεσθαι
1590 1367 1662 1397 τοῖς
1693 1363 1902 1409 ναυκλήροις
1935 1360 2024 1408 ὑπὲρ
2056 1363 2170 1406 πόσης
2201 1365 2263 1406 τῆς
2292 1365 2409 1397 αἰσιάς

179 1404 339 1447 ἐμβολῆς.
389 1407 448 1483 κῖἳιῐ
482 1400 571 1448 αὕτη
595 1408 661 1449 μὲν
685 1405 812 1451 πρώτη
840 1410 985 1452 φροντὶς
1009 1409 1068 1440 καὶ
1093 1375 1264 1451 διοίκησις
1284 1408 1390 1454 ἑαυτῇ
1416 1411 1621 1452 συνημμένη
1646 1410 1848 1455 γενήσεται,
1874 1405 1896 1452 ἤ
1920 1422 1959 1442 τε
1982 1411 2044 1452 τῆς
2069 1410 2185 1443 αἰσίας
2209 1408 2360 1453 ἐμβολῆς
2384 1406 2404 1451 ἤ
2432 1411 2474 1443 25

177 1462 217 1482 τε
240 1462 317 1483 των
340 1463 409 1483 ναυ
424 1463 498 1484 ,ων.

1168 1497 1324 1532 CAPUT
1347 1498 1409 1533 IX.

312 1559 372 1595 Ἐν
397 1559 544 1606 δευτέρα
569 1561 608 1596 δὲ
630 1563 731 1603 τάξει
753 1562 962 1608 βουλόμεθα
986 1562 1054 1607 τήν
1078 1577 1117 1598 τε
1141 1564 1207 1607 σὴν
1231 1563 1411 1609 ὑπεροχὴν
1435 1568 1494 1599 καὶ
1518 1566 1586 1600 τὸν
1611 1566 1704 1600 κατὰ
1728 1566 1855 1612 καιρὸν
1879 1565 2038 1610 ἄρχοντα
2063 1566 2196 1610 ταύτης
2220 1569 2283 1610 τῆς
2299 1565 2408 1612 ἀρχῆς

179 1609 239 1639 καὶ
269 1608 350 1640 τούς
382 1621 422 1640 τε
453 1611 691 1652 σκρινιαρίους
721 1612 779 1642 καὶ
813 1609 1031 1654 τρακτευτὰς
1062 1607 1125 1643 δύο
1149 1623 1187 1643 τε
1211 1609 1416 1656 Αἰγύπτιον
1441 1614 1500 1644 καὶ
1521 1609 1786 1657 Ἀλεξανδρείας
1811 1615 1980 1659 προνοεῖν
2003 1613 2066 1654 τῆς
2090 1612 2309 1657 εἰσπράξεως
2332 1614 2410 1646 τῶν

183 1651 367 1694 δημοσίων
392 1651 519 1697 φόρων
542 1654 620 1686 τῶν
645 1654 691 1687 εἰς
715 1655 888 1700 ἑκατέραν
913 1653 1099 1699 τράπεζαν
1123 1655 1390 1701 εἰσφερομένων
1413 1657 1477 1689 τοῦ
1504 1655 1732 1702 δικαστηρίου
1757 1658 1819 1699 τῆς
1843 1657 1905 1699 σῆς
1929 1654 2112 1701 ὑπεροχῆς,
2139 1657 2207 1700 τήν
2227 1671 2267 1692 τε
2291 1656 2409 1700 ἰδικην

178 1696 247 1739 τήν
278 1711 318 1730 τε
347 1697 504 1743 γενικήν,
537 1696 673 1741 δηλαδὴ
707 1699 745 1739 ἐξ
777 1701 926 1734 ἐκείνων
957 1701 1034 1734 τῶν
1066 1699 1210 1735 πόλεων
1241 1704 1300 1734 καὶ
1330 1702 1409 1735 τιῦν
1440 1699 1653 1746 προσώπων
1685 1705 1745 1735 καὶ
1776 1703 1853 1735 τῶν
1877 1701 2020 1735 τούτων
2044 1704 2228 1748 ἐγγυητῶν
2248 1703 2409 1736 καὶτῶν
2434 1704 2475 1736 30

179 1742 307 1775 τόπων
331 1744 407 1776 τῶν
432 1745 479 1776 εἰς
503 1744 609 1777 τοῦτο
634 1744 675 1777 τὸ
698 1747 801 1789 μέρος
825 1742 1118 1790 οἷφορισθέντων,
1142 1742 1448 1791 ὑποτεταγμένων
1473 1750 1532 1779 καὶ
1557 1744 1682 1780 αὐτῶν
1706 1744 1792 1792 τῇδε
1816 1747 1861 1792 τῇ
1886 1747 1974 1788 θείᾳ
1991 1747 2204 1789 νομοθεσίᾳ.
2243 1746 2284 1781 οὐ
2303 1745 2409 1780 δυνα-

178 1789 303 1829 μένων
334 1786 522 1821 παντελῶς
552 1785 636 1821 οἰδὲ
665 1790 727 1822 τοῦ
761 1789 1002 1833 περιβλέπτου
1037 1788 1291 1836 αὐγουσταλιόυ
1326 1787 1409 1823 οὐδὲ
1431 1792 1494 1832 τῆς
1518 1792 1740 1835 πειθομένης
1765 1789 1864 1833 αὐτῷ
1887 1789 2022 1831 τάξεως
2046 1788 2128 1824 οὐδὲ
2151 1793 2215 1825 τοῦ
2240 1790 2409 1838 θεοφιλε-

179 1831 312 1864 στάτου
337 1832 536 1866 ἐπισκόπου
559 1833 620 1875 τῆς
641 1830 906 1879 Ἀλεξανδρέων
929 1834 1039 1880 λόγον
1060 1837 1229 1880 παρέχειν
1251 1833 1273 1876 ἢ
1295 1835 1521 1880 ἐξαιρεῖσθαι
1547 1837 1610 1879 τῆς
1634 1836 1854 1881 εἰσπράξεως
1878 1836 1939 1879 τῆς
1964 1834 2134 1880 δημοσίας
2151 1835 2253 1871 τινὰς
2277 1834 2299 1880 ἢ
2332 1838 2408 1870 ἑπι-

178 1880 367 1910 κοινωνεῖν
398 1874 491 1910 καθ’
523 1877 672 1912 οἱανοῦν
705 1880 825 1913 αἰτίαν
855 1880 899 1926 τῇ
924 1880 1089 1927 εἰρημένῃ
1115 1879 1300 1923 εἰσπράξει
1323 1881 1369 1925 τῇ
1394 1877 1575 1927 ἄνηκούσῃ
1600 1884 1677 1915 ταῖς
1701 1883 1895 1925 τραπέζαις
1918 1882 1981 1924 τῆς
2006 1882 2069 1924 σῆς
2092 1879 2267 1927 ὑπεροχῆς
2291 1879 2313 1925 ἢ
2337 1884 2411 1915 τοῖς

178 1920 387 1967 προσώποις
418 1925 490 1955 τοῖς
523 1920 785 1969 ἀφωρισμένοις
811 1923 913 1971 αὐτῇ,
938 1924 1034 1968 πλὴν
1059 1926 1090 1958 εἰ
1113 1925 1161 1969 μὴ
1184 1925 1358 1969 βοηθείας
1382 1926 1487 1960 ἕνεκα
1511 1928 1621 1960 τοῦτο
1647 1925 1833 1969 αἰτήσειαν
1856 1926 2030 1973 γενέσθαι
2055 1926 2088 1960 οἱ
2112 1931 2326 1972 τρακτευταὶ
2350 1930 2408 1960 καὶ
2435 1930 2476 1961 35

179 2089 371 2124 naulorum
402 2087 604 2133 susceptori
634 2088 795 2123 volumus
826 2099 899 2123 non
928 2089 1036 2124 licere
1067 2089 1231 2124 omnibus
1262 2100 1338 2124 sese
1362 2090 1561 2125 immiscere
1581 2090 1737 2136 publicis
1761 2090 1915 2133 tribulis,
1939 2094 1974 2126 et
1997 2093 2184 2126 nonnullis
2207 2092 2409 2128 debitorum

178 2134 359 2168 remittere
391 2138 428 2168 et
459 2132 683 2167 endomatica
715 2144 809 2178 quae
840 2137 1017 2168 vocantur
1039 2134 1234 2180 percipere
1265 2134 1388 2179 itaque
1407 2134 1534 2178 fiscum
1559 2134 1761 2180 neqleqere‚
1794 2135 1839 2170 ab
1863 2135 1948 2170 aliis
1970 2146 2055 2170 vero
2077 2140 2226 2182 praeter
2248 2137 2287 2171 id
2310 2139 2410 2182 quod

179 2179 344 2214 convenit
375 2179 525 2224 exiqere
557 2182 592 2212 et
620 2178 706 2223 plus
736 2178 836 2224 forte
868 2189 977 2223 quam
1009 2183 1115 2213 antea
1148 2184 1184 2213 et
1212 2185 1360 2224 praeter
1393 2179 1554 2224 leqitima
1589 2186 1769 2225 tempora,
1802 2179 1957 2225 indeque
1979 2181 2203 2216 occasionem
2222 2186 2348 2227 petere
2371 2188 2406 2218 et

178 2224 320 2259 initium
344 2222 624 2268 confundendae
648 2223 713 2265 rei,
738 2223 932 2258 naulorum
957 2224 1202 2258 necessitatem
1218 2234 1358 2270 semper
1372 2223 1634 2269 praetendenti,
1660 2235 1709 2259 ex
1725 2225 1944 2269 confusione
1959 2235 2043 2260 vero
2061 2236 2164 2261 suum
2180 2227 2295 2272 ipsius
2311 2238 2404 2262 com-

179 2269 322 2304 modum
348 2279 389 2302 ca
403 2268 521 2309 nanti,
544 2271 578 2302 et
601 2278 742 2302 mensas
765 2268 817 2302 tui
843 2268 1034 2302 tribunalis
1057 2267 1278 2314 despicienti,
1302 2269 1466 2303 similiter
1489 2278 1581 2303 vero·
1600 2269 1721 2303 omnia
1746 2269 1841 2303 lucri
1857 2279 1968 2303 causa
1983 2270 2052 2305 sibi
2068 2271 2230 2306 subicere
2247 2274 2406 2308 conanti.

313 2313 378 2348 VII
403 2341 411 2348 .
461 2312 638 2355 Quoniam
669 2313 782 2358 iyitur
811 2313 1012 2348 sublimitas
1045 2317 1107 2347 tua
1140 2313 1333 2358 viqilanter
1364 2317 1492 2348 cuncta
1517 2313 1776 2348 administrans
1800 2324 1866 2348 nos
1889 2314 2042 2356 edocuit,
2078 2320 2237 2360 quantus
2261 2326 2406 2363 compu-

182 2363 276 2395 tetur
299 2359 491 2393 naulorum
527 2368 645 2392 canon
669 2368 718 2393 ex
741 2357 1073 2393 Alexandrinorum
1098 2357 1184 2393 urbe
1207 2358 1509 2399 subministratus,
1534 2357 1584 2392 ad
1606 2358 1793 2403 octoqinta
1818 2358 1918 2393 milia
1943 2370 2148 2403 aureorum,
2173 2362 2281 2395 etiam
2303 2362 2407 2406 felici

176 2405 358 2449 frumenti
385 2403 555 2438 missione
586 2403 746 2448 octoqies
771 2407 920 2438 centena
945 2402 1043 2437 milia
1064 2402 1274 2448 complente,
1299 2403 1463 2437 volumus
1487 2402 1575 2438 haec
1598 2403 1784 2447 octoqinta
1809 2404 1909 2438 milia
1934 2415 2128 2438 aureorum
2162 2405 2245 2440 dari
2277 2406 2406 2441 naulo-

178 2460 258 2484 rum
282 2450 486 2494 susceptori
509 2458 558 2483 ex
577 2448 745 2482 subiectis
764 2448 965 2493 provinciis
988 2452 1022 2481 et
1046 2447 1193 2482 urbibus
1217 2451 1251 2482 et
1274 2447 1362 2483 locis
1387 2451 1422 2482 et
1441 2448 1628 2493 personis:
1653 2447 1732 2482 ideo
1757 2448 1849 2482 enim
1875 2448 1968 2482 hanc
1984 2449 2245 2494 deleqationem
2263 2450 2406 2495 larqam

177 2494 344 2539 fecimus,
369 2505 414 2528 ne
432 2492 522 2538 quid
546 2492 690 2527 omnino
715 2503 829 2537 neque
853 2503 902 2527 ex
925 2492 1097 2527 dilatione
1118 2502 1233 2537 neque
1256 2503 1306 2528 ex
1330 2492 1474 2537 defectu
1497 2492 1620 2536 felicis
1642 2492 1820 2537 frumenti
1853 2493 2032 2528 missionis
2056 2494 2207 2529 accidat.
2255 2494 2404 2541 Specta-

180 2539 261 2573 bilis
285 2542 403 2573 autem
427 2537 641 2582 Auqustalis
661 2541 696 2572 et
712 2537 811 2582 quod
827 2538 860 2572 ei
871 2540 980 2582 paret
996 2537 1169 2582 officium,
1188 2536 1236 2572 ad
1252 2548 1358 2571 unam
1377 2540 1416 2571 ut
1431 2536 1563 2571 dictum
1579 2542 1631 2571 est
1647 2547 1696 2572 ex
1712 2537 1979 2582 auyustalianis
1994 2542 2029 2573 el
2048 2539 2111 2584 qui
2125 2540 2234 2585 prius
2248 2541 2404 2584 fuerant

180 2584 345 2619 ducianis
377 2583 664 2617 coniunctionem
696 2587 730 2616 et
755 2582 1003 2626 confusionem
1027 2581 1224 2623 redactum,
1256 2582 1465 2617 exactiones
1487 2582 1630 2626 facient
1652 2592 1701 2616 ex
1724 2581 1870 2616 urbibus
1893 2587 1929 2617 et
1953 2583 2041 2618 loc1's
2064 2588 2098 2618 et
2119 2585 2288 2628 personis
2311 2585 2402 2620 dele-

179 2629 276 2673 yate‘s
309 2628 501 2662 naulorum
534 2626 738 2672 susceptori
771 2637 819 2661 ex
843 2626 1177 2661 Alexandrinorum
1204 2627 1291 2661 arbe
1314 2631 1349 2662 et
1372 2631 1527 2671 utraque
1550 2628 1730 2672 Aeqypto,
1755 2626 1919 2662 sinu‘liler
1939 2628 2017 2672 ipso
2043 2638 2186 2674 quoque
2209 2629 2402 2664 naulorum

179 2677 390 2718 susceptore
418 2670 511 2705 hanc
542 2671 769 2705 exactionem
797 2671 968 2715 faciente,
1002 2674 1041 2706 ut
1064 2682 1134 2716 pro
1165 2672 1220 2706 rio
1244 2671 1407 2716 periculo
1433 2676 1466 2705 et
1490 2671 1702 2723 Augsustalis
1724 2672 1819 2706 sicut
1842 2671 1975 2706 dictum
1999 2680 2052 2707 est
2075 2677 2110 2708 et
2134 2675 2212 2708 eius
2236 2675 2402 2720 officium

181 2718 268 2752 haec
293 2718 420 2762 exiqat
443 2727 517 2750 una
542 2726 620 2749 cum
645 2720 854 2761 susceptore
877 2715 1079 2750 naulorum.
1147 2716 1194 2750 'ui
1215 2716 1289 2761 ipsi
1307 2726 1450 2761 quoque
1467 2715 1672 2761 periculum
1697 2716 1855 2750 imminet
1878 2715 2005 2751 horum
2030 2719 2245 2760 exactionis,
2271 2723 2310 2754 ut
2324 2720 2403 2754 sine

179 2761 458 2807 reprehensione
487 2771 615 2795 amum
646 2761 775 2806 exiyat
804 2763 839 2795 et
869 2761 905 2795 in
938 2759 1032 2794 hunc
1063 2771 1166 2795 usum
1197 2760 1381 2807 expendat
1412 2764 1446 2795 et
1477 2760 1711 2794 naviculariis
1741 2759 1936 2796 distribuat
1962 2762 2056 2797 sicut
2088 2762 2261 2798 haetenus
2292 2765 2403 2799 moris

178 2808 276 2852 suit,·
306 2816 386 2841 cum
417 2805 539 2841 eodem
571 2805 763 2840 naulorum
794 2810 1004 2850 susceptore
1036 2804 1124 2840 haec
1153 2809 1352 2851 peraqente
1386 2809 1420 2839 et
1445 2805 1649 2850 periculum
1681 2804 1852 2840 subeunte
1883 2806 1920 2840 in
1954 2807 2116 2842 omnibus
2139 2808 2336 2854 Auqustali
2367 2813 2403 2843 et

180 2852 307 2896 officio
341 2851 440 2896 quod
472 2851 504 2885 ei
523 2856 630 2895 paret
653 2854 688 2884 et
710 2850 922 2895 fortissimis
947 2849 1153 2884 cohortibus
1171 2860 1242 2894 per
1267 2850 1345 2885 loca
1371 2850 1575 2884 constitutis
1598 2860 1677 2884 cum
1702 2850 1778 2884 suis
1804 2849 1964 2885 tribunis.
2018 2851 2166 2898 Oportet
2187 2854 2280 2888 enim
2306 2854 2404 2888 enini

179 2897 285 2930 modo
311 2896 503 2929 naulorum
528 2895 702 2929 rationem
728 2895 900 2939 compleri
923 2899 958 2929 et
984 2894 1081 2928 tradi
1102 2895 1306 2940 susceptori
1328 2898 1362 2928 et
1386 2895 1429 2929 ab
1454 2905 1496 2928 eo
1521 2894 1651 2928 iustum
1677 2898 1711 2929 el
1728 2893 1921 2939 leyitimum
1939 2896 1976 2930 in
1992 2897 2134 2931 modum
2152 2897 2402 2933 administrari

180 2945 215 2975 et
246 2939 480 2974 naviculariis
509 2940 694 2984 praestari
717 2949 791 2983 pro
819 2943 894 2973 tota
915 2939 1018 2983 felici
1042 2939 1190 2974 embola.
1239 2939 1287 2973 Et
1313 2938 1400 2973 haec
1426 2938 1567 2983 quidem
1591 2939 1711 2984 prima
1735 2949 1824 2973 cura
1849 2940 1918 2975 erit
1937 2943 1971 2974 et
1993 2941 2258 2976 administratio
2282 2953 2400 2976 secum

182 2985 386 3025 coniuncta,
407 2984 529 3028 felicis
553 2982 710 3017 embolae
734 2987 769 3017 et
792 2983 995 3017 nardorum.

315 3028 375 3061 IX.
425 3027 589 3062 Secundo
626 3035 744 3060 autem
782 3027 858 3061 loco
891 3028 1053 3062 volumus
1082 3027 1334 3063 sublimitatem
1369 3031 1466 3062 tuam
1499 3030 1532 3062 et
1564 3027 1626 3072 qui
1658 3038 1802 3072 quoque
1834 3031 1992 3074 tempore
2023 3029 2118 3065 hunc
2149 3030 2399 3075 irzaqist7·cit112n

180 3078 350 3119 ymanus
374 3077 426 3107 est
450 3078 483 3107 et
507 3072 719 3106 scriniarios
742 3075 775 3106 et
802 3077 1018 3106 tractatores
1042 3073 1230 3118 utriusque
1254 3072 1411 3117 Aeqpspti
1435 3076 1470 3106 et
1485 3071 1732 3107 Alexandriae
1747 3072 1958 3117 prospicere
1976 3075 2162 3108 exactioni
2173 3074 2399 3120 publicorum

181 3119 392 3153 tributorum
426 3116 475 3151 ad
506 3122 696 3160 utramque
728 3126 882 3150 mensam
915 3116 1105 3150 tribunalis
1136 3122 1218 3152 tuae
1248 3117 1478 3151 sublimitatis
1509 3117 1812 3161 confi'renclorum
1844 3121 1880 3151 et
1908 3119 2099 3163 specialem
2131 3124 2167 3153 et
2197 3119 2401 3163 qeneralem

180 3164 365 3203 nimirum,
396 3172 445 3196 ex
477 3161 623 3196 urbibus
650 3165 684 3195 et
729 3162 880 3195 ›ersonis
912 3172 1105 3206 earumque
1133 3161 1406 3206 fideiussorilncs
1431 3165 1464 3195 et
1490 3161 1579 3195 locis
1603 3160 1651 3194 ad
1675 3160 1769 3195 hanc
1787 3166 1932 3206 partem
1956 3162 2151 3208 deputatis,
2176 3163 2344 3199 subiectis
2367 3166 2402 3197 et

180 3209 269 3253 ipsis
299 3207 382 3241 hnic
413 3216 541 3240 sacrae
571 3205 652 3251 lessi.
739 3215 778 3239 ec
801 3206 920 3251 possit
947 3208 1092 3240 omnino
1117 3217 1232 3251 neque
1256 3205 1462 3251 spectabilis
1487 3205 1700 3250 Auqustalis
1724 3216 1838 3250 neque
1861 3206 2025 3251 officium
2049 3208 2082 3242 ei
2097 3218 2232 3253 parens
2255 3218 2321 3243 nec
2343 3207 2401 3242 dci

180 3252 445 3287 ‹miantissimus
473 3252 665 3296 episcones
690 3250 1020 3285 Alexandrinorum
1053 3249 1157 3296 λόγον
1188 3251 1276 3285 dare
1308 3254 1372 3284 aut
1400 3250 1558 3284 eximere
1590 3249 1763 3294 quosdam
1795 3261 1817 3284 a
1848 3251 1994 3295 publiea
2026 3253 2218 3287 eccactione
2250 3257 2313 3287 aut
2338 3254 2400 3287 im-

180 3298 328 3331 miscere
359 3307 398 3331 se
427 3296 537 3330 ullam
570 3307 590 3330 0
649 3305 795 3329 causam
830 3294 913 3329 huic
936 3295 1122 3330 exactioni
1146 3295 1194 3329 ad
1217 3294 1445 3330 sublimitatis
1469 3299 1551 3329 tuae
1575 3305 1716 3329 mensas
1739 3294 1813 3330 sive
1832 3305 2012 3339 personas
2036 3297 2085 3332 ad
2108 3308 2184 3332 eam
2210 3297 2402 3344 deputatas

178 3341 385 3388 pertinenti,
418 3341 489 3374 nisi
520 3339 652 3375 auxilii
680 3340 802 3384 qratia
834 3339 901 3374 hoc
925 3344 963 3374 ut
984 3340 1052 3383 siat
1075 3340 1245 3385 petierint
1271 3342 1487 3374 tractatores
1510 3343 1545 3374 et
1569 3340 1631 3384 qui
1655 3339 1771 3374 locum
1796 3350 1917 3374 eorum
1943 3341 1980 3375 in
2002 3342 2195 3387 provincia
2218 3342 2398 3388 supplent.

2446 2166 2460 2186 ⁸

228 3512 247 3542 3
276 3511 400 3543 πλεῖον
424 3508 509 3540 ἴσως
528 3507 550 3548 ἢ
575 3508 756 3551 πρότερον
781 3509 897 3548 Kroll]
931 3505 1088 3541 πλείονες
1113 3503 1160 3541 ὠς
1182 3507 1256 3551 βιό-
1326 3506 1337 3550 Η
1362 3507 1404 3540 25
1430 3503 1519 3551 αἰτῇ
1546 3505 1734 3539 Zachariae
1758 3508 1840 3539 male
1866 3507 1877 3549 ΙΙ
1908 3510 1950 3541 28
1974 3508 2178 3552 Αἰγύπτων
2203 3507 2399 3549 Zachariae]

183 3567 288 3597 τερον
309 3555 356 3592 M,
377 3551 504 3586 πλεῖον
528 3550 550 3594 ἢ
573 3549 619 3585 ciis
643 3552 822 3595 πρότερον
841 3551 1026 3586 Zachariae
1042 3552 1054 3596 ΙΙ
1073 3554 1093 3585 4
1118 3549 1259 3595 καιρούς
1328 3548 1389 3583 απ’
1418 3548 1591 3595 αἰγύπτου
1606 3551 1647 3583 Μ
1661 3551 1672 3594 ΙΙ
1692 3553 1733 3583 29
1757 3551 1802 3593 τῆ
1826 3563 1865 3584 τε
1882 3549 1976 3593 ι’δικῆ
1994 3554 2038 3593 τῆ
2055 3565 2094 3586 τε
2113 3554 2235 3597 γενικῆ
2247 3554 2299 3596 M,
2318 3566 2399 3587 corr.

185 3601 263 3632 add.
287 3597 472 3637 Zachariae
500 3598 512 3641 ΙΙ
551 3600 586 3631 11
614 3596 826 3642 προσώπων
855 3596 1100 3640 Osenbriiqqen]
1126 3595 1257 3640 προσό·
1331 3594 1515 3629 Zachariae
1543 3596 1555 3638 ΙΙ
1587 3597 1628 3629 33
1661 3596 1722 3637 τῆς
1750 3594 1944 3636 Zachariae]
1977 3598 2055 3629 τῶν
2079 3598 2125 3629 M
2149 3598 2161 3640 Η
2195 3598 2270 3630 τῶν
2293 3596 2399 3640 δημο-

185 3640 261 3675 δων
278 3644 343 3684 Mn
368 3645 405 3676 18
430 3639 459 3684 ᾧ
486 3644 562 3675 add.
584 3643 679 3675 Kroll
695 3643 707 3684 H
727 3644 767 3675 20
793 3643 859 3675 νῦν
877 3643 952 3675 add.
970 3643 1132 3684 Scrimyer
1149 3642 1160 3684 ΙΙ
1178 3652 1257 3673 συν-
1328 3643 1422 3673 olam
1447 3639 1632 3674 Zachariae
1665 3641 1676 3683 ΙΙ
1709 3642 1751 3674 35
1783 3636 1882 3673 αι’ντῶ
1908 3641 1958 3682 ils,
1984 3653 2065 3675 corr.
2092 3640 2276 3676 Zachariae

185 3685 453 3722 κινδυνεύοντος
470 3687 533 3731 llll!
553 3689 594 3720 23
620 3683 915 3731 ἄποκληροῦσθαι
933 3687 980 3728 Μ,
998 3700 1078 3720 corr.
1095 3688 1259 3731 Ayylaeas
