2618 4010
245 132 352 176 Nov.
383 133 521 176 LXVI
542 146 603 187 pr.
637 137 656 175 1
1326 132 1413 180 340
2030 153 2091 183 U'r
2119 149 2297 182 FACTAE
2324 148 2476 183 Noun

754 271 814 321 E}
1747 280 1877 318 vai.
1924 281 2473 320 Auth.va1n.0011.vtit.16

349 345 466 379 ΠΕΡΙ
490 344 600 379 ΤΟΥ
626 346 731 380 ΤΑΣ
755 347 1051 383 ΓΙΝΟΜΕΝΑΣ
1075 348 1207 381 ΝΕΑΣ
1509 346 1573 382 UT
1598 346 1628 380 F
1631 346 1794 382 AOTAE
1817 347 1985 386 NOVAE
2010 348 2428 387 OONSTITUTIONES

238 388 507 426 ΔΙΑΤΑΞΕΙΣ
530 391 682 426 ΜΕΤΑ
702 393 810 428 ΤΗΝ
831 394 1121 428 ΕΜΦΑΝΙΣΙΝ
1145 393 1323 428 ΑΥΤΩΝ
1392 391 1452 426 ΡΟ
1482 391 1513 426 T
1548 390 1938 429 INSINUATIONEM
1972 395 2148 432 EARUM
2186 395 2307 431 POST
2345 393 2472 430 DUOS

293 435 445 470 ΜΕΤΑ
470 435 568 470 ΔῩΟ
593 436 777 472 ΜΗΝΑΣ
802 439 1002 474 ΑΛΛΟΥΣ
1027 438 1268 473 KPATEIN.
1392 435 1587 471 MENSES
1630 436 1873 473 VALEANT.
1937 438 2113 476 PARGIT
2153 440 2328 476 AUTEM
2369 439 2471 475 NON

1358 482 1377 513 5
1393 480 1811 517 CUSTODIENTIBUS
1833 482 2198 521 SUBTILITATEM
2217 484 2470 521 CONSTITU-

1391 525 1582 561 TIONUM
1626 525 1784 562 SUPER
1826 527 2168 566 TESTAMENTIS
2209 530 2260 566 IN
2300 529 2470 566 RELIN-

1391 570 1591 615 QUENDO
1617 571 1920 616 QUADRANTE
1949 573 2047 609 AUT
2071 574 2171 611 NON
2195 574 2470 611 SCRIBENDO

1447 616 1547 652 AUT
1571 616 1675 652 NON
1698 617 1916 653 DICENDO
1941 618 2114 655 NOMEN
2137 620 2351 656 HEREDIS
2376 620 2417 667 Rc

234 665 271 703 Ὁ
288 668 393 705 αὐτὸς
412 668 579 714 βασιλεὺς
592 670 742 720 Ἰωάννῃ
761 672 817 716 τῷ
834 669 1058 715 ἐνδοξοτάτῳ
1085 669 1231 718 ἐπάρχῳ
1244 673 1323 707 τῶν
1391 671 1481 717 Imp.
1506 672 1725 709 Iustinianus
1745 674 1838 718 Aug.
1862 673 2015 710 Iohanni
2043 675 2195 721 glorioso
2225 688 2286 723 pp.
2314 676 2470 714 Orientis

236 713 346 761 ἱερῶν
363 716 425 758 τῆς
439 712 513 750 ‘'Eoe
531 721 768 762 πραιτωρίων
784 716 827 751 τὸ
843 713 896 760 β’,
917 716 989 751 ἀπὸ
1007 714 1160 751 ὑπάτων
1174 715 1320 763 (ὑπάτῳ
1337 718 1377 751 10
1738 719 1897 755 secundo
1922 722 1959 756 et
1983 721 2132 756 consuli.

528 758 742 808 ὃρδιναρίῳ)
765 765 826 795 καὶ
850 765 1042 807 πατρικίῳ.

279 828 578 874 (Προοίμιον.)
621 827 691 864 Ἀεὶ
721 831 799 864 τῶν
828 827 954 874 νόμων
983 826 1068 874 ἡμῖν
1098 827 1259 876 ἀφορμὰς
1283 829 1323 864 αι’
1445 829 1739 876 <Praefatio.>
1785 832 1932 877 Semper
1966 832 2082 877 legum
2122 833 2226 870 nobis
2262 834 2469 871 occasiones

234 872 314 906 τῶν
338 876 561 917 κινουμένων
584 872 805 909 ὑποθέσεων
828 877 1045 921 παρέχουσιν
1069 875 1194 909 αἰτίαι.
1235 874 1320 910 πολ-
1389 879 1566 910 motorum
1590 877 1813 921 negotiorum
1835 877 2081 923 praebuerunt
2112 888 2254 914 causae.
2300 879 2469 915 Plurimis

235 916 312 952 λῶν
331 917 399 965 γὰρ
421 918 442 962 ἡ
468 922 505 953 ῖν
526 918 790 966 προςελεύσεων
812 923 1017 967 γινομένων
1041 917 1219 967 προφάσει
1241 921 1319 955 τῶν
1389 920 1482 955 enim
1513 921 1617 956 nobis
1649 921 1866 958 aditionibus
1901 923 2009 958 factis
2043 923 2231 959 occasione
2265 926 2469 960 nostrarum

234 959 420 1017 ἡμετέρων
459 962 649 1007 ιατάξεων,
674 962 714 998 ἃς
730 967 791 1000 ἐπὶ
807 968 885 999 ταῖς
903 963 1083 1008 διαδοχαῖς
1098 963 1317 1012 ἐγράψαμεν,
1334 968 1373 1000 15
1389 967 1684 1002 constitutionum
1705 978 1794 1013 quas
1813 977 1922 1013 super
1939 968 2227 1005 successionibus
2249 969 2466 1014 scripsimus,

234 1010 364 1042 οποῖον
388 1006 432 1051 δὴ
453 1008 495 1043 τὸ
521 1013 603 1056 περὶ
627 1011 692 1044 τοῦ
714 1008 790 1044 δεῖν
813 1011 927 1053 οἰκείᾳ
950 1014 1041 1058 χειρὶ
1064 1011 1130 1045 τὸν
1155 1008 1316 1045 διατιθέ-
1388 1011 1493 1054 quale
1513 1014 1569 1047 est
1592 1015 1633 1047 ut
1648 1015 1814 1058 oporteat
1837 1014 1984 1059 propria
2006 1023 2115 1049 manu
2133 1017 2343 1050 testatorem
2366 1014 2467 1050 here-

232 1065 345 1098 μενον
375 1053 417 1087 τὸ
440 1055 503 1088 τοῦ
528 1052 749 1102 κληρονόμου
779 1056 931 1102 γράφειν
962 1055 1089 1100 ὄνομα,
1121 1059 1181 1090 καὶ
1210 1049 1318 1091 αὖθις
1387 1056 1441 1091 dis
1466 1057 1625 1092 scribere
1645 1068 1786 1102 nomen,
1813 1069 1857 1094 ex
1878 1059 2020 1104 quantis
2044 1058 2158 1095 unciis
2179 1059 2341 1105 reputari
2363 1069 2469 1105 opor-

234 1099 272 1131 έκ
296 1096 424 1133 πόσων
447 1096 605 1146 οὖγκιῶν
629 1098 841 1147 λογίζεσθαι
868 1100 934 1147 χρὴ
957 1099 1024 1136 τὸν
1043 1099 1250 1144 Φαλκίδιον,
1275 1100 1318 1135 ὃν
1385 1103 1462 1136 teat
1486 1101 1683 1138 Falcidiam
1708 1113 1814 1148 quam
1838 1103 1919 1139 filiis
1952 1108 2118 1149 parentes
2141 1105 2365 1150 relinquunt,
2397 1104 2469 1140 sive

232 1146 307 1178 τοῖς
330 1147 459 1178 παισὶν
482 1145 519 1178 οἱ
539 1147 654 1192 γονεῖς
677 1144 1023 1190 καταλιμπάνουσιν,
1049 1147 1119 1181 εἴτε
1144 1148 1182 1180 έκ
1202 1148 1318 1192 τριῶν
1387 1156 1431 1181 ex
1454 1147 1569 1182 tribus
1602 1148 1677 1183 sive
1707 1158 1754 1184 ex
1785 1151 1956 1194 quattuor
1987 1149 2061 1186 sive
2085 1150 2193 1185 etiam
2225 1160 2269 1185 ex
2291 1149 2468 1195 pluribus,

233 1188 304 1222 εἴτε
328 1191 388 1222 καὶ
412 1191 451 1223 ἐκ
474 1188 662 1237 τεττάρων
685 1191 757 1225 εἴτε
780 1194 840 1226 καὶ
863 1193 901 1225 έκ
926 1190 1117 1235 πλειόνων,
1148 1194 1208 1225 καὶ
1233 1191 1316 1227 πολ·
1331 1193 1373 1226 20
1388 1194 1424 1227 et
1447 1192 1568 1228 multis
1590 1195 1738 1239 propter
1760 1194 1830 1230 hoc
1846 1194 2136 1239 periclitantibus
2160 1195 2382 1231 testamentis
2408 1205 2468 1230 ca-

234 1232 310 1268 λιῦν
333 1232 392 1267 διά
416 1236 524 1269 τοῦτο
548 1234 844 1271 κινδυνευσασῶν
867 1234 1062 1280 διαθηκῶν
1085 1239 1249 1271 ἐκπεσεῖν
1271 1238 1318 1271 εἰς
1388 1237 1482 1282 dere,
1507 1247 1552 1273 ne
1574 1248 1653 1274 com
1679 1239 1840 1275 lerentur
1863 1249 1955 1284 quae
1975 1240 2012 1275 in
2037 1240 2088 1275 eis
2110 1240 2247 1285 scripta
2265 1243 2359 1282 sunt,
2385 1240 2470 1285 quia

232 1277 275 1313 τὸ
301 1278 351 1323 μὴ
376 1277 622 1325 πληρωθῆναι
645 1280 691 1315 τὰ
715 1283 755 1316 έν
780 1279 904 1316 αὐταῖς
926 1285 1164 1329 γεγραμμένα,
1189 1280 1249 1316 διὰ
1275 1281 1317 1317 τὸ
1386 1282 1471 1318 licet
1493 1282 1614 1318 factae
1638 1287 1710 1319 sint
1732 1285 1839 1329 leges,
1871 1289 1991 1320 tamen
2014 1295 2086 1320 non
2110 1289 2194 1321 sunt
2219 1286 2383 1330 cognitae
2406 1288 2469 1321 aut

232 1323 299 1358 κᾶν
334 1325 366 1358 εἰ
399 1324 593 1372 γεγόνασιν
625 1325 662 1361 οἱ
691 1325 813 1371 νόμοι,
851 1325 946 1370 πλὴν
976 1326 1025 1371 μὴ
1053 1328 1272 1375 γνωσθῆναι
1296 1323 1317 1370 ἢ
1386 1327 1664 1372 provincialibus
1697 1332 1762 1365 aut
1791 1330 1898 1365 etiam
1933 1329 1992 1365 hic
2022 1330 2181 1366 nondum
2211 1330 2307 1366 forte
2336 1340 2468 1375 propo-

231 1371 306 1403 τοῖς
335 1371 375 1403 ἐν
406 1373 484 1405 ταῖς
517 1373 703 1419 ἐπαρχίαις
735 1369 756 1415 ἢ
781 1375 841 1406 καὶ
866 1373 1051 1415 ἐνταῦθα,
1083 1372 1185 1407 οὔπω
1208 1374 1316 1415 τυχὸν
1385 1372 1477 1408 sitae
1507 1373 1665 1418 nullique
1689 1375 1957 1417 manifestatae,
1990 1376 2235 1412 necessarium
2267 1375 2466 1412 aestimavi-

232 1414 475 1459 προτεθέντες
491 1414 575 1450 οὐδὲ
589 1415 776 1463 γενόμενοι
794 1421 956 1464 φανεροί,
975 1415 1173 1465 ἀναγκαῖον
1190 1415 1314 1462 ᾠήθη·
1331 1420 1372 1453 25
1386 1428 1466 1454 mus
1490 1418 1577 1454 talia
1601 1420 1679 1463 lege
1703 1420 1804 1456 brevi
1827 1420 2016 1464 corrigere.

231 1473 299 1503 μεν
322 1459 368 1495 τὰ
389 1462 541 1495 τοιαῦτα
574 1460 675 1506 νόμῳ
699 1465 828 1509 βραχεῖ
850 1461 1097 1509 διορίσασθαι.

1239 1530 1398 1567 CAPUT
1428 1531 1456 1566 Ι.

286 1585 514 1629 Θεσπίζομεν
536 1588 670 1627 τοίνυν,
704 1586 743 1627 ἐξ
775 1587 911 1621 ἐκείνου
941 1586 1004 1622 τὰς
1035 1583 1206 1633 ἡμετέρας
1238 1585 1314 1621 δια-
1442 1587 1630 1623 Sancimus
1666 1588 1792 1632 igitur,
1834 1598 1878 1623 ex
1912 1589 1974 1624 illo
2011 1592 2152 1624 nostras
2192 1590 2467 1626 constitutiones

231 1627 348 1670 τάξεις
363 1628 426 1664 τὰς
441 1626 532 1676 ὑπὲρ
549 1628 744 1674 διαθηκῶν
762 1635 918 1678 κρατεῖν,
941 1632 979 1672 ἐξ
995 1628 1080 1666 ὅτου
1096 1635 1316 1678 καταφανεῖς
1386 1642 1477 1677 quae
1500 1643 1565 1678 pro
1582 1634 1806 1669 testamentis
1832 1637 1915 1669 sunt
1938 1634 2069 1677 valere,
2095 1644 2139 1669 ex
2163 1645 2233 1679 quo
2258 1635 2468 1671 manifestae

231 1674 272 1708 ἐν
295 1675 407 1718 κοινῷ
439 1678 620 1722 γεγόνασι,
654 1680 715 1710 καὶ
746 1675 813 1711 τὸν
845 1676 974 1724 χρόνον
1010 1678 1154 1712 ἐκεῖθεν
1193 1675 1316 1711 αὐταῖς
1384 1678 1422 1712 in
1443 1688 1630 1713 commune
1650 1677 1770 1714 factae
1790 1682 1885 1723 sunt,
1909 1693 2064 1711 nnn*
2087 1680 2309 1723 manifestae,
2329 1681 2367 1715 in
2383 1691 2467 1725 pro-

231 1718 528 1767 συλλογίζεσθαι,
553 1724 741 1756 τουτέστιν
766 1722 932 1756 ἐνταῦθα
955 1725 1023 1767 μὲν
1054 1723 1093 1763 ἐξ
1116 1718 1200 1757 ὅτου
1225 1723 1315 1757 πᾶσι
1329 1725 1370 1758 30
1384 1723 1509 1758 vinciis
1534 1725 1652 1759 autem
1678 1733 1722 1758 ex
1745 1734 1815 1768 quo
1841 1724 2000 1760 directae
2029 1734 2095 1770 per
2117 1726 2326 1771 metropolis
2376 1726 2467 1761 alam

230 1767 459 1809 κατέστησαν
479 1762 501 1808 ἢ
520 1766 691 1813 γεγόνασι
712 1770 876 1814 φανεραί,
901 1769 941 1801 έν
964 1770 1042 1802 ταῖς
1066 1769 1252 1814 ἐπαρχίαις
1276 1765 1316 1801 δὲ
1383 1768 1502 1804 factae
1538 1772 1623 1804 sunt
1658 1770 1712 1804 vel
1775 1771 1876 1805 ostea
1917 1769 2036 1805 factae
2075 1770 2226 1814 fuerint,
2272 1781 2317 1807 ne
2367 1781 2466 1816 egum

231 1809 270 1850 ἐξ
286 1807 617 1864 ὅτουλπεμφζεῖσαι
638 1809 834 1855 κατάδηλοι
858 1816 935 1847 ταῖς
952 1811 1197 1859 μητροπόλεσι
1215 1812 1313 1860 γεγό-
1383 1813 1608 1858 ignoratione
1624 1780 1821 1850 secumfum
1843 1814 1938 1860 quod
1959 1815 2092 1850 dudum
2111 1816 2227 1851 tenuit
2251 1818 2468 1853 testamenta

229 1865 339 1890 νασιν
362 1869 384 1899 η
407 1859 467 1890 καὶ
491 1867 644 1903 υστερον
666 1860 858 1904 γένωνται,
884 1859 944 1891 ἵνα
961 1857 1010 1902 μὴ
1030 1859 1074 1906 τῇ
1094 1859 1172 1892 τῶν
1189 1857 1315 1902 νόμων

229 1897 359 1948 ἀγνοίᾳ
398 1900 490 1936 κατὰ
527 1900 570 1935 τὸ
610 1902 741 1947 πρώην
779 1902 995 1948 κεκρατηκὸς
1035 1903 1096 1938 τὰς
1137 1900 1317 1946 διαθήκας

287 1992 373 2026 Νου.
388 1993 523 2026 LXVI
542 1993 704 2035 (Audierit.
719 1994 894 2028 LXVIII
912 2011 958 2024 ==
987 1994 1065 2028 ooli.
1087 1994 1182 2028 Vtit.
1198 1995 1256 2029 16:
1281 1994 1394 2038 qloss.)
1424 1993 1549 2028 Graece
1574 2001 1662 2028 extat
1683 1976 1718 2029 in
1743 1994 1800 2036 Μ,
1827 1995 1858 2028 L
1878 2003 2012 2038 praeter
2032 1997 2230 2039 prooemium
2255 2004 2286 2030 et
2308 1999 2467 2041 epiloqum

230 2038 488 2117 Ζιὲιὲιθέαῗὲηὼί
499 2040 700 2082 particulam
718 2051 791 2084 cap.
804 2040 829 2073 Ι
833 2052 886 2084 pr.
901 2040 958 2082 (—
971 2040 1120 2082 341,12)‚
1143 2041 1277 2074 eandem
1289 2039 1488 2083 particulam
1502 2040 1539 2072 B
1553 2041 1584 2082 2,
1599 2047 1628 2083 6,
1641 2047 1688 2074 22.
1700 2058 1746 2064 —
1764 2040 1855 2084 Epit.
1871 2041 1992 2075 Theod.
2007 2041 2063 2084 66,
2085 2041 2208 2076 Athan.
2224 2044 2256 2084 9,
2270 2050 2296 2076 5.
2344 2043 2466 2078 Iulian.

1285 2171 1424 2207 LXVI.

370 2239 435 2277 UT
453 2239 622 2278 NOVAE
643 2239 780 2283 QUAE
800 2238 962 2276 FIUNT
982 2236 1416 2275 CONSTITUTIONE'S
1438 2238 1710 2283 POSTQUAM
1729 2239 2046 2278 INSINUATAE'
2065 2241 2200 2278 SUNT
2219 2242 2349 2279 POST

950 2283 1082 2321 DUOS
1103 2283 1314 2320 MENSES
1335 2282 1487 2321 ALIOS
1512 2284 1744 2322 VALEANT.

229 2342 329 2379 Idem
353 2343 541 2389 Auqustus
565 2339 728 2378 Iohanni
754 2341 1019 2387 qloriosissimo
1047 2341 1237 2422 ρναεΐὲείο
1267 2352 1389 2431 sa>crot
1405 2334 1680 2422 perh-Orientem
1702 2343 1892 2390 praetorio
1917 2343 2064 2386 iterum,
2096 2345 2287 2380 exconsuli
2309 2346 2468 2391 <consuli

1116 2397 1160 2422 or
1185 2397 1305 2422 mario
1352 2397 1371 2422 e
1404 2398 1460 2433 pa
1499 2398 1578 2422 icio.

357 2455 614 2502 Praefatio.
663 2454 814 2502 Semper
832 2454 952 2501 lequm
977 2454 1273 2501 opportunitates
1297 2454 1401 2490 nobis
1425 2455 1655 2501 neqotiorum
1679 2466 1774 2501 quae
1794 2455 1983 2501 aqitantur
2005 2466 2136 2491 causae
2149 2457 2336 2502 praebent.
2372 2458 2466 2494 Nam

228 2513 308 2538 cum
332 2501 453 2536 multis
485 2499 709 2536 aditionibus
733 2503 907 2547 petamur
938 2500 1237 2536 constitutionum
1268 2503 1478 2535 nostrarum
1510 2510 1623 2535 causa
1655 2510 1748 2546 quas
1779 2500 1823 2536 de
1855 2501 2143 2536 successionibus
2174 2503 2466 2549 conscripsimus,

228 2547 337 2594 quale
360 2545 503 2592 quidem
534 2549 590 2582 est
620 2545 714 2581 illud
742 2545 843 2592 quod
865 2546 1029 2592 propria
1059 2555 1169 2580 manu
1196 2548 1347 2580 testator
1377 2543 1520 2581 heredis
1543 2555 1673 2580 nomen
1696 2544 1854 2581 scribere
1876 2545 2031 2590 iubetur,
2057 2546 2277 2592 pariterque
2303 2551 2395 2593 quot
2417 2559 2467 2584 eae

227 2592 345 2628 unciis
368 2590 534 2627 Falcidia
558 2602 668 2637 quam
693 2590 814 2627 liberis
835 2595 1008 2637 parentes
1031 2590 1243 2636 relinquunt
1265 2589 1510 2637 computanda
1534 2590 1593 2633 sit,
1623 2601 1708 2624 num
1732 2601 1783 2626 ex
1806 2590 1920 2625 tribus
1943 2601 1991 2625 an
2016 2601 2066 2627 ex
2088 2595 2264 2637 quattuor
2287 2604 2335 2628 an
2359 2593 2465 2628 etiam

228 2648 278 2673 ex
294 2636 478 2684 pluribus
502 2640 538 2672 et
557 2636 671 2672 multa
695 2639 910 2672 testamenta
928 2639 1132 2682 propterea
1164 2635 1203 2670 in
1225 2635 1390 2681 periculo
1418 2635 1494 2671 sint
1515 2646 1560 2671 ne
1583 2646 1624 2670 eo
1649 2635 1856 2677 deveniant,
1885 2639 1927 2670 ut
1950 2646 2044 2686 quae
2074 2636 2112 2670 in
2143 2636 2190 2670 iis
2220 2637 2360 2691 scripta
2382 2642 2467 2673 sunt

227 2693 301 2718 non
323 2681 556 2728 expleantur,
589 2682 761 2728 quoniam
793 2681 891 2727 leqes
921 2681 1064 2716 etiamsi
1083 2680 1210 2725 factae
1232 2681 1325 2722 sint,
1357 2691 1429 2715 non
1462 2684 1580 2715 tamen
1609 2679 1835 2715 innotuerint
1865 2679 1922 2715 vel
1949 2682 1996 2714 iis
2026 2681 2092 2726 qui
2120 2681 2158 2715 in
2174 2682 2380 2733 provinciis
2411 2683 2469 2718 vel

227 2728 336 2764 etiam
386 2727 423 2762 ui
447 2725 507 2762 hie
529 2730 626 2769 sunt,
651 2727 787 2773 quippe
810 2736 905 2772 quae
927 2725 1030 2771 forte
1053 2725 1214 2760 nondum
1233 2725 1450 2772 propositae
1480 2735 1546 2760 nec
1569 2725 1789 2770 manifestae
1818 2725 1944 2770 factae
1967 2725 2060 2759 sint:
2095 2724 2193 2761 brevi
2224 2726 2303 2772 leqe
2334 2738 2377 2763 ea
2406 2727 2465 2763 de—

255 2773 338 2808 nien
365 2783 388 2807 a
412 2782 490 2807 esse
513 2771 696 2807 duximus.

225 2772 254 2818 fi
363 2816 392 2852 Ι.
440 2815 633 2852 Sancimus
656 2817 781 2862 iqitur,
814 2820 856 2851 ut
878 2827 928 2852 ex
951 2827 994 2852 eo
1020 2819 1180 2862 tempore
1204 2815 1480 2851 constitutiones
1503 2817 1649 2850 nostrae
1681 2825 1776 2860 quae
1798 2818 1884 2850 sunt
1914 2813 1958 2849 de
1983 2815 2201 2850 testamentis
2225 2815 2384 2859 valeant,
2416 2827 2466 2852 ex

227 2873 300 2909 quo
325 2862 364 2897 in
388 2872 573 2898 commune
595 2861 724 2908 palam
777 2865 882 2897 actae
905 2864 1008 2904 sunt,
1044 2865 1079 2896 et
1104 2865 1244 2907 tempus
1273 2860 1357 2896 inde
1387 2860 1434 2895 iis
1458 2863 1697 2906 computetur,
1730 2859 1770 2894 id
1792 2862 1845 2895 est
1869 2858 1927 2894 hic
1950 2859 2093 2905 quidem
2122 2871 2172 2895 ex
2203 2871 2275 2906 quo
2301 2862 2466 2898 omnibus

227 2907 447 2959 manifestae
470 2906 674 2942 extiterunt
702 2917 743 2942 ve
785 2906 911 2953 factae
934 2909 1037 2948 sunt,
1067 2905 1107 2941 in
1135 2905 1337 2952 provinciis
1365 2908 1486 2940 autem
1517 2915 1567 2940 ex
1598 2915 1669 2950 quo
1701 2904 1934 2957 transmissae
1958 2904 2219 2956 metropolibus
2248 2910 2359 2957 notae
2381 2910 2467 2942 sunt

227 2951 394 2988 redditae
412 2951 469 2987 vel
483 2951 592 2987 etiam
612 2955 742 2997 postea
761 2951 926 2987 redditae
945 2955 1070 2987 erunt:
1093 2962 1138 2987 ne
1158 2951 1278 2997 lequm
1292 2949 1515 2996 iqnoranda,
1540 2949 1840 2996 quemadmodum
1858 2960 1964 2996 prius
1983 2949 2148 2991 obtinuit,
2173 2949 2334 2986 hommes
2358 2955 2464 2987 testa-

275 3045 396 3077 2rubr.
422 3044 476 3075 He
500 3044 513 3075 2
536 3062 579 3067 —
604 3045 750 3088 κρατεῖν
776 3044 880 3084 MLc]
907 3038 1017 3076 ε’.Ωστε
1040 3041 1102 3075 τὰς
1123 3043 1314 3087 γινομένας
1431 3045 1505 3085 lsq.
1532 3042 1573 3088 sp
1599 3043 1670 3074 ZH
1691 3043 1771 3085 (pro
1799 3040 1882 3082 ΞΗ)
1906 3040 2064 3092 LXX-7111⁸
2083 3041 2117 3073 V
2127 3040 2139 3083 ΙΙ
2158 3042 2234 3083 2sq.
2261 3040 2306 3073 Ut
2325 3060 2367 3065 —-
2384 3042 2466 3075 duos

229 3087 336 3122 θείας
366 3054 545 3127 διατάξεις
576 3090 658 3132 περὶ
683 3085 860 3131 διαθήκης
890 3086 981 3131 μετὰ
1006 3084 1070 3120 δύο
1094 3088 1208 3130 μῆνας
1231 3097 1312 3130 κρα-
1381 3085 1466 3130 men}
1499 3087 1535 3138 ‚²⁶⁷²
1566 3099 1632 3120 ras.
1659 3087 1691 3120 R
1721 3085 1733 3130 ΙΙ
1768 3088 1787 3120 5
1822 3085 2132 3119 constitutionibus
2157 3086 2228 3127 (sie)
2259 3086 2293 3118 V
2312 3085 2325 3130 ΙΙ
2363 3087 2383 3120 8
2407 3089 2466 3119 aut

228 3135 307 3167 τεῖν
330 3133 391 3175 τῆς
415 3129 542 3167 αὐτῶν
566 3134 761 3178 ἐμφανείας
785 3135 844 3166 καὶ
868 3131 914 3166 τὰ
933 3132 1009 3175 ἑξῆς
1027 3133 1100 3166 Ath.
1127 3133 1216 3176 Περὶ
1237 3128 1313 3164 δια·
1383 3142 1451 3164 non
1475 3132 1615 3165 dicendo
1641 3144 1699 3165 om.
1714 3131 1791 3174 3¹1}
1809 3133 1830 3165 9
1853 3141 1908 3174 pp.
1936 3131 2035 3182 RTJ·
2050 3130 2215 3173 praefecto
2237 3131 2271 3163 V
2285 3129 2297 3175 ΙΙ
2327 3133 2367 3165 10
2387 3141 2465 3164 con-

231 3175 352 3220 δοχῶν
370 3178 491 3211 Theod.
526 3179 575 3211 De
591 3177 722 3220 legibus
742 3188 823 3221 quas
839 3181 951 3212 noster
968 3179 1148 3220 imperator
1168 3177 1207 3209 de
1224 3175 1312 3209 ordi·
1383 3177 1448 3208 suli
1472 3177 1506 3209 R
1520 3178 1576 3217 al.]
1602 3176 1736 3209 consule
1767 3177 1799 3210 T
1818 3175 1831 3220 ΙΙ
1866 3178 1908 3210 14
1931 3185 2135 3208 occasionem
2165 3175 2219 3209 V¹
2244 3175 2257 3218 11
2291 3177 2328 3209 15
2354 3178 2464 3219 super]

230 3223 367 3256 natione
390 3224 662 3256 testamentorum
686 3223 801 3266 posuit
814 3223 910 3266 Ῑιι1.ΙΙ
955 3223 1168 3267 ενομέναςβ
1183 3220 1196 3265 ΙΙ
1223 3222 1242 3255 3
1257 3221 1314 3263 ἐμ·
1383 3232 1482 3264 super
1506 3232 1542 3254 ce
1571 3222 1624 3255 Va
1651 3221 1663 3266 ΙΙ
1701 3223 1740 3256 17
1766 3223 1816 3262 ex]
1849 3223 1882 3254 et
1915 3231 1955 3253 ex
1978 3221 2063 3264 vulq.
2095 3220 2107 3264 ΙΙ
2136 3221 2175 3272 21
2204 3220 2464 3263 complectentur

230 3266 499 3313 qvo'weiavLstxs.
513 3269 604 3310 Aeli.)
631 3268 643 3313 ΙΙ
673 3271 693 3303 9
719 3265 894 3316 *ὑπάρχω
917 3235 990 3302 liis,
1016 3268 1028 3310 ΙΙ
1064 3269 1104 3302 10
1129 3263 1221 3300 &aias
1241 3267 1273 3299 L
1304 3265 1314 3308 Η
1393 3267 1425 3299 V
1444 3266 1455 3310 ΙΙ
1482 3267 1525 3301 28
1550 3277 1589 3300 ex
1614 3277 1680 3309 quo
1710 3267 1762 3318 in·
1778 3275 1951 3299 commune
1980 3267 2161 3308 (communi
2181 3265 2244 3307 R2)
2262 3265 2359 3320 ‘facte
2387 3266 2465 3297 sunt

232 3307 582 3402 {reatensis
609 3308 1319 3399 “attestatiillexisti&
1384 3312 1610 3390 astitit?
1631 3310 2322 3402 §antestitis&Zazata
2338 3310 2464 3386 ssi-1:

231 3404 291 3434 καὶ
328 3403 389 3437 ἐπὶ
423 3405 501 3437 ταῖς
537 3400 719 3446 διαδοχαῖς
750 3402 958 3449 ἐγράψαμεν
987 3400 1214 3437 ὑποθέσεσιν
1238 3401 1270 3434 L
1305 3398 1317 3443 ΙΙ
1386 3401 1519 3442 quidem
1549 3383 1677 3443 ex'quo
1701 3401 1855 3434 omnibus
1878 3401 2016 3434 fuerunt
2039 3401 2091 3434 vel
2113 3401 2219 3434 factae
2234 3396 2331 3439 sunt>
2357 3398 2462 3430 mani-

236 3448 278 3479 16
290 3459 337 3490 sq.
365 3448 442 3482 Cod.
463 3450 494 3490 6,
514 3456 561 3491 23,
577 3456 612 3483 29
639 3449 651 3487 ΙΙ
683 3451 722 3483 17
749 3451 809 3482 καὶ
835 3441 942 3482 αὖθις
963 3461 1021 3482 om.
1041 3460 1059 3484 ς
1076 3447 1089 3491 ΙΙ
1118 3448 1159 3481 18
1169 3459 1216 3490 sq.
1231 3445 1315 3479 Νου.
1387 3446 1487 3479 festae
1501 3448 1606 3490 suppl.
1618 3447 1713 3480 Beck
1725 3446 1736 3490 ΙΙ
1749 3448 1793 3480 30
1807 3447 1952 3479 directae
1965 3444 2307 3495 vul9.]discrete·libri
2341 3445 2463 3495 metro-

234 3492 374 3525 XVIII
393 3505 418 3525 c.
435 3495 451 3527 1
470 3493 482 3538 ΙΙ
509 3496 550 3528 21
573 3491 887 3528 κινδυνευσάντων
907 3494 938 3526 L
954 3492 966 3538 ΙΙ
996 3493 1172 3533 ἐκπεσεῖν]
1198 3487 1257 3524 διὰ
1275 3486 1317 3523 τὸ
1385 3491 1508 3533 politas
1532 3491 1581 3524 V³
1596 3492 1680 3536 vulq.
1700 3492 1712 3535 ΙΙ
1730 3493 1765 3526 31
1789 3494 1843 3532 ne]
1865 3501 1925 3524 nec
1938 3491 1972 3523 R
1990 3490 2002 3533 ss
2018 3492 2062 3524 32
2078 3490 2286 3532 ignoratione
2333 3488 2344 3527 ]
2368 3497 2463 3529 igno-

234 3535 398 3570 ἐκπεσεῖν
411 3538 459 3571 L¹
485 3538 498 3582 ΙΙ
523 3540 566 3573 22
587 3536 648 3573 διὰ
670 3537 712 3573 τὸ
737 3552 795 3573 om.
811 3539 841 3571 L
859 3538 871 3582 u
902 3540 943 3572 25
969 3534 1063 3578 οὐδὲ]
1090 3536 1244 3578 nullique
1268 3545 1288 3571 ς
1307 3535 1319 3577 ΙΙ
1387 3536 1541 3569 rantione
1563 3537 1614 3570 V¹
1638 3537 1830 3578 ignorantia
1851 3535 2000 3579 V³vulq.

236 3579 277 3612 27
312 3578 374 3613 ‘rac
408 3578 578 3629 ἡμετέρας
611 3580 701 3629 ὑπὲρ
732 3581 927 3625 διαθηκῶν
963 3578 1143 3621 διατάξεις
1174 3581 1319 3625 κρατεῖν
1352 3593 1353 3598 ’

236 3623 268 3656 L
285 3622 299 3666 ΙΙ
322 3625 365 3657 28
388 3624 449 3658 ‘ras
473 3640 531 3661 om.
550 3630 583 3662 B
600 3629 612 3672 ΙΙ
637 3630 680 3663 30
706 3627 916 3674 λογίζεσθαι
937 3628 973 3661 Β
998 3627 1011 3671 ΙΙ
1035 3627 1123 3661 πᾶσι
1149 3645 1193 3650 ——-
1218 3626 1260 3659 32
1282 3623 1321 3662 ἐξ

235 3662 321 3701 ὅτου
341 3680 399 3701 om.
415 3670 456 3702 M
476 3671 488 3713 ιι
515 3674 557 3706 33
579 3675 638 3717 229.
657 3670 677 3715 ἢ
699 3672 789 3707 κενῇ»
814 3674 827 3718 ¹!
849 3673 894 3720 τῇ
915 3686 973 3707 om.
996 3673 1027 3705 L
1054 3670 1068 3716 n
1095 3673 1137 3706 34
1158 3670 1220 3704 τὰς
1244 3667 1318 3702 δια-

236 3709 354 3755 θήκας
377 3726 435 3746 om.
451 3715 481 3747 L
