2612 4016
257 143 335 186 Ed.
355 143 459 185 XIII
488 140 653 183 26-28
1324 130 1410 178 794
1808 145 1869 176 ΒΕ
1895 146 2016 177 mum
2042 135 2463 178 Amxmmtmonuu

256 250 395 290 τάξεων
425 248 517 283 κατὰ
549 248 618 290 τὴν
638 244 910 290 Ἀλεξανδρέων,
940 241 1033 278 καθ’
1059 239 1147 276 ὅσον
1179 242 1263 286 (αἱ)
1287 239 1347 277 ὑπ’
1374 239 1487 276 αὑτὸν
1509 253 1619 288 τεταγ
1632 245 1725 276 ιε’ναι
1748 244 1866 287 χῶραί
1886 256 1926 277 τε
1949 246 2009 277 καὶ
2032 242 2150 278 πόλεις
2176 258 2192 274 ε
2209 258 2226 274 ι
2243 258 2259 274 ιι
2285 242 2463 278 κινδυνευ-

254 292 374 328 όντων
396 296 456 326 καὶ
478 292 555 326 τῶν
578 290 848 338 λαμπροτάτων
870 287 1078 333 τριβούνων
1100 289 1160 320 καὶ
1184 286 1299 329 πάσης
1322 285 1506 329 πολιτικῆς
1528 289 1588 320 καὶ
1612 256 1783 329 δημοσίας
1805 287 1980 331 βοηθείας
2003 291 2087 333 περί
2107 301 2147 322 τε
2170 287 2238 331 τὴν
2261 287 2381 331 ζώνην
2403 290 2464 322 καὶ

253 339 320 380 τὴν
353 340 563 380 περιουσίαν
593 339 653 369 καὶ
683 334 750 377 τὴν
780 337 964 378 σωτηρίαν
991 329 1117 373 αὐτήν,
1148 331 1180 364 εἰ
1210 329 1259 374 μὴ
1284 328 1518 375 έπαμύναιεν.
1565 327 1656 365 ἀλλὰ
1679 333 1741 373 τῆς
1762 334 1829 376 μὲν
1854 333 2019 366 ἐνταῦθα
2042 332 2205 375 εὐτυχοῦς
2224 344 2353 367 σιτοπο
2383 337 2465 367 πίας

252 385 353 427 μέχρι
377 379 524 423 δεκάτης
546 380 610 413 τοῦ
633 381 873 423 σεπτεμβρίου
894 376 1006 421 μηνὸς
1027 374 1175 417 ἑκάστης
1198 374 1441 430 ἐπινεμήσεως
1463 375 1495 408 εἰ
1517 374 1566 418 μὴ
1589 377 1763 422 ἐκπέμψω
1787 379 1847 410 καὶ
1870 375 2081 422 παραδώσει
2104 377 2197 412 κατὰ
2227 374 2341 420 τὴνἈ
2363 377 2464 417 εξαν-

254 424 369 470 δρέων
398 423 506 459 πόλιν
533 425 589 467 τῷ
620 423 750 465 ταύτης
781 419 1029 467 αὐγουσταλίῳ
1058 418 1081 462 ἢ
1103 423 1176 454 τοῖς
1200 418 1282 464 παρ’
1309 421 1418 454 αυτοῦ
1437 419 1756 466 προβαλλομένοις·
1780 420 1848 455 τὸν
1871 419 1912 455 δὲ
1929 421 2227 466 φιλοτιμούμενον
2251 418 2334 468 παρ’
2361 420 2466 465 ἡμῶν

251 471 305 525 τῷ
325 472 490 515 τροφίμῳ
514 469 577 511 τῆς
595 464 859 522 Ἀλεξανδρέων
881 464 1021 500 πόλεως
1041 467 1143 510 μέχρι
1167 462 1490 507 πεντεκαιδεκάτης
1512 466 1575 499 τοῦ
1597 461 1794 510 ὂκτωβρίου
1817 465 1929 510 μηνὸς
1951 464 2068 500 στελεῖ
2093 470 2153 500 καὶ
2175 464 2387 511 παραδώσει
2410 467 2467 509 τῷ

252 514 350 556 αυτῷ
382 511 612 557 περιβλέπτῳ
645 509 893 557 αυγουσταλίῳ
921 507 946 552 ἢ
972 511 1046 544 τοῖς
1069 506 1153 551 παρ’
1181 507 1290 544 αὐτοῦ
1314 507 1618 555 προβαλλομένοις
1640 510 1688 544 εἰς
1708 511 1834 544 τοῦτο·
1858 507 1948 557 ὅπερ
1971 513 2032 545 καὶ
2054 510 2265 556 φθάσαντες
2290 509 2466 546 διετυπώ·

251 568 374 602 σαμεν.
421 556 548 602 πράξει
571 554 612 590 δὲ
634 555 702 599 τὴν
722 554 925 600 πληναρίαν
944 552 1038 589 κατὰ
1056 554 1099 588 τὸ
1119 553 1272 588 ἄνωθεν
1295 550 1378 599 παρ’
1401 551 1506 598 ἡμῶν
1529 552 1819 601 διατεταγμένον.

1184 654 1340 691 CAPUT
1371 655 1519 691 XXVII.

380 723 539 767 Ἔπειτα,
564 720 655 767 ὅπερ
673 721 853 768 ἑπόμενόν
877 724 954 757 ἐστι
978 724 1031 766 τῷ
1057 722 1243 768 πράγματι
1266 724 1398 767 (φαμὲν
1422 720 1466 765 δὴ
1488 722 1531 756 τὸ
1556 723 1632 756 τῶν
1656 721 1826 765 ναύλων),
1852 723 1891 757 ἐν
1915 720 2081 768 φροντίδι
2103 726 2163 756 καὶ
2184 720 2338 766 κινδύνῳ
2356 725 2468 758 παντὶ

252 767 352 813 αὐτῷ
385 782 425 804 τε
455 773 516 803 καὶ
538 772 611 803 τοῖς
634 771 837 813 ἐπιχωρίοις
861 767 1008 812 ἄρχουσι
1029 770 1089 801 καὶ
1111 770 1189 801 ταῖς
1213 768 1448 811 πειθομέναις
1473 764 1591 801 αὐτοῖς
1614 767 1738 808 τάξεσι
1760 771 1927 810 κείσεται,
1957 764 2052 801 ὥστε
2074 766 2139 802 τὰς
2158 766 2279 802 πόλεις
2301 770 2361 801 καὶ
2383 768 2466 802 τοὺς

251 815 383 850 τόπους
415 817 475 848 καὶ
506 814 552 848 τὰ
582 814 776 859 πρόσωπα,
806 808 875 847 ὅσα
898 811 1137 856 ὑπεθήκαμεν
1159 813 1204 859 τῇ
1228 809 1501 858 ὑποτεταγμένῃ
1525 809 1621 854 τῷδε
1643 813 1697 855 τῷ
1719 810 1822 856 νόμῳ
1847 811 2043 859 ἀπογραφῇ
2067 815 2127 846 καὶ
2151 810 2388 858 ἀφωρίσαμεν
2411 812 2465 854 τῷ

251 860 328 894 τῶν
358 859 503 894 ναύλων
525 857 648 902 τίτλῳ,
681 857 913 904 εἰσπράττειν
933 856 1050 900 πάσης
1072 854 1253 901 μειώσεως
1275 859 1381 902 χωρὶς
1404 859 1464 890 καὶ
1485 853 1655 891 ἀπαιτεῖν
1679 856 1719 891 τὸ
1744 857 1918 891 ἐντεῦθεν
1939 860 2085 902 χρυσίον
2108 854 2212 892 ἅπαν
2237 860 2298 890 καὶ
2322 854 2466 890 διδόναι

250 905 305 947 τῷ
335 905 414 938 τῶν
444 902 591 938 ναύλων
621 901 802 945 ἀποδέκτη
827 901 914 936 εἵσω
944 903 1020 936 τῶν
1047 904 1280 948 τεταγμένων
1307 902 1446 946 καιρῶν
1476 898 1554 935 κατ’
1580 898 1685 935 οὐδὲν
1710 898 1839 936 αὐτοὺς
1861 899 2140 946 ὑπερβαίνοντα,
2165 897 2261 935 ὥστε
2283 901 2333 945 μὴ
2357 903 2466 944 ἐμπο·

251 947 349 982 δίσαι
378 948 431 991 τῷ
464 949 541 982 τῶν
570 947 716 983 ναύλων
746 938 855 994 λόγῳ,
887 942 978 991 ὅπερ
1009 947 1111 981 ἐστὶν
1134 940 1241 980 αὖθις
1261 944 1466 999 ἐμπόδισμα
1489 947 1552 988 τῆς
1576 947 1692 980 αἰσίας
1714 945 1874 990 ἐμβολῆς.
1922 949 1982 981 καὶ
2003 947 2073 992 γὰρ
2096 943 2140 988 δὴ
2164 949 2224 980 καὶ
2248 943 2267 979 ὁ
2293 945 2467 979 ἐντεῦθεν

250 991 413 1028 κίνδυνος
435 988 549 1027 οὕτως
573 990 683 1027 αὐτὸν
707 990 850 1036 ὄψεται,
874 987 970 1025 ὥστε
994 988 1273 1037 ἀναγκασθῆναι
1294 992 1372 1025 πᾶν
1395 988 1486 1036 ὅπερ
1511 989 1560 1023 ἂν
1582 989 1632 1034 μὴ
1656 991 1920 1036 ἐμπροθέσμως
1944 989 2144 1035 καταβάλοι
2163 992 2216 1033 τῷ
2229 991 2306 1024 τῶν
2321 988 2467 1024 ναύλων

250 1035 442 1083 α’ποδέκτῃ,
474 1038 581 1071 τοῦτο
608 1035 803 1071 διπλάσιον
833 1035 1076 1071 ἀπαιτεῖσθαι
1107 1031 1222 1070 αὐτόν
1252 1049 1293 1070 τε
1320 1038 1381 1069 καὶ
1403 1035 1471 1078 τὴν
1495 1033 1605 1069 αὐτοῦ
1630 1033 1746 1076 τάξιν.
1800 1035 1850 1069 Τὰ
1875 1033 1914 1070 δὲ
1937 1031 2008 1069 ὅσα
2031 1038 2070 1069 ἐκ
2094 1037 2157 1079 τῆς
2180 1032 2467 1080 παραδιδομένης

253 1081 352 1125 αὐτῷ
379 1079 461 1127 παρ’
487 1080 593 1126 ἡμῶν
615 1081 731 1126 χώρας
754 1081 956 1126 εἰσφέρεται
978 1083 1056 1115 ταῖς
1078 1082 1271 1125 τραπέζαις
1293 1081 1357 1123 τῆς
1379 1081 1440 1123 σῆς
1463 1076 1644 1125 ὑπεροχῆς,
1668 1080 1782 1114 ταῦτα
1806 1078 1865 1115 διά
1885 1093 1926 1114 τε
1948 1082 2011 1123 τῆς
2033 1080 2166 1120 τάξεως
2189 1081 2250 1123 τῆς
2273 1081 2335 1124 σῆς
2358 1078 2466 1125 ὑπερ-

250 1127 332 1170 οχῆς
363 1124 424 1160 διά
454 1139 493 1160 τε
523 1127 601 1160 τῶν
628 1129 862 1171 σκρινιαρίων
892 1128 951 1160 καὶ
977 1126 1209 1171 τρακτευτῶν
1241 1126 1317 1160 τῶν
1340 1125 1537 1170 εἰρημένων
1561 1126 1746 1179 ἐπαρχιῶν
1765 1125 1883 1168 οἰκείῳ
1909 1123 2019 1160 αὐτοῦ
2045 1123 2203 1168 κινδύνῳ
2228 1123 2467 1160 ἀπαιτεῖσθαι

249 1170 459 1215 βουλόμεθα
489 1172 527 1204 ἐκ
559 1170 635 1205 τῶν
663 1170 794 1206 τόπων
823 1172 884 1204 καὶ
912 1171 990 1204 τῶν
1020 1167 1166 1205 πόλεων
1194 1172 1254 1204 καὶ
1287 1171 1498 1250 προσώπων
1529 1170 1607 1204 τῶν
1639 1173 1886 1213 υποκειμένων
1917 1168 2012 1212 τῷδε
2045 1169 2151 1214 ἡμῶν
2173 1170 2227 1213 τῷ
2248 1169 2342 1213 θείῳ
2363 1167 2466 1213 νόμῳ

250 1219 311 1250 καὶ
333 1218 560 1262 σαφεστέραν
580 1214 789 1251 ποιούντων
818 1216 886 1258 τὴν
909 1216 971 1258 τῆς
994 1214 1214 1261 εἰσπράξεως
1237 1212 1317 1249 εὗκο
1341 1218 1415 1250 ίαν·
1444 1212 1547 1249 αὐτοὶ
1570 1214 1637 1259 γὰρ
1660 1215 1781 1250 ταῦτα
1804 1214 1978 1260 πράξουσι
2001 1217 2061 1249 καὶ
2085 1214 2252 1249 ἐνταῦθα
2272 1217 2465 1260 πέμψουσι.

1184 1315 1340 1352 CAPUT
1370 1314 1537 1352 XXVIII.

386 1386 459 1418 Καὶ
487 1381 571 1418 οὐδὲ
601 1382 709 1430 λόγον
741 1381 889 1418 ἀσυλίας
912 1381 1021 1418 διόσει
1044 1393 1108 1426 τις,
1129 1383 1200 1417 εἴτε
1223 1380 1243 1416 ό
1265 1381 1334 1426 τὴν
1358 1379 1472 1429 ἀρχὴν
1495 1384 1589 1426 ἔχων
1612 1383 1683 1417 εἴτε
1706 1380 1844 1418 πόλεως
1868 1383 2061 1417 ἐπίσκοπος
2083 1383 2155 1417 ε’ίτε
2179 1380 2198 1417 ὁ
2224 1383 2286 1426 τῆς
2305 1380 2466 1423 Ἀλεξαν-

252 1427 369 1463 δοέων
399 1427 635 1474 περίβλεπτος
666 1426 934 1485 αιΞγουστάλιος,
965 1429 998 1462 εἰ
1027 1427 1077 1473 μὴ
1109 1428 1307 1473 πρόσταξις
1336 1430 1485 1474 γένηται
1516 1429 1581 1462 τοῦ
1613 1425 1754 1473 θρόνου
1786 1428 1851 1462 τοῦ
1883 1428 1946 1462 σοῦ
1977 1428 2094 1462 ταῦτα
2125 1426 2322 1472 βουλομένη
2354 1424 2377 1470 ἢ
2408 1430 2467 1462 καὶ

252 1463 355 1508 aizal
387 1473 423 1507 οἱ
452 1487 475 1507 τ
499 1476 666 1508 annotat
695 1487 717 1516 η
748 1473 783 1508 οἱ
813 1472 1028 1530 σκρινιάριοι
1059 1469 1083 1516 ἢ
1112 1473 1147 1507 οἱ
1178 1472 1244 1507 τὸν
1273 1472 1391 1508 τόπον
1420 1469 1544 1506 αὗτῶν
1573 1474 1759 1514 ἐπέχοντες
1789 1473 1897 1507 τοῦτο
1928 1469 2146 1516 αἰτήσουσιν,
2182 1474 2243 1507 ἐπὶ
2271 1474 2334 1516 τῆς
2361 1469 2469 1515 αὐτῆς

250 1522 375 1563 μέντοι
399 1531 468 1563 προ
502 1522 624 1562 εσμίας
647 1521 708 1552 καὶ
731 1519 791 1553 ἐπὶ
814 1529 952 1553 τούτοις
975 1520 1048 1552 τοῖς
1071 1513 1177 1563 ὅροις,
1202 1515 1256 1563 ἐφ’
1283 1516 1333 1552 οἷς
1356 1516 1404 1551 ἂν
1427 1515 1447 1551 ό
1473 1515 1609 1563 θρόνος
1631 1516 1651 1552 ὁ
1676 1517 1738 1551 σὸς
1761 1516 1995 1564 προστάξειεν
2019 1514 2040 1560 ἢ
2059 1520 2118 1551 καὶ
2136 1515 2238 1551 αὐτοὶ
2253 1515 2468 1562 βουληθεῖεν

250 1564 365 1597 ταῦτα
397 1563 589 1609 γενέσθαι·
625 1562 722 1606 πλὴν
750 1563 781 1596 εἰ
811 1562 862 1606 μὴ
890 1563 958 1597 τὸν
979 1561 1086 1608 λόγον
1110 1564 1170 1597 ἐπὶ
1193 1561 1313 1605 τούτῳ
1339 1560 1445 1605 δοῖεν,
1475 1561 1529 1608 ἐφ’
1556 1561 1606 1596 οἷς
1629 1562 1715 1596 εἴσω
1738 1563 1860 1607 ῥητῶν
1884 1560 2075 1608 (ἡμερῶν)
2099 1560 2317 1603 ἐξελθόντας
2340 1559 2468 1596 αὐτοὺς

251 1608 349 1642 ἐκτὸς
379 1609 456 1642 τῶν
487 1607 594 1663 ἱερῶν
624 1610 769 1654 χωρίων
802 1607 981 1653 πρόνοιαν
1011 1607 1154 1642 θέσθαι
1184 1608 1248 1641 τοῦ
1280 1607 1371 1642 πᾶσι
1401 1604 1548 1652 τρόποις
1578 1605 1768 1652 πληρῶσαι
1797 1606 1840 1641 τὸ
1873 1605 2048 1652 δημόσιον
2078 1605 2102 1650 ἢ
2132 1606 2175 1641 τὸ
2209 1605 2334 1641 ἱκανὸν
2368 1603 2466 1649 αὐτῷ

252 1654 409 1696 ποιῆσαι,
443 1650 490 1686 ὠς
520 1665 568 1686 αν
596 1654 703 1687 τοῦτο
735 1652 880 1695 λάβοιεν
910 1651 1124 1698 σκοινιάριοι
1155 1653 1219 1686 τοῦ
1252 1650 1483 1697 δικαστηρίου
1514 1653 1578 1686 τοῦ
1609 1654 1672 1686 σοῦ
1704 1651 1740 1686 οἱ
1772 1654 1853 1698 περὶ
1876 1651 2004 1686 τούτου
2028 1650 2294 1686 κινδυνεύοντες
2317 1650 2466 1686 ἕλοιντο.

251 1698 319 1731 τὸν
349 1697 419 1742 γὰρ
449 1696 549 1742 παρὰ
582 1698 699 1731 ταῦτα
734 1694 926 1751 διδόμενον
956 1685 1064 1743 λόγον
1095 1694 1180 1731 οὐδὲ
1213 1694 1322 1743 λόγον
1354 1697 1447 1731 εἶναι
1470 1695 1697 1752 βουλόμεθα,
1730 1694 1819 1731 ἀλλὰ
1844 1694 2082 1739 πανταχόθεν
2104 1696 2173 1739 τὴν
2196 1696 2386 1741 εἴσπραξιν
2408 1698 2468 1730 καὶ

252 1739 359 1775 ἔνδον
389 1742 466 1775 τῶν
495 1742 602 1786 ἱερῶν
632 1745 778 1784 χωρίων
801 1744 994 1785 υπομένειν
1015 1741 1084 1776 τὸν
1108 1739 1273 1785 λαβόντα
1296 1739 1419 1785 μάτην
1442 1755 1510 1775 τον
1535 1743 1702 1776 τοιοῦτον
1721 1739 1841 1787 λόγον,
1866 1741 1958 1786 πρὸς
1980 1742 2034 1784 τῷ
2059 1744 2119 1775 καὶ
2142 1740 2209 1775 τὸν
2231 1738 2467 1785 παρασχόντα

252 1787 384 1819 τοῦτον
408 1783 629 1819 ὑποκεῖσθαι
659 1788 737 1819 ταῖς
769 1787 946 1820 ἐντεῦθεν
968 1784 1180 1830 εἶσπράξεσί
1200 1798 1240 1819 τε
1263 1788 1322 1819 καὶ
1345 1784 1555 1829 μεθοδείαις
1576 1789 1636 1819 καὶ
1660 1784 1898 1830 κληρονόμους
1920 1798 1960 1819 τε
1984 1786 2092 1819 αὐτοῦ
2117 1788 2177 1819 καὶ
2201 1783 2386 1828 διαδόχους
2408 1788 2467 1819 καὶ

253 1830 458 1876 πράγματα.
505 1830 537 1863 εἰ
569 1827 612 1863 δέ
638 1840 692 1864 τις
713 1830 790 1864 ταῖν
813 1829 1113 1875 θεοφιλεστάτων
1137 1826 1349 1864 ἐπισκόπων
1373 1829 1472 1875 παρὰ
1495 1830 1541 1864 τὰ
1565 1830 1732 1875 εἰρημένα
1757 1827 1835 1872 δοίη
1860 1828 1976 1876 λόγον,
2010 1827 2169 1875 ἀνάγκην
2192 1830 2332 1870 ἕξουσιν
2354 1829 2391 1863 οἱ
2408 1831 2469 1872 τῆς

253 1995 606 2037 Alexandrinorum,
635 1998 809 2040 quantum
840 1995 1005 2040 reqiones
1034 1998 1068 2029 et
1098 1994 1206 2030 urbes
1234 1994 1299 2029 sub
1329 2004 1372 2029 eo
1396 1994 1613 2029 constitutae
1636 1994 1856 2039 conferunt.-
1883 1993 2086 2040 periculum
2109 1993 2340 2030 subeuntibus
2362 1995 2468 2030 etiam

254 2040 465 2092 clarissimis
497 2039 649 2091 tribunis
673 2043 709 2075 et
731 2040 830 2075 omni
850 2039 947 2076 civili
961 2043 1005 2092 ‘et
1020 2038 1170 2085 publico
1194 2037 1391 2091 adiutorio,
1424 2042 1497 2089 tam
1520 2038 1618 2090 circa
1642 2037 1825 2091 cinqulum
1849 2048 1957 2084 quam
1982 2038 2080 2074 circa
2102 2038 2338 2090 substantiam
2361 2043 2470 2093 atquc

253 2095 384 2164 2ἷέἕᾷ
395 2083 622 2175 ‘sititet
637 2093 834 2174 Οέἔῧῗςέἕῗ
853 2082 1484 2179 ἔέἔιῗέἷῗέῑιςδέιῖηζῗᾷῗῆίέῧὲῗεῗέἰ
1498 2086 1689 2179 ῖξὶῗέὲἵῗῗξ
1707 2092 1801 2179 {3532
1822 2081 2169 2163 Z’Zx'jssffissss‘ssnffnd
2178 2083 2471 2175 έὶῗᾜῗιῖἳίῗ

253 2174 309 2210 vel
331 2173 386 2209 his
410 2174 473 2219 qui
491 2173 536 2209 ab
557 2183 599 2208 eo
623 2172 846 2219 deputantur
853 2185 868 2214 ,·
891 2172 992 2219 quod
1013 2175 1131 2208 autem
1154 2182 1221 2208 nos
1243 2171 1435 2208 alimoniae
1457 2171 1558 2208 urbis
1570 2171 1903 2208 Alexandrinorum
1920 2172 1978 2208 lar
2004 2172 2098 2208 imur
2112 2183 2225 2219 usque
2241 2173 2292 2209 ad
2306 2173 2470 2220 quintum

253 2218 426 2254 decimum
455 2217 585 2253 mensis
610 2216 774 2254 Octobris
801 2218 916 2254 mittet
938 2221 973 2253 et
997 2217 1115 2253 tradet
1137 2216 1249 2253 eidem
1272 2216 1461 2263 spectabili
1483 2217 1676 2263 Auqustali
1698 2216 1757 2253 vel
1776 2216 1833 2253 his
1855 2217 1919 2263 qui
1941 2183 2002 2253 aff
2012 2216 2082 2253 hoc
2104 2217 2149 2253 ab
2172 2228 2215 2254 eo
2237 2217 2470 2264 deputantur,

254 2263 295 2298 id
316 2263 417 2309 quod
438 2263 546 2298 etiam
570 2266 677 2298 antea
701 2262 953 2310 disposuimus.
989 2262 1116 2298 Faciet
1137 2266 1256 2298 autem
1270 2261 1480 2308 plenariam
1494 2261 1689 2298 secundum
1704 2261 1744 2297 id
1758 2262 1857 2308 quod
1871 2272 1986 2308 supra
2003 2273 2027 2298 a
2041 2262 2144 2298 nobis
2158 2263 2389 2299 constitutum
2404 2267 2469 2299 est.

387 2318 537 2355 XXVII.
587 2318 735 2361 Deinde,
766 2318 868 2365 quod
889 2329 964 2354 rem
986 2317 1151 2364 sequitur
1171 2317 1296 2361 (naula
1319 2316 1494 2361 dicimus),
1518 2328 1641 2354 curam
1670 2321 1706 2354 et
1726 2328 1830 2354 omne
1845 2318 2052 2365 periculum
2077 2318 2111 2355 ei
2133 2322 2169 2355 et
2181 2318 2472 2371 provincialibus

255 2363 432 2400 indicibus
461 2368 497 2400 et
527 2363 664 2409 officiis
693 2363 746 2399 eis
774 2363 990 2410 parentibus
1011 2365 1182 2409 facesset,
1215 2367 1256 2398 ut
1278 2362 1323 2398 ab
1347 2362 1496 2398 urbibus
1518 2366 1554 2398 et
1577 2363 1665 2398 locis
1686 2365 1723 2399 et
1737 2363 1909 2415 personis
1932 2373 2025 2409 quas
2047 2363 2085 2398 in
2108 2362 2266 2399 subiecta
2290 2362 2373 2400 huic
2396 2363 2469 2409 leqi

254 2409 495 2455 descriptione
524 2408 748 2444 subdidimus
779 2411 815 2444 et
845 2408 1038 2444 naulorum
1071 2407 1175 2444 titulo
1207 2407 1483 2454 assiqnavimus‚
1514 2407 1689 2453 cottiyant
1710 2417 1788 2443 sine
1810 2407 1887 2443 ulla
1911 2407 2155 2444 imminutione
2177 2411 2214 2444 et
2237 2418 2366 2443 aurum
2385 2408 2470 2444 inde

256 2464 359 2489 omne
389 2453 545 2499 eaeiyant
576 2457 613 2489 et
636 2452 829 2488 naulorum
853 2453 1059 2500 susceptori
1079 2452 1163 2488 dent
1186 2453 1284 2488 intra
1299 2452 1538 2499 praefinitum
1563 2455 1702 2499 tempus
1730 2462 1959 2498 nequaquam
1990 2451 2059 2488 hoc
2087 2453 2235 2499 eqressi,
2265 2463 2311 2488 ne
2340 2453 2469 2489 naulo-

254 2509 335 2534 rum
353 2499 530 2534 rationem
554 2498 763 2544 impediant,
786 2497 827 2533 id
850 2497 949 2544 quod
969 2507 1097 2534 rursus
1119 2496 1371 2543 impedimento
1396 2500 1451 2533 est
1470 2496 1574 2543 felici
1597 2496 1766 2533 embolae.
1799 2495 1942 2533 Etenim
1965 2497 2072 2533 etiam
2121 2497 2294 2533 ericulum
2316 2497 2393 2534 eius
2415 2498 2470 2534 rei

254 2543 307 2578 ita
339 2542 388 2578 ad
417 2553 496 2578 eum
526 2542 730 2589 pertinebit,
760 2547 801 2577 ut
832 2541 1011 2595 quidquid
1031 2542 1129 2577 intra
1151 2545 1325 2578 statutum
1349 2544 1487 2588 tempus
1509 2541 1702 2577 naulorum
1723 2542 1927 2588 susceptori
1950 2552 2025 2578 non
2046 2552 2087 2578 so
2103 2542 2204 2584 verit,
2227 2541 2296 2578 hoc
2314 2541 2469 2589 duplum

255 2588 428 2634 exiqatur
459 2587 503 2622 ab
535 2587 615 2634 ipso
647 2590 682 2625 et
711 2587 789 2623 eius
820 2587 958 2632 officio.
1005 2585 1248 2632 Quaecunque
1278 2595 1361 2622 vero
1392 2597 1442 2622 ex
1470 2587 1618 2632 reqione
1649 2597 1672 2622 a
1695 2586 1797 2622 nobis
1820 2586 1853 2622 ei
1877 2587 2066 2622 commissa
2089 2587 2220 2622 mensis
2241 2586 2469 2622 sublimitatis

257 2636 339 2667 tuae
373 2632 595 2677 inferuntur,
629 2642 674 2668 ea
701 2642 774 2679 per
805 2632 969 2677 officium
1000 2631 1231 2667 sublimitatis
1262 2634 1345 2667 tuae
1372 2635 1408 2667 et
1437 2631 1650 2667 scriniarios
1680 2634 1717 2667 et
1745 2634 1962 2667 tractatores
1991 2630 2170 2667 dictarum
2194 2632 2469 2678 provinciarum

253 2676 409 2722 proprio
441 2687 565 2712 eorum
592 2676 761 2723 periculo
793 2676 896 2723 exiqi
919 2676 1083 2713 volumus
1101 2687 1121 2712 e
1144 2675 1234 2711 locis
1256 2678 1291 2712 et
1312 2675 1460 2711 urbibus
1481 2679 1518 2712 et
1537 2675 1706 2722 personis
1728 2674 1811 2711 huic
1833 2685 1963 2711 sacrae
1985 2675 2058 2723 leqi
2079 2680 2225 2712 nostrae
2243 2676 2412 2712 subiectis
2434 2678 2471 2712 et

253 2721 457 2768 planiorem
480 2721 711 2758 reddentibus
734 2722 940 2758 exactionis
960 2721 1200 2767 facilitatem.-
1222 2719 1258 2756 ei
1279 2719 1373 2756 enim
1396 2720 1486 2756 haec
1505 2723 1685 2767 peraqent
1706 2723 1743 2756 et
1765 2719 1835 2756 huc
1857 2720 2009 2757 mittent.

388 2777 557 2812 XXVIII.
604 2779 657 2813 Ac
686 2787 732 2813 ne
761 2775 869 2824 λόγον
900 2776 1042 2823 quidem
1073 2776 1170 2822 asyli
1199 2775 1391 2822 quisquam
1412 2775 1512 2812 dabit
1533 2776 1608 2812 sive
1630 2776 1696 2822 qui
1716 2775 1904 2821 imperium
1928 2774 2036 2812 habet
2056 2775 2131 2811 sive
2153 2775 2254 2811 urbis
2277 2777 2470 2823 episcopus

256 2822 331 2857 sive
364 2822 464 2857 urbis
494 2821 828 2859 Alexandrinorum
855 2821 1064 2874 spectabilis
1094 2820 1324 2867 Auqustabis,
1359 2821 1430 2856 nisi
1459 2821 1572 2856 iussio
1595 2819 1776 2867 procedat
1806 2819 1903 2856 sedis
1934 2823 2018 2855 tuae
2049 2818 2117 2855 hoc
2141 2820 2375 2866 praecipiens
2404 2827 2470 2856 aut

257 2867 364 2902 etiam
395 2867 466 2912 ipsi
498 2870 713 2903 tractatores
743 2870 778 2903 et
799 2866 987 2902 scriniarii
1010 2866 1066 2902 vei
1087 2867 1151 2912 qui
1173 2875 1297 2902 eorum
1321 2865 1437 2901 locum
1461 2864 1621 2901 obtinent
1644 2864 1683 2900 id
1703 2864 1886 2910 petierint,
1909 2864 2030 2900 eodem
2054 2867 2172 2900 tamen
2195 2863 2253 2900 die
2273 2865 2468 2917 praefinito

257 2914 292 2946 et
322 2910 451 2946 eisdem
483 2911 771 2954 condicionibus,
800 2911 865 2947 sub
896 2911 1026 2957 quibus
1049 2910 1089 2946 id
1108 2910 1191 2956 fieri
1207 2909 1311 2946 sedes
1335 2914 1397 2945 tua
1419 2909 1651 2955 praeceperit
1673 2913 1738 2945 aut
1762 2909 1870 2944 etiam
1893 2909 1964 2955 ipsi
1987 2908 2025 2944 id
2045 2909 2130 2954 fieri
2149 2908 2340 2945 voluerint.
2387 2908 2469 2944 Nisi

258 2954 367 3001 λόγον
400 2966 444 2991 ea
478 2956 563 2992 dent
595 2956 823 3000 condicione,
857 2962 900 2991 ut
935 2956 1034 2991 intra
1064 2959 1182 2991 certos
1212 2954 1289 2991 dies
1316 2965 1337 2990 e
1365 2955 1503 2990 sanctis
1533 2954 1623 2989 locis
1653 2954 1789 3000 eqressi
1813 2952 2053 3000 provideant,
2089 2957 2131 2988 ut
2161 2953 2324 2990 omnibus
2353 2953 2470 2989 modis

255 3000 399 3045 publico
430 3000 582 3036 debitum
614 3000 807 3038 exsolvant
837 3000 894 3036 vel
912 3000 1003 3036 satis
1025 3000 1060 3036 ei
1103 3000 1237 3042 aciant,
1268 2998 1566 3046 quemadmodum
1588 2997 1658 3034 hoc
1680 2998 1846 3045 accipere
1867 2998 2054 3033 scriniarii
2077 2997 2268 3033 tribunalis
2288 2998 2340 3033 tui
2363 2998 2470 3034 huius

257 3044 311 3079 rei
338 3045 538 3090 periculum
567 3046 783 3081 sustinentes
805 3045 993 3081 voluerint.
1080 3043 1166 3091 όγον
1187 3043 1281 3079 enim
1297 3048 1451 3089 praeter
1473 3043 1561 3079 haec
1584 3042 1708 3079 datum
1731 3053 1776 3079 ne
1798 3053 1875 3078 esse
1895 3041 2037 3088 quidem
2060 3040 2170 3088 λόγον
2192 3042 2371 3085 volumus,
2405 3042 2470 3078 sed

260 3090 404 3123 omnino
437 3091 662 3125 exactionem
692 3091 871 3125 sustinere
900 3090 1008 3125 etiam
1038 3089 1139 3124 intra
1169 3092 1299 3124 sancta
1329 3088 1411 3124 loca
1443 3098 1522 3123 eum
1546 3089 1612 3134 qui
1634 3092 1764 3123 temere
1786 3086 1992 3122 huiusmodi
2012 3085 2119 3133 λόγον
2142 3087 2332 3133 acceperit,
2356 3090 2391 3122 et
2412 3087 2467 3121 in-

258 3142 367 3178 super
397 3144 476 3168 eum
509 3135 573 3179 qui
602 3134 697 3170 hunc
726 3135 936 3181 praebuerit
965 3134 1163 3170 obnoxium
1195 3143 1271 3169 esse
1302 3133 1554 3169 eoeactionibus
1576 3136 1613 3168 et
1635 3131 1928 3168 conventionibus
1949 3130 2032 3167 inde
2056 3131 2238 3172 oriundis,
2268 3135 2304 3167 et
2322 3130 2470 3167 heredes

259 3177 336 3212 eius
367 3181 402 3213 et
431 3188 655 3215 successores
684 3183 720 3215 et
748 3178 996 3215 substantiam.
1042 3177 1182 3222 Quodsi
1210 3178 1291 3223 quis
1313 3176 1374 3213 dei
1395 3177 1723 3213 amantissimorum
1745 3176 1999 3223 episcoporum
2013 3180 2167 3222 praeter
2189 3186 2233 3212 ea
2254 3186 2348 3222 quae
2370 3175 2468 3211 dixi-

311 3344 327 3377 1
360 3341 399 3375 αἱ
422 3344 498 3377 add.
523 3343 709 3378 Zachariae
738 3342 751 3382 [l
783 3340 843 3378 ὑπ’
867 3342 987 3388 Kroll]
1020 3339 1074 3378 ἐπ’
1101 3344 1149 3378 Μ
1174 3344 1188 3388 ΙΙ
1217 3343 1333 3389 εἰσφέ-
1400 3342 1412 3388 ΙΙ
1439 3345 1479 3378 13
1504 3339 1789 3389 ὑπερβαίνοντας
1812 3342 2000 3376 Zachariae
2016 3341 2029 3385 ss
2056 3343 2097 3375 14
2119 3342 2221 3375 ἔσται
2245 3342 2464 3386 Zachariae!

265 3397 365 3429 ρουσι
389 3389 465 3420 add.
483 3388 680 3429 Zachariae,
709 3390 894 3423 exciderunt
907 3391 1048 3428 forsitan
1060 3389 1173 3433 plura,
1197 3390 1239 3430 ct:
1258 3401 1284 3422 e.
1299 3402 1332 3433 9.
1403 3389 1445 3422 16
1469 3385 1712 3422 ἀπαιτεῖσθαι
1728 3388 1906 3431 Aqylaeus]
1927 3383 2126 3428 ἀπαιτῆσαι
2140 3387 2191 3427 Μ,
2215 3382 2466 3428 ἀποκαταστῆ-

265 3432 339 3470 785,
352 3439 396 3465 10.
414 3433 490 3471 790,
505 3439 520 3465 8
537 3431 549 3475 ΙΙ
569 3433 590 3465 4
610 3434 757 3466 lacunam
773 3440 917 3466 statuunt
934 3434 1040 3477 vulqo,
1057 3445 1153 3476 quam
1172 3435 1219 3467 ad
1232 3446 1333 3467 exem-
1400 3443 1462 3466 σαι
1486 3433 1673 3466 Zachariae
1688 3432 1700 3475 ΙΙ
1722 3433 1762 3466 18
1784 3427 1909 3465 αὖτῶν
1932 3431 2120 3464 Zachariae
2136 3430 2148 3471 ΙΙ
2167 3431 2209 3464 20
2237 3429 2466 3474 εἰσπράξουσι

259 3476 338 3516 plar
362 3476 424 3509 loci
447 3478 465 3508 7
471 3477 524 3516 82,
541 3483 576 3509 26
590 3489 660 3519 sqq.
685 3477 790 3519 explet
804 3477 1011 3517 Zachariam
1036 3479 1096 3511 sed
1108 3480 1220 3521 potius
1235 3475 1331 3521 εἰμὴ
1400 3477 1587 3511 Zachariae
1612 3476 1625 3520 ΙΙ
1650 3478 1691 3511 21
1716 3471 1801 3529 οτύδὲ
1820 3476 1936 3517 Kroll]
1960 3472 2042 3508 οὔτε
2064 3475 2111 3508 Μ
2122 3476 2134 3517 ΙΙ
2155 3476 2199 3509 24
2221 3470 2243 3517 ἢ
2267 3475 2466 3514 Zachariae]

264 3520 365 3551 solum
397 3527 577 3562 corruptum
604 3528 650 3553 est
681 3523 867 3560 (sententiae
892 3530 1000 3565 aptum
1023 3520 1066 3555 τὸ
1090 3523 1235 3567 μέτρον)
1266 3522 1279 3566 ΙΙ
1311 3524 1331 3556 6
1399 3520 1430 3554 εἰ
1452 3522 1500 3555 Μ
1519 3520 1533 3559 ΙΙ
1562 3521 1605 3556 25
1629 3521 1648 3553 ἐ
1673 3516 1683 3530 ²
1710 3532 1740 3562 φ
1761 3520 1949 3554 Zachariae
1972 3519 1986 3563 ΙΙ
2010 3517 2194 3564 είσορητὸν
2217 3518 2268 3559 Μ,
2291 3530 2372 3551 corr.
2396 3518 2466 3551 Za-

265 3558 494 3606 όκτωμβρίου
519 3564 560 3596 Μ
587 3563 600 3607 ΙΙ
633 3561 793 3598 στέλλειν
824 3567 884 3598 καὶ
914 3563 1147 3610 παραδώσειν
1170 3566 1220 3608 Μ,
1244 3579 1330 3602 corr.
1399 3567 1531 3600 chariae
1553 3565 1558 3610 Ι
1578 3567 1618 3600 27
1666 3562 1789 3608 ἇβοιεν
1809 3565 1852 3597 M
1860 3565 2044 3608 perperam]
2069 3562 2192 3605 λαβεῖν
2214 3560 2251 3594 οἱ
2267 3562 2464 3604 Zachariae,

268 3605 366 3638 Kroll
386 3606 410 3657 Ι,
426 3609 444 3640 7
467 3615 542 3649 post
565 3607 672 3641 τοῦτο
698 3617 847 3642 commate
870 3610 957 3649 falso
981 3612 1209 3654 interpunyunt
1231 3610 1330 3654 vulyo
1398 3624 1441 3646 an
1466 3607 1526 3645 δια
1561 3612 1653 3644 εῖναι
1675 3608 1734 3644 oi?
1760 3607 1775 3652 Ι
1797 3610 1839 3643 29
1863 3607 2111 3654 παρασχᾰὶντα
2135 3606 2227 3648 M‘ss
2246 3607 2285 3640 31
2312 3602 2400 3638 δοίει
2425 3607 2472 3640 Μ

266 3648 362 3690 (unde
378 3660 501 3695 ωσπερ
518 3652 716 3695 Zachariae)
731 3652 745 3696 ΙΙ
765 3655 805 3687 10
830 3650 948 3687 αὐτοῖς
962 3653 1158 3696 Zachariae]
1178 3651 1275 3689 αὗτιῦ
1291 3655 1337 3689 M

2495 770 2534 803 10

2494 993 2532 1024 15

2491 1215 2534 1247 20

2492 1561 2533 1594 25

2491 1783 2533 1816 30
