2618 4010
264 140 372 183 Nov.
403 137 549 180 XXIX
578 150 639 192 pr.
675 139 693 178 1
1331 133 1411 180 218
1559 195 1564 199 η
2163 149 2222 179 DE
2251 146 2484 179 PRAn'ronu

260 252 334 283 τοῖς
372 245 617 288 ἐνδοξοτάτοις
652 246 818 293 ἐπάρχοις
851 245 951 293 παρά
990 261 1028 281 τε
1064 247 1118 288 τῷ
1153 243 1337 286 ἐνδοξοτιζ-
1406 246 1503 291 apud
1517 245 1791 290 gloriosissimos
1809 246 2011 291 praefectos
2027 249 2064 282 et
2079 248 2177 293 apud
2191 245 2483 291 glorIosissimum

261 306 315 347 up
338 288 441 336 ἡμῶν
463 290 556 326 κατὰ
575 291 878 326 κονσουλτατίονα
898 291 1090 337 κρίνεσθαι
1110 293 1336 336 κοιαίστωρι·
1407 293 1568 326 nostrum
1592 289 1788 325 secundum
1811 291 2106 328 consultationem
2136 291 2289 328 iudicari
2316 294 2482 336 quaesto-

260 348 324 371 τας
360 349 401 370 τε
438 333 539 370 δίκας
582 334 748 371 ἐλάττους
787 338 866 371 τῶν
903 338 1155 371 πεντακοσίων
1195 337 1339 380 χρυσῶν
1407 345 1497 378 rem3
1535 345 1735 379 causasque
1757 335 1910 372 minores
1939 337 2211 382 quingentorum
2235 346 2423 371 aureorum
2445 336 2484 372 in

261 384 301 415 ἐν
323 382 370 429 τῇ
393 377 478 415 κατ’
505 378 617 416 αὐτὸν
639 383 794 427 ἐπαρχίᾳ
812 378 911 427 παρά
931 393 1004 414 τισι
1025 382 1234 423 κινουμένας
1258 378 1340 423 (κᾶν
1408 379 1485 414 eius
1506 378 1690 432 provincia
1713 379 1809 424 apud
1837 380 1974 425 aliquos
1998 385 2112 418 motas
2146 382 2214 425 (vel
2238 381 2331 416 forte
2354 390 2399 416 ex
2422 381 2484 416 de-

260 427 293 460 εῖ
323 424 431 469 τυχὸν
464 427 503 460 ἐκ
533 428 794 472 παραπομπῆς,
825 425 874 471 μὴ
905 429 1029 469 μέντοι
1058 423 1157 469 παρὰ
1187 435 1339 459 σπεκτα-
1375 428 1394 460 5
1408 424 1602 468 legat1one‚
1642 425 1721 469 (ne)
1754 426 1874 460 tamen
1910 426 2006 470 apud
2045 427 2258 473 spectabiles
2294 425 2484 469 dicantur),

259 469 389 515 βιλίοις
420 470 593 516 (inficient),
629 468 719 506 ὅταν
754 473 916 517 ἐφέσιμοι
951 474 1136 522 γίνοιντοὶ1
1160 467 1271 504 αὐτὸν
1300 471 1339 503 ἐν
1409 468 1550 514 quando
1585 468 1687 514 <Sub)
1722 469 1960 515 appellatione
1994 470 2104 514 fiunt,
2138 472 2257 517 ipsum
2290 470 2329 506 in
2361 469 2486 506 ordine

259 515 360 556 τάξει
391 515 496 550 θείου
530 514 777 559 κατεξηάζειν
812 514 1066 561 ἀκροατηρίου·
1105 525 1193 548 ωςτε
1227 511 1339 549 αὐτὸν
1408 514 1501 549 sacri
1522 513 1725 549 examinare
1746 513 1927 550 auditorii:
1950 516 1994 550 ut
2014 515 2045 550 is
2070 517 2174 551 etiam
2199 515 2392 552 secundum
2417 516 2485 550 hoc

259 562 320 594 καὶ
340 559 433 594 κατὰ
453 562 561 596 τοῦτο
581 560 798 608 σεμνότερον
821 561 909 595 ὄντα
929 558 1141 604 μεμνῆσθαι
1163 560 1224 602 τῆς
1244 557 1335 606 παρ’
1408 558 1594 594 honestior
1618 563 1831 594 memoretur
1851 569 1873 594 a
1890 559 1994 595 nobis
2017 560 2137 596 datum
2156 565 2383 606 augmentum
2405 559 2485 599 sibi.

259 601 365 649 ἡμῶν
396 603 587 650 δεδομένης
617 603 796 650 αὐξήσεως
826 602 939 648 αὐτῷ,
971 607 1031 638 καὶ
1057 599 1156 638 οὕτω
1180 604 1340 650 χρῆσθαι
1409 607 1445 638 et
1479 604 1530 638 ita
1566 607 1689 639 utatur
1723 604 1848 647 rebus,
1885 604 2053 657 quatinus
2087 606 2339 652 inculpabilem
2375 607 2487 640 semet

259 653 333 684 τοῖς
354 649 575 698 πράγμασιν,
601 648 649 686 ὠς
671 650 860 696 ἄμεμπτον
884 647 1014 684 ἑαυτὸν
1038 649 1130 684 πᾶσι
1154 652 1228 683 τοῖς
1250 645 1338 692 ὑπη-
1356 648 1524 693 10ipsum
1556 649 1719 684 omnibus
1749 648 1919 685 subiectis
1951 651 1988 684 et
2018 650 2120 687 nobis
2149 651 2248 697 ipsis,
2280 651 2428 696 insuper
2451 655 2486 684 et

259 692 354 729 κόοις
384 698 444 729 καί
469 693 553 740 ἡμῖν
577 696 695 731 αὐτοῖς
723 699 781 730 καὶ
814 693 885 739 πρό
909 707 949 741 γε
971 691 1077 738 ἡμῶν
1110 694 1190 737 θεῷ
1217 707 1258 728 τε
1281 697 1340 727 καὶ
1409 695 1533 729 nostro
1559 693 1624 729 deo
1649 694 1787 739 legique
1810 695 1981 739 praestet.

259 740 313 783 τῷ
336 737 439 784 νόμῳ
463 743 643 788 παρέχειν.

304 782 587 832 (mathyae.)
632 787 750 820 Ταῦτα
771 788 895 819 τοίνυν
913 780 1061 819 ἅπαντα
1083 781 1165 827 ἡσὴ
1188 780 1343 828 ὑπεροχὴ
1460 782 1733 829 (Epilogus.)
1787 783 1885 818 Haec
1917 783 2025 827 igitur
2060 785 2179 820 omnia
2213 787 2278 821 tua
2313 783 2486 820 celsitudo

258 830 487 875 γινώσκουσα
510 829 687 865 τοσαύτας
712 843 750 865 τε
771 829 861 877 αὐτῇ
887 827 950 863 τὰς
968 827 1124 872 σιτήσεις
1143 826 1340 863 ἐπιὸιδότω
1411 838 1628 873 cognoscens
1649 832 1768 863 tantas
1793 828 1825 863 ei
1846 838 2006 864 annonas
2031 829 2093 864 det
2111 830 2232 874 sicque
2252 840 2331 865 eam
2350 829 2488 864 noverit

259 871 356 909 οὕτω
385 888 426 909 τε
458 873 571 917 αὐτὴν
601 876 693 909 ἵστω
724 873 859 918 σεμνὴν
889 876 1096 920 γενομένην,
1130 871 1178 908 ὠς
1200 871 1342 908 πολλοῖς
1358 876 1396 908 15
1408 873 1597 909 honestam
1620 873 1764 913 factam.
1797 877 1838 907 ut
1861 873 2022 918 plurimis
2046 874 2114 910 rite
2138 874 2185 910 sit
2208 874 2369 910 studiosa
2391 884 2487 909 nunc

259 920 405 954 εἰκότως
435 920 590 954 ἔσεσθαι
621 917 938 966 περισπούδαστον
970 920 1014 966 τῇ
1049 919 1112 952 τοῦ
1147 919 1214 952 νῦν
1250 916 1342 966 αὐτῇ
1411 918 1445 954 ei
1469 918 1544 953 dati
1569 929 1590 953 a
1614 918 1717 955 nobis
1740 917 1839 954 floris
1865 918 2117 963 dignitatisque
2144 918 2440 964 concupiscentia.

260 962 435 999 δοθέντος
466 961 558 1009 παρ’
585 962 688 1009 ἡμῶν
719 964 856 998 ἄνθους
885 976 926 998 τε
954 966 1013 998 καὶ
1038 960 1242 1007 ἀξιώματος
1267 966 1343 999 ἐπι-

260 1009 390 1090 θυὸἑῗῖ
408 1065 500 1090 xvn.
520 1054 557 1089 k.
577 1054 669 1098 Aug.
693 1054 760 1089 ΟΡ.
785 1054 954 1090 Belisario
977 1065 1007 1089 v.
1026 1064 1057 1089 c.
1079 1063 1176 1089 cons.
1295 1057 1342 1096 [a.
1358 1056 1434 1096 535]
1482 1053 1566 1089 Dat.
1584 1065 1674 1089 xvn.
1697 1054 1769 1088 kal.
1791 1054 1872 1098 Aug
1906 1053 1975 1088 ΟΡ.
1998 1052 2168 1089 Belisario
2192 1064 2223 1089 v.
2247 1063 2278 1089 c.
2299 1063 2396 1089 cons.

772 1282 830 1326 ιῑῦ
1355 1291 1399 1323 20
1886 1289 2017 1324 xxm.

400 1357 580 1412 ΠΕΡΙ
615 1357 759 1411 TOY
788 1356 1206 1411 ΠΡΑΙΤῼΡΟΣ
1501 1359 1553 1407 R
1585 1359 1677 1408 DE
1712 1358 2076 1407 PRAETORE
2111 1358 2396 1408 PAPHLA-

526 1425 1079 1479 ΠΑΦΛΑΓΟΝΙΑΣ.
1789 1424 2048 1475 GONTAE
2077 1425 2131 1474 R

312 1500 350 1538 ‘0
373 1502 480 1538 αὗτός
503 1503 670 1549 βασιλεὺς
689 1502 841 1551 Ἰωάννῃ
865 1501 1010 1550 ἐπάρχῳ
1037 1506 1285 1550 πραιτωρίων.
1599 1501 1688 1546 Imp.
1714 1502 1931 1537 Iustinianus
1956 1502 2048 1546 Aug.
2073 1502 2224 1538 Iohanni
2249 1512 2308 1546 pp.

304 1571 598 1616 (Προοίμιον.)
649 1571 695 1607 Τὸ
716 1570 972 1619 Παφλαγόνων
996 1571 1106 1605 ἔθνος
1128 1567 1279 1616 ἀρχαῖόν
1302 1583 1342 1603 τε
1455 1568 1740 1614 (Praefatio.)
1794 1569 2064 1615 Paphlagonum
2094 1581 2181 1616 gens
2212 1571 2249 1605 et
2277 1568 2424 1613 antiqua
2455 1571 2491 1603 et

259 1618 320 1650 καὶ
351 1613 414 1650 οὐκ
446 1614 640 1661 ἀνώνυμον
667 1617 869 1658 καθεστώς,
901 1613 990 1650 ἀλλὰ
1014 1617 1188 1650 τοσοῦτον
1213 1611 1260 1649 ὠς
1282 1618 1342 1648 καὶ
1356 1617 1397 1650 25
1411 1624 1483 1649 non
1509 1614 1585 1649 sine
1609 1614 1750 1650 nomine
1775 1614 1953 1658 constitit,
1985 1616 2048 1651 sed
2071 1616 2109 1650 in
2132 1619 2288 1658 tantum,
2319 1616 2360 1648 ut
2383 1613 2490 1648 etiam

257 1658 426 1695 ἀποικίας
446 1660 601 1707 μεγάλας
625 1663 807 1717 ἐκπέμψαι
832 1665 892 1695 καὶ
915 1660 978 1695 τὰς
1002 1662 1041 1695 ἐν
1058 1657 1203 1694 Ἰταλοῖς
1225 1671 1340 1693 συνοι-
1413 1659 1571 1694 colonias
1595 1669 1741 1704 magnas
1762 1660 1921 1695 mitteret
1950 1661 2020 1707 (et)
2049 1661 2087 1696 in
2110 1661 2280 1696 Italorum
2311 1658 2492 1694 habitaret

258 1709 358 1740 κίσαι
375 1709 555 1750 Revertens,
580 1709 620 1742 ἐν
641 1706 695 1741 αἷς
719 1705 763 1751 δη
785 1709 846 1741 καὶ
868 1704 1033 1749 Ἀκυληΐα
1056 1703 1159 1740 πόλις
1182 1705 1260 1739 τῶν
1281 1707 1341 1740 ἐπὶ
1411 1704 1581 1748 Venetiis‚
1605 1705 1641 1739 in
1665 1705 1795 1750 quibus
1819 1705 1942 1750 utique
1966 1710 2003 1741 et
2022 1706 2186 1751 Aquileia
2210 1705 2334 1740 civitas
2358 1704 2394 1738 in
2417 1703 2489 1738 He-

257 1752 326 1830 {22
343 1750 495 1830 ἇσὲτέρας
516 1756 667 1838 μεέίέτη
692 1750 915 1797 κατῴκισται
946 1754 1005 1785 καὶ
1030 1749 1223 1794 βασιλικὴν
1255 1749 1341 1786 πολ-
1411 1750 1716 1841 ῗρςήοὲθιιέἓκέωο,
1751 1750 1913 1830 habizata
1946 1754 2001 1787 est
2037 1756 2073 1786 et
2106 1750 2324 1796 imperialem
2357 1758 2490 1784 morem

327 1807 358 1830 ις
405 1800 529 1831 ιάιταν
576 1810 594 1830 ε
617 1800 740 1842 αμένη,
1429 1805 1493 1839 pro
1542 1805 1574 1830 le
1615 1806 1649 1829 m
1692 1805 1834 1840 suscep
1854 1822 1862 1830 .

1273 1884 1429 1920 CAPUT
1450 1885 1477 1919 Ι.

311 1953 354 1988 τὸ
385 1958 510 1989 τοίνυν
539 1953 673 2000 Παφλα
698 1953 797 1988 ὀνων
828 1955 938 1988 ἔθνος
970 1955 1031 1989 ἐπὶ
1062 1954 1141 1987 τῶν
1171 1950 1342 1997 Ὁνωρίου
1357 1955 1398 1986 30
1457 1951 1570 1996 Igitur
1593 1952 1862 1997 Paphlagonum
1885 1956 2024 1997 gentem
2050 1953 2116 1988 sub
2140 1953 2290 1988 Honorii
2314 1952 2395 1998 piae
2417 1961 2488 1987 me·

258 2000 322 2033 τοῦ
347 2000 408 2042 τῆς
431 1998 595 2043 εὐσεβοῦς
626 1996 669 2042 λή
691 2010 758 2033 scos
779 1998 923 2045 χρόνων
947 1997 1160 2033 ἐλαττωθὲν
1192 2000 1251 2031 καὶ
1277 1995 1340 2032 πό-
1410 1996 1543 2032 moriae
1567 1998 1788 2042 temporibus
1812 1999 2035 2034 imminutam
2065 2002 2101 2033 et
2132 1998 2293 2033 civitates
2323 1996 2489 2033 amitten-

304 2091 392 2125 Nov.
407 2091 551 2124 XXIX
565 2090 691 2124 Graece
712 2097 800 2124 extat
822 2091 854 2123 in
867 2090 952 2131 ML,
973 2102 998 2122 c.
1019 2091 1102 2122 1—5
1127 2091 1160 2122 in
1182 2089 1217 2121 B
1236 2090 1267 2128 6,
1280 2096 1323 2122 13.
1349 2107 1392 2112 —
1416 2088 1506 2131 Epit.
1524 2088 1644 2121 Tkeod.
1660 2090 1714 2130 29,
1739 2090 1814 2122 Ath.
1829 2092 1861 2131 4,
1876 2098 1903 2124 9.
1941 2090 2062 2123 Iulian.
2084 2097 2182 2123 const.
2201 2088 2386 2122 XXVIII.

258 2178 506 2226 spectabilium
529 2178 687 2214 iudicum
715 2183 752 2213 et
782 2178 883 2224 apud
905 2177 1188 2229 qloriosissimos
1208 2177 1430 2228 praefectos
1461 2182 1498 2212 et
1526 2177 1628 2222 apud
1657 2177 1958 2223 qtoriosissimum
1986 2184 2150 2213 nostrum
2174 2181 2400 2223 quaestorem
2417 2186 2490 2222 per

259 2224 559 2260 consultationem
588 2227 856 2269 eoqnoscatur;
889 2221 970 2258 lites
1000 2226 1119 2258 autem
1151 2222 1359 2267 qumqentis
1389 2221 1511 2256 aureis
1542 2221 1701 2257 minores
1731 2221 1771 2257 in
1800 2222 1992 2269 provincia
2020 2222 2137 2268 ipsius
2159 2226 2277 2258 motas
2299 2220 2400 2273 apud
2422 2220 2488 2255 ali-

259 2279 353 2314 quos
381 2269 461 2312 (etsi
481 2269 584 2314 forte
613 2279 663 2303 ex
686 2267 925 2313 deleqatione,
957 2277 1023 2302 nec
1057 2271 1177 2302 tamen
1208 2266 1310 2313 apud
1337 2266 1551 2313 spectabiles
1582 2271 1687 2302 actae
1715 2267 1813 2310 sint),
1846 2267 1992 2313 quando
2022 2269 2060 2303 in
2089 2267 2135 2302 iis
2158 2266 2357 2314 appellatio
2379 2266 2488 2301 inter-

257 2318 431 2360 ponatur,
462 2315 539 2360 ipse
561 2313 600 2348 in
625 2313 752 2348 ordine
773 2313 874 2347 sacri
895 2312 1080 2348 examinet
1102 2310 1299 2347 auditorii.-
1330 2316 1373 2347 ut
1393 2311 1432 2346 in
1456 2310 1526 2347 hac
1555 2322 1627 2357 quo
1655 2322 1700 2346 ue
1727 2322 1768 2348 re
1791 2311 2010 2348 honoratior
2035 2313 2163 2358 factus
2192 2311 2316 2347 collati
2347 2310 2388 2346 in
2410 2320 2489 2346 eum

259 2370 283 2394 a
305 2358 410 2395 nobis
434 2358 644 2394 inerementi
666 2368 802 2393 memor
824 2358 883 2400 sit,
912 2362 950 2393 et
972 2358 1024 2393 ita
1045 2356 1154 2392 rebus
1176 2360 1319 2400 utatur‚'
1336 2360 1378 2392 ut
1401 2356 1564 2392 omnibus
1586 2367 1630 2391 su
1654 2355 1739 2392 ditis
1762 2362 1798 2393 et
1821 2356 1924 2392 nobis
1947 2357 2038 2404 ipsis
2059 2362 2095 2393 et
2112 2368 2207 2404 prae
2230 2356 2332 2392 nobis
2354 2355 2422 2391 deo
2446 2365 2490 2390 ac

260 2404 335 2450 leqi
354 2404 428 2440 inte
455 2415 534 2439 rum
556 2414 634 2439 sese
649 2406 827 2450 praestet.
1315 2447 1321 2453 -
1364 2447 1371 2453 .
1552 2432 1555 2433 ⁷
1593 2447 1599 2453 ι

396 2415 503 2496 1331ss
512 2459 533 2484 o
542 2459 635 2495 qus.
695 2447 766 2483 His
793 2448 909 2494 iqitur
941 2447 1105 2483 omnibus
1135 2451 1198 2481 tua
1227 2446 1429 2482 sublimatas
1460 2446 1618 2493 coqnitzs
1647 2450 1684 2482 et
1717 2458 1882 2482 annonas
1915 2451 2036 2483 tantas
2063 2448 2096 2483 ei
2125 2446 2302 2494 praebeat
2331 2449 2368 2481 et
2397 2444 2490 2480 adeo

258 2493 481 2575 Ιιοηοῖαίιιάηὲ
505 2493 749 2574 εαηᾶεΐαάοέμηι
773 2503 849 2529 esse
870 2493 975 2535 sciat,
1008 2498 1048 2528 ut
1070 2492 1193 2527 multis
1223 2492 1351 2528 merito
1374 2491 1602 2538 expetendus
1630 2492 1681 2527 sit
1699 2492 1853 2538 futurus
1882 2492 2025 2528 decoris
2055 2497 2089 2528 et
2120 2491 2308 2538 diqnitatis
2337 2500 2434 2526 nunc
2455 2489 2490 2525 ei

259 2550 283 2575 a
306 2550 354 2575 no
379 2540 411 2574 is
484 2543 541 2575 tae
608 2539 640 2574 si
706 2539 751 2574 io.

826 2784 930 2836 DE
958 2715 1638 2835 PRAETOREXAIIJZPHLA
1646 2783 1686 2834 G
1692 2783 1925 2835 ONIAE'.

912 2863 1013 2899 Idem
1035 2865 1222 2909 Λαμπείας
1246 2861 1404 2897 Iohanni
1420 2862 1616 2908 praefecto
1636 2863 1840 2908 praetorio.

393 2930 647 2977 Praefatio.
693 2931 747 2966 Pa
776 2931 974 2979 hlaqonum
989 2934 1131 2977 qentem
1152 2938 1188 2966 et
1207 2930 1285 2965 anti
1311 2940 1394 2964 uam
1417 2940 1531 2974 neque
1550 2929 1754 2976 iqnobikm,
1776 2929 1841 2966 sed
1856 2930 1962 2965 talem
1981 2941 2075 2975 quae
2097 2936 2133 2966 et
2152 2940 2304 2976 maynas
2324 2929 2487 2966 colonias

259 2976 455 3013 deduaeerit
477 2982 514 3012 et
546 2976 712 3012 Venetias
759 2976 915 3012 talorum
937 2975 1142 3018 incoluerit,
1174 2974 1235 3010 ubi
1291 2973 1424 3020 quileia
1450 2984 1594 3020 quoque
1618 2974 1763 3010 condita
1794 2979 1849 3010 est
1871 2974 1958 3010 urbs
1981 2985 2105 3010 earum
2129 2986 2223 3021 quae
2242 2975 2279 3010 in
2304 2974 2487 3011 occidente

258 3026 343 3057 sunt
366 3021 528 3058 maxima
551 3032 716 3068 quaeque
738 3021 961 3068 imperialem
985 3021 1128 3056 domum
1151 3030 1262 3066 saepe
1283 3019 1453 3065 suscepit,

393 3066 421 3102 1.
482 3066 763 3113 Paphlaqonum
793 3067 909 3113 iqitur
936 3071 1077 3112 qentem
1111 3064 1270 3100 Honorii
1295 3064 1385 3110 piae
1413 3064 1607 3099 memoriae
1640 3063 1859 3111 temporibus
1890 3068 2123 3100 extenuatam
2153 3070 2189 3100 et
2219 3063 2367 3100 urbibus
2396 3076 2484 3101 non-

309 3171 323 3203 1
349 3165 520 3213 ὑπάρχοις
544 3169 612 3201 LB
629 3167 640 3208 ΙΙ
658 3168 736 3201 τῶν
757 3165 1008 3207 ἐνδοξοτάτων
1021 3168 1052 3200 L
1069 3167 1081 3211 11
1101 3169 1119 3199 2
1144 3165 1236 3199 κατὰ
1260 3179 1337 3198 κον·
1453 3167 1472 3198 2
1497 3166 1759 3199 consulationem
1779 3166 1874 3209 7114
1897 3164 1949 3198 vel
1966 3166 1994 3197 si
2010 3166 2096 3198 sorte
2113 3164 2234 3209 Becku
2253 3167 2271 3198 5
2294 3175 2336 3198 ne
2357 3165 2481 3204 addidi,

259 3211 498 3247 σουλτατίονα
521 3211 814 3253 (κονσουλατίονα
829 3213 887 3254 Μ)
912 3213 996 3254 ML]
1021 3210 1113 3245 κατὰ
1133 3209 1338 3244 συνέλευσιν
1406 3219 1467 3242 nec
1482 3212 1567 3253 vuly.
1586 3209 1599 3254 11
1616 3211 1747 3243 dicatur
1767 3210 1822 3254 711
1840 3212 1860 3244 6
1884 3209 1945 3242 sub
1970 3211 2047 3243 add.
2060 3210 2145 3253 vulq.
2162 3210 2174 3253 11
2192 3208 2413 3253 appellatione
2434 3205 2479 3248 7]

260 3259 307 3292 Μ
307 3272 333 3292 s.
343 3271 385 3300 v.‚
401 3259 436 3291 B
453 3257 466 3302 11
481 3258 686 3303 κρίνεσθαι]
706 3257 880 3303 γίνεσθαι
898 3259 931 3290 Β
947 3258 960 3301 11
978 3259 999 3291 4
1022 3258 1253 3302 κρινουμένας
1267 3256 1303 3289 Β
1327 3255 1331 3296 Ι
1405 3254 1667 3296 appellationum
1682 3256 1714 3289 T
1727 3255 1740 3299 11
1763 3255 1860 3296 fiunt]
1884 3255 1988 3287 fuerit
2009 3254 2056 3298 71
2089 3255 2125 3287 in
2142 3254 2292 3288 ordinem
2308 3253 2342 3287 T
2397 3252 2415 3284 ‘1
2440 3250 2479 3291 in]

259 3307 279 3337 5
309 3301 408 3350 παρὰ
437 3315 520 3358 περι
548 3300 689 3336 Maroae
713 3303 782 3335 LB
812 3303 824 3346 11
853 3304 874 3337 6
892 3315 940 3346 sq.
973 3303 1013 3335 ἐν
1035 3301 1134 3341 τάξει
1159 3320 1201 3325 -
1227 3297 1338 3334 αὐτὸν
1406 3300 1458 3331 his
1483 3301 1562 3333 libri
1588 3300 1601 3343 11
1627 3300 1808 3334 secundum
1832 3301 1894 3333 hoo
1919 3300 2018 3332 etiam
2085 3300 2128 3333 al.
2157 3300 2169 3341 11
2199 3299 2220 3334 8
2242 3298 2320 3331 dato
2389 3295 2432 3328 αἱ.
2467 3296 2480 3340 fl

260 3360 317 3381 om.
334 3348 393 3391 Lu
420 3350 440 3382 9
465 3360 509 3380 av
542 3345 655 3389 ’σεως]
680 3348 850 3392 ἐπαρχίας
874 3347 925 3380 L‘·
950 3346 962 3388 11
985 3343 1084 3389 αὐτῷ·
1109 3345 1156 3390 ς11
1185 3348 1222 3380 11
1249 3343 1338 3391 πρὸς
1406 3346 1426 3377 9
1450 3343 1559 3386 rebus]
1584 3346 1684 3378 cehus
1706 3343 1761 3389 711
1783 3347 1819 3379 11
1846 3347 1975 3377 nostros
1996 3344 2053 3387 711
2073 3346 2113 3378 14
2137 3350 2333 3385 cognosceus
2354 3341 2388 3372 et
2405 3342 2475 3390 tan·

258 3404 298 3436 γε
327 3394 375 3428 Le
392 3393 405 3436 11
423 3395 524 3436 isssq.
550 3393 709 3436 epiloqum
734 3392 844 3424 om.B
862 3391 875 3436 11
902 3393 941 3425 16
966 3391 1126 3425 ἔπεσθαι
1151 3391 1181 3424 L
1197 3391 1209 3434 11
1228 3386 1336 3424 αὐτοῦ
1404 3390 1455 3421 tas
1478 3389 1644 3434 Neoburq.
1671 3389 1684 3434 11
1712 3389 1855 3423 mouerit
1880 3390 1913 3423 Τ
1922 3391 1966 3423 al.
1998 3399 2050 3422 me
2074 3388 2146 3421 ueri
2176 3387 2210 3421 V
2267 3386 2306 3419 ¹5
2329 3384 2479 3416 honoetla

260 3436 291 3468 L
308 3436 322 3479 11
342 3440 381 3470 19
403 3448 484 3470 xvu
502 3438 535 3470 k,
555 3440 641 3479 Aug.
666 3437 810 3478 e(Atk.)]
835 3447 895 3469 κν.
919 3437 953 3469 k.
973 3447 1049 3478 aug.
1071 3437 1117 3470 Μ
1143 3435 1189 3468 kl.
1204 3437 1337 3478 agustus
1406 3433 1527 3466 factum
1555 3434 1610 3511 Vq
1632 3436 1672 3469 16
1695 3435 1792 3468 flores
1811 3434 1913 3479 librili
1931 3433 2184 3473 diuinitatisque
2242 3427 2316 3472 αἱ..
2337 3429 2376 3462 19
2400 3438 2477 3460 oon-

260 3479 340 3513 luz!
364 3484 436 3520 (om.
449 3482 511 3516 Iul.
526 3483 620 3516 codd.
637 3485 722 3522 cett.)
744 3482 831 3525 μηνὶ
852 3477 1039 3527 αὖγοὺστῳ
1069 3481 1187 3514 Theoti.
1212 3481 1224 3523 11
1251 3479 1335 3513 Bili-
1403 3479 1596 3522 stantinopo
1611 3480 1640 3512 is
1659 3479 1717 3523 711
1731 3479 1819 3512 bilis.
1843 3479 1929 3522 7Τ11
1956 3479 1995 3512 21
2021 3475 2182 3520 praetore]
2204 3482 2283 3516 prae
2306 3472 2362 3515 711
2377 3473 2477 3525 pafla-

260 3525 346 3557 nario
362 3526 405 3558 M
416 3525 429 3570 11
475 3535 522 3560 ost
535 3529 796 3571 subscriptionem
817 3539 878 3559 non
895 3535 1043 3560 servatur
1056 3527 1152 3559 indeo:
1173 3527 1213 3559 de
1228 3537 1290 3568 quo
1307 3537 1335 3558 υ.
1403 3524 1503 3565 gonie
1526 3524 1590 3558 VT
1604 3526 1648 3563 (et
1659 3526 1707 3558 sic
1719 3523 1852 3568 semper)
1874 3523 1887 3568 11
1910 3525 1952 3558 23
1975 3523 2044 3566 pp.]
2067 3521 2205 3570 pporpm
2232 3517 2266 3550 V
2283 3516 2296 3561 Ι
2323 3518 2367 3551 24
2390 3521 2478 3550 anti·

257 3570 426 3611 p.217,2e
444 3539 515 3612 {25
530 3567 735 3612 καθεστώς]
755 3569 939 3607 constitit:
954 3570 1171 3611 (καθέστηκε
1185 3571 1335 3603 Haloan-
1404 3577 1503 3609 quam
1524 3567 1579 3613 Vfl
1597 3570 1640 3604 25
1664 3569 1814 3602 consistit
1836 3569 2000 3619 waurp.
2047 3565 2090 3599 28
2113 3564 2242 3596 mittere
2262 3560 2318 3606 71
2343 3564 2376 3595 et
2399 3563 2476 3596 add,

261 3613 357 3666 der).ll
368 3615 411 3647 26
424 3619 622 3649 συνοικίσαι
636 3617 812 3660 Scrimyer]
826 3615 1034 3658 συνοικῆσαι
1048 3615 1142 3652 MLe
1151 3614 1164 3660 11
1181 3617 1224 3649 30
1237 3610 1335 3659 ὁρίου
1403 3614 1488 3664 vulq.
1506 3613 1518 3657 11
1540 3614 1585 3665 ,27
1609 3613 1777 3656 aquilegia
1797 3614 1833 3665 7
1848 3613 1861 3656 Ι
1888 3620 1996 3662 φθῆ-ι
2049 3605 2134 3684 aldi
2149 3607 2191 3640 28
2214 3606 2388 3658 magna-T
2397 3604 2480 3685 aLTfl

262 3657 310 3690 1⁴¹
331 3660 471 3702 ⁰⁹⁰Ql⁰v
489 3660 535 3691 Π
1403 3657 1603 3736 ''Gllxrtperiale
1615 3669 1705 3692 more
1717 3658 1900 3701 prodictam
1922 3654 1956 3690 7
1971 3661 2088 3695 imperi
2156 3661 2245 3684 more
2264 3650 2419 3684 traditam
2470 3676 2477 3685 .

1454 3715 1576 3736 ossema
1594 3703 1722 3737 seclusi.
