2618 4010
313 146 418 190 Nov.
449 145 484 190 O
512 147 538 186 2

1374 138 1458 188 486

1881 157 1941 188 DE
1970 155 2177 187 TEMPORE
2204 153 2296 185 NON
2318 151 2523 185 'SOLUTAE

1303 275 1460 312 CAPUT
1484 274 1531 311 11.

357 340 564 375 Συνελόντα
585 345 709 376 τοίνυν
726 342 840 376 εἰπεῖν
859 343 945 376 εἵσω
960 343 1026 384 μὲν
1041 339 1174 377 διετίας
1190 344 1253 377 τοῦ
1272 342 1388 388 γάμου

312 385 548 420 διαλυθέντος
570 386 642 420 εἴτε
662 385 819 430 θανάτῳ
842 387 914 422 εἴτε
932 384 1112 431 ῥεπουδίῳ
1133 389 1193 421 καὶ
1212 384 1311 430 αὐτῷ
1334 389 1386 430 τῷ

311 428 418 477 ἀνδρὶ
434 431 479 464 τὰ
493 434 574 475 περὶ
590 432 652 473 τῆς
667 428 881 478 ἅναργυρίας
897 431 1018 471 ἔξεστι
1032 432 1243 477 μέμφεσθαι
1259 435 1318 467 καὶ
1334 433 1386 474 τῷ

310 489 350 522 γε
374 471 484 509 αὐτοῦ
507 474 718 519 κληρονόμῳ
743 477 828 510 εἴσω
849 477 969 521 ἑτέρου
986 477 1161 510 ἐνιαυτοῦ.
1197 474 1285 511 εἰδὲ
1299 475 1389 522 ὑπὲρ

312 519 451 554 διετίαν
467 518 550 566 ἄχρι
566 518 652 555 δέκα
666 522 846 556 ἐνιαυτῶν
860 515 880 553 ὅ
891 520 1002 567 γάμος
1017 522 1200 564 έκταθείη,
1216 523 1270 565 τῷ
1284 518 1390 565 ἀνδρὶ

312 563 460 609 δίδομεν
476 564 544 608 τὴν
556 569 695 610 μέμψιν
711 569 770 600 καὶ
785 580 805 599 τ
821 567 837 574 ”’
855 579 895 612 γε
911 562 1022 600 αὐτοῦ
1038 565 1248 611 κληρονόμῳ
1262 568 1391 611 μηνῶν

311 610 398 644 εἴσω
421 623 444 644 τ
468 611 545 644 ιῶν.
586 611 617 644 εἰ
641 608 681 644 δὲ
704 579 934 655 παραδράμοι
959 607 980 653 ἦ
1005 608 1181 652 δεκαετία,
1203 610 1289 646 τότε
1308 611 1389 646 οὔτε

311 656 364 698 τῷ
397 652 444 688 οἷν
470 658 503 700 ρὶ
534 653 618 690 οὔτε
649 654 880 699 κληρονόμοις
909 652 1020 690 αὐτοῦ
1052 656 1099 690 τὰ
1130 658 1192 699 τῆς
1221 659 1389 702 μέμψεως

312 703 431 741 ἔσται,
461 701 526 746 τρῦ
550 698 678 754 ζρόνου
702 698 890 755 ζτρρςάπαξ
914 701 1146 753 ἐξαρκοῦντος
1169 703 1213 748 τῇ
1237 705 1387 748 γυναικί.

1517 340 1738 377 Generaliter
1767 341 1875 385 igitur
1904 342 2088 380 dIcendum
2118 344 2214 380 intra
2243 342 2423 378 biennium
2447 341 2522 386 qui-

1457 386 1535 421 dem
1575 386 1799 422 matrimonio
1838 386 1956 424 soluto
1996 389 2068 425 sive
2105 395 2218 425 morte
2261 388 2334 424 sive
2376 386 2523 432 repudio

1457 436 1493 466 et
1522 430 1602 475 ipso
1625 431 1752 466 marito
1777 430 1821 466 de
1843 442 1915 468 non
1938 438 2118 470 numerata
2142 433 2295 479 pecunia
2319 433 2402 468 licet
2425 431 2525 476 queri

1457 481 1494 510 et
1528 476 1604 511 eius
1638 475 1760 511 heredi
1792 476 1888 512 intra
1917 476 2025 514 alium
2053 488 2194 515 annum.
2250 479 2287 514 Si
2316 488 2399 514 vero
2433 477 2526 511 ultra

1425 525 1444 556 5
1457 520 1638 556 biennium
1669 531 1782 566 usque
1812 520 1858 556 ad
1888 522 2011 559 decem
2039 532 2153 560 annos
2182 523 2441 560 matrimonium
2464 531 2524 557 ex·

1458 566 1645 608 tendatur,
1683 566 1811 601 marito
1850 565 1974 605 damus
2008 569 2186 612 querelam
2220 573 2257 604 et
2291 567 2413 604 heredi
2447 566 2524 602 eius

1457 610 1551 646 intra
1572 620 1712 646 menses
1735 613 1820 646 tres.
1868 610 1906 646 Si
1926 621 2009 649 vero
2031 614 2283 649 transcurrerit
2305 613 2524 652 decennium,

1457 660 1543 691 tunc
1566 665 1680 701 neque
1703 656 1828 691 marito
1851 666 1966 700 neque
1987 656 2175 693 heredibus
2188 659 2265 694 eius
2285 658 2427 704 querela
2446 656 2524 697 erit,

1458 703 1617 746 tempore
1639 701 1686 736 ad
1708 700 1826 736 omnia
1849 701 2049 738 sufficiente
2065 702 2212 738 mulieri.
2259 703 2310 739 Et
2332 704 2363 739 si
2386 703 2524 748 quidem

311 746 342 779 εἰ
365 747 433 789 μὲν
452 747 518 800 οὖν
542 744 676 799 αφῆλιξ
699 759 720 792 ῃ
746 759 765 779 ο
791 745 881 801 ἀνηρ
905 749 964 780 καὶ
981 760 1030 788 μη
1045 749 1241 800 μέμψηται,
1265 748 1387 799 τοσοῦ·
1405 748 1444 781 10
1457 746 1553 781 intra
1575 748 1728 781 aetatem
1752 746 1899 782 maritus
1922 747 1968 781 sit
1997 750 2035 782 et
2064 757 2135 782 non
2166 751 2356 792 queratur,
2387 752 2525 783 tantum

311 803 376 824 τον
407 790 454 824 εἰς
485 802 785 824 αποκαταστασιν
816 792 914 833 αυτῷ
947 788 1094 834 δίδομεν
1122 805 1271 837 χρόνον,
1301 788 1390 826 ω’ςτε

310 834 360 880 μὴ
385 833 588 889 ὑπερβῆναι
611 833 853 870 δωδεκαετίαν
878 838 916 869 ἐκ
936 837 1000 870 τοῦ
1017 838 1141 881 καιροῦ
1158 838 1235 870 τῶν
1249 836 1387 882 γάμων.

312 881 415 924 ἴσμεν
439 893 512 937 yae
543 880 624 915 τοὺς
647 879 790 926 σφόδρα
816 881 969 923 τάχιστα
992 880 1302 916 συναλλάττοντας
1325 879 1389 927 γά-

311 938 381 970 μον
412 938 475 959 ουκ
505 924 671 960 ἐλάττους
702 927 779 960 τῶν
812 924 1069 960 πεντεκαίδεκα
1100 928 1278 961 ἐνιαυτῶν
1301 926 1391 973 πρὸς

1458 791 1504 826 ad
1534 791 1571 826 in
1602 791 1774 835 integrum
1797 791 2058 828 restitutionem
2089 791 2122 827 ei
2151 791 2274 828 damus
2295 797 2454 838 tempus,
2486 796 2526 826 ut

1457 836 1563 880 (non)
1585 836 1816 871 transcendat
1838 836 1908 871 XII
1930 846 2043 872 annos
2075 846 2099 871 a
2129 840 2287 888 tempore
2309 838 2523 883 nuptiarum.

1458 881 1629 917 Novimus
1652 881 1745 916 enim
1769 891 1831 917 eos
1880 882 1916 917 ui
1939 882 2163 919 vehementer
2187 882 2290 918 citius
2311 883 2526 918 contrahunt

1458 926 1601 971 nuptias
1625 937 1697 961 non
1713 926 1829 962 minus
1846 892 1912 962 {V
1928 937 2100 963 annorum
2124 926 2170 961 ad
2191 926 2259 962 hoc
2275 928 2523 972 procedentes:

313 972 420 1005 τοῦτο
454 969 593 1004 ἰόντας·
641 967 730 1006 dieve
759 974 818 1004 καὶ
853 968 1093 1015 ὑπερβήσεται
1124 972 1192 1023 usn»
1224 975 1445 1025 σςέμπτον15
1458 982 1528 1016 qua
1557 972 1600 1006 de
1629 982 1669 1006 re
1699 973 1828 1006 transit
1857 972 2018 1017 quintum
2046 975 2083 1006 et
2113 972 2315 1007 vicesimum
2338 982 2469 1007 annum
2491 976 2526 1006 et

312 1018 372 1049 καὶ
408 1015 572 1050 εἰκοστὸν
608 1016 776 1050 ἐνιαυτὸν
809 1019 869 1049 καὶ
899 1019 1002 1050 ἔσται
1034 1014 1184 1051 δυνατος
1214 1019 1300 1051 εὶσω
1327 1018 1389 1051 τοῦ

313 1061 471 1094 εἰκοστοῦ
502 1058 659 1104 ἑβδόμου
686 1061 909 1106 μέμψασθαι
940 1062 985 1108 τῇ
1015 1062 1076 1103 τῆς
1105 1062 1251 1107 προικὸς
1281 1059 1387 1107 ἀναρ-

312 1109 423 1152 γυρίᾳ.
477 1102 755 1148 τελευτήσαντος
787 1104 827 1139 δὲ
857 1103 969 1140 αὐτοῦ
1001 1106 1087 1140 εἴσω
1118 1108 1181 1141 τοῦ
1213 1107 1389 1153 ῥηθέντος

311 1150 442 1196 χρόνον
470 1150 550 1184 τοὺς
579 1149 816 1197 κληρονόμους
849 1153 943 1193 ἔχειν
973 1150 1040 1185 τὸν
1063 1153 1232 1186 ἐνιαυτὸν
1253 1153 1300 1186 εἰς
1321 1152 1388 1195 τὴν

311 1198 333 1231 1
377 1198 526 1240 μέμψιν.
691 1194 700 1204 “
758 1192 766 1206 '

311 1244 419 1283 μένου
435 1239 652 1286 κληρονόμοι
668 1241 739 1275 εἴτε
755 1240 888 1275 τελείου
907 1242 977 1276 εἴτε
995 1238 1149 1282 ἀτελοῦς,
1170 1247 1388 1277 πενταετίαν

312 1288 494 1328 ἐχέτωσαν
524 1284 642 1330 μόνην
673 1287 722 1319 εἰς
752 1286 794 1320 τὸ
828 1288 970 1329 κινῆσαι
1001 1287 1069 1330 τὴν
1098 1290 1237 1333 μέμψιν
1261 1291 1319 1322 ἐπὶ
1344 1289 1387 1334 τῇ

312 1328 406 1377 ἀναρ
432 1335 521 1375 υρίᾳ.
545 1329 740 1376 ἀρκοῦντος
762 1332 826 1366 τοῦ
850 1331 980 1378 χρόνου
1000 1335 1059 1365 καὶ
1079 1332 1127 1376 μὴ
1149 1330 1390 1376 ἅναμένονιος

311 1376 380 1430 τὴν
428 1374 568 1417 ιε’ξοδον
591 1374 772 1411 ἁπάντων
791 1378 868 1411 τῶν
886 1375 1093 1412 ἐλαττόνων
1108 1377 1258 1422 χρόνων.
1298 1374 1389 1424 ὅπερ

1458 1017 1526 1052 erit
1561 1016 1740 1061 possibilis
1775 1017 1871 1052 intra
1905 1017 2107 1053 vicesimum
2138 1016 2326 1061 septimum
2355 1017 2454 1061 queri
2484 1016 2526 1051 de

1458 1072 1527 1096 non
1559 1066 1744 1097 numerata
1772 1062 1922 1107 pecunia
1956 1062 2062 1098 dotis.
2110 1062 2286 1096 Moriente
2316 1071 2455 1106 quoque
2485 1070 2526 1096 eo

1457 1107 1800 1186 intralgg'edicmm
1831 1112 1970 1152 tempus
2000 1107 2148 1143 heredes
2173 1107 2305 1142 habere
2327 1116 2460 1141 anuum
2482 1105 2527 1140 ad

1456 1161 1563 1196 quere
1638 1179 1645 1186 .

618 1197 649 1229 εἰ
679 1194 718 1229 ὸὲ
746 1193 914 1242 αφήλικες
937 1196 1008 1231 εἶεν
1031 1195 1067 1230 οἱ
1088 1198 1152 1231 τοῦ
1176 1197 1225 1241 μὴ
1247 1210 1386 1242 μεμψα-
1402 1199 1477 1232 201
1523 1197 1561 1231 Si
1585 1203 1702 1232 autem
1727 1197 1879 1232 minores
1901 1197 1972 1232 sint
1989 1208 2060 1233 non
2078 1196 2259 1243 querentis
2274 1195 2434 1238 heredes,
2458 1194 2529 1230 sive

1457 1241 1600 1277 maioris
1641 1242 1715 1278 sive
1753 1242 1915 1284 minoris,
1956 1243 2110 1287 quinque
2146 1242 2302 1277 habeant
2336 1240 2448 1276 solum
2483 1240 2528 1275 ad

1457 1287 1664 1322 movendam
1688 1287 1867 1332 querelam
1891 1297 1962 1323 non
1985 1292 2192 1323 numeratae
2215 1286 2404 1332 pecuniae,
2428 1284 2527 1320 suffi-

1458 1333 1574 1367 ciente
1606 1335 1764 1377 tempore
1796 1335 1832 1367 et
1862 1343 1933 1368 non
1965 1337 2177 1377 expectante
2210 1332 2343 1367 exitum
2376 1331 2527 1366 omnium

1457 1377 1632 1412 minorum
1655 1381 1864 1422 temporum.
1911 1377 2014 1422 Quod
2039 1389 2103 1414 nos
2121 1378 2167 1413 ad
2183 1379 2403 1423 praesentem
2419 1376 2528 1428 legem

311 1422 403 1465 ημᾶς
436 1421 524 1476 ατρὸς
557 1421 625 1456 τὸν
657 1420 824 1476 παρόντα
858 1421 974 1466 νόμον
1009 1424 1190 1465 ἐκίνησεν·
1230 1425 1291 1466 τῆς
1321 1424 1391 1469 γὰρ
1403 1425 1445 1458 25
1458 1423 1584 1458 movit:
1622 1422 1769 1457 muliere
1792 1433 1945 1466 namque
1969 1424 2160 1460 coniuncta
2184 1428 2310 1468 quarto
2335 1426 2371 1457 et
2395 1422 2528 1457 decimo

311 1478 479 1513 γυναικος
513 1478 773 1511 συνοικησασης
806 1465 1186 1510 τεσσαρεςκαιδέκατον
1222 1469 1390 1502 ἐνιαυτὸν

310 1511 403 1556 μετὰ
435 1511 600 1546 εἰκοστὸν
630 1516 709 1546 ἔτος
737 1514 801 1546 τοῦ
832 1513 999 1546 θανάτου
1036 1514 1100 1547 τοῦ
1133 1513 1269 1557 πατρὸς
1301 1510 1389 1548 ἀπο-

311 1556 490 1602 χρώμενος
524 1558 569 1604 τῇ
604 1554 841 1603 ἄφηλικότητι
877 1560 984 1592 ἐκίνει
1023 1569 1075 1592 τις
1105 1556 1197 1592 κατὰ
1233 1560 1295 1601 τῆς
1326 1571 1390 1602 μη-

311 1602 396 1648 τρὸς
418 1602 486 1637 τὸν
501 1603 564 1645 τῆς
588 1599 805 1649 ἀναργυρίας
836 1599 1039 1637 ἀντιτιθεὶς
1070 1601 1179 1650 λόγον
1208 1604 1298 1646 μετὰ
1337 1607 1390 1638 τέ-

1457 1477 1552 1502 anno
1584 1473 1666 1513 post
1688 1468 1890 1502 vicesimum
1914 1478 2045 1503 annum
2069 1468 2192 1504 mortis
2216 1467 2347 1513 patris,
2379 1467 2529 1502 abutens

1457 1513 1584 1548 minori
1615 1517 1732 1548 aetate
1762 1513 1927 1548 movebat
1957 1513 2098 1565 quidam
2132 1517 2256 1549 contra
2287 1516 2434 1547 matrem
2457 1521 2529 1546 non

1459 1562 1665 1593 numeratae
1689 1559 1863 1603 pecuniae
1885 1558 2042 1594 obiciens
2066 1559 2239 1595 rationem
2262 1563 2345 1603 post
2368 1560 2528 1601 quartum

1458 1608 1494 1638 et
1527 1603 1742 1639 tricesimum
1777 1603 1982 1648 nuptiarum
2018 1614 2157 1639 annum.
2209 1603 2312 1648 Quod
2342 1613 2407 1638 nos
2438 1601 2528 1637 iudi-

312 1659 448 1699 ταρτον
470 1650 530 1681 καὶ
552 1660 770 1693 τριακοστόν
794 1660 857 1681 του
875 1651 1095 1682 συνοικεσίου
1119 1647 1260 1694 χρόνον.
1301 1646 1391 1701 ὅπερ
1404 1651 1444 1683 30
1461 1654 1583 1684 cantes
1608 1649 1826 1690 curavimus,
1857 1653 1894 1683 et
1924 1653 2071 1693 propter
2094 1650 2159 1684 has
2184 1647 2470 1684 circumstantias
2494 1649 2530 1680 et

312 1695 410 1735 ημεῖς
434 1690 638 1734 δικάζοντες
661 1692 972 1738 ἐθεραπεύσαμεν,
1004 1697 1063 1726 καὶ
1087 1692 1147 1727 διὰ
1174 1693 1307 1728 ταύτας
1327 1705 1391 1728 τας

313 1738 540 1783 περιστάσεις
574 1741 635 1771 καὶ
664 1736 732 1771 τὸν
762 1739 839 1772 τῶν
869 1734 1054 1784 ἆφηλίκων
1083 1738 1216 1783 χρόνον
1245 1739 1293 1773 εἰς
1323 1739 1391 1782 τὴν

314 1786 531 1817 πενταετίαν
548 1784 608 1816 ἐπὶ
625 1783 688 1816 τοῦ
706 1782 885 1828 παρόντος
901 1781 1084 1828 ὠρίσαμεν
1101 1783 1229 1826 νόμου·
1255 1785 1390 1818 ἐκείνου

314 1825 449 1883 δηλαδὴ
466 1827 534 1882 τῂν
550 1824 771 1881 ἆναργυρίαν
793 1824 1045 1862 ἀντιτιθέντας
1069 1826 1107 1863 ὃς
1119 1828 1179 1881 κᾶν
1194 1832 1388 1883 χεγραμμέ-

1458 1698 1598 1738 tempus
1629 1696 1746 1729 aetate
1777 1695 1953 1729 minorum
1982 1694 2018 1728 in
2051 1693 2326 1739 quinquennium
2358 1693 2395 1727 in
2426 1702 2527 1737 prae-

1459 1739 1550 1774 senti
1573 1739 1789 1775 decrevimus
1812 1739 1907 1783 lege‚
1938 1738 1999 1774 illo
2029 1739 2191 1775 videlicet
2213 1749 2285 1775 non
2307 1739 2527 1773 numeratam

1458 1783 1644 1828 pecuniam
1675 1784 1850 1819 obiciente
1873 1784 1932 1828 qui
1955 1784 2109 1828 scriptus
2133 1784 2243 1819 fuerit
2265 1784 2383 1819 dotem
2407 1791 2528 1817 susce-

1459 1829 1564 1873 pisse,
1589 1833 1625 1864 et
1648 1829 1841 1865 secundum
1866 1839 1931 1864 sua
1951 1834 2120 1873 tempora,
2145 1830 2217 1864 sive
2236 1828 2416 1874 perfectae
2431 1830 2527 1862 aeta-

314 1883 375 1926 vos'
389 1886 442 1915 ειη
458 1886 528 1915 την
538 1885 675 1926 ’προικα
691 1870 948 1925 υποδξχεσθαι.
964 1877 1024 1907 καὶ
1039 1887 1132 1908 κατα
1149 1886 1230 1908 τους
1245 1875 1391 1908 οἰκείους
1402 1876 1445 1909 35
1458 1874 1502 1909 tis
1535 1874 1581 1909 sit
1612 1875 1685 1910 sive
1715 1875 1858 1910 minoris
1868 1900 1876 1916 ‚
1909 1884 2019 1909 causa
2041 1874 2242 1911 iudicanda.
2291 1873 2438 1909 Valente
2460 1873 2525 1907 hac

314 1929 478 1962 χρόνους,
510 1919 581 1951 εἶτε
605 1916 734 1951 τέλειος
758 1919 809 1960 εἰη
834 1919 904 1952 εἴτε
929 1915 1070 1961 ἀτελής,
1093 1920 1157 1952 τοῦ
1181 1918 1390 1965 πράγματος

380 2021 408 2041 c.
431 2008 476 2041 ΙΙ
495 2003 574 2041 “O‘n
598 2007 683 2041 εἴσω
706 2010 774 2051 μὲν
798 2006 930 2042 &aaziae
953 2027 996 2033 —-
1021 2010 1123 2050 487‚1
1147 2012 1355 2055 κρινομένου
1381 2023 1419 2043 ex
1442 2011 1478 2043 Β
1503 2011 1597 2043 habet
1621 2010 1669 2042 B·
1692 2011 1731 2042 A
1755 2011 1809 2052 39,
1835 2018 1862 2043 11
1883 2023 1918 2052 p.
1943 2011 1987 2044 68
2010 2010 2115 2044 Zach.
2139 2028 2183 2034 —-
2206 2009 2420 2043 Summarium
2444 2015 2530 2042 extat

314 2050 405 2086 Ἤπε.
432 2054 486 2094 25,
503 2061 543 2094 11,
569 2061 785 2097 ανῃαηιεητιιηι
811 2055 885 2091 486.
905 2062 971 2087 4-7
998 2056 1041 2088 ib.
1068 2057 1118 2095 15,
1136 2062 1152 2088 6
1179 2056 1248 2096 (ubi
1270 2068 1351 2088 corr.
1376 2052 1398 2096 ἡ
1421 2055 1452 2099 ρ’
1478 2053 1589 2099 νεαρά
1610 2067 1672 2097 pro
1696 2050 1718 2096 ἦ
1740 2052 1772 2096 η’
1798 2053 1929 2099 νεαρά).

434 2153 480 2188 ΙΙ.

533 2151 578 2188 Ut
599 2153 712 2198 iqitur
732 2154 862 2199 paucis
885 2152 1237 2199 comprehendamus,
1268 2153 1497 2188 matrimonio
1522 2154 1620 2189 intra
1644 2152 1822 2188 biennium
1845 2154 1964 2189 soluto
1986 2155 2059 2190 sive
2081 2159 2196 2192 morte
2217 2155 2291 2191 sive
2313 2166 2334 2190 r
2380 2154 2465 2190 adio
2494 2159 2529 2191 et

314 2199 385 2244 ipsi
404 2198 535 2233 marito
554 2197 599 2232 de
614 2209 687 2232 non
703 2202 891 2233 numerata
906 2199 1066 2249 pecunia
1086 2197 1189 2243 queri
1211 2197 1295 2233 licet
1317 2202 1352 2234 et
1376 2197 1499 2234 heredi
1516 2198 1593 2233 eius
1610 2198 1707 2233 intra
1727 2198 1879 2234 alterum
1895 2210 2038 2234 annum.
2085 2198 2223 2244 Quodsi
2236 2200 2334 2235 ultra
2373 2200 2528 2235 iennium

314 2254 427 2290 usque
450 2243 500 2278 ad
522 2243 641 2278 decem
664 2253 782 2277 annos
804 2244 1071 2278 matrimonium
1094 2242 1324 2285 extendatur,
1348 2244 1479 2279 marito
1505 2243 1686 2289 querelam
1711 2243 1837 2279 damus
1860 2243 2007 2290 eiusque
2029 2243 2152 2280 heredi
2174 2245 2272 2281 intra
2293 2250 2364 2281 tres
2384 2255 2527 2280 menses.

315 2287 380 2324 Sin
403 2292 522 2323 autem
572 2289 777 2323 raeterierit
799 2287 1017 2330 decennium,
1043 2296 1116 2323 tum
1141 2298 1255 2334 neque
1279 2288 1334 2324 vir
1356 2299 1471 2334 neque
1494 2288 1642 2324 heredes
1664 2288 1741 2324 eius
1764 2289 1913 2335 querela
1936 2293 2091 2332 utentur,
2122 2300 2202 2326 cum
2227 2296 2364 2336 tempus
2387 2290 2528 2326 omnino

315 2332 456 2369 mulieri
478 2344 521 2368 su
540 2333 651 2376 ficiat.
699 2334 815 2378 Atque
837 2333 870 2368 si
892 2334 1044 2369 maritus
1067 2333 1184 2368 minor
1206 2333 1255 2368 sit
1277 2338 1313 2368 et
1335 2344 1409 2369 non
1433 2338 1579 2379 questus
1597 2334 1655 2375 sit,
1683 2338 1820 2369 tantum
1844 2333 1894 2369 ad
1910 2335 2168 2374 restitutionem
2184 2335 2218 2370 ei
2238 2339 2306 2371 tem
2333 2346 2377 2370 us
2392 2334 2529 2377 damus,

315 2384 355 2413 ut
385 2389 459 2413 non
489 2377 645 2414 excedat
671 2377 858 2413 duodecim
889 2389 1004 2414 annos
1035 2389 1059 2413 a
1090 2382 1250 2424 tempore
1278 2378 1499 2425 nuptiarum.
1547 2378 1687 2414 Scimus
1717 2380 1810 2414 enim
1838 2390 1900 2414 eos
1931 2379 1995 2426 qui
2020 2384 2160 2416 mature
2189 2346 2378 2416 admodum
2407 2380 2530 2416 mam·-

315 2423 473 2458 monium
504 2421 741 2464 contrahunt,
774 2434 847 2458 non
875 2425 1032 2458 minores
1060 2423 1262 2469 quindecim
1295 2423 1402 2458 annis
1433 2423 1483 2458 ad
1513 2423 1581 2459 hoo
1610 2424 1749 2460 venire:
1784 2425 1906 2470 itaque
1929 2429 1965 2460 et
1987 2435 2120 2461 annum
2143 2426 2344 2461 vicesimum
2367 2425 2530 2471 quintum

314 2467 500 2516 superabit
515 2473 550 2503 et
565 2468 664 2503 intra
683 2468 884 2504 vicesimum
906 2469 1095 2515 septimum
1119 2468 1163 2503 de
1186 2468 1269 2503 dote
1292 2479 1366 2504 non
1390 2473 1579 2504 numerata
1602 2470 1708 2515 queri
1724 2471 1873 2514 poterit.
1911 2469 2094 2521 Defuncto
2111 2475 2229 2507 autem
2246 2482 2287 2506 eo
2308 2471 2406 2506 intra
2419 2481 2530 2517 prae-

314 2515 335 2549 1
380 2512 514 2549 dictum
537 2516 676 2558 tempus
699 2512 847 2548 heredes
870 2524 1003 2548 annum
1026 2513 1077 2549 ad
1099 2513 1280 2558 querelam
1304 2512 1470 2549 habeant.
1548 2513 1590 2550 Si
1613 2518 1731 2550 autem
1755 2514 1911 2551 minores
1933 2519 2007 2550 sznt
2030 2515 2177 2552 heredes
2199 2516 2276 2552 eius
2299 2515 2362 2562 qui
2384 2519 2531 2562 questus

315 2569 390 2594 non
413 2563 478 2600 est,
502 2558 576 2593 sive
600 2559 631 2594 is
654 2558 771 2593 maior
793 2558 867 2594 sive
890 2558 1009 2594 minor
1029 2559 1155 2604 fuerit,
1181 2559 1463 2604 quinquennium
1487 2558 1644 2595 babeant
1664 2558 1782 2594 solum
1805 2559 1855 2594 ad
1876 2559 2086 2597 movendam
2109 2561 2290 2608 querelam
2314 2571 2388 2596 non
2410 2571 2529 2596 nume-

315 2607 419 2639 ratae
439 2603 626 2649 pecuniae,
651 2608 760 2649 atque
782 2603 823 2638 id
846 2607 984 2650 tempus
1005 2603 1171 2649 sufficiat
1194 2614 1279 2639 neve
1302 2603 1490 2639 decursum
1515 2604 1671 2640 omnium
1696 2609 1893 2650 temporum
1916 2605 2092 2641 minorum
2115 2610 2290 2652 expectet.
2336 2604 2443 2648 Quod
2463 2616 2531 2641 nos

316 2648 366 2684 ad
387 2651 618 2695 praesentem
650 2648 762 2694 leqem
792 2649 917 2684 movit:
951 2648 1099 2685 muliere
1129 2649 1222 2684 enim
1254 2648 1541 2695 quattuordecim
1571 2660 1688 2684 annos
1717 2653 1833 2695 nupta
1861 2655 1949 2696 post
1978 2650 2178 2686 vicesimum
2201 2662 2334 2686 annum
2365 2662 2388 2686 a
2415 2655 2531 2687 morte

312 2694 433 2740 patris
462 2692 596 2729 abusus
626 2698 745 2729 aetate
774 2693 907 2729 minori
937 2693 1069 2740 aqebat
1097 2694 1231 2739 aliquis
1262 2698 1391 2730 contra
1413 2699 1580 2737 matrem,
1612 2705 1686 2730 non
1709 2700 1918 2731 numeratae
1941 2695 2122 2741 pecuniae
2144 2695 2320 2732 rationem
2344 2706 2531 2747 opponens

312 2742 401 2786 post
423 2743 592 2784 quartum
615 2742 651 2773 et
675 2738 889 2774 tricesimum
913 2750 1047 2774 armum
1071 2739 1302 2774 matrimonii.
1349 2737 1456 2782 Quod
1477 2750 1546 2774 nos
1566 2739 1768 2775 iudicantes
1790 2740 2007 2783 sanavimus,
2031 2745 2139 2786 atque
2162 2741 2206 2776 ob
2228 2741 2400 2776 eiusmodi
2425 2750 2531 2775 casus

316 2784 423 2820 etiam
439 2787 576 2829 tempus
591 2783 770 2819 minorum
794 2782 844 2818 ad
883 2784 1141 2829 uinquennium
1156 2784 1195 2818 in
1206 2784 1392 2830 praesenti
1413 2783 1491 2830 leqe
1507 2784 1748 2830 definivimus:
1775 2789 1815 2820 ut
1835 2785 1866 2819 is
1880 2785 2015 2821 scilicet
2038 2796 2112 2821 non
2127 2790 2335 2820 numeratae
2349 2785 2530 2832 pecuniae

316 2828 564 2875 exceptionem
583 2833 745 2874 opponat
769 2829 832 2875 qui
875 2835 965 2864 olem
984 2829 1165 2875 accepisse
1188 2829 1347 2875 scriptus
1362 2829 1421 2871 sit,
1444 2834 1481 2864 et
1494 2829 1686 2866 secundum
1708 2830 1822 2876 ipsius
1840 2836 2011 2876 tempora,
2035 2831 2108 2867 sive
2123 2831 2241 2866 maior
2256 2835 2374 2866 aetate
2388 2830 2438 2866 sit
2458 2830 2530 2866 sive

378 2945 394 2976 1
422 2939 620 2975 Συνελόντι
646 2942 840 2975 Haloander
863 2944 932 2975 sine
955 2955 1057 2975 causa
1084 2942 1097 2985 ΙΙ
1129 2944 1149 2977 3
1172 2941 1219 2976 τὰ
1244 2955 1302 2975 om.
1328 2943 1360 2975 L
1383 2942 1395 2983 ΙΙ

317 2989 400 3031 περὶ
423 2999 480 3020 om.
501 2987 544 3019 13³
562 2987 574 3030 ΙΙ
591 2989 612 3020 6
634 2986 763 3029 μηνῶν
779 2986 878 3028 εἴσω]
903 2986 987 3020 εἴσω
1007 2987 1135 3031 μηνῶν
1159 2987 1257 3028 (εἴσω
1275 2987 1395 3031 ἑτέρου

317 3032 482 3066 ἐνιαυτοῦ
498 3033 558 3073 La)
584 3032 615 3064 L
632 3031 644 3075 ΙΙ
664 3035 681 3066 7
706 3029 926 3077 παραδράμῃ
946 3033 992 3065 θ’
1005 3045 1036 3065 υ.
1052 3033 1071 3066 l.
1097 3030 1298 3078 περιδράμῃ
1323 3032 1369 3065 Bt
1384 3031 1396 3076 ΙΙ

318 3073 431 3111 *οὐδὲ
455 3096 493 3100 -
522 3072 605 3110 οὐδὲ
629 3078 706 3110 libri
720 3077 732 3120 ΙΙ
759 3081 778 3111 8
803 3076 1045 3121 κληρονόμοις]
1070 3080 1142 3110 τοῖς
1166 3075 1396 3120 κληρονόμοις

323 3122 613 3162 CGEHeimbuclz,
637 3123 697 3155 sed
719 3125 761 3164 cji
785 3124 860 3155 Am.
887 3125 930 3155 in.
956 3123 969 3165 ΙΙ
992 3125 1012 3156 9
1037 3123 1127 3166 πρὸς
1150 3118 1251 3162 ἅπαξ
1276 3122 1395 3155 MLB¹

317 3168 359 3201 ad
382 3167 493 3200 omnia
517 3179 535 3203 ς
553 3165 566 3208 Π
584 3169 623 3200 10
648 3159 714 3199 οὖν
738 3180 795 3200 om.
813 3167 864 3200 B!
884 3167 896 3211 ΙΙ
919 3161 942 3213 ᾖ
959 3168 1042 3209 ML]
1066 3167 1118 3209 εἴη
1137 3169 1170 3201 Β
1188 3169 1200 3210 ΙΙ
1216 3170 1395 3211 μέμψεται

320 3212 412 3246 LB‘¹
435 3211 448 3255 ΙΙ
473 3213 513 3246 12
539 3208 772 3256 ὑπερβαίνειν
796 3212 846 3245 Β*
869 3212 882 3255 ΙΙ
915 3214 954 3247 13
979 3210 1291 3246 συναλλάσσοντας
1315 3212 1363 3245 B⁸
1384 3211 1396 3255 ΙΙ

317 3254 447 3303 γάμων
459 3257 490 3290 L
513 3253 645 3302 γάμους
662 3257 707 3290 B⁸
724 3257 736 3299 ΙΙ
756 3258 797 3290 14
811 3254 1078 3299 πεντεκαίδεκα]
1098 3255 1144 3300 ιβ’
1160 3258 1210 3291 L⁰
1227 3257 1241 3296 ΙΙ
1260 3259 1299 3290 15
1315 3256 1394 3289 τοῦ·

319 3315 383 3336 τον
410 3302 486 3345 8⁸!
510 3297 604 3335 ὥστε
628 3304 699 3342 καὶ]
723 3303 782 3334 καὶ
806 3315 864 3335 om.
879 3302 980 3345 Βῑςη
1002 3305 1041 3336 16
1066 3298 1179 3336 δυνατ
1207 3304 1252 3335 L¹
1277 3299 1395 3343 (δυνα-

318 3347 386 3380 τὸν
412 3347 646 3390 ΗαίοαηιίενΗΙ
677 3348 717 3382 19
740 3346 808 3389 τὴν
832 3361 890 3380 om.
906 3347 953 3380 Β*
965 3360 995 3380 υ.
1013 3349 1031 3380 Ι.
1062 3351 1074 3390 ΙΙ
1103 3349 1145 3381 22
1169 3348 1213 3393 τῇ
1238 3360 1295 3380 orn.
1319 3347 1350 3379 L
1384 3346 1396 3389 Η

320 3394 361 3426 24
377 3391 466 3433 τῶν]
490 3391 543 3425 τιῦ
557 3391 604 3424 B¹
620 3392 632 3434 ΙΙ
649 3387 740 3436 ὅπερ
755 3411 791 3415 -
808 3394 850 3426 33
863 3389 977 3436 νόμου
993 3406 1050 3425 om.
1067 3393 1114 3426 ΒΔῖ
1131 3391 1145 3437 ΙΙ
1170 3394 1212 3426 26
1224 3393 1397 3435 τέταρτον

319 3440 378 3469 καὶ
402 3434 552 3470 δέκατον
576 3436 746 3470 ἐνιαυτὸν
762 3436 820 3477 Bl,
845 3435 1216 3483 τεσσαρεςκαιὸεκάτῳ
1241 3436 1394 3478 ἐνιαυτῷ

320 3484 374 3523 (cf.
393 3486 424 3524 ς)
447 3483 538 3515 malit
553 3482 739 3515 Zachariae
754 3481 767 3526 ΙΙ
787 3483 827 3516 27
846 3485 950 3516 verbis
972 3482 1063 3526 μετὰ
1082 3480 1246 3516 εἰκοστὸν
1267 3482 1343 3515 ἔτος
1367 3490 1397 3515 et

321 3527 362 3560 28
387 3525 479 3559 κατὰ
502 3526 565 3568 τῆς
587 3526 721 3570 μητρὸς
744 3536 866 3570 puncta
889 3530 1031 3561 subiecta
1055 3540 1121 3561 esse
1144 3529 1175 3561 in
1202 3526 1248 3561 M
1265 3534 1396 3560 testatur

322 3571 508 3604 Zachariae
519 3573 602 3614 (ipse
615 3573 697 3605 nihil
709 3574 831 3611 notavi)
842 3571 853 3614 ΙΙ
870 3573 912 3605 28
926 3569 1179 3617 ἇφηλικιότητι
1191 3572 1393 3614 Hotoman,

324 3614 373 3646 ΒΓ
387 3614 400 3656 u
417 3616 459 3649 29
477 3612 641 3650 ἀντιθεὶς
658 3616 709 3650 Br
721 3617 734 3658 ΙΙ
753 3619 790 3650 31
814 3614 1020 3658 δικάζοντος
1036 3618 1086 3651 L⁰
1102 3618 1113 3660 ΙΙ
1132 3619 1176 3651 33
1195 3614 1310 3660 νόμον
1329 3616 1361 3650 L
1383 3616 1396 3659 ΙΙ

324 3658 626 3745 ἱκείῖουίὶηίὶωνα
644 3662 674 3694 L
699 3662 711 3704 ΙΙ
738 3663 779 3695 35
806 3659 1058 3702 ὑποδέξασθαι
1082 3663 1171 3696 malit
1190 3661 1396 3696 CGEbleim-

336 3714 383 3733 mc
427 3707 457 3742 (c
476 3727 483 3734 .
499 3715 517 3739 ς

1520 2945 1534 2976 1
1563 2942 1736 2976 dicendum
1750 2943 1811 2984 R¹]
1836 2943 2011 2976 dicendum
2031 2946 2080 2978 est
2100 2943 2315 2988 R2VTvu19.
2340 2945 2438 2985 (unde
2454 2946 2473 2978 3
2489 2944 2530 2977 li-

1463 2998 1535 3021 cere
1558 2989 1656 3032 vulq.)
1673 2987 1686 3031 ΙΙ
1702 2988 1790 3020 inter
1818 2989 1850 3022 Τ
1867 2990 1961 3028 (idem
1979 3002 2006 3023 υ.
2021 2991 2052 3023 4.
2073 2991 2123 3023 10.
2140 2990 2193 3030 16)
2209 2989 2222 3033 ΙΙ
2241 2990 2260 3023 2
2286 2989 2422 3022 noluto
2448 2990 2498 3023 T¹
2519 2989 2532 3034 ΙΙ

1463 3034 1482 3066 3
1507 3034 1580 3076 ipso
1601 3033 1734 3066 RV¹T
1741 3034 1763 3074 ¹]
1788 3033 1853 3076 ipsi
1875 3033 1922 3067 V⁸
1932 3034 1982 3067 Τ*
1994 3036 2078 3080 vulq.
2105 3033 2119 3078 fl
2147 3034 2278 3075 marito]
2302 3035 2440 3077 repudio
2463 3045 2530 3068 ma·

1462 3079 1529 3110 rito
1553 3078 1604 3110 Ra
1621 3078 1634 3120 ss
1656 3088 1723 3110 non
1747 3091 1806 3111 om.
1828 3079 1876 3112 V¹
1893 3078 1905 3122 ΙΙ
1934 3081 1954 3112 5
1978 3079 2088 3112 decem
2111 3081 2225 3120 annos]
2250 3079 2445 3113 decennium
2470 3081 2502 3113 T
2519 3078 2531 3123 ΙΙ

1463 3123 1718 3156 extenderentur
1744 3123 1824 3166 1⁷¹ss
1849 3125 1869 3157 6
1893 3127 1926 3156 et
1949 3137 2006 3158 om.
2030 3125 2077 3158 Β*
2095 3123 2109 3168 ΙΙ
2124 3124 2194 3157 eius
2218 3125 2329 3157 heredi
2356 3125 2413 3168 Tu
2430 3126 2449 3159 8
2473 3135 2530 3158 ne-

1464 3178 1527 3209 que
1549 3168 1619 3200 eius
1641 3167 1682 3201 ab
1707 3167 1762 3210 (ab
1786 3169 1846 3202 del.
1864 3168 1924 3210 T2)
1949 3169 2124 3202 heredibus
2151 3169 2184 3202 T
2199 3169 2212 3212 ΙΙ
2237 3171 2257 3203 9
2279 3169 2427 3203 etflen-
2450 3169 2498 3203 V¹
2518 3168 2531 3212 ΙΙ

1466 3215 1505 3246 10
1530 3216 1638 3245 tamen
1663 3212 1723 3257 Rss
1749 3215 1793 3247 11,
1814 3213 1849 3246 in
1873 3226 1930 3246 om.
1946 3214 2000 3258 ΤΙΙ
2028 3215 2068 3249 12
2087 3225 2155 3247 non
2180 3216 2256 3247 add.
2271 3215 2386 3258 vata!
2412 3216 2451 3249 13
2475 3224 2530 3246 eos

1464 3259 1551 3290 enim
1571 3256 1620 3301 Vll
1632 3258 1728 3291 titius
1746 3258 1802 3301 Vss
1822 3259 1863 3292 14
1874 3258 2017 3292 minores
2030 3262 2114 3301 υιιίφ.
2127 3258 2140 3303 Η
2153 3261 2194 3293 16
2206 3259 2376 3302 possibilis
2393 3260 2436 3300 V}
2453 3269 2529 3303 pos-

1462 3303 1557 3337 sibile
1570 3303 1728 3347 RTvuly.
1748 3303 1760 3345 n
1775 3303 1949 3344 septimum
1963 3305 1995 3336 R.
2006 3304 2050 3345 V]
2064 3305 2238 3347 septimum
2249 3315 2372 3337 annum
2389 3304 2504 3346 Tvutq.
2518 3302 2530 3347 ΙΙ

1462 3348 1502 3380 de
1526 3350 1605 3389 non]
1630 3347 1747 3380 deinde
1774 3347 1854 3390 1⁷⁰ss
1882 3350 1920 3382 18
1945 3349 2015 3381 int·
2044 3350 2125 3389 T¹ifl
2148 3351 2191 3383 20
2214 3349 2266 3382 sin
2287 3349 2344 3390 Vfl
2366 3350 2405 3382 21
2431 3348 2527 3389 quin-

1463 3404 1526 3434 que
1548 3394 1638 3434 RV]
1662 3406 1720 3427 om.
1738 3393 1785 3426 Τι
1809 3393 2075 3435 quinquennium
2101 3394 2152 3428 Τ2
2162 3394 2278 3437 valan
2302 3392 2419 3426 habeat
2444 3393 2477 3426 T
2484 3394 2494 3413 ¹
2517 3392 2530 3437 ΙΙ

1464 3439 1504 3471 23
1531 3449 1596 3471 non
1620 3451 1678 3472 om.
1695 3438 1727 3471 T
1735 3437 1775 3481 ιΙΙ
1800 3439 1842 3472 24
1858 3441 2054 3481 temporum]
2079 3439 2226 3482 ipsorum
2245 3437 2352 3479 VT¹fl
2374 3436 2415 3469 ad
2435 3448 2527 3479 prae-

1448 3486 1598 3525 sentem]
1622 3483 1790 3517 absentem
1810 3483 1857 3516 Β*
1875 3485 1887 3526 ΙΙ
1904 3485 1945 3517 25
1969 3484 2119 3525 muliere]
2143 3483 2185 3517 al.
2209 3481 2328 3515 mulier
2349 3482 2447 3525 qloss.
2468 3483 2499 3516 T
2517 3482 2529 3527 ΙΙ

1463 3543 1580 3579 quarta
1594 3540 1642 3573 R¹
1657 3539 1670 3583 η
1688 3539 1826 3581 decimo]
1846 3528 1953 3573 xxmo
1971 3539 2018 3572 T¹
2035 3539 2048 3584 η
2067 3540 2110 3574 26
2124 3540 2227 3571 morto
2244 3536 2291 3570 T¹
2310 3536 2323 3579 η
2341 3538 2382 3570 27
2396 3538 2527 3579 quidem

1464 3585 1570 3624 R²Tifl
1596 3586 1638 3619 28
1663 3588 1737 3627 poet
1759 3597 1818 3618 om.
1840 3585 1896 3627 V}
1921 3587 2081 3627 quantum
2101 3582 2157 3625 V!
2180 3583 2223 3616 29
2245 3591 2369 3614 annum
2394 3583 2526 3626 nuptia-

1464 3638 1535 3660 rum
1564 3630 1594 3661 Τ
1616 3630 1628 3672 ΙΙ
1659 3640 1719 3662 nos
1743 3642 1800 3663 om.
1831 3629 1863 3662 V
1886 3629 1899 3673 ΙΙ
1926 3631 1967 3664 33
1992 3628 2164 3670 suscipieee
2193 3626 2245 3658 1⁷⁰
2272 3626 2285 3668 ΙΙ
2313 3628 2356 3660 34
2381 3631 2527 3670 tempora

1464 3686 1521 3706 om.
1545 3673 1601 3717 Vl}
1623 3676 1665 3708 35
1689 3673 1810 3707 minori
1833 3673 1883 3706 13¹
1899 3674 1912 3717 ss
1927 3673 2035 3716 causa]
2057 3671 2101 3704 nit
2122 3680 2219 3704 causa
2243 3670 2333 3704 R·V
