2586 3990
195 168 253 199 ΕΤ
281 166 372 198 1)Εο
401 167 538 198 ΑΜΑΒΙ
543 166 673 199 LIBUS

192 265 308 310 μόνον
328 262 522 313 ὁμολογίαν
540 263 626 300 ἄνευ
642 262 750 312 ὅρκου
765 267 856 311 μετὰ
873 265 1062 311 ὑποθήκης
1080 268 1156 302 τῶν
1174 265 1279 301 ἰδίων

193 310 421 357 πραγμάτων
445 311 673 345 ἐκτίθεσθαι.
722 313 768 346 Εἰ
785 311 824 346 δὲ
844 310 935 358 ὑπὲρ
953 312 1208 358 ἐγκληματικῆς
1226 312 1277 346 αἰ-

193 359 269 389 τίας
290 359 484 402 κατηγορία
505 354 597 390 κατά
619 368 715 391 τινος
730 359 808 392 τῶν
823 358 1156 401 μνημονευθέντων
1175 368 1276 402 προς-

193 399 310 436 ώπων
345 398 557 445 οἷποτεθείη,
593 399 665 436 ὑπὸ
703 402 772 446 τὴν
803 400 961 448 νόμιμον
997 400 1199 447 ἀσφάλειαν
1233 401 1276 436 τὸ

193 446 504 500 κατηγορούμενον
526 447 700 492 γίνεσθαι
724 448 927 495 πρόςωπον.
976 449 1023 482 Εἰ
1040 448 1079 483 δέ
1095 446 1277 491 ἐκκλησια-

193 501 320 524 στικον
343 490 395 534 εἴη
419 490 461 524 τὸ
487 492 653 538 πρᾶγμα,
678 490 858 537 μηδεμίαν
879 496 1076 527 κοινωνίαν
1098 494 1278 535 ἐχέτωσαν

192 534 228 568 οἱ
256 534 435 569 πολιτικοὶ
466 534 633 581 ἄρχοντες
668 538 758 583 πρὸς
793 537 862 581 τὴν
892 535 1066 580 τοιαύτην
1102 537 1277 579 ἐξέτασιν,

193 576 273 613 ἀλλ’
299 579 336 614 οἱ
363 576 560 616 ὁσιώτατοι
584 584 774 617 ἐπίσκοποι
805 582 897 616 κατὰ
929 581 1011 616 τοὺς
1035 582 1147 628 ἱεροὺς
1170 582 1278 616 κανό-

192 635 255 658 νας
278 627 331 668 τῷ
353 625 538 671 πράγματι
563 630 671 671 πέρας
695 627 979 662 ἐπιτιθέτωσαν.
1264 632 1266 634 ’

1273 152 1349 200 611

1929 157 2037 200 Nov.
2069 120 2251 199 CXXIII
2280 158 2345 198 21.
2378 158 2431 198 22

1347 267 1501 303 iurando
1545 278 1625 303 cum
1661 267 1862 313 hypotheca
1904 277 2049 303 suarum
2087 277 2205 303 rerum
2241 276 2430 312 exponere.

1348 312 1387 347 Si
1422 322 1504 348 vero
1541 324 1605 357 pro
1638 313 1814 349 criminali
1849 322 1960 348 causa
1991 313 2174 349 accusatio
2210 316 2336 349 contra
2365 313 2430 348 ali-

1347 367 1453 402 quam
1489 360 1766 394 memoratarum
1805 368 2040 403 personarum
2082 362 2320 403 proponatur,
2363 358 2431 393 sub

1347 402 1505 446 legitima
1542 404 1682 439 cautela
1718 405 1890 439 accusata
1923 403 1988 438 fiat
2022 413 2186 448 persona.
2239 403 2277 438 Si
2312 404 2432 438 autem

1315 447 1590 484 5ecclesiastica
1627 459 1738 485 causa
1769 453 1841 491 est,
1876 448 2013 483 nullam
2051 448 2333 484 communionem
2366 449 2431 483 ha-

1348 492 1458 528 beant
1480 493 1614 529 iudices
1639 494 1758 529 civiles
1784 494 1880 529 circa
1900 493 2008 529 talem
2028 493 2344 536 examinationem,
2369 493 2432 528 sed

1347 540 1495 573 sanctus
1524 539 1715 583 episcopus
1747 538 1944 575 secundum
1977 548 2100 574 sacras
2131 539 2272 582 regulas
2301 547 2432 573 causae

1346 582 1453 618 finem
1475 583 1648 629 imponat.

1155 738 1311 774 CAPUT
1336 738 1452 775 XXII.

237 805 291 838 Εἴ
308 816 402 838 τινες
427 803 466 839 δὲ
486 802 681 840 ὁσιώτατοι
706 808 896 840 ἐπίσκοποι
916 808 977 849 τῆς
994 803 1102 849 αὐτῆς
1122 804 1276 839 συνόδου
1295 809 1332 841 10

191 845 455 895 ἇμφιςβήτησίν
489 864 574 885 τινα
608 851 698 896 πρὸς
729 848 900 894 ἀλλήλους
931 852 1045 894 ἔχοιεν
1081 850 1152 885 εἴτε
1184 847 1277 897 ὑπὲρ

192 894 483 938 ἐκκλησιαστικοῦ
508 893 647 930 δικαίου
670 896 741 930 εἴτε
764 893 855 942 ὑπὲρ
878 895 1001 930 ἄλλων
1025 908 1140 930 τινων
1163 907 1275 942 πραγ-

190 940 329 983 μάτων,
354 940 534 986 πρότερον
558 938 577 974 ὁ
600 940 861 986 μητροπολίτης
886 938 1010 976 αὐτῶν
1033 938 1122 985 μεθ’
1142 940 1276 986 ἑτέρων

192 983 256 1019 δύο
281 987 318 1019 ἐκ
342 987 403 1028 τῆς
428 983 519 1020 ἰδίας
550 984 701 1020 συνόδου
726 987 938 1021 ἐπισκόπων
961 987 1004 1021 τὸ
1031 987 1179 1033 πρᾶγμα
1203 999 1276 1031 κρι-

1414 806 1452 842 Si
1475 807 1535 852 qui
1559 816 1642 842 vero
1667 805 1971 842 sanctissimorum
1994 805 2247 851 episcoporum
2274 805 2433 842 eiusdem

1346 851 1473 895 synodi
1508 851 1764 887 dubitationem
1806 851 1961 896 aliquam
2004 851 2051 886 ad
2086 851 2237 886 invicem
2275 851 2433 887 habeant

1346 897 1420 932 sive
1443 906 1509 941 pro
1535 897 1780 932 ecclesiastico
1811 897 1890 932 iure
1922 897 1996 932 sive
2028 907 2093 941 pro
2118 896 2195 932 aliis
2220 897 2433 941 quibusdam

1345 942 1465 985 rebus,
1500 942 1601 987 prius
1636 941 1861 986 metropolita
1897 951 2019 977 eorum
2057 952 2136 976 cum
2173 941 2252 977 aliis
2288 942 2331 977 de
2367 952 2433 978 sua

1346 987 1481 1032 synodo
1515 987 1694 1031 episcopis
1727 996 1872 1022 causam
1903 987 2052 1029 iudicet,
2085 989 2121 1022 et
2153 987 2184 1022 si
2214 997 2287 1022 non
2314 990 2432 1022 ratum

190 1033 297 1073 νέτω,
321 1034 381 1064 καὶ
405 1031 436 1064 εἰ
449 1030 507 1084 μὴ
530 1032 679 1084 ἐμμείνῃ
701 1030 876 1085 ἑκάτερον
898 1034 1001 1078 μέρος
1024 1034 1097 1065 τοῖς
1120 1034 1275 1077 κεκριμέ-
1291 1034 1332 1066 15
1346 1032 1512 1067 habuerit
1535 1036 1687 1077 utraque
1710 1042 1793 1077 pars
1819 1041 1910 1076 quae
1933 1031 2092 1067 iudicata
2117 1034 2212 1075 sunt,
2236 1034 2324 1068 tunc
2350 1033 2430 1068 bea-

190 1087 283 1115 νοις,
315 1088 515 1118 τηνικαυτα
546 1089 565 1109 o
591 1087 865 1122 μακαριωτατος
896 1076 1116 1122 πατριάρχης
1143 1078 1276 1119 ἐκείνης

191 1121 253 1163 τῆς
278 1118 484 1164 διοικήσεως
499 1122 634 1165 μεταξὺ
652 1118 776 1156 αὐτῶν
801 1118 1014 1167 ἀκροάσθω,
1039 1119 1184 1156 κάκεῖνα
1201 1120 1275 1168 ὁρι-

191 1166 282 1206 ζέτω
316 1162 426 1199 ἅτινα
455 1169 528 1200 τοῖς
552 1164 854 1210 ἐκκλησιαστικοῖς
880 1168 1009 1201 κανόσι
1041 1170 1099 1200 καὶ
1123 1169 1195 1201 τοῖς
1215 1164 1274 1200 νό-

188 1222 268 1254 μοις
292 1208 457 1254 συνᾴδει,
488 1208 634 1245 οὐδενὸς
656 1214 780 1257 μέρους
804 1212 897 1246 κατὰ
929 1213 992 1255 τῆς
1015 1209 1138 1258 ψήφου
1164 1209 1274 1246 αὐτοῦ

1345 1077 1503 1113 tissimus
1526 1077 1734 1122 patriarcha
1755 1077 1940 1113 dioceseos
1964 1077 2058 1113 illius
2090 1077 2184 1113 inter
2211 1086 2272 1113 eos
2297 1077 2431 1121 audiat,

1346 1124 1381 1157 et
1412 1123 1473 1157 illa
1506 1123 1716 1158 determinet
1750 1132 1841 1167 quae
1874 1123 2126 1158 ecclesiasticis
2163 1123 2360 1158 canonibus
2396 1127 2433 1158 et

1344 1167 1482 1211 legibus
1506 1172 1716 1211 consonant,
1742 1168 1840 1202 nulla
1858 1171 1960 1212 parte
1977 1167 2176 1204 sententiae
2192 1168 2268 1204 eius
2286 1171 2431 1203 contra-

1345 1212 1464 1248 dicere
1486 1213 1636 1248 valente.
1685 1213 1723 1248 Si
1746 1215 1866 1249 autem
1891 1215 1927 1248 et
1950 1222 1972 1248 a
1996 1213 2127 1248 clerico
2160 1217 2222 1248 aut
2246 1213 2316 1248 alio
2342 1224 2431 1258 quo-

191 1253 391 1302 ἀντιλέγειν
428 1254 636 1301 δυναμένου.
685 1258 716 1290 εἰ
748 1254 788 1290 δὲ
824 1260 883 1290 καὶ
919 1258 1018 1304 παρὰ
1051 1256 1216 1303 κληρικοῦ
1252 1255 1331 1300 ἢ20
1345 1268 1496 1303 cumque
1520 1258 1629 1293 aditio
1655 1261 1781 1293 contra
1806 1258 2013 1310 episcopum
2045 1258 2109 1293 fiat
2131 1260 2280 1303 propter
2309 1268 2431 1302 quam-

190 1299 297 1335 ἄλλου
321 1299 535 1344 οίουδήποτε
554 1300 774 1344 προςέλευσις
796 1303 889 1337 κατὰ
910 1302 1111 1338 ἐπισκόπου
1129 1305 1276 1349 γένηται

191 1343 251 1380 διὰ
280 1345 500 1389 οἱανδήποτε
529 1347 660 1390 αἰτίαν,
693 1348 842 1392 πρῶτον
872 1345 892 1381 ὁ
919 1345 1120 1382 ὁσιώτατος
1152 1347 1276 1382 αὐτῶν

189 1391 453 1435 μητροπολίτης
476 1391 568 1426 κατὰ
591 1392 673 1426 τοὺς
690 1390 811 1439 ἁγίους
834 1392 990 1427 κανόνας
1012 1396 1073 1427 καὶ
1092 1394 1176 1427 τούς
1191 1390 1275 1436 ἡμε-

189 1439 310 1481 τέρους
333 1436 464 1480 νόμους
485 1437 529 1471 τὸ
554 1438 705 1484 πρᾶγμα
730 1436 964 1492 διακρινέτωῃ
989 1441 1049 1472 καὶ
1074 1438 1110 1472 εἴ
1127 1449 1181 1472 τις
1203 1440 1276 1472 τοῖς

1344 1302 1431 1338 libet
1456 1313 1620 1344 causam,
1653 1304 1749 1347 apud
1774 1303 2039 1339 sanctissimum
2068 1304 2144 1338 eius
2167 1304 2433 1348 metropolitam

1345 1348 1541 1383 secundum
1581 1358 1705 1383 sacras
1742 1348 1882 1391 regulas
1928 1351 1964 1383 et
2000 1351 2143 1383 nostras
2184 1348 2279 1393 leges
2321 1358 2433 1384 causa

1344 1393 1531 1436 iudicetur,
1565 1395 1600 1428 et
1625 1393 1654 1428 si
1678 1393 1757 1438 quis
1780 1393 1948 1429 iudicatis
1973 1393 2240 1438 contradixerit,
2276 1393 2323 1430 ad
2346 1394 2430 1429 bea-

1344 1438 1521 1474 tissimum
1554 1438 1864 1483 archiepiscopum
1904 1442 1939 1473 et
1973 1438 2214 1484 patriarcham
2248 1438 2432 1475 dioceseos

190 1484 408 1535 κεκριμένοις
433 1481 610 1525 ἀντείποι,
636 1485 695 1517 ἐπὶ
716 1495 1081 1538 τοιςμακαριωτατον
1100 1480 1276 1529 πατριάρ-
1289 1485 1330 1518 25
1344 1483 1440 1520 illius
1465 1483 1644 1519 reseratur
1668 1494 1797 1527 causa,
1830 1486 1865 1519 et
1895 1483 1954 1519 ille
1984 1484 2178 1519 Secundum
2210 1493 2366 1519 canones
2396 1486 2434 1520 et

188 1539 256 1581 χην
287 1538 349 1570 της
374 1525 581 1570 διοικήσεως
612 1529 745 1571 ἐκείνης
769 1528 1013 1574 αναφερέσθω
1045 1529 1087 1563 ’τὸ
1114 1530 1274 1575 πρᾶγμα,

189 1574 349 1606 κακεῖνος
380 1572 473 1606 κατὰ
505 1573 587 1607 τοὺς
618 1571 775 1608 κανόνας
806 1573 971 1608 καὶτοὺς
994 1574 1124 1616 νόμους
1154 1574 1274 1617 τούτῳ

189 1620 376 1663 παρεχέτω
408 1620 527 1662 πέρας.
575 1618 607 1652 εἰ
638 1617 678 1652 δὲ
706 1618 800 1652 κατὰ
831 1618 1094 1664 μητροπολίτου
1126 1616 1275 1663 τοιαύτη

189 1661 412 1716 προςέλευσιξ
438 1665 587 1710 γένηται
618 1664 689 1698 εἴτε
721 1663 819 1709 παρὰ
849 1664 1048 1700 ἐπισκόπου
1079 1664 1150 1699 εἴτε
1174 1664 1274 1709 παρὰ

1345 1529 1440 1573 leges
1472 1529 1555 1564 huic
1584 1529 1757 1574 praebeat
1786 1528 1906 1564 finem.
1957 1528 1994 1564 Si
2024 1538 2107 1565 vero
2143 1531 2270 1565 contra
2300 1532 2432 1565 metro-

1345 1575 1494 1619 politam
1517 1574 1599 1609 talis
1625 1574 1736 1610 aditio
1759 1574 1824 1610 fiat
1848 1574 1895 1610 ab
1919 1574 2091 1619 episcopo
2121 1576 2184 1609 aut
2208 1574 2338 1610 clerico
2369 1575 2434 1610 aut

1345 1620 1415 1655 alia
1432 1630 1655 1664 quacumque
1680 1629 1851 1664 persona,
1877 1619 2061 1655 dioceseos
2085 1619 2182 1655 illius
2203 1619 2432 1656 beatissimus

1343 1666 1549 1710 patriarcha
1580 1665 1686 1701 simili
1717 1665 1822 1702 modo
1853 1674 2000 1702 causam
2029 1664 2174 1701 iudicet.
2223 1664 2295 1701 Pro
2319 1664 2432 1702 omni-

189 1707 355 1761 m'tnqmoii
389 1721 410 1751 η
443 1707 551 1743 ἄλλου
581 1707 797 1752 οἱουδήποτε
828 1708 1028 1755 προςώπου,
1060 1707 1079 1744 o‘
1103 1711 1165 1754 τῆς
1190 1707 1277 1744 διοι-
1291 1711 1333 1745 30

189 1764 325 1795 κησεως
359 1754 493 1796 ἐκείνης
523 1754 798 1799 μακαριώτατος
830 1753 1052 1800 πατριάρχης
1085 1754 1178 1789 κατὰ
1210 1755 1278 1789 τὸν

189 1793 317 1842 ὅμοιον
340 1798 481 1843 τρόπον
511 1798 554 1833 τὸ
580 1800 731 1846 πρᾶγμα
755 1802 916 1845 κρινέτω.
964 1798 1073 1844 ίΥπὲρ
1091 1798 1130 1834 δὲ
1145 1800 1277 1835 πασῶν

257 1902 283 1923 c.
307 1889 431 1923 XXII
450 1900 488 1923 esc
511 1889 547 1922 B
572 1891 685 1933 repetit
708 1890 888 1925 Nomoc.d²¹²
907 1891 1065 1925 XIVtit.
1081 1893 1112 1934 8,
1127 1899 1159 1930 4;
1191 1902 1229 1925 ea>
1251 1891 1280 1925 S
1302 1892 1426 1926 initium
1450 1891 1510 1933 (—
1533 1892 1576 1926 20
1602 1888 1815 1934 δυναμένου)
1838 1891 1954 1934 repetit
1977 1891 2111 1926 Nomoc.
2137 1892 2170 1926 L
2194 1893 2240 1926 tit.
2265 1894 2280 1926 1
2303 1904 2340 1936 p.
2366 1893 2431 1927 607

197 1934 310 1977 Voell.,
335 1936 513 1968 clausulam
533 1935 574 1977 (v.
589 1937 760 1978 32-612,
775 1937 806 1978 6)
830 1937 1006 1981 Appendix
1029 1937 1163 1970 Nomoc.
1178 1937 1210 1970 L
1234 1938 1279 1971 tit.
1306 1949 1378 1979 cap.
1404 1937 1478 1971 eccl.
1506 1938 1547 1971 19
1568 1950 1602 1980 p.
1626 1938 1688 1971 671
1716 1937 1815 1970 Voell.
1840 1955 1886 1960 —
1909 1937 2044 1970 Summa
2068 1943 2156 1971 eaetat
2179 1938 2314 1971 Nomoc.
2337 1938 2440 1972 XIV

191 1981 237 2014 tit.
253 1982 311 2022 9,1
330 1992 366 2023 p.
382 1982 447 2014 539
460 1981 567 2022 Pitra,
591 1981 756 2015 clausulae
778 1983 982 2015 summarium
1008 1984 1049 2016 ib.
1071 1984 1103 2025 9,
1116 1989 1162 2016 34.
1187 2000 1233 2006 —
1256 1983 1404 2016 Mediam
1428 1984 1616 2016 sententiam
1640 1982 1787 2024 (19—26
1809 1981 1847 2014 Si
1869 1982 1982 2014 autem
2006 2001 2048 2005 —
2071 1982 2230 2025 praebeat
2254 1982 2364 2025 finem,
2389 1985 2432 2027 cs}

192 2026 237 2058 ad
260 2025 291 2067 ς)
317 2026 415 2058 latine
438 2037 566 2058 versam
590 2027 670 2059 citat
697 2026 874 2070 G'reqorius
893 2028 1039 2070 Magnus
1063 2029 1097 2060 in
1122 2028 1260 2070 epistula
1285 2028 1323 2061 de
1349 2040 1413 2071 qua
1439 2029 1578 2061 diximus
1604 2029 1650 2061 ad
1674 2040 1699 2061 c.
1721 2027 1820 2060 VIII.
1846 2028 1949 2059 XIX.
1975 2027 2078 2060 XXI.

190 2116 267 2150 sine
290 2112 526 2149 iureiurando
551 2124 630 2149 cum
654 2113 858 2160 hypotheca
881 2126 1031 2150 suarum
1053 2126 1175 2151 rerum
1195 2115 1310 2150 edere.
1358 2113 1424 2150 Sin
1441 2115 1486 2150 de
1505 2115 1689 2150 criminali
1710 2125 1822 2149 causa
1846 2115 2031 2150 accusatio
2056 2120 2185 2150 contra
2206 2115 2367 2161 aliquam
2383 2126 2433 2151 ex

191 2159 399 2196 memoratis
427 2159 596 2205 personis
625 2157 827 2204 deferatur,
860 2171 1021 2206 persona
1056 2163 1228 2195 accusata
1264 2159 1296 2194 le
1323 2159 1445 2195 itimae
1481 2161 1643 2195 cautelae
1677 2159 1890 2195 subiciatur.
1938 2158 2075 2201 Quodsi
2111 2160 2353 2196 ecclesiastica
2384 2161 2434 2196 sit

191 2215 322 2246 causa,
354 2204 592 2250 maqistratus
624 2204 745 2239 civiles
775 2205 912 2240 nullam
936 2205 1218 2241 communionem
1240 2203 1287 2239 ha
1311 2208 1396 2239 eant
1430 2205 1467 2239 in
1492 2204 1668 2240 eiusmodi
1690 2204 1909 2250 coqnitione,
1940 2204 2005 2239 sed
2026 2204 2244 2240 sanctissimi
2269 2205 2433 2253 episcopi

190 2249 385 2286 secundum
406 2259 534 2284 sacros
557 2259 713 2284 canones
736 2251 881 2295 neqotio
902 2250 1011 2295 finem
1036 2250 1234 2296 imponant.

326 2294 444 2329 XXII.
492 2293 534 2328 Si
557 2294 620 2339 qui
644 2304 727 2330 vero
752 2294 970 2341 sanctissimi
992 2294 1155 2341 episcopi
1178 2294 1334 2329 eiusdem
1359 2293 1506 2328 concilii
1527 2294 1811 2330 controversiam
1836 2293 1996 2339 aliquam
2016 2294 2113 2329 inter
2126 2305 2165 2330 se
2179 2293 2338 2330 habeant
2358 2296 2432 2331 sive

192 2340 237 2377 de
259 2340 338 2375 iure
361 2339 603 2375 ecclesiastico
633 2339 707 2375 sive
730 2338 774 2374 de
798 2340 882 2375 aliis
906 2340 1118 2385 quibusdam
1142 2338 1260 2380 rebus,
1288 2338 1397 2384 prius
1417 2339 1720 2385 metropolitanus
1752 2349 1876 2374 eorum
1909 2349 1988 2374 cum
2013 2338 2154 2374 duobus
2181 2339 2264 2374 aliis
2287 2340 2432 2375 concilii

192 2386 250 2420 sui
273 2385 452 2437 episcopis
476 2394 623 2419 causam
646 2383 799 2426 iudicet;
834 2388 870 2420 et
889 2385 960 2420 nisi
983 2388 1137 2464 utrasque
1156 2395 1247 2430 pars
1270 2383 1440 2418 iudicatis
1464 2383 1705 2429 adquieverit,
1740 2387 1825 2419 tunc
1849 2383 2073 2419 beatissimus
2090 2383 2310 2430 patriarcha
2333 2385 2433 2420 illius

193 2430 366 2466 dioecesis
388 2434 484 2465 inter
507 2439 569 2464 eos
593 2434 804 2474 coqnoscat,
837 2433 947 2476 atque
970 2429 1034 2465 illa
1082 2429 1207 2473 efiniat
1239 2439 1332 2474 quae
1362 2438 1441 2463 cum
1473 2428 1728 2464 ecclesiasticis
1759 2428 1958 2464 canonibus
1988 2432 2024 2464 et
2054 2428 2193 2475 leqibus
2225 2430 2431 2473 concinant,

192 2476 245 2511 ita
276 2475 418 2521 quidem
450 2478 490 2508 ut
518 2474 716 2509 sententiae
740 2475 816 2510 eius
844 2479 974 2510 neutra
998 2485 1091 2521 pars
1120 2473 1371 2509 contradicere
1395 2474 1527 2519 possit.
1575 2473 1619 2508 Si
1649 2477 1769 2509 autem
1802 2485 1825 2508 a
1857 2473 1987 2509 clerico
2019 2473 2075 2509 vel
2105 2474 2178 2509 alio
2207 2484 2432 2520 quocumque

192 2520 437 2567 interpellatio
463 2523 592 2554 contra
615 2519 822 2565 episcopum
847 2524 1008 2566 propter
1030 2519 1324 2564 qualemcumque
1355 2529 1503 2553 causam
1524 2519 1632 2564 facta
1655 2519 1719 2560 sit,
1749 2519 1856 2570 prius
1884 2519 2132 2554 sanctissimus
2155 2529 2279 2554 eorum
2302 2525 2431 2555 metro-

220 2566 380 2602 olitanus
402 2564 597 2600 secundum
621 2574 752 2611 sacros
772 2575 928 2600 canones
951 2569 986 2600 et
1010 2565 1106 2610 leqes
1128 2567 1274 2599 nostras
1298 2573 1445 2598 causam
1469 2562 1652 2605 diiudicet,
1676 2567 1756 2599 etsz
1780 2564 1863 2609 quis
1885 2562 2056 2610 iudicatis
2080 2563 2359 2606 contradixerit,
2383 2564 2434 2600 ad

186 2578 434 2647 {certissimum
455 2608 706 2655 patriarcham
730 2609 828 2645 illius
851 2610 1025 2646 dioecesis
1048 2620 1107 2645 res
1129 2608 1331 2654 deferatur,
1356 2612 1391 2644 et
1405 2608 1467 2643 ille
1482 2609 1677 2644 secundum
1702 2619 1860 2644 canones
1883 2611 1919 2643 et
1943 2607 2040 2654 leqes
2062 2609 2220 2655 eifinem
2237 2610 2430 2655 praebeat.

193 2655 331 2700 Quodsi
354 2658 482 2690 contra
505 2658 617 2690 metro
647 2654 819 2689 olitanam
842 2655 1016 2691 eiusmodi
1038 2653 1282 2700 interpellatio
1311 2654 1385 2688 sive
1409 2654 1453 2688 ab
1478 2653 1651 2699 episcopo
1682 2654 1755 2690 sive
1777 2665 1801 2689 a
1825 2653 1956 2688 clerico
1987 2653 2044 2689 vel
2072 2653 2148 2688 alia
2179 2654 2432 2700 qualicumque

187 2711 353 2748 persona
375 2701 480 2745 facta
503 2700 569 2742 sit,
625 2699 774 2735 ioecesis
796 2699 896 2735 illius
927 2700 1153 2735 beatissimus
1175 2697 1396 2746 patriarcha
1426 2698 1535 2734 simili
1563 2699 1670 2734 modo
1693 2709 1841 2734 causam
1864 2697 2007 2734 iudicet.
2055 2696 2103 2733 In
2127 2698 2290 2734 omnibus
2313 2704 2432 2735 autem

1394 2791 1409 2822 1
1436 2799 1548 2821 rerum
1573 2800 1628 2821 om.
1647 2788 1693 2821 12¹
1708 2787 1721 2832 ss
1740 2790 1761 2822 4
1774 2791 1861 2821 rubr.
1879 2789 1929 2821 De
1945 2788 2072 2821 hisdem
2088 2789 2239 2831 personis
2254 2790 2432 2833 procanica

1347 2835 1379 2876 (1.
1397 2844 1458 2876 pro
1475 2833 1646 2875 canonica)
1671 2843 1770 2866 causa
1793 2834 2033 2867 conueniendis
2058 2835 2132 2868 Tin
2145 2847 2248 2878 mary.
2262 2836 2314 2876 (ex
2326 2836 2404 2878 Iul.)
2420 2835 2424 2877 Ι

1348 2880 1368 2912 6
1386 2878 1503 2911 ciuiles
1519 2878 1646 2911 iudices
1664 2879 1696 2911 T
1707 2877 1720 2923 ΙΙ
1739 2881 1758 2913 7
1775 2880 1909 2912 sanctus
1931 2891 1987 2914 om.
2010 2879 2048 2921 V,
2069 2879 2296 2913 sanctissimus
2316 2882 2404 2924 vulq.
2420 2879 2424 2924 Ι

242 2794 257 2826 1
280 2789 373 2834 μετὰ
395 2790 512 2832 πάσης
535 2787 724 2833 ὑποθήκης
742 2791 785 2823 Μ
797 2790 809 2832 ΙΙ
828 2787 945 2831 ἰδίων]
970 2790 1113 2823 οἰκείων
1137 2790 1205 2823 Sv.
1221 2790 1244 2822 l.
1267 2788 1279 2834 ss

195 2840 214 2872 5
257 2836 398 2870 ινέσθω
415 2835 610 2878 πρόςωπον
623 2836 785 2869 Nomos-⁷⁷²
801 2837 833 2877 9,
846 2843 877 2868 17
903 2835 1099 2880 πρόςωπον
1113 2833 1278 2880 γινέσθω

195 2850 355 2918 Νζηιοο.”ῑ
368 2883 399 2922 8,
414 2889 430 2915 4
449 2881 461 2924 ΙΙ
479 2883 497 2914 7
511 2879 601 2927 πρὸς
615 2899 656 2904 —-
671 2879 837 2920 ἐξέτασιν
861 2892 915 2914 om.
931 2881 960 2913 S
977 2881 989 2923 ΙΙ
1012 2882 1088 2923 Ssq.
1113 2878 1149 2912 oi
1169 2876 1278 2914 ὁσιώ-

194 2939 299 2961 τατοι
324 2928 513 2960 ἐπίσκοποι
541 2944 580 2948 -
606 2925 893 2966 ἐπιτιθέτωσαν]
932 2927 1065 2958 sanctus
1089 2924 1279 2966 (religiosus

196 2973 273 3013 Iul.)
298 2972 472 3015 episcopus
496 2989 539 2994 —
563 2970 714 3013 imponat
739 2971 830 3006 §Iul-
862 2967 881 3002 ὁ
908 2971 1103 3004 ἐπίσκοπος
1132 2968 1181 3012 (οἱ
1203 2970 1279 3003 ἐπί-

196 3027 323 3050 σκοποι
336 3016 510 3049 Nomoc.L
524 3016 583 3057 tit.)
606 3016 643 3056 S,
664 3017 720 3048 ubi
735 3027 790 3048 om.
803 3028 856 3049 vv.
881 3015 935 3057 τῷ
960 3013 1147 3060 πράγματι
1171 3017 1280 3058 πέρας

196 3061 469 3096 ἐπιτιθέτωσαν
486 3060 498 3103 ΙΙ
523 3062 543 3093 9
568 3061 677 3104 πέρας
701 3059 754 3101 τῷ
780 3056 979 3105 πράγματα
1003 3059 1182 3094 Nomocstm
1198 3059 1211 3103 ΙΙ
1238 3061 1279 3094 12

195 3118 310 3140 τινων
335 3117 390 3139 om.
405 3106 566 3139 Nomocstn
589 3107 599 3147 ΙΙ
621 3107 663 3138 14
684 3102 747 3137 δύο
773 3117 828 3138 om.
843 3106 980 3147 Selul„
994 3108 1143 3147 sortasse
1160 3113 1242 3139 recte
1264 3105 1277 3149 ΙΙ

200 3155 238 3186 15
264 3152 422 3194 ἐμμείνει
446 3150 478 3183 L
503 3150 514 3193 ΙΙ
540 3152 579 3184 17
606 3145 752 3182 κάκεῖνα
768 3169 808 3173 -
824 3151 867 3183 32
888 3152 1039 3193 κρινέτω
1065 3162 1120 3183 om.
1135 3150 1186 3183 ΒΓ
1201 3149 1214 3194 ΙΙ
1238 3152 1278 3184 18

196 3192 315 3235 ἅτινα]
336 3192 360 3227 (ἲ
373 3195 552 3229 Nomoc.dm
569 3194 580 3237 ΙΙ
599 3195 642 3228 20
654 3196 713 3226 καὶ
729 3206 784 3227 om.
797 3196 822 3228 S
841 3194 853 3238 ΙΙ
870 3197 909 3228 21
926 3193 1017 3228 κατὰ
1035 3207 1089 3228 om.
1101 3194 1253 3229 Nomoc.‘¹
1269 3195 1280 3238 ΙΙ

197 3239 410 3274 ἐπισκόπων
424 3240 584 3274 Nomoc.m
610 3240 622 3283 ΙΙ
639 3241 682 3272 22
706 3240 854 3283 πρῶτον
878 3252 934 3273 om.
951 3252 969 3276 ς
988 3239 999 3283 ΙΙ
1017 3236 1140 3273 αὐτῶν
1165 3252 1220 3274 om.
1235 3241 1278 3282 L,

198 3287 268 3319 eius
294 3298 323 3327 ς,
349 3286 432 3318 unde
454 3280 565 3317 αὐτοῦ
588 3286 677 3318 malit
697 3285 884 3318 Zachariae
908 3286 920 3327 ΙΙ
945 3286 986 3318 23
1011 3282 1143 3330 ἁγίους]
1169 3283 1279 3330 ἱεροὺς

197 3333 225 3365 S
242 3331 253 3374 ΙΙ
272 3332 315 3364 24
337 3340 390 3363 τις
414 3341 469 3363 om.
485 3330 513 3362 S
530 3331 542 3373 n
559 3331 600 3363 25
621 3325 774 3371 ἀντείπῃ
793 3330 823 3362 L
841 3329 853 3373 ΙΙ
871 3329 1098 3374 πατριάρχην
1114 3331 1191 3364 ΜΒ
1202 3332 1277 3371 lut]

196 3373 476 3420 ἇρχιεπίσκοπον
499 3377 559 3407 καὶ
582 3376 654 3415 (καὶ
679 3386 735 3407 om.
757 3375 801 3416 L)
834 3375 1060 3419 πατριάρχην
1083 3376 1147 3409 LS
1154 3387 1174 3412 ς
1199 3375 1211 3419 ΙΙ
1235 3377 1277 3410 26

197 3417 409 3465 ἄναφερέτω
425 3418 467 3453 τὸ
487 3419 636 3464 πρᾶγμα
649 3419 839 3461 Νοηῑοε.ᾶ”ῑ,
869 3417 911 3452 τὸ
933 3419 1082 3465 πρᾶγμα
1107 3416 1278 3466 ἀναφέρε-

197 3466 291 3499 σθαι
304 3466 332 3498 S
347 3464 359 3509 ΙΙ
380 3466 421 3498 28
437 3466 558 3510 πέρας]
579 3463 621 3497 τὸ
639 3466 748 3507 πέρας
760 3465 920 3498 Νονηοο.7η
944 3466 954 3507 Ι]
976 3467 1017 3499 29
1031 3467 1180 3510 γένηται
1196 3466 1277 3507 εἴτε]

197 3510 267 3544 εἴτε
292 3522 347 3543 om.
362 3522 381 3546 ς
405 3510 417 3553 ΙΙ
443 3511 482 3543 31
511 3510 643 3551 ἐκείνης
661 3505 934 3553 μακαριώτατος
959 3511 1200 3553 om.N0moc.m,
1225 3513 1281 3544 ubi

197 3558 320 3598 reliqua
352 3567 477 3599 quoque
503 3567 586 3598 pars
616 3556 735 3597 capitis
768 3556 936 3588 decurtata
966 3562 1013 3588 est
1041 3555 1053 3599 ΙΙ
1080 3555 1184 3597 κατὰ]
1219 3558 1280 3589 καὶ

197 3598 290 3633 κατὰ
305 3601 354 3633 ΒΟ
614 3596 624 3602 ⁷

1348 2925 1499 2957 sanctum
1524 2923 1714 2966 episcopum
1738 2924 1787 2956 Βι
1811 2925 1823 2967 ΙΙ
1849 2926 1979 2965 causae]
2004 2934 2084 2957 caue
2110 2925 2143 2958 T
2151 2926 2162 2945 ¹
2179 2924 2192 2968 ΙΙ
2219 2928 2260 2959 10
2270 2928 2357 2959 rubr.
2381 2926 2431 2958 De

1347 2969 1446 3002 rebus
1463 2968 1573 3001 dubiis
1596 2969 1632 3001 in
1650 2969 1879 3011 episcoporum
1896 2969 2045 3002 consiliis
2062 2970 2336 3012 em(er)gentibus
2354 2971 2386 3002 T
2398 2972 2431 3003 in

1348 3027 1448 3057 marq.
1463 3016 1514 3054 (ez
1528 3015 1606 3055 Iul.)
1624 3013 1636 3057 ΙΙ
1661 3013 1721 3055 qui
1744 3014 1790 3054 V]
1816 3015 1890 3055 quis
1908 3014 2072 3057 RTvuly.
2089 3014 2102 3058 ΙΙ
2132 3017 2171 3049 11
2198 3015 2273 3047 sino
2298 3014 2430 3047 dubita.-

1347 3059 1438 3091 tione
1458 3059 1506 3091 3²
1531 3060 1543 3101 ΙΙ
1566 3058 1710 3091 habeant
1733 3058 1778 3099 V]
1810 3059 1931 3091 habeat
1954 3059 2116 3102 RTvulq.
2143 3059 2154 3102 ΙΙ
2186 3061 2227 3094 13
2251 3061 2339 3100 cum]
2363 3070 2431 3092 una

1347 3114 1421 3135 cum
1440 3103 1493 3136 Τ2
1507 3103 1520 3147 ΙΙ
1539 3114 1613 3136 cum
1629 3122 1673 3127 —
1692 3105 1733 3137 14
1747 3103 1873 3136 iudicet
1892 3117 1955 3137 scr.
1967 3103 2019 3136 ΒΞ
2035 3106 2068 3136 in
2084 3117 2151 3137 ras.
2166 3106 2244 3148 ἒῑυε.
2261 3105 2273 3147 ΙΙ
2299 3114 2358 3136 sua
2379 3115 2431 3148 sy-

1347 3149 1445 3189 nodo]
1473 3161 1534 3179 *u
1564 3148 1613 3181 T¹
1637 3147 1650 3192 ΙΙ
1683 3150 1724 3182 14
1748 3149 1777 3180 si
1798 3148 1917 3181 om.R¹
1943 3147 1955 3190 ΙΙ
1978 3150 2050 3180 rata
2076 3149 2203 3191 Tvulq.
2228 3148 2240 3192 ΙΙ
2273 3150 2314 3183 16
2338 3148 2431 3181 illius

1347 3194 1511 3226 dioceseos
1527 3193 1670 3234 (dioceos
1689 3193 1751 3234 1¹¹)
1776 3194 1808 3225 T
1821 3198 1833 3237 Η
1854 3195 1892 3228 17
1911 3193 2120 3233 determinet]
2145 3193 2235 3226 inter
2251 3204 2306 3226 eos
2322 3194 2431 3227 deter-

1346 3240 1451 3271 minet
1474 3239 1507 3271 T
1532 3238 1544 3281 ΙΙ
1573 3237 1803 3271 ecclesiasticis
1834 3250 1889 3271 om.
1918 3239 1953 3271 V
1973 3238 1985 3280 ss
2019 3239 2058 3271 18
2083 3239 2247 3271 sententia
2272 3249 2309 3271 e·
2336 3239 2385 3272 12¹
2419 3239 2432 3283 ss

1352 3286 1389 3318 19
1404 3286 1491 3317 rubr.
1524 3283 1561 3315 si
1585 3283 1726 3315 clericus
1749 3283 1803 3315 uel
1830 3283 1957 3324 quisuis
1988 3282 2074 3315 alius
2101 3286 2217 3316 contra
2241 3283 2431 3326 episcopum

1346 3329 1437 3361 adire
1460 3329 1654 3371 potestatem
1678 3327 1835 3361 maluerit
1862 3329 1892 3360 Τ
1912 3330 1945 3361 in
1970 3340 2071 3371 marq.
2097 3329 2147 3369 (ecc
2162 3329 2239 3370 Iul.)
2267 3329 2279 3371 ΙΙ
2309 3328 2430 3362 clerico

1351 3374 1499 3417 Greyor]
1524 3373 1612 3406 clero
1632 3373 1739 3406 RVT
1758 3372 1769 3416 ΙΙ
1795 3375 1864 3414 aut]
1891 3375 1922 3405 et
1950 3374 1996 3405 Ί*ι
2015 3372 2027 3415 ΙΙ
2052 3372 2131 3414 alio]
2156 3373 2242 3406 laico
2264 3373 2400 3418 Greqor.
2420 3374 2431 3415 Η

1347 3429 1478 3460 quoque
1501 3418 1551 3451 R¹
1571 3417 1583 3462 ΙΙ
1606 3419 1647 3451 20
1673 3417 1867 3459 quamlibet]
1893 3417 2037 3459 aliquam
2069 3418 2100 3450 T
2122 3417 2135 3461 fl
2160 3420 2201 3451 22
2226 3421 2354 3451 sanc-tas
2380 3419 2431 3452 Τ2

1352 3464 1500 3507 Greqor„
1526 3474 1581 3496 om.
1598 3463 1631 3496 T
1638 3462 1648 3483 ¹
1665 3462 1677 3506 ΙΙ
1696 3464 1737 3496 23
1762 3463 2011 3503 contradixerit]
2036 3473 2111 3495 cum
2134 3463 2256 3496 dixerit
2283 3463 2332 3497 Τ1
2349 3463 2361 3508 ΙΙ
2387 3465 2430 3497 26

1348 3510 1426 3541 huic
1454 3509 1603 3552 Greyon,
1627 3509 1727 3552 vulq]
1753 3509 1808 3540 hic
1834 3508 1908 3550 (hoc
1935 3507 1993 3549 R1)
2020 3507 2125 3541 RVT
2144 3507 2157 3552 ss
2182 3511 2268 3542 rubr.
2294 3509 2332 3542 Si
2356 3509 2432 3551 quis

1348 3557 1464 3587 contra
1479 3553 1725 3596 metropolitam
1740 3553 1830 3586 adire
1846 3554 2042 3596 potestatem
2058 3552 2216 3586 maluerit
2235 3554 2268 3587 T
2280 3556 2313 3587 in
2325 3566 2428 3597 τηαν-9.

1348 3601 1398 3641 (esc
1413 3599 1487 3641 Iul.)
1505 3598 1517 3642 11
1536 3600 1576 3632 27
1594 3598 1683 3631 clero
1703 3599 1789 3640 libri,
1806 3611 1888 3631 corr.
1906 3598 2001 3632 Beck
2018 3598 2030 3641 ΙΙ
2049 3599 2091 3631 29
2109 3608 2241 3631 causam
2256 3599 2384 3632 indicet
2403 3599 2437 3636 V,

1349 3654 1444 3676 causa
1460 3644 1554 3676 iudet
1570 3644 1619 3676 R¹
1642 3643 1768 3676 iudicet
1784 3654 1915 3676 causam
1936 3644 2079 3683 (causam
2097 3654 2152 3675 om.
2169 3644 2202 3676 T
2209 3643 2233 3685 ¹)
2260 3644 2293 3678 Τ
2306 3645 2319 3687 ΙΙ
2340 3646 2429 3678 rubr.

1348 3690 1397 3721 De
1418 3689 1578 3731 episcopis
1602 3688 1763 3721 adeundis
1788 3688 2021 3730 conuocandis,
2046 3690 2078 3721 et
2096 3690 2133 3720 ut
2149 3687 2356 3723 fideiussores
2373 3689 2430 3722 uel

1347 3735 1518 3767 cautiones
1542 3744 1610 3766 non
1634 3736 1801 3776 praestent
1826 3734 1859 3767 T
1880 3734 1912 3767 in
1936 3746 2038 3777 mary.

2090 3788 2159 3822 77*
