2618 4010
183 155 389 189 cAuTELA
409 148 611 186 nnnmn
1260 137 1346 185 369
1964 138 2071 181 Nov.
2103 137 2285 185 LXXIII
2317 139 2353 180 8.
2386 140 2410 179 9

182 253 245 293 οὐκ
261 254 424 301 ἐλάττους
440 257 550 291 πέντε
566 252 762 303 μαρτύρων
781 255 841 289 ἐπὶ
857 254 936 288 τῶν
948 253 1127 290 τοιούτων
1146 267 1260 299 παρα·
1329 252 1386 289 his
1418 252 1550 289 talibus
1582 249 1773 287 adhibendi
1805 251 1906 294 sunt,
1943 250 2037 286 inter
2069 260 2157 296 quos
2190 249 2257 285 erit
2289 252 2324 285 et
2348 249 2410 295 qui

183 299 452 349 ληφθήσονται,
484 302 525 335 ἐν
555 299 605 335 οἷς
636 302 739 335 ἔσται
773 304 833 334 καὶ
864 297 883 334 ὁ
906 298 1059 349 γράφων
1082 297 1172 348 ὑπὲρ
1195 301 1259 335 τοῦ
1331 298 1456 334 scribit
1479 308 1544 343 pro
1570 297 1804 334 contrahente
1828 299 1891 332 aut
1906 298 2022 332 totum
2046 300 2109 332 aut
2127 299 2232 341 [post]
2250 305 2293 331 ea
2318 305 2410 348 quae

183 345 444 393 συμβάλλοντος
474 342 496 390 ἢ
528 346 570 381 τὸ
602 347 677 381 πᾶν
711 345 732 390 ἢ
764 346 806 381 τὸ
837 345 928 390 μετὰ
959 346 1005 380 τὰ
1027 344 1085 381 ῧλί
1106 359 1129 380 α
1151 344 1260 394 γράμ-
1356 348 1412 381 ost
1436 353 1570 389 paucas
1594 343 1731 378 litteras
1762 342 1858 378 illius
1882 343 2000 387 posita
2024 344 2119 385 sunt,
2153 345 2329 387 quatenus
2353 351 2407 390 ni-

182 406 280 438 ματα
302 392 348 427 τὰ
364 388 454 440 παρ’
476 393 611 426 ἐκείνου
635 392 805 433 τεθέντα,
831 388 920 426 ὦςτε
941 390 1054 435 μηδὲν
1076 360 1259 427 διαπεσεῖν
1329 356 1379 425 ΕΠ
1403 389 1588 426 omittatur
1613 388 1656 424 de
1680 398 1818 424 summa
1842 388 2048 424 subtilitate.
2139 433 2146 440 .
2201 427 2203 429 ,
2334 432 2342 441 0

181 441 203 477 1
249 439 309 494 τῆς
327 438 374 472 εἷς
394 435 502 485 ἄκρον
518 436 708 486 ἀκριβείας.
748 440 822 472 Καὶ
838 437 952 472 ταῦτά
968 451 1088 485 φαμεν
1104 439 1164 473 ἐπὶ
1175 438 1260 472 -τῶν
1296 438 1349 472 51
1395 435 1445 471 Et
1474 436 1563 471 haec
1596 434 1745 470 dicimus
1782 444 1824 469 su
1852 444 1890 468 er
1921 434 2167 469 instrumentis
2199 442 2242 468 ex
2273 436 2408 478 scripto

182 486 370 540 ἐγγραφων
394 482 638 528 συμβολαίων.
687 484 718 517 εἰ
747 482 814 531 γάρ
846 494 900 517 τις
929 480 1096 531 ἀγράφως
1126 495 1154 518 π
1178 483 1260 524 ἆξαι
1329 481 1512 517 confectis.
1560 480 1653 515 Nam
1675 479 1799 524 siquis
1839 490 1944 515 acere
1968 479 2161 525 quemlibet
2185 481 2409 514 contractum

182 526 393 572 οἱονδηποτε
425 527 655 576 συνάλλαγμα
690 528 904 573 βουληθείη,
939 531 1046 563 τοῦτο
1081 528 1150 577 πρό
1175 528 1261 571 ηλον
1330 537 1374 563 ex
1406 538 1477 563 non
1509 526 1641 571 scripto
1674 525 1843 569 voluerit,
1878 526 1948 560 hoc
1979 520 2207 560 manifestum
2240 528 2294 559 est
2326 524 2409 569 quia

183 572 230 609 aie
261 570 283 617 ἢ
313 574 379 618 τὴν
413 572 473 609 διὰ
502 573 698 622 μαρτύρων
728 574 750 618 ἢ
785 574 852 618 τὴν
883 570 936 608 δι’
970 571 1089 622 ὅρκων
1121 573 1260 615 δέξεται
1330 576 1392 608 aut
1414 583 1480 618 per
1502 574 1614 607 testes
1647 574 1710 606 aut
1732 580 1797 616 per
1819 570 2064 606 iusiurandum
2093 569 2198 605 fidem
2222 569 2408 614 percipiet,

181 623 316 663 πίστιν,
347 621 411 654 τοῦ
434 621 501 663 μὲν
525 619 712 667 ἐνάγοντος
735 619 914 667 μάρτυρας
937 619 1171 668 παράγοντος,
1196 621 1260 654 τοῦ
1330 622 1452 654 actore
1476 617 1638 663 equidem
1662 619 1771 652 testes
1797 616 2011 659 deducente,
2043 615 2186 660 pulsato
2212 618 2330 650 autem
2354 615 2408 649 iu-

209 663 371 712 εύγοντος
392 663 431 699 δὲ
451 662 625 709 ὀμνύντος
644 662 665 709 ἢ
686 662 958 712 ἀντεπάγοντος,
983 664 1153 713 καθάπερ
1174 663 1219 698 ἂν
1240 663 1259 699 ὁ
1276 668 1316 700 10
1330 666 1432 699 rante
1463 667 1526 698 aut
1549 662 1735 705 referente,
1767 661 1872 696 sicuti
1905 661 2012 696 iudex
2040 660 2220 705 negotium
2244 660 2407 704 disposu-

204 711 348 754 ικαστὴς
379 711 446 754 τὴν
468 709 651 745 ὑπόθεσιν
674 711 823 753 τάξειεν,
860 712 919 744 ἵνα
942 708 1056 755 μηδὲν
1086 711 1137 753 εἴη
1170 709 1261 755 μηδὲ
1330 709 1415 750 erit,
1450 712 1491 744 ut
1514 708 1602 743 nihil
1631 707 1678 742 sit
1700 717 1817 750 neque
1841 707 1968 742 horum
1991 706 2265 741 inemendatum.

180 756 204 791 2
249 755 391 790 τούτων
423 754 666 803 ἀδιόρθωτον.
714 755 866 791 Κάκεῖνο
890 758 1013 800 μέντοι
1046 757 1260 801 προςθεῖναι
1329 755 1352 789 2
1398 754 1492 789 Illud
1516 763 1658 798 quoque
1683 752 1824 786 adicere
1847 752 1917 796 legi
1936 753 2069 787 bonum
2092 756 2157 793 est,
2182 755 2223 786 ut
2247 751 2277 786 si
2297 761 2410 795 usque

180 802 232 844 τῷ
258 800 359 846 νόμῳ
391 801 510 844 καλόν,
544 798 633 836 dieve
661 803 692 837 εἰ
721 805 822 847 μέχρι
853 802 934 846 μιᾶς
962 805 1106 848 χρυσίου
1139 800 1259 848 λίτρας
1327 800 1374 834 ad
1406 809 1513 834 unam
1545 797 1623 833 auri
1647 797 1777 832 libram
1806 796 1916 832 fuerit
1948 800 2173 839 contractus,
2207 796 2410 832 huiusmodi

181 848 233 890 εἴη
265 847 307 881 τὸ
339 846 584 894 συνάλλαγμα,
620 848 687 891 τὴν
717 846 887 889 τοιαύτην
917 845 1167 893 παρατήρησιν
1199 848 1259 880 ἐπὶ
1327 845 1609 880 observationem
1640 843 1678 877 in
1709 842 1778 877 hoc
1802 842 1943 878 minime
1968 842 2160 886 custodiri,
2195 843 2257 878 Sed
2281 853 2408 878 secun-

180 892 297 936 τούτῳ
321 893 370 937 μὴ
394 892 653 939 φυλάττεσθαι,
685 891 774 927 ἀλλὰ
797 892 888 926 κατὰ
912 892 953 926 τὸ
977 895 1078 939 μέχρι
1103 892 1169 926 νῦν
1194 904 1257 927 πο-
1273 893 1313 926 15
1327 891 1411 925 dum
1434 890 1504 925 hoc
1528 888 1623 934 quod
1646 891 1732 923 tunc
1757 891 1877 923 actum
1902 891 1958 924 est
1983 899 2129 924 causam
2153 888 2241 930 fieri,
2273 891 2315 923 ut
2338 898 2410 922 non

182 937 409 982 λιτευόμενον
433 939 474 972 τὸ
499 941 647 986 πρᾶγμα
669 939 852 985 γίνεσθαι,
884 939 943 971 ἵνα
966 937 1014 982 μὴ
1038 941 1120 985 περὶ
1145 949 1256 985 πραγ-
1327 936 1371 970 de
1394 936 1504 970 rebus
1528 934 1664 978 exiguis
1696 933 1870 969 maximas
1902 935 2062 970 homines
2093 934 2296 969 attritiones
2330 943 2408 968 sus-

180 983 309 1062 μᾶάτων
339 986 503 1032 σμικρῶν
533 983 685 1031 μεγάλας
715 983 907 1031 συντριβὰς
932 981 1166 1028 ὑπομένουσιν
1197 981 1257 1016 ἄν·
1325 981 1475 1016 tineant.

213 1042 342 1076 ρωποι,

1177 1174 1330 1211 CAPUT
1355 1173 1416 1209 IX.

241 1257 358 1289 Ταῦτα
387 1253 427 1289 δὲ
457 1253 577 1289 πάντα
603 1257 747 1301 κρατεῖν
779 1255 839 1289 ἐπὶ
868 1257 945 1289 ταῖς
972 1254 1098 1289 πόλεσι
1130 1254 1255 1299 βουλό·
1371 1254 1469 1290 Haec
1494 1256 1612 1289 autem
1638 1254 1757 1289 omnia
1781 1255 1902 1289 tenere
1932 1253 1969 1288 in
2003 1253 2206 1289 civitatibus
2230 1254 2408 1299 volumus3

181 1302 295 1346 μεθα·
323 1303 498 1347 ἐπείτοιγε
518 1302 558 1334 έν
569 1304 725 1347 χωρίοις,
749 1300 847 1334 ἔνθα
866 1299 981 1335 πολλὰ
1001 1301 1046 1334 τὰ
1066 1301 1127 1344 τῆς
1147 1299 1255 1344 ἀπλό-
1270 1304 1311 1336 20
1325 1310 1409 1335 nam
1444 1300 1481 1335 in
1513 1300 1620 1344 agris,
1657 1300 1718 1335 ubi
1748 1299 1862 1334 multa
1895 1299 2104 1344 simplicitas
2140 1302 2197 1334 est
2229 1303 2265 1335 et
2296 1311 2411 1345 neque

181 1345 285 1390 τητός
309 1349 385 1381 ἐστι
407 1350 467 1380 καὶ
487 1342 569 1380 οὐδὲ
587 1344 807 1392 γραφόντων
827 1342 848 1389 ἢ
867 1346 1150 1394 μαρτυρούντων
1169 1345 1255 1381 πολ·
1327 1346 1561 1382 scribentium
1593 1348 1656 1381 aut
1687 1346 1832 1381 testium
1861 1345 2055 1380 multorum
2087 1345 2191 1390 copia
2215 1348 2284 1388 est,
2318 1357 2410 1391 quae

182 1391 257 1426 λιῦν
287 1390 455 1440 εὐπορία,
487 1391 532 1426 τὰ
561 1393 663 1438 μέχρι
693 1392 759 1425 νῦν
789 1391 878 1439 παρ’
908 1389 1024 1426 αὐτοῖς
1052 1393 1256 1439 κρατοῦντα
1326 1392 1500 1427 hactenus
1536 1392 1633 1436 apud
1668 1402 1730 1427 eos
1765 1392 1953 1426 valuerunt
1988 1394 2024 1425 et
2059 1401 2155 1425 nunc
2192 1391 2264 1425 sint
2295 1391 2408 1427 firma.

180 1440 240 1471 καὶ
264 1438 330 1471 νῦν
352 1440 448 1472 ἔστω
467 1439 610 1482 βέβαια.
646 1437 751 1471 τοῦτο
774 1437 841 1494 γὰρ
865 1442 924 1471 καὶ
948 1436 1011 1472 ἐπ’
1032 1435 1155 1471 αὐτῶν
1179 1439 1257 1472 τῶν
1326 1438 1405 1472 Hoc
1438 1437 1530 1472 enim
1567 1441 1603 1472 et
1634 1438 1671 1472 in
1703 1437 1790 1481 ipsis
1824 1436 2056 1480 testamentis,
2095 1436 2222 1480 quibus
2259 1437 2411 1472 maxime

181 1481 383 1526 διαθηκῶν,
401 1480 462 1529 ἐφ’
482 1482 536 1516 αἶς
550 1480 706 1526 μάλιστα
722 1482 933 1527 σπεύδομεν,
955 1481 1023 1527 ἤδη
1044 1482 1133 1531 παρ’
1152 1482 1256 1528 ἡμῶν
1327 1483 1521 1525 studemus,
1554 1484 1624 1518 iam
1648 1493 1670 1518 a
1694 1483 1796 1518 nobis
1822 1483 1997 1517 sancitum
2022 1485 2085 1517 est.
2135 1482 2262 1517 Valeat
2289 1483 2411 1528 itaque

179 1529 476 1571 νενομοθέτηται.
518 1531 713 1575 ·Κρατει’τω
740 1527 779 1562 δὲ
809 1526 828 1562 ὁ
853 1528 960 1573 νόμος
990 1531 1049 1564 ἐπὶ
1074 1532 1146 1563 τοῖς
1169 1530 1259 1574 μετὰ
1273 1533 1313 1564 25
1327 1530 1385 1564 lex
1408 1529 1445 1564 in
1467 1529 1630 1564 omnibus
1655 1539 1746 1573 quae
1770 1532 1852 1574 post
1876 1528 1965 1563 haec
1986 1526 2150 1563 facienda
2170 1531 2254 1563 sunt
2277 1528 2409 1564 instru-

179 1575 295 1608 ταῦτα
326 1571 441 1608 ἅπασι
469 1576 668 1620 γινομένοις
699 1573 928 1618 συμβολαίοις
962 1589 1001 1609 τε
1037 1578 1096 1608 καὶ
1129 1574 1257 1609 συναλ-
1329 1576 1456 1610 mentis
1483 1577 1518 1610 et
1542 1575 1805 1610 contractibus:
1844 1573 1940 1619 quod
1965 1573 2057 1609 enim
2086 1574 2158 1608 iam
2180 1574 2322 1609 transiit
2346 1585 2411 1610 cur

180 1618 349 1666 λάγμασι·
385 1619 427 1654 τὸ
457 1619 525 1666 γὰρ
555 1617 598 1662 δὴ
622 1620 833 1667 παρῳχηκὸς
857 1624 895 1654 τί
916 1618 960 1654 ἄν
984 1632 1037 1654 τις
1061 1620 1259 1665 νομοθετή-
1328 1621 1504 1666 quispiam
1536 1620 1698 1655 sanciat?

178 1677 288 1700 σειέν·

230 1691 325 1757 <fin
335 1714 350 1744 ί
357 1709 403 1745 λο
411 1710 513 1757 γος.>
566 1711 697 1744 Τοῦτον
729 1708 815 1755 ἡμῖν
838 1713 936 1745 ἔτεκε
967 1711 1034 1745 τὸν
1057 1711 1170 1756 νόμον
1195 1709 1259 1755 ἀμ·
1373 1711 1643 1757 <Epilogus.>
1690 1712 1792 1746 Hanc
1817 1715 1936 1746 autem
1965 1711 2077 1755 legem
2101 1710 2240 1762 peperit
2265 1714 2410 1746 conten·
2461 1740 2466 1745 .

179 1756 434 1802 φισβητήσεων
458 1755 599 1799 πλῆθος
630 1759 837 1803 γενομένων
864 1759 931 1801 μὲν
964 1759 1004 1791 ἐν
1036 1755 1151 1791 δίκαις
1174 1755 1260 1801 ἡμῖν
1273 1760 1314 1793 30
1329 1758 1467 1793 tionum
1499 1757 1688 1793 multitudo
1712 1757 1891 1792 factarum
1925 1756 2066 1801 quidem
2099 1766 2136 1791 in
2160 1756 2282 1791 litibus
2315 1757 2411 1802 apud

179 1804 219 1837 δὲ
241 1804 467 1849 εἰςηγμένων,
500 1802 560 1836 ἵνα
590 1804 654 1836 τοῦ
680 1799 774 1836 καθ’
802 1802 955 1846 ἑκάστην
980 1803 1067 1851 πρὸς
1091 1801 1260 1846 ἀλλήλους
1329 1813 1394 1838 nos
1419 1806 1538 1837 autem
1564 1803 1866 1846 introductarum,
1900 1805 2076 1847 quatenus
2102 1802 2231 1837 cotidie
2255 1802 2348 1838 inter
2372 1813 2411 1838 se

179 1847 419 1894 ἀμφισβητεῖν
443 1847 523 1882 τοὺς
544 1846 765 1892 ἀνθρώπους
788 1847 991 1892 παύσαιμεν
1014 1848 1257 1896 προαναστέλ-
1329 1848 1544 1884 contendere
1567 1849 1726 1884 homines
1749 1858 2017 1893 compescamus
2044 1847 2334 1892 praeauferentes
2361 1849 2410 1884 eis

181 1894 301 1928 λοντες
330 1892 449 1927 αὐτοῖς
475 1893 537 1926 τὰς
562 1891 779 1939 φιλονεικίας
802 1895 846 1941 τῇ
873 1892 932 1928 διὰ
955 1895 1016 1938 τῆς
1040 1895 1260 1938 νομοθεσίας
1329 1894 1583 1929 altercationes
1609 1905 1673 1940 per
1696 1894 1929 1940 legislationis
1954 1894 2198 1929 subtilitatem.
2248 1893 2409 1939 Quapro-

180 1940 352 1986 ἀκριβείᾳ.
410 1937 497 1972 ὥςτε
533 1937 696 1986 προςήκει
730 1939 797 1983 τὴν
832 1939 900 1983 σὴν
934 1937 1110 1988 ὑπεροχὴν
1143 1941 1259 1974 ταῦτα
1328 1943 1408 1985 pter
1441 1940 1605 1975 convenit
1637 1944 1736 1976 tuam
1761 1940 1986 1976 eminentiam
2016 1939 2106 1974 haec
2139 1942 2411 1983 cognoscentem

180 1984 445 2030 μανθάνουσαι]
469 1984 608 2030 φανερὰ
631 1985 720 2019 πᾶσι
744 1986 968 2028 καταστῆσαι
995 1989 1068 2020 τοῖς
1091 1982 1259 2029 ὑπηκόοις
1273 1989 1314 2021 35
1328 1985 1520 2021 manifesta
1552 1986 1716 2021 omnibus
1749 1986 1868 2021 facere
1893 1985 2064 2021 subiectis
2094 1986 2131 2020 et
2154 1985 2213 2030 quj
2244 1985 2302 2020 hic
2327 1988 2412 2021 sunt

180 2034 253 2066 τοῖς
283 2045 322 2065 τε
355 2030 530 2064 ἐνταυθοῖ
556 2032 629 2064 τοῖς
658 2043 698 2064 τε
730 2031 789 2064 ἐπὶ
812 2031 891 2064 τῶν
916 2031 1053 2066 ἐθνῶν.
1102 2035 1162 2065 καὶ
1190 2031 1258 2078 γὰρ
1329 2035 1364 2066 et
1388 2031 1448 2076 qui
1472 2031 1509 2066 in
1533 2032 1709 2075 gentibus.
1758 2032 1900 2067 Etenim
1924 2031 2004 2077 (ad)
2027 2030 2116 2066 alios
2136 2031 2410 2074 gloriosissimos

182 2077 225 2118 δὴ
248 2076 336 2124 πρὸς
366 2075 445 2110 τοὺς
476 2074 599 2109 ἄλλους
632 2073 883 2116 ἐνδοξοτάτους
915 2076 1085 2123 ἐπάρχους
1115 2076 1195 2111 τούς
1222 2090 1262 2111 τε

239 2180 310 2210 cap.
326 2168 346 2200 8
371 2172 418 2206 §2
445 2174 474 2199 et
498 2168 517 2199 9
544 2169 805 2200 iri-summarium
829 2169 925 2200 habet
947 2169 1047 2201 schol.
1071 2169 1183 2211 Epan.
1210 2169 1230 2201 l.
1249 2180 1277 2202 c.

186 2323 316 2359 talibus
347 2322 503 2368 neqotiis
533 2321 754 2357 adhibendos
782 2318 876 2363 esse,
912 2322 950 2356 in
977 2322 1106 2367 quibus
1135 2323 1168 2357 is
1197 2334 1340 2369 quoque
1368 2324 1438 2359 erit
1469 2324 1532 2370 qui
1561 2335 1631 2370 pro
1664 2323 1898 2360 contrahente
1931 2325 1987 2360 vel
2008 2329 2121 2360 totum
2150 2326 2207 2361 vel
2234 2337 2327 2372 quae
2358 2338 2411 2362 se-

184 2372 346 2415 quuntur
369 2371 458 2414 post
489 2377 630 2413 paucas
662 2367 800 2402 litteras
830 2367 874 2402 ab
903 2367 967 2402 illo
984 2367 1132 2419 positas
1162 2369 1396 2415 conscripsit,
1431 2373 1473 2404 ut
1502 2369 1596 2404 nihil
1623 2369 1668 2404 de
1697 2380 1836 2404 summa
1867 2370 2056 2416 diliqentia
2114 2371 2409 2408 raetermittatur.

183 2417 204 2450 1
250 2414 367 2460 Atque
386 2412 475 2448 haec
490 2412 641 2448 dicimus
662 2412 706 2448 de
721 2413 969 2448 instrumentis
987 2423 1026 2450 m
1043 2413 1182 2459 scripto
1203 2415 1422 2460 compositis.
1484 2414 1580 2450 Nam
1600 2415 1634 2450 si
1647 2414 1729 2460 quis
1748 2415 1825 2450 sine
1845 2415 1991 2462 scriptis
2012 2422 2085 2461 qua
2101 2427 2308 2463 emcumque
2328 2428 2410 2453 con-

186 2460 337 2495 tractum
355 2459 482 2504 facere
502 2458 667 2501 voluerit,
692 2457 924 2503 manifestum
949 2461 1002 2492 est
1025 2469 1104 2493 eum
1123 2458 1232 2504 fidem
1256 2459 1314 2494 vel
1328 2471 1401 2512 per
1418 2463 1523 2496 testes
1546 2460 1602 2495 vel
1617 2471 1690 2506 per
1713 2465 1940 2496 sacramenta
1965 2472 2042 2496 esse
2066 2466 2306 2508 accepturum,
2331 2474 2411 2498 cum

183 2509 287 2540 actor
310 2504 452 2550 quidem
478 2507 583 2540 testes
600 2503 798 2549 producat,
822 2514 906 2539 reus
930 2508 1052 2538 autem·
1070 2504 1164 2539 iuret
1186 2504 1242 2540 vel
1263 2505 1513 2541 iuszurandum
1538 2505 1690 2551 referat,
1709 2510 1827 2552 prout
1851 2506 1964 2541 iudex
1986 2517 2060 2542 rem
2085 2507 2339 2551 aestimaverit,
2365 2521 2410 2545 ne

183 2551 207 2587 2
253 2550 309 2585 vel
331 2561 380 2585 ex
403 2548 459 2584 liis
482 2549 680 2597 quidquam
700 2548 960 2584 emendationis
986 2560 1121 2596 expers
1143 2550 1199 2585 sit.
1291 2550 1421 2586 Verum
1444 2550 1537 2586 illud
1559 2562 1703 2596 quoque
1727 2551 1798 2597 leqi
1822 2551 1966 2587 adicere
1983 2563 2060 2598 par
2084 2556 2153 2594 est,
2177 2557 2218 2588 ut
2241 2554 2276 2588 si
2297 2565 2410 2600 usque

183 2596 233 2631 ad
263 2606 371 2630 unam
396 2595 478 2630 auri
504 2595 630 2630 libram
655 2598 865 2630 contractus
887 2595 955 2637 sit,
995 2594 1200 2630 huiusmodi
1224 2595 1425 2632 observatio
1448 2596 1553 2632 ineo
1578 2607 1652 2631 non
1677 2596 1921 2639 custodiatur,
1946 2597 2011 2632 sed
2032 2597 2227 2633 secundum
2251 2599 2290 2634 id
2312 2600 2412 2646 quod

182 2652 296 2687 usque
313 2640 433 2675 adhuc
453 2641 490 2675 in
506 2651 573 2675 usu
590 2640 667 2685 fuit
685 2651 744 2675 res
763 2651 856 2686 pera
884 2644 979 2683 atur,
1005 2651 1049 2676 ne
1072 2640 1116 2676 de
1139 2640 1246 2676 rebus
1270 2642 1416 2687 exiquis
1439 2653 1573 2687 maqna
1598 2641 1813 2677 detrimenta
1838 2641 1999 2677 homines
2023 2644 2184 2681 subeant.

316 2685 379 2720 IX.
429 2685 531 2721 Haec
554 2697 638 2720 vero
665 2686 786 2720 omnia
809 2697 854 2721 va
869 2697 929 2721 ere
944 2686 983 2720 in
1003 2686 1151 2722 urbibus
1174 2686 1356 2722 volumus:
1389 2698 1473 2722 nam
1491 2687 1572 2722 ruri
1592 2687 1745 2733 quidem,
1769 2687 1830 2722 ubi
1853 2688 1967 2723 multa
1990 2692 2045 2724 est
2067 2688 2282 2735 simplicitas
2303 2701 2346 2725 ac
2366 2702 2410 2726 ne

180 2732 412 2768 scribentium
436 2731 579 2778 quidem
603 2734 668 2766 aut
692 2731 833 2766 testium
857 2731 1052 2766 multorum
1077 2732 1204 2778 copia,
1230 2743 1324 2778 quae
1348 2743 1461 2778 usque
1485 2732 1604 2768 adhuc
1634 2733 1710 2769 illic
1734 2733 1926 2769 valuerunt
1948 2734 2055 2769 etiam
2079 2745 2175 2769 nunc
2196 2735 2304 2779 firma
2326 2737 2408 2771 sint.

182 2778 264 2813 Hoc
288 2777 380 2812 enim
403 2777 443 2812 in
465 2776 556 2823 ipsis
581 2787 724 2822 quoque
749 2778 979 2819 testamentis,
1005 2788 1157 2823 quorum
1181 2777 1285 2812 nobis
1309 2788 1397 2812 cura
1421 2782 1475 2812 est
1482 2778 1703 2825 praecipua,
1728 2778 1800 2813 iam
1817 2790 1840 2813 a
1856 2778 1961 2814 nobis
1976 2779 2154 2814 sancitum
2171 2784 2233 2815 est.
2288 2780 2410 2817 Valeat

182 2826 308 2903 autgml
325 2822 412 2858 haec
436 2822 499 2874 leoe
528 2822 566 2856 in
595 2822 758 2892 οηυιφίόαε
782 2833 875 2868 quae
892 2822 1052 2869 posthac
1072 2823 1163 2868 fient
1196 2823 1442 2858 instrumentis
1465 2827 1500 2858 et
1520 2824 1786 2866 contractibus;
1817 2834 1901 2859 nam
1926 2824 2025 2870 quod
2040 2826 2258 2871 praeteriit,
2295 2826 2339 2862 de
2362 2838 2405 2863 eo

207 2879 242 2904 uz
307 2880 326 2904 e
353 2879 372 2903 e
421 2878 478 2903 uis
497 2873 677 2903 sanxerit.

181 2881 204 2915 q
316 2878 418 2960 gp?
413 2913 454 2948 lo
463 2924 557 2959 qus.
604 2913 712 2948 Hanc
736 2913 839 2949 nobis
870 2913 982 2960 leqem
1008 2914 1156 2960 peperit
1186 2913 1485 2966 disceptationum
1515 2913 1705 2949 multitudo
1738 2918 1775 2950 et
1804 2915 1843 2949 in
1868 2914 1991 2950 litibus
2020 2919 2183 2951 ortarum
2212 2920 2247 2951 et
2270 2917 2320 2952 ad
2342 2929 2410 2953 nos

182 2959 404 3002 delatarum,
439 2962 479 2993 ut
502 2957 663 2993 homines
688 2959 879 3004 quominus
904 2959 1036 2994 cotidie
1059 2961 1154 2995 inter
1184 2970 1222 2994 se
1246 2959 1445 2994 disceotent
1466 2959 1723 3005 prohibeamus
1746 2960 2034 2996 contentionibus
2057 2972 2182 2996 eorum
2206 2963 2327 2997 statim
2350 2973 2409 2998 co-

182 3004 301 3040 hibitis
324 3015 395 3051 per
419 3003 657 3050 leqislationis
679 3003 923 3040 subtilitatem.
973 3003 1103 3050 Itaque
1135 3009 1232 3040 tuam
1263 2972 1514 3040 sublimitatem
1546 3004 1635 3039 haec
1665 3004 1766 3040 decet
1796 3010 2068 3052 coqnoscentem
2101 3007 2265 3043 omnibus
2296 3009 2409 3043 mani-

139 3066 141 3068 *
181 3050 280 3095 festa
310 3049 460 3085 reddere
490 3049 659 3084 subiectis
688 3052 722 3084 et
754 3050 817 3094 qui
841 3049 899 3084 lzic
928 3054 965 3084 et
993 3050 1056 3095 qui
1086 3051 1124 3084 in
1146 3050 1348 3096 provinciis
1379 3053 1473 3085 sunt.
1530 3048 1675 3085 Etenim
1704 3050 1754 3085 ad
1784 3055 1923 3087 ceteros
1951 3061 2097 3097 quoque
2127 3052 2410 3097 qloriosissimos

229 3209 248 3241 3
273 3204 294 3249 ἢ
317 3206 358 3240 τὸ
383 3208 467 3247 πᾶν]
493 3204 514 3248 ἢ
537 3206 578 3240 τὸ
604 3208 678 3241 πᾶν
701 3206 792 3250 μετὰ
814 3209 888 3240 add.
903 3209 954 3240 La
985 3207 997 3251 ΙΙ
1026 3205 1068 3240 τὸ
1091 3206 1193 3251 μετὰ]
1217 3207 1263 3241 τὰ
1278 3202 1288 3219 ⁸
1382 3211 1401 3242 2
1426 3209 1580 3241 trahente
1605 3209 1655 3240 V¹
1682 3207 1695 3252 ΙΙ
1725 3211 1836 3241 autem
1859 3211 1966 3242 totum
1995 3210 2031 3243 V
2051 3209 2064 3254 ΙΙ
2091 3212 2204 3253 postea
2228 3212 2321 3254 libri,
2346 3213 2408 3246 del.

182 3251 273 3304 μετὰ
296 3254 404 3295 Epan.
420 3253 462 3294 (ς)
488 3252 500 3295 ΙΙ
527 3251 618 3295 μετὰ
638 3272 681 3276 -
706 3255 727 3286 4
751 3252 922 3304 τεθέντα]
948 3255 980 3285 et
1003 3256 1177 3305 postquam
1200 3255 1262 3286 im—
1332 3255 1442 3293 Beck;
1474 3256 1550 3296 post
1572 3255 1690 3305 seclusi
1714 3253 1726 3296 ss
1750 3257 1845 3306 quae]
1871 3256 1928 3297 qui
1950 3254 2036 3307 13¹.ss
2062 3257 2084 3289 4
2107 3256 2317 3299 supptilitate
2349 3258 2383 3290 V
2397 3257 2410 3346 Η

182 3298 883 3389 33535025352255?'fiussffgssissffffflil
893 3298 1263 3389 {³3³}vali-Jiiriigssai
1331 3301 1351 3379 {3
1373 3301 1510 3377 {³132ssss
1521 3299 1589 3386 3⁷¹¹„
1602 3299 2409 3390 {efflcsstsim'ffl'niialssgsstfflqiffffl'eiig-

183 3391 293 3433 Epan.
322 3388 334 3434 ss
370 3392 409 3423 10
434 3385 455 3431 ἢ
486 3390 545 3421 καὶ
576 3383 839 3435 ἀντεπάγοντος
864 3390 973 3431 Epan.
1002 3388 1013 3427 ΙΙ
1051 3392 1087 3423 11
1110 3388 1262 3431 τάξειεν]
1330 3391 1434 3422 suerit
1457 3391 1515 3433 Vn
1541 3391 1577 3423 11
1606 3391 1645 3421 ut
1670 3390 1703 3422 T
1711 3389 1733 3430 ¹]
1759 3390 1803 3422 Ut
1827 3393 1937 3423 autem
1962 3391 2086 3424 ΒῘῙΤ2
2096 3392 2183 3435 vulq.
2211 3392 2225 3436 ΙΙ
2250 3393 2318 3425 sint
2342 3393 2376 3426 R
2398 3393 2411 3437 ss

185 3447 268 3478 quae
290 3442 466 3478 sequuntur
489 3447 545 3466 om.
560 3435 671 3477 Epan.
696 3435 752 3478 (cf.
775 3436 820 3467 ad
840 3436 871 3476 ς)
889 3434 900 3477 ΙΙ
927 3436 968 3467 12
994 3431 1261 3481 ἀδιάρθρωτον,
1331 3437 1450 3468 horum
1471 3445 1578 3476 neque
1599 3435 1633 3467 V
1651 3434 1662 3478 ΙΙ
1691 3436 1731 3468 12
1748 3435 1838 3468 Illud
1857 3436 1919 3477 T1]
1944 3436 2030 3468 illud
2045 3438 2212 3480 prioribus
2224 3441 2411 3473 continuant

184 3494 208 3512 s.
230 3494 260 3513 v.
286 3482 346 3512 καὶ
370 3477 604 3523 ἀδιόρθωτον
621 3480 672 3511 ’Μ
690 3479 702 3520 ΙΙ
733 3479 785 3521 τῷ
812 3478 912 3522 νόμῳ
937 3479 1150 3524 προςθεῖναι
1174 3482 1223 3514 Β8
1252 3480 1264 3525 Η
1331 3480 1455 3514 RVT2
1466 3482 1555 3524 vulq.
1575 3479 1586 3523 ΙΙ
1607 3481 1646 3514 13
1660 3480 1869 3514 IibrarumR
1892 3481 1904 3525 ΙΙ
1932 3483 1972 3515 15
1986 3484 2067 3514 tunc
2083 3484 2205 3524 actum]
2230 3483 2272 3516 al.
2287 3486 2408 3518 tracta—
2457 3496 2459 3498 ·

186 3528 227 3559 15
253 3523 515 3571 φυλάττεσθαι]
549 3522 823 3567 συμβάλλεσθαι
848 3526 898 3558 B⁸
917 3538 948 3558 v.
971 3526 991 3558 l.
1019 3524 1031 3569 Η
1059 3527 1160 3572 μέχρι
1184 3527 1262 3568 νῦν]
1331 3528 1401 3558 tum
1420 3525 1469 3558 T²
1485 3525 1497 3568 11
1524 3527 1565 3559 16
1591 3526 1733 3566 exigitus
1752 3527 1787 3559 V
1806 3526 1818 3570 ss
1841 3527 2015 3560 atritiones
2039 3526 2127 3560 RT²
2150 3528 2296 3562 actiones
2322 3531 2374 3564 Τι

184 3573 264 3603 tunc
290 3584 308 3606 ς
334 3572 345 3614 ΙΙ
370 3572 411 3605 20
437 3569 482 3603 τὰ
507 3584 564 3603 om.
581 3571 628 3602 M
646 3570 658 3613 ss
684 3572 726 3604 22
748 3566 856 3612 αὐτῆς
870 3571 915 3603 Μ
926 3570 938 3614 ΙΙ
963 3571 1005 3604 25
1027 3570 1263 3614 νενομοθέτη-
1333 3573 1375 3605 20
1394 3571 1515 3603 multas
1535 3571 1586 3603 V²
1605 3569 1617 3614 ΙΙ
1631 3572 1683 3611 Ι24
1706 3574 1857 3604 sanctum
1878 3572 1934 3615 Vll
1953 3573 1995 3606 26
2021 3583 2059 3605 ex
2082 3574 2307 3609 contractibus
2331 3576 2380 3609 R¹

185 3618 257 3656 ται]
276 3617 351 3650 Cod.
367 3618 398 3658 6,
410 3624 493 3658 23,31
515 3615 527 3660 ΙΙ
552 3617 742 3660 Κρατείτω
757 3613 797 3648 δὲ
809 3629 836 3649 e.
849 3629 879 3659 q.
894 3629 919 3649 s.
934 3616 1039 3649 om.B
1058 3615 1070 3659 ss
1093 3617 1135 3650 29
1155 3618 1264 3650 Τοῦτο
1332 3617 1412 3658 quid
1427 3616 1531 3649 RVT
1551 3615 1564 3659 ΙΙ
1588 3617 1710 3649 transit
1732 3617 1802 3650 ΒΤ
1823 3617 1835 3660 ΙΙ
1860 3618 1901 3651 29
1923 3618 2207 3661 contemptionum
2225 3619 2259 3652 R
2273 3620 2286 3663 n
2314 3622 2356 3656 30
2373 3622 2409 3654 in

187 3661 233 3692 L²
258 3660 270 3704 n
296 3657 391 3704 ἡμῖν]
415 3664 526 3695 autem
545 3674 564 3697 ς
591 3664 603 3704 11
631 3658 1008 3706 ἀμφισβητήσεωνΜ]
1032 3661 1075 3694 τὸ
1099 3662 1177 3695 τῶν
1200 3659 1262 3706 ἀμ·
1331 3661 1494 3694 militibus
1514 3661 1564 3694 V¹
1589 3661 1601 3704 {i
1629 3662 1669 3695 31
1697 3673 1764 3695 sese
1791 3663 1916 3706 Tvulq.
1946 3663 1958 3706 ΙΙ
1988 3664 2031 3697 32
2057 3674 2302 3708 compescamus
2325 3667 2375 3700 R¹
2397 3666 2409 3707 li

186 3705 440 3749 φισβητήσεων
453 3708 484 3740 L
500 3707 512 3751 ΙΙ
532 3708 575 3741 32
589 3708 726 3740 παῦσαι
745 3708 813 3750 μὲν
833 3704 1168 3752 προαναστελοντας
1182 3709 1229 3741 L¹
1253 3707 1263 3751 ΙΙ
1332 3708 1374 3740 33
1400 3706 1623 3748 legislationes
1647 3707 1695 3740 13¹
1712 3707 1724 3752 ΙΙ
1752 3709 1794 3742 34
1818 3711 2048 3749 agnoscentem
2074 3710 2107 3743 R
2122 3709 2135 3754 ΙΙ
2162 3711 2203 3744 35
2230 3712 2309 3744 huic
2330 3712 2380 3745 V¹
2397 3711 2409 3756 Η

187 3753 228 3784 37
254 3747 458 3797 *ὑπάρχους
477 3754 548 3786 ML
1333 3754 1374 3786 36
1400 3750 1441 3784 a'd
1466 3753 1641 3797 add-vulq.
1670 3785 1674 3789 .

263 3807 311 3832 111.
1344 3849 1346 3851 Ι
2095 3813 2137 3845 47
