2586 3990
170 176 227 206 ET
257 174 375 208 ALIIS
404 174 637 207 CAPITULIS

169 275 372 321 κρατοῦσαν
395 272 606 317 συνήθειαν,
631 279 689 309 καὶ
714 280 752 310 τί
773 276 811 317 ἐξ
836 274 960 310 αὐτῶν
985 276 1031 310 εἰς
1050 274 1119 319 τὴν
1136 274 1251 322 ἅρκαν

169 320 395 366 εἰςφέρεσθαι
415 317 438 363 ἢ
460 321 499 355 ἐν
519 319 652 367 ἑκάστῃ
675 322 827 366 ἐπαρχία
851 319 1024 355 δίδοσθαι
1045 319 1068 365 ἢ
1089 319 1250 356 δαπανᾶ-

169 366 261 398 σθαι
285 365 465 408 προςήκει·
513 362 610 398 οὕτω
642 365 680 400 δὲ
704 367 967 411 συντιθεμένας
998 366 1062 401 τὰς
1082 366 1251 401 τοιαύτας

169 407 406 444 διατυπώσας
424 413 497 444 τοῖς
513 411 590 444 τῶν
608 412 791 456 ἐπαρχιῶν
815 411 984 457 ἄρχουσιν
1009 409 1145 446 εὐθέως
1163 415 1251 467 πέμ·

168 455 308 489 πεσθαι
344 457 384 489 ἐν
412 460 611 500 προοιμίοις
639 456 789 500 ἑκάστης
819 455 1070 501 ἑπινεμήσεως,
1106 460 1166 491 καὶ
1194 453 1247 491 δι’

169 497 289 533 αὐτῶν
310 500 561 545 προτίθεσθαι
595 503 634 535 ἐν
658 505 734 535 ταῖς
757 499 822 537 ὑπ’
847 498 974 536 αὐτοὺς
997 498 1251 536 καθεστώσαις

167 543 316 579 πόλεσιν
347 545 450 579 ἐντὸς
472 547 536 579 τοῦ
560 549 809 592 Σεπτεμβρίου
831 546 944 591 μηνὸς
968 544 991 590 ἢ
1011 543 1248 592 Ὀκτωβριόυ·

167 587 257 622 ἀλλὰ
287 592 346 622 καὶ
369 593 442 624 τοῖς
465 589 693 635 ,Boviani-'vois
723 593 770 626 τὰ
794 592 855 626 ἴσα
878 592 1023 626 τούτων
1048 593 1086 626 ἐκ
1109 592 1173 626 τοῦ
1199 590 1260 625 δι·’

165 638 356 678 καστηρίου
392 636 469 669 τῶν
506 634 753 676 ἰνδοξοτά-των
787 635 959 683 ἐπάρχων
993 634 1251 681 ἀνυπερθέτως

1237 162 1322 209 637

1912 167 2019 211 Nov.
2045 134 2262 210 cxx'vni
2294 170 2400 212 1—-3

1320 276 1400 311 loco
1433 277 1610 312 tenentem
1643 277 1982 324 (consuetudinem,
2017 281 2052 314 et
2083 278 2166 323 quid
2197 288 2241 314 cx
2271 278 2328 314 his
2362 278 2400 314 in

1318 331 1440 356 arcam
1463 322 1588 358 inferri
1612 326 1674 358 aut
1697 324 1733 358 in
1758 333 1971 368 unaquaque
1995 323 2212 369 <provincia>
2236 324 2313 359 dari
2337 325 2401 359 aut

1321 366 1473 410 expendi
1504 371 1664 412 oportet3
1700 368 1881 412 sicigitur
1910 370 2126 414 compositas
2157 370 2248 404 tales
2279 369 2399 414 dispo-

1320 411 1467 447 sitiones
1488 413 1749 456 provinciarum
1768 413 1946 449 iudicibus
1967 425 2049 449 mox
2065 414 2236 450 destinari
2259 414 2295 449 in
2316 425 2399 459 pro-

1288 457 1443 492 50emiis
1469 458 1747 503 uniuscuiusque
1770 459 1972 494 indictionis
2004 462 2039 494 et
2069 469 2134 504 per
2163 469 2223 494 eos
2248 459 2400 504 proponi

1319 502 1356 536 in
1381 502 1583 538 civitatibus
1616 505 1683 539 sub
1717 505 1766 539 eis
1799 504 2002 540 constitutis
2032 505 2125 539 intra
2155 504 2399 549 Septembrem

1319 550 1382 581 aut
1399 547 1588 584 Octobrem
1605 558 1776 592 mcnsem3
1802 549 1864 584 sed
1882 549 1989 584 etiam
2005 549 2206 584 volentibus
2222 549 2398 593 exempla-

1318 592 1372 626 ria
1406 592 1534 629 horum
1573 604 1617 628 ex
1652 593 1730 629 foro
1765 594 2098 637 gloriosissimorum
2137 594 2400 638 praefectorum

1319 637 1394 672 sine
1420 638 1588 672 dilatione
1614 638 1709 679 dari,
1737 642 1776 672 nt
1800 639 1987 674 collatores
2011 642 2208 683 agnoscant
2232 639 2399 683 quemad-

166 677 358 722 δίδοσθαι,
385 677 471 714 ὥςτε
495 681 577 715 τοὺς
602 680 833 715 συντελεστάς
854 679 1058 728 γινώσκειν,
1090 679 1183 715 καθ’
1204 679 1250 716 ὃν
1266 684 1306 716 10
1318 682 1459 716 niodum
1484 682 1613 717 debent
1645 683 1852 718 collationes
1882 683 2024 718 inferre.
2074 684 2112 718 Si
2132 694 2214 719 vero
2240 687 2322 719 ante
2345 684 2399 719 in-

164 722 304 768 τρόπον
322 721 527 770 ὀφείλουσιν
547 726 611 760 τὰς
630 726 829 761 συντελείας
846 728 1024 772 εἰςφέρειν.
1070 728 1101 760 εἰ
1118 725 1157 760 δὲ
1176 725 1247 772 πρὸ

164 770 227 811 τῆς
250 770 444 815 ἐμφανείας
476 772 522 804 εἰς
549 771 686 816 ἑτέρους
709 771 849 806 τίτλους
873 772 971 816 παρὰ
993 772 1074 805 τοὺς
1093 784 1248 815 περιεχο-

163 817 289 857 μένους
319 816 361 861 τῇ
386 817 513 863 μερικῇ
537 814 758 850 διατυπώσει
787 817 851 850 τοῦ
877 813 988 850 αὐτοῦ
1016 818 1182 850 ἐνιαυτοῦ
1215 816 1250 849 οἱ

165 858 476 897 συντελεσταὶ,τὰ
511 858 667 905 δημόσια
704 860 962 905 καταβάλωσιν
997 859 1020 904 ἢ
1055 861 1148 895 κατὰ
1180 861 1248 904 τὴν

1318 726 1553 762 sinuationem
1584 728 1620 761 in
1653 728 1742 762 alios
1773 728 1897 762 titulos
1930 730 2071 772 praeter
2102 738 2162 763 eos
2195 729 2255 773 qui
2286 729 2399 764 conti-

1318 775 1447 806 nentur
1467 772 1679 816 particulari
1699 772 1929 817 ffispositione
1950 773 2034 808 anni
2056 773 2242 808 collatores
2263 773 2400 808 fiscalia

1317 818 1502 852 exsolvant
1533 819 1596 852 aut
1627 818 1663 852 in
1696 818 1880 862 provincia
1912 818 2132 862 expendant,
2163 819 2325 853 iubemus
2349 819 2399 854 eis

1316 862 1352 895 in
1379 862 1533 896 eiusdem
1565 862 1766 897 indictionis
1792 863 2002 898 collationes
2035 863 2123 898 haec
2148 864 2325 908 reputari,
2358 865 2399 898 ut

165 905 342 956 ἐπαρχίαν
367 903 632 949 δαπανησουσι,
665 905 852 949 κελεύομεν
877 905 1005 940 αὐτοὺς
1029 907 1075 939 εἰς
1099 906 1163 940 τὰς
1186 907 1248 949 τῆς
1264 909 1302 940 15
1317 907 1452 941 nullum
1484 907 1552 951 ipsi
1583 907 1765 951 patiantur
1798 908 1974 942 damnum.
2023 908 2060 943 Si
2090 918 2171 943 vero
2204 908 2400 943 secundum

164 948 272 991 αὐτῆς
298 947 525 984 ἰνδικτίιονος
550 950 751 985 συντελείας
774 953 891 985 ταῦτα
912 951 1134 997 λογίζεσθαι,
1160 948 1247 985 ὦςτε

162 992 342 1038 μηδεμίαν
375 992 503 1029 αὐτοὺς
533 992 727 1040 ὑπομένειν
758 998 898 1040 ζημίαν.
947 998 977 1030 εἰ
1002 994 1041 1030 δὲ
1063 996 1155 1030 κατὰ
1180 996 1247 1030 τὸν

163 1036 255 1083 παρ)
288 1037 394 1083 ἡμῶν
431 1037 630 1085 ὁρισθέντα
666 1041 793 1085 καιρὸν
828 1041 876 1085 μὴ
911 1041 1177 1087 ἐκπεμφθῶσιν
1210 1042 1247 1074 αἱ

162 1086 329 1118 τοιαῦται
359 1089 501 1139 μερικαιῖ
537 1084 793 1124 διατυπώσεις,
830 1086 866 1119 οἱ
921 1088 959 1120 ὲν
990 1086 1082 1120 κατὰ
1118 1086 1247 1131 καιρὸν

1317 961 1338 985 a
1362 951 1466 987 nobis
1492 952 1675 987 definitum
1700 957 1839 998 tempus
1869 963 1941 988 non
1970 952 2168 997 dirigantur
2196 953 2400 988 huiusmodi

1316 997 1551 1040 particulares
1588 997 1856 1042 dispositiones,
1893 998 1953 1042 qui
1987 998 2128 1042 quidem
2160 1007 2225 1042 per
2256 1001 2398 1042 tempus

1315 1042 1515 1084 gubernant
1546 1046 1708 1078 nostrum
1739 1043 1958 1088 praetorium
1989 1043 2094 1078 XXX
2116 1043 2288 1078 librarum
2319 1043 2400 1078 auri

1316 1096 1465 1130 poenam
1500 1088 1722 1131 persolvant,
1763 1088 2043 1133 uniuscuiusque
2078 1098 2159 1124 vero
2195 1088 2400 1133 provinciae

164 1127 378 1163 &mamimus-
405 1143 451 1163 τα
475 1133 628 1176 ημέτερα
652 1129 858 1177 πραιτώρια
903 1130 912 1142 ’
938 1135 1079 1176 χρυσίου
1110 1130 1246 1177 λιτρῶν
1261 1134 1301 1165 20
1315 1134 1516 1166 tracteutae
1534 1133 1654 1177 viginti
1670 1134 1840 1168 librarum
1856 1133 1936 1168 auri
1952 1144 2104 1178 poenam
2122 1134 2314 1178 exigentur.
2361 1133 2399 1168 Si

163 1173 295 1217 ποινὴν
311 1174 595 1218 καταθήσουσιν,
616 1175 651 1209 οἱ
667 1174 705 1209 δὲ
721 1174 872 1218 ἑκάστης
890 1178 1059 1222 ἐπαρχίας
1077 1189 1245 1222 τρακτευ-
1314 1180 1433 1211 autem
1456 1177 1564 1212 iudex
1597 1179 1726 1214 missus
1758 1179 1900 1214 easdem
1929 1179 2164 1223 particulares
2194 1179 2397 1224 dispositio-

162 1222 222 1252 ταὶ
243 1219 273 1252 κ’
290 1224 432 1265 χρυσίου
455 1219 588 1265 λιτρῶν
609 1221 741 1264 ποινὴν
765 1222 1104 1266 εἱςπραχθήσονται.
1152 1222 1183 1255 εἰ
1207 1219 1246 1255 δὲ
1315 1231 1377 1256 nes
1409 1222 1445 1256 in
1476 1223 1659 1266 provincia
1690 1235 1762 1259 non
1792 1225 2035 1269 proposuerst,
2073 1224 2193 1259 decem
2226 1225 2399 1259 librarum

163 1262 182 1297 ὁ
209 1262 331 1309 ἅρχων
362 1264 597 1308 στελλομένας
622 1266 686 1300 τὰς
710 1262 818 1300 αὐτὰς
840 1267 984 1312 μερικὰς
1008 1265 1246 1302 διατυπώσεις
1314 1267 1394 1301 auri
1417 1278 1533 1311 poena
1557 1268 1784 1304 damnabitur
1813 1271 1848 1303 et
1878 1269 2127 1313 spoliationem
2159 1270 2289 1313 cinguli
2318 1279 2397 1304 sus-

162 1309 202 1342 ἐν
225 1311 268 1355 τῇ
290 1312 442 1355 ἐπαρχίᾳ
466 1311 514 1354 μὴ
532 1311 729 1355 προθήσει,
756 1311 777 1345 ι’
794 1316 938 1358 χρυσίου
955 1310 1090 1356 λιτρῶν
1115 1312 1246 1355 ποινὴν
1314 1312 1458 1356 tinebit3
1498 1313 1576 1348 eius
1613 1324 1753 1360 quoque
1789 1314 1947 1349 Officium
1982 1315 2138 1360 quinque
2173 1315 2253 1350 auri
2286 1314 2397 1350 libras

163 1353 438 1398 ζημιωθήσεται
459 1359 518 1389 καὶ
540 1357 724 1390 ἔκπτωσιν
748 1358 810 1400 τῆς
834 1356 949 1400 ζώνης
972 1354 1159 1401 ὑπομενεῖ,
1183 1358 1246 1399 τῆς
1259 1361 1300 1393 25
1316 1357 1485 1401 exigetur.

163 1397 272 1432 αὐτοῦ
290 1399 426 1440 τάξεως
442 1401 468 1433 ε’
481 1405 624 1445 χρυσίου
641 1400 776 1447 λιτρῶν
793 1402 925 1446 ποινὴν
940 1402 1244 1447 εἰςπραττομένης.

1165 1490 1324 1529 CAPUT
1348 1491 1394 1527 ΙΙ.

1379 1559 1548 1596 Iubemus
1573 1570 1656 1597 vero
1688 1561 1885 1606 specierum
1917 1561 2058 1606 quidem
2088 1562 2284 1598 illationem
2315 1573 2398 1598 mox

1314 1615 1358 1641 ex
1381 1605 1566 1651 principiis
1595 1606 1876 1652 uniuscuiusque
1904 1606 2110 1642 indictionis
2133 1608 2308 1652 incipere,
2339 1618 2395 1642 ar-

1259 1699 1300 1731 30
1314 1651 1414 1731 {iiiiii
1440 1661 1522 1687 vero
1554 1651 1723 1687 illationis
1754 1653 1879 1689 tItulos
1911 1653 2108 1688 secundum
2140 1656 2304 1698 tempora
2335 1653 2396 1689 de-

1150 1785 1306 1822 CAPUT
1331 1785 1395 1822 III.

1373 1853 1443 1888 Pro
1467 1853 1650 1889 fiscalibus
1675 1858 1794 1890 autem
1817 1854 2065 1891 collationibus
2090 1855 2302 1901 desuscepta
2325 1856 2398 1892 sive

1313 1899 1524 1934 securitates
1540 1900 1774 1944 particulares
1795 1903 1858 1934 aut
1873 1901 2052 1945 plenarias
2071 1902 2234 1937 omnibus
2250 1901 2398 1947 (modis)

230 1556 430 1601 Κελεὺομεν
461 1556 500 1592 δὲ
530 1558 599 1602 τὴν
628 1561 695 1603 μὲν
726 1561 804 1594 τῶν
827 1558 936 1594 εἰδῶν
965 1558 1164 1605 εἰςκομιδὴν
1188 1557 1243 1593 εὗ-

161 1602 258 1635 θέως
290 1604 327 1635 ἐκ
358 1607 560 1648 προοιμίων
596 1603 745 1646 ἑκάστης
778 1604 1020 1649 ἐπινεμήσεως
1053 1605 1244 1650 ἄρχεσθαι,

161 1648 241 1699 τοὺς
273 1645 312 1680 δὲ
343 1645 549 1694 ἆργυρικους
581 1648 720 1683 τίτλους
755 1650 847 1684 κατὰ
880 1651 963 1685 τους
991 1651 1133 1696 καιροὺς
1164 1651 1246 1686 τοὺς

161 1694 385 1736 ωρισμένους.

221 1847 327 1894 (Υπὲρ
360 1848 398 1884 δὲ
432 1852 510 1885 τῶν
542 1850 726 1895 δημοσίων
762 1850 978 1886 συντελειῶν
1012 1852 1076 1887 τὰς
1109 1850 1245 1896 ἄποχὰς

160 1893 238 1937 ἤτοι
262 1892 473 1940 ἀμεριμνίας
494 1895 637 1940 μερικάς
668 1910 707 1930 τε
730 1900 790 1930 καὶ
814 1895 1013 1942 πληναριάς
1044 1898 1137 1933 πᾶσι
1161 1899 1243 1944 τρό-

160 1951 240 1975 ποις
270 1941 368 1985 παρά
399 1943 474 1975 τῶν
503 1941 549 1975 τὰ
575 1940 730 1985 δημόσια
763 1939 1041 1987 ὑποδεχομένων
1068 1945 1242 1990 γίνεσθαι
1312 1944 1357 1979 ab
1381 1945 1436 1980 his
1467 1945 1527 1989 qui
1557 1944 1696 1980 fiscalia
1725 1945 1925 1990 suscipiunt
1948 1946 2027 1981 fieri
2051 1946 2250 1990 definimus,
2283 1947 2396 1981 mani-

160 1983 372 2031 διορίζομεν,
399 1984 639 2030 σημαινούσας
662 1987 728 2029 τὴν
749 1988 825 2020 τῶν
841 1988 1037 2032 χρημάτων
1056 1988 1242 2032 ποσότητα
1311 1989 1484 2025 festantes
1509 1993 1544 2024 et
1568 1990 1763 2026 solidorum
1788 1991 2022 2035 quantitatem
2049 1994 2085 2027 et
2108 1992 2306 2036 specierum
2329 2002 2396 2027 nec

160 2033 219 2063 καὶ
249 2032 325 2064 τῶν
350 2028 468 2074 εἰδῶν,
501 2028 542 2064 οὐ
574 2031 647 2076 μὴν
677 2029 767 2065 ἀλλὰ
800 2036 859 2065 καὶ
890 2034 967 2067 τῶν
998 2034 1131 2079 ἰούγων
1162 2033 1242 2077 ἦτοι
1257 2037 1298 2069 35
1313 2045 1384 2069 non
1413 2038 1448 2069 et
1475 2035 1638 2079 iugorum
1670 2035 1742 2071 sive
1771 2035 1938 2071 iuliorum
1969 2037 2040 2072 sive
2072 2037 2328 2079 centuriarum,
2359 2040 2396 2072 et

159 2076 236 2108 τῶν
260 2074 406 2110 ἰουλίων
429 2074 538 2122 ἤγουν
562 2080 789 2122 κεντουρίων,
820 2077 945 2111 καὶτὰ
971 2075 1137 2122 ὀνόματα
1165 2081 1243 2113 τῶν
1312 2079 1456 2115 nomina
1490 2080 1756 2125 possessionum
1791 2091 1859 2126 pro
1891 2081 2020 2125 quibus
2050 2082 2250 2118 functiones
2282 2082 2395 2119 susci-

160 2117 333 2163 κτήσεων,
359 2117 449 2166 ὑπὲρ
473 2121 526 2155 ὠν
550 2122 611 2155 τὰς
632 2120 833 2156 συντελείας
856 2119 1100 2165 ὑποδέχονται.
1149 2124 1180 2157 εἰ
1204 2122 1244 2157 δὲ

229 2224 254 2244 c.
272 2211 337 2244 III
357 2224 395 2244 ex
419 2212 455 2244 Β
480 2213 534 2254 56,
550 2219 592 2254 18,
608 2219 623 2244 2
648 2219 756 2246 servat
779 2213 829 2246 Β·ς
857 2215 887 2245 Τ
903 2215 933 2256 ’7,
951 2220 983 2248 21
1003 2226 1039 2257 p.
1057 2215 1122 2248 617
1148 2215 1251 2248 Zach-

160 2301 243 2336 dum
267 2300 557 2335 consuetudinem
581 2301 735 2346 sinqutis
760 2301 848 2336 locis
871 2307 1072 2348 receptam,
1104 2306 1139 2338 et
1162 2302 1251 2348 quid
1273 2314 1322 2339 ex
1343 2303 1389 2338 iis
1411 2303 1448 2338 in
1473 2314 1595 2339 arcam
1619 2304 1756 2350 inferri
1779 2305 1835 2341 vel
1856 2305 1894 2340 in
1916 2305 2070 2352 sinqulis
2085 2307 2288 2353 provinciis
2311 2308 2394 2343 dari

160 2350 223 2381 aut
246 2346 405 2391 expendi
429 2349 595 2391 oporteat
602 2359 617 2387 ;
651 2350 760 2391 atque
783 2347 834 2381 ita
858 2348 1076 2393 compositae
1099 2347 1275 2383 eiusmodi
1298 2348 1543 2394 deleqationes
1566 2349 1615 2384 ad
1631 2350 1909 2396 provinciarum
1925 2351 2118 2396 praesides
2141 2353 2264 2388 statim
2287 2353 2392 2389 initio

160 2391 332 2436 cuiusque
355 2390 562 2425 indictionis
585 2391 784 2433 mittantur,
816 2395 851 2427 et
873 2402 941 2437 per
961 2403 1022 2427 eos
1045 2393 1083 2427 in
1107 2393 1312 2428 civitatibus
1342 2393 1406 2428 sub
1431 2394 1520 2440 ipsis
1544 2395 1749 2430 constitutis
1776 2396 1873 2430 intra
1897 2407 2050 2431 mensem
2074 2395 2315 2443 Septembrem
2339 2398 2396 2434 vel

164 2436 349 2472 Octobrem
374 2439 659 2482 proponantur;
693 2436 758 2471 sed
780 2437 886 2472 etiam
917 2437 1084 2483 exempla
1116 2448 1240 2473 earum
1272 2438 1471 2474 volentibus
1501 2449 1551 2474 ex
1580 2439 1715 2475 iudicio
1743 2440 2088 2485 qloriosissimorum
2119 2442 2392 2488 praefectorum

159 2481 236 2516 sine
259 2491 363 2516 mora
387 2480 552 2522 edantur,
584 2484 623 2516 ut
645 2481 793 2516 subiecti
817 2482 1027 2528 intelleqant
1051 2483 1348 2528 quemadmodum
1373 2483 1506 2519 tributa
1537 2484 1678 2530 inferre
1701 2484 1861 2521 debeant.
1909 2485 2046 2528 Quodsi
2069 2492 2153 2522 ante
2177 2487 2391 2523 insinuatio-

159 2537 239 2561 nem
262 2526 300 2560 in
324 2525 418 2561 alios
443 2526 563 2561 titulos
588 2530 739 2577 praeter
762 2537 825 2561 eos
848 2528 910 2572 qui
927 2527 1149 2573 particulari
1173 2528 1396 2574 cteteqattone
1427 2528 1583 2564 eiusdem
1614 2530 1702 2564 anni
1725 2531 1953 2566 continentur
1982 2531 2131 2567 subiecti
2162 2533 2296 2568 tributa
2319 2533 2392 2568 sol-

160 2571 277 2607 verint
299 2571 353 2606 vel
376 2571 413 2605 in
436 2571 624 2616 provincia
647 2571 903 2617 expenderint,
936 2573 1094 2608 iubemus
1123 2583 1184 2608 eos
1208 2574 1245 2608 in
1269 2573 1425 2608 eiusdem
1455 2574 1664 2609 indictionis
1696 2575 1831 2610 tributa
1863 2574 1952 2610 haec
1974 2580 2157 2622 reputare,
2189 2581 2231 2613 ut
2253 2578 2391 2613 nullum

159 2616 327 2651 damnum
349 2616 550 2662 patiantur,
598 2615 639 2651 Si
662 2627 745 2652 vero
771 2620 930 2662 tempore
954 2629 977 2652 a
1000 2617 1104 2652 nobis
1132 2617 1280 2663 definito
1311 2618 1485 2653 eiusmodi
1511 2620 1756 2665 particulares
1779 2620 2023 2666 deleqati'ones
2053 2632 2126 2656 non
2155 2622 2229 2657 sint
2251 2622 2390 2666 missae,

185 2662 222 2696 ui
246 2671 389 2706 quoque
412 2664 570 2707 tempore
591 2661 779 2707 praetoria
804 2667 931 2697 nostra
954 2662 1187 2697 moderantur
1220 2663 1369 2709 triqinta
1395 2663 1569 2699 librarum
1593 2665 1678 2700 auri
1704 2676 1858 2710 poenam
1880 2666 2104 2711 persolvent,
2137 2678 2159 2702 a
2185 2669 2390 2704 tractatori-

159 2672 223 2742 gas
248 2710 364 2741 autem
389 2706 560 2752 cuiusque
586 2706 803 2752 provinciae
834 2707 962 2752 viqina·
985 2707 1158 2742 librarum
1183 2709 1265 2743 auri
1291 2719 1414 2754 poena
1444 2709 1626 2754 exiqetur.
1672 2708 1810 2752 Quodsi
1832 2713 2067 2757 maqistratus
2096 2712 2226 2747 missas
2248 2713 2391 2748 easdem

154 2751 400 2797 particulares
423 2751 668 2796 deleqationes
691 2751 728 2786 in
746 2753 941 2797 provincia
966 2763 1038 2787 non
1057 2754 1312 2804 proposuerit,
1345 2753 1463 2789 decem
1488 2754 1660 2789 librarum
1685 2756 1767 2790 auri
1793 2766 1915 2801 poena
1938 2756 2149 2792 multabitur
2170 2760 2205 2793 et
2228 2758 2390 2794 amissio-

158 2806 238 2832 nem
262 2796 320 2830 cz'n
349 2796 402 2830 uli
417 2797 591 2841 patietur,
617 2800 726 2842 atque
750 2796 793 2831 ab
820 2797 947 2841 officio
972 2797 1049 2832 eius
1072 2808 1231 2843 quinque
1255 2797 1429 2833 librarum
1454 2800 1539 2834 auri
1557 2810 1679 2845 poena
1704 2800 1881 2845 extqetur.

291 2807 346 2876 11?
387 2839 554 2876 Iubemus
578 2845 696 2876 autem
727 2842 925 2894 specierum
957 2842 1098 2887 quidem
1129 2842 1325 2878 illationem
1356 2844 1478 2879 statim
1502 2844 1546 2880 ab
1570 2844 1675 2880 initio
1708 2846 1881 2891 cuiusque
1904 2845 2125 2889 indictionis,
2158 2847 2392 2893 arqentarios

156 2896 240 2923 vero
267 2886 391 2921 titulos
412 2886 607 2921 secundum
632 2891 827 2921 constituta
854 2891 1014 2932 tempora
1038 2887 1207 2933 incipere.

292 2931 355 2966 111.
405 2930 658 2983 Propublicis
685 2936 807 2981 ‘autem
841 2932 983 2982 tributis
1013 2935 1055 2967 ut
1079 2931 1242 2984 apochae
1272 2934 1345 2968 sive
1367 2933 1580 2985 securitates
1610 2937 1646 2970 et
1668 2935 1918 2980 particulares
1949 2939 1985 2971 et
2011 2935 2203 2982 plenariae
2227 2937 2391 2974 omnibus

157 2976 273 3010 modis
293 2976 388 3020 fiant
411 2976 454 3010 ab
479 2986 524 3010 ns
556 2977 619 3021 qui
643 2976 778 3012 tributa
801 2978 1006 3022 suscipiunt
1035 2982 1294 3019 constituimus,
1328 2989 1420 3023 quae
1442 2978 1647 3024 szqntficent
1678 2981 1914 3024 quantitatem
1938 2981 2179 3026 pecuniarum
2201 2986 2237 3018 et
2256 2983 2390 3028 specie-

156 3031 237 3055 rum
260 3030 325 3054 nec
346 3031 419 3055 non
435 3021 602 3065 iuqorum
626 3020 684 3056 vel
703 3020 872 3056 iuliarum
898 3022 953 3057 vel
974 3022 1229 3065 centuriarum,
1253 3027 1289 3058 et
1311 3024 1457 3058 nomina
1477 3025 1746 3069 possessionum
1769 3035 1839 3071 pro
1864 3025 1992 3071 quibus
2017 3027 2152 3062 tributa
2174 3028 2387 3073 suscipiunt.

228 3112 243 3144 1
271 3107 408 3153 ἄρκλαν
433 3111 464 3142 L
491 3110 502 3152 Η
527 3112 545 3143 2
572 3107 746 3143 δίδοσθαι
770 3130 813 3134 —
839 3113 858 3144 3
883 3109 1048 3155 προςήκει
1073 3125 1130 3145 cm.
1148 3114 1239 3146 Min

158 3157 248 3188 hiatu
276 3156 316 3188 12
343 3157 399 3187 litt.
426 3154 437 3198 ΙΙ
465 3157 483 3188 7
510 3151 738 3199 ὅκτωμβρίου
763 3156 793 3188 L
818 3156 829 3199 ss
856 3158 875 3190 9
901 3155 1103 3199 *ὑπάρχων
1128 3158 1206 3191 ML
1230 3158 1241 3201 ΙΙ

161 3202 200 3234 13
224 3196 335 3232 αὐτοῦ
359 3212 415 3232 om.
442 3210 462 3236 ς
489 3199 500 3243 ΙΙ
532 3202 573 3233 14
597 3197 885 3243 καταβάλλουσιν
910 3203 940 3234 L
968 3202 980 3245 ΙΙ
1014 3204 1053 3236 15
1079 3199 1238 3245 δαπανή-

158 3255 250 3278 σωσι
275 3245 439 3287 Scrimyer
467 3244 479 3288 ΙΙ
510 3246 550 3278 16
575 3242 788 3278 ἰνδικτίονος
811 3247 854 3278 M
878 3247 890 3290 ΙΙ
922 3249 961 3281 18
985 3245 1034 3289 μὴ
1066 3260 1122 3280 om.
1149 3249 1199 3281 La
1229 3247 1240 3291 ΙΙ

158 3289 384 3332 πεμφθῶσιν
401 3290 432 3322 L
451 3291 463 3332 Η
480 3291 522 3323 22
539 3289 570 3322 κ’
589 3298 618 3323 et
633 3290 766 3331 ποινὴν
790 3303 847 3323 om.
865 3293 911 3324 M
922 3293 934 3335 ΙΙ
952 3293 994 3326 23
1013 3293 1052 3325 ἐν
1068 3292 1114 3333 τῆ
1130 3293 1239 3338 ἐπαρ-

157 3337 216 3376 χία
241 3332 479 3367 διατυπώσεις
496 3335 537 3375 L,
563 3335 602 3368 ἐν
620 3348 677 3368 om.
694 3337 725 3368 in
744 3336 862 3369 lacuna
879 3339 897 3370 5
913 3338 971 3370 litt.
987 3337 1031 3369 M
1043 3336 1054 3375 ΙΙ
1075 3339 1117 3370 24
1130 3348 1238 3382 προσ-

157 3379 265 3420 θήσει
291 3380 321 3411 L
349 3378 362 3422 ΙΙ
393 3380 435 3412 26
460 3379 761 3424 εἰσπραττομένης
782 3381 813 3413 L
856 3379 1164 3427 εἶσπραχθήσεται
1189 3384 1238 3424 Μ,

158 3426 198 3467 cf.
215 3436 234 3460 ς
250 3427 261 3466 Η
282 3426 322 3458 29
348 3423 440 3456 κατὰ
465 3423 546 3457 τοὺς
570 3422 788 3468 ὡρισμένους
808 3425 949 3471 καιρούς
969 3429 999 3459 L
1017 3427 1028 3469 Η
1047 3428 1089 3460 32
1108 3439 1148 3460 τε
1168 3430 1238 3468 καὶ]

157 3472 215 3501 aut
239 3482 257 3505 ς
279 3469 290 3512 ΙΙ
318 3470 361 3502 34
380 3468 574 3512 χρημάτων
591 3471 714 3502 MLB⁸
728 3471 805 3511 Iul]
837 3469 1072 3515 νομισμάτων
1095 3473 1170 3506 Ath.
1187 3484 1206 3509 ς
1229 3476 1238 3516 Η

157 3515 198 3547 35
220 3513 376 3559 ἶούγγων
402 3515 430 3546 L
468 3514 604 3559 ζευγῶν
629 3515 684 3559 BQ
703 3516 758 3558 (cf
786 3517 832 3548 ad
849 3529 883 3559 p.
902 3518 1034 3559 122,13)
1056 3516 1068 3560 ΙΙ
1095 3519 1137 3551 36
1161 3518 1238 3551 τῶν

157 3571 214 3592 om.
229 3560 278 3591 Bss
301 3560 312 3602 ΙΙ
340 3556 448 3603 ἤγουν
463 3560 520 3600 Μ]
547 3558 617 3592 εἴτε
642 3561 707 3592 οἶν
728 3561 810 3593 LBS

214 3695 228 3726 1
257 3694 528 3726 consuetudinem
555 3695 631 3727 add.
647 3695 740 3728 Beck
759 3694 770 3737 ΙΙ
788 3695 919 3736 quidem
943 3696 999 3737 VH
1021 3698 1040 3730 2
1065 3698 1239 3740 provincia

156 3738 232 3771 add.
249 3738 341 3771 Beck
356 3740 368 3782 ΙΙ
387 3741 456 3780 aut]
483 3742 515 3772 et
537 3740 566 3773 V
580 3738 592 3784 ss
609 3741 629 3773 4
646 3740 893 3782 provinciarum
913 3754 971 3774 om.
986 3742 1019 3775 T
1029 3742 1042 3787 ss
1060 3743 1238 3786 prooemiis

1307 3114 1406 3156 vulg]
1425 3114 1580 3154 praemiis
1603 3115 1634 3147 V
1651 3115 1769 3157 primis
1786 3116 1817 3148 T
1833 3115 1844 3158 ΙΙ
1861 3118 1879 3149 7
1893 3117 1963 3157 aut]
1984 3117 2016 3148 et
2034 3118 2066 3150 T
2079 3116 2091 3160 ΙΙ
2108 3118 2279 3150 octubrem
2301 3119 2364 3151 VT
2379 3117 2391 3164 Η

1306 3168 1451 3190 mensem
1471 3159 1515 3199 V]
1541 3169 1666 3192 menses
1692 3161 1725 3193 Τ
1732 3161 1818 3203 vulq.
1835 3160 1848 3203 ΙΙ
1870 3163 1909 3194 10
1936 3161 1988 3193 sin
2015 3162 2048 3194 T
2061 3161 2072 3204 ΙΙ
2092 3163 2133 3196 14
2153 3163 2234 3195 haec
2254 3163 2301 3205 V]
2327 3164 2389 3197 hoc

1309 3204 1435 3246 Tvulq.
1454 3203 1466 3247 ΙΙ
1487 3205 1526 3237 16
1551 3204 1742 3237 huiusmodi
1766 3224 1806 3228 —
1833 3207 1872 3239 21
1896 3205 2127 3248 dispositiones
2149 3208 2256 3250 suppl.
2279 3208 2330 3242 V2
2355 3211 2388 3242 in

1307 3255 1390 3291 spat.
1405 3261 1474 3281 vac.
1490 3251 1509 3282 5
1523 3261 1567 3282 vs.
1588 3248 1600 3293 ΙΙ
1619 3251 1658 3284 17
1675 3249 1734 3291 qui
1751 3250 1895 3292 quidem]
1914 3251 2002 3292 quod
2018 3251 2151 3292 quidem
2173 3253 2206 3285 V
2221 3253 2388 3295 quicuque

1307 3295 1376 3334 (sic,
1396 3303 1459 3334 que
1476 3295 1508 3326 in
1522 3295 1603 3335 ras.)
1618 3295 1651 3327 T
1664 3295 1676 3336 ΙΙ
1695 3296 1734 3329 18
1752 3295 1827 3327 auri
1838 3296 1841 3298 “
1852 3309 1908 3328 om.
1927 3297 1958 3328 T
1971 3296 1983 3339 ss
2004 3298 2043 3330 19
2060 3297 2162 3329 unius
2179 3308 2260 3330 uero
2277 3299 2387 3331 cuius-

1307 3348 1370 3379 que
1394 3338 1566 3380 prouincie
1591 3339 1624 3372 T
1658 3340 1920 3382 uniuscuiusque
1943 3341 2137 3382 prouinciae
2161 3352 2241 3375 uero
2264 3344 2320 3386 Vl]
2345 3346 2385 3378 20

1306 3385 1490 3416 tracteutae
1503 3384 1608 3425 Beck]
1633 3385 1737 3417 tracte
1761 3388 1800 3417 ut
1824 3388 1856 3417 et
1878 3386 1910 3418 V
1928 3388 2108 3419 tractantes
2124 3387 2157 3420 T
2175 3387 2187 3430 ΙΙ
2213 3388 2387 3429 exigantur

1309 3429 1435 3471 Tvulq.
1455 3428 1466 3471 ΙΙ
1492 3430 1531 3463 21
1558 3439 1611 3461 eas
1637 3429 1692 3474 ΤΙΙ
1721 3430 1764 3463 22
1787 3430 1959 3472 prouintia
1980 3431 2023 3472 V]
2049 3432 2241 3474 prouincias
2259 3433 2291 3465 T
2310 3444 2386 3475 pro-

1305 3473 1424 3505 vinciis
1446 3475 1533 3517 vuly.
1552 3473 1564 3517 ΙΙ
1581 3478 1826 3517 proposuerunt
1850 3477 1876 3508 V
1891 3476 1902 3519 ΙΙ
1921 3476 2110 3518 quindecim
2132 3478 2165 3510 T
2179 3477 2190 3520 ΙΙ
2215 3479 2256 3511 23
2282 3479 2385 3519 ciguli

1306 3518 1561 3560 expoliationem
1588 3520 1620 3552 T
1645 3520 1657 3564 ΙΙ
1687 3521 1730 3554 24
1761 3520 1922 3553 librarum
1946 3521 2021 3554 auri
2047 3522 2079 3554 T
2103 3522 2115 3566 ss
2145 3524 2185 3555 25
2212 3523 2386 3564 exigentur

1315 3562 1425 3597 V¹T¹
1443 3564 1454 3607 ΙΙ
1474 3565 1512 3597 27
1532 3575 1610 3597 vero
1627 3577 1684 3597 om.
1698 3565 1731 3598 T
1742 3565 1753 3609 ΙΙ
1773 3565 1905 3607 quidem
1922 3566 2106 3609 specierum
2129 3567 2161 3600 T
2174 3567 2185 3609 ΙΙ
2203 3569 2244 3602 29
2261 3568 2384 3601 illatio-

1305 3619 1378 3640 nem
1407 3610 1438 3641 T
1451 3609 1462 3652 ΙΙ
1480 3609 1598 3642 titulos
1616 3611 1858 3654 Osenbru‘yyen]
1884 3611 1992 3644 titulis
2012 3612 2080 3653 VT,
2106 3612 2244 3645 titulum
2264 3615 2348 3657 vulq.
2373 3616 2384 3658 Η

1306 3655 1348 3687 32
1373 3654 1548 3687 securitate
1572 3654 1773 3698 particulare
1794 3655 1873 3699 1721]
1899 3657 2067 3699 planarias
2094 3658 2126 3690 T
2140 3657 2152 3701 ΙΙ
2168 3657 2299 3691 *modis
2325 3660 2381 3692 ad-

1305 3700 1376 3732 didi
1392 3699 1403 3742 ΙΙ
1422 3701 1464 3733 34
1488 3701 1520 3732 et
1539 3701 1723 3743 specierum
1747 3714 1806 3736 om.
1821 3702 1854 3735 T
1866 3702 1879 3746 ΙΙ
1897 3703 1940 3736 36
1959 3702 2161 3744 functiones]
2186 3706 2219 3736 ct
2239 3704 2383 3737 functio-

1305 3755 1361 3776 nes
1387 3745 1420 3777 T
