2586 3990
244 155 351 200 Nov.
373 155 553 200 CXXXI
584 157 648 198 11.
681 156 732 197 12

243 277 329 303 πους
350 261 561 309 βουλόμεθα
584 266 762 309 προνοεῖν,
795 259 883 299 α’)’ςτε
906 263 1028 299 πάντα
1050 261 1143 297 κατὰ
1162 262 1232 307 τὴν
1252 265 1318 299 τοῦ

242 308 516 351 τελευτήσαντος
533 307 706 352 βούλησιν
729 311 951 355 προβαίνειν,
973 309 1005 342 εἰ
1020 311 1080 341 καὶ
1098 307 1145 342 τὰ
1160 305 1319 353 μάλιστα

243 353 340 399 παρὰ
371 354 447 387 τῶν
472 352 702 396 διαθεμένων
731 350 755 398 ἢ
784 355 860 388 τῶν
883 351 1152 398 δωρησαμένων
1181 350 1314 402 ἀπηγο-

241 398 356 479 §ewa
381 394 500 432 αὐτοῖς
523 399 615 439 ἔχειν
644 397 733 443 πρὸς
756 398 872 432 ταῦτά
895 410 980 432 τινα
1000 401 1204 442 μετουσίαν.

1308 150 1392 199 660

1816 168 1877 199 DE
1903 168 2253 205 ECCLESIASTICIS
2280 169 2457 203 TITULIS

1385 267 1426 300 ut
1443 263 1636 300 secuudum
1658 264 1817 301 defuncti
1832 265 2048 303 voluntatem
2070 267 2236 303 universa
2280 268 2458 312 tumidant,

1385 309 1469 344 licet
1491 308 1681 354 praecipue
1703 319 1726 345 a
1747 310 1979 348 testatoribus
2008 315 2072 348 aut
2094 312 2257 349 donatori
2283 323 2326 348 us
2348 313 2459 350 inter-

1384 354 1517 390 dictum
1538 354 1584 389 sit
1607 353 1656 390 eis
1680 354 1814 391 habere
1833 355 1880 391 ad
1901 355 1991 393 haec
2010 357 2156 403 aliquod
2179 357 2415 404 participium.

310 443 341 476 εἰ
364 440 403 476 δὲ
424 441 461 476 οἱ
476 443 592 477 ταῦτα
615 444 766 486 ποιῆσαι
789 441 1043 480 κελευσθέντες
1067 438 1167 484 ἅπαξ
1189 446 1249 477 καὶ
1266 441 1319 478 δὶς
1354 442 1411 479 53
1457 443 1495 478 Si
1517 446 1636 479 autem
1661 443 1721 488 qui
1743 442 1833 478 haec
1856 443 1974 481 facere
1995 445 2083 482 iussi
2106 450 2190 483 sunt
2215 447 2323 483 semel
2346 448 2382 483 et
2404 457 2460 484 se·

242 487 339 532 παρὰ
369 487 434 521 τοῦ
463 487 742 534 μακαριωτάτου
774 488 850 521 τῶν
873 485 1003 522 τόπων
1033 488 1230 523 ἐπισκόπου
1260 492 1319 522 καὶ

242 534 318 567 τῶν
340 531 468 566 τούτου
492 529 694 577 οἰκονόμων
719 530 778 566 διὰ
799 530 982 576 δημοσίων
1006 532 1207 576 προςοόπων
1231 530 1318 568 ὑπο-

241 577 463 621 μνησθέντες
485 574 725 622 ὑπέρθωνται
748 576 795 612 τὰ
814 575 1099 612 διατυπωθέντα
1119 576 1318 623 πληρῶσαι,

242 621 427 665 κελείομεν
457 622 602 656 τούτους
635 618 736 657 ἅπαν
765 619 884 668 κέρδος
917 620 1165 668 καταλειφθὲν
1200 619 1319 657 αὐτοῖς

1387 487 1502 523 cundo
1519 498 1542 524 a
1557 488 1760 524 beatissimo
1779 487 1940 525 locorum
1963 491 2082 535 episco
2109 503 2129 527 o
2154 493 2217 527 aut
2233 492 2339 527 huius
2357 501 2461 528 oeco-

1387 533 1499 569 nomis
1534 542 1599 586 per
1633 533 1799 586 publicas
1836 544 2008 578 personas
2047 545 2068 572 a
2094 537 2218 573 moniti
2257 537 2462 573 distulerint

1387 588 1479 622 quae
1509 578 1682 624 disposita
1716 580 1800 614 sunt
1828 578 2037 625 adimplere,
2071 581 2233 618 iubemus
2264 593 2326 618 eos
2357 591 2461 618 omne

1387 623 1525 658 lucrum
1548 623 1710 659 relictum
1740 624 1790 658 eis
1815 624 1860 659 ab
1884 633 1926 659 eo
1958 625 2018 670 qui
2041 625 2130 662 haec
2152 627 2333 672 praecepit
2356 627 2462 663 amit-

242 667 340 722 παρὰ
356 667 422 701 τοῦ
437 668 554 702 ταῦτα
570 665 802 701 κελεύσαντος
825 664 1035 710 ἀπολλύναι,
1059 667 1139 702 τοὺς
1156 665 1196 701 δὲ
1210 666 1318 702 ὁσιω-
1335 671 1374 704 10
1388 673 1470 711 tere,
1504 672 1538 703 et
1560 669 1719 704 locorum
1743 669 1928 714 episcopos
1952 679 2074 706 omnes
2097 681 2154 708 res
2177 673 2327 714 cunctis,
2359 672 2462 708 sicuti

241 723 369 747 τατους
397 712 475 747 τῶν
498 711 627 747 τόπων
658 711 874 747 ἐπισκόπους
905 711 1028 748 πάντα
1053 712 1099 746 τὰ
1123 711 1319 760 πράγματα

241 756 287 791 τοὶ
313 756 463 801 πάσαις,
487 754 536 791 ὡς
559 757 711 802 εἴρηται,
735 760 813 791 ταῖς
836 753 1020 802 εὗσεβέσιν
1043 758 1172 791 αἰτίαις
1196 755 1319 804 ἀφορι-

241 802 383 836 σθέντα
404 802 496 846 μετὰ
521 803 672 847 καρπῶν
695 805 754 836 καὶ
771 802 1003 846 ἐπαυξήσεων
1027 804 1093 836 τοῦ
1107 805 1216 844 μέσου
1240 803 1319 848 χρό-

241 860 306 882 νου
345 849 405 881 καὶ
438 848 504 882 τοῦ
539 847 850 892 μνημονευθέντος
889 845 1030 882 κέοδους
1068 845 1218 882 ἐκδικεῖν
1260 850 1319 881 καὶ

1388 713 1520 748 dictum
1543 717 1616 756 est,
1646 713 1714 759 piis
1739 714 1856 750 causis
1887 713 2095 750 distributas
2124 726 2203 752 cum
2226 717 2402 752 fructibus
2426 720 2463 751 et

1387 758 1583 802 augmentis
1615 758 1718 794 medii
1747 759 1915 803 temporis
1948 763 1984 795 et
2006 764 2196 798 memorato
2225 762 2325 797 lucro
2349 762 2462 797 vindi·

1387 813 1470 839 care
1498 805 1535 839 et
1565 813 1656 849 quae
1685 807 1836 839 testator
1866 804 2039 849 disposuit
2067 805 2277 851 adimplere,
2311 806 2463 842 scientes

1388 849 1489 893 quia,
1519 848 1550 883 si
1572 849 1806 893 neglexerint,
1837 859 1903 894 pro
1927 850 1982 885 his
2007 851 2169 886 omnibus
2202 852 2374 887 rationem
2397 851 2463 887 deo

242 889 335 937 ἅπερ
364 890 385 926 ὁ
416 889 630 945 διαθέμενος
661 890 863 946 διετῄπωσε
894 882 1067 938 πληροῦν,
1098 891 1238 928 εἰδότας
1273 891 1320 927 ὠς
1335 897 1375 929 15
1387 894 1599 938 persolvent.

241 938 272 971 εἰ
296 937 551 982 ρᾳθυμήσαιεν
575 938 665 983 νπὲρ
689 950 831 971 τουτων
855 938 1009 972 πάντων
1031 937 1139 984 λόγον
1161 938 1214 981 τῷ
1240 938 1318 981 θεῷ

241 982 266 1018 4
311 982 536 1027 παρέξουσιν.
605 983 635 1016 εἰ
656 985 781 1027 μέντοι
812 979 831 1016 ὁ
864 979 1062 1017 ὁσιώτατος
1091 983 1168 1018 τῶν
1191 979 1321 1018 τόπων

241 1028 433 1062 ἐπίσκοπος
455 1026 662 1082 παραλίποι,
678 1040 715 1061 τι
737 1028 814 1062 τῶν
837 1025 923 1071 ἡμῖν
945 1029 1173 1083 εἰρι]μένων,,
1188 1028 1320 1069 ἐξέστω

1387 983 1413 1019 4
1463 983 1502 1018 Si
1534 985 1652 1017 autem
1687 982 1929 1018 sanctissimus
1963 984 2121 1019 locorum
2159 985 2348 1031 episcopus
2381 985 2463 1021 reli-

1389 1027 1504 1073 querit
1527 1028 1660 1071 aliquid
1684 1027 1811 1062 horum
1835 1038 1925 1072 quae
1949 1038 1971 1064 a
1995 1029 2096 1065 nobis
2120 1029 2218 1066 dicta
2240 1034 2334 1073 sunt,
2359 1030 2465 1066 liceat

240 1075 301 1106 καὶ
322 1073 377 1116 τῷ
400 1070 594 1116 ὁσιωτάτῳ
619 1073 729 1106 αυτοῦ
743 1071 988 1121 μητροπολίτῃ
1012 1086 1129 1107 ταυτα
1153 1076 1321 1108 απαιτεῖν
1389 1077 1423 1109 et
1447 1072 1669 1110 sanctissimo
1693 1072 1768 1108 eius
1791 1074 2037 1118 metropolitae
2066 1075 2154 1111 haec
2177 1076 2295 1111 omnia
2325 1076 2465 1121 exigere

241 1119 301 1151 καὶ
330 1116 500 1163 πληροῦν.
547 1120 608 1151 καὶ
638 1120 750 1152 παντὶ
784 1116 824 1152 δὲ
847 1118 925 1163 έτέρ

240 1159 413 1216 ξοιαύτην
437 1163 587 1206 ζήτησιν
609 1165 722 1198 κινεῖν
745 1166 806 1196 καὶ
829 1131 1058 1206 σπουδιάζειν,
1090 1164 1151 1198 ἵνα
1174 1162 1321 1209 τρόποις

242 1219 381 1242 απασιν
405 1207 445 1242 αἱ
465 1208 632 1242 τοιαῦται
655 1204 809 1252 εὐσεβεῖς
834 1209 945 1242 αἰτίαι
969 1207 1230 1254 πληρωθῶσιν.

520 1319 545 1334 d

989 1116 1094 1153 ἄδεια
1126 1119 1221 1153 ἔστω
1251 1118 1320 1162 τὴν
1333 1121 1375 1155 20
1388 1121 1424 1154 et
1459 1118 1653 1163 complere,
1695 1120 1732 1153 et
1766 1118 1862 1153 omni
1895 1118 1965 1155 alio
2003 1119 2147 1155 licentia
2182 1121 2229 1156 sit
2263 1120 2465 1157 huiusmodi

1388 1173 1526 1198 movere
1559 1162 1801 1216 quaestionem
1830 1166 1865 1198 et
1896 1164 2054 1209 studere,
2090 1167 2130 1201 ut
2159 1165 2272 1202 modis
2303 1166 2465 1203 omnibus

1390 1218 1520 1245 causae
1542 1218 1623 1254 piae
1647 1209 1902 1254 compleantur.
2290 1234 2294 1236 -

1231 1343 1388 1379 CAPUT
1408 1342 1490 1379 XII.

308 1423 359 1457 Εἰ
382 1419 423 1457 δι’
444 1421 464 1457 ὁ
490 1421 707 1468 κληρονόμος
736 1421 785 1457 τὰ
814 1422 862 1458 εἰς
884 1419 1039 1479 εὐσεβεῖς
1068 1422 1184 1457 αἰτίας
1214 1435 1321 1457 κατα-

1456 1423 1494 1459 Si
1517 1426 1635 1458 autem
1659 1423 1762 1459 heres
1793 1433 1883 1470 qnae
1908 1424 1954 1460 ad
1977 1424 2054 1469 pias
2078 1433 2205 1460 causas
2235 1424 2360 1460 relicta
2383 1427 2467 1461 sunt

240 1466 450 1513 λελειμμένα
471 1467 521 1512 μὴ
545 1467 741 1514 πληρώσει,
772 1467 887 1515 λέγων
916 1482 984 1512 την
1013 1466 1322 1514 καταλειφθεῖσαν
1388 1479 1461 1504 non
1484 1469 1691 1514 impleverit,
1722 1469 1842 1505 dicens
1866 1469 2024 1505 relictam
2049 1469 2116 1505 sibi
2135 1469 2371 1506 substantiam
2394 1480 2468 1507 non

242 1510 341 1557 αὐτῷ
378 1516 587 1567 περιουσίαν
620 1512 669 1558 μὴ
705 1509 825 1558 ἀρκεῖν
863 1513 911 1548 εἰς
944 1511 1095 1556 ταύτας,
1134 1511 1322 1557 κελεύομεν
1335 1516 1377 1549 25
1391 1514 1556 1550 sufficere
1579 1514 1625 1549 ad
1647 1514 1734 1558 ista,
1758 1515 1995 1560 praecipimus
2018 1515 2113 1551 omni
2133 1515 2295 1550 Falcidia
2318 1519 2467 1551 vacante

241 1558 380 1594 παντὸς
413 1571 478 1592 του
514 1559 553 1593 ἐκ
592 1560 658 1593 τοῦ
691 1556 880 1604 φαλκιδίου
915 1556 1056 1604 κέρδους
1089 1557 1323 1601 σχολάζοντος

241 1600 468 1647 ὁσονδὴποτε
497 1600 632 1651 εὑρεθῇ
661 1605 701 1638 ἐν
732 1605 777 1650 τῇ
806 1601 957 1651 τοιαύτῃ
987 1601 1093 1647 οὐσίᾳ
1123 1606 1323 1649 προχωρεῖν

241 1653 396 1694 προνοίᾳ
415 1650 480 1683 τοῦ
501 1646 704 1696 ἁγιωτάτου
728 1650 805 1683 τῶν
821 1648 951 1684 τόπων
974 1648 1173 1684 ἐπισκόπου
1196 1649 1243 1683 εἰς
1258 1647 1323 1683 τὰς

242 1695 357 1729 αἰτίας
385 1694 434 1728 εἰς
459 1690 501 1728 ἃς
530 1692 815 1728 καταλέλειπται.

310 1797 364 1830 Ex
387 1796 423 1829 B
443 1803 588 1839 repetunt
611 1809 636 1830 c.
649 1796 731 1830 XII
750 1796 772 1840 ξ
791 1798 808 1831 l
827 1797 988 1830 Nemean
1001 1797 1099 1830 XIV
1110 1798 1156 1830 tit.
1170 1798 1202 1837 9,
1216 1804 1262 1839 27,

1391 1560 1557 1612 quicquid
1586 1560 1763 1613 invenitur
1789 1560 1827 1596 in
1856 1560 1922 1595 tali
1952 1560 2155 1596 substantia
2183 1559 2357 1641 proficere
2386 1571 2466 1607 pro-

1390 1605 1524 1640 msione
1548 1607 1760 1641 sanctissim
1783 1605 1941 1642 locorum
1974 1605 2135 1651 episcopi
2159 1615 2181 1641 a
2230 1615 2357 1642 causas
2389 1606 2467 1652 qui·

1390 1650 1457 1686 bus
1484 1651 1645 1686 relictum
1669 1653 1733 1686 est.

1294 1796 1314 1840 ξ
1328 1798 1348 1830 2
1364 1796 1542 1831 Nomoc.dm
1555 1797 1654 1830 XIV
1667 1798 1711 1830 tit.
1730 1798 1761 1838 2,
1773 1803 1787 1830 1
1811 1803 1841 1830 et
1868 1799 1918 1838 10,
1935 1804 1970 1836 43
2004 1810 2056 1841 pr.
2074 1797 2097 1841 ξ
2112 1800 2127 1832 1
2145 1798 2276 1841 saepius
2300 1798 2467 1831 decurtata

243 1842 293 1875 B·
317 1842 349 1874 A
365 1842 420 1883 21,
436 1849 453 1876 2
473 1853 510 1884 p.
527 1842 592 1876 218
610 1841 723 1882 Zach.‚
744 1853 798 1884 pr.
811 1860 856 1867 —
869 1841 890 1885 ξ
905 1842 924 1875 2
940 1843 983 1875 in.
1001 1843 1059 1883 (—
1071 1842 1148 1884 661,
1163 1849 1194 1875 12
1211 1841 1451 1882 ἐκποιεῖσθαι)
1477 1842 1548 1875 Ecl.
1564 1842 1648 1874 Bas.
1665 1842 1781 1875 I—X.
1805 1860 1849 1866 —
1873 1842 2059 1875 Summaria
2083 1843 2103 1885 ξ
2120 1845 2134 1877 1
2163 1844 2309 1876 exhibent
2332 1842 2465 1877 Nomoc.

243 1887 304 1920 XI
309 1887 394 1920 Vtit.
409 1888 441 1928 9,
455 1893 488 1920 27
501 1899 538 1930 ρ.
553 1887 619 1920 560
633 1886 746 1928 Pitra,
770 1881 862 1920 Ῥῡπ.
881 1888 932 1928 19,
946 1895 962 1922 7
978 1887 1048 1927 (ubi
1060 1888 1179 1920 citatur
1201 1885 1312 1931 νεαρὰ
1329 1885 1407 1932 ρη’),
1431 1887 1507 1920 Atk.
1531 1899 1681 1920 summam
1705 1893 1850 1930 repetunt
1867 1887 2032 1929 paratitlo
2054 1888 2130 1921 Alb.
2146 1889 2187 1923 17
2203 1892 2257 1928 §2-
2305 1887 2467 1922 Summam

244 1931 266 1975 ξ
279 1932 300 1965 2
324 1933 419 1966 habet
441 1931 575 1966 Nomoc.
587 1931 652 1966 XI
658 1931 742 1966 Vtit.
758 1932 789 1973 2,
801 1939 816 1966 1
834 1945 870 1975 p.
883 1933 949 1966 493
963 1932 1075 1972 Pitra;
1102 1932 1266 1967 Theodori
1286 1945 1436 1967 summam
1462 1932 1514 1966 ΒΓ

245 2064 415 2106 volumus,
445 2067 487 2099 ut
510 2064 631 2099 omnia
653 2063 846 2099 secundum
869 2063 1084 2114 voluntatem
1109 2063 1277 2109 defuncti
1295 2061 1513 2108 procedant,
1546 2062 1613 2098 etsi
1635 2062 1692 2099 vel
1712 2062 1870 2098 maxime
1896 2073 1919 2097 a
1945 2061 2173 2098 testatoribus
2203 2063 2261 2099 vel
2281 2063 2469 2102 donatori-

244 2110 270 2147 3
313 2109 379 2145 bus
408 2108 506 2145 vetiti
532 2109 676 2161 fuerint
705 2108 897 2154 quiequam
915 2118 1009 2161 'cum
1039 2109 1083 2143 izs
1114 2118 1299 2143 commune
1329 2107 1471 2143 habere.

1585 2107 1626 2142 Si
1657 2117 1740 2143 vero
1772 2108 1837 2153 qui
1865 2106 1953 2143 haec
1981 2108 2109 2153 facere
2138 2108 2230 2143 iussi
2249 2114 2335 2145 sunt
2361 2111 2471 2147 semel

244 2158 309 2190 aut
331 2153 384 2190 bis
405 2165 429 2189 α
451 2153 654 2190 beatissimo
678 2153 838 2189 locorum
863 2163 1034 2200 epzscopo
1058 2152 1204 2199 eiusque
1226 2152 1433 2204 oeconomis·
1450 2163 1517 2199 per
1531 2152 1701 2204 publicas
1715 2163 1896 2206 personas
1919 2151 2095 2188 admoniti
2116 2151 2320 2190 distulerint
2335 2156 2471 2202 exequi

245 2210 338 2246 quae
359 2202 497 2234 statuta
519 2201 620 2242 sunt,
650 2198 809 2235 iubemus
838 2208 902 2233 eos
931 2209 1034 2234 omne
1064 2198 1204 2233 lucrum
1235 2197 1280 2233 ab
1303 2208 1345 2234 eo
1370 2208 1432 2244 qut
1463 2197 1552 2233 haec
1581 2200 1686 2233 zusszt
1715 2198 1805 2243 ipsis
1834 2197 1997 2233 relictum
2020 2198 2194 2240 amittere,
2223 2199 2469 2236 sanctissimos

245 2244 364 2280 autein
393 2244 555 2279 locorum
584 2243 776 2295 episcopos
805 2254 926 2279 omnes
954 2253 1014 2279 res
1044 2242 1207 2279 omnibus
1234 2243 1310 2290 piis
1332 2243 1469 2323 οαιιιέςὲ
1496 2242 1602 2279 sicuti
1631 2242 1764 2279 dietum
1787 2247 1859 2285 est,
1889 2242 2087 2279 destinatas
2119 2253 2198 2278 cum
2218 2244 2402 2290 fructibus
2433 2249 2470 2282 et

1434 2298 1444 2322 ι
1468 2299 1491 2323 α

246 2289 471 2341 incrementis
494 2289 599 2324 medii
623 2293 794 2341 temporis
816 2292 852 2324 et
873 2288 976 2340 lucro
999 2288 1106 2341 modo
1129 2292 1326 2340 memorato
1349 2298 1407 2323 vin
1517 2334 1522 2340 ¹

245 2336 270 2371 4
314 2345 364 2378 se,
387 2344 418 2369 st
442 2333 481 2370 id
501 2333 740 2381 neqlexermt,
771 2333 816 2370 de
842 2332 899 2369 Ins
922 2333 1085 2369 ommbus
1115 2333 1182 2369 deo
1211 2337 1390 2369 rationem
1419 2332 1625 2369 reddzturos
1656 2343 1743 2369 esse.

1492 2299 1531 2323 re
1562 2291 1598 2323 et
1621 2298 1714 2334 quae
1739 2291 1890 2324 testator
1911 2287 2038 2323 statuit
2061 2287 2219 2335 implere,
2251 2299 2331 2324 cum
2351 2290 2470 2326 sciant

1846 2332 1889 2368 Si
1918 2332 2006 2379 quid
2036 2336 2154 2368 tamen
2175 2344 2299 2369 eorum
2330 2345 2423 2381 quae
2445 2346 2470 2371 a

247 2379 350 2416 nohis
373 2379 470 2415 dicta
490 2384 575 2415 sunt
597 2379 844 2416 sanctissimus
869 2378 1030 2415 locorum
1053 2390 1072 2415 e
1098 2379 1242 2425 iscopus
1258 2378 1557 2426 praetermiserit,
1585 2377 1693 2414 liceat
1715 2378 1820 2414 etiam
1843 2378 2069 2413 sanctissimo
2093 2378 2170 2413 eius
2192 2379 2469 2426 metropolitano

245 2436 288 2461 ea
317 2425 466 2476 exiqere
494 2428 531 2460 et
557 2425 703 2476 exequi.
749 2425 869 2471 Atque
900 2425 1011 2460 cuivis
1042 2435 1066 2459 a
1080 2424 1107 2459 ii
1138 2424 1244 2460 liceat
1273 2423 1449 2460 eiusmodi
1478 2423 1723 2470 quaestionem
1752 2433 1892 2460 movere
1922 2426 1958 2458 et
1979 2433 2127 2470 operam
2151 2422 2256 2467 dare,
2290 2428 2332 2461 ut
2353 2425 2471 2461 modis

246 2469 605 2550 omnibuffizusmodi
625 2480 711 2517 puae
735 2480 866 2505 causae
889 2469 1119 2516 expleantur.

506 2513 548 2550 Si
571 2525 655 2551 vero
678 2514 782 2551 heres
804 2525 898 2561 quae
921 2514 971 2550 acl
989 2514 1074 2562 pias
1096 2524 1225 2550 causas
1247 2514 1375 2551 relicta
1397 2517 1482 2549 sunt
1504 2524 1578 2549 non
1602 2518 1776 2550 executus
1797 2513 1856 2555 sit,
1887 2512 2008 2549 dicens
2030 2512 2191 2549 relictam
2214 2513 2283 2550 sibi
2304 2514 2469 2550 substan-

247 2560 332 2596 tiam
354 2560 405 2596 ad
426 2560 509 2596 illas
531 2571 604 2596 non
626 2561 810 2606 sufficere,
845 2559 1006 2596 iubemus
1035 2560 1132 2596 omni
1163 2559 1265 2595 lucro
1295 2569 1345 2595 ex
1369 2558 1534 2595 Falcidia
1564 2563 1724 2594 cessante
1754 2562 2078 2605 quantumcumque
2106 2558 2146 2593 in
2178 2558 2245 2594 tali
2268 2558 2470 2596 substantia

246 2605 426 2642 inventum
447 2605 496 2642 sit
519 2615 609 2641 cura
631 2605 852 2642 sanctissimi
871 2605 1033 2641 locorum
1056 2605 1219 2652 episcopi
1235 2604 1419 2652 prolicere
1441 2603 1490 2640 ad
1510 2614 1642 2640 causas
1665 2603 1714 2640 ad
1735 2614 1828 2650 quas
1850 2603 2014 2640 relictum
2036 2607 2102 2640 est.

314 2744 334 2776 3
358 2738 458 2786 παρὰ
481 2740 535 2783 τῷ
559 2737 768 2783 διαθεμένφ
796 2733 821 2782 ἢ
843 2739 895 2781 τῷ
921 2735 1166 2783 δωρησαμένῳ
1191 2737 1243 2772 ΒΤ
1261 2737 1275 2783 11
1301 2733 1324 2780 ἢ

246 2787 335 2829 τῶν]
358 2784 382 2830 ἢ
404 2788 464 2820 καὶ
480 2785 702 2828 Nomoc.⁶m2‚
717 2794 740 2827 1,
763 2781 786 2827 ἢ
801 2785 832 2818 A
848 2784 860 2828 11
879 2786 899 2818 4
924 2780 1023 2826 αὐτῷ
1047 2784 1098 2817 ΒΓ
1112 2784 1124 2828 11
1148 2783 1241 2826 ἔχειν
1265 2795 1324 2817 om.

248 2833 299 2867 13⁶
314 2832 327 2876 11
344 2844 430 2866 τινα
449 2845 507 2865 om.
524 2831 576 2865 ΒΓ
596 2831 609 2875 11
626 2833 645 2864 5
662 2830 815 2864 τοιαῦτα
834 2832 862 2863 S
876 2829 889 2873 11
906 2828 1159 2863 κελευσθέντες
1176 2828 1326 2871 ποιῆσαι

248 2877 301 2911 ΒΥ
313 2876 466 2912 Νοηιοορ
480 2878 540 2920 2,2
561 2878 575 2921 11
604 2877 626 2911 6
649 2876 726 2909 τῶν
747 2871 1042 2919 μακαριωτάτων
1061 2875 1110 2918 A,
1143 2885 1326 2918 μακαριω-

249 2921 360 2956 τάτου
384 2935 443 2955 om.
458 2922 486 2955 S
501 2922 514 2965 11
531 2919 730 2955 ἐπισκόπου
746 2920 823 2954 τῶν
838 2915 968 2954 τόπων
985 2921 1013 2954 S
1030 2920 1043 2963 11
1059 2922 1077 2954 ’7
1102 2918 1245 2953 τούτων
1261 2919 1293 2952 A
1315 2922 1326 2959 11

249 2964 545 3011 ὑπομνησθέντες
567 2980 625 3000 om.
638 2967 670 3000 A
687 2966 699 3009 11
717 2968 737 3000 8
751 2961 1014 3009 ὑπερτίθενται
1025 2965 1056 2999 A
1073 2965 1085 3009 11
1103 2964 1251 3007 ποιῆσαι
1265 2963 1296 2997 A
1315 2962 1328 3007 11

250 3014 270 3047 9
284 3011 423 3046 τούτοις
435 3013 595 3047 Nomoc.''⁸
607 3010 691 3064 2,111
709 3006 810 3045 ἅπαν
826 3009 870 3043 τὸ
886 3006 1007 3054 κέρδος
1022 3009 1065 3043 τὸ
1079 3007 1327 3055 καταλειφθὲν

250 3059 279 3091 S
299 3057 312 3103 11
339 3060 378 3092 10
404 3056 502 3102 παρὰ
523 3057 601 3091 τῶν
623 3068 740 3090 ταυτα
764 3052 996 3098 διαθεμένων
1019 3056 1050 3088 A
1076 3055 1089 3099 11
1111 3054 1193 3088 τοὺς
1217 3074 1259 3079 -
1287 3056 1325 3088 17

250 3102 466 3147 παρέξουσιν
489 3115 547 3137 om.
562 3101 614 3135 B!
631 3102 644 3147 11
674 3103 710 3137 11
735 3100 949 3135 ἐπισκόπους
963 3099 1041 3134 τῶν
1055 3097 1185 3134 τόπων
1201 3100 1231 3133 S
1249 3097 1328 3133 τῶν

250 3145 474 3189 ἐπισκόπων,
499 3160 557 3181 om.
574 3144 703 3181 τόπων
728 3145 806 3190 L‘ss
827 3143 875 3179 τὰ
898 3144 973 3190 πρά
996 3157 1095 3189 ματα
1118 3142 1240 3179 πάντα
1263 3144 1295 3178 A
1316 3141 1329 3188 1

254 3194 294 3227 12
314 3191 360 3226 τὰ
386 3205 444 3226 om.
459 3192 512 3235 811
530 3187 724 3235 εὐσεβείαις
740 3189 894 3225 Nemee-‘¹
902 3192 956 3230 2‚1
973 3157 1046 3234 {13
1066 3189 1159 3234 μετὰ
1179 3188 1328 3234 καρπῶν

252 3234 477 3279 ἐπαυξήσεως
499 3236 653 3272 Nomoc.⁶
667 3238 698 3277 2,
712 3243 728 3270 2
755 3235 768 3281 11
800 3238 840 3270 15
864 3231 1006 3270 εἰδότας
1028 3254 1071 3260 --
1102 3237 1144 3269 20
1168 3233 1329 3279 πληροῦν

254 3296 310 3316 οηι.
325 3284 362 3323 S,
387 3279 529 3316 εἰδότας
551 3278 601 3315 ὥς
616 3281 648 3314 εἰ
663 3279 917 3337 ῥᾳθυμήσαιεν
941 3294 998 3314 om.
1011 3280 1091 3325 A‘ss
1111 3281 1150 3315 16
1174 3280 1227 3322 τῷ
1247 3277 1327 3321 θεῷ’

254 3341 311 3360 om.
328 3328 376 3361 13⁶
392 3328 405 3371 11
425 3330 462 3362 Π
481 3327 512 3360 εἰ
529 3329 654 3370 μέντοι
677 3322 711 3368 ό]
735 3338 766 3359 ει
782 3328 905 3369 μέντοι
919 3324 1071 3360 Νοιηοο.α
1087 3327 1142 3367 2,1
1168 3321 1188 3358 ὁ
1205 3326 1330 3369 μέντοι

255 3373 474 3414 Nemean-21
499 3371 530 3405 εἰ
548 3372 615 3416 μὲν
633 3369 653 3404 ὁ
666 3371 827 3406 Νοηιοε.’”
840 3373 898 3413 2,2
914 3369 927 3415 11
948 3372 988 3405 18
1006 3367 1245 3415 παραλελίποι
1259 3369 1328 3412 (sie)

255 3417 406 3450 Νοηιοο.ιι
421 3419 453 3457 2,
466 3425 483 3451 2
504 3417 516 3457 11
542 3413 641 3460 ἡμῖν]
665 3415 733 3450 νῦν
756 3417 917 3450 Nemee-m
928 3417 985 3457 2‚1
1005 3415 1017 3459 11
1045 3417 1085 3450 19
1108 3417 1168 3448 καὶ
1193 3427 1250 3448 om.
1264 3414 1296 3448 L
1317 3413 1332 3458 11

255 3460 382 3502 ταῦτα]
405 3458 530 3496 πάντα
552 3462 584 3495 A
618 3462 699 3495 haec
719 3461 830 3494 omnia
854 3461 960 3505 ς1120
983 3461 1085 3494 ἔσται
1108 3461 1140 3493 L
1164 3459 1178 3503 11
1204 3461 1244 3494 21
1271 3458 1332 3493 ἵνα

256 3505 402 3548 τρόποις
426 3502 574 3548 ἅπασιν]
606 3502 755 3550 τρόποις
775 3501 915 3540 ἅπασιν
938 3500 1038 3540 ὅπως
1060 3504 1120 3549 All
1147 3506 1188 3539 22
1212 3503 1330 3539 τοιαῦ·

257 3561 318 3582 ται
333 3563 391 3583 om.
405 3563 424 3587 ς
439 3549 452 3595 Ι
471 3551 582 3583 αἰτίαι
594 3569 637 3576 -
652 3551 693 3585 23
706 3547 860 3595 εὗσεβεῖς
876 3564 933 3585 om.
944 3551 992 3584 M
1007 3549 1021 3595 Ι
1039 3551 1081 3584 23
1094 3548 1159 3583 τὰς
1171 3549 1332 3584 Νοηιοε.”ι

260 3594 317 3633 2,2
335 3595 347 3634 11
363 3597 406 3629 24
427 3593 598 3641 πληρώσῃ
614 3596 643 3629 S
678 3597 808 3639 lerique,
826 3595 873 3630 B!
897 3593 1118 3639 ἐκπληρώσει
1130 3593 1309 3628 Nomoc.‘¹”⁸
1318 3591 1332 3638 11

262 3639 303 3671 25
325 3636 452 3672 οὐσίαν
472 3640 521 3673 B·
535 3643 594 3673 υ.ί.
612 3640 625 3683 11
642 3609 810 3686 ἐπαρκεῖν
822 3639 1039 3675 ΑΝοηιοε-ᾶω
1054 3640 1067 3683 11
1084 3639 1143 3681 εἰς]
1164 3638 1254 3684 πρὸς
1270 3639 1320 3674 Β’

262 3693 319 3715 om.
334 3683 371 3723 S,
395 3684 611 3735 Nomocfflpr.
626 3685 687 3726 2,2
703 3685 716 3728 Ι
732 3683 876 3727 ταύτας]
902 3681 1009 3719 αὖτὰς
1032 3684 1067 3717 Β
1103 3685 1218 3718 ταῦτα
1242 3684 1271 3718 S
1278 3695 1298 3721 ς
1325 3681 1331 3729 1

263 3726 305 3760 26
339 3726 474 3760 παντὸς
507 3739 572 3762 του
612 3728 651 3761 ἐκ
684 3729 747 3762 τοῦ
781 3727 968 3774 φαλκιὸίου
1002 3725 1155 3773 κέρδους]
1193 3726 1331 3763 παντὸς

1391 2735 1678 2817 ἰτςοΑιἿΙΙᾳΙιῖοιιλκιδίοιὲΙ
1690 2739 1816 2817 (laima
1839 2738 1868 2772 S
1901 2737 1992 2817 01Ξᾶιὶ
2016 2736 2180 2815 FaltZditat
2191 2748 2216 2816 :⁹¹
2221 2736 2246 2816 511
2272 2739 2313 2772 27
2336 2735 2470 2793 εὑρεθῇ

1393 2829 1459 2862 SA
1469 2829 1499 2862 L
1508 2785 1697 2870 ὲςῗυὲἒτξ
1709 2796 1765 2862 'in
1775 2828 1787 2872 ιι
1804 2784 2074 2863 έὲρέὸιωῖῖἒῖἶὲι
2098 2795 2188 2860 «εἴ
2197 2782 2471 2862 τόᾷλῖῗέαἴέῧ

1392 2872 1522 2908 τόπων
1545 2869 1750 2908 ὁσιωτάτου
1769 2874 1810 2914 A,
1832 2886 1890 2907 om.
1905 2873 1954 2906 B·
1971 2872 1984 2917 11
1999 2871 2139 2913 τόπων]
2165 2869 2376 2906 ἐπισκόπων
2400 2873 2470 2907 Νο-

1394 2924 1497 2953 moe-”¹
1511 2921 1543 2962 2,
1556 2926 1573 2952 2
1599 2919 1611 2960 11
1633 2917 1846 2954 ἐπισκόπων
1859 2917 2013 2953 Nemee-‘¹
2022 2930 2076 2961 pr.
2093 2919 2124 2959 2,
2137 2924 2153 2952 2
2178 2916 2191 2961 11
2216 2917 2264 2951 εἰς
2290 2936 2331 2942 -
2356 2919 2398 2952 29
2416 2913 2469 2960 ἃς]

1393 2963 1440 2998 εἰς
1463 2959 1505 2998 ἃς
1528 2963 1643 2998 αἰτίας
1666 2965 1696 2997 A

1463 3099 1483 3132 2
1506 3098 1683 3142 praecipue
1738 3104 1786 3130 ost
1815 3095 2031 3130 donatoribus
2063 3096 2134 3129 coll.
2162 3094 2196 3128 Τ
2218 3093 2231 3139 11
2260 3105 2280 3127 ε.
2303 3106 2361 3128 om.
2383 3095 2437 3129 V·
2458 3093 2472 3140 11

1396 3144 1415 3177 3
1433 3142 1503 3176 eius
1522 3143 1573 3176 Τι
1590 3142 1602 3187 11
1621 3145 1681 3175 hoc
1697 3110 1735 3175 Ji)
1749 3141 1762 3186 11
1777 3143 1796 3175 5
1811 3144 1897 3175 rubr.
1914 3141 1952 3174 Si
1967 3139 2101 3174 heredes
2117 3140 2222 3182 (heres
2237 3139 2282 3181 R)
2297 3139 2386 3183 piam
2402 3140 2470 3174 dis-

1394 3188 1592 3230 positionem
1615 3186 1744 3232 inplere
1767 3187 1938 3220 noluerint
1961 3185 2122 3229 (noluerit
2145 3185 2190 3227 R)
2214 3184 2247 3218 R
2261 3185 2292 3218 T
2311 3186 2342 3219 in
2366 3197 2469 3230 marq.

1396 3235 1446 3275 (ex
1458 3234 1534 3275 Iul.)
1551 3233 1563 3277 11
1580 3233 1760 3267 secundum
1778 3232 1829 3266 T¹
1845 3232 1858 3276 11
1875 3233 1896 3266 6
1911 3231 2066 3275 episcopo
2082 3230 2323 3273 (episcoporum
2341 3230 2404 3271 13⁰)
2419 3229 2470 3264 lo-

1396 3284 1510 3311 corum
1528 3278 1606 3311 RV
1621 3278 1634 3322 11
1661 3281 1678 3312 7
1703 3276 1877 3310 ammoniti
1897 3278 1929 3311 Τ
1954 3276 2092 3310 amoniti
2115 3273 2185 3352 RH
2210 3275 2229 3309 8
2254 3274 2390 3318 implere
2410 3275 2473 3326 Vn

1396 3334 1492 3356 omne
1516 3336 1574 3358 om.
1586 3323 1620 3356 R
1636 3322 1649 3367 11
1666 3325 1687 3357 9
1702 3322 1857 3356 relictum
1873 3322 2003 3355 luorum
2021 3321 2054 3354 Τ
2064 3321 2077 3365 11
2095 3330 2161 3362 quo
2204 3319 2252 3353 Τι
2268 3319 2282 3362 11
2301 3321 2341 3354 10
2358 3322 2470 3352 onnon

1396 3368 1559 3408 (defuncti
1582 3367 1632 3402 Β8
1654 3381 1681 3402 s.
1697 3370 1740 3410 v.)
1763 3367 1862 3401 sicuti
1884 3367 1918 3400 R
1952 3366 2053 3399 sicuti
2076 3364 2188 3399 ounoti
2219 3364 2253 3398 V
2273 3364 2286 3408 11
2316 3365 2359 3399 14
2378 3363 2468 3404 ning-

1395 3412 1539 3446 lexerint
1564 3413 1615 3447 T¹
1632 3413 1644 3457 11
1664 3415 1704 3448 15
1728 3412 1923 3456 prosoluent
1939 3412 1970 3445 R
1993 3410 2216 3455 pei-soluerint
2240 3409 2273 3442 T
2279 3409 2291 3430 ¹
2306 3408 2321 3453 Ι
2338 3409 2377 3442 17
2391 3415 2467 3439 σιει-

1397 3458 1618 3491 etissimorum
1640 3458 1693 3491 13⁰
1721 3458 1734 3502 11
1761 3459 1803 3492 20
1827 3457 1888 3490 alii
1918 3457 1969 3490 V³
1979 3456 2029 3490 T²
2039 3457 2127 3500 ναῖς.
2152 3454 2166 3499 fl
2192 3451 2359 3487 licentium
2383 3450 2433 3484 T*
2454 3450 2468 3495 11

1398 3504 1441 3536 22
1463 3503 1538 3545 piae
1557 3516 1616 3536 om.
1630 3503 1664 3536 R
1680 3503 1693 3547 11
1712 3502 1927 3547 mopleantur
1945 3501 1997 3535 T¹
2014 3500 2027 3545 11
2043 3502 2085 3536 23
2098 3502 2185 3535 rubr.
2209 3498 2247 3531 Si
2261 3497 2353 3530 here·
2367 3497 2467 3547 testa-

1397 3547 1479 3580 toris
1508 3547 1728 3581 substantiam
1759 3548 1801 3581 ad
1829 3548 1903 3592 pias
1934 3557 2047 3580 causas
2077 3555 2145 3578 non
2168 3541 2315 3577 sumcere
2347 3539 2468 3573 duent

1400 3593 1430 3625 R
1448 3593 1481 3626 in
1497 3604 1599 3637 νισι-9.
1614 3594 1667 3635 (ex
1680 3593 1758 3633 Iul.)
1797 3593 1834 3627 Si
1856 3591 2022 3626 testatori·
2043 3589 2227 3624 substantia
2246 3584 2376 3618 dicatur
2399 3595 2466 3618 11011

1396 3636 1545 3671 sufficere
1573 3638 1615 3671 ad
1641 3637 1706 3672 ista
1739 3638 1824 3672 Tin
1843 3650 1945 3689 marq.
1972 3636 1987 3680 Ι
2013 3635 2062 3677 Si]
2095 3633 2133 3668 Si
2155 3630 2229 3682 qni?
2247 3629 2322 3681 ,Vll
2350 3631 2393 3664 24
2416 3640 2467 3663 ΥΒ·

1397 3681 1477 3715 licta
1499 3682 1550 3716 Β*
1604 3684 1647 3717 26
1670 3683 1842 3726 quioquid]
1866 3692 1924 3724 qm
1946 3679 2028 3729 quid
2047 3677 2111 3723 R}
2128 3684 2321 3722 prouuione
2342 3674 2386 3716 V]
2405 3685 2466 3718 pro

1398 3727 1542 3761 iussione
1604 3728 1637 3762 Τ
1644 3728 1732 3772 vulq.
