2586 3990
261 144 367 189 Nov.
397 145 510 189 CXV
538 156 597 200 pr.

263 354 287 385 ll
313 352 549 394 ΔΙΑΤΑΞΙΣς
574 351 670 385 Exffl
696 352 924 386 ΚΕΦΑΛΑΙΑ.
967 350 1024 383 ΤΟ
1054 349 1243 384 ΠΡΩΤΟΝ·
1277 350 1333 384 EN

259 398 328 431 ΤΗΙ
355 397 563 430 ΕΞΕΤΑΣΕΙ
587 396 673 431 ΤΩΝ
700 396 928 431 ΕΚΚΛΗΤΩΝ
962 395 1030 428 ΚΑΙ
1053 394 1141 428 ΤΩΝ
1165 394 1333 429 ΑΝΑΨΗ-

262 442 493 476 ΛΑΦΗΣΕΩΝ
528 442 595 475 ΚΑΙ
627 441 712 475 ΤΩΝ
748 443 801 475 ΕΚ
824 440 909 475 ΤΩΝ
934 439 1146 473 ΔΙΚΑΣΤΩΝ
1171 440 1333 474 ΑΝΑΦΟ-

262 488 342 520 ΙὨΝ
377 488 457 520 “AT
487 487 701 520 ΕΚΕΙΝΟΥΣ
736 486 846 520 'rom
877 484 1056 519 ΝΟΜΟΥΣ
1083 484 1333 519 ΤΕΜΝΕΣΘΑΙ
1370 489 1388 520 5

259 532 340 565 ΤΑΣ
362 531 605 566 ΥΠΟΘΕΣΕΙΣ
627 532 737 565 ΤΟΥΣ
763 530 1039 565 ΚΡΑΤΟΥΝΤΑΣ
1073 529 1126 563 EN
1152 529 1223 563 ΤΩΙ
1249 531 1333 563 ΚΑΙ-

261 578 329 610 Pul
363 577 447 610 ΊῊΣ
483 576 639 611 ΨΗΦΟΥ
675 576 701 609 Η
737 576 820 609 ΤΗΣ
855 573 1106 616 ΜΗΝΥΣΕΩΣ,
1146 575 1203 608 ΟΥ
1238 574 1332 610 ΜΗΝ

265 657 287 659 -
503 621 615 655 'rom
640 620 833 654 ΥΣΤΕΡΟΝ
856 619 1093 654 ΤΕΘΕΝΤΑΣ.

259 665 295 699 Β.
345 666 383 699 El
414 665 499 699 ΤΩΝ
530 664 839 700 ΔΙΚΑΖΟΜΕΝΩΝ
874 665 930 699 ΤΟ
963 664 1019 698 EN
1052 664 1199 698 ΜΕΡΟΣ
1227 663 1332 698 ΑΠΟ-

259 711 439 744 ΤΑΞΗΤΑΙ
473 711 570 744 ΤΑΙΣ
593 710 907 744 ΔΙΚΑΙΟΛΟΙἾΑΙΣ
931 708 1246 750 ΑΡΚΟΥΜΕΝΟΝ,
1274 708 1332 743 ΤΟ
1347 711 1387 744 10

259 756 314 789 ΔΕ
340 756 508 790 ΕΤΕΡΟΝ
532 755 811 790 ΥΠΕΡΤΙΘΕΤΑΙ
839 754 895 789 ΩΣ
918 755 1003 788 ΟΥΚ
1025 754 1332 796 ΑΡΚΟΥΜΕΝΟΝ,

259 802 288 832 Ο
324 801 533 835 ΔΙΚΑΣΤΗΣ
571 800 728 835 ΔΙΔΟΊῺ
767 800 850 834 ΕΝΑ
890 800 958 833 ΚΑΙ
998 799 1223 833 ΔΕΥΤΕΡΟΝ
1264 799 1332 833 ΚΑΙ

258 846 413 879 ΤΡΙΤΟΝ
438 846 559 879 ΜΗΝΑ
584 845 876 886 ΠΡΟΘΕΣΜΙΑΝ,
897 844 1066 878 ΤΟΥΤΩΝ
1093 845 1147 878 ΔΕ
1175 844 1333 878 ΠΑΡΕΛ-

260 890 433 925 ΘΟΝΤΩΝ
481 891 644 925 ΜΗΚΕΤΙ
689 890 972 968 ΑΝΑΜΕΕΝἏΕΤΩ,
1018 892 1133 924 ΑΛΛΑ
1171 889 1333 923 ΨΗΦΟΝ

262 979 295 1013 Ρ.
340 980 466 1015 ΑΙΤΙΑΙ
489 980 589 1014 ΤΟΙΣ
612 979 794 1014 ΓΟΝΕΥΣΙ
825 979 908 1013 ΤΗΣ
933 979 1041 1013 ΚΑΤΑ
1063 977 1151 1012 ΤΩΝ
1174 977 1333 1013 ΠΑΙΔΩΝ

257 1061 291 1065 --
557 1025 754 1059 ΕΥΛΟΓΟΥ
775 1024 1035 1059 ΑΧΑΡΙΣΤΙΑΣ.

260 1072 296 1104 Δ.
343 1069 470 1103 ΑΙΤΙΑΙ
500 1069 599 1104 ΤΟΙΣ
635 1070 747 1103 ΠΑΙΣΙ
782 1070 865 1104 ΤΗΣ
896 1069 1007 1103 ΚΑΤΑ
1040 1068 1127 1103 ΤΩΝ
1158 1067 1332 1103 ΓΟΝΕΩΝ

259 1150 287 1154 -
556 1115 753 1149 ΕΥΛΟΓΟΥ
775 1114 1033 1149 ΑΧΑΡΙΣΤΙΑΣ.

259 1159 297 1192 E.
344 1158 455 1192 ΩΣΤΕ
485 1160 596 1193 ΤΟΥΣ
630 1160 921 1194 ΠΕΝΘΟΥΝΤΑΣ
958 1159 1026 1193 ΚΑΙ
1059 1158 1171 1192 ΤΟΥΣ
1202 1157 1333 1192 ΠΡΟΣ·
1346 1161 1387 1193 20

259 1204 458 1238 ΗΚΟΝΤΑΣ
481 1206 633 1239 ΑΥΤΟΙΣ
661 1205 801 1239 ΕΝΤΟΣ
822 1205 910 1239 ΤΩΝ
929 1203 1101 1238 ΕΝΑΤΩΝ
1126 1204 1180 1237 ΕΚ
1196 1203 1333 1237 ΜΗΔΕ-

259 1249 364 1284 ΜΙΑΣ
393 1250 533 1284 ΑΙΤΙΑΣ
564 1250 831 1284 ΣΥΝΕΧΕΣΘΑΙ
854 1250 883 1283 Η
908 1248 1332 1284 ΥΠΟΜΙΜΝΗΣΚΕΣΘΑΙ.

261 1310 298 1347 ς.
331 1305 429 1339 ΠΕΡΙ
456 1305 794 1340 ΑΝΤΙΦΩΝΗΣΕΩΝ
819 1306 887 1340 ΚΑΙ
912 1304 1185 1346 ΟΜΟΛΟΓΙΩΝ,
1209 1305 1249 1338 ΕΙ
1265 1304 1333 1337 ΤΙΣ

259 1350 551 1385 ΑΝΤῘΦΩΝΗΣΕΙ
587 1351 614 1384 Η
650 1351 948 1385 ΟΜΟΛΟΓΗΣΕΙ·
982 1351 1039 1385 ΤΟ
1071 1350 1230 1384 ΙΚΑΝΟΝ
1262 1350 1331 1382 ΣΟΙ

259 1394 383 1439 ΠΟΙΩ,
413 1396 442 1430 Η
473 1397 531 1430 ΤΟ
553 1396 714 1430 ΙΚΑΝΟΝ
746 1396 815 1430 ΣΟΙ
840 1396 1076 1431 ΓΕΝΗΣΕΤΑΙ
1106 1395 1189 1429 [ΙΑΡ
1213 1395 1333 1429 ΕΜΟΥ
1347 1397 1388 1428 25

261 1441 328 1475 ΚΑΙ
360 1441 501 1475 ΤΟΥΔΕ
533 1441 602 1475 ΚΑΙ
631 1441 790 1483 ΤΟΥΔΕ,
825 1442 852 1475 H
884 1442 953 1476 ΚΑΙ
982 1442 1039 1475 ΤΟ
1070 1440 1230 1474 ΙΚΑΝΟΝ
1262 1439 1332 1473 ΣΟΙ

333 1486 571 1521 ΓΕΝΗΣΕΤΑΙ
596 1486 678 1520 ΠΑΡ
702 1486 824 1522 ΕΜΟΥ
846 1487 873 1520 Η
897 1486 982 1521 ΤΟΥ
983 1486 1037 1520 ΔΕ
1061 1486 1089 1519 Η
1112 1485 1263 1519 ΤΟΥΔΕ.

258 1538 296 1575 ‘0
320 1537 428 1576 αὐτὸς
450 1541 618 1586 βασιλεὺς
642 1540 809 1585 Θεοδότῳ
836 1541 982 1587 ἐπάρχῳ
1006 1542 1084 1576 τῶν
1106 1538 1334 1574 ἀνατολικῶν

611 1586 719 1632 ἱερῶν
741 1591 986 1632 πραιτωρίων.

1348 936 1389 970 15

326 1653 621 1698 (Προοίμιον.>
661 1649 800 1687 ἶΗλθέν
830 1654 877 1688 εἰς
904 1655 1043 1700 γνῶσιν
1071 1654 1134 1696 τῆς
1166 1648 1335 1696 ἡμετέρας
1347 1655 1389 1687 30

258 1696 516 1742 γαληνότητος,
542 1696 591 1733 ώς
613 1696 711 1741 δίκης
733 1699 941 1742 κινηθείσης
962 1698 1097 1743 μεταξὺ
1121 1695 1334 1732 Εὗσταθίου

1326 136 1412 183 534

1840 152 1898 183 u‘r
1926 152 2018 183 cum
2050 151 2106 182 ms
2134 133 2472 181 APPELLAnome

1757 280 1864 318 CXV.
1916 282 2024 318 Auth.
2040 281 2131 318 CXI.
2157 281 2245 317 Coll.
2254 280 2341 316 VIII
2359 280 2413 316 tit.
2431 282 2471 316 12

1402 349 1443 392 Rg
1474 348 1532 381 UT
1563 347 1658 380 CUM
1692 349 1751 381 DE
1781 350 2128 384 APPELLATIONE
2160 349 2473 383 COGNOSCITUR

1403 393 1650 426 SECUNDUM
1690 393 1822 426 ILLAS
1860 394 2007 428 LEGES
2046 396 2228 428 DEBEAT
2265 394 2472 427 IUDICARI

1402 439 1524 475 QUAE
1547 438 1764 472 TEMPORE
1794 439 1945 471 DATAE
1973 439 2262 474 SENTENTIAE
2287 440 2472 472 OBTINE-

1404 484 1535 523 ΒΑΝΤ,
1559 483 1655 516 NON
1670 483 1918 516 SECUNDUM
1941 484 2025 518 EAS
2044 485 2165 522 QUAE
2182 486 2354 518 POSTEA
2371 485 2472 517 PRO·

1446 528 1696 562 MULGATAE
1720 529 1848 571 SUNT,
1870 528 1931 562 ET
1953 529 2016 562 DE
2039 530 2159 563 ALIIS
2185 529 2434 564 CAPITULIS.

1689 1539 1786 1575 Idem
1810 1542 1899 1584 Aug.
1926 1539 2112 1575 Theodoto
2132 1550 2191 1585 pp.

1457 1651 1638 1704 <Pr-pesa
1649 1651 1745 1694 tio.)
1790 1651 1956 1687 Pervenit
1979 1652 2024 1686 ad
2049 1652 2231 1687 scientiam
2255 1654 2398 1687 nostrae
2418 1661 2474 1687 se-

1402 1700 1577 1737 remtatls,
1614 1696 1707 1740 quod
1740 1696 1855 1741 (cum)
1888 1697 1982 1732 inter
2010 1697 2238 1732 Eustathium
2272 1696 2384 1732 virum
2419 1707 2474 1732 re-

259 1744 323 1775 τοῦ
357 1742 640 1789 θεοφιλεστάτου
671 1742 872 1778 ἐπισκόπου
900 1745 963 1787 τῆς
1000 1742 1076 1777 Τλῶ
1106 1741 1246 1777 πόλεως
1275 1744 1335 1775 καὶ
1402 1741 1680 1776 verentissimum
1712 1741 1824 1777 Tloae
1856 1742 2007 1777 civitatis
2039 1743 2243 1787 episcopum
2274 1744 2311 1777 et
2339 1741 2475 1777 Pistum

260 1791 395 1822 Πίστου
433 1786 599 1822 διακόνου
633 1790 696 1831 τῆς
735 1788 966 1832 Τελμησσέων
1001 1787 1182 1831 ἐκκλησίας
1217 1789 1335 1832 ψῆφος
1402 1787 1590 1822 diaconum
1620 1786 1792 1822 ecclesiae
1815 1786 2057 1822 Telmissenae
2087 1787 2215 1822 fuisset
2247 1797 2356 1822 cauea
2381 1797 2473 1822 com-

261 1829 451 1875 αὐτοτελὴς
473 1832 639 1879 προῆλθε
663 1833 762 1878 παρὰ
780 1835 844 1868 τοῦ
861 1835 924 1876 τῆς
939 1835 1108 1879 ἐπαρχίας
1129 1830 1333 1878 ἡγουμένου,
1401 1834 1513 1874 mota,
1542 1831 1717 1876 processit
1745 1842 1767 1866 a
1789 1836 1927 1866 rectore
1957 1832 2161 1876 provinciae
2191 1832 2372 1867 definitive.
2395 1842 2474 1867 sen-

259 1874 354 1912 xast'
372 1870 412 1921 ἧς
426 1877 591 1922 ἔκκλητος
613 1876 787 1921 ἐπεδόθη.
834 1877 871 1913 οἱ
892 1877 1059 1912 δικασταὶ
1080 1881 1216 1921 τοίνυν,
1240 1875 1330 1921 παρ’
1345 1880 1388 1912 35
1402 1876 1532 1919 tentia,
1558 1879 1683 1911 contra
1707 1887 1812 1921 quam
1836 1876 2027 1920 appellatio
2048 1881 2102 1911 est
2117 1881 2294 1921 porrecta.
2334 1876 2474 1912 Iudices

311 1946 395 1980 Νου.
414 1946 686 1987 CXV(Aut}1ent.
705 1947 794 1980 CXI
801 1964 846 1976 =
861 1947 941 1980 Gall.
959 1932 1106 1980 VIIItit.
1122 1947 1178 1979 12:
1199 1946 1311 1989 yloss.)
1333 1945 1458 1979 Graece
1475 1952 1561 1978 extat
1576 1946 1608 1978 in
1627 1945 1710 1986 ML,
1726 1946 1765 1977 A
1771 1946 1804 1987 s
1819 1945 1899 1978 216*
1911 1942 2040 1986 (τίτλος
2055 1945 2203 1987 ἔνατος),
2220 1946 2376 1988 pleraque
2393 1947 2425 1977 in
2439 1946 2475 1978 B

260 1993 362 2024 variis
380 1993 468 2032 locis,
492 2004 612 2033 maqna
633 2004 714 2034 pars
735 1994 766 2024 in
787 1992 940 2024 Prochiro
957 1999 986 2024 et
1003 1993 1206 2033 Epanayoqe
1222 1993 1264 2029 (υ.
1283 1992 1394 2032 infra).
1407 2009 1451 2014 —
1476 1991 1563 2032 Epit.
1581 1991 1700 2022 Thena,
1716 1991 1789 2023 115.
1816 1991 1933 2022 Arban.
1948 1992 1979 2025 7.
1994 1998 2005 2022 ἰ
2018 1991 2071 2028 (Q).
2111 1990 2232 2022 Iulian.
2247 1998 2343 2023 const.
2360 1990 2473 2046 CVII-

1319 2087 1430 2123 CXV.

261 2160 359 2192 HAEG
388 2160 636 2192 CONSTITUTIO
672 2159 745 2191 SEX
764 2158 892 2191 HABET
921 2158 1070 2190 GAPITA:
1098 2158 1265 2197 PRIMUM,
1301 2158 1350 2189 UT
1370 2157 1413 2189 IN
1435 2157 1694 2188 EXAMINANDIS
1717 2157 2060 2189 APPELLATIONIBUS
2089 2159 2139 2189 ET
2160 2157 2476 2190 RETRAGTATIONI-

259 2206 331 2237 BUS
361 2205 412 2236 ET
438 2205 716 2237 RELATIONIBUS
746 2202 911 2236 IUDICUM
940 2203 1145 2235 SECUNDUM
1172 2203 1282 2235 ILLAS
1313 2202 1432 2234 LEGES
1461 2201 1605 2233 GAUSAE
1633 2201 1871 2233 DEGIDANTUR
1909 2202 2010 2238 QUAE
2041 2203 2215 2235 TEMPORE
2241 2203 2478 2235 SENTENTIAE

678 2249 747 2281 VEL
771 2249 996 2280 RELATIONIS
1019 2248 1224 2286 VALEBANT,
1249 2248 1377 2284 NEQUE
1402 2247 1496 2278 VERO
1521 2247 1622 2283 QUAE
1644 2246 1783 2278 POSTEA
1807 2246 1929 2278 LATAE
1949 2247 2055 2279 SUNT.

260 2296 290 2328 2.
338 2296 377 2326 SI
397 2295 540 2326 ALTERA
572 2295 663 2326 PARS
695 2294 948 2326 LITIGANTIUM
982 2293 1176 2325 CONTENTA
1205 2292 1531 2324 ALLEGATIONIBUS
1559 2291 1790 2329 RENUNTIET‚
1825 2292 1967 2323 ALTERA
2003 2292 2191 2324 DIFFERAT
2225 2292 2370 2324 UTPOTE
2399 2294 2479 2326 NON

261 2341 473 2379 CONTENTA,
505 2340 626 2372 IUDEX
649 2339 762 2372 UNIUS
791 2339 842 2370 ET
862 2338 1046 2370 ALTERIUS
1076 2339 1127 2370 ET
1151 2338 1278 2370 TERTII
1299 2337 1436 2369 MENSIS
1459 2336 1696 2368 DILATIONEM
1717 2337 1801 2374 DET,
1833 2336 1898 2368 HIS
1918 2337 2049 2370 AUTEM
2069 2337 2366 2370 PRAETERLAPSIS
2398 2339 2479 2371 NON

887 2384 1052 2415 AMPLIUS
1079 2383 1327 2422 OPPERIATHR,
1352 2383 1423 2414 SED
1447 2381 1690 2413 SENTENTIAM
1710 2381 1839 2413 FERAT.

639 2429 782 2461 CAUSAE
803 2429 1114 2461 INGRATITUDINIS
1135 2429 1274 2460 IUSTAE
1297 2427 1397 2464 QUAE
1417 2427 1652 2459 PARENTIRUS
1675 2427 1764 2458 SINT
1783 2426 1978 2459 ADVERSUS
2002 2427 2170 2459 LIBEROS.

560 2475 593 2507 4.
642 2474 785 2506 CAUSAE
806 2474 1119 2506 INGRATITUDINIS
1142 2474 1280 2505 IUSTAE
1301 2473 1401 2509 QUAE
1425 2471 1571 2503 LIBERIS
1593 2471 1683 2503 SINT
1702 2471 1896 2503 ADVERSUS
1918 2472 2118 2506 PARENTES.

260 2523 292 2554 5.
330 2521 379 2553 UT
393 2520 590 2552 LUGENTES
610 2520 660 2551 ET
680 2518 886 2555 PROPINQUI
905 2519 1038 2550 EORUM
1056 2519 1169 2550 INTRA
1194 2519 1329 2550 NONUM
1353 2517 1447 2549 DIEM
1467 2516 1590 2549 NULLA
1615 2516 1668 2548 DE
1683 2516 1798 2548 CAUSA
1822 2517 2018 2549 PETANTUR
2045 2517 2115 2548 VEL
2130 2517 2175 2549 IN
2191 2517 2254 2549 IUS
2272 2517 2473 2550 VOGENTUR.

261 2567 292 2598 6.
328 2567 380 2598 DE
402 2565 660 2598 CONSTITUTAE
689 2564 877 2596 PECUNIAE
908 2563 1225 2596 OBLIGATIONIBUS
1255 2564 1306 2595 ET
1333 2561 1622 2600 SPONSIONIBUS,
1654 2561 1694 2592 SI
1715 2561 1802 2597 QUIS
1832 2562 1893 2593 ITA
1926 2562 2159 2594 CONSTITUAT
2182 2561 2251 2594 VEL
2282 2562 2478 2595 SPONDEAT

261 2612 392 2644 SATIS
418 2611 518 2642 TIBI
540 2610 691 2649 FAGIO,
719 2609 788 2640 VEL
813 2608 948 2641 SATIS
974 2609 1076 2641 TIBI
1096 2609 1206 2640 FIET
1225 2609 1248 2640 A
1274 2609 1337 2640 ME
1358 2608 1414 2639 ET
1435 2607 1486 2639 AB
1511 2606 1599 2638 HOC
1621 2607 1679 2638 ET
1699 2606 1824 2646 ILLO,
1853 2606 1923 2638 VEL
1946 2607 2068 2639 ETIAM
2089 2607 2220 2639 SATIS
2245 2608 2347 2640 TIBI
2366 2608 2479 2641 EIET

969 2655 992 2686 A
1017 2654 1082 2686 ME
1106 2653 1190 2686 VEL
1217 2654 1272 2685 AB
1297 2652 1388 2685 HOC
1413 2652 1495 2683 VEL
1520 2651 1639 2683 ILLO.
2064 2659 2071 2682 ἰ

681 2706 781 2744 Idem
806 2709 992 2754 Auqustus
1017 2707 1199 2743 Theodoto
1219 2707 1409 2754 praefecto
1429 2716 1536 2741 sacro
1558 2704 1747 2751 praetorio
1763 2715 1837 2751 per
1861 2703 2052 2741 Orientem.

396 2776 662 2821 Praefatio.
709 2775 877 2812 Pervenit
900 2774 949 2810 ad
971 2775 1137 2810 notitiam
1159 2774 1364 2810 serenitatis
1386 2777 1548 2814 nostrae,
1582 2771 1643 2807 lite
1665 2775 1762 2807 mota
1784 2772 1880 2807 inter
1903 2771 2133 2807 Eustachium
2162 2772 2230 2807 deo
2254 2772 2476 2807 carissimum

261 2824 468 2869 episcopum
498 2822 598 2857 urbis
624 2820 656 2855 T
654 2820 688 2855 lo
718 2825 753 2856 et
782 2819 927 2856 Pistum
956 2819 1148 2855 diaconum
1176 2819 1347 2855 ecclesiae
1380 2818 1628 2854 Telmessensis
1656 2816 1866 2853 sententiam
1896 2817 2113 2862 definitivam
2142 2827 2165 2851 a
2221 2816 2362 2851 raeside
2388 2828 2475 2862 pro-

262 2868 400 2905 vinciae
416 2866 612 2913 prodiisse,
636 2869 764 2901 contra
787 2876 895 2911 quam
916 2865 1114 2911 appellatio
1134 2869 1309 2911 porrecta
1333 2868 1433 2899 esset.
1482 2861 1642 2898 Proinde
1663 2862 1811 2903 iudices,
1835 2861 1935 2908 apud
1956 2872 2048 2907 quos
2071 2861 2179 2907 appel
2192 2861 2268 2895 atio
2291 2862 2475 2897 examina·

559 2430 591 2462 3.

1405 2952 1506 2974 σεται
1529 2953 1587 2974 om.
1610 2942 1706 2973 index
1730 2940 1798 2980 ΜΙΙ
1822 2940 1864 2974 26
1887 2935 1910 2980 ἢ
1933 2941 2003 2980 καὶ]
2027 2936 2051 2981 ἢ
2074 2940 2105 2972 L
2132 2941 2163 2972 in
2188 2939 2300 2981 tertull
2323 2940 2365 2973 28
2380 2942 2475 2973 inser.

1404 2981 1652 3030 Αὐτοκράτωρ
1676 2982 1915 3018 ἰουστινιανὸς
1944 2982 2137 3029 α’ὗγουστος
2167 2983 2306 3026 ἰωάννη
2335 2985 2390 3017 τῶ
2420 2986 2475 3018 έν-

1405 3028 1589 3070 δοξοτάτω
1606 3028 1753 3074 ἐπάρχω
1772 3029 1848 3063 τῶν
1864 3027 1971 3072 ἱερῶν
1990 3031 2225 3073 πραιτωρίων
2243 3027 2286 3061 τὸ
2302 3031 2477 3073 τέταρτον

1405 3071 1478 3109 ἀπὸ
1498 3073 1652 3109 ὑπάτων
1671 3078 1731 3107 καὶ
1751 3076 1954 3118 πατρικίων
1972 3076 2001 3109 Α
2019 3074 2031 3117 ΙΙ
2049 3076 2091 3108 30
2113 3075 2135 3105 ἂ
2160 3076 2190 3106 A
2204 3087 2305 3116 mar-q.
2323 3074 2335 3117 ΙΙ
2353 3076 2396 3108 32
2415 3075 2477 3107 τ”ς

329 2947 450 2979 2rubr.
475 2946 564 2989 Περὶ
588 2942 782 2989 έγκλήτων,
807 2945 866 2975 καὶ
891 2945 974 2985 περὶ
998 2940 1254 2986 δικαζομένων,
1278 2943 1338 2974 καὶ

263 2994 345 3035 περὶ
375 2989 661 3030 exheredafionos,
690 2991 750 3021 καὶ
774 2989 856 3032 περὶ
880 2987 1134 3028 πενθούντων,
1165 2989 1225 3020 καὶ
1256 2988 1338 3030 περὶ

263 3033 541 3082 ἄντιφωνήσεως
555 3035 674 3067 Theod.
696 3035 785 3076 Περὶ
799 3033 876 3065 τῶν
888 3030 962 3066 ἀπὸ
979 3030 1092 3076 νόμον
1107 3030 1338 3075 καλουμένων

263 3080 494 3127 κληρονόμων
509 3080 541 3112 A
557 3079 570 3122 fl
591 3076 639 3112 ‘H
652 3075 813 3118 διάταξις
833 3079 859 3114 ξ
880 3091 937 3111 om.
954 3079 984 3111 L
1001 3080 1031 3111 in
1051 3086 1135 3111 textu
1151 3077 1163 3121 ΙΙ
1189 3079 1215 3113 ξ
1226 3075 1278 3119 (ἓξ
1293 3077 1336 3117 L)

264 3128 333 3168 ἔχει
356 3123 532 3170 κεφάλαια
556 3126 652 3158 index
677 3123 767 3165 ML]
800 3125 827 3159 ξ
842 3121 1018 3168 κεφάλαια
1042 3123 1112 3164 ἔχει
1136 3123 1184 3156 M
1201 3124 1233 3156 in
1254 3130 1338 3156 textu

264 3172 334 3213 ἐξίει
349 3167 528 3222 κεφάλαια
547 3166 574 3205 ς’
591 3169 665 3202 ΑιΙι.
679 3170 802 3210 (index)
818 3168 830 3211 ΙΙ
847 3169 867 3202 3
888 3165 1070 3213 έγκλήτων
1082 3169 1184 3209 (etita
1195 3167 1338 3211 saepius)

266 3217 311 3250 M
321 3216 334 3259 ΙΙ
349 3227 427 3249 των
446 3210 765 3259 ἀναψηλαφῆσεων
780 3213 863 3253 ML,
883 3214 956 3246 Ath.
971 3214 1079 3254 index]
1103 3208 1338 3265 οἷναψηλαφή-

265 3272 319 3294 σει
333 3261 486 3294 Alb-cod.
501 3262 533 3293 in
548 3267 631 3293 textu
647 3259 660 3302 ΙΙ
678 3260 698 3292 4
714 3255 957 3301 δικαστηρίων
973 3259 1070 3291 index
1082 3259 1157 3291 Atia.
1173 3257 1186 3302 ΙΙ
1205 3260 1225 3291 5
1241 3268 1308 3290 κατ
1327 3258 1337 3295 l

265 3302 359 3339 ὥστε
381 3300 463 3338 κατ’
489 3305 565 3337 Ath.
582 3304 595 3347 ΙΙ
619 3305 639 3337 6
662 3302 743 3336 τοὺς
766 3302 987 3346 κρατοῦντας
1013 3303 1217 3343 Haloander]
1246 3299 1337 3334 κατὰ
1372 3334 1374 3350 ι

265 3352 336 3390 (καὶ
352 3351 428 3384 Acin.
446 3351 478 3382 in
494 3350 592 3391 textu)
615 3346 697 3381 τοὺς
720 3348 937 3391 κρατοῦντας
962 3347 1034 3381 ML
1047 3349 1123 3381 Ath.
1140 3347 1153 3391 ΙΙ
1179 3349 1197 3380 7
1222 3343 1256 3389 ἢ]
1281 3348 1338 3378 καί

266 3397 341 3428 Ath.
362 3397 395 3428 in
416 3402 509 3435 textu,
534 3407 592 3427 om.
607 3395 703 3427 index
719 3394 795 3425 Ath.
823 3395 835 3436 ΙΙ
859 3394 879 3427 8
902 3391 1089 3434 τεθέντας,
1111 3394 1171 3425 καὶ
1193 3389 1240 3425 τὰ
1263 3389 1340 3432 ἑξῆς

267 3441 398 3482 reliquix
422 3440 546 3472 omissis
570 3439 645 3473 Am.
673 3437 685 3480 fl
708 3439 728 3471 9
751 3433 816 3480 β’.]
841 3435 883 3470 τὸ
904 3433 1071 3480 δεύτερον
1092 3438 1172 3478 (eim.
1190 3438 1222 3470 in
1239 3439 1339 3479 seqq.)

270 3486 363 3517 index
377 3485 406 3517 L
424 3484 436 3521 ΙΙ
453 3480 674 3522 ἀποτάξεται
683 3483 714 3515 L
729 3481 742 3526 ΙΙ
763 3484 804 3516 10
816 3480 859 3514 τὸ
877 3479 917 3515 δὲ
931 3482 1053 3524 ἕτερον
1063 3501 1104 3506 -
1116 3484 1153 3516 11
1171 3477 1339 3526 ἀρκούμε-

269 3540 333 3560 νον
343 3529 383 3569 L,
396 3529 557 3569 indeaeM]
578 3541 637 3562 om.
652 3527 702 3567 M,
714 3528 811 3560 index
825 3527 854 3559 L
870 3526 882 3570 ΙΙ
904 3529 944 3561 16
956 3527 1029 3568 τῆς]
1050 3528 1123 3559 τοῖς
1141 3527 1226 3560 Min
1245 3534 1339 3564 textu,

270 3573 331 3613 τῆς
344 3581 373 3605 ee
383 3573 529 3605 τῶν-σπι.
541 3573 571 3605 L
585 3574 618 3606 in
633 3579 718 3605 textu
730 3571 741 3615 ΙΙ
763 3573 802 3605 18
817 3568 864 3604 δ’.
883 3571 1010 3605 Αἰτίαι
1025 3591 1064 3595 -
1082 3574 1121 3605 19
1135 3567 1342 3615 ἀχαριστίας

273 3630 328 3648 nm.
345 3618 438 3649 index
452 3618 481 3649 L
497 3618 510 3659 ΙΙ
526 3616 619 3650 κατὰ
639 3630 697 3650 om.
711 3617 761 3650 L⁰
776 3616 788 3659 ss
807 3618 850 3650 20
866 3612 960 3649 ὥστε
977 3615 1019 3648 τὸ
1036 3615 1119 3650 τοὺς
1135 3616 1166 3649 L
1180 3618 1310 3649 intexta
1329 3615 1341 3656 ΙΙ

274 3661 315 3692 22
339 3659 536 3702 σιῗ-ρρεσθαι
557 3662 588 3694 L
609 3663 640 3695 in
663 3669 746 3694 textu
763 3662 775 3704 ΙΙ
793 3662 835 3695 23
856 3658 898 3702 ς’]
923 3662 1028 3694 ἕκτον
1053 3662 1149 3695 inde-z·
1162 3661 1193 3694 L
1209 3660 1222 3703 ΙΙ
1240 3655 1340 3693 ἅντι-

274 3703 466 3745 φωνήσιως
483 3706 510 3737 L
527 3707 558 3738 in
572 3714 655 3739 textu
667 3706 816 3747 (Theod.)
831 3706 844 3750 ΙΙ
863 3707 905 3739 25
922 3702 1010 3749 παρ’
1027 3705 1113 3748 ἐμοῦ
1130 3724 1168 3729 -
1185 3706 1225 3738 27
1238 3702 1339 3749 γενή-

1404 3118 1607 3154 domist-ems
1621 3123 1653 3153 A
1678 3120 1691 3164 ΙΙ
1718 3121 1759 3153 33
1783 3119 1915 3153 πιστοῦ
1938 3119 2009 3152 MA
2032 3120 2044 3162 ΙΙ
2073 3117 2302 3161 τελμησσέων
2320 3119 2376 3160 M]
2399 3131 2439 3152 τε

1403 3167 1562 3207 μισσέων
1585 3166 1649 3198 LA

1450 3302 1469 3334 2
1485 3300 1532 3333 Ut
1557 3300 1695 3342 Tvuly]
1719 3311 1778 3331 om.
1791 3295 1887 3339 RVH
1906 3297 1926 3329 3
1945 3296 2085 3329 debeant
2103 3296 2159 3339 ΤΙΙ
2184 3298 2205 3330 4
2228 3296 2305 3328 data
2323 3295 2373 3328 R¹
2390 3294 2474 3336 [lob-

1405 3346 1534 3377 tineant
1551 3345 1581 3377 R
1597 3345 1609 3387 ΙΙ
1634 3347 1653 3378 5
1673 3345 1752 3376 sunt
1766 3341 1973 3386 promulgate
1996 3342 2028 3374 T
2042 3341 2054 3385 ΙΙ
2077 3343 2118 3375 30
2138 3340 2324 3373 serenitatis
2343 3342 2474 3372 nostrae

1410 3392 1437 3421 Ιί
1455 3391 1468 3433 ΙΙ
1492 3391 1530 3423 31
1557 3399 1631 3422 oum
1657 3389 1734 3422 add.
1747 3388 1832 3429 vulq.
1858 3387 1870 3429 ΙΙ
1895 3387 2100 3419 eustachium
2124 3386 2235 3426 RVT,
2258 3384 2438 3427 corr-vulg).
2463 3384 2475 3427 fl

1406 3437 1448 3468 :32
1469 3434 1571 3467 'noae
1588 3433 1776 3474 Heimbach]
1799 3431 1890 3464 thole
1909 3433 1941 3465 T
1959 3433 2061 3464 thone
2079 3432 2110 3464 R
2133 3431 2239 3463 telene
2260 3428 2309 3462 V‘
2325 3430 2357 3461 in
2373 3441 2439 3463 ras.
2464 3435 2474 3460 ιι

1386 3481 1448 3512 ’33
1472 3479 1640 3511 diaconem
1662 3478 1716 3518 Vll
1734 3476 1966 3518 Telmissenae]
1990 3476 2181 3509 celmisoene
2201 3474 2233 3507 T
2249 3471 2423 3506 oelmisene
2442 3473 2474 3505 R

1407 3523 1456 3556 cel
1460 3537 1588 3554 eeeeee
1614 3523 1664 3557 V¹
1697 3521 1831 3555 celsoele
1862 3522 1907 3553 V²
1933 3522 1945 3565 ΙΙ
1977 3521 2092 3554 fuisset
2113 3520 2272 3553 commota
2295 3527 2392 3549 eausa
2424 3518 2475 3551 1⁷²

1409 3582 1628 3599 ιιιιιιιιιι
1646 3570 1736 3601 mota
1757 3567 1804 3600 V*
1823 3567 1835 3609 ΙΙ
1851 3569 1893 3601 35
1910 3566 2089 3609 appellatio
2103 3566 2162 3604 eet]
2186 3561 2408 3605 appellatione
2424 3563 2474 3596 R*

1406 3613 1661 3655 appellationem
1687 3613 1736 3646 T·
1767 3611 2023 3655 appellationem
2045 3612 2094 3642 eet
2114 3609 2161 3641 V*
2184 3607 2196 3647 ΙΙ
2220 3606 2360 3647 Iudices]
2385 3610 2471 3640 rubr.

1407 3659 1442 3690 Si
1467 3669 1554 3691 noue.
1577 3658 1630 3691 lex
1652 3660 1727 3700 post
1749 3662 1932 3700 porrectam
1954 3652 2221 3699 prouocationem
2243 3652 2474 3695 promulgetur

1410 3704 1548 3748 Tmary.
1567 3707 1619 3746 (et
1628 3704 1705 3745 lul.)
