<?xml version="1.0" encoding="UTF-8"?>
<!DOCTYPE html PUBLIC "-//W3C//DTD XHTML 1.0 Transitional//EN"
    "http://www.w3.org/TR/xhtml1/DTD/xhtml1-transitional.dtd">
<html xmlns="http://www.w3.org/1999/xhtml" xml:lang="en" lang="en">
 <head>
  <title>
</title>
<meta http-equiv="Content-Type" content="text/html;charset=utf-8" />
  <meta name='ocr-system' content='tesseract 3.04.00' />
  <meta name='ocr-capabilities' content='ocr_page ocr_carea ocr_par ocr_line ocrx_word'/>
</head>
<body>
  <div class='ocr_page' id='page_1' title='image "./corpusiuriscivil03krueuoft_0802.png"; bbox 0 0 2580 4022; ppageno 0'>
   <div class='ocr_carea' id='block_1_1' title="bbox 1411 209 1562 214">
    <p class='ocr_par' dir='ltr' id='par_1_1' title="bbox 1411 209 1562 214">
     <span class='ocr_line' id='line_1_1' title="bbox 1411 209 1562 214; baseline 0 0"><span class='ocrx_word' id='word_1_1' title='bbox 1411 209 1562 214; x_wconf 95' lang='lat' dir='ltr'><em> </em></span> 
     </span>
    </p>
   </div>
   <div class='ocr_carea' id='block_1_2' title="bbox 255 146 2469 393">
    <p class='ocr_par' dir='ltr' id='par_1_2' title="bbox 255 146 2469 393">
     <span class='ocr_line' id='line_1_2' title="bbox 257 146 2469 208; baseline 0.002 -14"><span class='ocrx_word' id='word_1_2' title='bbox 257 152 334 195; x_wconf 89' lang='lat' dir='ltr'><em>Ed.</em></span> <span class='ocrx_word' id='word_1_3' title='bbox 356 154 418 196; x_wconf 90' lang='lat' dir='ltr'><em>IX</em></span> <span class='ocrx_word' id='word_1_4' title='bbox 447 166 507 208; x_wconf 89' lang='lat' dir='ltr'><em>pr.</em></span> <span class='ocrx_word' id='word_1_5' title='bbox 1325 149 1412 204; x_wconf 79' lang='lat'><em>772</em></span> <span class='ocrx_word' id='word_1_6' title='bbox 1989 146 2061 197; x_wconf 45' lang='lat' dir='ltr'><em>‘mi</em></span> <span class='ocrx_word' id='word_1_7' title='bbox 2086 163 2469 201; x_wconf 76' lang='lat' dir='ltr'>&#39;ARGENTARIORUM</span> 
     </span>
     <span class='ocr_line' id='line_1_3' title="bbox 256 260 2469 315; baseline 0.003 -20"><span class='ocrx_word' id='word_1_8' title='bbox 256 265 467 315; x_wconf 57' lang='grc' dir='ltr'><strong><em>περιέχεται.</em></strong></span> <span class='ocrx_word' id='word_1_9' title='bbox 514 261 598 295; x_wconf 81' lang='lat' dir='ltr'><em>Dat.</em></span> <span class='ocrx_word' id='word_1_10' title='bbox 622 260 701 295; x_wconf 88' lang='lat' dir='ltr'><em>XV.</em></span> <span class='ocrx_word' id='word_1_11' title='bbox 725 260 798 295; x_wconf 76' lang='lat' dir='ltr'><em>kal.</em></span> <span class='ocrx_word' id='word_1_12' title='bbox 823 260 903 296; x_wconf 79' lang='lat' dir='ltr'><em>Oct.</em></span> <span class='ocrx_word' id='word_1_13' title='bbox 925 261 1030 306; x_wconf 87' lang='lat' dir='ltr'>(GP.)</span> <span class='ocrx_word' id='word_1_14' title='bbox 1056 260 1140 313; x_wconf 79' lang='lat' dir='ltr'><em>imp.</em></span> <span class='ocrx_word' id='word_1_15' title='bbox 1174 260 1233 295; x_wconf 90' lang='lat' dir='ltr'><em>dn.</em></span> <span class='ocrx_word' id='word_1_16' title='bbox 1258 261 1334 306; x_wconf 86' lang='lat' dir='ltr'>&lt;Iu-</span> <span class='ocrx_word' id='word_1_17' title='bbox 1404 262 1485 296; x_wconf 75' lang='lat' dir='ltr'><em>Dat.</em></span> <span class='ocrx_word' id='word_1_18' title='bbox 1505 262 1618 298; x_wconf 91' lang='lat' dir='ltr'>XVII.</span> <span class='ocrx_word' id='word_1_19' title='bbox 1635 262 1706 298; x_wconf 81' lang='lat' dir='ltr'><em>kal.</em></span> <span class='ocrx_word' id='word_1_20' title='bbox 1727 263 1804 299; x_wconf 84' lang='lat' dir='ltr'><em>Oct.</em></span> <span class='ocrx_word' id='word_1_21' title='bbox 1822 263 1889 299; x_wconf 80' lang='grc' dir='ltr'><em>ΟΡ.</em></span> <span class='ocrx_word' id='word_1_22' title='bbox 1913 263 1998 311; x_wconf 86' lang='lat' dir='ltr'><strong>imp.</strong></span> <span class='ocrx_word' id='word_1_23' title='bbox 2017 264 2075 300; x_wconf 87' lang='lat' dir='ltr'><em>dn.</em></span> <span class='ocrx_word' id='word_1_24' title='bbox 2093 264 2281 301; x_wconf 81' lang='lat' dir='ltr'><em>Iustiniani</em></span> <span class='ocrx_word' id='word_1_25' title='bbox 2303 275 2360 310; x_wconf 73' lang='lat' dir='ltr'><em>pp⁴</em></span> <span class='ocrx_word' id='word_1_26' title='bbox 2378 266 2469 310; x_wconf 75' lang='lat' dir='ltr'><em>Aug.</em></span> 
     </span>
     <span class='ocr_line' id='line_1_4' title="bbox 255 305 1842 393; baseline 0.004 -54"><span class='ocrx_word' id='word_1_27' title='bbox 255 305 507 386; x_wconf 47' lang='grc' dir='ltr'><strong><em>ἓῖἓὲειῧῇρρ.</em></strong></span> <span class='ocrx_word' id='word_1_28' title='bbox 529 307 617 350; x_wconf 81' lang='lat' dir='ltr'><em>Aug.</em></span> <span class='ocrx_word' id='word_1_29' title='bbox 643 315 736 341; x_wconf 84' lang='lat' dir='ltr'><em>anno</em></span> <span class='ocrx_word' id='word_1_30' title='bbox 760 305 876 341; x_wconf 86' lang='lat' dir='ltr'>XXII.</span> <span class='ocrx_word' id='word_1_31' title='bbox 901 309 985 350; x_wconf 84' lang='lat' dir='ltr'><em>post</em></span> <span class='ocrx_word' id='word_1_32' title='bbox 1007 305 1132 341; x_wconf 79' lang='lat' dir='ltr'><em>Basssn</em></span> <span class='ocrx_word' id='word_1_33' title='bbox 1155 315 1207 341; x_wconf 91' lang='lat' dir='ltr'><em>vc.</em></span> <span class='ocrx_word' id='word_1_34' title='bbox 1234 316 1331 393; x_wconf 58' lang='grc' dir='ltr'><strong><em>οοῖιαε.</em></strong></span> <span class='ocrx_word' id='word_1_35' title='bbox 1349 317 1496 393; x_wconf 56' lang='grc' dir='ltr'><em>Μὲῗῃο</em></span> <span class='ocrx_word' id='word_1_36' title='bbox 1519 307 1633 342; x_wconf 88' lang='lat' dir='ltr'>XXII.</span> <span class='ocrx_word' id='word_1_37' title='bbox 1658 317 1705 353; x_wconf 81' lang='lat' dir='ltr'><em>pc</em></span> <span class='ocrx_word' id='word_1_38' title='bbox 1709 333 1842 345; x_wconf 92' lang='grc'><strong><em>......</em></strong></span> 
     </span>
    </p>
   </div>
   <div class='ocr_carea' id='block_1_3' title="bbox 563 540 2195 661">
    <p class='ocr_par' dir='ltr' id='par_1_3' title="bbox 563 540 2195 661">
     <span class='ocr_line' id='line_1_5' title="bbox 563 540 2195 661; baseline 0.001 -2"><span class='ocrx_word' id='word_1_39' title='bbox 563 605 741 659; x_wconf 87' lang='grc' dir='ltr'>ΠΕΡΙ</span> <span class='ocrx_word' id='word_1_40' title='bbox 792 540 1466 660; x_wconf 62' lang='grc' dir='ltr'>ΑΡΓΥΡΟΠΡΑΤΙΚΞΕΝ</span> <span class='ocrx_word' id='word_1_41' title='bbox 1514 606 2195 661; x_wconf 77' lang='grc' dir='ltr'><strong>ΣῩΝΑΛΛΑΓΜΑΤῼΝ.</strong></span> 
     </span>
    </p>
   </div>
   <div class='ocr_carea' id='block_1_4' title="bbox 674 681 2050 731">
    <p class='ocr_par' dir='ltr' id='par_1_4' title="bbox 674 681 2050 731">
     <span class='ocr_line' id='line_1_6' title="bbox 674 681 2050 731; baseline 0.002 -13"><span class='ocrx_word' id='word_1_42' title='bbox 674 681 925 730; x_wconf 76' lang='grc' dir='ltr'><strong><em>Αὐτοκράτωρ</em></strong></span> <span class='ocrx_word' id='word_1_43' title='bbox 945 682 1201 719; x_wconf 83' lang='grc' dir='ltr'><strong><em>Ἰουστινιανὸς</em></strong></span> <span class='ocrx_word' id='word_1_44' title='bbox 1223 684 1433 730; x_wconf 78' lang='grc' dir='ltr'><em>Αὔγουστος</em></span> <span class='ocrx_word' id='word_1_45' title='bbox 1463 686 1709 730; x_wconf 76' lang='grc' dir='ltr'><strong><em>Τριβουνιανῷ</em></strong></span> <span class='ocrx_word' id='word_1_46' title='bbox 1736 686 1882 731; x_wconf 82' lang='grc' dir='ltr'><strong><em>ἐπάρχῳ</em></strong></span> <span class='ocrx_word' id='word_1_47' title='bbox 1903 685 2050 721; x_wconf 85' lang='grc' dir='ltr'><strong><em>πόλεως.</em></strong></span> 
     </span>
    </p>
   </div>
   <div class='ocr_carea' id='block_1_5' title="bbox 253 748 2477 1739">
    <p class='ocr_par' dir='ltr' id='par_1_5' title="bbox 253 748 2477 1739">
     <span class='ocr_line' id='line_1_7' title="bbox 388 748 2473 799; baseline 0 -13"><span class='ocrx_word' id='word_1_48' title='bbox 388 751 702 797; x_wconf 82' lang='grc' dir='ltr'><strong><em>(Προοίμιον.)</em></strong></span> <span class='ocrx_word' id='word_1_49' title='bbox 753 751 798 785; x_wconf 82' lang='grc' dir='ltr'><em>Τὸ</em></span> <span class='ocrx_word' id='word_1_50' title='bbox 830 750 953 786; x_wconf 84' lang='grc' dir='ltr'><strong><em>κοινὸν</em></strong></span> <span class='ocrx_word' id='word_1_51' title='bbox 981 752 1045 786; x_wconf 78' lang='grc' dir='ltr'><em>τοῦ</em></span> <span class='ocrx_word' id='word_1_52' title='bbox 1077 749 1303 795; x_wconf 71' lang='grc' dir='ltr'>συστήματος</span> <span class='ocrx_word' id='word_1_53' title='bbox 1331 752 1409 785; x_wconf 78' lang='grc' dir='ltr'><em>τῶν</em></span> <span class='ocrx_word' id='word_1_54' title='bbox 1430 748 1718 798; x_wconf 79' lang='grc' dir='ltr'><strong><em>ἀργυροπρατῶν</em></strong></span> <span class='ocrx_word' id='word_1_55' title='bbox 1741 753 1819 787; x_wconf 81' lang='grc' dir='ltr'><em>τῶν</em></span> <span class='ocrx_word' id='word_1_56' title='bbox 1843 754 1903 787; x_wconf 81' lang='grc' dir='ltr'><em>ἐπὶ</em></span> <span class='ocrx_word' id='word_1_57' title='bbox 1926 753 2058 796; x_wconf 89' lang='grc' dir='ltr'><strong><em>ταύτης</em></strong></span> <span class='ocrx_word' id='word_1_58' title='bbox 2081 755 2144 795; x_wconf 78' lang='grc' dir='ltr'><em>τῆς</em></span> <span class='ocrx_word' id='word_1_59' title='bbox 2164 751 2315 799; x_wconf 75' lang='grc' dir='ltr'><em>μεγάλης</em></span> <span class='ocrx_word' id='word_1_60' title='bbox 2337 751 2473 787; x_wconf 80' lang='grc' dir='ltr'><strong><em>πόλεως</em></strong></span> 
     </span>
     <span class='ocr_line' id='line_1_8' title="bbox 254 793 2469 843; baseline -0.001 -12"><span class='ocrx_word' id='word_1_61' title='bbox 254 797 376 831; x_wconf 85' lang='grc' dir='ltr'><strong><em>ὄντων</em></strong></span> <span class='ocrx_word' id='word_1_62' title='bbox 406 797 561 831; x_wconf 81' lang='grc' dir='ltr'><strong><em>ἱκέτευσε</em></strong></span> <span class='ocrx_word' id='word_1_63' title='bbox 591 794 634 830; x_wconf 84' lang='grc' dir='ltr'>τό</span> <span class='ocrx_word' id='word_1_64' title='bbox 664 795 837 842; x_wconf 80' lang='grc' dir='ltr'><strong><em>ἡμέτερον</em></strong></span> <span class='ocrx_word' id='word_1_65' title='bbox 869 795 1011 841; x_wconf 73' lang='grc' dir='ltr'><strong><em>κράτος,</em></strong></span> <span class='ocrx_word' id='word_1_66' title='bbox 1045 795 1134 842; x_wconf 83' lang='grc' dir='ltr'><strong><em>πρὸς</em></strong></span> <span class='ocrx_word' id='word_1_67' title='bbox 1165 799 1238 830; x_wconf 84' lang='grc' dir='ltr'><strong><em>τοῖς</em></strong></span> <span class='ocrx_word' id='word_1_68' title='bbox 1269 795 1388 830; x_wconf 78' lang='grc' dir='ltr'><strong><em>ἄλλοις</em></strong></span> <span class='ocrx_word' id='word_1_69' title='bbox 1418 793 1567 838; x_wconf 77' lang='grc' dir='ltr'><strong><em>ἅπασιν,</em></strong></span> <span class='ocrx_word' id='word_1_70' title='bbox 1598 796 1648 831; x_wconf 83' lang='grc' dir='ltr'><strong><em>οἷς</em></strong></span> <span class='ocrx_word' id='word_1_71' title='bbox 1681 794 1801 831; x_wconf 77' lang='grc' dir='ltr'><strong><em>αὐτοῖς</em></strong></span> <span class='ocrx_word' id='word_1_72' title='bbox 1831 797 2164 843; x_wconf 70' lang='grc' dir='ltr'><strong><em>πεφιλοτιμήμεθα,</em></strong></span> <span class='ocrx_word' id='word_1_73' title='bbox 2194 801 2254 831; x_wconf 77' lang='grc' dir='ltr'><em>καὶ</em></span> <span class='ocrx_word' id='word_1_74' title='bbox 2286 799 2353 832; x_wconf 80' lang='grc' dir='ltr'><em>νῦν</em></span> <span class='ocrx_word' id='word_1_75' title='bbox 2376 793 2469 830; x_wconf 74' lang='grc' dir='ltr'><strong><em>καθ’</em></strong></span> 
     </span>
     <span class='ocr_line' id='line_1_9' title="bbox 255 838 2473 887; baseline -0.002 -12"><span class='ocrx_word' id='word_1_76' title='bbox 255 843 380 887; x_wconf 75' lang='grc' dir='ltr'><strong><em>ἕτερον</em></strong></span> <span class='ocrx_word' id='word_1_77' title='bbox 412 838 533 875; x_wconf 71' lang='grc' dir='ltr'><strong><em>αὐτοῖς</em></strong></span> <span class='ocrx_word' id='word_1_78' title='bbox 564 841 749 885; x_wconf 71' lang='grc' dir='ltr'><strong><em>βοηθῆσαι</em></strong></span> <span class='ocrx_word' id='word_1_79' title='bbox 779 841 929 886; x_wconf 83' lang='grc' dir='ltr'><em>τρόπον.</em></span> <span class='ocrx_word' id='word_1_80' title='bbox 978 839 1150 882; x_wconf 78' lang='grc' dir='ltr'><strong><em>ἐδίδαξαν</em></strong></span> <span class='ocrx_word' id='word_1_81' title='bbox 1172 841 1243 887; x_wconf 81' lang='grc' dir='ltr'><strong><em>γάρ</em></strong></span> <span class='ocrx_word' id='word_1_82' title='bbox 1267 853 1368 876; x_wconf 91' lang='grc' dir='ltr'><strong><em>τινας</em></strong></span> <span class='ocrx_word' id='word_1_83' title='bbox 1393 840 1668 887; x_wconf 77' lang='grc' dir='ltr'><strong><em>ἐποφλήσαντας</em></strong></span> <span class='ocrx_word' id='word_1_84' title='bbox 1692 839 1713 884; x_wconf 84' lang='grc' dir='ltr'><em>ἢ</em></span> <span class='ocrx_word' id='word_1_85' title='bbox 1736 844 1796 875; x_wconf 75' lang='grc' dir='ltr'><em>καὶ</em></span> <span class='ocrx_word' id='word_1_86' title='bbox 1820 841 2077 887; x_wconf 79' lang='grc' dir='ltr'><strong><em>ἐποφείλοντας</em></strong></span> <span class='ocrx_word' id='word_1_87' title='bbox 2108 845 2167 875; x_wconf 84' lang='grc' dir='ltr'><em>καὶ</em></span> <span class='ocrx_word' id='word_1_88' title='bbox 2192 839 2473 886; x_wconf 76' lang='grc' dir='ltr'>ἀπαιτουμένους</span> 
     </span>
     <span class='ocr_line' id='line_1_10' title="bbox 254 882 2472 932; baseline 0 -13"><span class='ocrx_word' id='word_1_89' title='bbox 254 890 401 930; x_wconf 81' lang='grc' dir='ltr'><strong><em>χρυσίον</em></strong></span> <span class='ocrx_word' id='word_1_90' title='bbox 431 886 454 928; x_wconf 84' lang='grc' dir='ltr'><em>ἢ</em></span> <span class='ocrx_word' id='word_1_91' title='bbox 485 885 681 932; x_wconf 83' lang='grc' dir='ltr'><strong><em>πράγματα</em></strong></span> <span class='ocrx_word' id='word_1_92' title='bbox 713 888 773 919; x_wconf 86' lang='grc' dir='ltr'><em>καὶ</em></span> <span class='ocrx_word' id='word_1_93' title='bbox 805 883 869 919; x_wconf 78' lang='grc' dir='ltr'><strong><em>οὐκ</em></strong></span> <span class='ocrx_word' id='word_1_94' title='bbox 899 889 1063 928; x_wconf 74' lang='grc' dir='ltr'><strong><em>ἔχοντας,</em></strong></span> <span class='ocrx_word' id='word_1_95' title='bbox 1092 882 1187 919; x_wconf 76' lang='grc' dir='ltr'><strong><em>ὅθεν</em></strong></span> <span class='ocrx_word' id='word_1_96' title='bbox 1218 886 1324 920; x_wconf 79' lang='grc' dir='ltr'><strong><em>τοῦτο</em></strong></span> <span class='ocrx_word' id='word_1_97' title='bbox 1356 883 1574 930; x_wconf 79' lang='grc' dir='ltr'><strong><em>διαλύσειαν,</em></strong></span> <span class='ocrx_word' id='word_1_98' title='bbox 1605 887 1720 920; x_wconf 81' lang='grc' dir='ltr'><strong><em>αἰτεῖν</em></strong></span> <span class='ocrx_word' id='word_1_99' title='bbox 1749 883 1876 921; x_wconf 78' lang='grc' dir='ltr'><strong><em>αὐτοὺς</em></strong></span> <span class='ocrx_word' id='word_1_100' title='bbox 1907 887 2074 932; x_wconf 70' lang='grc' dir='ltr'><strong><em>καθαρὰς</em></strong></span> <span class='ocrx_word' id='word_1_101' title='bbox 2096 884 2357 932; x_wconf 79' lang='grc' dir='ltr'><strong><em>ἀντιφωνὴσεις</em></strong></span> <span class='ocrx_word' id='word_1_102' title='bbox 2382 884 2472 930; x_wconf 70' lang='grc' dir='ltr'><strong><em>ὑπὲρ</em></strong></span> 
     </span>
     <span class='ocr_line' id='line_1_11' title="bbox 259 927 2474 977; baseline 0 -14"><span class='ocrx_word' id='word_1_103' title='bbox 259 928 384 965; x_wconf 69' lang='grc' dir='ltr'><strong><em>αὐτῶν</em></strong></span> <span class='ocrx_word' id='word_1_104' title='bbox 401 929 606 971; x_wconf 78' lang='grc' dir='ltr'><strong><em>ύπειςιέναι,</em></strong></span> <span class='ocrx_word' id='word_1_105' title='bbox 631 933 690 964; x_wconf 84' lang='grc' dir='ltr'><em>καὶ</em></span> <span class='ocrx_word' id='word_1_106' title='bbox 713 931 803 964; x_wconf 79' lang='grc' dir='ltr'><strong><em>ποτὲ</em></strong></span> <span class='ocrx_word' id='word_1_107' title='bbox 826 932 892 974; x_wconf 83' lang='grc' dir='ltr'><em>μὲν</em></span> <span class='ocrx_word' id='word_1_108' title='bbox 916 928 1004 964; x_wconf 67' lang='grc' dir='ltr'><strong><em>αὐτὸ</em></strong></span> <span class='ocrx_word' id='word_1_109' title='bbox 1028 931 1138 964; x_wconf 85' lang='grc' dir='ltr'><strong><em>τοῦτο</em></strong></span> <span class='ocrx_word' id='word_1_110' title='bbox 1162 932 1203 963; x_wconf 89' lang='grc' dir='ltr'><em>ἐν</em></span> <span class='ocrx_word' id='word_1_111' title='bbox 1225 927 1429 976; x_wconf 74' lang='grc' dir='ltr'><em>ὁμολογίαις</em></span> <span class='ocrx_word' id='word_1_112' title='bbox 1453 930 1680 977; x_wconf 76' lang='grc' dir='ltr'><strong><em>συγγράφειν,</em></strong></span> <span class='ocrx_word' id='word_1_113' title='bbox 1705 933 1795 967; x_wconf 70' lang='grc' dir='ltr'><strong><em>ποτε</em></strong></span> <span class='ocrx_word' id='word_1_114' title='bbox 1818 930 1858 965; x_wconf 85' lang='grc' dir='ltr'><em>δὲ</em></span> <span class='ocrx_word' id='word_1_115' title='bbox 1881 929 1942 965; x_wconf 81' lang='grc' dir='ltr'><em>διὰ</em></span> <span class='ocrx_word' id='word_1_116' title='bbox 1966 931 2034 975; x_wconf 85' lang='grc' dir='ltr'><em>τὴν</em></span> <span class='ocrx_word' id='word_1_117' title='bbox 2058 934 2096 965; x_wconf 75' lang='grc' dir='ltr'><strong><em>ἐκ</em></strong></span> <span class='ocrx_word' id='word_1_118' title='bbox 2119 933 2182 965; x_wconf 80' lang='grc' dir='ltr'><em>τοῦ</em></span> <span class='ocrx_word' id='word_1_119' title='bbox 2206 929 2474 975; x_wconf 79' lang='grc' dir='ltr'><strong><em>συμβάλλοντος</em></strong></span> 
     </span>
     <span class='ocr_line' id='line_1_12' title="bbox 255 971 2474 1022; baseline -0 -13"><span class='ocrx_word' id='word_1_120' title='bbox 255 979 382 1009; x_wconf 83' lang='grc' dir='ltr'><strong><em>πίστιν</em></strong></span> <span class='ocrx_word' id='word_1_121' title='bbox 411 978 470 1008; x_wconf 84' lang='grc' dir='ltr'><em>καὶ</em></span> <span class='ocrx_word' id='word_1_122' title='bbox 502 971 672 1022; x_wconf 76' lang='grc' dir='ltr'><strong><em>ἀγράφως</em></strong></span> <span class='ocrx_word' id='word_1_123' title='bbox 701 972 821 1009; x_wconf 77' lang='grc' dir='ltr'><strong><em>αὐτοῖς</em></strong></span> <span class='ocrx_word' id='word_1_124' title='bbox 851 974 1086 1008; x_wconf 74' lang='grc' dir='ltr'><strong><em>ἐντείλασθαι</em></strong></span> <span class='ocrx_word' id='word_1_125' title='bbox 1109 976 1218 1009; x_wconf 83' lang='grc' dir='ltr'><strong><em>τοῦτο</em></strong></span> <span class='ocrx_word' id='word_1_126' title='bbox 1241 978 1370 1017; x_wconf 80' lang='grc' dir='ltr'><strong><em>ποιεῖν,</em></strong></span> <span class='ocrx_word' id='word_1_127' title='bbox 1395 976 1541 1010; x_wconf 78' lang='grc' dir='ltr'><strong><em>ἑαυτούς</em></strong></span> <span class='ocrx_word' id='word_1_128' title='bbox 1565 974 1604 1009; x_wconf 74' lang='grc' dir='ltr'><em>δὲ</em></span> <span class='ocrx_word' id='word_1_129' title='bbox 1626 978 1704 1009; x_wconf 86' lang='grc' dir='ltr'><strong><em>ταῖς</em></strong></span> <span class='ocrx_word' id='word_1_130' title='bbox 1727 977 1875 1010; x_wconf 80' lang='grc' dir='ltr'><strong><em>ἐκείνων</em></strong></span> <span class='ocrx_word' id='word_1_131' title='bbox 1898 974 2081 1019; x_wconf 75' lang='grc' dir='ltr'><strong><em>αἰτήσεων</em></strong></span> <span class='ocrx_word' id='word_1_132' title='bbox 2105 974 2315 1010; x_wconf 68' lang='grc' dir='ltr'><strong><em>ἐνδιδόντας</em></strong></span> <span class='ocrx_word' id='word_1_133' title='bbox 2339 973 2474 1022; x_wconf 82' lang='grc' dir='ltr'><strong><em>ὁρίζειν</em></strong></span> 
     </span>
     <span class='ocr_line' id='line_1_13' title="bbox 255 1016 2474 1067; baseline -0 -13"><span class='ocrx_word' id='word_1_134' title='bbox 255 1018 386 1065; x_wconf 78' lang='grc' dir='ltr'><strong><em>χρόνον</em></strong></span> <span class='ocrx_word' id='word_1_135' title='bbox 415 1018 526 1066; x_wconf 76' lang='grc' dir='ltr'><strong><em>ῥητὸν</em></strong></span> <span class='ocrx_word' id='word_1_136' title='bbox 559 1019 647 1065; x_wconf 80' lang='grc' dir='ltr'><strong><em>πρὸς</em></strong></span> <span class='ocrx_word' id='word_1_137' title='bbox 673 1019 755 1053; x_wconf 77' lang='grc' dir='ltr'><strong><em>τοὺς</em></strong></span> <span class='ocrx_word' id='word_1_138' title='bbox 787 1019 1019 1062; x_wconf 69' lang='grc' dir='ltr'><strong><em>ἐνοχλοῦντας</em></strong></span> <span class='ocrx_word' id='word_1_139' title='bbox 1050 1016 1183 1061; x_wconf 66' lang='lat' dir='ltr'><em>niveis,</em></span> <span class='ocrx_word' id='word_1_140' title='bbox 1217 1017 1304 1054; x_wconf 79' lang='grc' dir='ltr'><strong><em>ὦςτε</em></strong></span> <span class='ocrx_word' id='word_1_141' title='bbox 1333 1020 1420 1054; x_wconf 82' lang='grc' dir='ltr'><strong><em>εἴσω</em></strong></span> <span class='ocrx_word' id='word_1_142' title='bbox 1454 1021 1584 1055; x_wconf 86' lang='grc' dir='ltr'><strong><em>τούτου</em></strong></span> <span class='ocrx_word' id='word_1_143' title='bbox 1616 1019 1764 1054; x_wconf 84' lang='grc' dir='ltr'><strong><em>πάνιως</em></strong></span> <span class='ocrx_word' id='word_1_144' title='bbox 1793 1019 1860 1055; x_wconf 87' lang='grc' dir='ltr'><em>τὸν</em></span> <span class='ocrx_word' id='word_1_145' title='bbox 1891 1019 2153 1067; x_wconf 79' lang='grc' dir='ltr'><strong><em>ἅντιφωνητὴν</em></strong></span> <span class='ocrx_word' id='word_1_146' title='bbox 2183 1021 2401 1055; x_wconf 73' lang='grc' dir='ltr'><strong><em>καταθεῖναι</em></strong></span> <span class='ocrx_word' id='word_1_147' title='bbox 2431 1018 2474 1053; x_wconf 86' lang='grc' dir='ltr'><em>τὸ</em></span> 
     </span>
     <span class='ocr_line' id='line_1_14' title="bbox 256 1062 2475 1113; baseline 0 -16"><span class='ocrx_word' id='word_1_148' title='bbox 256 1063 417 1108; x_wconf 78' lang='grc' dir='ltr'><strong><em>ὄφλημα·</em></strong></span> <span class='ocrx_word' id='word_1_149' title='bbox 449 1063 596 1099; x_wconf 76' lang='grc' dir='ltr'><strong><em>ἑαυτούς</em></strong></span> <span class='ocrx_word' id='word_1_150' title='bbox 623 1063 663 1098; x_wconf 75' lang='grc' dir='ltr'><em>δὲ</em></span> <span class='ocrx_word' id='word_1_151' title='bbox 695 1066 840 1099; x_wconf 85' lang='grc' dir='ltr'><strong><em>ἐκείνοις</em></strong></span> <span class='ocrx_word' id='word_1_152' title='bbox 871 1062 956 1098; x_wconf 74' lang='grc' dir='ltr'><strong><em>ἀντι</em></strong></span> <span class='ocrx_word' id='word_1_153' title='bbox 987 1067 1105 1107; x_wconf 87' lang='grc' dir='ltr'><strong><em>ωνεῖν,</em></strong></span> <span class='ocrx_word' id='word_1_154' title='bbox 1137 1064 1215 1098; x_wconf 80' lang='grc' dir='ltr'><strong><em>εἶτα</em></strong></span> <span class='ocrx_word' id='word_1_155' title='bbox 1251 1066 1313 1107; x_wconf 84' lang='grc' dir='ltr'><em>τῆς</em></span> <span class='ocrx_word' id='word_1_156' title='bbox 1336 1065 1563 1109; x_wconf 73' lang='grc' dir='ltr'><strong><em>προθεσμίας</em></strong></span> <span class='ocrx_word' id='word_1_157' title='bbox 1586 1065 1761 1108; x_wconf 76' lang='grc' dir='ltr'><strong><em>ἐνστάσης</em></strong></span> <span class='ocrx_word' id='word_1_158' title='bbox 1780 1063 2023 1113; x_wconf 74' lang='grc' dir='ltr'><strong><em>ἀπραγμόνως</em></strong></span> <span class='ocrx_word' id='word_1_159' title='bbox 2047 1069 2164 1101; x_wconf 82' lang='grc' dir='ltr'><strong><em>ποιεῖν</em></strong></span> <span class='ocrx_word' id='word_1_160' title='bbox 2186 1064 2228 1100; x_wconf 79' lang='grc' dir='ltr'><em>τὸ</em></span> <span class='ocrx_word' id='word_1_161' title='bbox 2254 1064 2380 1099; x_wconf 83' lang='grc' dir='ltr'><strong><em>ἱκανὸν</em></strong></span> <span class='ocrx_word' id='word_1_162' title='bbox 2402 1067 2475 1098; x_wconf 87' lang='grc' dir='ltr'><strong><em>τοῖς</em></strong></span> 
     </span>
     <span class='ocr_line' id='line_1_15' title="bbox 255 1107 2474 1156; baseline -0 -13"><span class='ocrx_word' id='word_1_163' title='bbox 255 1109 317 1143; x_wconf 73' lang='grc' dir='ltr'><em>τὰς</em></span> <span class='ocrx_word' id='word_1_164' title='bbox 347 1107 611 1155; x_wconf 84' lang='grc' dir='ltr'><strong><em>ἀντιφωνήσεις</em></strong></span> <span class='ocrx_word' id='word_1_165' title='bbox 640 1108 849 1153; x_wconf 80' lang='grc' dir='ltr'><strong><em>δεχομένοις,</em></strong></span> <span class='ocrx_word' id='word_1_166' title='bbox 880 1107 954 1142; x_wconf 80' lang='grc' dir='ltr'><em>ἀνα</em></span> <span class='ocrx_word' id='word_1_167' title='bbox 977 1107 1223 1153; x_wconf 83' lang='grc' dir='ltr'><strong><em>αμβανόντων</em></strong></span> <span class='ocrx_word' id='word_1_168' title='bbox 1252 1110 1330 1143; x_wconf 86' lang='grc' dir='ltr'><em>τῶν</em></span> <span class='ocrx_word' id='word_1_169' title='bbox 1359 1108 1584 1144; x_wconf 75' lang='grc' dir='ltr'><strong><em>ὑπευθύνων</em></strong></span> <span class='ocrx_word' id='word_1_170' title='bbox 1614 1110 1700 1143; x_wconf 78' lang='grc' dir='ltr'><strong><em>ἴσως</em></strong></span> <span class='ocrx_word' id='word_1_171' title='bbox 1723 1113 1782 1143; x_wconf 85' lang='grc' dir='ltr'><em>καὶ</em></span> <span class='ocrx_word' id='word_1_172' title='bbox 1805 1113 1870 1145; x_wconf 82' lang='grc' dir='ltr'><em>τὰς</em></span> <span class='ocrx_word' id='word_1_173' title='bbox 1892 1111 2080 1145; x_wconf 83' lang='grc' dir='ltr'><strong><em>δανειακὰς</em></strong></span> <span class='ocrx_word' id='word_1_174' title='bbox 2103 1110 2304 1156; x_wconf 83' lang='grc' dir='ltr'><strong><em>συγγραφὰς</em></strong></span> <span class='ocrx_word' id='word_1_175' title='bbox 2327 1112 2386 1143; x_wconf 82' lang='grc' dir='ltr'><em>καὶ</em></span> <span class='ocrx_word' id='word_1_176' title='bbox 2410 1107 2474 1143; x_wconf 81' lang='grc' dir='ltr'><em>τὰς</em></span> 
     </span>
     <span class='ocr_line' id='line_1_16' title="bbox 256 1151 2472 1201; baseline 0 -15"><span class='ocrx_word' id='word_1_177' title='bbox 256 1152 444 1200; x_wconf 79' lang='grc' dir='ltr'><strong><em>ὁμολογίας</em></strong></span> <span class='ocrx_word' id='word_1_178' title='bbox 472 1153 537 1188; x_wconf 82' lang='grc' dir='ltr'><em>τὰς</em></span> <span class='ocrx_word' id='word_1_179' title='bbox 569 1151 692 1188; x_wconf 79' lang='grc' dir='ltr'><strong><em>αὐτῶν</em></strong></span> <span class='ocrx_word' id='word_1_180' title='bbox 724 1151 747 1196; x_wconf 87' lang='grc' dir='ltr'><em>ἢ</em></span> <span class='ocrx_word' id='word_1_181' title='bbox 777 1157 836 1187; x_wconf 82' lang='grc' dir='ltr'><em>καὶ</em></span> <span class='ocrx_word' id='word_1_182' title='bbox 866 1151 1041 1188; x_wconf 73' lang='grc' dir='ltr'><strong><em>διαλύσεις</em></strong></span> <span class='ocrx_word' id='word_1_183' title='bbox 1071 1152 1351 1198; x_wconf 84' lang='grc' dir='ltr'><strong><em>λαμβανόντων,</em></strong></span> <span class='ocrx_word' id='word_1_184' title='bbox 1383 1151 1431 1188; x_wconf 66' lang='grc' dir='ltr'><em>αἷς</em></span> <span class='ocrx_word' id='word_1_185' title='bbox 1462 1155 1503 1189; x_wconf 89' lang='grc' dir='ltr'><em>τὸ</em></span> <span class='ocrx_word' id='word_1_186' title='bbox 1535 1151 1690 1199; x_wconf 75' lang='grc' dir='ltr'><strong><em>ἀσφαλὲς</em></strong></span> <span class='ocrx_word' id='word_1_187' title='bbox 1722 1152 1781 1188; x_wconf 84' lang='grc' dir='ltr'><em>διὰ</em></span> <span class='ocrx_word' id='word_1_188' title='bbox 1811 1156 1872 1198; x_wconf 77' lang='grc' dir='ltr'><em>τῆς</em></span> <span class='ocrx_word' id='word_1_189' title='bbox 1902 1154 2183 1201; x_wconf 86' lang='grc' dir='ltr'><strong><em>ἆντιφωνήσεως</em></strong></span> <span class='ocrx_word' id='word_1_190' title='bbox 2206 1152 2472 1197; x_wconf 83' lang='grc' dir='ltr'><strong><em>πεποιηκότων.</em></strong></span> 
     </span>
     <span class='ocr_line' id='line_1_17' title="bbox 255 1197 2474 1245; baseline 0 -13"><span class='ocrx_word' id='word_1_191' title='bbox 255 1197 405 1232; x_wconf 75' lang='grc' dir='ltr'><strong><em>πολλούς</em></strong></span> <span class='ocrx_word' id='word_1_192' title='bbox 438 1197 478 1233; x_wconf 78' lang='grc' dir='ltr'><em>δὲ</em></span> <span class='ocrx_word' id='word_1_193' title='bbox 506 1202 566 1232; x_wconf 81' lang='grc' dir='ltr'><em>καὶ</em></span> <span class='ocrx_word' id='word_1_194' title='bbox 597 1200 777 1241; x_wconf 80' lang='grc' dir='ltr'><strong><em>ἐπιτυχεῖν</em></strong></span> <span class='ocrx_word' id='word_1_195' title='bbox 807 1210 904 1233; x_wconf 83' lang='grc' dir='ltr'><strong><em>τινος</em></strong></span> <span class='ocrx_word' id='word_1_196' title='bbox 935 1197 1182 1242; x_wconf 73' lang='grc' dir='ltr'><strong><em>βουληθέντας</em></strong></span> <span class='ocrx_word' id='word_1_197' title='bbox 1212 1198 1235 1241; x_wconf 86' lang='grc' dir='ltr'><em>ἢ</em></span> <span class='ocrx_word' id='word_1_198' title='bbox 1257 1202 1317 1232; x_wconf 83' lang='grc' dir='ltr'><em>καὶ</em></span> <span class='ocrx_word' id='word_1_199' title='bbox 1339 1197 1574 1243; x_wconf 77' lang='grc' dir='ltr'><strong><em>βουλομένους</em></strong></span> <span class='ocrx_word' id='word_1_200' title='bbox 1598 1198 1809 1244; x_wconf 85' lang='grc' dir='ltr'><strong><em>πράγματος</em></strong></span> <span class='ocrx_word' id='word_1_201' title='bbox 1831 1199 2066 1234; x_wconf 75' lang='grc' dir='ltr'><strong><em>ἐντείλασθαι</em></strong></span> <span class='ocrx_word' id='word_1_202' title='bbox 2090 1198 2211 1234; x_wconf 78' lang='grc' dir='ltr'><strong><em>αὐτοῖς</em></strong></span> <span class='ocrx_word' id='word_1_203' title='bbox 2235 1197 2327 1245; x_wconf 70' lang='grc' dir='ltr'><strong><em>ὑπὲρ</em></strong></span> <span class='ocrx_word' id='word_1_204' title='bbox 2352 1198 2474 1232; x_wconf 81' lang='grc' dir='ltr'><strong><em>αὐτῶν</em></strong></span> 
     </span>
     <span class='ocr_line' id='line_1_18' title="bbox 255 1240 2476 1290; baseline 0 -13"><span class='ocrx_word' id='word_1_205' title='bbox 255 1240 511 1288; x_wconf 77' lang='grc' dir='ltr'><strong><em>ἆντιφωνῆσαι</em></strong></span> <span class='ocrx_word' id='word_1_206' title='bbox 543 1241 737 1289; x_wconf 82' lang='grc' dir='ltr'><strong><em>χρημάτων</em></strong></span> <span class='ocrx_word' id='word_1_207' title='bbox 766 1245 883 1277; x_wconf 78' lang='grc' dir='ltr'><strong><em>τινῶν</em></strong></span> <span class='ocrx_word' id='word_1_208' title='bbox 914 1240 935 1286; x_wconf 85' lang='grc' dir='ltr'>ἢ</span> <span class='ocrx_word' id='word_1_209' title='bbox 967 1243 1196 1290; x_wconf 84' lang='grc' dir='ltr'><strong><em>πραγμάτων</em></strong></span> <span class='ocrx_word' id='word_1_210' title='bbox 1221 1241 1346 1285; x_wconf 85' lang='grc' dir='ltr'><strong><em>δόσεις,</em></strong></span> <span class='ocrx_word' id='word_1_211' title='bbox 1379 1248 1438 1277; x_wconf 84' lang='grc' dir='ltr'><em>καὶ</em></span> <span class='ocrx_word' id='word_1_212' title='bbox 1461 1247 1534 1278; x_wconf 89' lang='grc' dir='ltr'><strong><em>τοῖς</em></strong></span> <span class='ocrx_word' id='word_1_213' title='bbox 1556 1246 1624 1287; x_wconf 75' lang='grc' dir='ltr'><em>μὲν</em></span> <span class='ocrx_word' id='word_1_214' title='bbox 1647 1244 1926 1287; x_wconf 72' lang='grc' dir='ltr'><strong><em>κατορθοῦσθαι</em></strong></span> <span class='ocrx_word' id='word_1_215' title='bbox 1949 1243 1992 1279; x_wconf 84' lang='grc' dir='ltr'><em>τὸ</em></span> <span class='ocrx_word' id='word_1_216' title='bbox 2017 1244 2322 1288; x_wconf 79' lang='grc' dir='ltr'><strong><em>σπουδαζόμενον,</em></strong></span> <span class='ocrx_word' id='word_1_217' title='bbox 2346 1241 2476 1278; x_wconf 75' lang='grc' dir='ltr'><strong><em>αὐτοὺς</em></strong></span> 
     </span>
     <span class='ocr_line' id='line_1_19' title="bbox 256 1285 2474 1334; baseline 0 -13"><span class='ocrx_word' id='word_1_218' title='bbox 256 1287 296 1322; x_wconf 80' lang='grc' dir='ltr'><em>δὲ</em></span> <span class='ocrx_word' id='word_1_219' title='bbox 318 1286 466 1330; x_wconf 80' lang='grc' dir='ltr'><strong><em>ἀμελητὶ</em></strong></span> <span class='ocrx_word' id='word_1_220' title='bbox 489 1288 730 1323; x_wconf 66' lang='grc' dir='ltr'><strong><em>κατατιθέναι</em></strong></span> <span class='ocrx_word' id='word_1_221' title='bbox 752 1286 793 1322; x_wconf 83' lang='grc' dir='ltr'><em>τὸ</em></span> <span class='ocrx_word' id='word_1_222' title='bbox 817 1291 962 1333; x_wconf 85' lang='grc' dir='ltr'><strong><em>χρυσίον</em></strong></span> <span class='ocrx_word' id='word_1_223' title='bbox 985 1288 1007 1331; x_wconf 85' lang='grc' dir='ltr'><em>ἢ</em></span> <span class='ocrx_word' id='word_1_224' title='bbox 1030 1288 1076 1322; x_wconf 85' lang='grc' dir='ltr'><em>τὰ</em></span> <span class='ocrx_word' id='word_1_225' title='bbox 1101 1285 1309 1334; x_wconf 84' lang='grc' dir='ltr'><strong><em>πράγματα,</em></strong></span> <span class='ocrx_word' id='word_1_226' title='bbox 1342 1291 1402 1321; x_wconf 88' lang='grc' dir='ltr'><em>καὶ</em></span> <span class='ocrx_word' id='word_1_227' title='bbox 1425 1285 1546 1322; x_wconf 80' lang='grc' dir='ltr'><strong><em>ἁπλῶς</em></strong></span> <span class='ocrx_word' id='word_1_228' title='bbox 1569 1285 1665 1323; x_wconf 65' lang='grc' dir='ltr'><strong><em>οὕτω</em></strong></span> <span class='ocrx_word' id='word_1_229' title='bbox 1688 1289 1860 1334; x_wconf 74' lang='grc' dir='ltr'><strong><em>γίνεσθαι</em></strong></span> <span class='ocrx_word' id='word_1_230' title='bbox 1884 1288 1948 1324; x_wconf 79' lang='grc' dir='ltr'><em>τὰς</em></span> <span class='ocrx_word' id='word_1_231' title='bbox 1972 1288 2246 1334; x_wconf 77' lang='grc' dir='ltr'><strong><em>ἅντιφωνήσεις,</em></strong></span> <span class='ocrx_word' id='word_1_232' title='bbox 2271 1287 2336 1322; x_wconf 86' lang='grc' dir='ltr'><strong><em>ούκ</em></strong></span> <span class='ocrx_word' id='word_1_233' title='bbox 2359 1286 2474 1322; x_wconf 75' lang='grc' dir='ltr'><strong><em>ἐντελ-</em></strong></span> 
     </span>
     <span class='ocr_line' id='line_1_20' title="bbox 256 1330 2472 1379; baseline -0 -12"><span class='ocrx_word' id='word_1_234' title='bbox 256 1332 420 1373; x_wconf 76' lang='grc' dir='ltr'><strong><em>λομένων</em></strong></span> <span class='ocrx_word' id='word_1_235' title='bbox 450 1330 573 1366; x_wconf 76' lang='grc' dir='ltr'><strong><em>αὐτῶν</em></strong></span> <span class='ocrx_word' id='word_1_236' title='bbox 604 1336 689 1375; x_wconf 84' lang='grc' dir='ltr'><strong><em>[καὶ]</em></strong></span> <span class='ocrx_word' id='word_1_237' title='bbox 719 1332 768 1377; x_wconf 86' lang='grc' dir='ltr'><strong><em>μὴ</em></strong></span> <span class='ocrx_word' id='word_1_238' title='bbox 801 1332 917 1366; x_wconf 79' lang='grc' dir='ltr'><strong><em>ἄλλως</em></strong></span> <span class='ocrx_word' id='word_1_239' title='bbox 948 1333 990 1367; x_wconf 90' lang='grc' dir='ltr'><em>τὸ</em></span> <span class='ocrx_word' id='word_1_240' title='bbox 1015 1337 1159 1378; x_wconf 81' lang='grc' dir='ltr'><strong><em>χρυσίον</em></strong></span> <span class='ocrx_word' id='word_1_241' title='bbox 1182 1331 1206 1374; x_wconf 76' lang='grc' dir='ltr'><em>ἢ</em></span> <span class='ocrx_word' id='word_1_242' title='bbox 1230 1331 1277 1367; x_wconf 79' lang='grc' dir='ltr'><em>τὰ</em></span> <span class='ocrx_word' id='word_1_243' title='bbox 1301 1331 1495 1379; x_wconf 82' lang='grc' dir='ltr'><strong><em>πράγματα</em></strong></span> <span class='ocrx_word' id='word_1_244' title='bbox 1518 1332 1771 1377; x_wconf 83' lang='grc' dir='ltr'><strong><em>καταβάλλειν,</em></strong></span> <span class='ocrx_word' id='word_1_245' title='bbox 1794 1337 1882 1378; x_wconf 86' lang='grc' dir='ltr'><strong><em>πρὶν</em></strong></span> <span class='ocrx_word' id='word_1_246' title='bbox 1906 1331 1950 1368; x_wconf 79' lang='grc' dir='ltr'><em>ἂν</em></span> <span class='ocrx_word' id='word_1_247' title='bbox 1973 1332 1992 1367; x_wconf 82' lang='grc' dir='ltr'>ὁ</span> <span class='ocrx_word' id='word_1_248' title='bbox 2018 1334 2087 1377; x_wconf 87' lang='grc' dir='ltr'><em>τὴν</em></span> <span class='ocrx_word' id='word_1_249' title='bbox 2111 1331 2364 1379; x_wconf 77' lang='grc' dir='ltr'><strong><em>ἄντιφώνησιν</em></strong></span> <span class='ocrx_word' id='word_1_250' title='bbox 2387 1331 2472 1377; x_wconf 83' lang='grc' dir='ltr'><strong><em>λαμ·</em></strong></span> 
     </span>
     <span class='ocr_line' id='line_1_21' title="bbox 254 1375 2476 1423; baseline 0 -13"><span class='ocrx_word' id='word_1_251' title='bbox 254 1377 385 1422; x_wconf 76' lang='grc' dir='ltr'><strong><em>βάνων</em></strong></span> <span class='ocrx_word' id='word_1_252' title='bbox 416 1375 604 1418; x_wconf 80' lang='grc' dir='ltr'><strong><em>ἀπόδειξιν</em></strong></span> <span class='ocrx_word' id='word_1_253' title='bbox 635 1378 714 1411; x_wconf 80' lang='grc' dir='ltr'><em>τῶν</em></span> <span class='ocrx_word' id='word_1_254' title='bbox 744 1376 941 1420; x_wconf 83' lang='grc' dir='ltr'><strong><em>χρημάτων</em></strong></span> <span class='ocrx_word' id='word_1_255' title='bbox 969 1376 993 1420; x_wconf 85' lang='grc' dir='ltr'><em>ἢ</em></span> <span class='ocrx_word' id='word_1_256' title='bbox 1025 1378 1100 1412; x_wconf 82' lang='grc' dir='ltr'><em>τῶν</em></span> <span class='ocrx_word' id='word_1_257' title='bbox 1131 1376 1357 1423; x_wconf 76' lang='grc' dir='ltr'><strong><em>πραγμάτων</em></strong></span> <span class='ocrx_word' id='word_1_258' title='bbox 1389 1375 1582 1421; x_wconf 84' lang='grc' dir='ltr'><strong><em>ποιήσαιτο</em></strong></span> <span class='ocrx_word' id='word_1_259' title='bbox 1613 1376 1636 1421; x_wconf 84' lang='grc' dir='ltr'><em>ἢ</em></span> <span class='ocrx_word' id='word_1_260' title='bbox 1659 1377 1862 1412; x_wconf 77' lang='grc' dir='ltr'><strong><em>κατάθοιτο</em></strong></span> <span class='ocrx_word' id='word_1_261' title='bbox 1886 1380 2003 1412; x_wconf 86' lang='grc' dir='ltr'><strong><em>ταῦτα</em></strong></span> <span class='ocrx_word' id='word_1_262' title='bbox 2027 1378 2219 1423; x_wconf 75' lang='grc' dir='ltr'><strong><em>εἰληφέναι.</em></strong></span> <span class='ocrx_word' id='word_1_263' title='bbox 2265 1380 2324 1412; x_wconf 77' lang='grc' dir='ltr'><em>καὶ</em></span> <span class='ocrx_word' id='word_1_264' title='bbox 2348 1375 2476 1412; x_wconf 72' lang='grc' dir='ltr'><strong><em>αὐτοῦς</em></strong></span> 
     </span>
     <span class='ocr_line' id='line_1_22' title="bbox 253 1418 2472 1468; baseline 0 -13"><span class='ocrx_word' id='word_1_265' title='bbox 253 1425 321 1466; x_wconf 84' lang='grc' dir='ltr'><em>μὲν</em></span> <span class='ocrx_word' id='word_1_266' title='bbox 344 1426 512 1468; x_wconf 76' lang='grc' dir='ltr'><strong><em>παρέχειν</em></strong></span> <span class='ocrx_word' id='word_1_267' title='bbox 534 1421 578 1456; x_wconf 84' lang='grc' dir='ltr'><em>τὸ</em></span> <span class='ocrx_word' id='word_1_268' title='bbox 597 1426 743 1468; x_wconf 82' lang='grc' dir='ltr'><strong><em>χρυσίον</em></strong></span> <span class='ocrx_word' id='word_1_269' title='bbox 767 1421 791 1465; x_wconf 82' lang='grc' dir='ltr'><em>ἢ</em></span> <span class='ocrx_word' id='word_1_270' title='bbox 813 1421 860 1457; x_wconf 79' lang='grc' dir='ltr'><em>τὰ</em></span> <span class='ocrx_word' id='word_1_271' title='bbox 883 1421 956 1468; x_wconf 79' lang='grc' dir='ltr'><em>πρά</em></span> <span class='ocrx_word' id='word_1_272' title='bbox 982 1436 1091 1466; x_wconf 85' lang='grc' dir='ltr'><strong><em>ματα,</em></strong></span> <span class='ocrx_word' id='word_1_273' title='bbox 1117 1418 1270 1467; x_wconf 69' lang='grc' dir='ltr'><strong><em>ὕστερον</em></strong></span> <span class='ocrx_word' id='word_1_274' title='bbox 1292 1421 1333 1456; x_wconf 73' lang='grc' dir='ltr'><em>δὲ</em></span> <span class='ocrx_word' id='word_1_275' title='bbox 1356 1420 1636 1468; x_wconf 76' lang='grc' dir='ltr'><strong><em>ἀμφιςθητήσεις</em></strong></span> <span class='ocrx_word' id='word_1_276' title='bbox 1659 1425 1754 1465; x_wconf 73' lang='grc' dir='ltr'><strong><em>ἔχειν</em></strong></span> <span class='ocrx_word' id='word_1_277' title='bbox 1777 1425 1927 1458; x_wconf 81' lang='grc' dir='ltr'><strong><em>ἐκείνων</em></strong></span> <span class='ocrx_word' id='word_1_278' title='bbox 1951 1420 2149 1464; x_wconf 79' lang='grc' dir='ltr'><strong><em>ἀποδείξεις</em></strong></span> <span class='ocrx_word' id='word_1_279' title='bbox 2172 1422 2382 1466; x_wconf 82' lang='grc' dir='ltr'><strong><em>ζητούντων</em></strong></span> <span class='ocrx_word' id='word_1_280' title='bbox 2407 1423 2472 1456; x_wconf 82' lang='grc' dir='ltr'><em>τοῦ</em></span> 
     </span>
     <span class='ocr_line' id='line_1_23' title="bbox 254 1464 2475 1514; baseline -0.001 -13"><span class='ocrx_word' id='word_1_281' title='bbox 254 1469 297 1501; x_wconf 82' lang='grc' dir='ltr'><em>τὸ</em></span> <span class='ocrx_word' id='word_1_282' title='bbox 325 1472 472 1512; x_wconf 86' lang='grc' dir='ltr'><strong><em>χρυσίον</em></strong></span> <span class='ocrx_word' id='word_1_283' title='bbox 502 1465 526 1510; x_wconf 84' lang='grc' dir='ltr'><em>ἢ</em></span> <span class='ocrx_word' id='word_1_284' title='bbox 549 1465 594 1501; x_wconf 82' lang='grc' dir='ltr'><em>τὰ</em></span> <span class='ocrx_word' id='word_1_285' title='bbox 618 1466 811 1513; x_wconf 84' lang='grc' dir='ltr'><strong><em>πράγματα</em></strong></span> <span class='ocrx_word' id='word_1_286' title='bbox 836 1465 942 1501; x_wconf 81' lang='grc' dir='ltr'><strong><em>δεδόσ</em></strong></span> <span class='ocrx_word' id='word_1_287' title='bbox 977 1479 1031 1501; x_wconf 91' lang='grc' dir='ltr'><em>αι·</em></span> <span class='ocrx_word' id='word_1_288' title='bbox 1057 1469 1206 1514; x_wconf 80' lang='grc' dir='ltr'><strong><em>πρᾶγμα</em></strong></span> <span class='ocrx_word' id='word_1_289' title='bbox 1229 1471 1412 1501; x_wconf 79' lang='grc' dir='ltr'><strong><em>παντοίως</em></strong></span> <span class='ocrx_word' id='word_1_290' title='bbox 1437 1464 1623 1511; x_wconf 80' lang='grc' dir='ltr'><strong><em>ἀμήχανον</em></strong></span> <span class='ocrx_word' id='word_1_291' title='bbox 1646 1471 1706 1501; x_wconf 80' lang='grc' dir='ltr'><em>καὶ</em></span> <span class='ocrx_word' id='word_1_292' title='bbox 1730 1468 1889 1514; x_wconf 84' lang='grc' dir='ltr'><strong><em>φοβερὸν</em></strong></span> <span class='ocrx_word' id='word_1_293' title='bbox 1914 1466 2032 1502; x_wconf 75' lang='grc' dir='ltr'><strong><em>αὐτοῖς</em></strong></span> <span class='ocrx_word' id='word_1_294' title='bbox 2055 1465 2229 1513; x_wconf 70' lang='grc' dir='ltr'><strong><em>ὑπάρχον,</em></strong></span> <span class='ocrx_word' id='word_1_295' title='bbox 2253 1466 2385 1511; x_wconf 83' lang='grc' dir='ltr'><strong><em>ὁμοίως</em></strong></span> <span class='ocrx_word' id='word_1_296' title='bbox 2407 1468 2475 1510; x_wconf 74' lang='grc' dir='ltr'><em>μὲν</em></span> 
     </span>
     <span class='ocr_line' id='line_1_24' title="bbox 255 1507 2477 1559; baseline -0 -13"><span class='ocrx_word' id='word_1_297' title='bbox 255 1512 297 1546; x_wconf 86' lang='grc' dir='ltr'><em>τὸ</em></span> <span class='ocrx_word' id='word_1_298' title='bbox 331 1512 556 1557; x_wconf 74' lang='grc' dir='ltr'><strong><em>παρῳχηκός,</em></strong></span> <span class='ocrx_word' id='word_1_299' title='bbox 585 1510 716 1554; x_wconf 86' lang='grc' dir='ltr'><strong><em>ὁμοίως</em></strong></span> <span class='ocrx_word' id='word_1_300' title='bbox 745 1510 785 1546; x_wconf 73' lang='grc' dir='ltr'><em>δὲ</em></span> <span class='ocrx_word' id='word_1_301' title='bbox 813 1512 854 1547; x_wconf 71' lang='lat' dir='ltr'><em>‘co&#39;</em></span> <span class='ocrx_word' id='word_1_302' title='bbox 890 1511 1128 1554; x_wconf 77' lang='grc' dir='ltr'><strong><em>ἐλπιζόμενον</em></strong></span> <span class='ocrx_word' id='word_1_303' title='bbox 1153 1527 1169 1543; x_wconf 67' lang='grc' dir='ltr'>ι</span> <span class='ocrx_word' id='word_1_304' title='bbox 1187 1526 1204 1543; x_wconf 62' lang='grc' dir='ltr'><strong><em>ι</em></strong></span> <span class='ocrx_word' id='word_1_305' title='bbox 1222 1526 1250 1554; x_wconf 65' lang='grc' dir='ltr'><strong><em>α,</em></strong></span> <span class='ocrx_word' id='word_1_306' title='bbox 1283 1509 1375 1556; x_wconf 79' lang='grc' dir='ltr'><strong><em>ὅπερ</em></strong></span> <span class='ocrx_word' id='word_1_307' title='bbox 1405 1513 1482 1547; x_wconf 78' lang='grc' dir='ltr'><em>τῶν</em></span> <span class='ocrx_word' id='word_1_308' title='bbox 1506 1510 1698 1546; x_wconf 83' lang='grc' dir='ltr'><strong><em>ἀδυνάτων</em></strong></span> <span class='ocrx_word' id='word_1_309' title='bbox 1722 1514 1833 1547; x_wconf 84' lang='grc' dir='ltr'><strong><em>ἐστίν.</em></strong></span> <span class='ocrx_word' id='word_1_310' title='bbox 1879 1516 1933 1547; x_wconf 82' lang='grc' dir='ltr'><em>τίς</em></span> <span class='ocrx_word' id='word_1_311' title='bbox 1954 1513 2024 1559; x_wconf 80' lang='grc' dir='ltr'><strong><em>γὰρ</em></strong></span> <span class='ocrx_word' id='word_1_312' title='bbox 2049 1511 2096 1547; x_wconf 78' lang='grc' dir='ltr'><em>ἄν</em></span> <span class='ocrx_word' id='word_1_313' title='bbox 2118 1514 2197 1547; x_wconf 84' lang='grc' dir='ltr'><em>τῶν</em></span> <span class='ocrx_word' id='word_1_314' title='bbox 2219 1510 2263 1546; x_wconf 79' lang='grc' dir='ltr'><em>τὸ</em></span> <span class='ocrx_word' id='word_1_315' title='bbox 2288 1515 2432 1558; x_wconf 86' lang='grc' dir='ltr'><strong><em>χρυσίον</em></strong></span> <span class='ocrx_word' id='word_1_316' title='bbox 2454 1507 2477 1554; x_wconf 82' lang='grc' dir='ltr'>ἢ</span> 
     </span>
     <span class='ocr_line' id='line_1_25' title="bbox 254 1554 2473 1604; baseline -0.001 -13"><span class='ocrx_word' id='word_1_317' title='bbox 254 1558 450 1604; x_wconf 83' lang='grc' dir='ltr'><strong><em>πράγματα</em></strong></span> <span class='ocrx_word' id='word_1_318' title='bbox 480 1554 822 1602; x_wconf 72' lang='grc' dir='ltr'><strong><em>ἄντιφωνηθέντων</em></strong></span> <span class='ocrx_word' id='word_1_319' title='bbox 850 1555 874 1600; x_wconf 84' lang='grc' dir='ltr'><em>ἢ</em></span> <span class='ocrx_word' id='word_1_320' title='bbox 905 1555 1238 1601; x_wconf 79' lang='grc' dir='ltr'><strong><em>ἀντιφωνουμένων</em></strong></span> <span class='ocrx_word' id='word_1_321' title='bbox 1267 1555 1315 1600; x_wconf 90' lang='grc' dir='ltr'><strong><em>μὴ</em></strong></span> <span class='ocrx_word' id='word_1_322' title='bbox 1348 1559 1408 1591; x_wconf 86' lang='grc' dir='ltr'><em>ἐπὶ</em></span> <span class='ocrx_word' id='word_1_323' title='bbox 1438 1558 1491 1600; x_wconf 75' lang='grc' dir='ltr'><em>τῷ</em></span> <span class='ocrx_word' id='word_1_324' title='bbox 1523 1556 1752 1601; x_wconf 73' lang='grc' dir='ltr'><strong><em>ποιήσασθαι</em></strong></span> <span class='ocrx_word' id='word_1_325' title='bbox 1783 1559 1862 1592; x_wconf 78' lang='grc' dir='ltr'><em>τῶν</em></span> <span class='ocrx_word' id='word_1_326' title='bbox 1887 1555 2088 1601; x_wconf 73' lang='grc' dir='ltr'><strong><em>διδομένων</em></strong></span> <span class='ocrx_word' id='word_1_327' title='bbox 2112 1554 2299 1597; x_wconf 81' lang='grc' dir='ltr'><strong><em>ἀπόδειξιν</em></strong></span> <span class='ocrx_word' id='word_1_328' title='bbox 2323 1554 2344 1599; x_wconf 82' lang='grc' dir='ltr'><em>ἢ</em></span> <span class='ocrx_word' id='word_1_329' title='bbox 2367 1555 2473 1590; x_wconf 83' lang='grc' dir='ltr'><strong><em>κατά-</em></strong></span> 
     </span>
     <span class='ocr_line' id='line_1_26' title="bbox 256 1598 2475 1646; baseline -0.001 -10"><span class='ocrx_word' id='word_1_330' title='bbox 256 1603 364 1636; x_wconf 76' lang='grc' dir='ltr'><strong><em>θεσιν</em></strong></span> <span class='ocrx_word' id='word_1_331' title='bbox 395 1604 435 1636; x_wconf 77' lang='grc' dir='ltr'><em>ἐν</em></span> <span class='ocrx_word' id='word_1_332' title='bbox 461 1601 727 1646; x_wconf 79' lang='grc' dir='ltr'><strong><em>ὑπομνήμασιν,</em></strong></span> <span class='ocrx_word' id='word_1_333' title='bbox 757 1601 805 1636; x_wconf 73' lang='grc' dir='ltr'><strong><em>ὥς</em></strong></span> <span class='ocrx_word' id='word_1_334' title='bbox 827 1602 943 1636; x_wconf 77' lang='grc' dir='ltr'><strong><em>ταῦτα</em></strong></span> <span class='ocrx_word' id='word_1_335' title='bbox 966 1602 1019 1645; x_wconf 82' lang='grc' dir='ltr'><em>εἴη</em></span> <span class='ocrx_word' id='word_1_336' title='bbox 1043 1601 1181 1646; x_wconf 81' lang='grc' dir='ltr'><strong><em>λαβών,</em></strong></span> <span class='ocrx_word' id='word_1_337' title='bbox 1205 1600 1322 1635; x_wconf 74' lang='grc' dir='ltr'><strong><em>ἕλοιτο</em></strong></span> <span class='ocrx_word' id='word_1_338' title='bbox 1346 1598 1393 1635; x_wconf 76' lang='grc' dir='ltr'><em>ἂν</em></span> <span class='ocrx_word' id='word_1_339' title='bbox 1414 1602 1502 1646; x_wconf 80' lang='grc' dir='ltr'><strong><em>πρὸς</em></strong></span> <span class='ocrx_word' id='word_1_340' title='bbox 1525 1603 1634 1636; x_wconf 82' lang='grc' dir='ltr'><strong><em>τοῦτο</em></strong></span> <span class='ocrx_word' id='word_1_341' title='bbox 1658 1601 1799 1641; x_wconf 70' lang='grc' dir='ltr'><strong><em>ἐλθεῖνς</em></strong></span> <span class='ocrx_word' id='word_1_342' title='bbox 1825 1601 1992 1637; x_wconf 86' lang='grc' dir='ltr'><strong><em>πολλάκις</em></strong></span> <span class='ocrx_word' id='word_1_343' title='bbox 2015 1601 2056 1636; x_wconf 70' lang='grc' dir='ltr'><em>δὲ</em></span> <span class='ocrx_word' id='word_1_344' title='bbox 2080 1599 2205 1636; x_wconf 79' lang='grc' dir='ltr'><strong><em>αύτούς</em></strong></span> <span class='ocrx_word' id='word_1_345' title='bbox 2228 1600 2475 1646; x_wconf 86' lang='grc' dir='ltr'><strong><em>ταλαιπωρου-</em></strong></span> 
     </span>
     <span class='ocr_line' id='line_1_27' title="bbox 254 1643 2475 1694; baseline -0.001 -14"><span class='ocrx_word' id='word_1_346' title='bbox 254 1650 380 1689; x_wconf 79' lang='grc' dir='ltr'><strong><em>μένους</em></strong></span> <span class='ocrx_word' id='word_1_347' title='bbox 410 1650 470 1681; x_wconf 85' lang='grc' dir='ltr'><em>καὶ</em></span> <span class='ocrx_word' id='word_1_348' title='bbox 499 1649 668 1692; x_wconf 84' lang='grc' dir='ltr'><strong><em>ἐκχωρεῖν</em></strong></span> <span class='ocrx_word' id='word_1_349' title='bbox 698 1647 831 1691; x_wconf 82' lang='grc' dir='ltr'><strong><em>ἑτέροις</em></strong></span> <span class='ocrx_word' id='word_1_350' title='bbox 862 1645 926 1681; x_wconf 78' lang='grc' dir='ltr'><em>τὰς</em></span> <span class='ocrx_word' id='word_1_351' title='bbox 956 1644 1117 1693; x_wconf 74' lang='grc' dir='ltr'><strong><em>ἀγωγάς,</em></strong></span> <span class='ocrx_word' id='word_1_352' title='bbox 1148 1649 1208 1681; x_wconf 80' lang='grc' dir='ltr'><em>καὶ</em></span> <span class='ocrx_word' id='word_1_353' title='bbox 1240 1643 1508 1680; x_wconf 56' lang='lat' dir='ltr'><em>&amp;mamea-fras</em></span> <span class='ocrx_word' id='word_1_354' title='bbox 1539 1648 1658 1681; x_wconf 82' lang='grc' dir='ltr'><strong><em>ταῦτα</em></strong></span> <span class='ocrx_word' id='word_1_355' title='bbox 1690 1644 1754 1681; x_wconf 77' lang='grc' dir='ltr'><strong><em>οὐκ</em></strong></span> <span class='ocrx_word' id='word_1_356' title='bbox 1780 1645 1899 1681; x_wconf 77' lang='grc' dir='ltr'><strong><em>αὐτοῖς</em></strong></span> <span class='ocrx_word' id='word_1_357' title='bbox 1921 1647 2044 1692; x_wconf 86' lang='grc' dir='ltr'><strong><em>μόνοις</em></strong></span> <span class='ocrx_word' id='word_1_358' title='bbox 2068 1646 2269 1694; x_wconf 84' lang='grc' dir='ltr'><strong><em>ἐνάγουσιν,</em></strong></span> <span class='ocrx_word' id='word_1_359' title='bbox 2302 1643 2392 1679; x_wconf 79' lang='grc' dir='ltr'><strong><em>ἀλλὰ</em></strong></span> <span class='ocrx_word' id='word_1_360' title='bbox 2414 1648 2475 1679; x_wconf 81' lang='grc' dir='ltr'><em>καὶ</em></span> 
     </span>
     <span class='ocr_line' id='line_1_28' title="bbox 255 1688 2475 1739; baseline -0 -14"><span class='ocrx_word' id='word_1_361' title='bbox 255 1694 327 1725; x_wconf 87' lang='grc' dir='ltr'><strong><em>τοῖς</em></strong></span> <span class='ocrx_word' id='word_1_362' title='bbox 357 1690 420 1726; x_wconf 85' lang='grc' dir='ltr'><em>τὰς</em></span> <span class='ocrx_word' id='word_1_363' title='bbox 452 1689 597 1738; x_wconf 83' lang='grc' dir='ltr'><strong><em>ἀγωγὰς</em></strong></span> <span class='ocrx_word' id='word_1_364' title='bbox 628 1692 890 1737; x_wconf 72' lang='grc' dir='ltr'><strong><em>ἐκχωρηθεῖσιν</em></strong></span> <span class='ocrx_word' id='word_1_365' title='bbox 913 1688 935 1734; x_wconf 83' lang='grc' dir='ltr'>ἢ</span> <span class='ocrx_word' id='word_1_366' title='bbox 958 1694 1243 1738; x_wconf 81' lang='grc' dir='ltr'><strong><em>ἐκχωρουμένοις.</em></strong></span> <span class='ocrx_word' id='word_1_367' title='bbox 1292 1694 1365 1724; x_wconf 84' lang='grc' dir='ltr'><em>Καὶ</em></span> <span class='ocrx_word' id='word_1_368' title='bbox 1389 1690 1529 1736; x_wconf 84' lang='grc' dir='ltr'><strong><em>ᾔτησαν</em></strong></span> <span class='ocrx_word' id='word_1_369' title='bbox 1551 1690 1684 1734; x_wconf 88' lang='grc' dir='ltr'><strong><em>ταύτης</em></strong></span> <span class='ocrx_word' id='word_1_370' title='bbox 1708 1689 1961 1739; x_wconf 83' lang='grc' dir='ltr'><strong><em>ἀπαλλαγῆναι</em></strong></span> <span class='ocrx_word' id='word_1_371' title='bbox 1985 1693 2047 1737; x_wconf 85' lang='grc' dir='ltr'><strong><em>τῆς</em></strong></span> <span class='ocrx_word' id='word_1_372' title='bbox 2071 1690 2259 1735; x_wconf 57' lang='lat' dir='ltr'><em>avennicae,</em></span> <span class='ocrx_word' id='word_1_373' title='bbox 2279 1694 2351 1734; x_wconf 79' lang='grc' dir='ltr'><strong><em>καὶ,</em></strong></span> <span class='ocrx_word' id='word_1_374' title='bbox 2374 1690 2475 1735; x_wconf 82' lang='grc' dir='ltr'><strong><em>εἴπερ</em></strong></span> 
     </span>
    </p>
   </div>
   <div class='ocr_carea' id='block_1_6' title="bbox 390 1780 1864 1825">
    <p class='ocr_par' dir='ltr' id='par_1_6' title="bbox 390 1780 1864 1825">
     <span class='ocr_line' id='line_1_29' title="bbox 390 1780 1864 1825; baseline 0.001 -11"><span class='ocrx_word' id='word_1_375' title='bbox 390 1782 539 1815; x_wconf 81' lang='lat' dir='ltr'><em>Edictum</em></span> <span class='ocrx_word' id='word_1_376' title='bbox 564 1782 624 1815; x_wconf 90' lang='lat' dir='ltr'><em>IX</em></span> <span class='ocrx_word' id='word_1_377' title='bbox 649 1781 775 1816; x_wconf 83' lang='lat' dir='ltr'><em>Graece</em></span> <span class='ocrx_word' id='word_1_378' title='bbox 797 1787 919 1814; x_wconf 82' lang='lat' dir='ltr'><em>tantum</em></span> <span class='ocrx_word' id='word_1_379' title='bbox 942 1788 1030 1815; x_wconf 74' lang='lat' dir='ltr'><em>extat</em></span> <span class='ocrx_word' id='word_1_380' title='bbox 1054 1782 1088 1815; x_wconf 85' lang='lat' dir='ltr'><em>in</em></span> <span class='ocrx_word' id='word_1_381' title='bbox 1113 1781 1164 1814; x_wconf 87' lang='lat' dir='ltr'><em>M.</em></span> <span class='ocrx_word' id='word_1_382' title='bbox 1187 1798 1233 1806; x_wconf 93' lang='lat'>—</span> <span class='ocrx_word' id='word_1_383' title='bbox 1255 1780 1346 1824; x_wconf 74' lang='lat' dir='ltr'><em>Epic.</em></span> <span class='ocrx_word' id='word_1_384' title='bbox 1372 1793 1468 1814; x_wconf 87' lang='lat' dir='ltr'><em>anon.</em></span> <span class='ocrx_word' id='word_1_385' title='bbox 1494 1781 1595 1814; x_wconf 79' lang='lat' dir='ltr'><em>Bodt.</em></span> <span class='ocrx_word' id='word_1_386' title='bbox 1616 1794 1653 1825; x_wconf 84' lang='lat' dir='ltr'><em>p.</em></span> <span class='ocrx_word' id='word_1_387' title='bbox 1671 1782 1738 1815; x_wconf 83' lang='lat'><em>224</em></span> <span class='ocrx_word' id='word_1_388' title='bbox 1761 1782 1864 1815; x_wconf 85' lang='lat' dir='ltr'><em>Zach-</em></span> 
     </span>
    </p>
   </div>
   <div class='ocr_carea' id='block_1_7' title="bbox 691 1954 2043 2074">
    <p class='ocr_par' dir='ltr' id='par_1_7' title="bbox 691 1954 2043 2074">
     <span class='ocr_line' id='line_1_30' title="bbox 691 1954 2043 2074; baseline 0.001 -2"><span class='ocrx_word' id='word_1_389' title='bbox 691 2020 795 2072; x_wconf 80' lang='lat' dir='ltr'><em>DE</em></span> <span class='ocrx_word' id='word_1_390' title='bbox 833 1954 1455 2072; x_wconf 42' lang='lat' dir='ltr'><em>ARGENTARIOJZ&#39;M</em></span> <span class='ocrx_word' id='word_1_391' title='bbox 1502 2021 2043 2074; x_wconf 83' lang='lat' dir='ltr'><em>CONTRACTIBUS.</em></span> 
     </span>
    </p>
   </div>
   <div class='ocr_carea' id='block_1_8' title="bbox 831 2099 1888 2147">
    <p class='ocr_par' dir='ltr' id='par_1_8' title="bbox 831 2099 1888 2147">
     <span class='ocr_line' id='line_1_31' title="bbox 831 2099 1888 2147; baseline 0.002 -12"><span class='ocrx_word' id='word_1_392' title='bbox 831 2099 924 2147; x_wconf 88' lang='lat' dir='ltr'><em>Imp.</em></span> <span class='ocrx_word' id='word_1_393' title='bbox 951 2099 1178 2136; x_wconf 74' lang='lat' dir='ltr'><strong><em>lastinianus</em></strong></span> <span class='ocrx_word' id='word_1_394' title='bbox 1197 2101 1290 2146; x_wconf 74' lang='lat' dir='ltr'><em>Auq.</em></span> <span class='ocrx_word' id='word_1_395' title='bbox 1314 2099 1536 2136; x_wconf 88' lang='lat' dir='ltr'><em>Triboniano</em></span> <span class='ocrx_word' id='word_1_396' title='bbox 1554 2101 1753 2147; x_wconf 84' lang='lat' dir='ltr'><em>praefecto</em></span> <span class='ocrx_word' id='word_1_397' title='bbox 1776 2101 1888 2138; x_wconf 78' lang='lat' dir='ltr'><em>urbis,</em></span> 
     </span>
    </p>
   </div>
   <div class='ocr_carea' id='block_1_9' title="bbox 253 2166 2478 3019">
    <p class='ocr_par' dir='ltr' id='par_1_9' title="bbox 253 2166 2478 3019">
     <span class='ocr_line' id='line_1_32' title="bbox 390 2166 2476 2216; baseline 0.002 -14"><span class='ocrx_word' id='word_1_398' title='bbox 390 2167 648 2212; x_wconf 80' lang='lat' dir='ltr'><em>Praefatio.</em></span> <span class='ocrx_word' id='word_1_399' title='bbox 698 2167 889 2204; x_wconf 81' lang='lat' dir='ltr'><em>Commune</em></span> <span class='ocrx_word' id='word_1_400' title='bbox 918 2166 1064 2213; x_wconf 74' lang='lat' dir='ltr'><em>colleqii</em></span> <span class='ocrx_word' id='word_1_401' title='bbox 1093 2167 1397 2213; x_wconf 76' lang='lat' dir='ltr'><em>arqentariorum,</em></span> <span class='ocrx_word' id='word_1_402' title='bbox 1426 2166 1490 2213; x_wconf 82' lang='lat' dir='ltr'><em>qui</em></span> <span class='ocrx_word' id='word_1_403' title='bbox 1513 2168 1551 2202; x_wconf 89' lang='lat' dir='ltr'><em>in</em></span> <span class='ocrx_word' id='word_1_404' title='bbox 1574 2167 1643 2203; x_wconf 88' lang='lat' dir='ltr'><em>hac</em></span> <span class='ocrx_word' id='word_1_405' title='bbox 1667 2178 1800 2213; x_wconf 74' lang='lat' dir='ltr'><em>maqna</em></span> <span class='ocrx_word' id='word_1_406' title='bbox 1824 2169 1913 2205; x_wconf 91' lang='lat' dir='ltr'><em>urbe</em></span> <span class='ocrx_word' id='word_1_407' title='bbox 1931 2171 2028 2212; x_wconf 88' lang='lat' dir='ltr'><em>sunt,</em></span> <span class='ocrx_word' id='word_1_408' title='bbox 2050 2168 2271 2216; x_wconf 75' lang='lat' dir='ltr'><strong><em>supplicavit</em></strong></span> <span class='ocrx_word' id='word_1_409' title='bbox 2287 2169 2476 2214; x_wconf 82' lang='lat' dir='ltr'><em>potentiae</em></span> 
     </span>
     <span class='ocr_line' id='line_1_33' title="bbox 255 2211 2478 2260; baseline 0.001 -12"><span class='ocrx_word' id='word_1_410' title='bbox 255 2216 412 2254; x_wconf 87' lang='lat' dir='ltr'><em>nostrae,</em></span> <span class='ocrx_word' id='word_1_411' title='bbox 435 2216 477 2247; x_wconf 88' lang='lat' dir='ltr'><em>ut</em></span> <span class='ocrx_word' id='word_1_412' title='bbox 520 2217 641 2248; x_wconf 88' lang='lat' dir='ltr'><em>raeter</em></span> <span class='ocrx_word' id='word_1_413' title='bbox 664 2217 784 2248; x_wconf 89' lang='lat' dir='ltr'><em>cetera</em></span> <span class='ocrx_word' id='word_1_414' title='bbox 808 2211 938 2255; x_wconf 83' lang='lat' dir='ltr'><em>omnia,</em></span> <span class='ocrx_word' id='word_1_415' title='bbox 962 2223 1056 2257; x_wconf 85' lang='lat' dir='ltr'><em>quae</em></span> <span class='ocrx_word' id='word_1_416' title='bbox 1079 2212 1124 2247; x_wconf 88' lang='lat' dir='ltr'><em>iis</em></span> <span class='ocrx_word' id='word_1_417' title='bbox 1147 2212 1205 2247; x_wconf 85' lang='lat' dir='ltr'><em>lar</em></span> <span class='ocrx_word' id='word_1_418' title='bbox 1235 2212 1277 2247; x_wconf 88' lang='lat' dir='ltr'><em>iti</em></span> <span class='ocrx_word' id='word_1_419' title='bbox 1298 2222 1432 2254; x_wconf 86' lang='lat' dir='ltr'><em>sumus,</em></span> <span class='ocrx_word' id='word_1_420' title='bbox 1457 2212 1565 2247; x_wconf 90' lang='lat' dir='ltr'><em>etiam</em></span> <span class='ocrx_word' id='word_1_421' title='bbox 1588 2223 1684 2248; x_wconf 72' lang='lat' dir='ltr'><em>nitnc</em></span> <span class='ocrx_word' id='word_1_422' title='bbox 1703 2213 1777 2248; x_wconf 88' lang='lat' dir='ltr'><em>atio</em></span> <span class='ocrx_word' id='word_1_423' title='bbox 1793 2213 1899 2249; x_wconf 87' lang='lat' dir='ltr'><em>modo</em></span> <span class='ocrx_word' id='word_1_424' title='bbox 1915 2213 1985 2249; x_wconf 87' lang='lat' dir='ltr'><em>sibi</em></span> <span class='ocrx_word' id='word_1_425' title='bbox 2001 2214 2228 2260; x_wconf 82' lang='lat' dir='ltr'><em>opitulemur.</em></span> <span class='ocrx_word' id='word_1_426' title='bbox 2266 2213 2478 2250; x_wconf 87' lang='lat' dir='ltr'><em>Docuerunt</em></span> 
     </span>
     <span class='ocr_line' id='line_1_34' title="bbox 255 2256 2476 2304; baseline 0.001 -11"><span class='ocrx_word' id='word_1_427' title='bbox 255 2258 348 2294; x_wconf 88' lang='lat' dir='ltr'><em>enim</em></span> <span class='ocrx_word' id='word_1_428' title='bbox 379 2267 470 2303; x_wconf 81' lang='lat' dir='ltr'><em>quos</em></span> <span class='ocrx_word' id='word_1_429' title='bbox 496 2268 571 2299; x_wconf 88' lang='lat' dir='ltr'><em>am,</em></span> <span class='ocrx_word' id='word_1_430' title='bbox 605 2257 668 2302; x_wconf 84' lang='lat' dir='ltr'><em>qui</em></span> <span class='ocrx_word' id='word_1_431' title='bbox 699 2256 885 2292; x_wconf 87' lang='lat' dir='ltr'><em>debuerint</em></span> <span class='ocrx_word' id='word_1_432' title='bbox 917 2262 981 2292; x_wconf 88' lang='lat' dir='ltr'><em>aut</em></span> <span class='ocrx_word' id='word_1_433' title='bbox 1011 2258 1119 2293; x_wconf 87' lang='lat' dir='ltr'><em>etiam</em></span> <span class='ocrx_word' id='word_1_434' title='bbox 1151 2256 1195 2292; x_wconf 82' lang='lat' dir='ltr'><em>de</em></span> <span class='ocrx_word' id='word_1_435' title='bbox 1217 2261 1319 2299; x_wconf 90' lang='lat' dir='ltr'><em>eant,</em></span> <span class='ocrx_word' id='word_1_436' title='bbox 1348 2256 1494 2302; x_wconf 79' lang='lat' dir='ltr'><em>quando</em></span> <span class='ocrx_word' id='word_1_437' title='bbox 1520 2257 1701 2303; x_wconf 85' lang='lat' dir='ltr'><em>pecuniae</em></span> <span class='ocrx_word' id='word_1_438' title='bbox 1730 2261 1795 2293; x_wconf 88' lang='lat' dir='ltr'><em>aut</em></span> <span class='ocrx_word' id='word_1_439' title='bbox 1825 2269 1885 2293; x_wconf 90' lang='lat' dir='ltr'><em>res</em></span> <span class='ocrx_word' id='word_1_440' title='bbox 1915 2258 1960 2293; x_wconf 92' lang='lat' dir='ltr'><em>ab</em></span> <span class='ocrx_word' id='word_1_441' title='bbox 1991 2258 2082 2304; x_wconf 87' lang='lat' dir='ltr'><em>ipsis</em></span> <span class='ocrx_word' id='word_1_442' title='bbox 2111 2269 2151 2294; x_wconf 90' lang='lat' dir='ltr'><em>re</em></span> <span class='ocrx_word' id='word_1_443' title='bbox 2179 2262 2322 2294; x_wconf 86' lang='lat' dir='ltr'><em>etantur</em></span> <span class='ocrx_word' id='word_1_444' title='bbox 2343 2263 2379 2294; x_wconf 87' lang='lat' dir='ltr'><em>et</em></span> <span class='ocrx_word' id='word_1_445' title='bbox 2401 2270 2476 2295; x_wconf 89' lang='lat' dir='ltr'><em>non</em></span> 
     </span>
     <span class='ocr_line' id='line_1_35' title="bbox 255 2300 2476 2353; baseline 0 -16"><span class='ocrx_word' id='word_1_446' title='bbox 255 2302 430 2343; x_wconf 89' lang='lat' dir='ltr'><em>habeant,</em></span> <span class='ocrx_word' id='word_1_447' title='bbox 453 2301 548 2337; x_wconf 85' lang='lat' dir='ltr'><em>unde</em></span> <span class='ocrx_word' id='word_1_448' title='bbox 570 2300 638 2336; x_wconf 92' lang='lat' dir='ltr'><em>hoc</em></span> <span class='ocrx_word' id='word_1_449' title='bbox 660 2301 820 2344; x_wconf 83' lang='lat' dir='ltr'><em>solvant,</em></span> <span class='ocrx_word' id='word_1_450' title='bbox 854 2301 899 2337; x_wconf 91' lang='lat' dir='ltr'><em>ab</em></span> <span class='ocrx_word' id='word_1_451' title='bbox 923 2301 1014 2347; x_wconf 87' lang='lat' dir='ltr'><em>ipsis</em></span> <span class='ocrx_word' id='word_1_452' title='bbox 1028 2306 1174 2346; x_wconf 82' lang='lat' dir='ltr'><em>petere,</em></span> <span class='ocrx_word' id='word_1_453' title='bbox 1209 2306 1250 2337; x_wconf 91' lang='lat' dir='ltr'><em>ut</em></span> <span class='ocrx_word' id='word_1_454' title='bbox 1264 2312 1366 2347; x_wconf 85' lang='lat' dir='ltr'><em>pura</em></span> <span class='ocrx_word' id='word_1_455' title='bbox 1389 2302 1588 2337; x_wconf 85' lang='lat' dir='ltr'><em>constituta</em></span> <span class='ocrx_word' id='word_1_456' title='bbox 1601 2313 1679 2353; x_wconf 80' lang='lat' dir='ltr'><em>pro</em></span> <span class='ocrx_word' id='word_1_457' title='bbox 1702 2302 1794 2348; x_wconf 86' lang='lat' dir='ltr'><em>ipsis</em></span> <span class='ocrx_word' id='word_1_458' title='bbox 1815 2302 1985 2348; x_wconf 88' lang='lat' dir='ltr'><em>subeant,</em></span> <span class='ocrx_word' id='word_1_459' title='bbox 2016 2307 2053 2338; x_wconf 88' lang='lat' dir='ltr'><em>ct</em></span> <span class='ocrx_word' id='word_1_460' title='bbox 2075 2314 2132 2339; x_wconf 88' lang='lat' dir='ltr'><em>mo</em></span> <span class='ocrx_word' id='word_1_461' title='bbox 2160 2314 2181 2338; x_wconf 97' lang='grc' dir='ltr'>ο</span> <span class='ocrx_word' id='word_1_462' title='bbox 2205 2302 2272 2338; x_wconf 91' lang='lat' dir='ltr'><em>hoc</em></span> <span class='ocrx_word' id='word_1_463' title='bbox 2295 2304 2412 2350; x_wconf 87' lang='lat' dir='ltr'><em>ipsum</em></span> <span class='ocrx_word' id='word_1_464' title='bbox 2436 2304 2476 2338; x_wconf 89' lang='lat' dir='ltr'><em>in</em></span> 
     </span>
     <span class='ocr_line' id='line_1_36' title="bbox 256 2345 2475 2401; baseline -0 -18"><span class='ocrx_word' id='word_1_465' title='bbox 256 2345 536 2393; x_wconf 70' lang='lat' dir='ltr'><em>obtiqationibus</em></span> <span class='ocrx_word' id='word_1_466' title='bbox 567 2346 803 2389; x_wconf 81' lang='lat' dir='ltr'><strong><em>conscribere,</em></strong></span> <span class='ocrx_word' id='word_1_467' title='bbox 833 2346 938 2381; x_wconf 87' lang='lat' dir='ltr'><em>modo</em></span> <span class='ocrx_word' id='word_1_468' title='bbox 969 2351 1121 2393; x_wconf 82' lang='lat' dir='ltr'><em>propter</em></span> <span class='ocrx_word' id='word_1_469' title='bbox 1152 2346 1398 2382; x_wconf 86' lang='lat' dir='ltr'><em>contrahentis</em></span> <span class='ocrx_word' id='word_1_470' title='bbox 1425 2346 1534 2391; x_wconf 86' lang='lat' dir='ltr'><em>fidem</em></span> <span class='ocrx_word' id='word_1_471' title='bbox 1558 2351 1666 2382; x_wconf 82' lang='lat' dir='ltr'><em>etiam</em></span> <span class='ocrx_word' id='word_1_472' title='bbox 1685 2353 1727 2382; x_wconf 92' lang='lat' dir='ltr'><em>ut</em></span> <span class='ocrx_word' id='word_1_473' title='bbox 1749 2347 1826 2382; x_wconf 89' lang='lat' dir='ltr'><em>sine</em></span> <span class='ocrx_word' id='word_1_474' title='bbox 1849 2348 1987 2393; x_wconf 87' lang='lat' dir='ltr'><em>scripto</em></span> <span class='ocrx_word' id='word_1_475' title='bbox 2011 2347 2079 2383; x_wconf 91' lang='lat' dir='ltr'><em>hoc</em></span> <span class='ocrx_word' id='word_1_476' title='bbox 2098 2348 2246 2393; x_wconf 77' lang='lat' dir='ltr'><em>saciant</em></span> <span class='ocrx_word' id='word_1_477' title='bbox 2267 2349 2355 2401; x_wconf 78' lang='lat' dir='ltr'><em>ipsis</em></span> <span class='ocrx_word' id='word_1_478' title='bbox 2378 2359 2475 2383; x_wconf 86' lang='lat' dir='ltr'><em>man·</em></span> 
     </span>
     <span class='ocr_line' id='line_1_37' title="bbox 255 2391 2476 2438; baseline 0 -11"><span class='ocrx_word' id='word_1_479' title='bbox 255 2392 354 2434; x_wconf 86' lang='lat' dir='ltr'><em>dare,</em></span> <span class='ocrx_word' id='word_1_480' title='bbox 378 2402 455 2426; x_wconf 87' lang='lat' dir='ltr'><em>sese</em></span> <span class='ocrx_word' id='word_1_481' title='bbox 478 2395 595 2426; x_wconf 87' lang='lat' dir='ltr'><em>autem</em></span> <span class='ocrx_word' id='word_1_482' title='bbox 617 2391 764 2426; x_wconf 86' lang='lat' dir='ltr'><em>illorum</em></span> <span class='ocrx_word' id='word_1_483' title='bbox 784 2391 1018 2438; x_wconf 81' lang='lat' dir='ltr'><em>petitionibus</em></span> <span class='ocrx_word' id='word_1_484' title='bbox 1041 2391 1204 2427; x_wconf 80' lang='lat' dir='ltr'><em>cedentes</em></span> <span class='ocrx_word' id='word_1_485' title='bbox 1227 2391 1282 2432; x_wconf 88' lang='lat' dir='ltr'><em>iis,</em></span> <span class='ocrx_word' id='word_1_486' title='bbox 1307 2391 1369 2437; x_wconf 84' lang='lat' dir='ltr'><em>qui</em></span> <span class='ocrx_word' id='word_1_487' title='bbox 1392 2391 1475 2426; x_wconf 84' lang='lat' dir='ltr'><em>illos</em></span> <span class='ocrx_word' id='word_1_488' title='bbox 1496 2396 1674 2437; x_wconf 83' lang='lat' dir='ltr'><em>premant,</em></span> <span class='ocrx_word' id='word_1_489' title='bbox 1700 2396 1834 2427; x_wconf 90' lang='lat' dir='ltr'><em>certum</em></span> <span class='ocrx_word' id='word_1_490' title='bbox 1856 2397 1995 2438; x_wconf 85' lang='lat' dir='ltr'><em>tempus</em></span> <span class='ocrx_word' id='word_1_491' title='bbox 2011 2393 2239 2434; x_wconf 89' lang='lat' dir='ltr'><em>constituere,</em></span> <span class='ocrx_word' id='word_1_492' title='bbox 2264 2397 2363 2428; x_wconf 75' lang='lat' dir='ltr'><em>intra</em></span> <span class='ocrx_word' id='word_1_493' title='bbox 2378 2393 2476 2438; x_wconf 80' lang='lat' dir='ltr'><em>quod</em></span> 
     </span>
     <span class='ocr_line' id='line_1_38' title="bbox 256 2435 2474 2482; baseline 0.001 -11"><span class='ocrx_word' id='word_1_494' title='bbox 256 2437 471 2472; x_wconf 77' lang='lat' dir='ltr'><em>constitutae</em></span> <span class='ocrx_word' id='word_1_495' title='bbox 497 2436 676 2482; x_wconf 86' lang='lat' dir='ltr'><em>pecuniae</em></span> <span class='ocrx_word' id='word_1_496' title='bbox 706 2447 792 2471; x_wconf 89' lang='lat' dir='ltr'><em>reus</em></span> <span class='ocrx_word' id='word_1_497' title='bbox 822 2436 968 2471; x_wconf 88' lang='lat' dir='ltr'><em>omnino</em></span> <span class='ocrx_word' id='word_1_498' title='bbox 1000 2435 1155 2471; x_wconf 86' lang='lat' dir='ltr'><em>debitum</em></span> <span class='ocrx_word' id='word_1_499' title='bbox 1186 2436 1302 2471; x_wconf 82' lang='lat' dir='ltr'><em>solvat</em></span> <span class='ocrx_word' id='word_1_500' title='bbox 1308 2448 1323 2477; x_wconf 90' lang='lat'><em>;</em></span> <span class='ocrx_word' id='word_1_501' title='bbox 1353 2447 1392 2471; x_wconf 88' lang='lat' dir='ltr'><em>se</em></span> <span class='ocrx_word' id='word_1_502' title='bbox 1416 2446 1498 2471; x_wconf 88' lang='lat' dir='ltr'><em>vero</em></span> <span class='ocrx_word' id='word_1_503' title='bbox 1522 2436 1596 2471; x_wconf 85' lang='lat' dir='ltr'><em>iltis</em></span> <span class='ocrx_word' id='word_1_504' title='bbox 1617 2447 1637 2471; x_wconf 87' lang='lat' dir='ltr'><em>s</em></span> <span class='ocrx_word' id='word_1_505' title='bbox 1664 2437 1807 2479; x_wconf 82' lang='lat' dir='ltr'><em>andere,</em></span> <span class='ocrx_word' id='word_1_506' title='bbox 1828 2437 1956 2472; x_wconf 78' lang='lat' dir='ltr'><em>deinde</em></span> <span class='ocrx_word' id='word_1_507' title='bbox 1980 2437 2037 2472; x_wconf 87' lang='lat' dir='ltr'><em>die</em></span> <span class='ocrx_word' id='word_1_508' title='bbox 2058 2437 2173 2482; x_wconf 83' lang='lat' dir='ltr'><em>fatali</em></span> <span class='ocrx_word' id='word_1_509' title='bbox 2194 2438 2354 2473; x_wconf 86' lang='lat' dir='ltr'><em>veniente</em></span> <span class='ocrx_word' id='word_1_510' title='bbox 2372 2438 2474 2473; x_wconf 85' lang='lat' dir='ltr'><em>nullo</em></span> 
     </span>
     <span class='ocr_line' id='line_1_39' title="bbox 255 2481 2476 2528; baseline 0 -12"><span class='ocrx_word' id='word_1_511' title='bbox 255 2482 401 2528; x_wconf 75' lang='lat' dir='ltr'><em>neqotio</em></span> <span class='ocrx_word' id='word_1_512' title='bbox 432 2481 479 2515; x_wconf 87' lang='lat' dir='ltr'><em>iis</em></span> <span class='ocrx_word' id='word_1_513' title='bbox 509 2481 572 2526; x_wconf 85' lang='lat' dir='ltr'><em>qui</em></span> <span class='ocrx_word' id='word_1_514' title='bbox 600 2481 798 2516; x_wconf 87' lang='lat' dir='ltr'><em>constituta</em></span> <span class='ocrx_word' id='word_1_515' title='bbox 827 2487 1065 2526; x_wconf 88' lang='lat' dir='ltr'><em>susceperunt</em></span> <span class='ocrx_word' id='word_1_516' title='bbox 1086 2481 1314 2525; x_wconf 80' lang='lat' dir='ltr'><em>satisfacere,</em></span> <span class='ocrx_word' id='word_1_517' title='bbox 1343 2481 1599 2526; x_wconf 81' lang='lat' dir='ltr'><em>recipientibus</em></span> <span class='ocrx_word' id='word_1_518' title='bbox 1647 2481 1841 2517; x_wconf 85' lang='lat' dir='ltr'><em>ebitoribus</em></span> <span class='ocrx_word' id='word_1_519' title='bbox 1861 2482 2025 2527; x_wconf 86' lang='lat' dir='ltr'><em>fortasse</em></span> <span class='ocrx_word' id='word_1_520' title='bbox 2048 2486 2084 2518; x_wconf 85' lang='lat' dir='ltr'><em>et</em></span> <span class='ocrx_word' id='word_1_521' title='bbox 2106 2482 2221 2517; x_wconf 89' lang='lat' dir='ltr'><em>mutui</em></span> <span class='ocrx_word' id='word_1_522' title='bbox 2243 2481 2476 2528; x_wconf 79' lang='lat' dir='ltr'><em>synqraphas</em></span> 
     </span>
     <span class='ocr_line' id='line_1_40' title="bbox 255 2525 2476 2577; baseline 0 -15"><span class='ocrx_word' id='word_1_523' title='bbox 255 2533 292 2562; x_wconf 90' lang='lat' dir='ltr'><em>et</em></span> <span class='ocrx_word' id='word_1_524' title='bbox 311 2526 558 2571; x_wconf 82' lang='lat' dir='ltr'><em>confessiones</em></span> <span class='ocrx_word' id='word_1_525' title='bbox 580 2536 677 2567; x_wconf 92' lang='lat' dir='ltr'><em>suas,</em></span> <span class='ocrx_word' id='word_1_526' title='bbox 709 2530 774 2561; x_wconf 89' lang='lat' dir='ltr'><em>aut</em></span> <span class='ocrx_word' id='word_1_527' title='bbox 797 2525 902 2561; x_wconf 90' lang='lat' dir='ltr'><em>etiam</em></span> <span class='ocrx_word' id='word_1_528' title='bbox 926 2525 1086 2571; x_wconf 77' lang='lat' dir='ltr'><em>apochas</em></span> <span class='ocrx_word' id='word_1_529' title='bbox 1109 2525 1380 2577; x_wconf 79' lang='lat' dir='ltr'><em>accipientibus,</em></span> <span class='ocrx_word' id='word_1_530' title='bbox 1404 2570 1408 2573; x_wconf 29' lang='grc'><strong><em>,</em></strong></span> <span class='ocrx_word' id='word_1_531' title='bbox 1435 2525 1508 2561; x_wconf 88' lang='lat' dir='ltr'><em>uod</em></span> <span class='ocrx_word' id='word_1_532' title='bbox 1527 2526 1757 2562; x_wconf 86' lang='lat' dir='ltr'><em>securitatem</em></span> <span class='ocrx_word' id='word_1_533' title='bbox 1778 2537 1847 2572; x_wconf 83' lang='lat' dir='ltr'><em>per</em></span> <span class='ocrx_word' id='word_1_534' title='bbox 1870 2527 2102 2562; x_wconf 89' lang='lat' dir='ltr'><em>constitutum</em></span> <span class='ocrx_word' id='word_1_535' title='bbox 2124 2527 2289 2572; x_wconf 83' lang='lat' dir='ltr'><em>fecerint.</em></span> <span class='ocrx_word' id='word_1_536' title='bbox 2337 2526 2476 2563; x_wconf 84' lang='lat' dir='ltr'><em>Multos</em></span> 
     </span>
     <span class='ocr_line' id='line_1_41' title="bbox 255 2570 2474 2622; baseline 0 -16"><span class='ocrx_word' id='word_1_537' title='bbox 255 2582 350 2612; x_wconf 84' lang='lat' dir='ltr'><em>vero,</em></span> <span class='ocrx_word' id='word_1_538' title='bbox 384 2581 463 2606; x_wconf 88' lang='lat' dir='ltr'><em>cum</em></span> <span class='ocrx_word' id='word_1_539' title='bbox 488 2581 629 2616; x_wconf 87' lang='lat' dir='ltr'><em>parare</em></span> <span class='ocrx_word' id='word_1_540' title='bbox 658 2570 727 2606; x_wconf 84' lang='lat' dir='ltr'><em>sibi</em></span> <span class='ocrx_word' id='word_1_541' title='bbox 756 2581 831 2605; x_wconf 90' lang='lat' dir='ltr'><em>rem</em></span> <span class='ocrx_word' id='word_1_542' title='bbox 862 2570 1023 2615; x_wconf 82' lang='lat' dir='ltr'><em>aliquam</em></span> <span class='ocrx_word' id='word_1_543' title='bbox 1053 2570 1232 2606; x_wconf 71' lang='lat' dir='ltr'><em>voluerint</em></span> <span class='ocrx_word' id='word_1_544' title='bbox 1262 2574 1327 2605; x_wconf 87' lang='lat' dir='ltr'><em>aut</em></span> <span class='ocrx_word' id='word_1_545' title='bbox 1357 2581 1397 2606; x_wconf 83' lang='lat' dir='ltr'><em>ve</em></span> <span class='ocrx_word' id='word_1_546' title='bbox 1412 2571 1478 2611; x_wconf 83' lang='lat' dir='ltr'><em>int,</em></span> <span class='ocrx_word' id='word_1_547' title='bbox 1510 2570 1602 2622; x_wconf 84' lang='lat' dir='ltr'><em>ipsis</em></span> <span class='ocrx_word' id='word_1_548' title='bbox 1624 2571 1808 2613; x_wconf 87' lang='lat' dir='ltr'><em>mandare,</em></span> <span class='ocrx_word' id='word_1_549' title='bbox 1833 2575 1873 2606; x_wconf 88' lang='lat' dir='ltr'><em>ut</em></span> <span class='ocrx_word' id='word_1_550' title='bbox 1893 2581 1965 2617; x_wconf 88' lang='lat' dir='ltr'><em>pro</em></span> <span class='ocrx_word' id='word_1_551' title='bbox 1989 2571 2080 2617; x_wconf 87' lang='lat' dir='ltr'><em>ipsis</em></span> <span class='ocrx_word' id='word_1_552' title='bbox 2096 2572 2290 2618; x_wconf 82' lang='lat' dir='ltr'><em>pecuniam</em></span> <span class='ocrx_word' id='word_1_553' title='bbox 2313 2576 2377 2606; x_wconf 89' lang='lat' dir='ltr'><em>aut</em></span> <span class='ocrx_word' id='word_1_554' title='bbox 2399 2582 2474 2607; x_wconf 86' lang='lat' dir='ltr'><em>rem</em></span> 
     </span>
     <span class='ocr_line' id='line_1_42' title="bbox 256 2614 2474 2667; baseline 0 -17"><span class='ocrx_word' id='word_1_555' title='bbox 256 2616 416 2661; x_wconf 82' lang='lat' dir='ltr'><em>aliquam</em></span> <span class='ocrx_word' id='word_1_556' title='bbox 445 2626 483 2650; x_wconf 88' lang='lat' dir='ltr'><em>se</em></span> <span class='ocrx_word' id='word_1_557' title='bbox 515 2614 667 2650; x_wconf 82' lang='lat' dir='ltr'><em>daturos</em></span> <span class='ocrx_word' id='word_1_558' title='bbox 698 2615 929 2656; x_wconf 82' lang='lat' dir='ltr'><em>constituant,</em></span> <span class='ocrx_word' id='word_1_559' title='bbox 960 2619 996 2650; x_wconf 93' lang='lat' dir='ltr'><em>et</em></span> <span class='ocrx_word' id='word_1_560' title='bbox 1025 2615 1099 2650; x_wconf 86' lang='lat' dir='ltr'><em>illis</em></span> <span class='ocrx_word' id='word_1_561' title='bbox 1122 2614 1262 2661; x_wconf 84' lang='lat' dir='ltr'><em>quidem</em></span> <span class='ocrx_word' id='word_1_562' title='bbox 1286 2615 1386 2660; x_wconf 79' lang='lat' dir='ltr'><em>quod</em></span> <span class='ocrx_word' id='word_1_563' title='bbox 1436 2615 1628 2650; x_wconf 81' lang='lat' dir='ltr'><em>uaesierint</em></span> <span class='ocrx_word' id='word_1_564' title='bbox 1653 2616 1849 2661; x_wconf 75' lang='lat' dir='ltr'><em>obtinqere,</em></span> <span class='ocrx_word' id='word_1_565' title='bbox 1873 2616 1973 2667; x_wconf 80' lang='lat' dir='ltr'><em>ipsos</em></span> <span class='ocrx_word' id='word_1_566' title='bbox 1993 2627 2077 2652; x_wconf 88' lang='lat' dir='ltr'><em>vero</em></span> <span class='ocrx_word' id='word_1_567' title='bbox 2101 2616 2347 2652; x_wconf 85' lang='lat' dir='ltr'><em>indubitanter</em></span> <span class='ocrx_word' id='word_1_568' title='bbox 2366 2627 2474 2663; x_wconf 84' lang='lat' dir='ltr'><em>pecu-</em></span> 
     </span>
     <span class='ocr_line' id='line_1_43' title="bbox 256 2659 2475 2711; baseline 0 -16"><span class='ocrx_word' id='word_1_569' title='bbox 256 2661 354 2695; x_wconf 85' lang='lat' dir='ltr'><em>niam</em></span> <span class='ocrx_word' id='word_1_570' title='bbox 384 2664 450 2695; x_wconf 90' lang='lat' dir='ltr'><em>aut</em></span> <span class='ocrx_word' id='word_1_571' title='bbox 477 2670 537 2695; x_wconf 88' lang='lat' dir='ltr'><em>res</em></span> <span class='ocrx_word' id='word_1_572' title='bbox 561 2659 750 2705; x_wconf 85' lang='lat' dir='ltr'><em>praebere,</em></span> <span class='ocrx_word' id='word_1_573' title='bbox 782 2665 816 2695; x_wconf 90' lang='lat' dir='ltr'><em>et</em></span> <span class='ocrx_word' id='word_1_574' title='bbox 845 2659 1058 2711; x_wconf 80' lang='lat' dir='ltr'><em>simpliciter</em></span> <span class='ocrx_word' id='word_1_575' title='bbox 1087 2661 1140 2695; x_wconf 87' lang='lat' dir='ltr'><em>ita</em></span> <span class='ocrx_word' id='word_1_576' title='bbox 1170 2660 1364 2695; x_wconf 87' lang='lat' dir='ltr'><em>constituta</em></span> <span class='ocrx_word' id='word_1_577' title='bbox 1423 2660 1477 2695; x_wconf 88' lang='lat' dir='ltr'><em>eri</em></span> <span class='ocrx_word' id='word_1_578' title='bbox 1507 2662 1580 2695; x_wconf 86' lang='lat' dir='ltr'><em>non</em></span> <span class='ocrx_word' id='word_1_579' title='bbox 1604 2660 1856 2695; x_wconf 85' lang='lat' dir='ltr'><em>mandantibus</em></span> <span class='ocrx_word' id='word_1_580' title='bbox 1879 2660 1969 2703; x_wconf 68' lang='lat' dir='ltr'><em>attis,</em></span> <span class='ocrx_word' id='word_1_581' title='bbox 1998 2666 2041 2696; x_wconf 90' lang='lat' dir='ltr'><em>ut</em></span> <span class='ocrx_word' id='word_1_582' title='bbox 2062 2671 2134 2695; x_wconf 91' lang='lat' dir='ltr'><em>non</em></span> <span class='ocrx_word' id='word_1_583' title='bbox 2159 2660 2266 2696; x_wconf 87' lang='lat' dir='ltr'><em>aliter</em></span> <span class='ocrx_word' id='word_1_584' title='bbox 2285 2661 2475 2707; x_wconf 86' lang='lat' dir='ltr'><em>pecuniam</em></span> 
     </span>
     <span class='ocr_line' id='line_1_44' title="bbox 257 2703 2475 2756; baseline 0 -16"><span class='ocrx_word' id='word_1_585' title='bbox 257 2710 320 2740; x_wconf 86' lang='lat' dir='ltr'><em>aut</em></span> <span class='ocrx_word' id='word_1_586' title='bbox 350 2715 409 2739; x_wconf 89' lang='lat' dir='ltr'><em>res</em></span> <span class='ocrx_word' id='word_1_587' title='bbox 438 2704 591 2746; x_wconf 85' lang='lat' dir='ltr'><em>solvant,</em></span> <span class='ocrx_word' id='word_1_588' title='bbox 617 2705 834 2750; x_wconf 83' lang='lat' dir='ltr'><em>priusquam</em></span> <span class='ocrx_word' id='word_1_589' title='bbox 858 2715 919 2749; x_wconf 79' lang='lat' dir='ltr'><em>qui</em></span> <span class='ocrx_word' id='word_1_590' title='bbox 945 2705 1177 2740; x_wconf 84' lang='lat' dir='ltr'><em>constitutum</em></span> <span class='ocrx_word' id='word_1_591' title='bbox 1200 2703 1338 2750; x_wconf 86' lang='lat' dir='ltr'><em>accepit</em></span> <span class='ocrx_word' id='word_1_592' title='bbox 1361 2704 1539 2750; x_wconf 86' lang='lat' dir='ltr'><em>apocham</em></span> <span class='ocrx_word' id='word_1_593' title='bbox 1556 2705 1738 2750; x_wconf 86' lang='lat' dir='ltr'><em>pecuniae</em></span> <span class='ocrx_word' id='word_1_594' title='bbox 1761 2709 1826 2740; x_wconf 91' lang='lat' dir='ltr'><em>aut</em></span> <span class='ocrx_word' id='word_1_595' title='bbox 1847 2715 1969 2740; x_wconf 85' lang='lat' dir='ltr'><em>rerum</em></span> <span class='ocrx_word' id='word_1_596' title='bbox 1990 2706 2124 2756; x_wconf 83' lang='lat' dir='ltr'><em>fecerit</em></span> <span class='ocrx_word' id='word_1_597' title='bbox 2146 2710 2210 2740; x_wconf 89' lang='lat' dir='ltr'><em>aut</em></span> <span class='ocrx_word' id='word_1_598' title='bbox 2229 2716 2292 2740; x_wconf 88' lang='lat' dir='ltr'><em>eas</em></span> <span class='ocrx_word' id='word_1_599' title='bbox 2313 2716 2351 2740; x_wconf 90' lang='lat' dir='ltr'><em>se</em></span> <span class='ocrx_word' id='word_1_600' title='bbox 2374 2715 2475 2740; x_wconf 87' lang='lat' dir='ltr'><em>acce-</em></span> 
     </span>
     <span class='ocr_line' id='line_1_45' title="bbox 253 2748 2476 2796; baseline -0 -11"><span class='ocrx_word' id='word_1_601' title='bbox 253 2750 354 2796; x_wconf 81' lang='lat' dir='ltr'><em>pisse</em></span> <span class='ocrx_word' id='word_1_602' title='bbox 374 2749 573 2796; x_wconf 83' lang='lat' dir='ltr'><em>prosessus</em></span> <span class='ocrx_word' id='word_1_603' title='bbox 601 2751 671 2790; x_wconf 87' lang='lat' dir='ltr'><em>sit,·</em></span> <span class='ocrx_word' id='word_1_604' title='bbox 700 2755 737 2785; x_wconf 91' lang='lat' dir='ltr'><em>et</em></span> <span class='ocrx_word' id='word_1_605' title='bbox 763 2759 803 2784; x_wconf 89' lang='lat' dir='ltr'><em>se</em></span> <span class='ocrx_word' id='word_1_606' title='bbox 831 2748 974 2795; x_wconf 86' lang='lat' dir='ltr'><em>quidem</em></span> <span class='ocrx_word' id='word_1_607' title='bbox 997 2750 1086 2785; x_wconf 89' lang='lat' dir='ltr'><em>dare</em></span> <span class='ocrx_word' id='word_1_608' title='bbox 1103 2749 1282 2795; x_wconf 84' lang='lat' dir='ltr'><em>pecunias</em></span> <span class='ocrx_word' id='word_1_609' title='bbox 1304 2753 1369 2783; x_wconf 90' lang='lat' dir='ltr'><em>aut</em></span> <span class='ocrx_word' id='word_1_610' title='bbox 1391 2759 1460 2790; x_wconf 89' lang='lat' dir='ltr'><em>res,</em></span> <span class='ocrx_word' id='word_1_611' title='bbox 1479 2755 1610 2795; x_wconf 89' lang='lat' dir='ltr'><em>postea</em></span> <span class='ocrx_word' id='word_1_612' title='bbox 1634 2754 1752 2784; x_wconf 90' lang='lat' dir='ltr'><em>autem</em></span> <span class='ocrx_word' id='word_1_613' title='bbox 1776 2753 2040 2785; x_wconf 75' lang='lat' dir='ltr'><em>controversias</em></span> <span class='ocrx_word' id='word_1_614' title='bbox 2064 2749 2196 2785; x_wconf 88' lang='lat' dir='ltr'><em>habere</em></span> <span class='ocrx_word' id='word_1_615' title='bbox 2218 2750 2292 2784; x_wconf 88' lang='lat' dir='ltr'><em>illis</em></span> <span class='ocrx_word' id='word_1_616' title='bbox 2315 2749 2476 2796; x_wconf 78' lang='lat' dir='ltr'><em>apochas</em></span> 
     </span>
     <span class='ocr_line' id='line_1_46' title="bbox 257 2792 2474 2846; baseline -0 -17"><span class='ocrx_word' id='word_1_617' title='bbox 257 2795 364 2829; x_wconf 89' lang='lat' dir='ltr'><em>datae</em></span> <span class='ocrx_word' id='word_1_618' title='bbox 392 2793 569 2840; x_wconf 87' lang='lat' dir='ltr'><em>pecuniae</em></span> <span class='ocrx_word' id='word_1_619' title='bbox 599 2793 655 2829; x_wconf 81' lang='lat' dir='ltr'><em>vet</em></span> <span class='ocrx_word' id='word_1_620' title='bbox 685 2805 806 2830; x_wconf 90' lang='lat' dir='ltr'><em>rerum</em></span> <span class='ocrx_word' id='word_1_621' title='bbox 837 2794 902 2829; x_wconf 78' lang='lat' dir='ltr'><em>eoei</em></span> <span class='ocrx_word' id='word_1_622' title='bbox 926 2794 1075 2829; x_wconf 87' lang='lat' dir='ltr'><em>entibus.</em></span> <span class='ocrx_word' id='word_1_623' title='bbox 1122 2792 1223 2837; x_wconf 80' lang='lat' dir='ltr'><em>Quae</em></span> <span class='ocrx_word' id='word_1_624' title='bbox 1250 2803 1310 2829; x_wconf 86' lang='lat' dir='ltr'><em>res</em></span> <span class='ocrx_word' id='word_1_625' title='bbox 1336 2793 1557 2828; x_wconf 82' lang='lat' dir='ltr'><em>multimodis</em></span> <span class='ocrx_word' id='word_1_626' title='bbox 1586 2794 1753 2839; x_wconf 78' lang='lat' dir='ltr'><em>difficilis</em></span> <span class='ocrx_word' id='word_1_627' title='bbox 1779 2797 1813 2829; x_wconf 87' lang='lat' dir='ltr'><em>et</em></span> <span class='ocrx_word' id='word_1_628' title='bbox 1842 2793 2090 2839; x_wconf 86' lang='lat' dir='ltr'><em>formidabilis</em></span> <span class='ocrx_word' id='word_1_629' title='bbox 2113 2794 2159 2829; x_wconf 87' lang='lat' dir='ltr'><em>iis</em></span> <span class='ocrx_word' id='word_1_630' title='bbox 2181 2798 2246 2835; x_wconf 91' lang='lat' dir='ltr'><em>est,</em></span> <span class='ocrx_word' id='word_1_631' title='bbox 2273 2798 2345 2829; x_wconf 89' lang='lat' dir='ltr'><em>tam</em></span> <span class='ocrx_word' id='word_1_632' title='bbox 2367 2805 2474 2846; x_wconf 83' lang='lat' dir='ltr'><em>prae-</em></span> 
     </span>
     <span class='ocr_line' id='line_1_47' title="bbox 258 2836 2475 2885; baseline -0 -11"><span class='ocrx_word' id='word_1_633' title='bbox 258 2839 366 2874; x_wconf 87' lang='lat' dir='ltr'><em>terita</em></span> <span class='ocrx_word' id='word_1_634' title='bbox 390 2849 497 2884; x_wconf 83' lang='lat' dir='ltr'><em>quam</em></span> <span class='ocrx_word' id='word_1_635' title='bbox 525 2838 659 2883; x_wconf 81' lang='lat' dir='ltr'><em>futura</em></span> <span class='ocrx_word' id='word_1_636' title='bbox 689 2849 832 2880; x_wconf 86' lang='lat' dir='ltr'><em>cavere,</em></span> <span class='ocrx_word' id='word_1_637' title='bbox 862 2839 875 2873; x_wconf 90' lang='lat' dir='ltr'><em>i</em></span> <span class='ocrx_word' id='word_1_638' title='bbox 932 2838 1032 2883; x_wconf 86' lang='lat' dir='ltr'><em>quod</em></span> <span class='ocrx_word' id='word_1_639' title='bbox 1057 2839 1140 2883; x_wconf 85' lang='lat' dir='ltr'><em>fieri</em></span> <span class='ocrx_word' id='word_1_640' title='bbox 1168 2837 1299 2884; x_wconf 86' lang='lat' dir='ltr'><em>nequit.</em></span> <span class='ocrx_word' id='word_1_641' title='bbox 1346 2836 1435 2880; x_wconf 79' lang='lat' dir='ltr'><em>Quis</em></span> <span class='ocrx_word' id='word_1_642' title='bbox 1458 2840 1551 2874; x_wconf 91' lang='lat' dir='ltr'><em>enim</em></span> <span class='ocrx_word' id='word_1_643' title='bbox 1582 2848 1719 2881; x_wconf 88' lang='lat' dir='ltr'><em>eorum,</em></span> <span class='ocrx_word' id='word_1_644' title='bbox 1749 2838 1878 2884; x_wconf 83' lang='lat' dir='ltr'><em>quibus</em></span> <span class='ocrx_word' id='word_1_645' title='bbox 1902 2838 2058 2885; x_wconf 88' lang='lat' dir='ltr'><em>pecunia</em></span> <span class='ocrx_word' id='word_1_646' title='bbox 2093 2842 2159 2873; x_wconf 90' lang='lat' dir='ltr'><em>aut</em></span> <span class='ocrx_word' id='word_1_647' title='bbox 2180 2849 2240 2873; x_wconf 89' lang='lat' dir='ltr'><em>res</em></span> <span class='ocrx_word' id='word_1_648' title='bbox 2259 2843 2475 2874; x_wconf 77' lang='lat' dir='ltr'><em>constitutae</em></span> 
     </span>
     <span class='ocr_line' id='line_1_48' title="bbox 255 2881 2476 2929; baseline -0 -10"><span class='ocrx_word' id='word_1_649' title='bbox 255 2883 397 2929; x_wconf 86' lang='lat' dir='ltr'><em>fuerint</em></span> <span class='ocrx_word' id='word_1_650' title='bbox 420 2883 477 2918; x_wconf 84' lang='lat' dir='ltr'><em>vet</em></span> <span class='ocrx_word' id='word_1_651' title='bbox 498 2883 776 2926; x_wconf 84' lang='lat' dir='ltr'><em>constituantur,</em></span> <span class='ocrx_word' id='word_1_652' title='bbox 801 2894 875 2918; x_wconf 89' lang='lat' dir='ltr'><em>non</em></span> <span class='ocrx_word' id='word_1_653' title='bbox 899 2893 942 2918; x_wconf 88' lang='lat' dir='ltr'><em>ea</em></span> <span class='ocrx_word' id='word_1_654' title='bbox 966 2883 1176 2919; x_wconf 87' lang='lat' dir='ltr'><em>condicione</em></span> <span class='ocrx_word' id='word_1_655' title='bbox 1198 2886 1240 2918; x_wconf 88' lang='lat' dir='ltr'><em>ut</em></span> <span class='ocrx_word' id='word_1_656' title='bbox 1262 2882 1440 2928; x_wconf 77' lang='lat' dir='ltr'><em>apocham</em></span> <span class='ocrx_word' id='word_1_657' title='bbox 1464 2883 1586 2927; x_wconf 85' lang='lat' dir='ltr'><em>faciat</em></span> <span class='ocrx_word' id='word_1_658' title='bbox 1608 2882 1775 2918; x_wconf 87' lang='lat' dir='ltr'><em>datorum</em></span> <span class='ocrx_word' id='word_1_659' title='bbox 1797 2883 1854 2919; x_wconf 82' lang='lat' dir='ltr'><em>vet</em></span> <span class='ocrx_word' id='word_1_660' title='bbox 1876 2883 2136 2929; x_wconf 82' lang='lat' dir='ltr'><em>depositionem</em></span> <span class='ocrx_word' id='word_1_661' title='bbox 2159 2883 2198 2917; x_wconf 89' lang='lat' dir='ltr'><em>in</em></span> <span class='ocrx_word' id='word_1_662' title='bbox 2217 2883 2308 2918; x_wconf 88' lang='lat' dir='ltr'><em>actis</em></span> <span class='ocrx_word' id='word_1_663' title='bbox 2329 2894 2369 2918; x_wconf 90' lang='lat' dir='ltr'><em>se</em></span> <span class='ocrx_word' id='word_1_664' title='bbox 2386 2881 2476 2918; x_wconf 88' lang='lat' dir='ltr'><em>haec</em></span> 
     </span>
     <span class='ocr_line' id='line_1_49' title="bbox 257 2926 2476 2975; baseline -0 -12"><span class='ocrx_word' id='word_1_665' title='bbox 257 2929 449 2974; x_wconf 81' lang='lat' dir='ltr'><em>accepisse,</em></span> <span class='ocrx_word' id='word_1_666' title='bbox 481 2927 531 2962; x_wconf 84' lang='lat' dir='ltr'><em>ad</em></span> <span class='ocrx_word' id='word_1_667' title='bbox 560 2927 598 2962; x_wconf 89' lang='lat' dir='ltr'><em>id</em></span> <span class='ocrx_word' id='word_1_668' title='bbox 628 2928 710 2963; x_wconf 84' lang='lat' dir='ltr'><em>velit</em></span> <span class='ocrx_word' id='word_1_669' title='bbox 740 2928 883 2963; x_wconf 85' lang='lat' dir='ltr'><em>venire?</em></span> <span class='ocrx_word' id='word_1_670' title='bbox 929 2926 1048 2975; x_wconf 87' lang='lat' dir='ltr'><em>Saepe</em></span> <span class='ocrx_word' id='word_1_671' title='bbox 1076 2939 1160 2964; x_wconf 88' lang='lat' dir='ltr'><em>vero</em></span> <span class='ocrx_word' id='word_1_672' title='bbox 1191 2929 1290 2974; x_wconf 83' lang='lat' dir='ltr'><em>ipsos</em></span> <span class='ocrx_word' id='word_1_673' title='bbox 1317 2927 1540 2973; x_wconf 59' lang='lat' dir='ltr'><em>defatigatos</em></span> <span class='ocrx_word' id='word_1_674' title='bbox 1563 2928 1671 2963; x_wconf 87' lang='lat' dir='ltr'><em>etiam</em></span> <span class='ocrx_word' id='word_1_675' title='bbox 1694 2927 1776 2963; x_wconf 85' lang='lat' dir='ltr'><em>aliis</em></span> <span class='ocrx_word' id='word_1_676' title='bbox 1799 2927 1925 2963; x_wconf 90' lang='lat' dir='ltr'><em>cedere</em></span> <span class='ocrx_word' id='word_1_677' title='bbox 1947 2927 2119 2970; x_wconf 89' lang='lat' dir='ltr'><em>actiones,</em></span> <span class='ocrx_word' id='word_1_678' title='bbox 2142 2931 2179 2963; x_wconf 90' lang='lat' dir='ltr'><em>et</em></span> <span class='ocrx_word' id='word_1_679' title='bbox 2200 2926 2289 2962; x_wconf 88' lang='lat' dir='ltr'><em>haec</em></span> <span class='ocrx_word' id='word_1_680' title='bbox 2311 2938 2385 2963; x_wconf 91' lang='lat' dir='ltr'><em>non</em></span> <span class='ocrx_word' id='word_1_681' title='bbox 2407 2927 2476 2962; x_wconf 86' lang='lat' dir='ltr'><em>sibi</em></span> 
     </span>
     <span class='ocr_line' id='line_1_50' title="bbox 256 2971 2475 3019; baseline -0 -11"><span class='ocrx_word' id='word_1_682' title='bbox 256 2973 344 3008; x_wconf 83' lang='lat' dir='ltr'><em>solis</em></span> <span class='ocrx_word' id='word_1_683' title='bbox 367 2973 543 3008; x_wconf 86' lang='lat' dir='ltr'><em>actionem</em></span> <span class='ocrx_word' id='word_1_684' title='bbox 568 2972 808 3018; x_wconf 83' lang='lat' dir='ltr'><em>inferentibus</em></span> <span class='ocrx_word' id='word_1_685' title='bbox 830 2974 977 3019; x_wconf 86' lang='lat' dir='ltr'><em>opponi,</em></span> <span class='ocrx_word' id='word_1_686' title='bbox 1001 2983 1122 3008; x_wconf 88' lang='lat' dir='ltr'><em>verum</em></span> <span class='ocrx_word' id='word_1_687' title='bbox 1141 2973 1249 3008; x_wconf 86' lang='lat' dir='ltr'><em>etiam</em></span> <span class='ocrx_word' id='word_1_688' title='bbox 1271 2972 1318 3006; x_wconf 86' lang='lat' dir='ltr'><em>iis</em></span> <span class='ocrx_word' id='word_1_689' title='bbox 1336 2972 1466 3018; x_wconf 81' lang='lat' dir='ltr'><em>quibus</em></span> <span class='ocrx_word' id='word_1_690' title='bbox 1489 2973 1650 3008; x_wconf 88' lang='lat' dir='ltr'><em>actiones</em></span> <span class='ocrx_word' id='word_1_691' title='bbox 1673 2983 1795 3008; x_wconf 90' lang='lat' dir='ltr'><em>cessae</em></span> <span class='ocrx_word' id='word_1_692' title='bbox 1817 2973 1890 3008; x_wconf 80' lang='lat' dir='ltr'><em>sint</em></span> <span class='ocrx_word' id='word_1_693' title='bbox 1913 2976 1978 3008; x_wconf 90' lang='lat' dir='ltr'><em>aut</em></span> <span class='ocrx_word' id='word_1_694' title='bbox 1991 2971 2179 3008; x_wconf 85' lang='lat' dir='ltr'><em>cedantur.</em></span> <span class='ocrx_word' id='word_1_695' title='bbox 2218 2971 2268 3007; x_wconf 82' lang='lat' dir='ltr'><em>Et</em></span> <span class='ocrx_word' id='word_1_696' title='bbox 2274 2973 2475 3018; x_wconf 87' lang='lat' dir='ltr'><em>petierunt,</em></span> 
     </span>
    </p>
   </div>
   <div class='ocr_carea' id='block_1_10' title="bbox 260 3138 1333 3722">
    <p class='ocr_par' dir='ltr' id='par_1_10' title="bbox 260 3138 1333 3722">
     <span class='ocr_line' id='line_1_51' title="bbox 306 3138 1330 3183; baseline -0.001 -10"><span class='ocrx_word' id='word_1_697' title='bbox 306 3143 322 3174; x_wconf 92' lang='lat'>1</span> <span class='ocrx_word' id='word_1_698' title='bbox 348 3142 468 3173; x_wconf 84' lang='lat' dir='ltr'><em>subscr.</em></span> <span class='ocrx_word' id='word_1_699' title='bbox 493 3140 524 3172; x_wconf 84' lang='lat' dir='ltr'><em>d.</em></span> <span class='ocrx_word' id='word_1_700' title='bbox 549 3139 626 3172; x_wconf 91' lang='lat' dir='ltr'><em>XV.</em></span> <span class='ocrx_word' id='word_1_701' title='bbox 652 3141 685 3173; x_wconf 89' lang='lat' dir='ltr'><em>k.</em></span> <span class='ocrx_word' id='word_1_702' title='bbox 710 3141 774 3173; x_wconf 80' lang='lat' dir='ltr'><em>oct.</em></span> <span class='ocrx_word' id='word_1_703' title='bbox 801 3139 857 3180; x_wconf 87' lang='lat' dir='ltr'><em>M]</em></span> <span class='ocrx_word' id='word_1_704' title='bbox 883 3139 950 3172; x_wconf 84' lang='lat' dir='ltr'><em>dat.</em></span> <span class='ocrx_word' id='word_1_705' title='bbox 974 3138 1087 3171; x_wconf 88' lang='lat' dir='ltr'>XVII.</span> <span class='ocrx_word' id='word_1_706' title='bbox 1112 3138 1177 3172; x_wconf 85' lang='lat' dir='ltr'><em>kal.</em></span> <span class='ocrx_word' id='word_1_707' title='bbox 1203 3140 1266 3172; x_wconf 74' lang='lat' dir='ltr'><em>oct.</em></span> <span class='ocrx_word' id='word_1_708' title='bbox 1287 3138 1330 3183; x_wconf 79' lang='grc' dir='ltr'><em>ςΙΙ</em></span> 
     </span>
     <span class='ocr_line' id='line_1_52' title="bbox 260 3183 1329 3228; baseline -0.002 -9"><span class='ocrx_word' id='word_1_709' title='bbox 260 3187 280 3219; x_wconf 87' lang='grc'>2</span> <span class='ocrx_word' id='word_1_710' title='bbox 297 3185 404 3218; x_wconf 85' lang='lat' dir='ltr'>XXII</span> <span class='ocrx_word' id='word_1_711' title='bbox 418 3195 469 3227; x_wconf 82' lang='lat' dir='ltr'><em>pc.</em></span> <span class='ocrx_word' id='word_1_712' title='bbox 483 3185 573 3226; x_wconf 73' lang='lat' dir='ltr'><em>Esc]</em></span> <span class='ocrx_word' id='word_1_713' title='bbox 593 3184 692 3218; x_wconf 87' lang='lat' dir='ltr'><em>XXV</em></span> <span class='ocrx_word' id='word_1_714' title='bbox 704 3186 782 3228; x_wconf 82' lang='lat' dir='ltr'><em>post</em></span> <span class='ocrx_word' id='word_1_715' title='bbox 797 3183 916 3217; x_wconf 85' lang='lat' dir='ltr'><em>basilio</em></span> <span class='ocrx_word' id='word_1_716' title='bbox 932 3194 980 3216; x_wconf 82' lang='lat' dir='ltr'><em>vc.</em></span> <span class='ocrx_word' id='word_1_717' title='bbox 994 3194 1098 3216; x_wconf 82' lang='lat' dir='ltr'><em>conss.</em></span> <span class='ocrx_word' id='word_1_718' title='bbox 1117 3194 1204 3216; x_wconf 80' lang='lat' dir='ltr'><em>anno</em></span> <span class='ocrx_word' id='word_1_719' title='bbox 1217 3183 1266 3217; x_wconf 91' lang='lat' dir='ltr'><em>VI</em></span> <span class='ocrx_word' id='word_1_720' title='bbox 1279 3184 1329 3217; x_wconf 86' lang='lat' dir='ltr'><em>M.</em></span> 
     </span>
     <span class='ocr_line' id='line_1_53' title="bbox 261 3228 1330 3272; baseline 0 -10"><span class='ocrx_word' id='word_1_721' title='bbox 261 3231 372 3263; x_wconf 78' lang='lat' dir='ltr'><em>Malui</em></span> <span class='ocrx_word' id='word_1_722' title='bbox 402 3242 470 3263; x_wconf 83' lang='lat' dir='ltr'><em>cum</em></span> <span class='ocrx_word' id='word_1_723' title='bbox 493 3230 700 3263; x_wconf 86' lang='lat' dir='ltr'><em>Zachariaeo</em></span> <span class='ocrx_word' id='word_1_724' title='bbox 731 3236 852 3262; x_wconf 74' lang='lat' dir='ltr'><em>sextum</em></span> <span class='ocrx_word' id='word_1_725' title='bbox 878 3236 955 3272; x_wconf 86' lang='lat' dir='ltr'><em>post</em></span> <span class='ocrx_word' id='word_1_726' title='bbox 978 3228 1108 3262; x_wconf 80' lang='lat' dir='ltr'><em>Basilii</em></span> <span class='ocrx_word' id='word_1_727' title='bbox 1133 3230 1330 3262; x_wconf 82' lang='lat' dir='ltr'><em>consulatum</em></span> 
     </span>
     <span class='ocr_line' id='line_1_54' title="bbox 262 3273 1330 3317; baseline -0.001 -10"><span class='ocrx_word' id='word_1_728' title='bbox 262 3287 378 3307; x_wconf 86' lang='lat' dir='ltr'><em>annum</em></span> <span class='ocrx_word' id='word_1_729' title='bbox 403 3275 437 3307; x_wconf 86' lang='lat' dir='ltr'><em>in</em></span> <span class='ocrx_word' id='word_1_730' title='bbox 460 3276 623 3317; x_wconf 83' lang='lat' dir='ltr'><em>septimum</em></span> <span class='ocrx_word' id='word_1_731' title='bbox 646 3282 770 3308; x_wconf 86' lang='lat' dir='ltr'><em>mutare</em></span> <span class='ocrx_word' id='word_1_732' title='bbox 793 3286 889 3317; x_wconf 85' lang='lat' dir='ltr'><em>quam</em></span> <span class='ocrx_word' id='word_1_733' title='bbox 912 3280 1040 3307; x_wconf 84' lang='lat' dir='ltr'><em>servato</em></span> <span class='ocrx_word' id='word_1_734' title='bbox 1050 3273 1108 3307; x_wconf 83' lang='lat' dir='ltr'><em>VI.</em></span> <span class='ocrx_word' id='word_1_735' title='bbox 1122 3281 1197 3317; x_wconf 87' lang='lat' dir='ltr'><em>post</em></span> <span class='ocrx_word' id='word_1_736' title='bbox 1212 3273 1330 3306; x_wconf 87' lang='lat' dir='ltr'>XXII.</span> 
     </span>
     <span class='ocr_line' id='line_1_55' title="bbox 261 3318 1332 3362; baseline 0.001 -11"><span class='ocrx_word' id='word_1_737' title='bbox 261 3331 329 3352; x_wconf 86' lang='lat' dir='ltr'><em>cum</em></span> <span class='ocrx_word' id='word_1_738' title='bbox 364 3319 508 3352; x_wconf 82' lang='lat' dir='ltr'><em>Bienero</em></span> <span class='ocrx_word' id='word_1_739' title='bbox 542 3321 680 3353; x_wconf 85' lang='lat' dir='ltr'><em>scribere</em></span> <span class='ocrx_word' id='word_1_740' title='bbox 710 3318 808 3351; x_wconf 91' lang='lat' dir='ltr'>XXI.</span> <span class='ocrx_word' id='word_1_741' title='bbox 855 3319 1034 3361; x_wconf 77' lang='lat' dir='ltr'><em>Exemplar</em></span> <span class='ocrx_word' id='word_1_742' title='bbox 1071 3319 1117 3351; x_wconf 83' lang='lat' dir='ltr'><em>ad</em></span> <span class='ocrx_word' id='word_1_743' title='bbox 1150 3320 1332 3362; x_wconf 76' lang='lat' dir='ltr'><em>Euqenium</em></span> 
     </span>
     <span class='ocr_line' id='line_1_56' title="bbox 261 3363 1330 3406; baseline 0 -10"><span class='ocrx_word' id='word_1_744' title='bbox 261 3365 412 3406; x_wconf 81' lang='lat' dir='ltr'><em>scriptum</em></span> <span class='ocrx_word' id='word_1_745' title='bbox 440 3376 524 3396; x_wconf 85' lang='lat' dir='ltr'><em>anno</em></span> <span class='ocrx_word' id='word_1_746' title='bbox 555 3365 621 3397; x_wconf 85' lang='lat'><em>540</em></span> <span class='ocrx_word' id='word_1_747' title='bbox 653 3366 797 3397; x_wconf 85' lang='lat' dir='ltr'><em>emissum</em></span> <span class='ocrx_word' id='word_1_748' title='bbox 827 3375 894 3397; x_wconf 86' lang='lat' dir='ltr'><em>esse</em></span> <span class='ocrx_word' id='word_1_749' title='bbox 925 3376 942 3396; x_wconf 85' lang='lat' dir='ltr'><em>e</em></span> <span class='ocrx_word' id='word_1_750' title='bbox 974 3363 1182 3397; x_wconf 78' lang='lat' dir='ltr'><em>Pistoriensis</em></span> <span class='ocrx_word' id='word_1_751' title='bbox 1209 3366 1330 3396; x_wconf 81' lang='lat' dir='ltr'><em>subscr.</em></span> 
     </span>
     <span class='ocr_line' id='line_1_57' title="bbox 263 3408 1330 3461; baseline 0.002 -22"><span class='ocrx_word' id='word_1_752' title='bbox 263 3408 449 3440; x_wconf 82' lang='lat' dir='ltr'><em>concludere</em></span> <span class='ocrx_word' id='word_1_753' title='bbox 479 3409 547 3441; x_wconf 84' lang='lat' dir='ltr'><em>noli</em></span> <span class='ocrx_word' id='word_1_754' title='bbox 576 3409 589 3451; x_wconf 84' lang='grc' dir='ltr'><em>ΙΙ</em></span> <span class='ocrx_word' id='word_1_755' title='bbox 621 3409 701 3442; x_wconf 83' lang='lat' dir='ltr'><em>Post</em></span> <span class='ocrx_word' id='word_1_756' title='bbox 729 3410 850 3441; x_wconf 86' lang='lat' dir='ltr'><em>subscr.</em></span> <span class='ocrx_word' id='word_1_757' title='bbox 883 3419 948 3461; x_wconf 69' lang='grc' dir='ltr'><strong><em>ηοζι</em></strong></span> <span class='ocrx_word' id='word_1_758' title='bbox 976 3415 1126 3441; x_wconf 86' lang='lat' dir='ltr'><em>servatur</em></span> <span class='ocrx_word' id='word_1_759' title='bbox 1150 3409 1264 3441; x_wconf 85' lang='lat' dir='ltr'><em>notitia</em></span> <span class='ocrx_word' id='word_1_760' title='bbox 1290 3409 1330 3441; x_wconf 79' lang='lat' dir='ltr'><em>dc</em></span> 
     </span>
     <span class='ocr_line' id='line_1_58' title="bbox 264 3452 1332 3548; baseline 0.003 -21"><span class='ocrx_word' id='word_1_761' title='bbox 264 3463 380 3528; x_wconf 62' lang='lat' dir='ltr'><em>⁹13?sz</em></span> <span class='ocrx_word' id='word_1_762' title='bbox 380 3459 467 3539; x_wconf 64' lang='grc' dir='ltr'><em>9ιῖωὲ</em></span> <span class='ocrx_word' id='word_1_763' title='bbox 491 3452 727 3531; x_wconf 39' lang='lat' dir='ltr'><em>3¹12}ss&amp;AE</em></span> <span class='ocrx_word' id='word_1_764' title='bbox 753 3454 1332 3548; x_wconf 56' lang='lat' dir='ltr'><em>Z.5552.55⁷55053955133.53.332</em></span> 
     </span>
     <span class='ocr_line' id='line_1_59' title="bbox 265 3543 1333 3586; baseline 0.005 -16"><span class='ocrx_word' id='word_1_765' title='bbox 265 3547 398 3581; x_wconf 86' lang='lat' dir='ltr'><em>constat,</em></span> <span class='ocrx_word' id='word_1_766' title='bbox 422 3543 527 3583; x_wconf 70' lang='lat' dir='ltr'><em>praefi</em></span> <span class='ocrx_word' id='word_1_767' title='bbox 553 3544 628 3574; x_wconf 86' lang='lat' dir='ltr'><em>urbi</em></span> <span class='ocrx_word' id='word_1_768' title='bbox 648 3555 710 3574; x_wconf 84' lang='lat' dir='ltr'><em>non</em></span> <span class='ocrx_word' id='word_1_769' title='bbox 733 3550 875 3575; x_wconf 82' lang='lat' dir='ltr'><em>constat.-</em></span> <span class='ocrx_word' id='word_1_770' title='bbox 898 3543 1057 3586; x_wconf 85' lang='grc' dir='ltr'><strong><em>κυέστωρ</em></strong></span> <span class='ocrx_word' id='word_1_771' title='bbox 1079 3544 1333 3586; x_wconf 80' lang='grc' dir='ltr'><strong><em>Τριβουνιανος</em></strong></span> 
     </span>
     <span class='ocr_line' id='line_1_60' title="bbox 265 3578 1331 3631; baseline 0.004 -17"><span class='ocrx_word' id='word_1_772' title='bbox 265 3578 475 3626; x_wconf 71' lang='grc' dir='ltr'><strong><em>ἆπενεμήθη</em></strong></span> <span class='ocrx_word' id='word_1_773' title='bbox 510 3587 582 3618; x_wconf 86' lang='grc' dir='ltr'><strong><em>τοῖς</em></strong></span> <span class='ocrx_word' id='word_1_774' title='bbox 616 3582 903 3631; x_wconf 83' lang='grc' dir='ltr'><strong><em>ἀργυροπράταις</em></strong></span> <span class='ocrx_word' id='word_1_775' title='bbox 933 3598 1027 3620; x_wconf 85' lang='lat' dir='ltr'><em>anon.</em></span> <span class='ocrx_word' id='word_1_776' title='bbox 1057 3587 1160 3620; x_wconf 86' lang='lat' dir='ltr'><em>Bodl.</em></span> <span class='ocrx_word' id='word_1_777' title='bbox 1192 3588 1226 3620; x_wconf 86' lang='lat' dir='ltr'><em>in</em></span> <span class='ocrx_word' id='word_1_778' title='bbox 1257 3588 1331 3629; x_wconf 82' lang='lat' dir='ltr'><em>epit.</em></span> 
     </span>
     <span class='ocr_line' id='line_1_61' title="bbox 267 3626 1330 3674; baseline 0.005 -16"><span class='ocrx_word' id='word_1_779' title='bbox 267 3638 294 3658; x_wconf 91' lang='lat' dir='ltr'><em>c.</em></span> <span class='ocrx_word' id='word_1_780' title='bbox 317 3628 413 3668; x_wconf 91' lang='lat' dir='ltr'>VIII,</span> <span class='ocrx_word' id='word_1_781' title='bbox 444 3631 528 3661; x_wconf 84' lang='lat' dir='ltr'><em>unde</em></span> <span class='ocrx_word' id='word_1_782' title='bbox 559 3633 772 3674; x_wconf 81' lang='grc' dir='ltr'><strong><em>κοαίστωρι·</em></strong></span> <span class='ocrx_word' id='word_1_783' title='bbox 812 3628 856 3663; x_wconf 82' lang='grc' dir='ltr'><em>τὸ</em></span> <span class='ocrx_word' id='word_1_784' title='bbox 888 3628 1062 3664; x_wconf 85' lang='grc' dir='ltr'><strong><em>ἰσότυπον</em></strong></span> <span class='ocrx_word' id='word_1_785' title='bbox 1092 3629 1239 3673; x_wconf 76' lang='grc' dir='ltr'><strong><em>ἐπάρχῳ</em></strong></span> <span class='ocrx_word' id='word_1_786' title='bbox 1263 3626 1330 3665; x_wconf 88' lang='grc' dir='ltr'><em>πό-</em></span> 
     </span>
     <span class='ocr_line' id='line_1_62' title="bbox 267 3667 1331 3722; baseline 0.007 -21"><span class='ocrx_word' id='word_1_787' title='bbox 267 3667 354 3702; x_wconf 85' lang='grc' dir='ltr'><strong><em>λεως</em></strong></span> <span class='ocrx_word' id='word_1_788' title='bbox 375 3673 493 3705; x_wconf 84' lang='lat' dir='ltr'><em>mavult</em></span> <span class='ocrx_word' id='word_1_789' title='bbox 517 3674 702 3708; x_wconf 84' lang='lat' dir='ltr'><em>Zachariae</em></span> <span class='ocrx_word' id='word_1_790' title='bbox 724 3676 736 3718; x_wconf 91' lang='grc' dir='ltr'><em>ΙΙ</em></span> <span class='ocrx_word' id='word_1_791' title='bbox 753 3676 805 3710; x_wconf 68' lang='grc'><em>’14</em></span> <span class='ocrx_word' id='word_1_792' title='bbox 828 3672 960 3708; x_wconf 78' lang='grc' dir='ltr'><strong><em>ἑαυτὸν</em></strong></span> <span class='ocrx_word' id='word_1_793' title='bbox 983 3676 1033 3716; x_wconf 89' lang='lat' dir='ltr'><em>M,</em></span> <span class='ocrx_word' id='word_1_794' title='bbox 1059 3688 1139 3709; x_wconf 90' lang='lat' dir='ltr'><em>corr.</em></span> <span class='ocrx_word' id='word_1_795' title='bbox 1164 3677 1331 3722; x_wconf 65' lang='lat' dir='ltr'><em>Aqylaeus</em></span> 
     </span>
    </p>
   </div>
   <div class='ocr_carea' id='block_1_11' title="bbox 1397 3135 2475 3272">
    <p class='ocr_par' dir='ltr' id='par_1_11' title="bbox 1397 3135 2475 3272">
     <span class='ocr_line' id='line_1_63' title="bbox 1397 3135 2475 3184; baseline 0 -12"><span class='ocrx_word' id='word_1_796' title='bbox 1397 3137 1409 3183; x_wconf 81' lang='grc' dir='ltr'><em>Ι]</em></span> <span class='ocrx_word' id='word_1_797' title='bbox 1429 3140 1471 3173; x_wconf 92' lang='grc'><em>20</em></span> <span class='ocrx_word' id='word_1_798' title='bbox 1496 3141 1557 3172; x_wconf 84' lang='grc' dir='ltr'><em>καὶ</em></span> <span class='ocrx_word' id='word_1_799' title='bbox 1577 3139 1639 3173; x_wconf 81' lang='lat' dir='ltr'><em>det.</em></span> <span class='ocrx_word' id='word_1_800' title='bbox 1663 3139 1850 3174; x_wconf 85' lang='lat' dir='ltr'><em>Zachariae</em></span> <span class='ocrx_word' id='word_1_801' title='bbox 1865 3138 1878 3184; x_wconf 80' lang='grc' dir='ltr'><em>ΙΙ</em></span> <span class='ocrx_word' id='word_1_802' title='bbox 1905 3141 1946 3173; x_wconf 89' lang='grc'><em>21</em></span> <span class='ocrx_word' id='word_1_803' title='bbox 1971 3135 2159 3181; x_wconf 84' lang='grc' dir='ltr'><strong><em>ποιήσοιτο</em></strong></span> <span class='ocrx_word' id='word_1_804' title='bbox 2184 3139 2233 3179; x_wconf 87' lang='grc' dir='ltr'><em>Μ,</em></span> <span class='ocrx_word' id='word_1_805' title='bbox 2258 3140 2387 3171; x_wconf 76' lang='lat' dir='ltr'><em>correxi</em></span> <span class='ocrx_word' id='word_1_806' title='bbox 2401 3138 2413 3181; x_wconf 84' lang='grc' dir='ltr'><em>ΙΙ</em></span> <span class='ocrx_word' id='word_1_807' title='bbox 2431 3139 2475 3173; x_wconf 85' lang='grc'><em>24</em></span> 
     </span>
     <span class='ocr_line' id='line_1_64' title="bbox 1398 3178 2474 3236; baseline 0 -20"><span class='ocrx_word' id='word_1_808' title='bbox 1398 3185 1554 3236; x_wconf 57' lang='grc' dir='ltr'><strong><em>ετοίᾰίεεε</em></strong></span> <span class='ocrx_word' id='word_1_809' title='bbox 1564 3191 1644 3236; x_wconf 47' lang='lat' dir='ltr'><em>put-o</em></span> <span class='ocrx_word' id='word_1_810' title='bbox 1664 3186 1755 3218; x_wconf 84' lang='lat' dir='ltr'><em>verbi</em></span> <span class='ocrx_word' id='word_1_811' title='bbox 1768 3186 1879 3227; x_wconf 75' lang='lat' dir='ltr'><em>qratia</em></span> <span class='ocrx_word' id='word_1_812' title='bbox 1902 3182 2153 3236; x_wconf 63' lang='grc' dir='ltr'><strong><em>φυλάττεσθαι</em></strong></span> <span class='ocrx_word' id='word_1_813' title='bbox 2169 3183 2181 3222; x_wconf 92' lang='grc' dir='ltr'><em>ΙΙ</em></span> <span class='ocrx_word' id='word_1_814' title='bbox 2198 3178 2326 3226; x_wconf 73' lang='grc' dir='ltr'><strong><em>ὅτιπερ</em></strong></span> <span class='ocrx_word' id='word_1_815' title='bbox 2343 3184 2474 3216; x_wconf 85' lang='lat' dir='ltr'><em>Zacha-</em></span> 
     </span>
     <span class='ocr_line' id='line_1_65' title="bbox 1398 3228 1983 3272; baseline 0.002 -11"><span class='ocrx_word' id='word_1_816' title='bbox 1398 3241 1468 3262; x_wconf 81' lang='lat' dir='ltr'><em>riae</em></span> <span class='ocrx_word' id='word_1_817' title='bbox 1485 3228 1497 3272; x_wconf 78' lang='grc' dir='ltr'><em>ΙΙ</em></span> <span class='ocrx_word' id='word_1_818' title='bbox 1515 3230 1557 3262; x_wconf 83' lang='lat'><em>25</em></span> <span class='ocrx_word' id='word_1_819' title='bbox 1581 3240 1635 3271; x_wconf 76' lang='grc' dir='ltr'><em>τῳ</em></span> <span class='ocrx_word' id='word_1_820' title='bbox 1661 3229 1860 3270; x_wconf 83' lang='lat' dir='ltr'><em>Zachariae]</em></span> <span class='ocrx_word' id='word_1_821' title='bbox 1880 3241 1923 3262; x_wconf 89' lang='grc' dir='ltr'><em>το</em></span> <span class='ocrx_word' id='word_1_822' title='bbox 1938 3229 1983 3262; x_wconf 88' lang='grc' dir='ltr'><em>Μ</em></span> 
     </span>
    </p>
   </div>
   <div class='ocr_carea' id='block_1_12' title="bbox 1397 3404 2471 3721">
    <p class='ocr_par' dir='ltr' id='par_1_12' title="bbox 1397 3404 2471 3721">
     <span class='ocr_line' id='line_1_66' title="bbox 1447 3404 2470 3450; baseline -0.005 -9"><span class='ocrx_word' id='word_1_823' title='bbox 1447 3410 1462 3441; x_wconf 85' lang='grc'>1</span> <span class='ocrx_word' id='word_1_824' title='bbox 1490 3410 1610 3441; x_wconf 87' lang='lat' dir='ltr'><em>subscr.</em></span> <span class='ocrx_word' id='word_1_825' title='bbox 1636 3420 1695 3440; x_wconf 85' lang='lat' dir='ltr'><em>om.</em></span> <span class='ocrx_word' id='word_1_826' title='bbox 1717 3408 1767 3449; x_wconf 83' lang='lat' dir='ltr'><em>V‚·</em></span> <span class='ocrx_word' id='word_1_827' title='bbox 1791 3409 1920 3450; x_wconf 84' lang='lat' dir='ltr'><em>falsam</em></span> <span class='ocrx_word' id='word_1_828' title='bbox 1948 3408 2073 3440; x_wconf 76' lang='lat' dir='ltr'><em>exhibet</em></span> <span class='ocrx_word' id='word_1_829' title='bbox 2092 3406 2174 3439; x_wconf 83' lang='lat' dir='ltr'><em>Pist.</em></span> <span class='ocrx_word' id='word_1_830' title='bbox 2203 3405 2413 3445; x_wconf 81' lang='lat' dir='ltr'><em>(dat.V1111.</em></span> <span class='ocrx_word' id='word_1_831' title='bbox 2436 3404 2470 3436; x_wconf 85' lang='lat' dir='ltr'><em>k.</em></span> 
     </span>
     <span class='ocr_line' id='line_1_67' title="bbox 1399 3447 2471 3495; baseline -0.004 -11"><span class='ocrx_word' id='word_1_832' title='bbox 1399 3452 1495 3485; x_wconf 74' lang='lat' dir='ltr'><em>inflas</em></span> <span class='ocrx_word' id='word_1_833' title='bbox 1525 3452 1597 3495; x_wconf 75' lang='lat' dir='ltr'><em>cas).</em></span> <span class='ocrx_word' id='word_1_834' title='bbox 1629 3452 1709 3495; x_wconf 88' lang='lat' dir='ltr'><em>imp.</em></span> <span class='ocrx_word' id='word_1_835' title='bbox 1741 3452 1794 3487; x_wconf 75' lang='lat' dir='ltr'>df..</span> <span class='ocrx_word' id='word_1_836' title='bbox 1826 3452 1905 3485; x_wconf 84' lang='lat' dir='ltr'><em>inst.</em></span> <span class='ocrx_word' id='word_1_837' title='bbox 1937 3462 1992 3494; x_wconf 88' lang='lat' dir='ltr'><em>pp.</em></span> <span class='ocrx_word' id='word_1_838' title='bbox 2023 3461 2092 3493; x_wconf 77' lang='lat' dir='ltr'><em>cog.</em></span> <span class='ocrx_word' id='word_1_839' title='bbox 2127 3450 2176 3483; x_wconf 72' lang='grc' dir='ltr'><em>εὖ,</em></span> <span class='ocrx_word' id='word_1_840' title='bbox 2207 3449 2317 3482; x_wconf 88' lang='lat' dir='ltr'>XIIII</span> <span class='ocrx_word' id='word_1_841' title='bbox 2346 3447 2471 3480; x_wconf 80' lang='lat' dir='ltr'><em>iustine</em></span> 
     </span>
     <span class='ocr_line' id='line_1_68' title="bbox 1399 3495 2471 3536; baseline -0.005 -8"><span class='ocrx_word' id='word_1_842' title='bbox 1399 3498 1474 3529; x_wconf 89' lang='lat' dir='ltr'><em>uiro</em></span> <span class='ocrx_word' id='word_1_843' title='bbox 1495 3496 1679 3529; x_wconf 81' lang='lat' dir='ltr'><em>clarissimo</em></span> <span class='ocrx_word' id='word_1_844' title='bbox 1696 3497 1828 3529; x_wconf 81' lang='lat' dir='ltr'><em>consule</em></span> <span class='ocrx_word' id='word_1_845' title='bbox 1846 3499 1866 3530; x_wconf 83' lang='lat' dir='ltr'><em>i.</em></span> <span class='ocrx_word' id='word_1_846' title='bbox 1885 3509 1910 3529; x_wconf 87' lang='lat' dir='ltr'><em>e.</em></span> <span class='ocrx_word' id='word_1_847' title='bbox 1926 3509 1955 3529; x_wconf 90' lang='lat' dir='ltr'><em>a.</em></span> <span class='ocrx_word' id='word_1_848' title='bbox 1971 3497 2060 3536; x_wconf 80' lang='lat'>540),</span> <span class='ocrx_word' id='word_1_849' title='bbox 2083 3507 2192 3529; x_wconf 85' lang='lat' dir='ltr'><em>veram</em></span> <span class='ocrx_word' id='word_1_850' title='bbox 2210 3495 2256 3527; x_wconf 84' lang='lat' dir='ltr'><em>ad</em></span> <span class='ocrx_word' id='word_1_851' title='bbox 2268 3495 2354 3526; x_wconf 81' lang='lat' dir='ltr'><em>rubr.</em></span> <span class='ocrx_word' id='word_1_852' title='bbox 2370 3499 2471 3524; x_wconf 81' lang='lat' dir='ltr'><em>const.</em></span> 
     </span>
     <span class='ocr_line' id='line_1_69' title="bbox 1404 3535 2468 3586; baseline -0.008 -11"><span class='ocrx_word' id='word_1_853' title='bbox 1404 3542 1551 3575; x_wconf 87' lang='lat' dir='ltr'>CXXII</span> <span class='ocrx_word' id='word_1_854' title='bbox 1577 3542 1634 3579; x_wconf 83' lang='lat'><em>(=</em></span> <span class='ocrx_word' id='word_1_855' title='bbox 1661 3554 1732 3575; x_wconf 82' lang='lat' dir='ltr'><em>nov.</em></span> <span class='ocrx_word' id='word_1_856' title='bbox 1753 3542 1935 3582; x_wconf 85' lang='lat' dir='ltr'>CXXIX)</span> <span class='ocrx_word' id='word_1_857' title='bbox 1967 3541 2106 3573; x_wconf 86' lang='lat' dir='ltr'><em>delatam</em></span> <span class='ocrx_word' id='word_1_858' title='bbox 2130 3539 2244 3572; x_wconf 82' lang='lat' dir='ltr'><em>Escor.</em></span> <span class='ocrx_word' id='word_1_859' title='bbox 2261 3544 2292 3570; x_wconf 84' lang='lat' dir='ltr'><em>et</em></span> <span class='ocrx_word' id='word_1_860' title='bbox 2315 3536 2364 3568; x_wconf 88' lang='lat' dir='ltr'><em>T:</em></span> <span class='ocrx_word' id='word_1_861' title='bbox 2379 3580 2387 3586; x_wconf 48' lang='lat'><strong>·</strong></span> <span class='ocrx_word' id='word_1_862' title='bbox 2401 3535 2468 3586; x_wconf 61' lang='lat' dir='ltr'><em>dat.</em></span> 
     </span>
     <span class='ocr_line' id='line_1_70' title="bbox 1397 3578 2468 3627; baseline -0.007 -9"><span class='ocrx_word' id='word_1_863' title='bbox 1397 3585 1511 3618; x_wconf 89' lang='lat' dir='ltr'>XVII.</span> <span class='ocrx_word' id='word_1_864' title='bbox 1536 3585 1603 3619; x_wconf 75' lang='lat' dir='ltr'><em>kal.</em></span> <span class='ocrx_word' id='word_1_865' title='bbox 1628 3588 1691 3618; x_wconf 77' lang='lat' dir='ltr'><em>oet.</em></span> <span class='ocrx_word' id='word_1_866' title='bbox 1715 3586 1839 3627; x_wconf 75' lang='lat' dir='ltr'><em>(octub.</em></span> <span class='ocrx_word' id='word_1_867' title='bbox 1864 3585 1954 3626; x_wconf 74' lang='lat' dir='ltr'><em>E&#39;sc.)</em></span> <span class='ocrx_word' id='word_1_868' title='bbox 1986 3594 2037 3626; x_wconf 85' lang='lat' dir='ltr'><em>cp.</em></span> <span class='ocrx_word' id='word_1_869' title='bbox 2061 3586 2143 3625; x_wconf 80' lang='lat' dir='ltr'><em>(cap.</em></span> <span class='ocrx_word' id='word_1_870' title='bbox 2168 3582 2207 3622; x_wconf 84' lang='grc' dir='ltr'><em>Τ)</em></span> <span class='ocrx_word' id='word_1_871' title='bbox 2230 3581 2308 3622; x_wconf 88' lang='lat' dir='ltr'><em>imp.</em></span> <span class='ocrx_word' id='word_1_872' title='bbox 2331 3578 2389 3611; x_wconf 89' lang='lat' dir='ltr'><em>dm</em></span> <span class='ocrx_word' id='word_1_873' title='bbox 2414 3590 2468 3611; x_wconf 78' lang='lat' dir='ltr'><em>nn</em></span> 
     </span>
     <span class='ocr_line' id='line_1_71' title="bbox 1398 3624 2468 3673; baseline -0.003 -10"><span class='ocrx_word' id='word_1_874' title='bbox 1398 3630 1480 3672; x_wconf 86' lang='lat' dir='ltr'><em>(ntri</em></span> <span class='ocrx_word' id='word_1_875' title='bbox 1511 3631 1600 3669; x_wconf 81' lang='lat' dir='ltr'><em>Ese.)</em></span> <span class='ocrx_word' id='word_1_876' title='bbox 1631 3630 1808 3663; x_wconf 75' lang='lat' dir='ltr'><em>iustiniani</em></span> <span class='ocrx_word' id='word_1_877' title='bbox 1839 3629 1930 3670; x_wconf 85' lang='lat' dir='ltr'><em>(iust.</em></span> <span class='ocrx_word' id='word_1_878' title='bbox 1955 3629 2045 3670; x_wconf 76' lang='lat' dir='ltr'><em>Esc.)</em></span> <span class='ocrx_word' id='word_1_879' title='bbox 2078 3638 2133 3673; x_wconf 79' lang='lat' dir='ltr'><em>pp.</em></span> <span class='ocrx_word' id='word_1_880' title='bbox 2161 3635 2230 3669; x_wconf 84' lang='lat' dir='ltr'><em>cog.</em></span> <span class='ocrx_word' id='word_1_881' title='bbox 2263 3625 2394 3667; x_wconf 76' lang='lat' dir='ltr'><em>(desinit</em></span> <span class='ocrx_word' id='word_1_882' title='bbox 2420 3624 2468 3669; x_wconf 75' lang='lat' dir='ltr'><em>T)</em></span> 
     </span>
     <span class='ocr_line' id='line_1_72' title="bbox 1398 3674 1662 3721; baseline -0.004 -13"><span class='ocrx_word' id='word_1_883' title='bbox 1398 3675 1441 3712; x_wconf 79' lang='grc' dir='ltr'><strong>εῇ</strong></span> <span class='ocrx_word' id='word_1_884' title='bbox 1470 3674 1588 3708; x_wconf 91' lang='lat' dir='ltr'>XXII.</span> <span class='ocrx_word' id='word_1_885' title='bbox 1611 3685 1662 3721; x_wconf 83' lang='lat' dir='ltr'><em>pc.</em></span> 
     </span>
    </p>
   </div>
   <div class='ocr_carea' id='block_1_13' title="bbox 2500 888 2538 920">
    <p class='ocr_par' dir='ltr' id='par_1_13' title="bbox 2500 888 2538 920">
     <span class='ocr_line' id='line_1_73' title="bbox 2500 888 2538 920; baseline 0 0"><span class='ocrx_word' id='word_1_886' title='bbox 2500 888 2538 920; x_wconf 83' lang='lat'><em>10</em></span> 
     </span>
    </p>
   </div>
   <div class='ocr_carea' id='block_1_14' title="bbox 2500 1112 2540 1145">
    <p class='ocr_par' dir='ltr' id='par_1_14' title="bbox 2500 1112 2540 1145">
     <span class='ocr_line' id='line_1_74' title="bbox 2500 1112 2540 1145; baseline -0.025 0"><span class='ocrx_word' id='word_1_887' title='bbox 2500 1112 2540 1145; x_wconf 86' lang='lat'><em>15</em></span> 
     </span>
    </p>
   </div>
   <div class='ocr_carea' id='block_1_15' title="bbox 2499 1336 2541 1368">
    <p class='ocr_par' dir='ltr' id='par_1_15' title="bbox 2499 1336 2541 1368">
     <span class='ocr_line' id='line_1_75' title="bbox 2499 1336 2541 1368; baseline 0 0"><span class='ocrx_word' id='word_1_888' title='bbox 2499 1336 2541 1368; x_wconf 88' lang='grc'><em>20</em></span> 
     </span>
    </p>
   </div>
   <div class='ocr_carea' id='block_1_16' title="bbox 2499 1561 2541 1592">
    <p class='ocr_par' dir='ltr' id='par_1_16' title="bbox 2499 1561 2541 1592">
     <span class='ocr_line' id='line_1_76' title="bbox 2499 1561 2541 1592; baseline 0 0"><span class='ocrx_word' id='word_1_889' title='bbox 2499 1561 2541 1592; x_wconf 89' lang='grc'><em>25</em></span> 
     </span>
    </p>
   </div>
  </div>
 </body>
</html>
