<?xml version="1.0" encoding="UTF-8"?>
<!DOCTYPE html PUBLIC "-//W3C//DTD XHTML 1.0 Transitional//EN"
    "http://www.w3.org/TR/xhtml1/DTD/xhtml1-transitional.dtd">
<html xmlns="http://www.w3.org/1999/xhtml" xml:lang="en" lang="en">
 <head>
  <title>
</title>
<meta http-equiv="Content-Type" content="text/html;charset=utf-8" />
  <meta name='ocr-system' content='tesseract 3.04.00' />
  <meta name='ocr-capabilities' content='ocr_page ocr_carea ocr_par ocr_line ocrx_word'/>
</head>
<body>
  <div class='ocr_page' id='page_1' title='image "./corpusiuriscivil03krueuoft_0290.png"; bbox 0 0 2618 4010; ppageno 0'>
   <div class='ocr_carea' id='block_1_1' title="bbox 234 133 2463 184">
    <p class='ocr_par' dir='ltr' id='par_1_1' title="bbox 234 133 2463 184">
     <span class='ocr_line' id='line_1_1' title="bbox 234 133 2463 184; baseline 0 -2"><span class='ocrx_word' id='word_1_1' title='bbox 234 138 341 182; x_wconf 83' lang='lat' dir='ltr'><strong>Nov.</strong></span> <span class='ocrx_word' id='word_1_2' title='bbox 372 138 449 182; x_wconf 87' lang='lat' dir='ltr'><strong>XL</strong></span> <span class='ocrx_word' id='word_1_3' title='bbox 484 141 503 180; x_wconf 90' lang='lat'>1</span> <span class='ocrx_word' id='word_1_4' title='bbox 1306 133 1390 184; x_wconf 78' lang='lat'><strong>260</strong></span> <span class='ocrx_word' id='word_1_5' title='bbox 2159 149 2222 183; x_wconf 82' lang='lat' dir='ltr'><strong>m·</strong></span> <span class='ocrx_word' id='word_1_6' title='bbox 2250 150 2463 183; x_wconf 72' lang='lat' dir='ltr'><strong>nconnsu</strong></span> 
     </span>
    </p>
   </div>
   <div class='ocr_carea' id='block_1_2' title="bbox 1244 269 1455 307">
    <p class='ocr_par' dir='ltr' id='par_1_2' title="bbox 1244 269 1455 307">
     <span class='ocr_line' id='line_1_2' title="bbox 1244 269 1455 307; baseline -0.005 0"><span class='ocrx_word' id='word_1_7' title='bbox 1244 269 1402 307; x_wconf 73' lang='lat' dir='ltr'>CAPUT</span> <span class='ocrx_word' id='word_1_8' title='bbox 1426 271 1455 306; x_wconf 91' lang='grc' dir='ltr'><strong>Ι.</strong></span> 
     </span>
    </p>
   </div>
   <div class='ocr_carea' id='block_1_3' title="bbox 238 334 2468 2362">
    <p class='ocr_par' dir='ltr' id='par_1_3' title="bbox 238 334 2465 699">
     <span class='ocr_line' id='line_1_3' title="bbox 289 334 2462 389; baseline 0.001 -17"><span class='ocrx_word' id='word_1_9' title='bbox 289 338 406 372; x_wconf 74' lang='grc' dir='ltr'><strong><em>Ταῦτα</em></strong></span> <span class='ocrx_word' id='word_1_10' title='bbox 437 335 526 381; x_wconf 74' lang='grc' dir='ltr'><strong><em>ἡμᾶς</em></strong></span> <span class='ocrx_word' id='word_1_11' title='bbox 557 334 755 384; x_wconf 76' lang='grc' dir='ltr'><em>ἀφικέσθαι</em></span> <span class='ocrx_word' id='word_1_12' title='bbox 785 336 873 385; x_wconf 71' lang='grc' dir='ltr'><strong><em>πρὸς</em></strong></span> <span class='ocrx_word' id='word_1_13' title='bbox 906 338 972 374; x_wconf 81' lang='grc' dir='ltr'><strong>τὸν</strong></span> <span class='ocrx_word' id='word_1_14' title='bbox 1007 334 1173 382; x_wconf 85' lang='grc' dir='ltr'><strong><em>παρόντα</em></strong></span> <span class='ocrx_word' id='word_1_15' title='bbox 1202 335 1315 382; x_wconf 86' lang='grc' dir='ltr'><strong><em>νόμον</em></strong></span> <span class='ocrx_word' id='word_1_16' title='bbox 1428 336 1528 372; x_wconf 86' lang='lat' dir='ltr'><strong>Haec</strong></span> <span class='ocrx_word' id='word_1_17' title='bbox 1552 345 1619 372; x_wconf 90' lang='lat' dir='ltr'><strong>nos</strong></span> <span class='ocrx_word' id='word_1_18' title='bbox 1643 335 1822 389; x_wconf 75' lang='lat' dir='ltr'><strong>respicere</strong></span> <span class='ocrx_word' id='word_1_19' title='bbox 1845 336 1891 373; x_wconf 78' lang='lat' dir='ltr'><strong>ad</strong></span> <span class='ocrx_word' id='word_1_20' title='bbox 1910 342 2132 384; x_wconf 69' lang='lat' dir='ltr'>praesentem</span> <span class='ocrx_word' id='word_1_21' title='bbox 2156 339 2267 384; x_wconf 86' lang='lat' dir='ltr'><strong>legem</strong></span> <span class='ocrx_word' id='word_1_22' title='bbox 2290 348 2462 384; x_wconf 77' lang='lat' dir='ltr'><strong>procura-</strong></span> 
     </span>
     <span class='ocr_line' id='line_1_4' title="bbox 238 378 2463 438; baseline 0 -19"><span class='ocrx_word' id='word_1_23' title='bbox 238 380 516 430; x_wconf 74' lang='grc' dir='ltr'><strong><em>παρεσκεῦασεν,</em></strong></span> <span class='ocrx_word' id='word_1_24' title='bbox 545 379 589 418; x_wconf 71' lang='grc' dir='ltr'><strong>ὃν</strong></span> <span class='ocrx_word' id='word_1_25' title='bbox 617 378 844 438; x_wconf 66' lang='grc' dir='ltr'><strong><em>ἆνατίθεμεν</em></strong></span> <span class='ocrx_word' id='word_1_26' title='bbox 872 385 926 428; x_wconf 75' lang='grc' dir='ltr'><strong>τῷ</strong></span> <span class='ocrx_word' id='word_1_27' title='bbox 952 381 1110 436; x_wconf 72' lang='grc' dir='ltr'><strong><em>δεσπότῃ</em></strong></span> <span class='ocrx_word' id='word_1_28' title='bbox 1143 382 1224 426; x_wconf 76' lang='grc' dir='ltr'><strong>θεῷ</strong></span> <span class='ocrx_word' id='word_1_29' title='bbox 1256 385 1316 436; x_wconf 50' lang='lat' dir='ltr'><strong>xa}</strong></span> <span class='ocrx_word' id='word_1_30' title='bbox 1383 386 1521 423; x_wconf 82' lang='lat' dir='ltr'><strong>verunt,</strong></span> <span class='ocrx_word' id='word_1_31' title='bbox 1547 391 1653 425; x_wconf 87' lang='lat' dir='ltr'><strong>quam</strong></span> <span class='ocrx_word' id='word_1_32' title='bbox 1675 381 1834 416; x_wconf 80' lang='lat' dir='ltr'><strong>dicamus</strong></span> <span class='ocrx_word' id='word_1_33' title='bbox 1857 382 1999 420; x_wconf 78' lang='lat' dir='ltr'><strong>domino</strong></span> <span class='ocrx_word' id='word_1_34' title='bbox 2019 384 2086 420; x_wconf 88' lang='lat' dir='ltr'><strong>deo</strong></span> <span class='ocrx_word' id='word_1_35' title='bbox 2111 388 2147 420; x_wconf 87' lang='lat' dir='ltr'><strong>et</strong></span> <span class='ocrx_word' id='word_1_36' title='bbox 2171 384 2326 419; x_wconf 71' lang='lat' dir='ltr'><strong>omnium</strong></span> <span class='ocrx_word' id='word_1_37' title='bbox 2350 383 2463 420; x_wconf 82' lang='lat' dir='ltr'><strong>eccle·</strong></span> 
     </span>
     <span class='ocr_line' id='line_1_5' title="bbox 238 424 2463 482; baseline 0 -20"><span class='ocrx_word' id='word_1_38' title='bbox 238 429 282 475; x_wconf 83' lang='grc' dir='ltr'><strong>τῇ</strong></span> <span class='ocrx_word' id='word_1_39' title='bbox 296 430 373 462; x_wconf 82' lang='grc' dir='ltr'><strong>τῶν</strong></span> <span class='ocrx_word' id='word_1_40' title='bbox 391 429 524 463; x_wconf 82' lang='grc' dir='ltr'><strong><em>πασῶν</em></strong></span> <span class='ocrx_word' id='word_1_41' title='bbox 541 426 739 471; x_wconf 70' lang='grc' dir='ltr'><strong><em>ἐκκλησιῶν</em></strong></span> <span class='ocrx_word' id='word_1_42' title='bbox 759 428 944 476; x_wconf 77' lang='grc' dir='ltr'><strong><em>αγιωτάτῃ</em></strong></span> <span class='ocrx_word' id='word_1_43' title='bbox 956 426 1176 462; x_wconf 80' lang='grc' dir='ltr'><strong><em>Ἀναστασει.</em></strong></span> <span class='ocrx_word' id='word_1_44' title='bbox 1208 424 1259 461; x_wconf 77' lang='grc' dir='ltr'><strong>δι’</strong></span> <span class='ocrx_word' id='word_1_45' title='bbox 1275 439 1314 461; x_wconf 86' lang='grc' dir='ltr'><strong>ου</strong></span> <span class='ocrx_word' id='word_1_46' title='bbox 1384 427 1518 462; x_wconf 89' lang='lat' dir='ltr'><strong>siarum</strong></span> <span class='ocrx_word' id='word_1_47' title='bbox 1543 425 1789 461; x_wconf 80' lang='lat' dir='ltr'><strong>sanctissimae</strong></span> <span class='ocrx_word' id='word_1_48' title='bbox 1811 425 2096 465; x_wconf 79' lang='lat' dir='ltr'><strong>Resurrectioniz</strong></span> <span class='ocrx_word' id='word_1_49' title='bbox 2128 439 2192 475; x_wconf 89' lang='lat' dir='ltr'><strong>per</strong></span> <span class='ocrx_word' id='word_1_50' title='bbox 2215 439 2321 482; x_wconf 67' lang='lat' dir='ltr'><strong>quam</strong></span> <span class='ocrx_word' id='word_1_51' title='bbox 2346 429 2463 464; x_wconf 86' lang='lat' dir='ltr'><strong>sanci-</strong></span> 
     </span>
     <span class='ocr_line' id='line_1_6' title="bbox 239 470 2461 519; baseline 0 -12"><span class='ocrx_word' id='word_1_52' title='bbox 239 474 465 516; x_wconf 75' lang='grc' dir='ltr'><strong><em>θεσπίζομεν</em></strong></span> <span class='ocrx_word' id='word_1_53' title='bbox 487 471 534 507; x_wconf 80' lang='grc' dir='ltr'><strong>τὰ</strong></span> <span class='ocrx_word' id='word_1_54' title='bbox 556 473 623 517; x_wconf 70' lang='grc' dir='ltr'><strong>μὲν</strong></span> <span class='ocrx_word' id='word_1_55' title='bbox 639 471 730 507; x_wconf 78' lang='grc' dir='ltr'><strong><em>ἄλλα</em></strong></span> <span class='ocrx_word' id='word_1_56' title='bbox 754 472 877 508; x_wconf 83' lang='grc' dir='ltr'><strong><em>πάντα</em></strong></span> <span class='ocrx_word' id='word_1_57' title='bbox 900 474 980 519; x_wconf 79' lang='grc' dir='ltr'><strong><em>(τοῦ</em></strong></span> <span class='ocrx_word' id='word_1_58' title='bbox 1000 474 1082 517; x_wconf 81' lang='grc' dir='ltr'><strong><em>περὶ</em></strong></span> <span class='ocrx_word' id='word_1_59' title='bbox 1102 473 1180 506; x_wconf 79' lang='grc' dir='ltr'><strong>τῶν</strong></span> <span class='ocrx_word' id='word_1_60' title='bbox 1197 471 1314 515; x_wconf 69' lang='grc' dir='ltr'><strong><em>ἐκκλη-</em></strong></span> <span class='ocrx_word' id='word_1_61' title='bbox 1384 482 1462 506; x_wconf 90' lang='lat' dir='ltr'><strong>mus</strong></span> <span class='ocrx_word' id='word_1_62' title='bbox 1494 470 1564 506; x_wconf 77' lang='lat' dir='ltr'><strong>alia</strong></span> <span class='ocrx_word' id='word_1_63' title='bbox 1588 470 1728 516; x_wconf 88' lang='lat' dir='ltr'><strong>quidem</strong></span> <span class='ocrx_word' id='word_1_64' title='bbox 1758 470 1877 506; x_wconf 86' lang='lat' dir='ltr'><strong>omnia</strong></span> <span class='ocrx_word' id='word_1_65' title='bbox 1907 471 1995 517; x_wconf 80' lang='lat' dir='ltr'><strong>legis</strong></span> <span class='ocrx_word' id='word_1_66' title='bbox 2024 473 2068 509; x_wconf 90' lang='lat' dir='ltr'><strong>de</strong></span> <span class='ocrx_word' id='word_1_67' title='bbox 2099 474 2351 510; x_wconf 81' lang='lat' dir='ltr'><strong>ecclesiasticis</strong></span> <span class='ocrx_word' id='word_1_68' title='bbox 2375 474 2461 509; x_wconf 83' lang='lat' dir='ltr'><strong>alie-</strong></span> 
     </span>
     <span class='ocr_line' id='line_1_7' title="bbox 239 515 2464 564; baseline 0.001 -13"><span class='ocrx_word' id='word_1_69' title='bbox 239 518 442 552; x_wconf 83' lang='grc' dir='ltr'><strong><em>σιαστικῶν</em></strong></span> <span class='ocrx_word' id='word_1_70' title='bbox 472 517 696 560; x_wconf 69' lang='grc' dir='ltr'><strong><em>ἐκποιήσεων</em></strong></span> <span class='ocrx_word' id='word_1_71' title='bbox 729 516 840 562; x_wconf 88' lang='grc' dir='ltr'><strong><em>νόμου</em></strong></span> <span class='ocrx_word' id='word_1_72' title='bbox 871 520 1016 564; x_wconf 78' lang='grc' dir='ltr'><strong><em>κρατεῖν</em></strong></span> <span class='ocrx_word' id='word_1_73' title='bbox 1048 517 1125 557; x_wconf 80' lang='grc' dir='ltr'><strong><em>καὶ)</em></strong></span> <span class='ocrx_word' id='word_1_74' title='bbox 1159 518 1221 551; x_wconf 73' lang='grc' dir='ltr'><strong><em>ἐπὶ</em></strong></span> <span class='ocrx_word' id='word_1_75' title='bbox 1256 518 1317 559; x_wconf 72' lang='grc' dir='ltr'><strong>τῆς</strong></span> <span class='ocrx_word' id='word_1_76' title='bbox 1353 520 1371 552; x_wconf 85' lang='grc'>5</span> <span class='ocrx_word' id='word_1_77' title='bbox 1385 516 1591 551; x_wconf 84' lang='lat' dir='ltr'><strong>nationibus</strong></span> <span class='ocrx_word' id='word_1_78' title='bbox 1627 515 1741 551; x_wconf 81' lang='lat' dir='ltr'><strong>teneri</strong></span> <span class='ocrx_word' id='word_1_79' title='bbox 1779 518 1816 551; x_wconf 82' lang='lat' dir='ltr'><strong>et</strong></span> <span class='ocrx_word' id='word_1_80' title='bbox 1851 515 1889 551; x_wconf 82' lang='lat' dir='ltr'><strong>in</strong></span> <span class='ocrx_word' id='word_1_81' title='bbox 1929 518 2154 554; x_wconf 76' lang='lat' dir='ltr'><strong>sanctissima</strong></span> <span class='ocrx_word' id='word_1_82' title='bbox 2189 519 2464 555; x_wconf 84' lang='lat' dir='ltr'><strong>Resurrectione</strong></span> 
     </span>
     <span class='ocr_line' id='line_1_8' title="bbox 238 560 2464 609; baseline 0.001 -13"><span class='ocrx_word' id='word_1_83' title='bbox 238 561 399 609; x_wconf 80' lang='grc' dir='ltr'><strong><em>ἁγιωτάτ</em></strong></span> <span class='ocrx_word' id='word_1_84' title='bbox 423 560 700 598; x_wconf 69' lang='grc' dir='ltr'><strong><em>ςἈναστάσεως</em></strong></span> <span class='ocrx_word' id='word_1_85' title='bbox 715 576 786 608; x_wconf 87' lang='grc' dir='ltr'><strong>προ</strong></span> <span class='ocrx_word' id='word_1_86' title='bbox 817 560 894 596; x_wconf 66' lang='grc' dir='ltr'><strong><em>(ἔσει</em></strong></span> <span class='ocrx_word' id='word_1_87' title='bbox 911 565 1057 607; x_wconf 84' lang='grc' dir='ltr'><em>χωρίων</em></span> <span class='ocrx_word' id='word_1_88' title='bbox 1073 560 1316 604; x_wconf 78' lang='grc' dir='ltr'><strong><em>έκκλησιαστι·</em></strong></span> <span class='ocrx_word' id='word_1_89' title='bbox 1386 560 1577 596; x_wconf 81' lang='lat' dir='ltr'><strong>occasione</strong></span> <span class='ocrx_word' id='word_1_90' title='bbox 1618 570 1784 605; x_wconf 82' lang='lat' dir='ltr'><strong>agrorum</strong></span> <span class='ocrx_word' id='word_1_91' title='bbox 1819 560 2142 599; x_wconf 84' lang='lat' dir='ltr'><strong>ecclesiasticorum</strong></span> <span class='ocrx_word' id='word_1_92' title='bbox 2182 566 2268 606; x_wconf 91' lang='lat' dir='ltr'><strong>(non</strong></span> <span class='ocrx_word' id='word_1_93' title='bbox 2302 564 2395 600; x_wconf 87' lang='lat' dir='ltr'><strong>enim</strong></span> <span class='ocrx_word' id='word_1_94' title='bbox 2430 563 2464 598; x_wconf 89' lang='lat' dir='ltr'><strong>ei</strong></span> 
     </span>
     <span class='ocr_line' id='line_1_9' title="bbox 239 576 2465 655; baseline 0.001 -13"><span class='ocrx_word' id='word_1_95' title='bbox 239 608 316 642; x_wconf 85' lang='grc' dir='ltr'><strong>κῶν</strong></span> <span class='ocrx_word' id='word_1_96' title='bbox 348 576 444 650; x_wconf 56' lang='lat'><strong>(0535</strong></span> <span class='ocrx_word' id='word_1_97' title='bbox 465 606 531 655; x_wconf 82' lang='grc' dir='ltr'><strong><em>γὰρ</em></strong></span> <span class='ocrx_word' id='word_1_98' title='bbox 555 605 646 655; x_wconf 78' lang='grc' dir='ltr'><strong><em>αὐτῇ</em></strong></span> <span class='ocrx_word' id='word_1_99' title='bbox 670 620 786 643; x_wconf 84' lang='grc' dir='ltr'><strong><em>παντε</em></strong></span> <span class='ocrx_word' id='word_1_100' title='bbox 811 608 857 641; x_wconf 78' lang='grc' dir='ltr'><strong>ῶς</strong></span> <span class='ocrx_word' id='word_1_101' title='bbox 887 608 1033 652; x_wconf 82' lang='grc' dir='ltr'><strong><em>ἐφίεμεν</em></strong></span> <span class='ocrx_word' id='word_1_102' title='bbox 1059 607 1194 650; x_wconf 79' lang='grc' dir='ltr'><strong><em>πρᾶσιν</em></strong></span> <span class='ocrx_word' id='word_1_103' title='bbox 1218 604 1316 640; x_wconf 78' lang='grc' dir='ltr'><strong><em>οὐδε·</em></strong></span> <span class='ocrx_word' id='word_1_104' title='bbox 1387 605 1530 651; x_wconf 89' lang='lat' dir='ltr'><strong>penitus</strong></span> <span class='ocrx_word' id='word_1_105' title='bbox 1556 605 1781 641; x_wconf 75' lang='lat' dir='ltr'><strong>concedimus</strong></span> <span class='ocrx_word' id='word_1_106' title='bbox 1805 605 2042 642; x_wconf 87' lang='lat' dir='ltr'><strong>venditionem</strong></span> <span class='ocrx_word' id='word_1_107' title='bbox 2070 617 2186 653; x_wconf 82' lang='lat' dir='ltr'><strong>neque</strong></span> <span class='ocrx_word' id='word_1_108' title='bbox 2209 618 2317 644; x_wconf 89' lang='lat' dir='ltr'><strong>unam</strong></span> <span class='ocrx_word' id='word_1_109' title='bbox 2343 608 2465 644; x_wconf 84' lang='lat' dir='ltr'><strong>facere</strong></span> 
     </span>
     <span class='ocr_line' id='line_1_10' title="bbox 238 649 2463 699; baseline 0.001 -13"><span class='ocrx_word' id='word_1_110' title='bbox 238 655 329 697; x_wconf 83' lang='grc' dir='ltr'><strong><em>μίαν</em></strong></span> <span class='ocrx_word' id='word_1_111' title='bbox 352 653 543 688; x_wconf 74' lang='grc' dir='ltr'><strong><em>ποιεῖσθαι</em></strong></span> <span class='ocrx_word' id='word_1_112' title='bbox 565 656 736 697; x_wconf 80' lang='grc' dir='ltr'><strong><em>χωρίων),</em></strong></span> <span class='ocrx_word' id='word_1_113' title='bbox 767 654 827 687; x_wconf 75' lang='grc' dir='ltr'><strong><em>ἐπὶ</em></strong></span> <span class='ocrx_word' id='word_1_114' title='bbox 853 655 976 695; x_wconf 74' lang='grc' dir='ltr'><strong><em>μέντοι</em></strong></span> <span class='ocrx_word' id='word_1_115' title='bbox 1008 651 1087 685; x_wconf 84' lang='grc' dir='ltr'><strong>τῶν</strong></span> <span class='ocrx_word' id='word_1_116' title='bbox 1109 649 1317 694; x_wconf 81' lang='grc' dir='ltr'><strong><em>οἰκημάτων</em></strong></span> <span class='ocrx_word' id='word_1_117' title='bbox 1386 652 1578 695; x_wconf 85' lang='lat' dir='ltr'><strong>agrorum),</strong></span> <span class='ocrx_word' id='word_1_118' title='bbox 1603 660 1712 695; x_wconf 86' lang='lat' dir='ltr'><strong>super</strong></span> <span class='ocrx_word' id='word_1_119' title='bbox 1730 649 1944 685; x_wconf 76' lang='lat' dir='ltr'><strong>habitaculis</strong></span> <span class='ocrx_word' id='word_1_120' title='bbox 1969 655 2087 688; x_wconf 81' lang='lat' dir='ltr'><strong>autem</strong></span> <span class='ocrx_word' id='word_1_121' title='bbox 2109 654 2310 689; x_wconf 72' lang='lat' dir='ltr'><strong>relaxamus</strong></span> <span class='ocrx_word' id='word_1_122' title='bbox 2330 653 2463 699; x_wconf 84' lang='lat' dir='ltr'><strong>aliquid</strong></span> 
     </span>
    </p>

    <p class='ocr_par' dir='ltr' id='par_1_4' title="bbox 239 693 2468 1328">
     <span class='ocr_line' id='line_1_11' title="bbox 262 693 2462 744; baseline 0.002 -14"><span class='ocrx_word' id='word_1_123' title='bbox 262 695 407 742; x_wconf 72' lang='grc' dir='ltr'><strong><em>αλῶμέν</em></strong></span> <span class='ocrx_word' id='word_1_124' title='bbox 429 711 466 732; x_wconf 89' lang='grc' dir='ltr'><strong>τι</strong></span> <span class='ocrx_word' id='word_1_125' title='bbox 482 698 543 740; x_wconf 79' lang='grc' dir='ltr'><strong>τῆς</strong></span> <span class='ocrx_word' id='word_1_126' title='bbox 562 695 743 744; x_wconf 75' lang='grc' dir='ltr'><strong><em>ἀκριβείας</em></strong></span> <span class='ocrx_word' id='word_1_127' title='bbox 767 698 829 731; x_wconf 83' lang='grc' dir='ltr'><strong>τοῦ</strong></span> <span class='ocrx_word' id='word_1_128' title='bbox 849 696 970 740; x_wconf 82' lang='grc' dir='ltr'><strong><em>νόμου.</em></strong></span> <span class='ocrx_word' id='word_1_129' title='bbox 1006 697 1038 730; x_wconf 80' lang='grc' dir='ltr'><strong>εἰ</strong></span> <span class='ocrx_word' id='word_1_130' title='bbox 1055 694 1121 742; x_wconf 86' lang='grc' dir='ltr'><strong><em>γὰρ</em></strong></span> <span class='ocrx_word' id='word_1_131' title='bbox 1141 695 1203 731; x_wconf 77' lang='grc' dir='ltr'><strong><em>ἐπ’</em></strong></span> <span class='ocrx_word' id='word_1_132' title='bbox 1225 693 1316 741; x_wconf 80' lang='grc' dir='ltr'><em>ὦφε-</em></span> <span class='ocrx_word' id='word_1_133' title='bbox 1387 695 1596 731; x_wconf 83' lang='lat' dir='ltr'><strong>subtilitatis</strong></span> <span class='ocrx_word' id='word_1_134' title='bbox 1620 695 1718 740; x_wconf 82' lang='lat' dir='ltr'><strong>legis.</strong></span> <span class='ocrx_word' id='word_1_135' title='bbox 1767 694 1806 730; x_wconf 88' lang='lat' dir='ltr'><strong>Si</strong></span> <span class='ocrx_word' id='word_1_136' title='bbox 1829 695 1922 730; x_wconf 82' lang='lat' dir='ltr'><strong>enim</strong></span> <span class='ocrx_word' id='word_1_137' title='bbox 1945 706 2011 740; x_wconf 85' lang='lat' dir='ltr'><strong>pro</strong></span> <span class='ocrx_word' id='word_1_138' title='bbox 2042 697 2194 734; x_wconf 81' lang='lat' dir='ltr'><strong>utilitate</strong></span> <span class='ocrx_word' id='word_1_139' title='bbox 2217 699 2462 734; x_wconf 83' lang='lat' dir='ltr'><strong>sanctissima-</strong></span> 
     </span>
     <span class='ocr_line' id='line_1_12' title="bbox 239 711 2463 789; baseline 0.001 -13"><span class='ocrx_word' id='word_1_140' title='bbox 239 711 319 786; x_wconf 64' lang='grc' dir='ltr'><strong><em>λείᾳ</em></strong></span> <span class='ocrx_word' id='word_1_141' title='bbox 347 744 427 777; x_wconf 79' lang='grc' dir='ltr'><strong>τῶν</strong></span> <span class='ocrx_word' id='word_1_142' title='bbox 456 740 673 789; x_wconf 73' lang='grc' dir='ltr'><strong><em>ἁγιωτάτων</em></strong></span> <span class='ocrx_word' id='word_1_143' title='bbox 705 741 902 786; x_wconf 76' lang='grc' dir='ltr'><strong><em>ἐκκλησιῶν</em></strong></span> <span class='ocrx_word' id='word_1_144' title='bbox 931 742 1063 775; x_wconf 81' lang='grc' dir='ltr'><strong><em>τοῦτον</em></strong></span> <span class='ocrx_word' id='word_1_145' title='bbox 1097 740 1315 787; x_wconf 75' lang='grc' dir='ltr'><strong><em>ἐγράψαμεν,</em></strong></span> <span class='ocrx_word' id='word_1_146' title='bbox 1333 744 1373 776; x_wconf 85' lang='grc'><strong>10</strong></span> <span class='ocrx_word' id='word_1_147' title='bbox 1386 751 1465 775; x_wconf 91' lang='lat' dir='ltr'><strong>rum</strong></span> <span class='ocrx_word' id='word_1_148' title='bbox 1501 740 1732 776; x_wconf 87' lang='lat' dir='ltr'><strong>ecclesiarum</strong></span> <span class='ocrx_word' id='word_1_149' title='bbox 1767 741 1859 775; x_wconf 90' lang='lat' dir='ltr'><strong>hanc</strong></span> <span class='ocrx_word' id='word_1_150' title='bbox 1893 740 2118 785; x_wconf 77' lang='lat' dir='ltr'><strong>scripsimus,</strong></span> <span class='ocrx_word' id='word_1_151' title='bbox 2153 742 2310 779; x_wconf 86' lang='lat' dir='ltr'><strong>videmus</strong></span> <span class='ocrx_word' id='word_1_152' title='bbox 2343 748 2463 779; x_wconf 89' lang='lat' dir='ltr'><strong>autem</strong></span> 
     </span>
     <span class='ocr_line' id='line_1_13' title="bbox 240 784 2463 833; baseline 0.001 -12"><span class='ocrx_word' id='word_1_153' title='bbox 240 785 385 833; x_wconf 80' lang='grc' dir='ltr'><strong><em>ὁρῶμεν</em></strong></span> <span class='ocrx_word' id='word_1_154' title='bbox 421 785 461 821; x_wconf 73' lang='grc' dir='ltr'><strong>δὲ</strong></span> <span class='ocrx_word' id='word_1_155' title='bbox 494 784 711 830; x_wconf 78' lang='grc' dir='ltr'><strong><em>τηλικαύτην</em></strong></span> <span class='ocrx_word' id='word_1_156' title='bbox 746 789 785 821; x_wconf 73' lang='grc' dir='ltr'><strong>ἐν</strong></span> <span class='ocrx_word' id='word_1_157' title='bbox 820 787 874 829; x_wconf 81' lang='grc' dir='ltr'><strong>τῷ</strong></span> <span class='ocrx_word' id='word_1_158' title='bbox 905 785 1089 833; x_wconf 84' lang='grc' dir='ltr'><strong><em>πράγματι</em></strong></span> <span class='ocrx_word' id='word_1_159' title='bbox 1123 784 1189 829; x_wconf 83' lang='grc' dir='ltr'><strong>τὴν</strong></span> <span class='ocrx_word' id='word_1_160' title='bbox 1224 784 1316 832; x_wconf 76' lang='grc' dir='ltr'><em>ὠφέ-</em></span> <span class='ocrx_word' id='word_1_161' title='bbox 1388 789 1525 820; x_wconf 87' lang='lat' dir='ltr'><strong>tantam</strong></span> <span class='ocrx_word' id='word_1_162' title='bbox 1548 785 1585 820; x_wconf 93' lang='lat' dir='ltr'><strong>in</strong></span> <span class='ocrx_word' id='word_1_163' title='bbox 1606 795 1715 820; x_wconf 81' lang='lat' dir='ltr'><strong>causa</strong></span> <span class='ocrx_word' id='word_1_164' title='bbox 1739 785 1931 821; x_wconf 82' lang='lat' dir='ltr'><strong>utilitatem</strong></span> <span class='ocrx_word' id='word_1_165' title='bbox 1950 786 2169 830; x_wconf 83' lang='lat' dir='ltr'><strong>existentem,</strong></span> <span class='ocrx_word' id='word_1_166' title='bbox 2193 788 2368 832; x_wconf 88' lang='lat' dir='ltr'><strong>quomodo</strong></span> <span class='ocrx_word' id='word_1_167' title='bbox 2392 799 2463 823; x_wconf 90' lang='lat' dir='ltr'><strong>non</strong></span> 
     </span>
     <span class='ocr_line' id='line_1_14' title="bbox 242 824 2464 876; baseline 0.001 -11"><span class='ocrx_word' id='word_1_168' title='bbox 242 831 341 866; x_wconf 79' lang='grc' dir='ltr'><strong><em>λειαν</em></strong></span> <span class='ocrx_word' id='word_1_169' title='bbox 372 824 495 873; x_wconf 66' lang='grc' dir='ltr'><strong><em>οὖσαν,</em></strong></span> <span class='ocrx_word' id='word_1_170' title='bbox 531 833 608 867; x_wconf 76' lang='grc' dir='ltr'><strong><em>πῶς</em></strong></span> <span class='ocrx_word' id='word_1_171' title='bbox 639 832 702 866; x_wconf 74' lang='grc' dir='ltr'><strong>οὐκ</strong></span> <span class='ocrx_word' id='word_1_172' title='bbox 733 829 778 865; x_wconf 80' lang='grc' dir='ltr'><strong>ἂν</strong></span> <span class='ocrx_word' id='word_1_173' title='bbox 811 830 870 865; x_wconf 77' lang='grc' dir='ltr'><strong>διὰ</strong></span> <span class='ocrx_word' id='word_1_174' title='bbox 903 832 967 865; x_wconf 83' lang='grc' dir='ltr'><strong>τοῦ</strong></span> <span class='ocrx_word' id='word_1_175' title='bbox 1001 829 1178 876; x_wconf 78' lang='grc' dir='ltr'><strong><em>παρόντος</em></strong></span> <span class='ocrx_word' id='word_1_176' title='bbox 1207 830 1317 876; x_wconf 84' lang='grc' dir='ltr'><strong><em>νόμου</em></strong></span> <span class='ocrx_word' id='word_1_177' title='bbox 1413 840 1451 866; x_wconf 90' lang='lat' dir='ltr'><strong>er</strong></span> <span class='ocrx_word' id='word_1_178' title='bbox 1482 833 1706 875; x_wconf 81' lang='lat' dir='ltr'><strong>praesentem</strong></span> <span class='ocrx_word' id='word_1_179' title='bbox 1738 830 1847 875; x_wconf 89' lang='lat' dir='ltr'><strong>legem</strong></span> <span class='ocrx_word' id='word_1_180' title='bbox 1880 830 1948 865; x_wconf 92' lang='lat' dir='ltr'><strong>hoc</strong></span> <span class='ocrx_word' id='word_1_181' title='bbox 1980 831 2030 866; x_wconf 89' lang='lat' dir='ltr'><strong>eis</strong></span> <span class='ocrx_word' id='word_1_182' title='bbox 2055 832 2291 876; x_wconf 80' lang='lat' dir='ltr'><strong>concedimus,</strong></span> <span class='ocrx_word' id='word_1_183' title='bbox 2325 843 2464 869; x_wconf 87' lang='lat' dir='ltr'><strong>omnem</strong></span> 
     </span>
     <span class='ocr_line' id='line_1_15' title="bbox 240 842 2463 922; baseline 0.001 -11"><span class='ocrx_word' id='word_1_184' title='bbox 240 877 348 912; x_wconf 78' lang='grc' dir='ltr'><strong><em>τοῦτο</em></strong></span> <span class='ocrx_word' id='word_1_185' title='bbox 372 875 490 912; x_wconf 75' lang='grc' dir='ltr'><strong><em>αὐτοῖς</em></strong></span> <span class='ocrx_word' id='word_1_186' title='bbox 514 876 702 922; x_wconf 75' lang='grc' dir='ltr'><strong><em>ἐφήσαμεν,</em></strong></span> <span class='ocrx_word' id='word_1_187' title='bbox 735 877 858 910; x_wconf 81' lang='grc' dir='ltr'><strong><em>πᾶσαν</em></strong></span> <span class='ocrx_word' id='word_1_188' title='bbox 882 874 1041 910; x_wconf 75' lang='grc' dir='ltr'><strong><em>διδόντες</em></strong></span> <span class='ocrx_word' id='word_1_189' title='bbox 1071 879 1131 909; x_wconf 81' lang='grc' dir='ltr'><strong>καὶ</strong></span> <span class='ocrx_word' id='word_1_190' title='bbox 1162 879 1237 911; x_wconf 73' lang='grc' dir='ltr'><strong><em>τοῖς</em></strong></span> <span class='ocrx_word' id='word_1_191' title='bbox 1259 889 1318 911; x_wconf 86' lang='grc' dir='ltr'><strong>πι-</strong></span> <span class='ocrx_word' id='word_1_192' title='bbox 1386 842 1512 911; x_wconf 56' lang='lat' dir='ltr'><strong>flantes</strong></span> <span class='ocrx_word' id='word_1_193' title='bbox 1537 878 1572 910; x_wconf 90' lang='lat' dir='ltr'><strong>et</strong></span> <span class='ocrx_word' id='word_1_194' title='bbox 1595 875 1828 910; x_wconf 87' lang='lat' dir='ltr'><strong>vendentibus</strong></span> <span class='ocrx_word' id='word_1_195' title='bbox 1852 874 2031 910; x_wconf 83' lang='lat' dir='ltr'><strong>licentiam</strong></span> <span class='ocrx_word' id='word_1_196' title='bbox 2062 878 2099 911; x_wconf 89' lang='lat' dir='ltr'><strong>et</strong></span> <span class='ocrx_word' id='word_1_197' title='bbox 2121 878 2317 914; x_wconf 86' lang='lat' dir='ltr'><strong>ementibus</strong></span> <span class='ocrx_word' id='word_1_198' title='bbox 2341 882 2463 914; x_wconf 85' lang='lat' dir='ltr'><strong>caute·</strong></span> 
     </span>
     <span class='ocr_line' id='line_1_16' title="bbox 241 919 2464 966; baseline 0.001 -10"><span class='ocrx_word' id='word_1_199' title='bbox 241 935 269 956; x_wconf 89' lang='grc' dir='ltr'><strong><em>π</em></strong></span> <span class='ocrx_word' id='word_1_200' title='bbox 293 921 464 956; x_wconf 80' lang='grc' dir='ltr'><strong><em>άσκονσιν</em></strong></span> <span class='ocrx_word' id='word_1_201' title='bbox 478 920 604 956; x_wconf 82' lang='grc' dir='ltr'><strong><em>ἄδειαν</em></strong></span> <span class='ocrx_word' id='word_1_202' title='bbox 624 924 683 954; x_wconf 86' lang='grc' dir='ltr'><strong>καὶ</strong></span> <span class='ocrx_word' id='word_1_203' title='bbox 701 924 772 955; x_wconf 81' lang='grc' dir='ltr'><strong><em>τοῖς</em></strong></span> <span class='ocrx_word' id='word_1_204' title='bbox 790 920 1004 964; x_wconf 77' lang='grc' dir='ltr'><strong><em>ὠνουμένοις</em></strong></span> <span class='ocrx_word' id='word_1_205' title='bbox 1019 919 1219 965; x_wconf 76' lang='grc' dir='ltr'><strong><em>ἀσφάλειαν</em></strong></span> <span class='ocrx_word' id='word_1_206' title='bbox 1226 935 1238 964; x_wconf 85' lang='grc'><strong>,-</strong></span> <span class='ocrx_word' id='word_1_207' title='bbox 1258 924 1318 956; x_wconf 78' lang='grc' dir='ltr'><strong>καὶ</strong></span> <span class='ocrx_word' id='word_1_208' title='bbox 1386 921 1483 956; x_wconf 82' lang='lat' dir='ltr'><strong>lam?</strong></span> <span class='ocrx_word' id='word_1_209' title='bbox 1520 920 1687 965; x_wconf 90' lang='lat' dir='ltr'><strong>quoniam</strong></span> <span class='ocrx_word' id='word_1_210' title='bbox 1713 921 1959 964; x_wconf 88' lang='lat' dir='ltr'><strong>cognoscimus</strong></span> <span class='ocrx_word' id='word_1_211' title='bbox 1991 924 2151 966; x_wconf 88' lang='lat' dir='ltr'><strong>tempore</strong></span> <span class='ocrx_word' id='word_1_212' title='bbox 2182 922 2294 958; x_wconf 85' lang='lat' dir='ltr'><strong>veloci</strong></span> <span class='ocrx_word' id='word_1_213' title='bbox 2317 924 2362 959; x_wconf 88' lang='lat' dir='ltr'><strong>ad</strong></span> <span class='ocrx_word' id='word_1_214' title='bbox 2387 933 2464 958; x_wconf 83' lang='lat' dir='ltr'><strong>eam</strong></span> 
     </span>
     <span class='ocr_line' id='line_1_17' title="bbox 240 964 2463 1011; baseline 0.001 -11"><span class='ocrx_word' id='word_1_215' title='bbox 240 966 397 1011; x_wconf 82' lang='grc' dir='ltr'><strong><em>μαλιστα</em></strong></span> <span class='ocrx_word' id='word_1_216' title='bbox 429 965 552 1010; x_wconf 77' lang='grc' dir='ltr'><strong><em>ἐπειδὴ</em></strong></span> <span class='ocrx_word' id='word_1_217' title='bbox 584 965 756 1009; x_wconf 83' lang='grc' dir='ltr'><strong><em>σύνισμεν</em></strong></span> <span class='ocrx_word' id='word_1_218' title='bbox 787 967 841 1009; x_wconf 78' lang='grc' dir='ltr'><strong>τῷ</strong></span> <span class='ocrx_word' id='word_1_219' title='bbox 873 965 992 1010; x_wconf 76' lang='grc' dir='ltr'><strong><em>χρόνῳ</em></strong></span> <span class='ocrx_word' id='word_1_220' title='bbox 1024 967 1167 1001; x_wconf 78' lang='grc' dir='ltr'><strong><em>θᾶττον</em></strong></span> <span class='ocrx_word' id='word_1_221' title='bbox 1191 964 1317 1008; x_wconf 69' lang='grc' dir='ltr'><strong><em>«ἕξοντι</em></strong></span> <span class='ocrx_word' id='word_1_222' title='bbox 1334 970 1373 1003; x_wconf 89' lang='grc'><strong>15</strong></span> <span class='ocrx_word' id='word_1_223' title='bbox 1387 965 1586 1002; x_wconf 87' lang='lat' dir='ltr'><strong>revocanda</strong></span> <span class='ocrx_word' id='word_1_224' title='bbox 1610 976 1734 1001; x_wconf 88' lang='lat' dir='ltr'><strong>rursus</strong></span> <span class='ocrx_word' id='word_1_225' title='bbox 1759 965 1977 1008; x_wconf 85' lang='lat' dir='ltr'><strong>habitacula,</strong></span> <span class='ocrx_word' id='word_1_226' title='bbox 2002 968 2128 1011; x_wconf 92' lang='lat' dir='ltr'><strong>utpote</strong></span> <span class='ocrx_word' id='word_1_227' title='bbox 2153 977 2234 1002; x_wconf 90' lang='lat' dir='ltr'><strong>cum</strong></span> <span class='ocrx_word' id='word_1_228' title='bbox 2256 967 2346 1003; x_wconf 85' lang='lat' dir='ltr'><strong>haec</strong></span> <span class='ocrx_word' id='word_1_229' title='bbox 2367 978 2463 1004; x_wconf 89' lang='lat' dir='ltr'><strong>com-</strong></span> 
     </span>
     <span class='ocr_line' id='line_1_18' title="bbox 241 1006 2463 1057; baseline 0.001 -11"><span class='ocrx_word' id='word_1_230' title='bbox 241 1010 352 1046; x_wconf 82' lang='grc' dir='ltr'><strong><em>πάλιν</em></strong></span> <span class='ocrx_word' id='word_1_231' title='bbox 375 1011 421 1046; x_wconf 85' lang='grc' dir='ltr'><strong>τὰ</strong></span> <span class='ocrx_word' id='word_1_232' title='bbox 438 1009 614 1056; x_wconf 86' lang='grc' dir='ltr'><strong><em>οἰκήματα</em></strong></span> <span class='ocrx_word' id='word_1_233' title='bbox 638 1010 725 1056; x_wconf 84' lang='grc' dir='ltr'><strong><em>πρὸς</em></strong></span> <span class='ocrx_word' id='word_1_234' title='bbox 746 1006 868 1053; x_wconf 72' lang='grc' dir='ltr'><strong><em>αὐτήν,</em></strong></span> <span class='ocrx_word' id='word_1_235' title='bbox 893 1010 952 1044; x_wconf 83' lang='grc' dir='ltr'><strong>οἷα</strong></span> <span class='ocrx_word' id='word_1_236' title='bbox 977 1012 1055 1045; x_wconf 77' lang='grc' dir='ltr'><strong>τῶν</strong></span> <span class='ocrx_word' id='word_1_237' title='bbox 1075 1013 1191 1046; x_wconf 79' lang='grc' dir='ltr'><strong><em>ταῦτα</em></strong></span> <span class='ocrx_word' id='word_1_238' title='bbox 1209 1010 1318 1046; x_wconf 79' lang='grc' dir='ltr'><strong><em>ὠνου-</em></strong></span> <span class='ocrx_word' id='word_1_239' title='bbox 1387 1015 1557 1057; x_wconf 82' lang='lat' dir='ltr'><strong>parantes</strong></span> <span class='ocrx_word' id='word_1_240' title='bbox 1588 1011 1683 1046; x_wconf 85' lang='lat' dir='ltr'><strong>sicut</strong></span> <span class='ocrx_word' id='word_1_241' title='bbox 1713 1013 1860 1056; x_wconf 81' lang='lat' dir='ltr'><strong>propter</strong></span> <span class='ocrx_word' id='word_1_242' title='bbox 1890 1010 2048 1046; x_wconf 81' lang='lat' dir='ltr'><strong>divinum</strong></span> <span class='ocrx_word' id='word_1_243' title='bbox 2077 1011 2232 1046; x_wconf 84' lang='lat' dir='ltr'><strong>studium</strong></span> <span class='ocrx_word' id='word_1_244' title='bbox 2260 1012 2349 1048; x_wconf 87' lang='lat' dir='ltr'><strong>haec</strong></span> <span class='ocrx_word' id='word_1_245' title='bbox 2372 1022 2463 1048; x_wconf 84' lang='lat' dir='ltr'><strong>eme-</strong></span> 
     </span>
     <span class='ocr_line' id='line_1_19' title="bbox 239 1052 2462 1111; baseline 0 -20"><span class='ocrx_word' id='word_1_246' title='bbox 239 1060 362 1101; x_wconf 80' lang='grc' dir='ltr'><strong><em>μένων</em></strong></span> <span class='ocrx_word' id='word_1_247' title='bbox 388 1052 504 1101; x_wconf 78' lang='grc' dir='ltr'><strong><em>ὥςπερ</em></strong></span> <span class='ocrx_word' id='word_1_248' title='bbox 530 1054 590 1090; x_wconf 82' lang='grc' dir='ltr'><strong>διὰ</strong></span> <span class='ocrx_word' id='word_1_249' title='bbox 613 1055 679 1098; x_wconf 85' lang='grc' dir='ltr'><strong>τὴν</strong></span> <span class='ocrx_word' id='word_1_250' title='bbox 699 1059 780 1102; x_wconf 85' lang='grc' dir='ltr'><strong><em>περὶ</em></strong></span> <span class='ocrx_word' id='word_1_251' title='bbox 803 1054 846 1090; x_wconf 85' lang='grc' dir='ltr'><strong>τὸ</strong></span> <span class='ocrx_word' id='word_1_252' title='bbox 869 1056 972 1090; x_wconf 74' lang='grc' dir='ltr'><strong><em>θεῖον</em></strong></span> <span class='ocrx_word' id='word_1_253' title='bbox 994 1054 1155 1111; x_wconf 58' lang='grc' dir='ltr'><strong><em>σπουδὴν</em></strong></span> <span class='ocrx_word' id='word_1_254' title='bbox 1184 1055 1318 1100; x_wconf 76' lang='grc' dir='ltr'><strong><em>ἐώνην-</em></strong></span> <span class='ocrx_word' id='word_1_255' title='bbox 1387 1060 1483 1099; x_wconf 89' lang='lat' dir='ltr'><strong>runt,</strong></span> <span class='ocrx_word' id='word_1_256' title='bbox 1516 1057 1566 1091; x_wconf 91' lang='lat' dir='ltr'><strong>ita</strong></span> <span class='ocrx_word' id='word_1_257' title='bbox 1597 1059 1634 1091; x_wconf 90' lang='lat' dir='ltr'><strong>et</strong></span> <span class='ocrx_word' id='word_1_258' title='bbox 1664 1056 1747 1090; x_wconf 94' lang='lat' dir='ltr'><strong>dum</strong></span> <span class='ocrx_word' id='word_1_259' title='bbox 1770 1055 1969 1091; x_wconf 88' lang='lat' dir='ltr'><strong>moriuntur</strong></span> <span class='ocrx_word' id='word_1_260' title='bbox 2001 1055 2034 1091; x_wconf 88' lang='lat' dir='ltr'><strong>ei</strong></span> <span class='ocrx_word' id='word_1_261' title='bbox 2064 1057 2155 1091; x_wconf 90' lang='lat' dir='ltr'><strong>haec</strong></span> <span class='ocrx_word' id='word_1_262' title='bbox 2185 1057 2346 1092; x_wconf 90' lang='lat' dir='ltr'><strong>relicturi</strong></span> <span class='ocrx_word' id='word_1_263' title='bbox 2368 1062 2462 1092; x_wconf 90' lang='lat' dir='ltr'><strong>sunt.</strong></span> 
     </span>
     <span class='ocr_line' id='line_1_20' title="bbox 240 1098 2464 1148; baseline 0.001 -13"><span class='ocrx_word' id='word_1_264' title='bbox 240 1114 302 1136; x_wconf 92' lang='grc' dir='ltr'><strong>ται</strong></span> <span class='ocrx_word' id='word_1_265' title='bbox 333 1102 460 1143; x_wconf 86' lang='grc' dir='ltr'><strong><em>ταῦτα,</em></strong></span> <span class='ocrx_word' id='word_1_266' title='bbox 491 1099 587 1135; x_wconf 76' lang='grc' dir='ltr'><strong><em>οὕτω</em></strong></span> <span class='ocrx_word' id='word_1_267' title='bbox 612 1103 671 1134; x_wconf 80' lang='grc' dir='ltr'><strong>καὶ</strong></span> <span class='ocrx_word' id='word_1_268' title='bbox 694 1098 843 1135; x_wconf 79' lang='grc' dir='ltr'><strong><em>ἐπειδὰν</em></strong></span> <span class='ocrx_word' id='word_1_269' title='bbox 867 1099 1064 1145; x_wconf 76' lang='grc' dir='ltr'><strong><em>τελευτῷεν</em></strong></span> <span class='ocrx_word' id='word_1_270' title='bbox 1089 1103 1178 1148; x_wconf 87' lang='grc' dir='ltr'><strong><em>αυτῇ</em></strong></span> <span class='ocrx_word' id='word_1_271' title='bbox 1204 1103 1318 1136; x_wconf 81' lang='grc' dir='ltr'><strong><em>ταῦτα</em></strong></span> <span class='ocrx_word' id='word_1_272' title='bbox 1388 1102 1514 1136; x_wconf 88' lang='lat' dir='ltr'><strong>Liceat</strong></span> <span class='ocrx_word' id='word_1_273' title='bbox 1536 1101 1646 1146; x_wconf 89' lang='lat' dir='ltr'><strong>igitur</strong></span> <span class='ocrx_word' id='word_1_274' title='bbox 1668 1111 1763 1136; x_wconf 91' lang='lat' dir='ltr'><strong>nunc</strong></span> <span class='ocrx_word' id='word_1_275' title='bbox 1789 1101 2035 1136; x_wconf 83' lang='lat' dir='ltr'><strong>sanctissimae</strong></span> <span class='ocrx_word' id='word_1_276' title='bbox 2064 1101 2235 1137; x_wconf 84' lang='lat' dir='ltr'><strong>ecclesiae</strong></span> <span class='ocrx_word' id='word_1_277' title='bbox 2257 1101 2378 1137; x_wconf 79' lang='lat' dir='ltr'><strong>facere</strong></span> <span class='ocrx_word' id='word_1_278' title='bbox 2401 1102 2464 1137; x_wconf 87' lang='lat' dir='ltr'><strong>ha·</strong></span> 
     </span>
     <span class='ocr_line' id='line_1_21' title="bbox 240 1143 2464 1194; baseline 0.001 -14"><span class='ocrx_word' id='word_1_279' title='bbox 240 1145 605 1190; x_wconf 85' lang='grc' dir='ltr'><strong><em>καταλιμπανὸντων.</em></strong></span> <span class='ocrx_word' id='word_1_280' title='bbox 645 1143 800 1185; x_wconf 79' lang='grc' dir='ltr'><strong><em>Ἐξέστω</em></strong></span> <span class='ocrx_word' id='word_1_281' title='bbox 816 1149 941 1180; x_wconf 82' lang='grc' dir='ltr'><strong><em>τοίνυν</em></strong></span> <span class='ocrx_word' id='word_1_282' title='bbox 958 1144 1048 1194; x_wconf 81' lang='grc' dir='ltr'><strong><em>αὐτῇ</em></strong></span> <span class='ocrx_word' id='word_1_283' title='bbox 1067 1148 1111 1194; x_wconf 82' lang='grc' dir='ltr'><strong>τῇ</strong></span> <span class='ocrx_word' id='word_1_284' title='bbox 1134 1144 1318 1194; x_wconf 77' lang='grc' dir='ltr'><strong>ἁγιωτάτῃ</strong></span> <span class='ocrx_word' id='word_1_285' title='bbox 1388 1146 1624 1181; x_wconf 81' lang='lat' dir='ltr'><strong>bitaculorum</strong></span> <span class='ocrx_word' id='word_1_286' title='bbox 1648 1145 1894 1188; x_wconf 81' lang='lat' dir='ltr'><strong>venditionem,</strong></span> <span class='ocrx_word' id='word_1_287' title='bbox 1920 1146 2008 1181; x_wconf 83' lang='lat' dir='ltr'><strong>nihil</strong></span> <span class='ocrx_word' id='word_1_288' title='bbox 2031 1147 2202 1182; x_wconf 87' lang='lat' dir='ltr'><strong>metuenti</strong></span> <span class='ocrx_word' id='word_1_289' title='bbox 2225 1147 2336 1191; x_wconf 85' lang='lat' dir='ltr'><strong>legem</strong></span> <span class='ocrx_word' id='word_1_290' title='bbox 2358 1157 2464 1191; x_wconf 80' lang='lat' dir='ltr'><strong>gene-</strong></span> 
     </span>
     <span class='ocr_line' id='line_1_22' title="bbox 242 1188 2465 1237; baseline 0.001 -13"><span class='ocrx_word' id='word_1_291' title='bbox 242 1190 410 1234; x_wconf 78' lang='grc' dir='ltr'><strong><em>έκκλησίᾳ</em></strong></span> <span class='ocrx_word' id='word_1_292' title='bbox 430 1188 658 1234; x_wconf 74' lang='grc' dir='ltr'><strong><em>ποιήσασθαι</em></strong></span> <span class='ocrx_word' id='word_1_293' title='bbox 680 1190 746 1233; x_wconf 82' lang='grc' dir='ltr'><strong>τὴν</strong></span> <span class='ocrx_word' id='word_1_294' title='bbox 763 1192 841 1225; x_wconf 78' lang='grc' dir='ltr'><strong>τῶν</strong></span> <span class='ocrx_word' id='word_1_295' title='bbox 858 1189 1066 1235; x_wconf 78' lang='grc' dir='ltr'><strong><em>οἰκημάτων</em></strong></span> <span class='ocrx_word' id='word_1_296' title='bbox 1087 1194 1230 1237; x_wconf 82' lang='grc' dir='ltr'><strong><em>πρᾶσιν,</em></strong></span> <span class='ocrx_word' id='word_1_297' title='bbox 1254 1205 1318 1236; x_wconf 76' lang='grc' dir='ltr'><strong>μη·</strong></span> <span class='ocrx_word' id='word_1_298' title='bbox 1332 1195 1374 1228; x_wconf 82' lang='grc'>20</span> <span class='ocrx_word' id='word_1_299' title='bbox 1387 1193 1512 1226; x_wconf 81' lang='lat' dir='ltr'><strong>raliter</strong></span> <span class='ocrx_word' id='word_1_300' title='bbox 1536 1191 1579 1226; x_wconf 88' lang='lat' dir='ltr'><strong>de</strong></span> <span class='ocrx_word' id='word_1_301' title='bbox 1603 1191 1659 1226; x_wconf 86' lang='lat' dir='ltr'><strong>his</strong></span> <span class='ocrx_word' id='word_1_302' title='bbox 1683 1191 1855 1236; x_wconf 75' lang='lat' dir='ltr'><strong>positam,</strong></span> <span class='ocrx_word' id='word_1_303' title='bbox 1889 1201 1930 1226; x_wconf 89' lang='lat' dir='ltr'><strong>eo</strong></span> <span class='ocrx_word' id='word_1_304' title='bbox 1955 1192 2050 1236; x_wconf 86' lang='lat' dir='ltr'><strong>quod</strong></span> <span class='ocrx_word' id='word_1_305' title='bbox 2081 1192 2156 1236; x_wconf 87' lang='lat' dir='ltr'><strong>lege</strong></span> <span class='ocrx_word' id='word_1_306' title='bbox 2180 1191 2320 1227; x_wconf 86' lang='lat' dir='ltr'><strong>iuniore</strong></span> <span class='ocrx_word' id='word_1_307' title='bbox 2343 1191 2465 1227; x_wconf 82' lang='lat' dir='ltr'><strong>Subdi-</strong></span> 
     </span>
     <span class='ocr_line' id='line_1_23' title="bbox 241 1233 2468 1283; baseline 0.001 -14"><span class='ocrx_word' id='word_1_308' title='bbox 241 1234 304 1270; x_wconf 80' lang='grc' dir='ltr'><strong>δὲν</strong></span> <span class='ocrx_word' id='word_1_309' title='bbox 327 1233 569 1280; x_wconf 75' lang='grc' dir='ltr'><strong><em>εὐλαβουμένη</em></strong></span> <span class='ocrx_word' id='word_1_310' title='bbox 594 1235 661 1270; x_wconf 87' lang='grc' dir='ltr'><strong>τὸν</strong></span> <span class='ocrx_word' id='word_1_311' title='bbox 681 1234 794 1279; x_wconf 86' lang='grc' dir='ltr'><strong><em>νόμον</em></strong></span> <span class='ocrx_word' id='word_1_312' title='bbox 813 1234 879 1270; x_wconf 86' lang='grc' dir='ltr'><strong>τὸν</strong></span> <span class='ocrx_word' id='word_1_313' title='bbox 902 1238 942 1269; x_wconf 78' lang='grc' dir='ltr'><strong>έν</strong></span> <span class='ocrx_word' id='word_1_314' title='bbox 960 1239 1056 1283; x_wconf 76' lang='grc' dir='ltr'><strong>γείἐι</strong></span> <span class='ocrx_word' id='word_1_315' title='bbox 1075 1240 1157 1283; x_wconf 82' lang='grc' dir='ltr'><strong><em>περὶ</em></strong></span> <span class='ocrx_word' id='word_1_316' title='bbox 1176 1235 1318 1271; x_wconf 80' lang='grc' dir='ltr'><strong><em>τούτων</em></strong></span> <span class='ocrx_word' id='word_1_317' title='bbox 1388 1236 1557 1271; x_wconf 84' lang='lat' dir='ltr'><strong>visionem</strong></span> <span class='ocrx_word' id='word_1_318' title='bbox 1581 1236 1717 1278; x_wconf 81' lang='lat' dir='ltr'><strong>habuit,</strong></span> <span class='ocrx_word' id='word_1_319' title='bbox 1746 1246 1859 1281; x_wconf 85' lang='lat' dir='ltr'><strong>neque</strong></span> <span class='ocrx_word' id='word_1_320' title='bbox 1883 1236 1957 1271; x_wconf 88' lang='lat' dir='ltr'><strong>ulla</strong></span> <span class='ocrx_word' id='word_1_321' title='bbox 1980 1247 2098 1281; x_wconf 80' lang='lat' dir='ltr'><strong>poena</strong></span> <span class='ocrx_word' id='word_1_322' title='bbox 2122 1238 2248 1272; x_wconf 88' lang='lat' dir='ltr'><strong>contra</strong></span> <span class='ocrx_word' id='word_1_323' title='bbox 2273 1236 2468 1282; x_wconf 77' lang='lat' dir='ltr'><strong>quamlibet</strong></span> 
     </span>
     <span class='ocr_line' id='line_1_24' title="bbox 241 1272 1844 1328; baseline 0.001 -14"><span class='ocrx_word' id='word_1_324' title='bbox 241 1285 413 1324; x_wconf 83' lang='grc' dir='ltr'><strong><em>κείμενον,</em></strong></span> <span class='ocrx_word' id='word_1_325' title='bbox 435 1279 530 1315; x_wconf 81' lang='grc' dir='ltr'><strong><em>διότι</em></strong></span> <span class='ocrx_word' id='word_1_326' title='bbox 548 1272 650 1324; x_wconf 64' lang='grc' dir='ltr'><strong>Δνόμω</strong></span> <span class='ocrx_word' id='word_1_327' title='bbox 666 1284 832 1326; x_wconf 79' lang='grc' dir='ltr'><strong><em>νεωτέρῳ</em></strong></span> <span class='ocrx_word' id='word_1_328' title='bbox 853 1279 920 1324; x_wconf 81' lang='grc' dir='ltr'><strong>τὴν</strong></span> <span class='ocrx_word' id='word_1_329' title='bbox 937 1278 1185 1328; x_wconf 72' lang='grc' dir='ltr'><strong><em>ὑποδιαίρεσιν</em></strong></span> <span class='ocrx_word' id='word_1_330' title='bbox 1207 1281 1318 1324; x_wconf 83' lang='grc' dir='ltr'><strong><em>ἴσχεν,</em></strong></span> <span class='ocrx_word' id='word_1_331' title='bbox 1387 1291 1579 1326; x_wconf 80' lang='lat' dir='ltr'><strong>personam</strong></span> <span class='ocrx_word' id='word_1_332' title='bbox 1603 1285 1844 1326; x_wconf 78' lang='lat' dir='ltr'><strong>competente3</strong></span> 
     </span>
    </p>

    <p class='ocr_par' dir='ltr' id='par_1_5' title="bbox 240 1323 1318 1373">
     <span class='ocr_line' id='line_1_25' title="bbox 240 1323 1318 1373; baseline 0 -13"><span class='ocrx_word' id='word_1_333' title='bbox 240 1324 325 1361; x_wconf 76' lang='grc' dir='ltr'><strong><em>οὐδὲ</em></strong></span> <span class='ocrx_word' id='word_1_334' title='bbox 345 1338 443 1360; x_wconf 86' lang='grc' dir='ltr'><strong><em>τινος</em></strong></span> <span class='ocrx_word' id='word_1_335' title='bbox 466 1327 591 1370; x_wconf 79' lang='grc' dir='ltr'><strong><em>ποινῆς</em></strong></span> <span class='ocrx_word' id='word_1_336' title='bbox 615 1326 757 1360; x_wconf 73' lang='grc' dir='ltr'><strong><em>ἐκεῖθεν</em></strong></span> <span class='ocrx_word' id='word_1_337' title='bbox 779 1323 873 1360; x_wconf 71' lang='grc' dir='ltr'><strong><em>καθ’</em></strong></span> <span class='ocrx_word' id='word_1_338' title='bbox 896 1325 1108 1369; x_wconf 83' lang='grc' dir='ltr'><strong><em>οἷουδήποτε</em></strong></span> <span class='ocrx_word' id='word_1_339' title='bbox 1128 1327 1318 1373; x_wconf 79' lang='grc' dir='ltr'><strong><em>προςώπου</em></strong></span> 
     </span>
    </p>

    <p class='ocr_par' dir='ltr' id='par_1_6' title="bbox 239 1367 2467 2317">
     <span class='ocr_line' id='line_1_26' title="bbox 240 1367 2467 1418; baseline -0 -11"><span class='ocrx_word' id='word_1_340' title='bbox 240 1373 262 1407; x_wconf 93' lang='grc'><strong>1</strong></span> <span class='ocrx_word' id='word_1_341' title='bbox 307 1370 494 1406; x_wconf 75' lang='grc' dir='ltr'><strong><em>παντελῶς</em></strong></span> <span class='ocrx_word' id='word_1_342' title='bbox 524 1367 764 1417; x_wconf 72' lang='grc' dir='ltr'><strong><em>ἁρμοζούσης·</em></strong></span> <span class='ocrx_word' id='word_1_343' title='bbox 800 1371 848 1405; x_wconf 84' lang='grc' dir='ltr'><strong>εἴς</strong></span> <span class='ocrx_word' id='word_1_344' title='bbox 870 1384 911 1406; x_wconf 80' lang='grc' dir='ltr'><strong>τε</strong></span> <span class='ocrx_word' id='word_1_345' title='bbox 940 1370 1007 1406; x_wconf 89' lang='grc' dir='ltr'><strong>τὸν</strong></span> <span class='ocrx_word' id='word_1_346' title='bbox 1036 1372 1159 1418; x_wconf 73' lang='grc' dir='ltr'><strong><em>ἐφεξῆς</em></strong></span> <span class='ocrx_word' id='word_1_347' title='bbox 1189 1372 1319 1417; x_wconf 85' lang='grc' dir='ltr'><strong><em>χρόνον</em></strong></span> <span class='ocrx_word' id='word_1_348' title='bbox 1386 1373 1408 1407; x_wconf 94' lang='lat'>1</span> <span class='ocrx_word' id='word_1_349' title='bbox 1454 1375 1490 1406; x_wconf 93' lang='lat' dir='ltr'><strong>et</strong></span> <span class='ocrx_word' id='word_1_350' title='bbox 1512 1371 1548 1406; x_wconf 86' lang='lat' dir='ltr'><strong>in</strong></span> <span class='ocrx_word' id='word_1_351' title='bbox 1573 1371 1747 1416; x_wconf 85' lang='lat' dir='ltr'><strong>reliquum</strong></span> <span class='ocrx_word' id='word_1_352' title='bbox 1779 1372 1918 1416; x_wconf 89' lang='lat' dir='ltr'><strong>tempus</strong></span> <span class='ocrx_word' id='word_1_353' title='bbox 1949 1371 2019 1406; x_wconf 85' lang='lat' dir='ltr'><strong>hoc</strong></span> <span class='ocrx_word' id='word_1_354' title='bbox 2050 1371 2166 1415; x_wconf 88' lang='lat' dir='ltr'><strong>ipsum</strong></span> <span class='ocrx_word' id='word_1_355' title='bbox 2197 1381 2318 1416; x_wconf 83' lang='lat' dir='ltr'><strong>agere,</strong></span> <span class='ocrx_word' id='word_1_356' title='bbox 2351 1371 2467 1406; x_wconf 86' lang='lat' dir='ltr'><strong>sicubi</strong></span> 
     </span>
     <span class='ocr_line' id='line_1_27' title="bbox 241 1413 2466 1461; baseline 0.001 -12"><span class='ocrx_word' id='word_1_357' title='bbox 241 1413 329 1450; x_wconf 81' lang='grc' dir='ltr'><strong><em>αὐτὸ</em></strong></span> <span class='ocrx_word' id='word_1_358' title='bbox 351 1417 456 1450; x_wconf 83' lang='grc' dir='ltr'><strong><em>τοῦτο</em></strong></span> <span class='ocrx_word' id='word_1_359' title='bbox 477 1415 662 1461; x_wconf 86' lang='grc' dir='ltr'><strong><em>πράττειν,</em></strong></span> <span class='ocrx_word' id='word_1_360' title='bbox 681 1416 718 1450; x_wconf 82' lang='grc' dir='ltr'><strong>εἴ</strong></span> <span class='ocrx_word' id='word_1_361' title='bbox 732 1415 802 1451; x_wconf 87' lang='grc' dir='ltr'><strong>πού</strong></span> <span class='ocrx_word' id='word_1_362' title='bbox 821 1429 858 1450; x_wconf 87' lang='grc' dir='ltr'><strong>τι</strong></span> <span class='ocrx_word' id='word_1_363' title='bbox 874 1415 1086 1458; x_wconf 81' lang='grc' dir='ltr'><strong><em>τηλικοῦτον</em></strong></span> <span class='ocrx_word' id='word_1_364' title='bbox 1102 1414 1319 1461; x_wconf 76' lang='grc' dir='ltr'><strong><em>ἇνακύψειεν</em></strong></span> <span class='ocrx_word' id='word_1_365' title='bbox 1332 1420 1372 1452; x_wconf 82' lang='grc'><strong>25</strong></span> <span class='ocrx_word' id='word_1_366' title='bbox 1389 1416 1508 1460; x_wconf 86' lang='lat' dir='ltr'><strong>aliqua</strong></span> <span class='ocrx_word' id='word_1_367' title='bbox 1542 1416 1625 1451; x_wconf 83' lang='lat' dir='ltr'><strong>talis</strong></span> <span class='ocrx_word' id='word_1_368' title='bbox 1658 1416 1841 1451; x_wconf 87' lang='lat' dir='ltr'><strong>emerserit</strong></span> <span class='ocrx_word' id='word_1_369' title='bbox 1877 1416 2026 1459; x_wconf 87' lang='lat' dir='ltr'><strong>utilitas,</strong></span> <span class='ocrx_word' id='word_1_370' title='bbox 2061 1422 2241 1461; x_wconf 86' lang='lat' dir='ltr'><strong>tamquam</strong></span> <span class='ocrx_word' id='word_1_371' title='bbox 2276 1416 2466 1461; x_wconf 86' lang='lat' dir='ltr'><strong>multiplex</strong></span> 
     </span>
     <span class='ocr_line' id='line_1_28' title="bbox 240 1458 2465 1509; baseline 0 -14"><span class='ocrx_word' id='word_1_372' title='bbox 240 1460 381 1507; x_wconf 82' lang='grc' dir='ltr'><strong><em>ὄφελος,</em></strong></span> <span class='ocrx_word' id='word_1_373' title='bbox 414 1459 462 1495; x_wconf 78' lang='grc' dir='ltr'><strong>ὠς</strong></span> <span class='ocrx_word' id='word_1_374' title='bbox 485 1459 758 1496; x_wconf 80' lang='grc' dir='ltr'><strong><em>πολλαπλάσιον</em></strong></span> <span class='ocrx_word' id='word_1_375' title='bbox 781 1459 928 1508; x_wconf 72' lang='grc' dir='ltr'><strong><em>ἀγαθὸν</em></strong></span> <span class='ocrx_word' id='word_1_376' title='bbox 950 1458 1036 1495; x_wconf 79' lang='grc' dir='ltr'><strong><em>ἀντ’</em></strong></span> <span class='ocrx_word' id='word_1_377' title='bbox 1063 1460 1248 1504; x_wconf 80' lang='grc' dir='ltr'><strong><em>ἐλαχίστου</em></strong></span> <span class='ocrx_word' id='word_1_378' title='bbox 1273 1462 1317 1509; x_wconf 85' lang='grc' dir='ltr'><strong>τῇ</strong></span> <span class='ocrx_word' id='word_1_379' title='bbox 1389 1463 1519 1496; x_wconf 90' lang='lat' dir='ltr'><strong>bonum</strong></span> <span class='ocrx_word' id='word_1_380' title='bbox 1555 1471 1621 1506; x_wconf 87' lang='lat' dir='ltr'><strong>pro</strong></span> <span class='ocrx_word' id='word_1_381' title='bbox 1658 1471 1766 1505; x_wconf 84' lang='lat' dir='ltr'><strong>parvo</strong></span> <span class='ocrx_word' id='word_1_382' title='bbox 1802 1460 2047 1496; x_wconf 85' lang='lat' dir='ltr'><strong>sanctissimae</strong></span> <span class='ocrx_word' id='word_1_383' title='bbox 2081 1461 2296 1505; x_wconf 84' lang='lat' dir='ltr'><strong>adquisitum</strong></span> <span class='ocrx_word' id='word_1_384' title='bbox 2332 1461 2465 1496; x_wconf 86' lang='lat' dir='ltr'><strong>Resur-</strong></span> 
     </span>
     <span class='ocr_line' id='line_1_29' title="bbox 240 1504 2465 1553; baseline 0.001 -13"><span class='ocrx_word' id='word_1_385' title='bbox 240 1504 423 1553; x_wconf 81' lang='grc' dir='ltr'><strong><em>ἁγιωτάτῃ</em></strong></span> <span class='ocrx_word' id='word_1_386' title='bbox 455 1509 636 1551; x_wconf 76' lang='grc' dir='ltr'><strong><em>προςιέναι</em></strong></span> <span class='ocrx_word' id='word_1_387' title='bbox 669 1504 728 1540; x_wconf 80' lang='grc' dir='ltr'><strong>διὰ</strong></span> <span class='ocrx_word' id='word_1_388' title='bbox 755 1507 818 1549; x_wconf 78' lang='grc' dir='ltr'><strong>τῆς</strong></span> <span class='ocrx_word' id='word_1_389' title='bbox 851 1504 1067 1549; x_wconf 77' lang='grc' dir='ltr'><strong><em>έκποιήσεως</em></strong></span> <span class='ocrx_word' id='word_1_390' title='bbox 1096 1504 1318 1540; x_wconf 84' lang='grc' dir='ltr'><strong><em>Ἀναστάσει.</em></strong></span> <span class='ocrx_word' id='word_1_391' title='bbox 1388 1506 1550 1541; x_wconf 89' lang='lat' dir='ltr'><strong>rectioni.</strong></span> <span class='ocrx_word' id='word_1_392' title='bbox 1595 1506 1743 1541; x_wconf 91' lang='lat' dir='ltr'><strong>Omnem</strong></span> <span class='ocrx_word' id='word_1_393' title='bbox 1766 1505 1980 1541; x_wconf 89' lang='lat' dir='ltr'><strong>habentibus</strong></span> <span class='ocrx_word' id='word_1_394' title='bbox 2006 1505 2182 1541; x_wconf 88' lang='lat' dir='ltr'><strong>cautelam</strong></span> <span class='ocrx_word' id='word_1_395' title='bbox 2207 1506 2297 1542; x_wconf 85' lang='lat' dir='ltr'><strong>haec</strong></span> <span class='ocrx_word' id='word_1_396' title='bbox 2321 1516 2465 1551; x_wconf 85' lang='lat' dir='ltr'><strong>compa-</strong></span> 
     </span>
     <span class='ocr_line' id='line_1_30' title="bbox 241 1548 2466 1596; baseline 0 -11"><span class='ocrx_word' id='word_1_397' title='bbox 241 1553 364 1586; x_wconf 84' lang='grc' dir='ltr'><strong><em>πᾶσαν</em></strong></span> <span class='ocrx_word' id='word_1_398' title='bbox 385 1551 543 1594; x_wconf 81' lang='grc' dir='ltr'><strong><em>ἐχόντων</em></strong></span> <span class='ocrx_word' id='word_1_399' title='bbox 562 1548 763 1596; x_wconf 80' lang='grc' dir='ltr'><strong><em>ἀσφάλειαν</em></strong></span> <span class='ocrx_word' id='word_1_400' title='bbox 782 1552 861 1585; x_wconf 80' lang='grc' dir='ltr'><strong>τῶν</strong></span> <span class='ocrx_word' id='word_1_401' title='bbox 880 1553 998 1585; x_wconf 81' lang='grc' dir='ltr'><strong><em>ταῦτα</em></strong></span> <span class='ocrx_word' id='word_1_402' title='bbox 1018 1548 1235 1596; x_wconf 74' lang='grc' dir='ltr'><strong><em>ὠνουμένων</em></strong></span> <span class='ocrx_word' id='word_1_403' title='bbox 1251 1553 1318 1585; x_wconf 81' lang='grc' dir='ltr'><strong>νῦν</strong></span> <span class='ocrx_word' id='word_1_404' title='bbox 1387 1551 1550 1586; x_wconf 83' lang='lat' dir='ltr'><strong>rantibus</strong></span> <span class='ocrx_word' id='word_1_405' title='bbox 1574 1561 1669 1586; x_wconf 93' lang='lat' dir='ltr'><strong>nunc</strong></span> <span class='ocrx_word' id='word_1_406' title='bbox 1694 1556 1728 1585; x_wconf 84' lang='lat' dir='ltr'><strong>et</strong></span> <span class='ocrx_word' id='word_1_407' title='bbox 1747 1550 1786 1585; x_wconf 82' lang='lat' dir='ltr'><strong>in</strong></span> <span class='ocrx_word' id='word_1_408' title='bbox 1807 1560 1910 1586; x_wconf 85' lang='lat' dir='ltr'><strong>omne</strong></span> <span class='ocrx_word' id='word_1_409' title='bbox 1930 1550 2097 1595; x_wconf 80' lang='lat' dir='ltr'><strong>deinceps</strong></span> <span class='ocrx_word' id='word_1_410' title='bbox 2118 1555 2258 1596; x_wconf 81' lang='lat' dir='ltr'><strong>tempus</strong></span> <span class='ocrx_word' id='word_1_411' title='bbox 2277 1553 2314 1586; x_wconf 88' lang='lat' dir='ltr'><strong>et</strong></span> <span class='ocrx_word' id='word_1_412' title='bbox 2330 1551 2466 1586; x_wconf 88' lang='lat' dir='ltr'><strong>nullam</strong></span> 
     </span>
     <span class='ocr_line' id='line_1_31' title="bbox 239 1591 2466 1642; baseline 0 -12"><span class='ocrx_word' id='word_1_413' title='bbox 239 1609 281 1630; x_wconf 76' lang='lat' dir='ltr'><strong>‘te</strong></span> <span class='ocrx_word' id='word_1_414' title='bbox 310 1599 370 1630; x_wconf 83' lang='grc' dir='ltr'><strong>καὶ</strong></span> <span class='ocrx_word' id='word_1_415' title='bbox 406 1597 454 1630; x_wconf 83' lang='grc' dir='ltr'><strong>εἰς</strong></span> <span class='ocrx_word' id='word_1_416' title='bbox 487 1594 554 1630; x_wconf 82' lang='grc' dir='ltr'><strong>τὸν</strong></span> <span class='ocrx_word' id='word_1_417' title='bbox 586 1597 663 1639; x_wconf 77' lang='grc' dir='ltr'><strong><em>ἑξῆς</em></strong></span> <span class='ocrx_word' id='word_1_418' title='bbox 696 1591 843 1631; x_wconf 65' lang='grc' dir='ltr'><strong><em>ἅπαντα</em></strong></span> <span class='ocrx_word' id='word_1_419' title='bbox 872 1595 1020 1642; x_wconf 82' lang='grc' dir='ltr'><strong><em>χρόνον,</em></strong></span> <span class='ocrx_word' id='word_1_420' title='bbox 1056 1599 1116 1630; x_wconf 78' lang='grc' dir='ltr'><strong>καὶ</strong></span> <span class='ocrx_word' id='word_1_421' title='bbox 1147 1593 1319 1640; x_wconf 80' lang='grc' dir='ltr'><strong><em>οὐδεμίαν</em></strong></span> <span class='ocrx_word' id='word_1_422' title='bbox 1388 1596 1604 1632; x_wconf 84' lang='lat' dir='ltr'><strong>ablationem</strong></span> <span class='ocrx_word' id='word_1_423' title='bbox 1635 1596 1891 1638; x_wconf 84' lang='lat' dir='ltr'><strong>metuentibus,</strong></span> <span class='ocrx_word' id='word_1_424' title='bbox 1928 1606 2000 1631; x_wconf 90' lang='grc'>11011</span> <span class='ocrx_word' id='word_1_425' title='bbox 2031 1595 2138 1640; x_wconf 83' lang='lat' dir='ltr'><strong>ipsis,</strong></span> <span class='ocrx_word' id='word_1_426' title='bbox 2171 1606 2245 1631; x_wconf 88' lang='grc'>11011</span> <span class='ocrx_word' id='word_1_427' title='bbox 2275 1596 2466 1632; x_wconf 75' lang='lat' dir='ltr'><strong>heredibus</strong></span> 
     </span>
     <span class='ocr_line' id='line_1_32' title="bbox 240 1638 2466 1694; baseline 0.001 -20"><span class='ocrx_word' id='word_1_428' title='bbox 240 1638 431 1694; x_wconf 55' lang='grc' dir='ltr'><strong><em>ἀφαίρεσιν</em></strong></span> <span class='ocrx_word' id='word_1_429' title='bbox 462 1638 737 1684; x_wconf 74' lang='grc' dir='ltr'><strong><em>εὐλαβουμένων</em></strong></span> <span class='ocrx_word' id='word_1_430' title='bbox 768 1639 831 1675; x_wconf 74' lang='grc' dir='ltr'><strong>οὐκ</strong></span> <span class='ocrx_word' id='word_1_431' title='bbox 858 1639 990 1682; x_wconf 68' lang='grc' dir='ltr'><strong><em>αὐτῶν,</em></strong></span> <span class='ocrx_word' id='word_1_432' title='bbox 1020 1641 1060 1675; x_wconf 87' lang='grc' dir='ltr'><strong>οὐ</strong></span> <span class='ocrx_word' id='word_1_433' title='bbox 1084 1640 1319 1687; x_wconf 84' lang='grc' dir='ltr'><strong><em>κληρονόμων</em></strong></span> <span class='ocrx_word' id='word_1_434' title='bbox 1332 1645 1374 1677; x_wconf 88' lang='grc'>30</span> <span class='ocrx_word' id='word_1_435' title='bbox 1388 1652 1528 1684; x_wconf 87' lang='lat' dir='ltr'><strong>eorum,</strong></span> <span class='ocrx_word' id='word_1_436' title='bbox 1563 1651 1635 1676; x_wconf 91' lang='lat' dir='ltr'><strong>non</strong></span> <span class='ocrx_word' id='word_1_437' title='bbox 1667 1641 1972 1685; x_wconf 86' lang='lat' dir='ltr'><strong>successionibus,</strong></span> <span class='ocrx_word' id='word_1_438' title='bbox 2008 1651 2123 1684; x_wconf 91' lang='lat' dir='ltr'><strong>neque</strong></span> <span class='ocrx_word' id='word_1_439' title='bbox 2154 1651 2251 1676; x_wconf 85' lang='lat' dir='ltr'><strong>nunc</strong></span> <span class='ocrx_word' id='word_1_440' title='bbox 2281 1651 2398 1686; x_wconf 90' lang='lat' dir='ltr'><strong>neque</strong></span> <span class='ocrx_word' id='word_1_441' title='bbox 2428 1641 2466 1676; x_wconf 92' lang='lat' dir='ltr'><strong>in</strong></span> 
     </span>
     <span class='ocr_line' id='line_1_33' title="bbox 242 1684 2466 1733; baseline 0 -14"><span class='ocrx_word' id='word_1_442' title='bbox 242 1687 375 1727; x_wconf 84' lang='grc' dir='ltr'><strong><em>αυτῶν,</em></strong></span> <span class='ocrx_word' id='word_1_443' title='bbox 396 1685 437 1720; x_wconf 78' lang='grc' dir='ltr'><strong>οὐ</strong></span> <span class='ocrx_word' id='word_1_444' title='bbox 459 1684 651 1728; x_wconf 75' lang='grc' dir='ltr'><strong><em>διαδόχων,</em></strong></span> <span class='ocrx_word' id='word_1_445' title='bbox 675 1685 756 1720; x_wconf 81' lang='grc' dir='ltr'><strong><em>οὔτε</em></strong></span> <span class='ocrx_word' id='word_1_446' title='bbox 779 1687 846 1720; x_wconf 76' lang='grc' dir='ltr'><strong>νῦν</strong></span> <span class='ocrx_word' id='word_1_447' title='bbox 864 1685 946 1720; x_wconf 80' lang='grc' dir='ltr'><strong><em>οὔτε</em></strong></span> <span class='ocrx_word' id='word_1_448' title='bbox 970 1687 1017 1720; x_wconf 78' lang='grc' dir='ltr'><strong>εἰς</strong></span> <span class='ocrx_word' id='word_1_449' title='bbox 1035 1688 1158 1731; x_wconf 78' lang='grc' dir='ltr'><strong><em>ἕτερον</em></strong></span> <span class='ocrx_word' id='word_1_450' title='bbox 1176 1687 1318 1733; x_wconf 85' lang='grc' dir='ltr'><strong><em>χρόνον,</em></strong></span> <span class='ocrx_word' id='word_1_451' title='bbox 1388 1687 1485 1722; x_wconf 83' lang='lat' dir='ltr'><strong>aliud</strong></span> <span class='ocrx_word' id='word_1_452' title='bbox 1510 1689 1661 1731; x_wconf 90' lang='lat' dir='ltr'><strong>tempus,</strong></span> <span class='ocrx_word' id='word_1_453' title='bbox 1698 1696 1739 1722; x_wconf 91' lang='lat' dir='ltr'><strong>eo</strong></span> <span class='ocrx_word' id='word_1_454' title='bbox 1765 1686 1861 1730; x_wconf 88' lang='lat' dir='ltr'><strong>quod</strong></span> <span class='ocrx_word' id='word_1_455' title='bbox 1892 1686 2086 1722; x_wconf 90' lang='lat' dir='ltr'><strong>secundum</strong></span> <span class='ocrx_word' id='word_1_456' title='bbox 2109 1690 2331 1731; x_wconf 80' lang='lat' dir='ltr'><strong>praesentem</strong></span> <span class='ocrx_word' id='word_1_457' title='bbox 2354 1687 2466 1731; x_wconf 88' lang='lat' dir='ltr'><strong>legem</strong></span> 
     </span>
     <span class='ocr_line' id='line_1_34' title="bbox 242 1728 2466 1777; baseline 0 -12"><span class='ocrx_word' id='word_1_458' title='bbox 242 1729 300 1765; x_wconf 80' lang='grc' dir='ltr'><strong>διὰ</strong></span> <span class='ocrx_word' id='word_1_459' title='bbox 325 1730 367 1765; x_wconf 80' lang='grc' dir='ltr'><strong>τὸ</strong></span> <span class='ocrx_word' id='word_1_460' title='bbox 397 1731 487 1765; x_wconf 84' lang='grc' dir='ltr'><strong><em>κατὰ</em></strong></span> <span class='ocrx_word' id='word_1_461' title='bbox 511 1733 577 1764; x_wconf 86' lang='grc' dir='ltr'><strong>τὸν</strong></span> <span class='ocrx_word' id='word_1_462' title='bbox 600 1728 768 1777; x_wconf 87' lang='grc' dir='ltr'><strong><em>παρόντα</em></strong></span> <span class='ocrx_word' id='word_1_463' title='bbox 795 1730 907 1775; x_wconf 87' lang='grc' dir='ltr'><strong><em>νόμον</em></strong></span> <span class='ocrx_word' id='word_1_464' title='bbox 939 1728 1065 1765; x_wconf 76' lang='grc' dir='ltr'><strong><em>αὐτοὺς</em></strong></span> <span class='ocrx_word' id='word_1_465' title='bbox 1088 1732 1319 1776; x_wconf 73' lang='grc' dir='ltr'><strong><em>θαρροῦντας</em></strong></span> <span class='ocrx_word' id='word_1_466' title='bbox 1387 1732 1456 1777; x_wconf 87' lang='lat' dir='ltr'><strong>ipsi</strong></span> <span class='ocrx_word' id='word_1_467' title='bbox 1480 1732 1698 1767; x_wconf 84' lang='lat' dir='ltr'><strong>confidentes</strong></span> <span class='ocrx_word' id='word_1_468' title='bbox 1724 1732 1879 1767; x_wconf 88' lang='lat' dir='ltr'><strong>subeunt</strong></span> <span class='ocrx_word' id='word_1_469' title='bbox 1903 1732 2133 1776; x_wconf 75' lang='lat' dir='ltr'><strong>emptionem,</strong></span> <span class='ocrx_word' id='word_1_470' title='bbox 2170 1741 2284 1776; x_wconf 83' lang='lat' dir='ltr'><strong>neque</strong></span> <span class='ocrx_word' id='word_1_471' title='bbox 2308 1741 2387 1767; x_wconf 85' lang='lat' dir='ltr'><strong>esse</strong></span> <span class='ocrx_word' id='word_1_472' title='bbox 2411 1732 2466 1766; x_wconf 89' lang='lat' dir='ltr'><strong>iu·</strong></span> 
     </span>
     <span class='ocr_line' id='line_1_35' title="bbox 240 1774 2466 1823; baseline 0.001 -14"><span class='ocrx_word' id='word_1_473' title='bbox 240 1774 466 1811; x_wconf 73' lang='grc' dir='ltr'><strong><em>ὑπειςελθεῖν</em></strong></span> <span class='ocrx_word' id='word_1_474' title='bbox 501 1774 568 1818; x_wconf 82' lang='grc' dir='ltr'><strong>τὴν</strong></span> <span class='ocrx_word' id='word_1_475' title='bbox 596 1774 793 1823; x_wconf 78' lang='grc' dir='ltr'><strong><em>ἀγορασίαν</em></strong></span> <span class='ocrx_word' id='word_1_476' title='bbox 827 1776 890 1810; x_wconf 77' lang='grc' dir='ltr'><strong>οὐκ</strong></span> <span class='ocrx_word' id='word_1_477' title='bbox 922 1777 1015 1810; x_wconf 81' lang='grc' dir='ltr'><strong><em>εἶναι</em></strong></span> <span class='ocrx_word' id='word_1_478' title='bbox 1049 1774 1206 1810; x_wconf 78' lang='grc' dir='ltr'><strong><em>δικαίους</em></strong></span> <span class='ocrx_word' id='word_1_479' title='bbox 1237 1774 1319 1810; x_wconf 84' lang='grc' dir='ltr'><strong><em>τινὰ</em></strong></span> <span class='ocrx_word' id='word_1_480' title='bbox 1387 1782 1482 1812; x_wconf 89' lang='lat' dir='ltr'><strong>stum</strong></span> <span class='ocrx_word' id='word_1_481' title='bbox 1513 1777 1667 1821; x_wconf 82' lang='lat' dir='ltr'><strong>aliquem</strong></span> <span class='ocrx_word' id='word_1_482' title='bbox 1699 1777 1742 1811; x_wconf 87' lang='lat' dir='ltr'><strong>de</strong></span> <span class='ocrx_word' id='word_1_483' title='bbox 1774 1777 1843 1811; x_wconf 91' lang='lat' dir='ltr'><strong>hoc</strong></span> <span class='ocrx_word' id='word_1_484' title='bbox 1874 1777 1950 1821; x_wconf 86' lang='lat' dir='ltr'><strong>pati</strong></span> <span class='ocrx_word' id='word_1_485' title='bbox 1981 1776 2171 1812; x_wconf 84' lang='lat' dir='ltr'><strong>tumultum</strong></span> <span class='ocrx_word' id='word_1_486' title='bbox 2201 1781 2265 1812; x_wconf 85' lang='lat' dir='ltr'><strong>aut</strong></span> <span class='ocrx_word' id='word_1_487' title='bbox 2288 1777 2466 1822; x_wconf 82' lang='lat' dir='ltr'><strong>querelam</strong></span> 
     </span>
     <span class='ocr_line' id='line_1_36' title="bbox 240 1818 2465 1873; baseline 0.001 -19"><span class='ocrx_word' id='word_1_488' title='bbox 240 1818 442 1863; x_wconf 82' lang='grc' dir='ltr'><strong><em>ὑποστῆναι</em></strong></span> <span class='ocrx_word' id='word_1_489' title='bbox 476 1823 558 1866; x_wconf 81' lang='grc' dir='ltr'><strong><em>περὶ</em></strong></span> <span class='ocrx_word' id='word_1_490' title='bbox 589 1819 718 1854; x_wconf 77' lang='grc' dir='ltr'><strong><em>τούτου</em></strong></span> <span class='ocrx_word' id='word_1_491' title='bbox 741 1820 901 1866; x_wconf 79' lang='grc' dir='ltr'><strong><em>ταραχὴν</em></strong></span> <span class='ocrx_word' id='word_1_492' title='bbox 931 1819 954 1864; x_wconf 84' lang='grc' dir='ltr'><strong><em>ἧ</em></strong></span> <span class='ocrx_word' id='word_1_493' title='bbox 975 1824 1114 1866; x_wconf 81' lang='grc' dir='ltr'><strong><em>μέμψιν</em></strong></span> <span class='ocrx_word' id='word_1_494' title='bbox 1143 1818 1165 1865; x_wconf 86' lang='grc' dir='ltr'>ἢ</span> <span class='ocrx_word' id='word_1_495' title='bbox 1189 1824 1319 1865; x_wconf 80' lang='grc' dir='ltr'><strong><em>ζημίαν</em></strong></span> <span class='ocrx_word' id='word_1_496' title='bbox 1388 1827 1451 1856; x_wconf 85' lang='lat' dir='ltr'><strong>aut</strong></span> <span class='ocrx_word' id='word_1_497' title='bbox 1465 1822 1630 1856; x_wconf 86' lang='lat' dir='ltr'><strong>damnum</strong></span> <span class='ocrx_word' id='word_1_498' title='bbox 1649 1824 1714 1856; x_wconf 79' lang='lat' dir='ltr'><strong>aut</strong></span> <span class='ocrx_word' id='word_1_499' title='bbox 1726 1822 1973 1857; x_wconf 86' lang='lat' dir='ltr'><strong>sublationem.</strong></span> <span class='ocrx_word' id='word_1_500' title='bbox 2012 1821 2151 1873; x_wconf 80' lang='lat' dir='ltr'><strong>Quippe</strong></span> <span class='ocrx_word' id='word_1_501' title='bbox 2168 1821 2311 1857; x_wconf 90' lang='lat' dir='ltr'><strong>decreto</strong></span> <span class='ocrx_word' id='word_1_502' title='bbox 2328 1822 2465 1866; x_wconf 84' lang='lat' dir='ltr'><strong>agendo</strong></span> 
     </span>
     <span class='ocr_line' id='line_1_37' title="bbox 241 1863 2465 1913; baseline 0.001 -14"><span class='ocrx_word' id='word_1_503' title='bbox 241 1863 263 1910; x_wconf 87' lang='grc' dir='ltr'><em>ἢ</em></span> <span class='ocrx_word' id='word_1_504' title='bbox 285 1864 488 1911; x_wconf 85' lang='grc' dir='ltr'><strong><em>ἀφαίρεσιν.</em></strong></span> <span class='ocrx_word' id='word_1_505' title='bbox 532 1863 696 1912; x_wconf 74' lang='grc' dir='ltr'><strong><em>ὃεκρέτου</em></strong></span> <span class='ocrx_word' id='word_1_506' title='bbox 720 1864 855 1909; x_wconf 82' lang='grc' dir='ltr'><strong><em>δηλαδὴ</em></strong></span> <span class='ocrx_word' id='word_1_507' title='bbox 879 1869 1126 1912; x_wconf 79' lang='grc' dir='ltr'><strong><em>πραττομένου</em></strong></span> <span class='ocrx_word' id='word_1_508' title='bbox 1151 1879 1203 1901; x_wconf 87' lang='grc' dir='ltr'><strong>πα</strong></span> <span class='ocrx_word' id='word_1_509' title='bbox 1228 1865 1250 1900; x_wconf 82' lang='grc' dir='ltr'><em>ἀ</em></span> <span class='ocrx_word' id='word_1_510' title='bbox 1273 1867 1318 1913; x_wconf 84' lang='grc' dir='ltr'><strong>τῇ</strong></span> <span class='ocrx_word' id='word_1_511' title='bbox 1334 1871 1372 1901; x_wconf 82' lang='lat'><strong>35</strong></span> <span class='ocrx_word' id='word_1_512' title='bbox 1387 1867 1483 1911; x_wconf 90' lang='lat' dir='ltr'><strong>apud</strong></span> <span class='ocrx_word' id='word_1_513' title='bbox 1506 1871 1605 1901; x_wconf 89' lang='lat' dir='ltr'><strong>tuam</strong></span> <span class='ocrx_word' id='word_1_514' title='bbox 1630 1867 1904 1910; x_wconf 78' lang='lat' dir='ltr'><strong>beatitudinem,</strong></span> <span class='ocrx_word' id='word_1_515' title='bbox 1938 1867 2186 1911; x_wconf 78' lang='lat' dir='ltr'><strong>praesentlbus</strong></span> <span class='ocrx_word' id='word_1_516' title='bbox 2210 1867 2271 1912; x_wconf 93' lang='lat' dir='ltr'><strong>qui</strong></span> <span class='ocrx_word' id='word_1_517' title='bbox 2293 1877 2339 1902; x_wconf 83' lang='lat' dir='ltr'><strong>ex</strong></span> <span class='ocrx_word' id='word_1_518' title='bbox 2361 1877 2465 1902; x_wconf 85' lang='lat' dir='ltr'><strong>vene·</strong></span> 
     </span>
     <span class='ocr_line' id='line_1_38' title="bbox 240 1908 2465 1959; baseline 0.001 -14"><span class='ocrx_word' id='word_1_519' title='bbox 240 1912 286 1959; x_wconf 84' lang='grc' dir='ltr'><em>σῇ</em></span> <span class='ocrx_word' id='word_1_520' title='bbox 305 1908 544 1957; x_wconf 79' lang='grc' dir='ltr'><strong><em>μακαριότητι</em></strong></span> <span class='ocrx_word' id='word_1_521' title='bbox 564 1910 762 1955; x_wconf 87' lang='grc' dir='ltr'><strong><em>παρόντων</em></strong></span> <span class='ocrx_word' id='word_1_522' title='bbox 782 1911 860 1945; x_wconf 83' lang='grc' dir='ltr'><strong>τῶν</strong></span> <span class='ocrx_word' id='word_1_523' title='bbox 877 1912 915 1944; x_wconf 79' lang='grc' dir='ltr'><strong><em>ἐκ</em></strong></span> <span class='ocrx_word' id='word_1_524' title='bbox 934 1912 998 1944; x_wconf 81' lang='grc' dir='ltr'><strong>τοῦ</strong></span> <span class='ocrx_word' id='word_1_525' title='bbox 1015 1909 1161 1957; x_wconf 82' lang='grc' dir='ltr'><strong><em>εὐαγοῦς</em></strong></span> <span class='ocrx_word' id='word_1_526' title='bbox 1178 1926 1198 1944; x_wconf 82' lang='grc' dir='ltr'><strong><em>κ</em></strong></span> <span class='ocrx_word' id='word_1_527' title='bbox 1223 1911 1317 1957; x_wconf 82' lang='grc' dir='ltr'><strong><em>ηρου,</em></strong></span> <span class='ocrx_word' id='word_1_528' title='bbox 1387 1912 1491 1946; x_wconf 83' lang='lat' dir='ltr'><strong>rabili</strong></span> <span class='ocrx_word' id='word_1_529' title='bbox 1521 1913 1616 1946; x_wconf 89' lang='lat' dir='ltr'><strong>clero</strong></span> <span class='ocrx_word' id='word_1_530' title='bbox 1649 1914 1749 1954; x_wconf 84' lang='lat' dir='ltr'><strong>sunt,</strong></span> <span class='ocrx_word' id='word_1_531' title='bbox 1782 1918 1816 1947; x_wconf 89' lang='lat' dir='ltr'><strong>et</strong></span> <span class='ocrx_word' id='word_1_532' title='bbox 1847 1915 1991 1947; x_wconf 81' lang='lat' dir='ltr'><strong>ostensa</strong></span> <span class='ocrx_word' id='word_1_533' title='bbox 2024 1922 2134 1947; x_wconf 78' lang='lat' dir='ltr'><strong>causa</strong></span> <span class='ocrx_word' id='word_1_534' title='bbox 2164 1922 2228 1957; x_wconf 87' lang='lat' dir='ltr'><strong>per</strong></span> <span class='ocrx_word' id='word_1_535' title='bbox 2251 1922 2357 1957; x_wconf 88' lang='lat' dir='ltr'><strong>quam</strong></span> <span class='ocrx_word' id='word_1_536' title='bbox 2379 1911 2465 1947; x_wconf 86' lang='lat' dir='ltr'><strong>alie-</strong></span> 
     </span>
     <span class='ocr_line' id='line_1_39' title="bbox 240 1952 2466 2001; baseline 0.001 -11"><span class='ocrx_word' id='word_1_537' title='bbox 240 1959 301 1990; x_wconf 84' lang='grc' dir='ltr'><strong>καὶ</strong></span> <span class='ocrx_word' id='word_1_538' title='bbox 325 1954 551 2000; x_wconf 77' lang='grc' dir='ltr'><strong><em>δεικνυμένης</em></strong></span> <span class='ocrx_word' id='word_1_539' title='bbox 573 1956 634 1998; x_wconf 79' lang='grc' dir='ltr'><strong>τῆς</strong></span> <span class='ocrx_word' id='word_1_540' title='bbox 658 1956 774 1990; x_wconf 83' lang='grc' dir='ltr'><strong><em>αἰτίας</em></strong></span> <span class='ocrx_word' id='word_1_541' title='bbox 804 1953 899 1989; x_wconf 67' lang='grc' dir='ltr'><strong><em>καθ’</em></strong></span> <span class='ocrx_word' id='word_1_542' title='bbox 926 1952 970 1999; x_wconf 81' lang='grc' dir='ltr'><strong>ἣν</strong></span> <span class='ocrx_word' id='word_1_543' title='bbox 993 1954 1014 1999; x_wconf 86' lang='grc' dir='ltr'>ἡ</span> <span class='ocrx_word' id='word_1_544' title='bbox 1039 1958 1218 1999; x_wconf 79' lang='grc' dir='ltr'><strong><em>έκποίησις</em></strong></span> <span class='ocrx_word' id='word_1_545' title='bbox 1241 1958 1319 1990; x_wconf 82' lang='grc' dir='ltr'><strong>τῶν</strong></span> <span class='ocrx_word' id='word_1_546' title='bbox 1388 1957 1485 1992; x_wconf 84' lang='lat' dir='ltr'><strong>natio</strong></span> <span class='ocrx_word' id='word_1_547' title='bbox 1505 1956 1766 1992; x_wconf 79' lang='lat' dir='ltr'><strong>habitationum</strong></span> <span class='ocrx_word' id='word_1_548' title='bbox 1786 1957 1837 1998; x_wconf 84' lang='lat' dir='ltr'><strong>fit,</strong></span> <span class='ocrx_word' id='word_1_549' title='bbox 1863 1957 1947 2001; x_wconf 81' lang='lat' dir='ltr'><strong>quia</strong></span> <span class='ocrx_word' id='word_1_550' title='bbox 1970 1957 2143 1991; x_wconf 85' lang='lat' dir='ltr'><strong>maiorum</strong></span> <span class='ocrx_word' id='word_1_551' title='bbox 2165 1967 2275 1992; x_wconf 84' lang='lat' dir='ltr'><strong>causa</strong></span> <span class='ocrx_word' id='word_1_552' title='bbox 2293 1957 2466 1993; x_wconf 80' lang='lat' dir='ltr'><strong>bonorum</strong></span> 
     </span>
     <span class='ocr_line' id='line_1_40' title="bbox 241 1997 2464 2054; baseline 0.001 -19"><span class='ocrx_word' id='word_1_553' title='bbox 241 2000 449 2045; x_wconf 81' lang='grc' dir='ltr'><strong><em>οἰκημάτων</em></strong></span> <span class='ocrx_word' id='word_1_554' title='bbox 460 2004 627 2054; x_wconf 56' lang='grc' dir='ltr'><strong><em>Ϊίνεται,</em></strong></span> <span class='ocrx_word' id='word_1_555' title='bbox 659 1997 716 2035; x_wconf 77' lang='grc' dir='ltr'><strong>ὅτι</strong></span> <span class='ocrx_word' id='word_1_556' title='bbox 746 1999 927 2045; x_wconf 82' lang='grc' dir='ltr'><strong><em>μειζόνων</em></strong></span> <span class='ocrx_word' id='word_1_557' title='bbox 957 2003 1077 2035; x_wconf 73' lang='grc' dir='ltr'><strong><em>ἕνεκεν</em></strong></span> <span class='ocrx_word' id='word_1_558' title='bbox 1110 2000 1267 2048; x_wconf 70' lang='grc' dir='ltr'><strong><em>ἀγαθῶν</em></strong></span> <span class='ocrx_word' id='word_1_559' title='bbox 1299 1998 1320 2044; x_wconf 83' lang='grc' dir='ltr'><em>ἦ</em></span> <span class='ocrx_word' id='word_1_560' title='bbox 1387 2001 1514 2037; x_wconf 89' lang='lat' dir='ltr'><strong>horum</strong></span> <span class='ocrx_word' id='word_1_561' title='bbox 1538 2001 1693 2037; x_wconf 80' lang='lat' dir='ltr'><strong>venditio</strong></span> <span class='ocrx_word' id='word_1_562' title='bbox 1711 2002 1925 2043; x_wconf 82' lang='lat' dir='ltr'><strong>celebratur,</strong></span> <span class='ocrx_word' id='word_1_563' title='bbox 1950 2002 2076 2046; x_wconf 83' lang='lat' dir='ltr'><strong>paucis</strong></span> <span class='ocrx_word' id='word_1_564' title='bbox 2099 2002 2239 2047; x_wconf 86' lang='lat' dir='ltr'><strong>quidem</strong></span> <span class='ocrx_word' id='word_1_565' title='bbox 2264 2012 2356 2047; x_wconf 80' lang='lat' dir='ltr'><strong>quae</strong></span> <span class='ocrx_word' id='word_1_566' title='bbox 2379 2001 2464 2038; x_wconf 85' lang='lat' dir='ltr'><strong>alie-</strong></span> 
     </span>
     <span class='ocr_line' id='line_1_41' title="bbox 239 2043 2465 2092; baseline 0.001 -12"><span class='ocrx_word' id='word_1_567' title='bbox 239 2045 384 2080; x_wconf 81' lang='grc' dir='ltr'><strong><em>τοότων</em></strong></span> <span class='ocrx_word' id='word_1_568' title='bbox 403 2056 533 2091; x_wconf 83' lang='grc' dir='ltr'><strong><em>πρασις</em></strong></span> <span class='ocrx_word' id='word_1_569' title='bbox 553 2043 806 2088; x_wconf 79' lang='grc' dir='ltr'><strong><em>σπουδάζεται,</em></strong></span> <span class='ocrx_word' id='word_1_570' title='bbox 830 2043 963 2091; x_wconf 78' lang='grc' dir='ltr'><strong><em>ὀλίγων</em></strong></span> <span class='ocrx_word' id='word_1_571' title='bbox 982 2047 1048 2089; x_wconf 81' lang='grc' dir='ltr'><strong>μὲν</strong></span> <span class='ocrx_word' id='word_1_572' title='bbox 1067 2047 1143 2080; x_wconf 83' lang='grc' dir='ltr'><strong>τῶν</strong></span> <span class='ocrx_word' id='word_1_573' title='bbox 1161 2048 1319 2080; x_wconf 73' lang='grc' dir='ltr'><strong><em>ἐκπυιου·</em></strong></span> <span class='ocrx_word' id='word_1_574' title='bbox 1387 2051 1521 2081; x_wconf 83' lang='lat' dir='ltr'><strong>nantur</strong></span> <span class='ocrx_word' id='word_1_575' title='bbox 1556 2047 1761 2082; x_wconf 84' lang='lat' dir='ltr'><strong>extantibus</strong></span> <span class='ocrx_word' id='word_1_576' title='bbox 1774 2075 1782 2090; x_wconf 94' lang='lat'>‚</span> <span class='ocrx_word' id='word_1_577' title='bbox 1818 2046 1981 2092; x_wconf 87' lang='lat' dir='ltr'><strong>pluribus</strong></span> <span class='ocrx_word' id='word_1_578' title='bbox 2017 2051 2136 2082; x_wconf 86' lang='lat' dir='ltr'><strong>autem</strong></span> <span class='ocrx_word' id='word_1_579' title='bbox 2171 2057 2214 2082; x_wconf 88' lang='lat' dir='ltr'><strong>ac</strong></span> <span class='ocrx_word' id='word_1_580' title='bbox 2247 2048 2465 2088; x_wconf 88' lang='lat' dir='ltr'><strong>melioribus,</strong></span> 
     </span>
     <span class='ocr_line' id='line_1_42' title="bbox 239 2088 2464 2136; baseline 0.001 -11"><span class='ocrx_word' id='word_1_581' title='bbox 239 2093 363 2135; x_wconf 78' lang='grc' dir='ltr'><strong><em>μένων</em></strong></span> <span class='ocrx_word' id='word_1_582' title='bbox 383 2090 514 2131; x_wconf 78' lang='grc' dir='ltr'><strong><em>ὄντων,</em></strong></span> <span class='ocrx_word' id='word_1_583' title='bbox 539 2090 719 2125; x_wconf 71' lang='grc' dir='ltr'><strong><em>πλειόνων</em></strong></span> <span class='ocrx_word' id='word_1_584' title='bbox 745 2088 784 2124; x_wconf 77' lang='grc' dir='ltr'><strong>δὲ</strong></span> <span class='ocrx_word' id='word_1_585' title='bbox 802 2094 863 2124; x_wconf 87' lang='grc' dir='ltr'><strong>καὶ</strong></span> <span class='ocrx_word' id='word_1_586' title='bbox 883 2088 1085 2125; x_wconf 77' lang='grc' dir='ltr'><strong><em>καλλιόνων</em></strong></span> <span class='ocrx_word' id='word_1_587' title='bbox 1110 2092 1187 2125; x_wconf 85' lang='grc' dir='ltr'><strong>τῶν</strong></span> <span class='ocrx_word' id='word_1_588' title='bbox 1204 2093 1319 2125; x_wconf 83' lang='grc' dir='ltr'><strong><em>ἐντεῦ-</em></strong></span> <span class='ocrx_word' id='word_1_589' title='bbox 1333 2095 1375 2127; x_wconf 89' lang='grc'><strong>40</strong></span> <span class='ocrx_word' id='word_1_590' title='bbox 1389 2102 1480 2136; x_wconf 78' lang='lat' dir='ltr'><strong>quae</strong></span> <span class='ocrx_word' id='word_1_591' title='bbox 1504 2092 1587 2127; x_wconf 89' lang='lat' dir='ltr'><strong>hinc</strong></span> <span class='ocrx_word' id='word_1_592' title='bbox 1612 2092 1865 2136; x_wconf 85' lang='lat' dir='ltr'><strong>adquiruntur;</strong></span> <span class='ocrx_word' id='word_1_593' title='bbox 1902 2092 2099 2126; x_wconf 84' lang='lat' dir='ltr'><strong>secundum</strong></span> <span class='ocrx_word' id='word_1_594' title='bbox 2121 2092 2190 2127; x_wconf 89' lang='lat' dir='ltr'><strong>hoc</strong></span> <span class='ocrx_word' id='word_1_595' title='bbox 2221 2092 2346 2136; x_wconf 83' lang='lat' dir='ltr'><strong>pretiis</strong></span> <span class='ocrx_word' id='word_1_596' title='bbox 2371 2092 2464 2127; x_wconf 85' lang='lat' dir='ltr'><strong>vide-</strong></span> 
     </span>
     <span class='ocr_line' id='line_1_43' title="bbox 240 2133 2464 2183; baseline 0 -13"><span class='ocrx_word' id='word_1_597' title='bbox 240 2136 314 2170; x_wconf 76' lang='grc' dir='ltr'><strong>θεν</strong></span> <span class='ocrx_word' id='word_1_598' title='bbox 336 2138 641 2183; x_wconf 78' lang='grc' dir='ltr'><strong><em>προςγινομένων·</em></strong></span> <span class='ocrx_word' id='word_1_599' title='bbox 683 2133 820 2178; x_wconf 79' lang='grc' dir='ltr'><strong><em>δηλαδὴ</em></strong></span> <span class='ocrx_word' id='word_1_600' title='bbox 842 2134 934 2169; x_wconf 82' lang='grc' dir='ltr'><strong><em>κατὰ</em></strong></span> <span class='ocrx_word' id='word_1_601' title='bbox 958 2134 999 2170; x_wconf 88' lang='grc' dir='ltr'><strong>τὸ</strong></span> <span class='ocrx_word' id='word_1_602' title='bbox 1025 2134 1144 2180; x_wconf 85' lang='grc' dir='ltr'><strong><em>παρὸν</em></strong></span> <span class='ocrx_word' id='word_1_603' title='bbox 1169 2137 1246 2170; x_wconf 84' lang='grc' dir='ltr'><strong>τῶν</strong></span> <span class='ocrx_word' id='word_1_604' title='bbox 1270 2149 1321 2170; x_wconf 89' lang='grc' dir='ltr'><strong>τι-</strong></span> <span class='ocrx_word' id='word_1_605' title='bbox 1388 2137 1473 2172; x_wconf 89' lang='lat' dir='ltr'><strong>licet</strong></span> <span class='ocrx_word' id='word_1_606' title='bbox 1492 2137 1692 2172; x_wconf 88' lang='lat' dir='ltr'><strong>recollectis</strong></span> <span class='ocrx_word' id='word_1_607' title='bbox 1713 2147 1756 2172; x_wconf 86' lang='lat' dir='ltr'><strong>ex</strong></span> <span class='ocrx_word' id='word_1_608' title='bbox 1773 2137 2004 2182; x_wconf 89' lang='lat' dir='ltr'><strong>pensionibus</strong></span> <span class='ocrx_word' id='word_1_609' title='bbox 2025 2147 2069 2172; x_wconf 87' lang='lat' dir='ltr'><strong>ex</strong></span> <span class='ocrx_word' id='word_1_610' title='bbox 2088 2136 2288 2172; x_wconf 88' lang='lat' dir='ltr'><strong>venditione</strong></span> <span class='ocrx_word' id='word_1_611' title='bbox 2307 2137 2344 2172; x_wconf 91' lang='lat' dir='ltr'><strong>in</strong></span> <span class='ocrx_word' id='word_1_612' title='bbox 2362 2138 2464 2182; x_wconf 88' lang='lat' dir='ltr'><strong>quin-</strong></span> 
     </span>
     <span class='ocr_line' id='line_1_44' title="bbox 239 2178 2463 2226; baseline 0.001 -11"><span class='ocrx_word' id='word_1_613' title='bbox 239 2179 417 2226; x_wconf 83' lang='grc' dir='ltr'><strong><em>μημάτων</em></strong></span> <span class='ocrx_word' id='word_1_614' title='bbox 451 2182 530 2215; x_wconf 82' lang='grc' dir='ltr'><strong>τῶν</strong></span> <span class='ocrx_word' id='word_1_615' title='bbox 565 2178 841 2226; x_wconf 70' lang='grc' dir='ltr'><strong><em>ἀθροιζομένων</em></strong></span> <span class='ocrx_word' id='word_1_616' title='bbox 876 2182 915 2214; x_wconf 73' lang='grc' dir='ltr'><strong><em>ἐκ</em></strong></span> <span class='ocrx_word' id='word_1_617' title='bbox 949 2181 1026 2215; x_wconf 81' lang='grc' dir='ltr'><strong>τῶν</strong></span> <span class='ocrx_word' id='word_1_618' title='bbox 1060 2184 1226 2214; x_wconf 83' lang='grc' dir='ltr'><strong><em>ἑνοικίων</em></strong></span> <span class='ocrx_word' id='word_1_619' title='bbox 1260 2181 1321 2224; x_wconf 80' lang='grc' dir='ltr'><strong>τῆς</strong></span> <span class='ocrx_word' id='word_1_620' title='bbox 1389 2182 1559 2226; x_wconf 81' lang='lat' dir='ltr'><strong>quaginta</strong></span> <span class='ocrx_word' id='word_1_621' title='bbox 1583 2182 1685 2216; x_wconf 85' lang='lat' dir='ltr'><strong>annis</strong></span> <span class='ocrx_word' id='word_1_622' title='bbox 1703 2181 1813 2223; x_wconf 82' lang='lat' dir='ltr'><strong>facta,</strong></span> <span class='ocrx_word' id='word_1_623' title='bbox 1836 2182 2079 2217; x_wconf 85' lang='lat' dir='ltr'><strong>transactione</strong></span> <span class='ocrx_word' id='word_1_624' title='bbox 2103 2181 2303 2217; x_wconf 84' lang='lat' dir='ltr'><strong>debitorum</strong></span> <span class='ocrx_word' id='word_1_625' title='bbox 2325 2183 2463 2217; x_wconf 82' lang='lat' dir='ltr'><strong>solven-</strong></span> 
     </span>
     <span class='ocr_line' id='line_1_45' title="bbox 240 2223 2464 2276; baseline 0 -15"><span class='ocrx_word' id='word_1_626' title='bbox 240 2225 406 2271; x_wconf 78' lang='grc' dir='ltr'><strong><em>πράσεως</em></strong></span> <span class='ocrx_word' id='word_1_627' title='bbox 429 2227 490 2260; x_wconf 75' lang='grc' dir='ltr'><strong><em>ἐπὶ</em></strong></span> <span class='ocrx_word' id='word_1_628' title='bbox 515 2224 740 2268; x_wconf 79' lang='grc' dir='ltr'><strong><em>πεντήκοντα</em></strong></span> <span class='ocrx_word' id='word_1_629' title='bbox 763 2227 859 2259; x_wconf 79' lang='grc' dir='ltr'><strong><em>ἔτεσι</em></strong></span> <span class='ocrx_word' id='word_1_630' title='bbox 874 2228 1070 2276; x_wconf 54' lang='grc' dir='ltr'><strong><em>γινομένης</em></strong></span> <span class='ocrx_word' id='word_1_631' title='bbox 1095 2226 1141 2259; x_wconf 84' lang='grc' dir='ltr'><strong>εἰς</strong></span> <span class='ocrx_word' id='word_1_632' title='bbox 1158 2223 1321 2259; x_wconf 83' lang='grc' dir='ltr'><strong><em>διάλυσιν</em></strong></span> <span class='ocrx_word' id='word_1_633' title='bbox 1390 2227 1456 2268; x_wconf 86' lang='lat' dir='ltr'><strong>dis,</strong></span> <span class='ocrx_word' id='word_1_634' title='bbox 1494 2236 1585 2271; x_wconf 77' lang='lat' dir='ltr'><strong>quae</strong></span> <span class='ocrx_word' id='word_1_635' title='bbox 1620 2226 1815 2262; x_wconf 78' lang='lat' dir='ltr'><strong>credItores</strong></span> <span class='ocrx_word' id='word_1_636' title='bbox 1850 2226 2023 2261; x_wconf 84' lang='lat' dir='ltr'><strong>dederunt</strong></span> <span class='ocrx_word' id='word_1_637' title='bbox 2057 2226 2095 2262; x_wconf 85' lang='lat' dir='ltr'><strong>in</strong></span> <span class='ocrx_word' id='word_1_638' title='bbox 2124 2226 2298 2271; x_wconf 81' lang='lat' dir='ltr'><strong>praedicti</strong></span> <span class='ocrx_word' id='word_1_639' title='bbox 2329 2227 2464 2262; x_wconf 85' lang='lat' dir='ltr'><strong>reditus</strong></span> 
     </span>
     <span class='ocr_line' id='line_1_46' title="bbox 239 2266 1316 2317; baseline -0.002 -12"><span class='ocrx_word' id='word_1_640' title='bbox 239 2276 318 2305; x_wconf 81' lang='grc' dir='ltr'><strong>των</strong></span> <span class='ocrx_word' id='word_1_641' title='bbox 340 2272 457 2317; x_wconf 82' lang='grc' dir='ltr'><strong><em>χρεῶν</em></strong></span> <span class='ocrx_word' id='word_1_642' title='bbox 487 2269 827 2314; x_wconf 79' lang='grc' dir='ltr'><strong><em>καταβαλλομένων,</em></strong></span> <span class='ocrx_word' id='word_1_643' title='bbox 858 2266 949 2316; x_wconf 73' lang='grc' dir='ltr'><strong><em>ἅπερ</em></strong></span> <span class='ocrx_word' id='word_1_644' title='bbox 979 2269 1014 2303; x_wconf 83' lang='grc' dir='ltr'><strong>οἱ</strong></span> <span class='ocrx_word' id='word_1_645' title='bbox 1044 2268 1231 2304; x_wconf 81' lang='grc' dir='ltr'><strong><em>δανεισταὶ</em></strong></span> <span class='ocrx_word' id='word_1_646' title='bbox 1263 2268 1316 2304; x_wconf 84' lang='grc' dir='ltr'><strong>δε-</strong></span> 
     </span>
    </p>

    <p class='ocr_par' dir='ltr' id='par_1_7' title="bbox 240 2312 1372 2362">
     <span class='ocr_line' id='line_1_47' title="bbox 240 2312 1372 2362; baseline 0.001 -12"><span class='ocrx_word' id='word_1_647' title='bbox 240 2314 403 2350; x_wconf 81' lang='grc' dir='ltr'><strong><em>δώκασιν</em></strong></span> <span class='ocrx_word' id='word_1_648' title='bbox 433 2317 492 2350; x_wconf 80' lang='grc' dir='ltr'><strong><em>ἐπὶ</em></strong></span> <span class='ocrx_word' id='word_1_649' title='bbox 523 2316 567 2362; x_wconf 85' lang='grc' dir='ltr'><strong>τῇ</strong></span> <span class='ocrx_word' id='word_1_650' title='bbox 600 2316 660 2358; x_wconf 84' lang='grc' dir='ltr'><strong>τῆς</strong></span> <span class='ocrx_word' id='word_1_651' title='bbox 690 2316 874 2361; x_wconf 75' lang='grc' dir='ltr'><strong><em>εἰρημένης</em></strong></span> <span class='ocrx_word' id='word_1_652' title='bbox 903 2312 1075 2360; x_wconf 82' lang='grc' dir='ltr'><strong><em>προςόδου</em></strong></span> <span class='ocrx_word' id='word_1_653' title='bbox 1107 2313 1238 2358; x_wconf 80' lang='grc' dir='ltr'><strong><em>κτήσει.</em></strong></span> <span class='ocrx_word' id='word_1_654' title='bbox 1286 2316 1317 2349; x_wconf 83' lang='grc' dir='ltr'><strong>εἰ</strong></span> <span class='ocrx_word' id='word_1_655' title='bbox 1330 2319 1372 2351; x_wconf 82' lang='lat'><strong>45</strong></span> 
     </span>
    </p>
   </div>
   <div class='ocr_carea' id='block_1_4' title="bbox 279 2379 1041 2384">
    <p class='ocr_par' dir='ltr' id='par_1_8' title="bbox 279 2379 1041 2384">
     <span class='ocr_line' id='line_1_48' title="bbox 279 2379 1041 2384; baseline 0 0"><span class='ocrx_word' id='word_1_656' title='bbox 279 2379 1041 2384; x_wconf 95' lang='lat' dir='ltr'><strong> </strong></span> 
     </span>
    </p>
   </div>
   <div class='ocr_carea' id='block_1_5' title="bbox 236 2403 2468 3353">
    <p class='ocr_par' dir='ltr' id='par_1_9' title="bbox 236 2403 2468 3353">
     <span class='ocr_line' id='line_1_49' title="bbox 373 2403 2467 2451; baseline 0.001 -11"><span class='ocrx_word' id='word_1_657' title='bbox 373 2405 402 2440; x_wconf 94' lang='lat' dir='ltr'><strong>I.</strong></span> <span class='ocrx_word' id='word_1_658' title='bbox 450 2404 553 2440; x_wconf 87' lang='lat' dir='ltr'><strong>Haec</strong></span> <span class='ocrx_word' id='word_1_659' title='bbox 572 2414 641 2440; x_wconf 90' lang='lat' dir='ltr'><strong>nos</strong></span> <span class='ocrx_word' id='word_1_660' title='bbox 660 2407 702 2440; x_wconf 90' lang='lat' dir='ltr'><strong>ut</strong></span> <span class='ocrx_word' id='word_1_661' title='bbox 720 2403 771 2439; x_wconf 91' lang='lat' dir='ltr'><strong>ad</strong></span> <span class='ocrx_word' id='word_1_662' title='bbox 782 2407 1011 2450; x_wconf 78' lang='lat' dir='ltr'><strong>praesentem</strong></span> <span class='ocrx_word' id='word_1_663' title='bbox 1034 2404 1147 2451; x_wconf 75' lang='lat' dir='ltr'><strong>leqem</strong></span> <span class='ocrx_word' id='word_1_664' title='bbox 1171 2405 1372 2441; x_wconf 82' lang='lat' dir='ltr'><strong>veniremus</strong></span> <span class='ocrx_word' id='word_1_665' title='bbox 1394 2410 1594 2448; x_wconf 85' lang='lat' dir='ltr'><strong>moverunt,</strong></span> <span class='ocrx_word' id='word_1_666' title='bbox 1618 2416 1726 2451; x_wconf 87' lang='lat' dir='ltr'><strong>quam</strong></span> <span class='ocrx_word' id='word_1_667' title='bbox 1747 2405 1893 2440; x_wconf 89' lang='lat' dir='ltr'><strong>domino</strong></span> <span class='ocrx_word' id='word_1_668' title='bbox 1917 2405 1983 2441; x_wconf 87' lang='lat' dir='ltr'><strong>deo</strong></span> <span class='ocrx_word' id='word_1_669' title='bbox 2005 2411 2039 2441; x_wconf 87' lang='lat' dir='ltr'><strong>et</strong></span> <span class='ocrx_word' id='word_1_670' title='bbox 2060 2406 2216 2441; x_wconf 85' lang='lat' dir='ltr'><strong>omnium</strong></span> <span class='ocrx_word' id='word_1_671' title='bbox 2234 2407 2467 2443; x_wconf 83' lang='lat' dir='ltr'><strong>ecclesiarum</strong></span> 
     </span>
     <span class='ocr_line' id='line_1_50' title="bbox 238 2449 2468 2497; baseline 0.001 -11"><span class='ocrx_word' id='word_1_672' title='bbox 238 2450 487 2486; x_wconf 79' lang='lat' dir='ltr'><strong>sanctissimae</strong></span> <span class='ocrx_word' id='word_1_673' title='bbox 504 2449 778 2486; x_wconf 86' lang='lat' dir='ltr'><strong>Resurrectioni</strong></span> <span class='ocrx_word' id='word_1_674' title='bbox 799 2449 1025 2484; x_wconf 83' lang='lat' dir='ltr'><strong>dedicamus:</strong></span> <span class='ocrx_word' id='word_1_675' title='bbox 1047 2461 1116 2496; x_wconf 80' lang='lat' dir='ltr'><strong>per</strong></span> <span class='ocrx_word' id='word_1_676' title='bbox 1136 2461 1245 2496; x_wconf 91' lang='lat' dir='ltr'><strong>quam</strong></span> <span class='ocrx_word' id='word_1_677' title='bbox 1264 2450 1447 2486; x_wconf 82' lang='lat' dir='ltr'><strong>sancimus</strong></span> <span class='ocrx_word' id='word_1_678' title='bbox 1469 2449 1612 2496; x_wconf 87' lang='lat' dir='ltr'><strong>reliqua</strong></span> <span class='ocrx_word' id='word_1_679' title='bbox 1636 2449 1779 2496; x_wconf 88' lang='lat' dir='ltr'><strong>quidem</strong></span> <span class='ocrx_word' id='word_1_680' title='bbox 1799 2451 1919 2485; x_wconf 88' lang='lat' dir='ltr'><strong>omnia</strong></span> <span class='ocrx_word' id='word_1_681' title='bbox 1940 2462 2034 2496; x_wconf 83' lang='lat' dir='ltr'><strong>quae</strong></span> <span class='ocrx_word' id='word_1_682' title='bbox 2055 2450 2132 2497; x_wconf 72' lang='lat' dir='ltr'><strong>leqe</strong></span> <span class='ocrx_word' id='word_1_683' title='bbox 2151 2450 2197 2487; x_wconf 86' lang='lat' dir='ltr'><strong>de</strong></span> <span class='ocrx_word' id='word_1_684' title='bbox 2215 2451 2468 2488; x_wconf 88' lang='lat' dir='ltr'><strong>ecclesiasticis</strong></span> 
     </span>
     <span class='ocr_line' id='line_1_51' title="bbox 239 2494 2468 2542; baseline 0.001 -11"><span class='ocrx_word' id='word_1_685' title='bbox 239 2495 519 2532; x_wconf 79' lang='lat' dir='ltr'><strong>alienationibus</strong></span> <span class='ocrx_word' id='word_1_686' title='bbox 551 2494 782 2530; x_wconf 86' lang='lat' dir='ltr'><strong>continentur</strong></span> <span class='ocrx_word' id='word_1_687' title='bbox 809 2494 930 2529; x_wconf 86' lang='lat' dir='ltr'><strong>valere</strong></span> <span class='ocrx_word' id='word_1_688' title='bbox 953 2495 1060 2529; x_wconf 86' lang='lat' dir='ltr'><strong>etiam</strong></span> <span class='ocrx_word' id='word_1_689' title='bbox 1083 2495 1128 2531; x_wconf 90' lang='lat' dir='ltr'><strong>de</strong></span> <span class='ocrx_word' id='word_1_690' title='bbox 1149 2495 1379 2530; x_wconf 88' lang='lat' dir='ltr'><strong>sanctissima</strong></span> <span class='ocrx_word' id='word_1_691' title='bbox 1404 2494 1682 2531; x_wconf 87' lang='lat' dir='ltr'><strong>Resurrectione</strong></span> <span class='ocrx_word' id='word_1_692' title='bbox 1707 2495 1948 2542; x_wconf 84' lang='lat' dir='ltr'><strong>praediorum</strong></span> <span class='ocrx_word' id='word_1_693' title='bbox 1978 2496 2300 2532; x_wconf 84' lang='lat' dir='ltr'><strong>ecclesiasticorum</strong></span> <span class='ocrx_word' id='word_1_694' title='bbox 2323 2498 2468 2533; x_wconf 86' lang='lat' dir='ltr'><strong>nomine</strong></span> 
     </span>
     <span class='ocr_line' id='line_1_52' title="bbox 239 2539 2468 2593; baseline 0.001 -17"><span class='ocrx_word' id='word_1_695' title='bbox 239 2544 368 2593; x_wconf 82' lang='lat' dir='ltr'><strong>(neque</strong></span> <span class='ocrx_word' id='word_1_696' title='bbox 391 2541 484 2576; x_wconf 89' lang='lat' dir='ltr'><strong>enim</strong></span> <span class='ocrx_word' id='word_1_697' title='bbox 507 2540 541 2575; x_wconf 89' lang='lat' dir='ltr'><strong>ei</strong></span> <span class='ocrx_word' id='word_1_698' title='bbox 564 2539 675 2575; x_wconf 89' lang='lat' dir='ltr'><strong>ullam</strong></span> <span class='ocrx_word' id='word_1_699' title='bbox 700 2540 843 2575; x_wconf 84' lang='lat' dir='ltr'><strong>omnino</strong></span> <span class='ocrx_word' id='word_1_700' title='bbox 867 2539 1106 2575; x_wconf 87' lang='lat' dir='ltr'><strong>venditionem</strong></span> <span class='ocrx_word' id='word_1_701' title='bbox 1155 2539 1362 2575; x_wconf 77' lang='lat' dir='ltr'><strong>mediorum</strong></span> <span class='ocrx_word' id='word_1_702' title='bbox 1379 2541 1508 2586; x_wconf 82' lang='lat' dir='ltr'><strong>facere</strong></span> <span class='ocrx_word' id='word_1_703' title='bbox 1525 2540 1793 2586; x_wconf 85' lang='lat' dir='ltr'><strong>permittimus),</strong></span> <span class='ocrx_word' id='word_1_704' title='bbox 1816 2541 1853 2575; x_wconf 90' lang='lat' dir='ltr'><strong>in</strong></span> <span class='ocrx_word' id='word_1_705' title='bbox 1875 2540 2050 2586; x_wconf 79' lang='lat' dir='ltr'><strong>aediliciis</strong></span> <span class='ocrx_word' id='word_1_706' title='bbox 2073 2545 2190 2577; x_wconf 87' lang='lat' dir='ltr'><strong>tamen</strong></span> <span class='ocrx_word' id='word_1_707' title='bbox 2214 2541 2259 2577; x_wconf 86' lang='lat' dir='ltr'><strong>de</strong></span> <span class='ocrx_word' id='word_1_708' title='bbox 2276 2542 2468 2579; x_wconf 86' lang='lat' dir='ltr'><strong>severitate</strong></span> 
     </span>
     <span class='ocr_line' id='line_1_53' title="bbox 240 2583 2466 2633; baseline 0 -12"><span class='ocrx_word' id='word_1_709' title='bbox 240 2587 332 2632; x_wconf 68' lang='grc' dir='ltr'><strong><em>[σφε</em></strong></span> <span class='ocrx_word' id='word_1_710' title='bbox 355 2584 522 2621; x_wconf 79' lang='lat' dir='ltr'><strong>nonnihil</strong></span> <span class='ocrx_word' id='word_1_711' title='bbox 541 2584 765 2620; x_wconf 79' lang='lat' dir='ltr'><strong>remittimus.</strong></span> <span class='ocrx_word' id='word_1_712' title='bbox 813 2583 909 2619; x_wconf 80' lang='lat' dir='ltr'><strong>Nam</strong></span> <span class='ocrx_word' id='word_1_713' title='bbox 927 2585 961 2620; x_wconf 89' lang='lat' dir='ltr'><strong>si</strong></span> <span class='ocrx_word' id='word_1_714' title='bbox 979 2596 1058 2620; x_wconf 88' lang='lat' dir='ltr'><strong>eam</strong></span> <span class='ocrx_word' id='word_1_715' title='bbox 1144 2586 1336 2621; x_wconf 78' lang='lat' dir='ltr'><strong>utilitatem</strong></span> <span class='ocrx_word' id='word_1_716' title='bbox 1359 2586 1669 2620; x_wconf 87' lang='lat' dir='ltr'><strong>sanctissimarum</strong></span> <span class='ocrx_word' id='word_1_717' title='bbox 1689 2585 1922 2621; x_wconf 84' lang='lat' dir='ltr'><strong>ecclesiarum</strong></span> <span class='ocrx_word' id='word_1_718' title='bbox 1941 2586 2163 2633; x_wconf 65' lang='lat' dir='ltr'><strong>scripsimus,</strong></span> <span class='ocrx_word' id='word_1_719' title='bbox 2189 2590 2326 2622; x_wconf 85' lang='lat' dir='ltr'><strong>tantam</strong></span> <span class='ocrx_word' id='word_1_720' title='bbox 2346 2591 2466 2622; x_wconf 86' lang='lat' dir='ltr'><strong>autem</strong></span> 
     </span>
     <span class='ocr_line' id='line_1_54' title="bbox 238 2629 2466 2676; baseline 0 -10"><span class='ocrx_word' id='word_1_721' title='bbox 238 2631 399 2666; x_wconf 81' lang='lat' dir='ltr'><strong>videmus</strong></span> <span class='ocrx_word' id='word_1_722' title='bbox 419 2631 477 2666; x_wconf 89' lang='lat' dir='ltr'><strong>illi</strong></span> <span class='ocrx_word' id='word_1_723' title='bbox 497 2630 551 2666; x_wconf 88' lang='lat' dir='ltr'><strong>rei</strong></span> <span class='ocrx_word' id='word_1_724' title='bbox 573 2629 764 2665; x_wconf 82' lang='lat' dir='ltr'><strong>utilitatem</strong></span> <span class='ocrx_word' id='word_1_725' title='bbox 786 2629 914 2672; x_wconf 85' lang='lat' dir='ltr'><strong>inesse,</strong></span> <span class='ocrx_word' id='word_1_726' title='bbox 943 2629 1072 2675; x_wconf 87' lang='lat' dir='ltr'><strong>quidni</strong></span> <span class='ocrx_word' id='word_1_727' title='bbox 1089 2641 1161 2676; x_wconf 89' lang='lat' dir='ltr'><strong>per</strong></span> <span class='ocrx_word' id='word_1_728' title='bbox 1179 2634 1409 2676; x_wconf 82' lang='lat' dir='ltr'><strong>praesentem</strong></span> <span class='ocrx_word' id='word_1_729' title='bbox 1433 2630 1546 2676; x_wconf 77' lang='lat' dir='ltr'><strong>leqem</strong></span> <span class='ocrx_word' id='word_1_730' title='bbox 1576 2629 1645 2665; x_wconf 77' lang='lat' dir='ltr'><strong>hoc</strong></span> <span class='ocrx_word' id='word_1_731' title='bbox 1666 2630 1712 2665; x_wconf 89' lang='lat' dir='ltr'><strong>iis</strong></span> <span class='ocrx_word' id='word_1_732' title='bbox 1736 2630 1984 2672; x_wconf 87' lang='lat' dir='ltr'><strong>concedamus,</strong></span> <span class='ocrx_word' id='word_1_733' title='bbox 2017 2641 2156 2666; x_wconf 87' lang='lat' dir='ltr'><strong>omnem</strong></span> <span class='ocrx_word' id='word_1_734' title='bbox 2176 2631 2304 2667; x_wconf 83' lang='lat' dir='ltr'><strong>dantes</strong></span> <span class='ocrx_word' id='word_1_735' title='bbox 2326 2636 2363 2667; x_wconf 90' lang='lat' dir='ltr'><strong>et</strong></span> <span class='ocrx_word' id='word_1_736' title='bbox 2384 2642 2466 2668; x_wconf 84' lang='lat' dir='ltr'><strong>ven-</strong></span> 
     </span>
     <span class='ocr_line' id='line_1_55' title="bbox 239 2674 2466 2722; baseline 0 -11"><span class='ocrx_word' id='word_1_737' title='bbox 239 2675 406 2712; x_wconf 85' lang='lat' dir='ltr'><strong>dentibus</strong></span> <span class='ocrx_word' id='word_1_738' title='bbox 427 2676 567 2711; x_wconf 87' lang='lat' dir='ltr'><strong>veniam</strong></span> <span class='ocrx_word' id='word_1_739' title='bbox 595 2678 631 2710; x_wconf 89' lang='lat' dir='ltr'><strong>ct</strong></span> <span class='ocrx_word' id='word_1_740' title='bbox 653 2675 849 2710; x_wconf 86' lang='lat' dir='ltr'><strong>ementibus</strong></span> <span class='ocrx_word' id='word_1_741' title='bbox 871 2675 1123 2710; x_wconf 83' lang='lat' dir='ltr'><strong>securitatem?</strong></span> <span class='ocrx_word' id='word_1_742' title='bbox 1163 2676 1382 2722; x_wconf 84' lang='lat' dir='ltr'><strong>praesertim</strong></span> <span class='ocrx_word' id='word_1_743' title='bbox 1406 2686 1485 2711; x_wconf 90' lang='lat' dir='ltr'><strong>cum</strong></span> <span class='ocrx_word' id='word_1_744' title='bbox 1511 2680 1649 2722; x_wconf 86' lang='lat' dir='ltr'><strong>tempus</strong></span> <span class='ocrx_word' id='word_1_745' title='bbox 1671 2674 1922 2721; x_wconf 74' lang='lat' dir='ltr'><strong>intelleqamus</strong></span> <span class='ocrx_word' id='word_1_746' title='bbox 1945 2674 2112 2719; x_wconf 78' lang='lat' dir='ltr'><strong>aedificia</strong></span> <span class='ocrx_word' id='word_1_747' title='bbox 2136 2676 2206 2710; x_wconf 90' lang='lat' dir='ltr'><strong>cito</strong></span> <span class='ocrx_word' id='word_1_748' title='bbox 2237 2675 2288 2711; x_wconf 84' lang='lat' dir='ltr'><strong>ad</strong></span> <span class='ocrx_word' id='word_1_749' title='bbox 2308 2687 2387 2712; x_wconf 89' lang='lat' dir='ltr'><strong>eam</strong></span> <span class='ocrx_word' id='word_1_750' title='bbox 2410 2687 2466 2712; x_wconf 90' lang='lat' dir='ltr'><strong>re-</strong></span> 
     </span>
     <span class='ocr_line' id='line_1_56' title="bbox 239 2719 2466 2771; baseline 0 -15"><span class='ocrx_word' id='word_1_751' title='bbox 239 2721 432 2757; x_wconf 86' lang='lat' dir='ltr'><strong>ducturum</strong></span> <span class='ocrx_word' id='word_1_752' title='bbox 454 2731 552 2756; x_wconf 87' lang='lat' dir='ltr'><strong>esse:</strong></span> <span class='ocrx_word' id='word_1_753' title='bbox 607 2719 874 2766; x_wconf 82' lang='lat' dir='ltr'><strong>uandoquidem</strong></span> <span class='ocrx_word' id='word_1_754' title='bbox 906 2726 1086 2766; x_wconf 80' lang='lat' dir='ltr'><strong>emptores</strong></span> <span class='ocrx_word' id='word_1_755' title='bbox 1109 2731 1243 2762; x_wconf 87' lang='lat' dir='ltr'><strong>eorum,</strong></span> <span class='ocrx_word' id='word_1_756' title='bbox 1275 2721 1369 2755; x_wconf 89' lang='lat' dir='ltr'><strong>sicut</strong></span> <span class='ocrx_word' id='word_1_757' title='bbox 1384 2724 1544 2771; x_wconf 85' lang='lat' dir='ltr'><strong>propter</strong></span> <span class='ocrx_word' id='word_1_758' title='bbox 1565 2719 1723 2755; x_wconf 89' lang='lat' dir='ltr'><strong>studium</strong></span> <span class='ocrx_word' id='word_1_759' title='bbox 1746 2731 1835 2766; x_wconf 76' lang='lat' dir='ltr'><strong>erqa</strong></span> <span class='ocrx_word' id='word_1_760' title='bbox 1858 2721 1964 2754; x_wconf 80' lang='lat' dir='ltr'><strong>deum</strong></span> <span class='ocrx_word' id='word_1_761' title='bbox 1995 2731 2038 2755; x_wconf 92' lang='lat' dir='ltr'><strong>ea</strong></span> <span class='ocrx_word' id='word_1_762' title='bbox 2061 2725 2234 2763; x_wconf 84' lang='lat' dir='ltr'><strong>emerunt,</strong></span> <span class='ocrx_word' id='word_1_763' title='bbox 2266 2721 2319 2756; x_wconf 89' lang='lat' dir='ltr'><strong>ita</strong></span> <span class='ocrx_word' id='word_1_764' title='bbox 2342 2721 2466 2757; x_wconf 85' lang='lat' dir='ltr'><strong>eadem</strong></span> 
     </span>
     <span class='ocr_line' id='line_1_57' title="bbox 240 2764 2465 2812; baseline 0 -11"><span class='ocrx_word' id='word_1_765' title='bbox 240 2777 321 2802; x_wconf 89' lang='lat' dir='ltr'><strong>cum</strong></span> <span class='ocrx_word' id='word_1_766' title='bbox 343 2766 549 2801; x_wconf 85' lang='lat' dir='ltr'><strong>moriantur</strong></span> <span class='ocrx_word' id='word_1_767' title='bbox 572 2777 583 2800; x_wconf 85' lang='grc' dir='ltr'><strong>ι</strong></span> <span class='ocrx_word' id='word_1_768' title='bbox 601 2765 627 2799; x_wconf 90' lang='lat' dir='ltr'><strong>li</strong></span> <span class='ocrx_word' id='word_1_769' title='bbox 649 2765 812 2800; x_wconf 85' lang='lat' dir='ltr'><strong>relicturi</strong></span> <span class='ocrx_word' id='word_1_770' title='bbox 831 2769 925 2800; x_wconf 88' lang='lat' dir='ltr'><strong>sunt.</strong></span> <span class='ocrx_word' id='word_1_771' title='bbox 975 2764 1100 2801; x_wconf 88' lang='lat' dir='ltr'><strong>Liceat</strong></span> <span class='ocrx_word' id='word_1_772' title='bbox 1121 2765 1235 2811; x_wconf 73' lang='lat' dir='ltr'><strong>iqitur</strong></span> <span class='ocrx_word' id='word_1_773' title='bbox 1257 2765 1328 2812; x_wconf 86' lang='lat' dir='ltr'><strong>ipsi</strong></span> <span class='ocrx_word' id='word_1_774' title='bbox 1347 2765 1595 2800; x_wconf 69' lang='lat' dir='ltr'><strong>sanctissimae</strong></span> <span class='ocrx_word' id='word_1_775' title='bbox 1615 2765 1786 2800; x_wconf 85' lang='lat' dir='ltr'><strong>ecclesiae</strong></span> <span class='ocrx_word' id='word_1_776' title='bbox 1806 2764 2052 2810; x_wconf 83' lang='lat' dir='ltr'><strong>aedificiorum</strong></span> <span class='ocrx_word' id='word_1_777' title='bbox 2070 2765 2198 2810; x_wconf 87' lang='lat' dir='ltr'><strong>facere</strong></span> <span class='ocrx_word' id='word_1_778' title='bbox 2215 2765 2465 2810; x_wconf 85' lang='lat' dir='ltr'><strong>venditionem,</strong></span> 
     </span>
     <span class='ocr_line' id='line_1_58' title="bbox 239 2809 2467 2857; baseline 0.001 -11"><span class='ocrx_word' id='word_1_779' title='bbox 239 2822 310 2846; x_wconf 87' lang='lat' dir='ltr'><strong>neu</strong></span> <span class='ocrx_word' id='word_1_780' title='bbox 328 2815 496 2847; x_wconf 86' lang='lat' dir='ltr'><strong>vereatur</strong></span> <span class='ocrx_word' id='word_1_781' title='bbox 514 2810 626 2856; x_wconf 73' lang='lat' dir='ltr'><strong>leqem</strong></span> <span class='ocrx_word' id='word_1_782' title='bbox 643 2810 863 2856; x_wconf 77' lang='lat' dir='ltr'><strong>qeneratiter</strong></span> <span class='ocrx_word' id='word_1_783' title='bbox 886 2809 930 2845; x_wconf 88' lang='lat' dir='ltr'><strong>de</strong></span> <span class='ocrx_word' id='word_1_784' title='bbox 953 2809 1010 2845; x_wconf 84' lang='lat' dir='ltr'><strong>bis</strong></span> <span class='ocrx_word' id='word_1_785' title='bbox 1033 2810 1157 2853; x_wconf 87' lang='lat' dir='ltr'><strong>latam,</strong></span> <span class='ocrx_word' id='word_1_786' title='bbox 1174 2818 1377 2857; x_wconf 84' lang='lat' dir='ltr'><strong>propterea</strong></span> <span class='ocrx_word' id='word_1_787' title='bbox 1402 2810 1500 2856; x_wconf 87' lang='lat' dir='ltr'><strong>quod</strong></span> <span class='ocrx_word' id='word_1_788' title='bbox 1521 2809 1599 2856; x_wconf 75' lang='lat' dir='ltr'><strong>leqe</strong></span> <span class='ocrx_word' id='word_1_789' title='bbox 1622 2810 1822 2845; x_wconf 84' lang='lat' dir='ltr'><strong>recentiore</strong></span> <span class='ocrx_word' id='word_1_790' title='bbox 1845 2810 1879 2845; x_wconf 85' lang='lat' dir='ltr'><strong>ei</strong></span> <span class='ocrx_word' id='word_1_791' title='bbox 1895 2810 2063 2856; x_wconf 77' lang='lat' dir='ltr'><strong>exceptio</strong></span> <span class='ocrx_word' id='word_1_792' title='bbox 2082 2809 2273 2846; x_wconf 87' lang='lat' dir='ltr'><strong>subiuncta</strong></span> <span class='ocrx_word' id='word_1_793' title='bbox 2291 2815 2355 2854; x_wconf 87' lang='lat' dir='ltr'><strong>est,</strong></span> <span class='ocrx_word' id='word_1_794' title='bbox 2380 2823 2467 2848; x_wconf 86' lang='lat' dir='ltr'><strong>neve</strong></span> 
     </span>
     <span class='ocr_line' id='line_1_59' title="bbox 239 2854 2466 2903; baseline -0.001 -10"><span class='ocrx_word' id='word_1_795' title='bbox 239 2858 262 2893; x_wconf 92' lang='lat'>1</span> <span class='ocrx_word' id='word_1_796' title='bbox 316 2867 438 2903; x_wconf 86' lang='lat' dir='ltr'><strong>poena</strong></span> <span class='ocrx_word' id='word_1_797' title='bbox 469 2854 553 2891; x_wconf 84' lang='lat' dir='ltr'><strong>inde</strong></span> <span class='ocrx_word' id='word_1_798' title='bbox 582 2855 658 2890; x_wconf 88' lang='lat' dir='ltr'><strong>ulla</strong></span> <span class='ocrx_word' id='word_1_799' title='bbox 689 2855 728 2890; x_wconf 90' lang='lat' dir='ltr'><strong>in</strong></span> <span class='ocrx_word' id='word_1_800' title='bbox 757 2855 869 2890; x_wconf 90' lang='lat' dir='ltr'><strong>ullam</strong></span> <span class='ocrx_word' id='word_1_801' title='bbox 902 2855 1048 2891; x_wconf 88' lang='lat' dir='ltr'><strong>omnino</strong></span> <span class='ocrx_word' id='word_1_802' title='bbox 1074 2866 1271 2902; x_wconf 84' lang='lat' dir='ltr'><strong>personam</strong></span> <span class='ocrx_word' id='word_1_803' title='bbox 1302 2866 1381 2891; x_wconf 89' lang='lat' dir='ltr'><strong>com</strong></span> <span class='ocrx_word' id='word_1_804' title='bbox 1409 2858 1506 2897; x_wconf 88' lang='lat' dir='ltr'><strong>etat;</strong></span> <span class='ocrx_word' id='word_1_805' title='bbox 1561 2855 1774 2900; x_wconf 82' lang='lat' dir='ltr'><strong>pariterque</strong></span> <span class='ocrx_word' id='word_1_806' title='bbox 1808 2855 1846 2890; x_wconf 89' lang='lat' dir='ltr'><strong>in</strong></span> <span class='ocrx_word' id='word_1_807' title='bbox 1880 2859 2018 2901; x_wconf 88' lang='lat' dir='ltr'><strong>tempus</strong></span> <span class='ocrx_word' id='word_1_808' title='bbox 2045 2855 2215 2901; x_wconf 80' lang='lat' dir='ltr'><strong>futurum</strong></span> <span class='ocrx_word' id='word_1_809' title='bbox 2247 2855 2316 2892; x_wconf 74' lang='lat' dir='ltr'><strong>hoc</strong></span> <span class='ocrx_word' id='word_1_810' title='bbox 2347 2856 2466 2902; x_wconf 86' lang='lat' dir='ltr'><strong>ipsum</strong></span> 
     </span>
     <span class='ocr_line' id='line_1_60' title="bbox 240 2899 2466 2946; baseline -0 -9"><span class='ocrx_word' id='word_1_811' title='bbox 240 2913 264 2937; x_wconf 91' lang='lat' dir='ltr'><strong>a</strong></span> <span class='ocrx_word' id='word_1_812' title='bbox 291 2912 351 2937; x_wconf 91' lang='lat' dir='ltr'><strong>ere</strong></span> <span class='ocrx_word' id='word_1_813' title='bbox 382 2901 499 2943; x_wconf 90' lang='lat' dir='ltr'><strong>liceat,</strong></span> <span class='ocrx_word' id='word_1_814' title='bbox 530 2899 645 2935; x_wconf 84' lang='lat' dir='ltr'><strong>sicubi</strong></span> <span class='ocrx_word' id='word_1_815' title='bbox 674 2899 775 2946; x_wconf 87' lang='lat' dir='ltr'><strong>quod</strong></span> <span class='ocrx_word' id='word_1_816' title='bbox 801 2899 978 2936; x_wconf 88' lang='lat' dir='ltr'><strong>eiusmodi</strong></span> <span class='ocrx_word' id='word_1_817' title='bbox 1010 2901 1195 2936; x_wconf 87' lang='lat' dir='ltr'><strong>emerserit</strong></span> <span class='ocrx_word' id='word_1_818' title='bbox 1225 2911 1361 2935; x_wconf 87' lang='lat' dir='ltr'><strong>commo</strong></span> <span class='ocrx_word' id='word_1_819' title='bbox 1388 2910 1459 2941; x_wconf 89' lang='lat' dir='ltr'><strong>um,</strong></span> <span class='ocrx_word' id='word_1_820' title='bbox 1491 2903 1531 2934; x_wconf 89' lang='lat' dir='ltr'><strong>ut</strong></span> <span class='ocrx_word' id='word_1_821' title='bbox 1562 2900 1756 2946; x_wconf 78' lang='lat' dir='ltr'><strong>multiplex</strong></span> <span class='ocrx_word' id='word_1_822' title='bbox 1779 2899 1907 2935; x_wconf 79' lang='lat' dir='ltr'><strong>bonum</strong></span> <span class='ocrx_word' id='word_1_823' title='bbox 1932 2910 2008 2946; x_wconf 87' lang='lat' dir='ltr'><strong>pro</strong></span> <span class='ocrx_word' id='word_1_824' title='bbox 2039 2900 2186 2934; x_wconf 76' lang='lat' dir='ltr'><strong>niinimo</strong></span> <span class='ocrx_word' id='word_1_825' title='bbox 2216 2900 2466 2936; x_wconf 85' lang='lat' dir='ltr'><strong>sanctissimae</strong></span> 
     </span>
     <span class='ocr_line' id='line_1_61' title="bbox 241 2913 2464 2991; baseline -0.001 -8"><span class='ocrx_word' id='word_1_826' title='bbox 241 2913 513 2983; x_wconf 60' lang='lat' dir='ltr'><strong>Rqeswrectioni</strong></span> <span class='ocrx_word' id='word_1_827' title='bbox 563 2956 602 2981; x_wconf 87' lang='lat' dir='ltr'><strong>er</strong></span> <span class='ocrx_word' id='word_1_828' title='bbox 625 2945 877 2981; x_wconf 84' lang='lat' dir='ltr'><strong>alienationem</strong></span> <span class='ocrx_word' id='word_1_829' title='bbox 900 2944 1059 2981; x_wconf 85' lang='lat' dir='ltr'><strong>accedat.</strong></span> <span class='ocrx_word' id='word_1_830' title='bbox 1111 2945 1327 2991; x_wconf 88' lang='lat' dir='ltr'><strong>Omnemque</strong></span> <span class='ocrx_word' id='word_1_831' title='bbox 1348 2945 1578 2980; x_wconf 88' lang='lat' dir='ltr'><strong>securitatem</strong></span> <span class='ocrx_word' id='word_1_832' title='bbox 1602 2950 1782 2991; x_wconf 86' lang='lat' dir='ltr'><strong>emptores</strong></span> <span class='ocrx_word' id='word_1_833' title='bbox 1804 2955 1927 2981; x_wconf 90' lang='lat' dir='ltr'><strong>eorum</strong></span> <span class='ocrx_word' id='word_1_834' title='bbox 1951 2949 1988 2981; x_wconf 87' lang='lat' dir='ltr'><strong>et</strong></span> <span class='ocrx_word' id='word_1_835' title='bbox 2010 2955 2105 2980; x_wconf 88' lang='lat' dir='ltr'><strong>nunc</strong></span> <span class='ocrx_word' id='word_1_836' title='bbox 2129 2949 2163 2980; x_wconf 87' lang='lat' dir='ltr'><strong>et</strong></span> <span class='ocrx_word' id='word_1_837' title='bbox 2186 2945 2223 2979; x_wconf 88' lang='lat' dir='ltr'><strong>in</strong></span> <span class='ocrx_word' id='word_1_838' title='bbox 2245 2955 2348 2980; x_wconf 86' lang='lat' dir='ltr'><strong>omne</strong></span> <span class='ocrx_word' id='word_1_839' title='bbox 2366 2944 2464 2981; x_wconf 85' lang='lat' dir='ltr'><strong>dein-</strong></span> 
     </span>
     <span class='ocr_line' id='line_1_62' title="bbox 241 2989 2467 3039; baseline -0 -11"><span class='ocrx_word' id='word_1_840' title='bbox 241 3002 326 3039; x_wconf 85' lang='lat' dir='ltr'><strong>ceps</strong></span> <span class='ocrx_word' id='word_1_841' title='bbox 358 2995 498 3037; x_wconf 87' lang='lat' dir='ltr'><strong>tempus</strong></span> <span class='ocrx_word' id='word_1_842' title='bbox 551 2989 694 3033; x_wconf 88' lang='lat' dir='ltr'><strong>abeant,</strong></span> <span class='ocrx_word' id='word_1_843' title='bbox 726 3001 813 3026; x_wconf 85' lang='lat' dir='ltr'><strong>neve</strong></span> <span class='ocrx_word' id='word_1_844' title='bbox 843 2989 955 3025; x_wconf 90' lang='lat' dir='ltr'><strong>ullam</strong></span> <span class='ocrx_word' id='word_1_845' title='bbox 984 2990 1200 3026; x_wconf 86' lang='lat' dir='ltr'><strong>ablationem</strong></span> <span class='ocrx_word' id='word_1_846' title='bbox 1232 2994 1424 3026; x_wconf 86' lang='lat' dir='ltr'><strong>vereantur</strong></span> <span class='ocrx_word' id='word_1_847' title='bbox 1451 2995 1516 3025; x_wconf 90' lang='lat' dir='ltr'><strong>aut</strong></span> <span class='ocrx_word' id='word_1_848' title='bbox 1543 2990 1616 3036; x_wconf 88' lang='lat' dir='ltr'><strong>ipsi</strong></span> <span class='ocrx_word' id='word_1_849' title='bbox 1639 2995 1703 3026; x_wconf 90' lang='lat' dir='ltr'><strong>aut</strong></span> <span class='ocrx_word' id='word_1_850' title='bbox 1734 2989 1882 3025; x_wconf 73' lang='lat' dir='ltr'><strong>heredes</strong></span> <span class='ocrx_word' id='word_1_851' title='bbox 1904 3000 2028 3025; x_wconf 87' lang='lat' dir='ltr'><strong>eorum</strong></span> <span class='ocrx_word' id='word_1_852' title='bbox 2058 2995 2123 3025; x_wconf 90' lang='lat' dir='ltr'><strong>aut</strong></span> <span class='ocrx_word' id='word_1_853' title='bbox 2146 3000 2372 3025; x_wconf 87' lang='lat' dir='ltr'><strong>successores</strong></span> <span class='ocrx_word' id='word_1_854' title='bbox 2401 2995 2467 3027; x_wconf 85' lang='lat' dir='ltr'><strong>aut</strong></span> 
     </span>
     <span class='ocr_line' id='line_1_63' title="bbox 241 3034 2466 3082; baseline 0 -10"><span class='ocrx_word' id='word_1_855' title='bbox 241 3047 338 3072; x_wconf 86' lang='lat' dir='ltr'><strong>nunc</strong></span> <span class='ocrx_word' id='word_1_856' title='bbox 366 3041 431 3072; x_wconf 87' lang='lat' dir='ltr'><strong>aut</strong></span> <span class='ocrx_word' id='word_1_857' title='bbox 454 3035 528 3071; x_wconf 88' lang='lat' dir='ltr'><strong>alio</strong></span> <span class='ocrx_word' id='word_1_858' title='bbox 555 3040 726 3082; x_wconf 86' lang='lat' dir='ltr'><strong>tempore,</strong></span> <span class='ocrx_word' id='word_1_859' title='bbox 757 3035 930 3081; x_wconf 86' lang='lat' dir='ltr'><strong>quoniam</strong></span> <span class='ocrx_word' id='word_1_860' title='bbox 954 3036 1019 3081; x_wconf 87' lang='lat' dir='ltr'><strong>qui</strong></span> <span class='ocrx_word' id='word_1_861' title='bbox 1041 3036 1234 3071; x_wconf 88' lang='lat' dir='ltr'><strong>secundum</strong></span> <span class='ocrx_word' id='word_1_862' title='bbox 1289 3038 1487 3070; x_wconf 86' lang='lat' dir='ltr'><strong>raesentem</strong></span> <span class='ocrx_word' id='word_1_863' title='bbox 1518 3034 1629 3081; x_wconf 73' lang='lat' dir='ltr'><strong>teqem</strong></span> <span class='ocrx_word' id='word_1_864' title='bbox 1651 3034 1808 3080; x_wconf 85' lang='lat' dir='ltr'><strong>fidenter</strong></span> <span class='ocrx_word' id='word_1_865' title='bbox 1836 3035 2052 3070; x_wconf 85' lang='lat' dir='ltr'><strong>accesserint</strong></span> <span class='ocrx_word' id='word_1_866' title='bbox 2075 3034 2124 3069; x_wconf 83' lang='lat' dir='ltr'><strong>ad</strong></span> <span class='ocrx_word' id='word_1_867' title='bbox 2147 3035 2372 3081; x_wconf 86' lang='lat' dir='ltr'><strong>emptionem,</strong></span> <span class='ocrx_word' id='word_1_868' title='bbox 2403 3046 2466 3072; x_wconf 86' lang='lat' dir='ltr'><strong>eos</strong></span> 
     </span>
     <span class='ocr_line' id='line_1_64' title="bbox 239 3046 2466 3128; baseline 0 -11"><span class='ocrx_word' id='word_1_869' title='bbox 239 3092 312 3128; x_wconf 90' lang='lat' dir='ltr'><strong>par</strong></span> <span class='ocrx_word' id='word_1_870' title='bbox 335 3092 410 3117; x_wconf 89' lang='lat' dir='ltr'><strong>non</strong></span> <span class='ocrx_word' id='word_1_871' title='bbox 432 3085 487 3117; x_wconf 90' lang='lat' dir='ltr'><strong>est</strong></span> <span class='ocrx_word' id='word_1_872' title='bbox 509 3080 621 3115; x_wconf 89' lang='lat' dir='ltr'><strong>ullam</strong></span> <span class='ocrx_word' id='word_1_873' title='bbox 645 3080 688 3116; x_wconf 85' lang='lat' dir='ltr'><strong>cle</strong></span> <span class='ocrx_word' id='word_1_874' title='bbox 709 3080 778 3115; x_wconf 74' lang='lat' dir='ltr'><strong>hac</strong></span> <span class='ocrx_word' id='word_1_875' title='bbox 805 3090 846 3115; x_wconf 90' lang='lat' dir='ltr'><strong>re</strong></span> <span class='ocrx_word' id='word_1_876' title='bbox 861 3079 1175 3126; x_wconf 84' lang='lat' dir='ltr'><strong>perturbationem</strong></span> <span class='ocrx_word' id='word_1_877' title='bbox 1204 3046 1288 3116; x_wconf 66' lang='lat' dir='ltr'><strong>velp</strong></span> <span class='ocrx_word' id='word_1_878' title='bbox 1282 3079 1597 3126; x_wconf 76' lang='lat' dir='ltr'><strong>reprehensionem</strong></span> <span class='ocrx_word' id='word_1_879' title='bbox 1628 3080 1684 3116; x_wconf 87' lang='lat' dir='ltr'><strong>vel</strong></span> <span class='ocrx_word' id='word_1_880' title='bbox 1706 3080 1874 3115; x_wconf 88' lang='lat' dir='ltr'><strong>damnum</strong></span> <span class='ocrx_word' id='word_1_881' title='bbox 1904 3079 1959 3114; x_wconf 87' lang='lat' dir='ltr'><strong>vel</strong></span> <span class='ocrx_word' id='word_1_882' title='bbox 1989 3079 2207 3115; x_wconf 84' lang='lat' dir='ltr'><strong>ablationem</strong></span> <span class='ocrx_word' id='word_1_883' title='bbox 2230 3079 2359 3116; x_wconf 89' lang='lat' dir='ltr'><strong>subire.</strong></span> <span class='ocrx_word' id='word_1_884' title='bbox 2413 3082 2466 3117; x_wconf 82' lang='lat' dir='ltr'><strong>Ac</strong></span> 
     </span>
     <span class='ocr_line' id='line_1_65' title="bbox 241 3124 2465 3177; baseline -0.001 -14"><span class='ocrx_word' id='word_1_885' title='bbox 241 3126 423 3162; x_wconf 86' lang='lat' dir='ltr'><strong>decretum</strong></span> <span class='ocrx_word' id='word_1_886' title='bbox 446 3124 590 3172; x_wconf 83' lang='lat' dir='ltr'><strong>quidem</strong></span> <span class='ocrx_word' id='word_1_887' title='bbox 605 3125 679 3177; x_wconf 86' lang='lat' dir='ltr'><strong>fiat</strong></span> <span class='ocrx_word' id='word_1_888' title='bbox 701 3124 802 3172; x_wconf 85' lang='lat' dir='ltr'><strong>apud</strong></span> <span class='ocrx_word' id='word_1_889' title='bbox 825 3129 923 3160; x_wconf 89' lang='lat' dir='ltr'><strong>tuam</strong></span> <span class='ocrx_word' id='word_1_890' title='bbox 946 3125 1201 3161; x_wconf 84' lang='lat' dir='ltr'><strong>beatitudinem</strong></span> <span class='ocrx_word' id='word_1_891' title='bbox 1216 3124 1474 3171; x_wconf 83' lang='lat' dir='ltr'><strong>praesentibus</strong></span> <span class='ocrx_word' id='word_1_892' title='bbox 1498 3125 1542 3159; x_wconf 85' lang='lat' dir='ltr'><strong>iis</strong></span> <span class='ocrx_word' id='word_1_893' title='bbox 1565 3125 1629 3171; x_wconf 84' lang='lat' dir='ltr'><strong>qui</strong></span> <span class='ocrx_word' id='word_1_894' title='bbox 1651 3136 1702 3161; x_wconf 75' lang='lat' dir='ltr'><strong>ex</strong></span> <span class='ocrx_word' id='word_1_895' title='bbox 1724 3124 1918 3161; x_wconf 87' lang='lat' dir='ltr'><strong>venerabili</strong></span> <span class='ocrx_word' id='word_1_896' title='bbox 1942 3124 2038 3160; x_wconf 87' lang='lat' dir='ltr'><strong>clero</strong></span> <span class='ocrx_word' id='word_1_897' title='bbox 2062 3128 2157 3165; x_wconf 85' lang='lat' dir='ltr'><strong>sunt,</strong></span> <span class='ocrx_word' id='word_1_898' title='bbox 2186 3128 2223 3160; x_wconf 86' lang='lat' dir='ltr'><strong>et</strong></span> <span class='ocrx_word' id='word_1_899' title='bbox 2245 3135 2356 3160; x_wconf 88' lang='lat' dir='ltr'><strong>causa</strong></span> <span class='ocrx_word' id='word_1_900' title='bbox 2373 3136 2465 3172; x_wconf 88' lang='lat' dir='ltr'><strong>pro-</strong></span> 
     </span>
     <span class='ocr_line' id='line_1_66' title="bbox 241 3168 2465 3217; baseline -0.001 -9"><span class='ocrx_word' id='word_1_901' title='bbox 241 3171 345 3208; x_wconf 86' lang='lat' dir='ltr'><strong>betur</strong></span> <span class='ocrx_word' id='word_1_902' title='bbox 371 3182 421 3208; x_wconf 76' lang='lat' dir='ltr'><strong>eoe</strong></span> <span class='ocrx_word' id='word_1_903' title='bbox 479 3182 527 3206; x_wconf 89' lang='lat' dir='ltr'><strong>ua</strong></span> <span class='ocrx_word' id='word_1_904' title='bbox 560 3169 731 3206; x_wconf 77' lang='lat' dir='ltr'><strong>alienatio</strong></span> <span class='ocrx_word' id='word_1_905' title='bbox 762 3169 1009 3215; x_wconf 78' lang='lat' dir='ltr'><strong>aedificiorum</strong></span> <span class='ocrx_word' id='word_1_906' title='bbox 1037 3170 1123 3216; x_wconf 88' lang='lat' dir='ltr'><strong>fiat,</strong></span> <span class='ocrx_word' id='word_1_907' title='bbox 1183 3169 1258 3206; x_wconf 87' lang='lat' dir='ltr'><strong>uod</strong></span> <span class='ocrx_word' id='word_1_908' title='bbox 1284 3169 1462 3205; x_wconf 87' lang='lat' dir='ltr'><strong>maiorum</strong></span> <span class='ocrx_word' id='word_1_909' title='bbox 1495 3170 1672 3205; x_wconf 85' lang='lat' dir='ltr'><strong>bonorum</strong></span> <span class='ocrx_word' id='word_1_910' title='bbox 1701 3170 1826 3217; x_wconf 77' lang='lat' dir='ltr'><strong>qratia</strong></span> <span class='ocrx_word' id='word_1_911' title='bbox 1861 3180 1986 3205; x_wconf 88' lang='lat' dir='ltr'><strong>eorum</strong></span> <span class='ocrx_word' id='word_1_912' title='bbox 2015 3168 2172 3205; x_wconf 83' lang='lat' dir='ltr'><strong>venditio</strong></span> <span class='ocrx_word' id='word_1_913' title='bbox 2203 3175 2349 3216; x_wconf 74' lang='lat' dir='ltr'><strong>aqatur,</strong></span> <span class='ocrx_word' id='word_1_914' title='bbox 2385 3180 2465 3206; x_wconf 80' lang='lat' dir='ltr'><strong>cum</strong></span> 
     </span>
     <span class='ocr_line' id='line_1_67' title="bbox 236 3214 2465 3266; baseline -0.001 -14"><span class='ocrx_word' id='word_1_915' title='bbox 236 3227 361 3263; x_wconf 86' lang='lat' dir='ltr'><strong>pauca</strong></span> <span class='ocrx_word' id='word_1_916' title='bbox 384 3216 448 3263; x_wconf 84' lang='lat' dir='ltr'><strong>qui</strong></span> <span class='ocrx_word' id='word_1_917' title='bbox 473 3227 527 3252; x_wconf 88' lang='lat' dir='ltr'><strong>em</strong></span> <span class='ocrx_word' id='word_1_918' title='bbox 551 3215 766 3258; x_wconf 85' lang='lat' dir='ltr'><strong>alienentur,</strong></span> <span class='ocrx_word' id='word_1_919' title='bbox 825 3215 907 3250; x_wconf 86' lang='lat' dir='ltr'><strong>lura</strong></span> <span class='ocrx_word' id='word_1_920' title='bbox 930 3226 1014 3251; x_wconf 89' lang='lat' dir='ltr'><strong>vero</strong></span> <span class='ocrx_word' id='word_1_921' title='bbox 1037 3219 1073 3251; x_wconf 92' lang='lat' dir='ltr'><strong>et</strong></span> <span class='ocrx_word' id='word_1_922' title='bbox 1093 3227 1146 3262; x_wconf 87' lang='lat' dir='ltr'><strong>pu</strong></span> <span class='ocrx_word' id='word_1_923' title='bbox 1162 3214 1309 3251; x_wconf 68' lang='lat' dir='ltr'><strong>clariora</strong></span> <span class='ocrx_word' id='word_1_924' title='bbox 1338 3214 1421 3249; x_wconf 88' lang='lat' dir='ltr'><strong>inde</strong></span> <span class='ocrx_word' id='word_1_925' title='bbox 1444 3215 1706 3260; x_wconf 79' lang='lat' dir='ltr'><strong>acquirantur:</strong></span> <span class='ocrx_word' id='word_1_926' title='bbox 1744 3218 1784 3250; x_wconf 89' lang='lat' dir='ltr'><strong>ut</strong></span> <span class='ocrx_word' id='word_1_927' title='bbox 1805 3214 1844 3250; x_wconf 88' lang='lat' dir='ltr'><strong>in</strong></span> <span class='ocrx_word' id='word_1_928' title='bbox 1861 3214 2050 3261; x_wconf 82' lang='lat' dir='ltr'><strong>praesenti</strong></span> <span class='ocrx_word' id='word_1_929' title='bbox 2078 3214 2216 3250; x_wconf 87' lang='lat' dir='ltr'><strong>scilicet</strong></span> <span class='ocrx_word' id='word_1_930' title='bbox 2231 3214 2392 3266; x_wconf 81' lang='lat' dir='ltr'><strong>pretium</strong></span> <span class='ocrx_word' id='word_1_931' title='bbox 2413 3225 2465 3250; x_wconf 78' lang='lat' dir='ltr'><strong>ex</strong></span> 
     </span>
     <span class='ocr_line' id='line_1_68' title="bbox 239 3259 2463 3339; baseline -0.002 -41"><span class='ocrx_word' id='word_1_932' title='bbox 239 3261 476 3308; x_wconf 86' lang='lat' dir='ltr'><strong>pensionibus</strong></span> <span class='ocrx_word' id='word_1_933' title='bbox 497 3260 682 3297; x_wconf 88' lang='lat' dir='ltr'><strong>collectum</strong></span> <span class='ocrx_word' id='word_1_934' title='bbox 706 3271 770 3296; x_wconf 89' lang='lat' dir='ltr'><strong>ven</strong></span> <span class='ocrx_word' id='word_1_935' title='bbox 797 3260 908 3296; x_wconf 79' lang='lat' dir='ltr'><strong>itione</strong></span> <span class='ocrx_word' id='word_1_936' title='bbox 931 3259 968 3295; x_wconf 87' lang='lat' dir='ltr'><strong>in</strong></span> <span class='ocrx_word' id='word_1_937' title='bbox 992 3260 1260 3307; x_wconf 77' lang='lat' dir='ltr'><strong>quinquaqinta</strong></span> <span class='ocrx_word' id='word_1_938' title='bbox 1283 3260 1528 3339; x_wconf 67' lang='lat' dir='ltr'><strong>annosdfacta</strong></span> <span class='ocrx_word' id='word_1_939' title='bbox 1551 3259 1782 3307; x_wconf 82' lang='lat' dir='ltr'><strong>impendatur</strong></span> <span class='ocrx_word' id='word_1_940' title='bbox 1804 3260 1842 3295; x_wconf 85' lang='lat' dir='ltr'><strong>in</strong></span> <span class='ocrx_word' id='word_1_941' title='bbox 1864 3259 2081 3295; x_wconf 85' lang='lat' dir='ltr'><strong>solutionem</strong></span> <span class='ocrx_word' id='word_1_942' title='bbox 2138 3270 2286 3295; x_wconf 80' lang='lat' dir='ltr'><strong>ecunzae</strong></span> <span class='ocrx_word' id='word_1_943' title='bbox 2307 3263 2463 3301; x_wconf 71' lang='lat' dir='ltr'><strong>mamae,</strong></span> 
     </span>
     <span class='ocr_line' id='line_1_69' title="bbox 242 3303 2463 3353; baseline -0.002 -11"><span class='ocrx_word' id='word_1_944' title='bbox 242 3318 350 3352; x_wconf 86' lang='lat' dir='ltr'><strong>quam</strong></span> <span class='ocrx_word' id='word_1_945' title='bbox 381 3307 580 3343; x_wconf 88' lang='lat' dir='ltr'><strong>creditores</strong></span> <span class='ocrx_word' id='word_1_946' title='bbox 611 3317 683 3353; x_wconf 87' lang='lat' dir='ltr'><strong>pro</strong></span> <span class='ocrx_word' id='word_1_947' title='bbox 715 3305 937 3352; x_wconf 87' lang='lat' dir='ltr'><strong>acquirendo</strong></span> <span class='ocrx_word' id='word_1_948' title='bbox 965 3317 1007 3341; x_wconf 91' lang='lat' dir='ltr'><strong>eo</strong></span> <span class='ocrx_word' id='word_1_949' title='bbox 1038 3317 1141 3351; x_wconf 85' lang='lat' dir='ltr'><strong>quem</strong></span> <span class='ocrx_word' id='word_1_950' title='bbox 1167 3305 1327 3341; x_wconf 80' lang='lat' dir='ltr'><strong>diximus</strong></span> <span class='ocrx_word' id='word_1_951' title='bbox 1357 3315 1398 3340; x_wconf 90' lang='lat' dir='ltr'><strong>re</strong></span> <span class='ocrx_word' id='word_1_952' title='bbox 1424 3305 1475 3339; x_wconf 84' lang='lat' dir='ltr'><strong>itu</strong></span> <span class='ocrx_word' id='word_1_953' title='bbox 1500 3304 1685 3341; x_wconf 85' lang='lat' dir='ltr'><strong>dederunt.</strong></span> <span class='ocrx_word' id='word_1_954' title='bbox 1734 3304 1828 3340; x_wconf 90' lang='lat' dir='ltr'><strong>Nam</strong></span> <span class='ocrx_word' id='word_1_955' title='bbox 1851 3305 1884 3339; x_wconf 87' lang='lat' dir='ltr'><strong>si</strong></span> <span class='ocrx_word' id='word_1_956' title='bbox 1914 3305 2070 3339; x_wconf 87' lang='lat' dir='ltr'><strong>omnium</strong></span> <span class='ocrx_word' id='word_1_957' title='bbox 2127 3304 2267 3339; x_wconf 85' lang='lat' dir='ltr'><strong>ominus</strong></span> <span class='ocrx_word' id='word_1_958' title='bbox 2292 3303 2399 3339; x_wconf 84' lang='lat' dir='ltr'><strong>simul</strong></span> <span class='ocrx_word' id='word_1_959' title='bbox 2428 3307 2463 3338; x_wconf 87' lang='lat' dir='ltr'><strong>et</strong></span> 
     </span>
    </p>
   </div>
   <div class='ocr_carea' id='block_1_6' title="bbox 1916 3369 2023 3373">
    <p class='ocr_par' dir='ltr' id='par_1_10' title="bbox 1916 3369 2023 3373">
     <span class='ocr_line' id='line_1_70' title="bbox 1916 3369 2023 3373; baseline 0 0"><span class='ocrx_word' id='word_1_960' title='bbox 1916 3369 2023 3373; x_wconf 95' lang='lat' dir='ltr'><strong> </strong></span> 
     </span>
    </p>
   </div>
   <div class='ocr_carea' id='block_1_7' title="bbox 902 3371 1030 3374">
    <p class='ocr_par' dir='ltr' id='par_1_11' title="bbox 902 3371 1030 3374">
     <span class='ocr_line' id='line_1_71' title="bbox 902 3371 1030 3374; baseline 0 0"><span class='ocrx_word' id='word_1_961' title='bbox 902 3371 1030 3374; x_wconf 95' lang='lat' dir='ltr'><strong> </strong></span> 
     </span>
    </p>
   </div>
   <div class='ocr_carea' id='block_1_8' title="bbox 1172 3370 1342 3374">
    <p class='ocr_par' dir='ltr' id='par_1_12' title="bbox 1172 3370 1342 3374">
     <span class='ocr_line' id='line_1_72' title="bbox 1172 3370 1342 3374; baseline 0 0"><span class='ocrx_word' id='word_1_962' title='bbox 1172 3370 1342 3374; x_wconf 95' lang='lat' dir='ltr'><strong> </strong></span> 
     </span>
    </p>
   </div>
   <div class='ocr_carea' id='block_1_9' title="bbox 244 3391 2464 3755">
    <p class='ocr_par' dir='ltr' id='par_1_13' title="bbox 244 3391 2464 3755">
     <span class='ocr_line' id='line_1_73' title="bbox 288 3391 2460 3442; baseline -0.003 -12"><span class='ocrx_word' id='word_1_963' title='bbox 288 3400 363 3440; x_wconf 71' lang='lat' dir='ltr'><strong>4sq.</strong></span> <span class='ocrx_word' id='word_1_964' title='bbox 378 3397 442 3431; x_wconf 77' lang='grc' dir='ltr'><strong>τοῦ</strong></span> <span class='ocrx_word' id='word_1_965' title='bbox 461 3396 544 3442; x_wconf 75' lang='grc' dir='ltr'><strong><em>περὶ</em></strong></span> <span class='ocrx_word' id='word_1_966' title='bbox 559 3415 598 3419; x_wconf 94' lang='grc'><strong>-</strong></span> <span class='ocrx_word' id='word_1_967' title='bbox 613 3396 758 3439; x_wconf 79' lang='grc' dir='ltr'><strong><em>κρατεῖν</em></strong></span> <span class='ocrx_word' id='word_1_968' title='bbox 770 3396 830 3428; x_wconf 75' lang='grc' dir='ltr'><strong>καὶ</strong></span> <span class='ocrx_word' id='word_1_969' title='bbox 848 3407 918 3432; x_wconf 70' lang='lat' dir='ltr'><strong>exe</strong></span> <span class='ocrx_word' id='word_1_970' title='bbox 934 3396 1041 3439; x_wconf 81' lang='lat' dir='ltr'><strong>suppl.</strong></span> <span class='ocrx_word' id='word_1_971' title='bbox 1052 3396 1255 3434; x_wconf 51' lang='lat' dir='ltr'><strong>Zachariam</strong></span> <span class='ocrx_word' id='word_1_972' title='bbox 1277 3397 1319 3438; x_wconf 64' lang='lat' dir='ltr'><strong>cjl</strong></span> <span class='ocrx_word' id='word_1_973' title='bbox 1392 3397 1431 3428; x_wconf 86' lang='lat'><strong>10</strong></span> <span class='ocrx_word' id='word_1_974' title='bbox 1455 3397 1514 3427; x_wconf 85' lang='lat' dir='ltr'><strong>aut</strong></span> <span class='ocrx_word' id='word_1_975' title='bbox 1533 3396 1567 3429; x_wconf 99' lang='lat' dir='ltr'><strong><em>V</em></strong></span> <span class='ocrx_word' id='word_1_976' title='bbox 1586 3395 1599 3439; x_wconf 78' lang='grc' dir='ltr'><strong>ΙΙ</strong></span> <span class='ocrx_word' id='word_1_977' title='bbox 1630 3396 1672 3429; x_wconf 84' lang='grc'><strong>12</strong></span> <span class='ocrx_word' id='word_1_978' title='bbox 1696 3395 1727 3429; x_wconf 90' lang='lat' dir='ltr'><strong>ei</strong></span> <span class='ocrx_word' id='word_1_979' title='bbox 1750 3396 1781 3429; x_wconf 89' lang='lat' dir='ltr'><strong><em>V</em></strong></span> <span class='ocrx_word' id='word_1_980' title='bbox 1803 3395 1816 3438; x_wconf 73' lang='lat' dir='ltr'><strong>ll</strong></span> <span class='ocrx_word' id='word_1_981' title='bbox 1846 3395 2061 3427; x_wconf 86' lang='lat' dir='ltr'><strong>concedemus</strong></span> <span class='ocrx_word' id='word_1_982' title='bbox 2083 3395 2170 3437; x_wconf 77' lang='lat' dir='ltr'><strong>vulq.</strong></span> <span class='ocrx_word' id='word_1_983' title='bbox 2199 3393 2212 3436; x_wconf 85' lang='grc' dir='ltr'>Ι</span> <span class='ocrx_word' id='word_1_984' title='bbox 2245 3394 2282 3426; x_wconf 77' lang='lat'><strong>14</strong></span> <span class='ocrx_word' id='word_1_985' title='bbox 2304 3391 2460 3433; x_wconf 83' lang='lat' dir='ltr'><strong>quoniam</strong></span> 
     </span>
     <span class='ocr_line' id='line_1_74' title="bbox 244 3436 2460 3484; baseline -0.001 -10"><span class='ocrx_word' id='word_1_986' title='bbox 244 3441 363 3475; x_wconf 78' lang='lat' dir='ltr'><strong>Iulian.</strong></span> <span class='ocrx_word' id='word_1_987' title='bbox 378 3455 404 3476; x_wconf 85' lang='lat' dir='ltr'><strong>c.</strong></span> <span class='ocrx_word' id='word_1_988' title='bbox 415 3444 456 3477; x_wconf 80' lang='lat'><strong>47</strong></span> <span class='ocrx_word' id='word_1_989' title='bbox 472 3444 514 3476; x_wconf 81' lang='lat' dir='ltr'><strong>in.</strong></span> <span class='ocrx_word' id='word_1_990' title='bbox 530 3449 559 3475; x_wconf 86' lang='lat' dir='ltr'><strong>et</strong></span> <span class='ocrx_word' id='word_1_991' title='bbox 570 3453 672 3484; x_wconf 83' lang='lat' dir='ltr'><strong>supra</strong></span> <span class='ocrx_word' id='word_1_992' title='bbox 686 3442 804 3480; x_wconf 77' lang='lat' dir='ltr'><strong>255,1a</strong></span> <span class='ocrx_word' id='word_1_993' title='bbox 814 3451 856 3483; x_wconf 77' lang='lat' dir='ltr'><strong>sq.</strong></span> <span class='ocrx_word' id='word_1_994' title='bbox 873 3440 885 3484; x_wconf 78' lang='grc' dir='ltr'><strong>ΙΙ</strong></span> <span class='ocrx_word' id='word_1_995' title='bbox 906 3442 947 3474; x_wconf 87' lang='grc'><strong>14</strong></span> <span class='ocrx_word' id='word_1_996' title='bbox 962 3443 1022 3473; x_wconf 82' lang='grc' dir='ltr'><strong>καὶ</strong></span> <span class='ocrx_word' id='word_1_997' title='bbox 1033 3438 1192 3484; x_wconf 83' lang='grc' dir='ltr'><strong><em>μάλιστα</em></strong></span> <span class='ocrx_word' id='word_1_998' title='bbox 1203 3453 1262 3474; x_wconf 87' lang='lat' dir='ltr'><strong>om.</strong></span> <span class='ocrx_word' id='word_1_999' title='bbox 1276 3451 1296 3476; x_wconf 80' lang='grc' dir='ltr'><strong>ς·</strong></span> <span class='ocrx_word' id='word_1_1000' title='bbox 1309 3440 1319 3483; x_wconf 90' lang='grc' dir='ltr'><strong>ΙΙ</strong></span> <span class='ocrx_word' id='word_1_1001' title='bbox 1389 3453 1446 3472; x_wconf 82' lang='grc' dir='ltr'><strong><em>οιη.</em></strong></span> <span class='ocrx_word' id='word_1_1002' title='bbox 1470 3440 1526 3484; x_wconf 76' lang='lat' dir='ltr'><strong>Vll</strong></span> <span class='ocrx_word' id='word_1_1003' title='bbox 1555 3442 1594 3474; x_wconf 88' lang='lat'><strong>15</strong></span> <span class='ocrx_word' id='word_1_1004' title='bbox 1619 3443 1793 3474; x_wconf 83' lang='lat' dir='ltr'><strong>revocante</strong></span> <span class='ocrx_word' id='word_1_1005' title='bbox 1818 3440 1998 3473; x_wconf 77' lang='lat' dir='ltr'><strong>Heimbach</strong></span> <span class='ocrx_word' id='word_1_1006' title='bbox 2022 3439 2104 3473; x_wconf 81' lang='lat' dir='ltr'><strong>male</strong></span> <span class='ocrx_word' id='word_1_1007' title='bbox 2165 3436 2319 3470; x_wconf 72' lang='lat' dir='ltr'><strong>habioula</strong></span> <span class='ocrx_word' id='word_1_1008' title='bbox 2342 3440 2460 3479; x_wconf 83' lang='lat' dir='ltr'><strong>utpute</strong></span> 
     </span>
     <span class='ocr_line' id='line_1_75' title="bbox 247 3481 2462 3570; baseline -0.002 -51"><span class='ocrx_word' id='word_1_1009' title='bbox 247 3487 286 3519; x_wconf 85' lang='grc'><strong>19</strong></span> <span class='ocrx_word' id='word_1_1010' title='bbox 301 3485 431 3524; x_wconf 60' lang='grc' dir='ltr'><strong><em>ἐξίστω</em></strong></span> <span class='ocrx_word' id='word_1_1011' title='bbox 450 3489 575 3520; x_wconf 79' lang='grc' dir='ltr'><strong><em>τοίνυν</em></strong></span> <span class='ocrx_word' id='word_1_1012' title='bbox 594 3481 698 3532; x_wconf 77' lang='grc' dir='ltr'><strong><em>αὐτῇ]</em></strong></span> <span class='ocrx_word' id='word_1_1013' title='bbox 715 3485 815 3518; x_wconf 82' lang='lat' dir='ltr'><strong>liceat</strong></span> <span class='ocrx_word' id='word_1_1014' title='bbox 826 3485 932 3537; x_wconf 75' lang='lat' dir='ltr'><strong>igitur</strong></span> <span class='ocrx_word' id='word_1_1015' title='bbox 944 3496 1033 3518; x_wconf 91' lang='lat' dir='ltr'><strong>nunc</strong></span> <span class='ocrx_word' id='word_1_1016' title='bbox 1047 3498 1066 3522; x_wconf 82' lang='grc' dir='ltr'><em>ς</em></span> <span class='ocrx_word' id='word_1_1017' title='bbox 1082 3485 1093 3530; x_wconf 89' lang='grc' dir='ltr'><strong>ΙΙ</strong></span> <span class='ocrx_word' id='word_1_1018' title='bbox 1122 3487 1163 3520; x_wconf 84' lang='lat'><strong>23</strong></span> <span class='ocrx_word' id='word_1_1019' title='bbox 1172 3498 1220 3529; x_wconf 80' lang='lat' dir='ltr'><strong>sq.</strong></span> <span class='ocrx_word' id='word_1_1020' title='bbox 1234 3485 1319 3518; x_wconf 74' lang='grc' dir='ltr'><strong><em>ἐκεῖ·</em></strong></span> <span class='ocrx_word' id='word_1_1021' title='bbox 1397 3484 1460 3527; x_wconf 73' lang='lat' dir='ltr'><strong>Vfl</strong></span> <span class='ocrx_word' id='word_1_1022' title='bbox 1491 3487 1527 3519; x_wconf 85' lang='lat'><strong>17</strong></span> <span class='ocrx_word' id='word_1_1023' title='bbox 1554 3487 1598 3527; x_wconf 90' lang='lat' dir='ltr'><strong>et]</strong></span> <span class='ocrx_word' id='word_1_1024' title='bbox 1623 3487 1662 3518; x_wconf 92' lang='lat' dir='ltr'><strong>ut</strong></span> <span class='ocrx_word' id='word_1_1025' title='bbox 1694 3486 1729 3519; x_wconf 89' lang='lat' dir='ltr'><strong><em>V</em></strong></span> <span class='ocrx_word' id='word_1_1026' title='bbox 1750 3485 1763 3529; x_wconf 87' lang='grc' dir='ltr'><strong>ΙΙ</strong></span> <span class='ocrx_word' id='word_1_1027' title='bbox 1793 3486 1831 3519; x_wconf 81' lang='grc'><strong>21</strong></span> <span class='ocrx_word' id='word_1_1028' title='bbox 1859 3495 1968 3528; x_wconf 86' lang='lat' dir='ltr'><strong>poena</strong></span> <span class='ocrx_word' id='word_1_1029' title='bbox 1990 3496 2049 3518; x_wconf 86' lang='lat' dir='ltr'><strong>om.</strong></span> <span class='ocrx_word' id='word_1_1030' title='bbox 2071 3483 2106 3517; x_wconf 92' lang='lat' dir='ltr'><strong><em>V</em></strong></span> <span class='ocrx_word' id='word_1_1031' title='bbox 2166 3482 2209 3516; x_wconf 79' lang='lat'><strong>22</strong></span> <span class='ocrx_word' id='word_1_1032' title='bbox 2232 3491 2372 3531; x_wconf 81' lang='lat' dir='ltr'><strong>persona</strong></span> <span class='ocrx_word' id='word_1_1033' title='bbox 2394 3482 2426 3515; x_wconf 89' lang='lat' dir='ltr'><strong><em>V</em></strong></span> <span class='ocrx_word' id='word_1_1034' title='bbox 2449 3481 2462 3570; x_wconf 64' lang='grc' dir='ltr'><em>υ</em></span> 
     </span>
     <span class='ocr_line' id='line_1_76' title="bbox 246 3525 2423 3577; baseline -0.003 -13"><span class='ocrx_word' id='word_1_1035' title='bbox 246 3528 316 3562; x_wconf 74' lang='grc' dir='ltr'><strong>θεν</strong></span> <span class='ocrx_word' id='word_1_1036' title='bbox 340 3539 369 3561; x_wconf 77' lang='lat' dir='ltr'><strong>et</strong></span> <span class='ocrx_word' id='word_1_1037' title='bbox 389 3529 576 3565; x_wconf 80' lang='grc' dir='ltr'><strong><em>παντελῶς</em></strong></span> <span class='ocrx_word' id='word_1_1038' title='bbox 599 3544 657 3563; x_wconf 91' lang='lat' dir='ltr'><strong>om.</strong></span> <span class='ocrx_word' id='word_1_1039' title='bbox 672 3542 691 3567; x_wconf 78' lang='grc' dir='ltr'><strong><em>ς</em></strong></span> <span class='ocrx_word' id='word_1_1040' title='bbox 737 3531 778 3564; x_wconf 79' lang='grc'><strong>27</strong></span> <span class='ocrx_word' id='word_1_1041' title='bbox 794 3526 854 3564; x_wconf 82' lang='grc' dir='ltr'><strong>δια</strong></span> <span class='ocrx_word' id='word_1_1042' title='bbox 872 3530 934 3572; x_wconf 79' lang='grc' dir='ltr'><strong>τῆς</strong></span> <span class='ocrx_word' id='word_1_1043' title='bbox 954 3528 1170 3573; x_wconf 77' lang='grc' dir='ltr'><strong><em>ἐκποιήσεως</em></strong></span> <span class='ocrx_word' id='word_1_1044' title='bbox 1194 3543 1252 3564; x_wconf 89' lang='lat' dir='ltr'><strong>om.</strong></span> <span class='ocrx_word' id='word_1_1045' title='bbox 1266 3542 1286 3567; x_wconf 78' lang='grc' dir='ltr'><strong><em>ς</em></strong></span> <span class='ocrx_word' id='word_1_1046' title='bbox 1306 3529 1319 3575; x_wconf 85' lang='grc' dir='ltr'><strong>ΙΙ</strong></span> <span class='ocrx_word' id='word_1_1047' title='bbox 1389 3530 1430 3563; x_wconf 83' lang='grc'><strong>25</strong></span> <span class='ocrx_word' id='word_1_1048' title='bbox 1449 3529 1595 3572; x_wconf 75' lang='lat' dir='ltr'><strong>aliquam</strong></span> <span class='ocrx_word' id='word_1_1049' title='bbox 1616 3531 1679 3564; x_wconf 78' lang='lat' dir='ltr'><strong>VT</strong></span> <span class='ocrx_word' id='word_1_1050' title='bbox 1692 3529 1706 3575; x_wconf 86' lang='grc' dir='ltr'><strong>ΙΙ</strong></span> <span class='ocrx_word' id='word_1_1051' title='bbox 1721 3532 1754 3564; x_wconf 86' lang='lat' dir='ltr'><strong>et</strong></span> <span class='ocrx_word' id='word_1_1052' title='bbox 1772 3530 1923 3564; x_wconf 80' lang='lat' dir='ltr'><strong>merserit</strong></span> <span class='ocrx_word' id='word_1_1053' title='bbox 1944 3529 1998 3572; x_wconf 73' lang='lat' dir='ltr'><strong>V!</strong></span> <span class='ocrx_word' id='word_1_1054' title='bbox 2017 3530 2060 3563; x_wconf 91' lang='grc'>30</span> <span class='ocrx_word' id='word_1_1055' title='bbox 2077 3525 2317 3577; x_wconf 71' lang='lat' dir='ltr'><strong>successoribus</strong></span> <span class='ocrx_word' id='word_1_1056' title='bbox 2338 3527 2394 3559; x_wconf 81' lang='lat' dir='ltr'><strong>vul</strong></span> <span class='ocrx_word' id='word_1_1057' title='bbox 2416 3551 2423 3558; x_wconf 90' lang='lat'>.</span> 
     </span>
     <span class='ocr_line' id='line_1_77' title="bbox 246 3570 2459 3620; baseline -0.002 -11"><span class='ocrx_word' id='word_1_1058' title='bbox 246 3576 285 3609; x_wconf 86' lang='grc'><strong>31</strong></span> <span class='ocrx_word' id='word_1_1059' title='bbox 304 3571 495 3617; x_wconf 81' lang='grc' dir='ltr'><strong><em>διαδόχων]</em></strong></span> <span class='ocrx_word' id='word_1_1060' title='bbox 519 3576 716 3610; x_wconf 77' lang='lat' dir='ltr'><strong>successioni</strong></span> <span class='ocrx_word' id='word_1_1061' title='bbox 741 3586 778 3608; x_wconf 88' lang='lat' dir='ltr'><strong>us</strong></span> <span class='ocrx_word' id='word_1_1062' title='bbox 803 3577 837 3615; x_wconf 76' lang='lat' dir='ltr'><strong>(i.</strong></span> <span class='ocrx_word' id='word_1_1063' title='bbox 852 3588 878 3610; x_wconf 84' lang='lat' dir='ltr'><strong>e.</strong></span> <span class='ocrx_word' id='word_1_1064' title='bbox 902 3573 1095 3619; x_wconf 81' lang='grc' dir='ltr'><strong><em>διαδοχῶν)</em></strong></span> <span class='ocrx_word' id='word_1_1065' title='bbox 1114 3588 1134 3613; x_wconf 79' lang='grc' dir='ltr'><em>ς</em></span> <span class='ocrx_word' id='word_1_1066' title='bbox 1388 3575 1429 3608; x_wconf 84' lang='grc'><strong>32</strong></span> <span class='ocrx_word' id='word_1_1067' title='bbox 1455 3578 1536 3608; x_wconf 84' lang='lat' dir='ltr'><strong>esset</strong></span> <span class='ocrx_word' id='word_1_1068' title='bbox 1560 3576 1645 3620; x_wconf 74' lang='lat' dir='ltr'><strong>vulq.</strong></span> <span class='ocrx_word' id='word_1_1069' title='bbox 1675 3575 1688 3619; x_wconf 90' lang='grc' dir='ltr'><strong>ΙΙ</strong></span> <span class='ocrx_word' id='word_1_1070' title='bbox 1716 3577 1759 3611; x_wconf 85' lang='grc'><strong>33</strong></span> <span class='ocrx_word' id='word_1_1071' title='bbox 1780 3575 1917 3617; x_wconf 79' lang='lat' dir='ltr'><strong>aliquod</strong></span> <span class='ocrx_word' id='word_1_1072' title='bbox 1939 3574 2021 3607; x_wconf 61' lang='lat' dir='ltr'><strong>Vota</strong></span> <span class='ocrx_word' id='word_1_1073' title='bbox 2051 3571 2065 3617; x_wconf 85' lang='grc' dir='ltr'>Ι</span> <span class='ocrx_word' id='word_1_1074' title='bbox 2090 3571 2134 3606; x_wconf 83' lang='grc'><strong>38</strong></span> <span class='ocrx_word' id='word_1_1075' title='bbox 2156 3570 2381 3603; x_wconf 68' lang='lat' dir='ltr'><strong>alienantibus</strong></span> <span class='ocrx_word' id='word_1_1076' title='bbox 2404 3583 2459 3604; x_wconf 75' lang='lat' dir='ltr'><strong>ex-</strong></span> 
     </span>
     <span class='ocr_line' id='line_1_78' title="bbox 1386 3615 2464 3664; baseline -0.003 -13"><span class='ocrx_word' id='word_1_1077' title='bbox 1386 3619 1551 3653; x_wconf 83' lang='lat' dir='ltr'><strong>stantibus</strong></span> <span class='ocrx_word' id='word_1_1078' title='bbox 1584 3621 1636 3654; x_wconf 77' lang='lat' dir='ltr'><strong>V⁰</strong></span> <span class='ocrx_word' id='word_1_1079' title='bbox 1671 3621 1684 3664; x_wconf 74' lang='grc' dir='ltr'><strong>ΙΙ</strong></span> <span class='ocrx_word' id='word_1_1080' title='bbox 1719 3622 1762 3655; x_wconf 85' lang='grc'><strong>41</strong></span> <span class='ocrx_word' id='word_1_1081' title='bbox 1789 3630 1828 3653; x_wconf 85' lang='lat' dir='ltr'><strong>ex</strong></span> <span class='ocrx_word' id='word_1_1082' title='bbox 1852 3617 2053 3658; x_wconf 81' lang='lat' dir='ltr'><strong>venditione]</strong></span> <span class='ocrx_word' id='word_1_1083' title='bbox 2090 3617 2124 3648; x_wconf 83' lang='lat' dir='ltr'><strong>et</strong></span> <span class='ocrx_word' id='word_1_1084' title='bbox 2147 3624 2186 3648; x_wconf 84' lang='lat' dir='ltr'><strong>ex</strong></span> <span class='ocrx_word' id='word_1_1085' title='bbox 2209 3615 2405 3649; x_wconf 87' lang='lat' dir='ltr'><strong>uenditione</strong></span> <span class='ocrx_word' id='word_1_1086' title='bbox 2437 3618 2464 3648; x_wconf 91' lang='lat' dir='ltr'><strong><em>V</em></strong></span> 
     </span>
     <span class='ocr_line' id='line_1_79' title="bbox 1386 3659 2458 3708; baseline -0.002 -11"><span class='ocrx_word' id='word_1_1087' title='bbox 1386 3665 1469 3707; x_wconf 74' lang='lat' dir='ltr'><strong>vulq.</strong></span> <span class='ocrx_word' id='word_1_1088' title='bbox 1490 3664 1501 3708; x_wconf 88' lang='grc' dir='ltr'><strong>ΙΙ</strong></span> <span class='ocrx_word' id='word_1_1089' title='bbox 1525 3667 1567 3699; x_wconf 83' lang='grc'><strong>42</strong></span> <span class='ocrx_word' id='word_1_1090' title='bbox 1588 3665 1822 3706; x_wconf 84' lang='lat' dir='ltr'><strong>transactione]</strong></span> <span class='ocrx_word' id='word_1_1091' title='bbox 1845 3665 1881 3696; x_wconf 88' lang='lat' dir='ltr'><strong>in</strong></span> <span class='ocrx_word' id='word_1_1092' title='bbox 1897 3659 2150 3696; x_wconf 72' lang='lat' dir='ltr'><strong>transactionem</strong></span> <span class='ocrx_word' id='word_1_1093' title='bbox 2170 3660 2255 3704; x_wconf 68' lang='lat' dir='ltr'><strong>vulg.</strong></span> <span class='ocrx_word' id='word_1_1094' title='bbox 2272 3659 2285 3705; x_wconf 81' lang='grc' dir='ltr'>Ι</span> <span class='ocrx_word' id='word_1_1095' title='bbox 2311 3662 2353 3695; x_wconf 83' lang='grc'><strong>43</strong></span> <span class='ocrx_word' id='word_1_1096' title='bbox 2372 3661 2458 3696; x_wconf 83' lang='lat' dir='ltr'><strong>redi-</strong></span> 
     </span>
     <span class='ocr_line' id='line_1_80' title="bbox 291 3707 1790 3755; baseline -0.001 -11"><span class='ocrx_word' id='word_1_1097' title='bbox 291 3710 311 3744; x_wconf 84' lang='lat'>3</span> <span class='ocrx_word' id='word_1_1098' title='bbox 327 3709 560 3743; x_wconf 79' lang='lat' dir='ltr'><strong>resurrectioni</strong></span> <span class='ocrx_word' id='word_1_1099' title='bbox 576 3710 623 3750; x_wconf 84' lang='lat' dir='ltr'><strong>T]</strong></span> <span class='ocrx_word' id='word_1_1100' title='bbox 642 3710 893 3745; x_wconf 81' lang='lat' dir='ltr'><strong>resurrectionis</strong></span> <span class='ocrx_word' id='word_1_1101' title='bbox 911 3710 992 3745; x_wconf 79' lang='lat' dir='ltr'><strong>Vae.</strong></span> <span class='ocrx_word' id='word_1_1102' title='bbox 1011 3709 1025 3755; x_wconf 79' lang='grc' dir='ltr'>Ι</span> <span class='ocrx_word' id='word_1_1103' title='bbox 1041 3712 1060 3745; x_wconf 83' lang='grc'>5</span> <span class='ocrx_word' id='word_1_1104' title='bbox 1075 3711 1135 3755; x_wconf 75' lang='lat' dir='ltr'><strong>leq.</strong></span> <span class='ocrx_word' id='word_1_1105' title='bbox 1149 3709 1287 3743; x_wconf 69' lang='lat' dir='ltr'><strong>tenere?</strong></span> <span class='ocrx_word' id='word_1_1106' title='bbox 1305 3707 1318 3754; x_wconf 90' lang='grc' dir='ltr'><strong>ΙΙ</strong></span> <span class='ocrx_word' id='word_1_1107' title='bbox 1385 3711 1439 3742; x_wconf 86' lang='lat' dir='ltr'><strong>tus</strong></span> <span class='ocrx_word' id='word_1_1108' title='bbox 1463 3711 1506 3751; x_wconf 91' lang='lat' dir='ltr'><strong>V]</strong></span> <span class='ocrx_word' id='word_1_1109' title='bbox 1537 3710 1682 3744; x_wconf 83' lang='lat' dir='ltr'><strong>creditus</strong></span> <span class='ocrx_word' id='word_1_1110' title='bbox 1706 3710 1740 3743; x_wconf 86' lang='grc' dir='ltr'><em>Τ</em></span> <span class='ocrx_word' id='word_1_1111' title='bbox 1746 3710 1790 3743; x_wconf 83' lang='lat' dir='ltr'><strong>al.</strong></span> 
     </span>
    </p>
   </div>
  </div>
 </body>
</html>
