2618 4010
280 120 387 164 Nov.
408 120 547 164 XLIX
577 134 638 175 pr.
1353 119 1434 166 288
1855 136 1916 168 DE
1943 135 2017 168 ms
2045 137 2123 175 Qm
2151 133 2490 167 INGREDIUN'I'UB

781 257 848 301 ἢ
1795 267 1925 304 xmx.
1972 266 2370 305 Auth.LV111.cou.v
2381 265 2436 303 tit.
2449 269 2487 302 11

327 331 506 384 ΠΕΡΙ
531 330 680 386 ΤΩΝ
705 332 1108 387 ΕΙΣΙΟΝΤῼΝ
1137 332 1296 385 ΤΗΝ
1414 335 1570 384 RDE
1585 333 1699 384 HIS
1721 335 1842 394 QUI
1856 335 2383 387 INGREDIUNTUR
2397 334 2490 384 AD

278 398 706 452 EKKAHTON
742 400 947 454 ΒΕΩΝ·
992 399 1131 451 ΚΑΙ
1168 399 1351 453 ΠΕΡΙ
1420 400 2011 462 APPELLATIONEM,
2063 404 2155 453 ET
2206 402 2491 462 QUANDO

277 464 719 520 ΙΔΙΟΧΕΙΡῼΝ
761 466 1352 521 ΠΡΟΚΟΜΙΖΟΜΕ-
1419 468 1551 518 PER
1593 467 2025 519 SORIPTURAM
2067 469 2299 520 MANUS
2344 468 2493 519 PRO-

277 531 436 584 ΝῼΝ
464 532 619 586 YIIO
648 534 792 587 ΤΟΥ
823 533 1353 587 ENAPOMENOY·
1391 534 1630 585 5PRIAE
1676 535 1838 585 FIAT
1882 534 2225 587 OOLLATIO
2267 538 2493 586 LITTE-

277 598 417 652 ΚΑΙ
468 599 648 652 ΠΕΡΙ
701 601 847 655 ΤΟΥ
904 600 1153 654 OPKOY
1208 600 1355 653 ΤΗΣ
1423 602 1688 663 RARUM,
1733 604 1824 652 ET
1866 604 1959 652 DE
2004 603 2491 653 IUREIURANDO

276 665 775 725 ῩΠΕΡΘΕΣΕῼΣ,
810 667 993 721 ῼΣΤΕ
1022 666 1162 720 ΚΑΙ
1190 667 1354 720 ΣΥΝ-
1424 669 1818 719 DILATIONIS
1868 670 1962 719 UT
2005 668 2493 721 CONTUNGATUR

276 733 680 787 ΑΠΤΕΣΘΑΙ
723 734 981 789 AYTON
1030 733 1167 786 ΤῼΙ
1210 734 1356 787 ΤΗΣ
1481 736 1934 789 IURIIURANDO
1969 735 2361 788 GALUMNIAE
2386 738 2438 787 R

276 802 646 861 CALUMNIA2‚
683 801 815 856 INA
851 802 1056 856 ΑΠΑΞ
1086 800 1356 855 MONON

277 869 480 923 YHEP
526 869 794 922 ΠΑΣΗΣ
844 867 1412 923 ΑΠΟΔΕΙΞΕῼΣιο

612 935 1019 991 OMNYOITO.

275 1013 312 1051 Ὁ
331 1012 436 1050 αὐτὸς
455 1012 622 1068 puell-eus
646 1008 798 1069 ἰΙωΙάννῃ
817 1012 961 1059 ἐπάρχῳ
983 1018 1219 1060 πραιτωρίιυν
1242 1014 1283 1050 τὸ
1301 1014 1351 1060 β’,

601 1058 608 1066 ,
1518 1016 1607 1062 Imp.
1628 1015 1847 1052 lastinianus
1866 1017 1957 1061 Aug.
1976 1015 2127 1052 Iohanni
2145 1026 2207 1063 pp.
2226 1016 2395 1054 secundo.

541 1071 613 1093 απο
637 1071 790 1094 υπατων
813 1061 872 1093 καὶ
897 1062 1088 1104 πατρικίῳ.

318 1125 620 1173 (Προοίμιον.)
671 1125 716 1161 Τὸ
740 1124 892 1174 ῥευστὸν
915 1124 960 1169 δὴ
981 1127 1088 1160 τοῦτο
1117 1129 1178 1160 καὶ
1201 1125 1350 1173 ἆνθρώ-
1463 1128 1749 1174 (Praefatio.)
1791 1128 1956 1164 Volubile
1979 1130 2048 1164 hoc
2072 1131 2109 1164 et
2126 1128 2320 1164 humanum
2342 1130 2379 1163 et
2399 1129 2493 1181 quod

274 1184 383 1207 πινον
405 1174 465 1205 καὶ
486 1173 608 1216 μένειν
638 1172 699 1206 ἐπὶ
719 1168 853 1206 ταύτοῦ
876 1169 1118 1216 μηδεπώποτε
1141 1170 1350 1217 δυνάμενον,
1367 1176 1405 1208 15
1419 1183 1562 1209 manere
1596 1174 1633 1209 in
1663 1173 1756 1209 idem
1786 1183 1978 1219 numquam
2008 1174 2148 1217 valenS,
2187 1173 2250 1209 sed
2279 1172 2321 1208 fit
2355 1173 2493 1218 quidem

274 1215 362 1251 ἀλλὰ
408 1213 576 1261 ινόμενον
605 1218 672 1260 μὲν
695 1213 750 1250 ἀεὶ
771 1219 882 1261 με’νον
913 1215 954 1250 δὲ
974 1214 1157 1258 οὐδέποτε,
1191 1220 1250 1251 καὶ
1273 1221 1351 1253 ταῖς
1419 1229 1567 1264 semper,
1599 1228 1745 1254 manens
1769 1222 1888 1254 autem
1912 1228 2121 1263 numquam,
2154 1222 2191 1254 et
2212 1218 2494 1262 legislationibus

274 1275 363 1306 νομο
396 1265 506 1296 solans
529 1260 656 1309 εἶςάγει
679 1260 762 1296 τινὰ
785 1260 957 1306 ταραχήν,
981 1264 1041 1295 καὶ
1061 1260 1103 1296 τὸ
1120 1260 1232 1303 δόξαν
1255 1264 1350 1305 ἔχειν
1418 1263 1613 1299 introducit
1642 1263 1794 1309 aliquem
1824 1263 2024 1307 tumultum,
2058 1267 2094 1298 et
2122 1273 2213 1308 quae
2243 1263 2407 1298 videntur
2429 1263 2492 1298 ha-

274 1307 399 1352 ὀρθῶε
433 1309 493 1340 καὶ
524 1307 564 1340 ἐν
586 1310 726 1351 βεβαίῳ
763 1307 909 1345 κεῖσθαι
944 1304 1072 1341 δοκοῦν
1106 1310 1165 1340 καὶ
1196 1308 1241 1354 τῇ
1272 1309 1350 1342 τῶν
1418 1309 1503 1344 bere
1534 1318 1573 1344 se
1595 1310 1694 1344 recte
1725 1310 1761 1344 et
1790 1308 1891 1344 firme
1921 1308 2038 1361 posita
2060 1308 2273 1351 iudicantur,
2306 1308 2369 1344 sed
2393 1311 2428 1344 et
2450 1318 2494 1343 ea

273 1349 436 1398 ἀκριβῶν
458 1350 761 1397 κατασφαλισθὲν
783 1351 1028 1398 παρατηρήσει
1051 1350 1219 1387 πολλάκις
1238 1354 1349 1396 &utaen-
1419 1363 1511 1397 quae
1541 1353 1723 1389 subtilium
1755 1353 2000 1389 observatione
2024 1358 2131 1389 cauta
2159 1357 2255 1398 sunt,
2286 1353 2494 1399 plerumque

273 1409 337 1430 σεν
353 1393 375 1439 ἡ
391 1398 469 1430 τῶν
488 1395 772 1441 ἐπισυμβάντων
790 1395 951 1431 ποικιλία
970 1394 1206 1443 πραγμάτων.
1234 1396 1350 1442 Ἶσμεν
1364 1400 1405 1432 20
1418 1398 1575 1433 turbavit
1615 1398 1867 1442 emergentium
1903 1398 2054 1433 varietas
2094 1408 2296 1434 causarum.
2356 1398 2493 1434 Scimus

272 1440 341 1488 γὰρ
372 1439 419 1476 ὠς
450 1440 579 1487 πρώην
610 1441 938 1487 ἐπηνωρθώσαμεν
972 1441 1014 1475 τὸ
1049 1443 1167 1476 κακῶς
1201 1444 1260 1476 καὶ
1293 1441 1350 1476 δο-
1419 1443 1522 1485 enim,
1557 1443 1640 1488 quia
1663 1442 1796 1477 dudum
1821 1442 2038 1478 correximus
2071 1442 2166 1487 quod
2190 1443 2281 1478 male
2314 1446 2350 1478 et
2372 1443 2494 1479 dolose

274 1487 384 1532 λερῶς
407 1489 488 1531 περὶ
511 1486 574 1520 τὰς
598 1488 733 1532 ἐφέσεις
759 1483 962 1534 γινόμενον,
993 1482 1051 1520 ὅτι
1072 1483 1174 1530 μόνῳ
1205 1488 1259 1530 τῷ
1284 1486 1350 1530 τὴν
1420 1488 1515 1523 circa
1534 1487 1792 1533 appellationes
1812 1488 1995 1532 agebatur,
2009 1488 2102 1532 ‘quia
2121 1489 2192 1523 hoc
2212 1489 2300 1530 solo,
2319 1492 2360 1523 ut
2376 1488 2492 1532 cogni-

272 1529 455 1566 ὑπόθεσιν
485 1532 680 1578 εἰςαγαγεῖν
710 1531 758 1565 εἰς
789 1529 1019 1577 δικαστήριον
1053 1530 1089 1565 οἱ
1119 1532 1261 1577 ἐφέντες
1289 1529 1348 1578 ἄρ·
1419 1533 1550 1568 tionem
1573 1533 1843 1568 introducerent
1870 1532 1908 1567 in
1931 1532 2119 1574 iudicium,
2154 1532 2375 1577 appellantes
2409 1543 2492 1568 con-

272 1575 436 1620 κοίνμενοι
467 1579 526 1609 καὶ
549 1575 618 1619 τὴν
648 1577 711 1610 τοῦ
735 1575 926 1623 προςώπου
956 1574 1191 1621 ποιησάμενοι
1221 1574 1350 1611 στάσιν
1419 1578 1507 1613 tenti
1540 1581 1576 1613 et
1606 1588 1795 1623 personam
1825 1577 1998 1613 facientes
2026 1577 2162 1612 firmam
2198 1581 2261 1612 aut
2292 1588 2356 1623 per
2389 1588 2493 1613 unam

273 1619 295 1664 ἢ
318 1619 409 1655 κατὰ
431 1624 521 1664 μίαν
543 1624 674 1666 μοῖραν
706 1619 727 1664 ἢ
758 1624 818 1654 καὶ
841 1619 934 1655 κατὰ
966 1619 1164 1666 διάγνωσιν
1189 1619 1347 1668 (ἀδιάφο-
1365 1625 1404 1658 25
1419 1626 1555 1667 partem
1586 1626 1651 1658 aut
1673 1623 1780 1658 etiam
1812 1633 1876 1668 per
1900 1621 2134 1666 cognitionem
2165 1622 2248 1666 (hoc
2271 1622 2364 1658 enim
2386 1622 2493 1658 indif-

274 1679 339 1711 ρον
367 1664 435 1711 γὰρ
465 1664 510 1708 δὴ
534 1667 653 1708 τοῦτο)
684 1665 952 1720 κατελίμπανον
976 1665 1043 1709 τὴν
1066 1663 1258 1708 ὑπόθεσιν,
1290 1670 1350 1700 καὶ
1417 1668 1536 1704 ferens
1559 1670 1638 1711 est),
1675 1667 1924 1712 relinquebant
1948 1677 2103 1711 causam,
2137 1670 2172 1703 et
2194 1667 2321 1703 victori
2352 1668 2493 1703 omnino

272 1711 326 1754 τῷ
357 1723 398 1757 γε
430 1709 631 1754 νενικηκότι
665 1715 848 1745 παντοίως
882 1724 926 1753 ην
955 1707 1184 1751 ἆδιεξόὸευτα
1214 1711 1260 1745 τὰ
1289 1712 1350 1755 τῆς
1418 1716 1496 1748 erat
1530 1712 1789 1757 inexplicabilis
1825 1712 1975 1748 victoria
2016 1723 2087 1748 non
2122 1712 2254 1748 valenti
2290 1722 2402 1758 neque
2437 1712 2493 1747 his

272 1760 379 1799 νίκης,
403 1754 454 1800 μὴ
476 1753 664 1799 δυναμένῳ
687 1754 778 1800 μήτε
801 1757 879 1790 τῶν
903 1758 1121 1802 κεκριμένων
1145 1755 1349 1791 ἀπολαῦσαι
1419 1767 1509 1802 quae
1539 1762 1643 1793 erant
1673 1757 1831 1793 iudicata
1861 1757 1932 1792 frui
1963 1759 2110 1802 propter
2133 1757 2408 1802 appellationem
2432 1768 2493 1793 ne-

273 1799 333 1834 ὃιὰ
356 1798 424 1844 τὴν
446 1803 571 1846 ἔφεσιν
600 1799 688 1845 μήτε
717 1799 784 1844 τὴν
812 1802 937 1846 ἔφεσιν
967 1801 1210 1844 ἐξετασθῆναι
1233 1814 1348 1847 παρα·
1419 1813 1487 1847 que
1515 1802 1791 1848 appellationem
1822 1802 2017 1838 examinari
2051 1812 2158 1847 posse
2215 1805 2336 1848 ropter
2365 1803 2493 1838 absen-

271 1848 293 1881 1
347 1845 518 1880 σκευάσαι
541 1843 602 1879 διὰ
625 1844 691 1889 τὴν
715 1843 895 1880 ἀπουσίαν
917 1846 980 1879 τοῦ
1005 1847 1159 1891 ἐφέντος.
1232 1849 1349 1880 Ταῦτα
1363 1849 1404 1881 30
1418 1850 1439 1883 1
1492 1847 1577 1882 tiam
1608 1848 1831 1892 appellantis.
1901 1847 2001 1882 Haec
2032 1857 2098 1882 nos
2131 1846 2178 1882 du
2205 1858 2265 1882 um
2293 1848 2494 1883 sancientes

271 1891 368 1934 ἡμεῖς
387 1888 517 1946 πρώην
537 1889 850 1935 νομοθετήσαντες
870 1890 1207 1935 ἐπηνωρθώσαμεν,
1232 1892 1347 1925 ἐνιαυ·
1420 1893 1645 1934 correximus,
1670 1902 1803 1927 annum
1822 1891 1964 1937 quidem
1986 1892 2199 1936 deputantes
2220 1892 2495 1945 appellationem

271 1934 337 1970 τὸν
358 1937 426 1980 μὲν
445 1935 615 1976 ταξαντες
638 1936 691 1979 τῷ
716 1933 784 1979 τὴν
806 1937 930 1981 ἔφεσιν
954 1933 1129 1978 ἐπιδόντι,
1153 1936 1224 1970 εἴτε
1249 1933 1347 1979 αὐτῷ
1418 1937 1590 1981 offerenti,
1615 1937 1687 1973 sive
1707 1936 1777 1982 ipsi
1798 1937 1992 1973 secundum
2011 1947 2049 1973 se
2068 1937 2279 1982 ingredienti
2300 1937 2374 1974 sive
2394 1948 2488 1974 com-

317 2028 402 2062 Nov.
427 2028 562 2061 XLIX
590 2028 752 2066 (Anthent.
776 2027 908 2060 LVIII
938 2042 982 2055 ==
1019 2027 1099 2060 0011.
1121 2028 1155 2060 V
1173 2029 1218 2061 tit.
1241 2029 1299 2061 11:
1329 2029 1443 2070 yloss.)
1478 2029 1603 2064 Graece
1633 2036 1720 2063 extat
1750 2030 1784 2062 in
1816 2029 1906 2070 ML,
1938 2029 2012 2061 inde
2044 2041 2063 2061 a
2085 2041 2138 2072 pr.
2161 2028 2214 2072 §1
2243 2030 2275 2062 in
2299 2029 2335 2062 B
2358 2029 2494 2062 diversis

273 2073 363 2106 Iocis.
386 2091 429 2097 —-
452 2072 543 2115 Epit.
559 2072 679 2105 Theod.
694 2073 750 2113 49,
779 2072 900 2104 Athon.
917 2074 948 2113 7,
961 2079 988 2105 3.
1035 2072 1157 2105 Iulian.
1183 2079 1280 2106 const.
1295 2073 1435 2107 XLIV.

314 2131 366 2162 pr.
393 2117 414 2161 5
439 2119 466 2151 1.
485 2118 505 2150 2
529 2124 559 2150 et
581 2117 692 2160 cap-I
712 2123 800 2150 extat
823 2116 861 2150 B
884 2118 916 2158 9,
941 2123 969 2158 2,
994 2124 1021 2150 4.

316 2164 368 2205 §1
395 2165 439 2206 cs.
462 2157 587 2195 Ῥοπαί
608 2163 663 2202 25,
687 2169 730 2196 17.

1317 2282 1454 2318 XLIX.

569 2350 671 2401 DE
700 2349 874 2400 REIS
908 2349 1034 2410 QUI
1061 2349 1667 2401 APPELLATIONEM
1694 2350 2198 2402 INTERPONUNT.

272 2419 366 2470 ET
395 2417 495 2469 DE
518 2416 1051 2469 CHJROGRAPHJS
1081 2417 1126 2467 A
1157 2417 1299 2469 REO
1327 2417 1684 2468 PROLATIS.
1749 2417 1843 2468 ET
1870 2417 1972 2468 DE
2002 2417 2496 2470 IUREIURANDO

273 2485 699 2537 DILATIONIS
725 2485 811 2535 UT
832 2484 1185 2535 IUNGATIJR
1219 2484 1361 2535 CUM
1382 2484 1878 2536 IUREIURANDO
1905 2485 2330 2550 CALUMNIAE,
2365 2485 2496 2547 QUO

485 2552 725 2604 SEMEL
758 2551 1042 2603 TANTUM
1074 2552 1213 2603 PRO
1253 2552 1443 2603 OMNI
1471 2551 1929 2603 PROBATIONE
1958 2552 2280 2604 IURETIJR.

625 2630 726 2667 Idem
746 2632 934 2678 Auqustus
954 2630 1111 2667 Iohanni
1123 2631 1320 2678 praefecto
1335 2631 1530 2678 praetorio
1551 2630 1691 2674 iterum,
1716 2630 1909 2667 exconsuli
1925 2635 1960 2668 et
1978 2631 2147 2678 patricio.

410 2699 675 2745 Praefatio.
730 2698 899 2734 Volubilis
924 2697 990 2733 illa
1021 2702 1130 2744 atque
1153 2697 1312 2734 bumana
1336 2698 1513 2741 condicio,
1547 2708 1641 2744 quae
1663 2709 1808 2733 manere
1839 2699 1875 2733 in
1898 2697 2021 2734 eodem
2053 2708 2247 2744 numquam
2268 2702 2397 2745 potest,
2432 2699 2497 2734 sed

274 2757 347 2782 sem
374 2757 415 2781 er
437 2744 580 2791 quidem
600 2744 656 2789 fit,
680 2754 875 2790 numquam
896 2753 979 2779 vero
999 2747 1129 2786 manet,
1155 2743 1375 2790 legislationi
1399 2754 1542 2790 quoque
1567 2742 1691 2778 turbas
1714 2743 1858 2788 aliquas
1877 2743 1998 2788 affert,
2023 2746 2059 2779 et
2075 2742 2175 2788 quod
2193 2743 2307 2779 visum
2327 2747 2380 2778 est
2399 2748 2496 2779 recte

274 2802 313 2827 se
355 2790 461 2826 abere
479 2794 515 2825 et
531 2788 671 2825 videtur
687 2788 725 2823 in
742 2792 817 2824 tuto
837 2788 1051 2823 collocatum
1070 2791 1178 2834 atque
1196 2794 1370 2825 accurata
1387 2788 1633 2825 observatione
1652 2788 1826 2823 munitum
1846 2792 1909 2831 est,
1929 2788 1968 2823 id
1986 2799 2096 2835 saepe
2113 2788 2224 2823 movit
2240 2788 2495 2833 emerqentium

277 2846 468 2872 causarum
493 2835 659 2870 varietas.
706 2832 847 2868 Scimus
869 2834 964 2868 enim
988 2844 1055 2868 nos
1078 2832 1213 2868 dudum
1245 2834 1345 2887 quod
1367 2834 1460 2869 male
1483 2837 1519 2869 et
1541 2832 1666 2868 dolose
1688 2833 1726 2867 in
1750 2833 2057 2879 appellationibus
2081 2832 2256 2879 aqebatur
2279 2832 2495 2875 emendasse,

277 2892 357 2917 cum
387 2880 451 2927 qui
481 2878 727 2932 appellassent
755 2889 798 2913 eo
827 2878 908 2925 t'JJso
941 2877 1039 2924 quod
1069 2888 1216 2914 causam
1246 2890 1283 2914 ιη
1312 2878 1484 2915 iudicium
1514 2877 1806 2913 introduxissent
1833 2878 1992 2914 contenti
2022 2882 2058 2914 et
2083 2878 2295 2924 praesentia
2316 2888 2496 2923 personae

271 2925 454 2974 praestita
483 2935 558 2960 sive
587 2934 636 2959 ex
658 2935 731 2958 una
751 2929 862 2969 parte
883 2924 958 2959 sive
980 2924 1087 2959 etiam
1111 2923 1405 2969 cognitionaliter
1428 2922 1480 2963 (id
1502 2923 1595 2958 enim
1616 2922 1769 2969 perinde
1791 2926 1857 2966 est)
1887 2933 2034 2958 causam
2057 2922 2270 2963 desererent,
2302 2927 2337 2957 et
2369 2922 2496 2958 victori

278 2970 424 3006 omnino
449 2980 521 3004 non
539 2969 659 3004 liceret
684 2968 733 3003 ad
750 2968 915 3013 effectum
933 2967 1133 3015 perducere
1153 2969 1352 3011 victoriam,
1377 2968 1439 3014 qui
1459 2978 1573 3013 neque
1596 2967 1765 3003 iudicatis
1782 2968 1865 3014 frui
1878 2979 1953 3014 pro
1983 2971 2037 3003 ter
2062 2966 2340 3013 appellationem
2401 2972 2495 3002 osset

277 3018 295 3052 1
343 3026 459 3061 neque
482 3019 522 3050 ut
545 3025 592 3059 ap
620 3013 743 3048 ellatio
768 3015 1042 3048 examinaretur
1064 3014 1211 3058 efficere
1235 3018 1393 3060 propter
1416 3013 1612 3048 absentiam
1641 3013 1719 3048 eius
1741 3013 1804 3063 qui
1827 2979 2055 3063 appellgsset.
2081 3056 2089 3063 ·
2146 3011 2250 3046 Haec
2272 3022 2339 3046 nos
2388 3011 2496 3047 udum

279 3061 354 3096 lata
378 3060 455 3106 leye
478 3025 741 3094 emencllwimus
770 3068 868 3093 anno
901 3057 1043 3103 quidem
1068 3059 1263 3094 constituto
1296 3059 1331 3093 ei
1358 3058 1421 3103 qui
1443 3057 1724 3104 appellationem
1755 3061 2025 3103 interposuerat,
2056 3067 2130 3092 swe
2153 3057 2230 3102 ipse
2260 3056 2362 3091 solus
2384 3057 2496 3092 intra—

324 3152 445 3184 2rubr.
469 3151 558 3193 Περὶ
582 3147 749 3190 έκκλήτου
773 3150 833 3182 καὶ
857 3149 939 3191 περὶ
964 3145 1165 3193 ἰδιοχείρων
1188 3149 1246 3180 καὶ
1271 3150 1353 3192 περὶ
1472 3151 1547 3190 lsq.
1576 3147 1614 3193 [ξι
1638 3147 1775 3180 LVIII·
1800 3148 1832 3181 V
1850 3147 1862 3191 ΙΙ
1887 3149 1906 3181 3
1929 3147 2071 3189 quando]
2097 3147 2278 3189 quoniam?
2291 3147 2340 3180 Β*
2355 3150 2368 3191 ss
2395 3150 2415 3182 4
2436 3157 2495 3190 per

280 3192 384 3240 3ρκου
396 3191 626 3240 ὑπερθέσεως
640 3195 759 3227 Theod.
777 3193 783 3236 Ι
809 3195 828 3227 3
843 3193 937 3237 ῥέων
952 3194 1039 3234 libri]
1061 3206 1118 3227 om.
1134 3205 1164 3235 ς,
1184 3193 1262 3226 τῶν
1274 3193 1352 3225 ένα-

280 3239 658 3326 ιῑςῑιτνεᾰᾰέὲῆέ
677 3234 1354 3327 insufflatexsistis:

281 3330 431 3363 lumnlac
454 3330 486 3363 L
563 3330 601 3363 11
630 3325 819 3372 ὀμνύοιντο
843 3328 875 3361 L
908 3328 921 3368 ΙΙ
960 3329 1001 3362 12
1030 3339 1174 3373 πραιτω
1199 3330 1244 3361 lm
1266 3327 1298 3361 L
1344 3326 1356 3370 ΙΙ

285 3377 325 3408 15
349 3371 494 3415 ταύτοῦ]
529 3373 594 3407 ’τοῦ
625 3369 756 3406 ahvaz?
781 3373 831 3406 L⁰
861 3374 933 3406 τοῖς
957 3371 1077 3406 αὐτοῖς
1099 3371 1149 3406 L⁶
1176 3372 1181 3410 Ι
1219 3373 1259 3407 18
1282 3373 1354 3412 καὶ]

283 3419 338 3451 sed
362 3422 395 3451 et
418 3432 437 3455 ς
460 3419 473 3461 ΙΙ
501 3420 542 3453 23
567 3413 761 3458 ὑπόθεσιν]
787 3418 1011 3459 cognitionem
1035 3430 1055 3454 ς
1080 3416 1093 3461 ΙΙ
1119 3415 1267 3463 εἰσάγειν
1290 3418 1356 3457 (ειν

286 3476 323 3495 ea:
335 3467 429 3502 corr.)
455 3465 486 3497 L
515 3462 528 3506 Ι]
555 3463 697 3507 ἐφέντες
719 3462 777 3503 Μ]
801 3462 925 3507 ἐφέται
949 3463 981 3496 L
1005 3462 1017 3507 fl
1048 3463 1090 3497 28
1113 3465 1211 3505 νίκης
1234 3460 1356 3502 ΜΕθῖ]

286 3503 382 3547 δίκης
406 3509 485 3550 L‘ss
508 3504 625 3550 *μηδὲ
647 3526 691 3532 -—
716 3508 758 3542 29
780 3504 871 3551 μηδὲ
894 3508 967 3540 ML
993 3507 1005 3551 ΙΙ
1026 3507 1331 3551 κεκριμμένωνΜ
1346 3508 1358 3550 Β

288 3552 330 3583 30
343 3551 485 3593 ἐφέντος
500 3552 557 3593 Μ]
582 3550 659 3585 ἑνὸς
679 3550 819 3586 τούτων
834 3551 883 3585 L²
895 3554 927 3586 in
941 3565 1007 3585 ras.
1020 3554 1041 3586 6
1056 3553 1114 3586 litt.
1133 3552 1147 3595 Ι
1170 3553 1209 3586 31
1230 3549 1359 3597 πρώην

287 3593 333 3627 τὰ
356 3598 437 3637 περὶ
459 3598 537 3629 τῶν
560 3597 718 3641 ἐφέσεων
740 3595 1052 3641 νομοθετήσαντες
1080 3593 1356 3643 ἐπανωρθώσα-

287 3650 355 3681 μεν
376 3639 421 3671 Β.
460 3641 536 3672 cod.
554 3642 586 3682 7,
607 3648 654 3682 8³,
674 3650 690 3675 5
710 3646 758 3681 §4

1423 3205 1480 3225 om.
1496 3193 1545 3224 V·
1565 3191 1578 3236 11
1592 3192 1725 3234 proprie
1737 3203 1854 3225 manus
1866 3192 1948 3225 fiant
1959 3192 1993 3225 R
2011 3190 2023 3236 ΙΙ
2040 3194 2058 3225 7
2073 3195 2111 3224 ut
2131 3192 2191 3233 17³]
2212 3194 2244 3225 et
2255 3193 2290 3226 R
2311 3194 2427 3225 utnon
2447 3191 2495 3223 1⁷¹

1423 3239 1455 3270 ot
1478 3239 1516 3269 ut
1540 3238 1625 3279 vuly.
1650 3236 1662 3281 ΙΙ
1686 3238 1885 3280 coniugatur
1898 3237 1947 3270 13¹
1971 3237 2219 3279 coniungantur
2239 3236 2303 3280 V!
2327 3238 2347 3271 8
2369 3235 2493 3269 iureiu-

1423 3282 1526 3315 rando
1549 3282 1641 3315 R¹V
1666 3281 1678 3327 ΙΙ
1717 3284 1757 3317 14
1781 3283 1843 3315 hoo
1867 3284 1900 3315 et
1922 3282 2104 3315 humanum
2127 3282 2211 3322 ΒΤ]
2247 3282 2493 3321 humanumque

1431 3327 1464 3359 V
1481 3326 1493 3368 11
1517 3329 1549 3359 et
1570 3327 1687 3361 orn-13¹
1711 3326 1724 3372 ΙΙ
1749 3327 1838 3369 quod
1857 3329 1982 3361 videtur
1995 3334 2068 3361 ante
2084 3327 2122 3360 fit
2143 3329 2181 3361 15
2199 3333 2289 3359 trans
2312 3325 2466 3359 nuendum
2481 3324 2494 3367 ΙΙ

1425 3373 1465 3406 15
1486 3371 1572 3404 idem
1590 3372 1636 3412 V]
1661 3371 1747 3405 diem
1766 3372 1839 3406 BT
1854 3371 1867 3416 ΙΙ
1896 3371 1983 3405 valet
2002 3379 2032 3405 et
2052 3374 2092 3406 16
2109 3372 2220 3404 manet
2237 3382 2276 3403 vu
2288 3382 2321 3413 q.
2380 3368 2430 3409 fit]
2449 3370 2493 3401 sit

1424 3416 1472 3449 1³¹
1490 3415 1502 3459 ΙΙ
1531 3418 1569 3450 16
1585 3419 1644 3449 aut
1657 3415 1736 3461 R’fl
1763 3418 1801 3451 17
1824 3419 1856 3450 et
1872 3427 1956 3459 quae
1971 3416 2059 3458 RV]
2084 3418 2118 3449 et
2136 3415 2188 3448 hi·
2203 3423 2286 3455 quae
2299 3413 2333 3447 T
2385 3415 2423 3447 18
2437 3413 2492 3446 sed

1424 3462 1468 3501 et]
1493 3463 1526 3493 et
1549 3474 1606 3494 om.
1620 3461 1669 3494 13¹
1697 3460 1710 3506 ss
1743 3463 1783 3496 19
1805 3461 1990 3503 subtilium]
2014 3459 2209 3504 supplitium
2219 3457 2280 3508 '1⁷⁰
2301 3456 2491 3499 supplican-

1424 3505 1508 3538 tium
1529 3504 1576 3539 V0
1594 3506 1607 3550 fl
1623 3507 1666 3540 20
1678 3506 1815 3539 turbans
1829 3507 1875 3540 R¹
1894 3506 1906 3550 ΙΙ
1928 3506 2080 3546 varietas]
2095 3503 2245 3537 turbauit
2255 3502 2399 3534 uarietas
2421 3502 2494 3545 V⁰n

1426 3551 1463 3583 21
1481 3550 1568 3583 enim
1582 3563 1639 3584 om.
1659 3550 1712 3595 Vn
1731 3553 1773 3586 22
1788 3552 1868 3585 haeo
1889 3551 1967 3595 17²ss
1985 3551 2030 3585 23,
2041 3546 2218 3589 contempti
2229 3545 2277 3579 Β*
2326 3548 2367 3580 24
2383 3547 2493 3580 firmas

1429 3595 1477 3627 R‘
1498 3594 1511 3638 ΙΙ
1538 3597 1579 3629 26
1600 3595 1833 3638 relinquebant
1848 3599 1957 3629 autem
1976 3603 2102 3627 eanum
2120 3592 2152 3626 R
2177 3590 2190 3634 ΙΙ
2212 3591 2254 3624 27
2279 3601 2301 3623 ιι
2317 3591 2385 3624 enti
2406 3592 2457 3625 Vss

1427 3641 1469 3674 28
1483 3650 1543 3673 nec
1563 3639 1617 3684 Vll
1637 3641 1733 3684 29εᾳ.
1750 3640 1947 3683 appellantis
1963 3637 2141 3672 absentiam
2153 3635 2187 3669 R
2204 3634 2217 3678 11
2232 3636 2409 3669 sentiente·
2430 3637 2463 3670 V

1427 3685 1470 3717 32
1494 3685 1700 3727 ingrediente
1723 3686 1772 3719 13¹
