2580 4022
205 161 265 190 DE
294 160 616 194 1113LLESPONT0
1283 146 1368 195 779
2059 148 2134 192 Ed.
2157 148 2241 190 XII
2270 160 2330 203 pr.
2358 150 2391 189 1.
2414 149 2439 189 2

1289 296 1358 342 'ffi‘

916 385 1094 437 ΠΕΡΙ
1145 385 1296 438 ΕΛΛ
1307 385 1724 438 ΗΣΠΟΝΤΟῨ.

336 473 533 518 (Προοίμ
545 488 582 508 ιο
594 476 649 519 ν.>
695 472 892 519 Ἐδιδάχθη
925 476 966 509 τὸ
1001 473 1173 521 ἡμέτερον
1206 474 1331 521 κράτος
1354 473 1527 517 Ἰωάννην
1552 475 1776 520 σκρινιάριον
1800 475 2066 521 <πεμφθῆναι>
2093 474 2184 508 κατὰ
2210 472 2279 517 τὴν
2303 471 2437 516 ‘Euris-

202 530 338 552 ποντον
371 517 418 552 ebs
451 517 494 562 δὴ
519 520 652 572 τύπους
683 521 782 554 τινας
803 522 1118 575 ,ἐγκεχειρισμένον
1149 521 1329 575 προφάσει
1361 519 1591 566 λογοθεσίων
1624 519 1824 554 πολιτικῶν
1849 520 1978 566 πόρων
2002 520 2082 563 ἦτοι
2107 521 2185 553 τῶν
2206 518 2439 558 καλουμένων

201 562 411 606 σολεμνίων,
445 568 504 598 καὶ
536 576 583 598 ως
615 567 654 599 ἐν
684 567 728 612 τῇ
760 579 862 610 χωρᾳ
892 567 1083 612 γενόμενος
1115 563 1262 600 οὐδενὸς
1294 569 1472 607 απέσχετο
1500 564 1688 599 παντελῶς
1712 566 1790 599 τών
1815 566 1861 598 εἰς
1884 565 2052 611 ἁρπαγὴν
2077 565 2233 607 ἐσχάτην
2258 562 2437 618 ἡκόντων,
2464 567 2483 599 5

200 607 261 640 τάς
293 620 332 641 τε
359 608 481 643 πόλεις
514 608 722 654 ληϊσάμενος
752 614 812 644 καὶ
845 610 1067 645 ἐπανελθών
1099 612 1147 645 εἰς
1170 608 1310 653 ταύτην
1334 612 1403 654 τὴν
1428 609 1624 654 εὐδαίμονα
1648 609 1755 645 πόλιν
1781 607 1884 644 αὐτος
1904 613 1973 654 μὲν
1996 614 2140 655 χρυσίου
2164 621 2305 654 μεστος,
2330 611 2374 654 τῇ
2401 608 2439 642 δὲ

199 650 484 695 Ἑλληςποντίων
508 655 608 700 χώρᾳ
632 656 759 690 πᾶσαν
783 652 979 690 ἀπολιπών
1004 660 1146 690 πενίαν.
1195 657 1241 690 τὰ
1266 659 1333 701 μὲν
1358 651 1424 690 οὖν
1448 654 1525 689 κατ’
1553 657 1688 689 ἐκεῖνον
1712 654 1841 690 ὁποῖον
1866 657 2030 700 προςήκει
2055 654 2275 698 διατεθῆναι
2300 655 2440 701 τρόπον

199 700 259 730 καὶ
289 698 574 743 θεραπευθῆναι
606 700 690 735 τοὺς
720 698 953 745 ἠδικημένους
990 699 1180 746 διώρισται
1204 700 1287 747 παρ’
1315 699 1428 745 ἡμῶν.

1217 802 1373 838 CAPUT
1399 803 1426 837 1.

331 865 476 912 Ἐπειδὴ
511 867 550 902 δὲ
581 867 759 912 ᾠήθημεν
784 870 911 914 χρῆναι
938 867 997 902 Bae
1022 870 1089 912 τὴν
1113 871 1191 904 τῶν
1215 870 1260 904 τὰ
1287 870 1439 903 τοιαῦτα
1460 872 1755 916 ἑγχειριζολιιένων
1781 867 1985 912 ἀπληστίαν
2010 867 2116 912 τύπῳ
2141 870 2271 915 γενικῷ
2297 868 2340 902 τὸ
2364 867 2439 903 πᾶν

202 914 446 958 θεραπεύσαι,
480 914 717 958 θεσπίζομεν,
755 915 789 947 εἴ
821 925 872 947 τις
907 916 1056 960 γένηται
1092 914 1185 948 κατὰ
1218 915 1286 957 τὴν
1319 913 1442 960 χώραν
1474 914 1654 960 προφάσει
1686 914 1853 957 τοιαύτης
1888 914 1988 948 τινὸς
2020 914 2199 958 ζητήσεως
2231 911 2252 957 ἢ
2286 915 2346 948 ἐπὶ
2377 915 2439 955 τῆς

198 956 485 1001 Ἐλληςποντίων
511 956 534 1002 ἢ
563 956 617 1004 ἐφ’
651 960 771 1005 ἑτέρας
804 957 1018 1002 οἷαςδήποτε
1042 959 1170 1004 χώρας,
1192 961 1222 993 εἰ
1243 963 1311 1003 μὲν
1336 958 1486 1005 ἀρχικὴν
1509 963 1584 1002 ἔχοι
1608 959 1816 1004 πρόςταξιν,
1836 958 1975 1003 μηδένα
1996 959 2184 994 παντελῶς
2209 958 2309 1002 αὐτῷ
2334 970 2437 1003 προς-

199 1007 303 1048 έχειν,
334 1000 410 1037 ἀλλ’
445 1001 646 1038 ἀκινδύνως
677 1002 919 1039 ἀποσείεσθαι
952 1004 1020 1039 τὸν
1052 1006 1279 1049 ἑκβιβασλιιὸν
1304 1005 1371 1039 τὸν
1396 1003 1480 1051 παρ’
1508 1002 1631 1048 αὐτοῦ,
1658 1006 1688 1038 εἰ
1714 1003 1753 1038 δὲ
1775 1005 1866 1048 μετὰ
1889 1006 1993 1039 θείου
2014 1006 2265 1052 πραγματικοῦ
2289 1007 2438 1050 γένηται

199 1049 325 1092 τύπου,
356 1050 387 1082 εἰ
418 1051 485 1093 μὲν
517 1050 797 1094 κομμονιτόριον
830 1050 881 1093 εἴη
903 1049 944 1083 τὸ
973 1048 1203 1094 δεικνύμενον
1228 1049 1250 1093 ἢ
1273 1050 1469 1096 γράμματα
1495 1054 1576 1095 περὶ
1600 1047 1730 1083 τούτου
1753 1048 1942 1096 γενόμενα,
1966 1049 2058 1094 μηδὲ
2081 1049 2220 1085 τούτοις
2246 1052 2437 1095 προςέχειν,

198 1093 256 1128 οἶα
279 1093 372 1128 κατὰ
395 1095 635 1140 συναρπαγὴν
659 1098 718 1128 καὶ
743 1094 842 1140 παρὰ
863 1095 1014 1140 γνώμην
1038 1093 1215 1141 ἡμετέραν
1240 1095 1504 1140 προελθοῦσιν·
1530 1097 1560 1128 εἰ
1585 1093 1623 1128 δὲ
1648 1094 1895 1142 πραγματικὸς
1917 1096 1970 1137 εἴη
1995 1095 2036 1129 τὸ
2059 1094 2291 1138 δεικνύμενον
2315 1095 2436 1136 τύπος,

197 1138 288 1183 μηδὲ
311 1137 426 1173 οὕτως
450 1139 489 1179 ἐξ
514 1136 626 1173 αύτοῦ
649 1154 685 1174 τι
711 1141 944 1187 πράττεσθαι
970 1145 1178 1186 προχείρως,
1213 1140 1280 1175 τὸν
1306 1139 1345 1174 δὲ
1368 1143 1536 1175 τοιοῦτον
1561 1141 1814 1186 πραγματικὸν
1837 1139 1956 1175 τύπον
1980 1140 2179 1185 λαμβάνειν
2204 1144 2263 1174 καὶ
2287 1141 2437 1184 μηνύειν

197 1185 266 1219 τὸν
296 1185 359 1227 τῆς
391 1186 561 1230 ἐπαρχίας
591 1182 790 1231 ἡγούμενον
822 1186 869 1219 εἰς
900 1184 993 1228 ἡμᾶς
1025 1186 1070 1219 τὰ
1104 1189 1186 1231 περὶ
1217 1185 1345 1220 τούτου
1377 1190 1436 1219 καὶ
1461 1183 1655 1230 ἀναμένειν
1679 1182 1784 1229 ἡμῶν
1808 1184 1978 1229 δευτέραν
2002 1186 2179 1220 κε’λευσιν·
2207 1182 2295 1220 ώςτε
2319 1186 2350 1218 εἰ
2371 1187 2438 1229 μὲν

199 1232 431 1275 ἑπιγνοίημεν
461 1226 575 1264 αὐτὸν
608 1234 667 1264 καὶ
698 1231 765 1266 τὸν
802 1231 1075 1286 ξγχειρισθέντα
1099 1231 1164 1265 τὸν
1188 1233 1350 1265 τοιοῦτον
1374 1230 1502 1271 τύπον,
1528 1230 1696 1275 δεύτερον
1720 1229 1825 1275 ἡμῶν
1848 1231 2021 1277 γίνεσθαι
2046 1231 2300 1279 πραγματικὸν
2319 1232 2438 1265 τύπον

199 1277 443 1319 ἐπιτρέποντα
473 1276 649 1321 γενέσθαι
681 1277 747 1319 τὴν
781 1278 941 1320 ζητησιν,
976 1277 1007 1309 εἰ
1040 1274 1080 1310 δὲ
1110 1273 1447 1321 ἇποδοκιμάσαιμεν
1479 1275 1503 1320 ἢ
1533 1276 1576 1310 τὸ
1610 1277 1759 1323 πρᾶγμα
1783 1273 1804 1319 ἢ
1829 1276 1871 1310 τὸ
1895 1277 2101 1322 πρόςωπον,
2125 1275 2240 1321 μηδὲν
2262 1276 2439 1310 ἐντεῦθεν

197 1321 381 1367 γίνεσθαι,
413 1318 486 1354 ἀλλ’
515 1318 804 1366 ἀναπέμπεσθαι
835 1321 903 1355 τὸν
936 1322 1042 1355 θεῖον
1072 1322 1193 1356 τύπον
1225 1322 1323 1367 παρὰ
1357 1323 1421 1355 τοῦ
1443 1323 1505 1365 τῆς
1526 1323 1698 1366 ἐπαρχίας
1722 1320 1895 1366 ἄρχοντος
1917 1322 2170 1368 γινώσκοντος,
2197 1319 2244 1356 ώς
2267 1323 2297 1355 εἰ
2322 1322 2437 1366 ῥαθυ-

197 1366 320 1409 μήσειε
343 1366 471 1400 τούτου
495 1370 558 1400 καί
579 1379 632 1401 τις
654 1368 782 1414 ἐπιστῇ
807 1369 879 1401 τοῖς
905 1364 1075 1409 ὑπηκόοις
1099 1370 1171 1402 τοῖς
1195 1366 1377 1412 ἡμετέροις
1401 1367 1577 1401 ἐντεῦθεν
1595 1370 1712 1411 ζημία,
1738 1367 1878 1410 ταύτην
1894 1364 2001 1402 αὐτὸς
2017 1368 2164 1401 οἴκοθεν
2183 1364 2434 1413 ἐπιγνώσεται.

1210 1469 1366 1505 CAPUT
1391 1469 1437 1504 ΙΙ.

328 1532 473 1569 ’Ἀδειαν
505 1533 546 1569 δὲ
577 1534 724 1580 δίδομεν
756 1540 815 1570 καὶ
845 1540 918 1571 τοῖς
951 1536 1172 1579 ἐπισκόποις,
1204 1538 1235 1570 εἰ
1270 1535 1518 1584 ῥᾳθυμῆσειεν
1550 1535 1568 1571 ὁ
1594 1538 1656 1579 τῆς
1681 1538 1852 1582 ἐπαρχίας
1876 1533 2071 1582 ἡγούμενος
2096 1538 2155 1568 καὶ
2180 1535 2230 1579 μὴ
2255 1534 2323 1569 τὸν
2348 1546 2438 1580 πρα-

197 1579 373 1625 γματικὸν
398 1582 559 1624 ἐπισχοίη
586 1580 711 1622 τύπον,
738 1579 813 1615 ἀλλ’
840 1581 959 1625 ἐνδοίη
983 1583 1037 1625 τῷ
1062 1585 1195 1616 τοῦτον
1217 1584 1553 1626 μεταχειριζομένη),
1589 1579 1717 1616 αὐτοὺς
1741 1583 1859 1616 ταῦτα
1882 1580 2034 1625 μηνύειν
2058 1582 2104 1614 εἰς
2128 1577 2228 1624 ἡμᾶς,
2253 1581 2322 1625 <οἳ>
2347 1581 2381 1614 εἴ
2400 1593 2440 1625 γε

197 1628 313 1660 ταῦτα
344 1625 543 1670 μάθοιμεν,
576 1625 624 1661 ais
655 1627 836 1662 κοινωνὸν
869 1629 930 1671 τῆς
955 1628 1071 1661 αἰτίας
1096 1624 1332 1662 καταστάντα
1355 1631 1414 1661 καὶ
1439 1629 1501 1670 τῆς
1525 1624 1629 1673 ἀρχῆς
1653 1626 1907 1672 παραλύσομεν
1932 1630 1992 1660 καὶ
2015 1628 2077 1669 τῆς
2102 1626 2217 1668 ζώνης
2243 1623 2354 1660 αὐτὸν
2378 1628 2438 1659 καὶ

198 1672 260 1714 τῆς
285 1669 406 1705 offulas
427 1671 655 1717 στερήσομεν,
679 1676 738 1706 καὶ
762 1676 836 1707 τοῖς
859 1670 954 1707 καθ7
981 1671 1129 1707 οἱανοῦν
1154 1670 1379 1717 ἠδικημένοις
1404 1674 1527 1707 αἰτίαν
1550 1673 1593 1707 τὸ
1621 1670 1775 1717 ἀβλαβὲς
1799 1671 2091 1718 περιποιήσομεν.

333 1713 429 1762 (Ἐπ
440 1721 454 1750 ί
462 1716 621 1764 λογος.>
666 1714 712 1751 ‘H
732 1722 857 1752 τοίνυν
882 1717 926 1761 σὴ
950 1716 1106 1761 ὑπεροχὴ
1132 1718 1178 1752 τὰ
1199 1717 1442 1761 παραστάντα
1463 1715 1547 1761 ἡμῖν
1572 1721 1656 1760 [καὶ]
1682 1716 1742 1751 διὰ
1764 1719 1827 1751 τοῦ
1853 1716 2035 1762 παρόντος
2058 1717 2164 1750 θείου
2188 1716 2438 1762 πραγματικοῦ

196 1759 441 1805 μανθάνουσα
457 1764 571 1797 τύπου
588 1766 682 1807 ἔργῳ
699 1766 759 1796 καὶ
775 1767 905 1809 πέρατι
922 1762 1152 1809 παραδοῦναι
1170 1763 1364 1798 σπευσάτω
1409 1763 1493 1798 Dat.
1508 1762 1585 1798 XV.
1603 1763 1676 1798 kal.
1692 1763 1788 1808 Sept.
1803 1762 1871 1798 GP.
1887 1762 2060 1797 Belisario
2075 1772 2129 1798 VC.
2145 1771 2243 1797 cons.
2285 1763 2330 1803 [a.
2348 1763 2439 1802 535]

332 1842 482 1876 Edictum
509 1843 592 1876 XII
615 1843 740 1877 Graece
766 1851 886 1877 tantum
911 1850 999 1877 extat
1022 1845 1054 1877 in
1074 1844 1124 1876 M.

1275 2018 1367 2055 XII.

982 2098 1082 2148 DE
1136 2097 1661 2149 HELLESPONTO.

333 2189 596 2234 Praefatio.
647 2188 790 2224 Edocta
816 2191 872 2224 est
895 2192 1023 2224 nostra
1044 2188 1210 2235 potentia
1225 2186 1427 2223 Iohannem
1450 2188 1682 2236 scriniarium
1706 2189 1744 2224 in
1760 2189 2036 2236 Hellespontum
2056 2189 2201 2225 missum
2227 2200 2313 2234 esse,
2340 2192 2439 2237 quod

198 2238 232 2272 ei
252 2237 398 2281 formae
422 2235 632 2270 commissae
658 2240 775 2270 essent
801 2234 844 2269 ob
864 2234 1061 2269 ratiocinia
1086 2233 1242 2268 civilium
1266 2233 1445 2268 redituum
1471 2238 1535 2268 aut
1558 2234 1784 2269 sollemnium
1809 2246 1902 2280 quae
1927 2238 2114 2276 vocantur,
2140 2239 2176 2271 et
2199 2246 2278 2270 cum
2296 2236 2334 2270 in
2347 2248 2436 2282 pro-

198 2282 351 2316 vinciam
374 2281 538 2322 venisset,
570 2291 593 2315 a
617 2280 719 2315 nulla
742 2290 899 2325 prorsus
924 2290 1050 2314 earum
1074 2289 1205 2319 rerum,
1239 2289 1333 2324 quae
1356 2278 1407 2313 ad
1429 2283 1613 2314 extremas
1634 2280 1810 2315 accedunt
1833 2280 1996 2326 rapinas,
2022 2281 2249 2324 abstinuisse,
2275 2282 2437 2318 civitates

198 2327 413 2372 spoliantem
438 2330 472 2360 et
495 2336 677 2361 reversum
701 2325 738 2359 in
762 2325 909 2369 felicem
934 2324 1028 2359 lianc
1053 2324 1175 2359 urbem
1199 2325 1317 2369 ipsum
1342 2323 1484 2369 quidem
1509 2335 1601 2359 auro
1626 2324 1813 2370 repletum,
1841 2325 2165 2371 Hellespontiorum
2185 2337 2268 2361 vero
2293 2328 2437 2373 reqioni

197 2374 572 2451 surgimadpaupertate
595 2370 733 2406 relicta.
783 2368 833 2403 Et
856 2369 900 2405 de
931 2369 994 2404 illo
1028 2369 1171 2414 quidem
1203 2369 1292 2413 quid
1321 2368 1448 2404 debeat
1474 2369 1558 2413 fieri
1590 2380 1705 2414 quove
1735 2369 1841 2405 modo
1867 2370 2036 2405 damnum
2060 2371 2203 2405 restitui
2222 2371 2378 2417 affectis,
2412 2384 2435 2407 a

198 2428 244 2452 no
271 2418 302 2452 is
351 2428 369 2451 e
400 2420 513 2450 nilum
537 2419 600 2450 est.

332 2417 397 2496 [β
409 2460 587 2503 Quoniam
611 2470 695 2495 vero
715 2463 873 2505 propter
898 2470 1033 2502 eorum,
1059 2459 1188 2505 quibus
1211 2458 1300 2494 tatia
1324 2458 1601 2500 demandantur,
1626 2459 1817 2494 avaritiam
1849 2460 2056 2505 putavimus
2081 2466 2251 2506 oportere
2270 2462 2436 2506 ⁵aenerali

197 2508 322 2553 forma
355 2507 544 2542 universae
575 2506 629 2540 rei
653 2505 798 2545 mederi,
830 2505 1023 2546 sancimus,
1055 2508 1106 2547 ut,
1139 2505 1174 2540 si
1195 2504 1276 2549 quis
1295 2503 1471 2539 eiusmodi
1494 2505 1718 2548 quaestionis
1740 2515 1851 2540 causa
1875 2506 1913 2540 in
1933 2505 2172 2550 provinciam,
2197 2505 2271 2541 sive
2297 2505 2434 2542 Helles-

196 2553 407 2598 pontiorum
432 2551 504 2586 sive
529 2550 639 2586 aliam
663 2548 859 2596 quamlibet
881 2550 1012 2590 veniat,
1036 2549 1069 2584 si
1093 2549 1236 2595 quidem
1259 2549 1440 2594 praesidis
1464 2548 1674 2583 mandatum
1696 2549 1836 2590 babeat,
1861 2561 1962 2585 nemo
1982 2560 2137 2595 prorsus
2156 2550 2189 2585 ei
2205 2550 2434 2596 obtemperet,

197 2597 262 2632 sed
283 2598 359 2632 sine
381 2596 545 2642 periculo
571 2596 798 2631 exactionem
822 2594 900 2629 eius
923 2595 1099 2636 excutiat,
1124 2595 1180 2629 sin
1205 2599 1323 2629 autem
1349 2604 1427 2628 curn
1444 2604 1552 2628 sacra
1562 2595 1795 2639 pra-qmatz’ca
1815 2595 1942 2639 forma
1960 2595 2104 2638 venerit,
2130 2596 2164 2630 si
2178 2595 2320 2640 quidem
2336 2597 2436 2642 quod

192 2642 345 2688 profert
376 2641 687 2676 commonitorium
719 2640 766 2674 sit
795 2643 860 2685 aut
891 2640 1033 2675 litterae
1064 2639 1108 2675 de
1140 2639 1207 2674 ltoc
1239 2642 1450 2684 conceptae,
1482 2639 1595 2673 neiis
1620 2638 1762 2684 quidem
1787 2642 2062 2686 obtemperetur,
2093 2641 2228 2686 quippe
2252 2647 2345 2685 quae
2362 2653 2434 2688 per

196 2688 339 2732 furtum
372 2690 406 2721 et
438 2693 567 2721 contra
597 2689 757 2720 nostram
782 2684 1001 2720 voluntatem
1022 2685 1241 2731 prodierint,
1265 2685 1322 2718 sin
1344 2687 1461 2719 autem
1487 2683 1586 2728 quod
1607 2683 1808 2718 ostenditur
1827 2685 2059 2730 pra-amatim
2081 2686 2207 2730 forma
2230 2688 2288 2727 sit,
2314 2698 2359 2722 ne
2381 2688 2433 2721 sie

199 2732 342 2777 quidem
367 2731 410 2766 ab
435 2742 477 2767 eo
500 2731 722 2776 festinanter
746 2731 938 2775 quiequam
963 2735 1107 2776 aqatur,
1131 2730 1196 2765 sed
1220 2729 1325 2764 talem
1341 2728 1613 2774 praqmaticam
1636 2729 1797 2772 formam
1814 2730 2030 2775 provinciae
2076 2740 2196 2765 raeses
2220 2731 2378 2778 accipiat
2398 2737 2434 2768 et

199 2777 243 2811 de
267 2788 310 2811 ea
335 2776 383 2810 ad
406 2786 474 2811 nos
496 2776 639 2820 referat
661 2779 697 2810 et
721 2777 873 2810 alterum
898 2779 1061 2810 nostrum
1086 2775 1296 2810 mandatum
1321 2777 1516 2819 exspectet,
1541 2777 1581 2807 ut
1603 2773 1636 2807 si
1659 2784 1737 2808 eam
1762 2785 1912 2820 emtique
1930 2775 1988 2810 cui
2005 2779 2040 2809 ta
2057 2775 2088 2810 is
2102 2775 2226 2820 forma
2244 2778 2433 2812 commissu

199 2826 252 2857 est
284 2832 536 2867 aqnoscamus,
569 2820 686 2856 altera
717 2823 843 2855 nostra
870 2819 1049 2866 procedat
1072 2820 1310 2866 praqmaciea
1340 2819 1465 2864 forma
1497 2818 1742 2862 quaestionem
1771 2819 1852 2863 fieri
1877 2820 2121 2866 praecipiens,
2146 2821 2343 2857 sinautem
2369 2827 2432 2857 aut

198 2877 273 2901 rem
305 2871 369 2901 aut
397 2876 591 2912 personam
617 2865 821 2906 reiciamus,
846 2865 938 2900 nibil
960 2865 1044 2900 inde
1065 2867 1142 2909 siat,
1175 2864 1238 2899 sed
1261 2874 1367 2899 sacra
1390 2863 1513 2907 forma
1538 2874 1561 2897 a
1577 2864 1792 2908 provinciae
1813 2865 1982 2910 praeside
2002 2866 2208 2900 remittatur
2231 2867 2375 2909 sciente,
2399 2869 2434 2902 si

200 2911 294 2945 liaiic
313 2921 387 2945 rem
413 2910 618 2954 neclexerit
638 2910 792 2954 indeque
815 2909 984 2944 damnum
1010 2909 1162 2954 aliquod
1186 2909 1336 2944 subditis
1357 2908 1492 2943 nostris
1515 2907 1706 2950 obvenerit,
1729 2909 1817 2953 fore
1841 2916 1880 2945 ut
1904 2910 1971 2945 lioc
1995 2910 2073 2956 ipse
2097 2910 2141 2945 de
2157 2922 2222 2946 suo
2243 2913 2428 2947 resarciat.

335 2954 380 2988 ΙΙ.
429 2954 676 2988 Permittimus
699 2964 782 2988 vero
808 2954 914 2988 etiam
938 2955 1120 2999 episcopis
1145 2958 1195 2995 ut,
1219 2953 1251 2988 si
1268 2953 1483 2999 provinciae
1500 2963 1655 2998 praeses
1671 2954 1858 2999 neqliqens
1875 2955 1922 2990 sit
1941 2959 1976 2990 et
1990 2956 2256 3001 praymaticam
2271 2958 2430 3001 formam

200 3010 271 3032 non
295 2998 465 3039 inlu'beat,
489 2998 554 3032 sed
576 2998 621 3041 ei,
645 2998 708 3042 qui
733 2997 831 3032 illam
848 2997 1035 3043 producit,
1059 3009 1193 3034 morem
1216 3002 1333 3043 ρει-(ιι,
1358 2998 1430 3048 ipsi
1452 3008 1530 3032 eam
1550 3008 1624 3032 rem
1648 2999 1750 3033 nobis
1774 2999 1992 3041 denuntient,
2031 3001 2093 3044 qui
2117 3001 2148 3035 si
2171 3001 2239 3036 ltoc
2262 3002 2429 3037 didiceri-

200 3054 289 3083 mus,
314 3054 392 3077 eum
415 3046 596 3087 tamquam
621 3042 781 3076 criminis
803 3043 939 3077 socium
963 3046 997 3077 et
1016 3042 1061 3078 de
1084 3044 1298 3088 maqistratu
1324 3042 1514 3077 deiciemus
1538 3046 1572 3077 et
1596 3042 1741 3088 cinqulo
1766 3055 1845 3079 eum
1868 3049 1977 3090 atque
1991 3045 2193 3081 substantia
2206 3046 2431 3091 privabimus

200 3095 235 3124 et
259 3089 321 3130 cis,
374 3088 413 3122 ui
434 3087 594 3133 qualibet
617 3087 654 3121 in
677 3097 717 3121 re
739 3087 909 3125 iniuriam
931 3087 1035 3132 passi
1057 3093 1152 3129 sunt,
1177 3088 1441 3122 indemnitatem
1464 3086 1741 3132 praestabimus.

336 3098 399 3178 Zp
411 3133 424 3167 i
430 3134 443 3166 l
451 3143 472 3167 o
480 3142 574 3177 qus.
625 3131 702 3166 Tua
726 3132 840 3176 iqitur
862 3132 1062 3167 sublimitas
1086 3143 1179 3177 quae
1204 3133 1306 3167 nobis
1326 3132 1545 3177 placuerunt
1570 3135 1604 3167 et
1621 3133 1810 3178 praesenti
1825 3144 1933 3169 saera
1950 3133 2183 3170 declarantur
2193 3136 2429 3181 praqrnatica

198 3179 323 3223 forma
345 3188 568 3222 coqncseens
593 3177 695 3223 operi
719 3180 755 3211 et
782 3176 926 3221 effectui
951 3177 1095 3212 tradere
1118 3177 1272 3212 studeat.

1313 3376 1315 3397 Ι
1351 3342 1551 3388 δηλούμενα
1582 3358 1644 3388 pro
1674 3345 1919 3388 μανθάνουσα
1944 3348 2044 3390 (quod
2065 3357 2137 3392 post
2162 3349 2266 3382 θείου
2287 3354 2430 3393 ponebat

912 3436 917 3438 η
1350 3392 1447 3432 vuly.)
1470 3392 1628 3423 maluerat
1651 3392 1745 3424 Beck
1773 3392 1785 3435 ss
1810 3393 1852 3425 26
1876 3395 1996 3427 subscr.
2024 3391 2069 3427 δι.
2095 3394 2171 3428 XV.
2197 3396 2230 3430 k.
2257 3396 2299 3429 M
2311 3396 2323 3439 ΙΙ
2352 3396 2428 3429 bili-

201 3433 428 3468 διατι-θεῖναι
452 3436 493 3467 Μ
510 3434 521 3478 ΙΙ
541 3437 578 3468 17
605 3434 779 3479 γενέσθαι
804 3447 871 3467 cum
894 3436 1077 3478 ›Scrimqero
1099 3434 1186 3477 vuly.
1204 3434 1215 3478 ΙΙ
1236 3436 1278 3467 22
1349 3435 1435 3468 sario
1461 3446 1509 3467 vc.
1536 3446 1642 3469 conss.
1672 3437 1717 3470 M

200 3480 235 3513 οἳ
250 3482 368 3513 addidi
383 3480 394 3523 ΙΙ
415 3482 457 3514 24
481 3476 775 3524 περιποιήσωμεν
796 3481 836 3512 Μ
851 3480 863 3524 ΙΙ
884 3482 923 3513 25
950 3482 1009 3512 καὶ
1034 3481 1096 3514 del.
1121 3480 1277 3518 Skutscl2;

245 3347 264 3378 2
291 3346 335 3378 ad
353 3346 527 3378 Iohannem
551 3347 658 3388 praef:
681 3352 786 3387 praet.
812 3346 910 3378 missa
935 3352 980 3378 est
995 3347 1108 3388 forma
1124 3343 1136 3387 ΙΙ
1157 3345 1176 3378 3
1197 3341 1278 3387 ύμέ-

200 3402 305 3434 τερον
330 3391 374 3422 M
384 3391 395 3433 ΙΙ
415 3389 633 3434 πεμφθῆναι
655 3390 774 3422 addidi
796 3389 984 3434 (γενέσθαι
1010 3390 1210 3431 Zachariae)
1231 3389 1242 3432 ss
1261 3392 1277 3422 7

2087 3766 2157 3802 98*

2469 921 2504 951 10

2466 1148 2505 1179 15

2464 1374 2506 1406 20

2464 1727 2506 1759 25
