2586 3990
217 145 325 189 Νῦν.
349 141 531 187 CXXIII
558 143 625 184 43.
657 144 711 184 44

216 266 301 290 πων
335 254 396 286 καὶ
423 251 502 286 τῶν
531 249 739 295 οἰκονόμων
769 246 904 295 αὐτῶν,
934 244 977 284 οὐ
1006 247 1081 294 μὴν
1111 246 1204 283 ἀλλὰ
1238 252 1300 283 καὶ

215 299 294 333 τῶν
326 296 476 338 ἑκάστης
509 296 682 341 ἐπαρχίας
724 292 772 341 ἀρ
794 293 918 331 όντων
958 297 1020 328 καὶ
1060 294 1139 328 τῶν
1174 290 1299 328 αὐτῶν

215 341 358 382 τάξεων
387 338 630 383 ἐκδικεῖσθαι,
660 339 744 375 τοὺς
797 342 815 374 ἐ
843 339 890 374 τὰ
915 339 1066 373 τοιαῦτα
1094 337 1298 384 πλημμελή-

215 396 349 421 σαντας
371 387 431 419 καὶ
454 384 537 419 τοὺς
558 381 806 438 μετασχόντας
836 381 961 419 αὐτῶν
983 382 1050 418 τὸν
1072 384 1120 418 εἰς
1142 382 1299 430 κεφαλὴν

214 428 383 465 κίνδυνον
415 426 621 474 ὑπομένειν,
650 442 721 473 την
750 427 792 463 δὲ
820 427 950 463 τοιαύτ
973 442 995 462 ν
1024 431 1177 475 γυναῖκα
1207 441 1297 463 παν-

214 475 325 518 ταχοῦ
349 471 616 518 ἆναζητεῒσθαι
639 477 700 508 καὶ
750 473 814 509 ετὰ
838 474 917 508 τῶν
941 474 954 507 ἰ
979 476 1047 507 ίων
1071 473 1298 520 πραγμάτων

214 521 255 554 έν
276 523 509 564 μοναστηρίῳ
533 517 712 564 έμβάλλεσ
746 532 801 560 αι,
827 520 868 553 ἐν
890 510 923 562 ᾦ
940 515 1211 564 ἀσφαλέστερον
1234 531 1296 563 φυ·

1283 136 1369 185 624

1594 151 1655 183 DE
1673 151 1971 185 SANc'rissnns
1988 152 2153 185 ET-DEO
2172 152 2444 188 AMABILIBUS

1365 257 1434 285 nec
1449 257 1522 286 non
1545 248 1653 285 etiam
1673 249 1862 288 cuiuslibet
1883 251 2089 296 provinciae
2111 251 2247 288 iudices
2270 253 2445 290 eteorum

1366 293 1488 330 officia
1509 294 1701 339 vindicari,
1733 304 1794 331 eos
1817 297 1936 332 autem
1965 297 2026 342 qui
2049 297 2137 332 talia
2161 297 2386 342 deliquerunt
2407 299 2445 334 et

1366 339 1562 384 participes
1591 348 1715 375 eorum
1746 339 1892 376 sceleris
1923 350 1967 377 ca
1992 342 2077 378 itale
2106 342 2305 388 periculum
2335 342 2444 379 susti-

1366 392 1463 426 nere,
1494 384 1602 419 talem
1625 393 1708 420 vero
1740 384 1922 420 mulierem
1949 396 1974 421 u
1999 386 2082 432 ique
2104 389 2121 432 <
2150 387 2270 432 uaeri>
2300 390 2337 424 et
2363 397 2445 424 cum

1335 431 1354 463 5
1367 427 1522 473 propriis
1544 428 1652 465 rebus
1675 427 1758 474 (in)
1780 430 1995 467 monasterio
2018 441 2127 468 recon
2152 433 2180 474 i,
2205 432 2244 467 in
2264 442 2334 477 quo
2358 442 2444 468 cau·

1366 472 1439 508 tius
1464 472 1636 509 custodiri
1658 473 1783 519 possit,
1808 477 1849 510 ut
1865 484 1936 510 non
1950 484 2077 512 rursus
2098 476 2137 513 in
2156 478 2281 514 eodem
2300 477 2446 513 crimine

1366 517 1575 563 reperiatur.
1622 517 1661 555 Si
1689 528 1772 555 vero
1809 519 2012 556 diaconissa
2043 519 2154 558 fuerit
2188 526 2225 558 et
2254 522 2347 558 filios
2379 522 2444 557 ha-

213 562 418 599 λάττεσθαι
452 562 625 607 δύναται,
660 564 721 599 ἵνα
743 563 794 608 μὴ
825 566 886 598 καὶ
910 561 1023 599 πάλιν
1053 564 1094 597 ἐν
1117 564 1170 606 τῷ
1196 561 1297 606 αὐτῷ
1367 562 1485 598 buerit
1517 562 1708 608 legitimos,
1746 563 1939 608 legitimam
1974 567 2112 610 partem
2147 566 2233 602 dare
2264 566 2358 603 filiis.
2407 566 2446 603 Si

214 606 409 656 ἐγκλήματι
443 605 618 655 εὑρεθείη.
666 609 698 643 εἰ
720 611 885 655 μέντοιγε
915 605 1131 643 διακόνισσα
1154 607 1207 651 εἴη
1239 610 1299 642 καὶ
1365 616 1448 644 vero
1470 607 1567 644 intra
1595 619 1708 645 unum
1738 617 1871 645 annum
1900 614 2091 654 postquam
2113 621 2155 647 co
2181 613 2343 648 noverint
2372 611 2446 648 tale

213 651 346 688 παῖδας
361 655 435 697 ἔχοι
451 658 630 698 νομίμους,
653 653 697 688 τὸ
719 651 877 698 νόμιμον
898 656 1004 699 μέρος
1027 651 1201 687 δίδοσθαι
1225 655 1298 687 τοῖς
1312 654 1353 688 10
1366 652 1506 689 facinus
1541 653 1633 690 tales
1668 662 1726 690 res
1760 653 1831 690 iuri
1865 654 2118 690 venerabilium
2177 666 2338 692 omorum
2372 667 2445 693 non

213 702 351 734 παισίν.
399 699 430 733 εἰ
449 697 490 734 δὲ
504 699 590 734 εἵσω
613 698 694 734 ἑνὸς
717 699 884 734 ἐνιαυτοῦ
905 698 998 743 μετὰ
1018 697 1061 732 τὸ
1077 697 1298 745 γνωσθῆναι
1365 697 1599 742 vindicentur,
1630 698 1792 736 iubemus
1817 699 1980 736 omnibus
2004 699 2117 736 modis
2141 701 2303 738 comitem
2327 702 2444 755 priva-

211 744 256 778 τὸ
287 744 432 779 τοιοῦτο
461 745 573 789 μῦσος
603 744 650 779 τὰ
681 745 835 778 τοιαῦτα
866 742 1061 790 πράγματα
1092 741 1192 788 παρὰ
1219 743 1297 777 τῶν
1365 744 1484 779 tarum
1518 747 1642 779 nostro
1676 742 1765 780 fisco
1800 743 1867 780 has
1901 744 2104 789 assignare,
2137 745 2296 783 locorum
2327 746 2446 782 iudice

213 786 356 835 εὗαγῶν
378 788 490 823 οἴκων
511 789 561 834 μὴ
581 787 800 833 ἐκδικηθείη,
824 787 1013 833 κελεύομεν
1037 789 1126 824 πᾶσι
1149 786 1298 834 τρόποις
1365 787 1427 834 qui
1461 788 1656 833 neglexerit
1697 787 1843 824 easdem
1875 788 2056 825 vindicare
2099 789 2237 835 cingulo
2272 791 2445 844 privando

211 832 282 868 τὸν
295 833 436 879 κόμητα
457 835 536 869 τῶν
554 833 750 880 πριβάτων
771 834 826 877 τῷ
851 831 1012 879 ἡμετέρῳ
1037 837 1156 880 φίσκφ
1179 833 1298 867 ταῦτα
1365 836 1403 869 et
1435 833 1585 869 multam
1615 833 1649 870 V
1683 832 1857 870 librarum
1890 833 1971 870 auri
2006 843 2030 870 a
2065 835 2193 871 comite
2227 839 2446 882 privatarum

213 880 441 925 προςκυροῦν,
473 879 538 914 τοῦ
560 881 638 914 τῶν
661 878 792 914 τόπων
815 876 986 924 ἄρχοντος
1011 880 1076 914 τοῦ
1098 875 1297 933 ἇμελιξσαν-
1312 879 1353 912 15
1366 877 1549 923 exigendo.

212 934 273 958 ‘tos
295 923 344 959 τὰ
367 921 462 959 αὐτοὶ
486 924 684 971 πράγματα
704 921 944 968 ἐκδικηθῆναι
966 924 1029 967 τῆς
1052 921 1168 978 ζώνης
1191 935 1297 969 αφαι·

212 971 385 1014 ρουμένου
420 971 481 1003 καὶ
511 968 709 1015 πρόστιμον
731 969 759 1003 e‘
782 972 926 1014 χρυσίου
956 967 1092 1014 λιτρῶν
1128 967 1201 1003 υπὸ
1232 968 1298 1002 τοῦ

214 1013 371 1058 κόμητος
391 1015 471 1049 τῶν
494 1014 690 1060 πριβάτων
712 1014 1022 1059 εἶθ-πραττομένου.

1186 1102 1342 1140 CAPUT
1365 1102 1495 1139 XLIV.

280 1160 378 1195 Πᾶσι
401 1158 442 1195 δὲ
465 1160 643 1203 καθάπαξ
671 1162 745 1196 τοῖς
776 1161 817 1195 ἐν
839 1159 999 1215 κοσμικῷ
1031 1158 1298 1205 ἀναστρεφομέ-
1428 1159 1601 1196 Omnibus
1623 1158 1746 1205 itaque
1766 1160 1979 1204 generaliter
2001 1161 2040 1196 in
2063 1161 2241 1198 saeculari
2263 1161 2337 1199 vita
2361 1172 2446 1199 con-

212 1216 299 1250 νοις,
329 1208 391 1240 καὶ
412 1203 570 1250 μάλιστα
599 1208 673 1241 τοῖς
695 1205 743 1241 τὰ
767 1216 919 1248 σκηνικα
944 1207 1212 1250 μετερχομένοιε
1235 1201 1297 1239 ἀν-
1311 1207 1354 1240 20
1365 1205 1591 1241 versantibus
1621 1206 1659 1240 et
1689 1207 1841 1242 maxime
1869 1205 2061 1241 theatralia
2083 1207 2332 1243 exercentibus
2362 1207 2448 1245 viris

213 1249 318 1296 δράσι
339 1263 380 1286 τε
403 1254 464 1285 καὶ
485 1250 639 1296 γυναιξί,
661 1253 723 1285 καὶ
741 1249 816 1295 μὴν
839 1253 900 1284 καὶ
917 1253 995 1285 ταῖς
1018 1252 1299 1296 προϊσταμέναις
1366 1259 1411 1286 ac
1433 1249 1642 1285 mulieribus
1673 1259 1740 1286 nec
1770 1260 1843 1285 non
1874 1254 1911 1286 et
1933 1252 2179 1296 prostantibus
2202 1250 2448 1290 interdicimus

212 1293 482 1342 ἀπαγορεύομεν
516 1296 718 1343 κεχρῆσθαι
753 1295 908 1339 σχήματι
942 1296 1102 1340 μοναχοῦ
1132 1294 1156 1339 ἢ
1187 1308 1297 1340 μονα·
1365 1295 1420 1330 uti
1444 1295 1626 1330 schemate
1657 1295 1823 1331 monachi
1853 1297 1920 1332 aut
1941 1297 2157 1332 monastriae
2187 1300 2251 1333 aut
2273 1298 2448 1334 ascetriae

213 1345 335 1386 στρίαε
363 1337 385 1383 ἢ
409 1339 603 1388 ἇσκητρίας
625 1339 649 1385 ἢ
673 1338 877 1385 οἱῳδήποτε
899 1353 921 1375 τ
945 1340 1029 1385 όπῳ
1052 1341 1160 1376 τοῦτο
1183 1343 1298 1396 μιμεῖ·
1367 1343 1430 1375 aut
1452 1340 1708 1384 cuiuscumque
1730 1350 1904 1384 personae
1935 1341 2041 1377 huius
2069 1342 2219 1386 imitari,
2250 1342 2447 1379 scientibus

213 1386 317 1429 σθαι,
341 1387 597 1430 ἐπισταμένων
612 1385 769 1421 πάντων
786 1387 862 1421 τῶν
877 1398 919 1420 το
941 1387 1100 1431 μώντων
1123 1383 1148 1429 ἢ
1167 1397 1297 1431 χρησα·
1367 1385 1539 1421 universis
1571 1385 1880 1430 praesumentibus
1911 1389 1975 1422 aut
2005 1387 2058 1422 uti
2086 1388 2151 1423 tali
2174 1387 2355 1423 schemate
2384 1390 2449 1424 aut

213 1430 307 1465 σθαι
329 1432 384 1475 τῷ
409 1432 564 1475 τοιούτῳ
589 1430 746 1475 σχήματι
778 1429 800 1474 ἢ
821 1428 1056 1475 μιμήσασθαι
1080 1428 1104 1474 ἢ
1126 1430 1298 1474 ἐμπαῖξαι
1312 1432 1353 1466 25
1366 1430 1497 1466 imitari
1520 1439 1601 1466 eum
1630 1434 1694 1466 aut
1716 1430 1865 1466 illudere
1895 1430 1932 1466 in
1957 1442 2180 1477 quacumque
2203 1433 2449 1469 ecclesiastica

212 1477 261 1511 εἰς
295 1474 516 1520 οἱανδήποτε
547 1475 846 1519 έκκλησιαστικὴν
876 1474 1111 1519 κατάστασιν,
1147 1472 1207 1511 ὅτι
1238 1478 1298 1510 καὶ
1367 1475 1573 1521 disciplina,
1607 1476 1692 1520 quia
1722 1477 1759 1511 et
1790 1477 1991 1521 corporalia
2021 1477 2198 1522 supplicia
2221 1478 2448 1514 sustinebunt

213 1521 421 1561 σωματικὰς
450 1525 625 1568 τιμωρίας
654 1520 924 1565 ὑποστήσονται
953 1524 1014 1555 καὶ
1038 1521 1160 1566 ἐξορίᾳ
1181 1533 1297 1566 παρα·
1366 1523 1403 1556 et
1425 1521 1530 1557 exilio
1561 1520 1832 1565 contradentur3
1868 1522 2136 1566 providentibus
2166 1522 2251 1558 huic
2275 1523 2327 1558 rei
2349 1523 2446 1559 loco-

214 1565 448 1610 δοθήσονται.
503 1565 763 1613 προνοούντων
798 1566 863 1601 τοῦ
900 1566 1064 1601 τοιούτου
1105 1563 1148 1601 οὗ
1181 1563 1299 1610 μόνον
1366 1576 1445 1602 rum
1469 1566 1645 1611 episcopis
1669 1568 1706 1601 et
1730 1566 1790 1610 qui
1813 1567 1882 1602 sub
1906 1566 1956 1602 eis
1977 1571 2060 1602 sunt
2079 1567 2229 1610 clericis,
2253 1568 2317 1604 sed
2340 1569 2447 1604 etiam

213 1612 291 1646 τῶν
305 1611 398 1647 κατὰ
421 1610 540 1647 τόπον
563 1610 784 1647 ὁσιωτάτων
808 1610 1025 1647 ἐπισκόπων
1047 1614 1108 1645 καὶ
1127 1611 1206 1646 τῶν
1228 1607 1295 1646 ὑπ’
1368 1611 1528 1647 civilibus
1561 1611 1845 1656 militaribusque
1879 1612 2058 1649 iudicibus
2096 1616 2134 1649 et
2191 1622 2260 1648 uae
2294 1613 2361 1649 sub
2396 1614 2447 1649 eis

214 1653 344 1691 αὐτοὺς
365 1656 557 1703 κληρικῶν,
590 1654 682 1691 ἀλλὰ
713 1660 774 1691 καὶ
804 1658 882 1692 τῶν
906 1655 1107 1692 πολιτικῶν
1136 1659 1197 1690 καὶ
1220 1657 1298 1691 τῶν
1311 1659 1354 1692 30
1367 1658 1451 1693 sunt
1465 1655 1596 1693 officiis
1619 1658 1656 1692 et
1677 1657 1838 1693 locorum
1861 1656 2120 1695 defensoribus.
2196 1667 2307 1694 oenas
2328 1662 2448 1695 autem

213 1703 491 1747 στρατιωτικῶν
513 1698 706 1747 ἀρχόντων
737 1705 796 1736 καὶ
816 1702 895 1736 τῶν
918 1698 985 1736 ὑπ’
1009 1699 1138 1737 αὐτοὺς
1161 1701 1301 1743 τάξεων
1523 1718 1526 1721 ·

213 1750 273 1781 καὶ
288 1747 366 1781 τῶν
382 1745 474 1781 κατὰ
496 1746 616 1783 τόπον
639 1745 802 1782 suetum.
856 1750 887 1781 Τ
882 1746 924 1781 ὰς
947 1744 987 1781 δὲ
1009 1747 1136 1782 ποινὰς
1161 1746 1223 1781 τὰς
1246 1747 1299 1790 τῷ

281 1829 308 1849 c.
321 1815 419 1849 XLI
424 1816 459 1849 V
467 1823 497 1850 et
519 1816 593 1860 epil.
618 1817 651 1850 in
677 1816 706 1849 S
728 1817 896 1850 decurtata
919 1817 1034 1859 repetit
1054 1816 1232 1859 Appendix
1254 1815 1387 1849 Nomoc.
1401 1816 1434 1848 L
1451 1817 1497 1850 tit.
1512 1828 1585 1859 cap.
1599 1816 1673 1849 eccl.
1690 1817 1728 1850 21
1746 1828 1781 1859 p.
1795 1816 1858 1850 671
1884 1816 1997 1858 Voell.‚
2022 1829 2048 1850 c.
2062 1816 2160 1850 XLI
2166 1817 2263 1860 V(—-
2276 1819 2318 1852 27
2333 1830 2447 1862 παρα-

215 1857 454 1903 δοθήσονται)
478 1873 517 1895 ex
539 1861 577 1894 Β
599 1868 747 1905 repetunt
769 1861 818 1894 Βε
841 1862 886 1894 Μ
907 1862 959 1903 17,
977 1869 994 1895 5
1014 1873 1051 1904 p.
1068 1862 1134 1895 508
1158 1860 1274 1902 Zach„
1304 1860 1484 1894 Nomocfim
1508 1861 1608 1895 XIV
1623 1863 1667 1895 tit.
1690 1862 1748 1903 11,
1768 1868 1811 1895 12.
1860 1861 2022 1895 Summam
2055 1863 2194 1896 eiusdem
2214 1865 2323 1906 partis
2353 1865 2449 1897 habet

214 1906 515 1940 Nomoc.XIVtit.
532 1907 584 1948 11,
597 1913 647 1948 12,
671 1907 747 1940 Atlz.
772 1918 924 1940 summam
948 1913 1094 1950 repetunt
1114 1906 1277 1948 paratitla
1300 1905 1375 1939 Ath.
1394 1907 1435 1940 12
1454 1911 1470 1946 §
1486 1914 1508 1940 1.

216 1983 288 2019 loci
309 1983 503 2030 episcopos
525 1993 722 2029 eorumque
745 1992 961 2019 oeconomos
983 1993 1050 2018 nec
1064 1993 1139 2017 non
1151 1982 1366 2028 provinciae
1391 1982 1562 2027 cuiusque
1583 1982 1772 2028 praesides
1795 1993 1916 2017 eorum
1946 1994 1989 2018 ue
2013 1982 2142 2028 officia
2166 1983 2361 2027 vindicari,
2385 1996 2448 2021 eos

214 2032 334 2064 autem
362 2028 426 2073 qui
449 2027 537 2064 llaec
562 2028 650 2064 talia
673 2027 916 2063 commiserint
945 2037 1140 2072 eorumque
1157 2027 1362 2073 participes
1381 2026 1546 2073 periculo
1570 2027 1702 2078 capitis
1724 2027 1855 2069 subici,
1887 2033 1924 2062 ta
1939 2038 1993 2063 em
2016 2038 2099 2064 vero
2127 2029 2309 2065 mulierem
2333 2030 2448 2066 ubivis

213 2073 424 2120 investiqaii
446 2077 481 2109 et
503 2083 584 2108 cum
606 2071 713 2108 rebus
735 2072 812 2107 suis
834 2072 872 2107 in
896 2073 1153 2107 monasterium
1177 2071 1312 2113 conici,
1344 2071 1383 2106 in
1407 2082 1480 2117 quo
1503 2081 1666 2106 securius
1689 2071 1864 2107 custodiri
1914 2072 2021 2114 ossit,
2053 2083 2099 2108 ne
2120 2074 2227 2109 etiam
2256 2075 2385 2110 iterum
2409 2077 2447 2110 in

213 2118 337 2154 eodem
371 2117 520 2154 crimine
552 2117 853 2164 deprehendatur.
899 2115 1037 2159 Quodsi
1071 2116 1280 2152 diaconissa
1310 2116 1359 2151 sit
1392 2121 1428 2152 et
1458 2115 1638 2162 leqitimos
1667 2115 1799 2152 liberos
1829 2116 1876 2152 Ιια
1901 2121 1976 2159 eat,
2011 2117 2170 2163 leqitima
2196 2129 2292 2164 pars
2326 2119 2448 2157 liberis

214 2163 329 2199 detur.
376 2162 421 2199 Si
441 2174 525 2200 vero
558 2163 656 2198 intra
679 2172 814 2198 annum
842 2165 930 2214 post
952 2161 1137 2207 coquitum
1170 2161 1241 2197 tale
1263 2160 1381 2196 scelus
1403 2160 1579 2197 eiusmodi
1608 2171 1668 2196 res
1697 2172 1720 2196 a
1751 2161 2011 2197 venerabilibus
2042 2162 2206 2199 domibus
2236 2175 2310 2200 non
2333 2165 2447 2201 vindi-

214 2212 352 2250 centur,
381 2207 542 2244 iubemus
566 2207 730 2243 omnibus
752 2206 870 2242 modis
892 2206 1056 2242 comitem
1086 2217 1207 2242 rerum
1223 2207 1456 2253 privatarum
1486 2217 1548 2242 eas
1567 2206 1659 2251 fisco
1683 2211 1811 2242 nostro
1836 2206 2015 2250 addicere,
2046 2211 2155 2253 atque
2173 2219 2325 2261 praeses
2347 2210 2446 2246 loco·

213 2264 295 2289 rum
318 2253 385 2300 qui
396 2253 539 2289 easdem
554 2263 613 2288 res
627 2252 812 2288 vindicare
826 2251 1042 2298 neylexerit,
1067 2251 1213 2298 cinqulo
1229 2252 1394 2298 privetur
1417 2251 1462 2287 ab
1478 2261 1593 2297 eoque
1608 2251 1720 2287 multa
1737 2253 1896 2298 quinque
1913 2251 2085 2288 librarum
2103 2263 2184 2288 auri
2198 2264 2271 2300 per
2286 2255 2446 2291 comitem

213 2309 335 2335 rerum
385 2299 585 2334 rivatarum
607 2298 791 2344 exiqatur.

347 2309 477 2380 {Lm
527 2342 699 2379 Omnibus
728 2353 813 2379 vero
845 2342 989 2378 omnino
1021 2342 1087 2388 qui
1115 2342 1153 2376 in
1183 2341 1367 2376 saeculari
1396 2340 1470 2376 vita
1501 2344 1704 2383 versantur,
1733 2344 1768 2376 et
1791 2341 1949 2377 maxime
1980 2342 2027 2377 iis
2054 2344 2118 2388 qui
2146 2353 2220 2379 rem
2245 2345 2447 2380 scaenicum

213 2393 384 2426 exercent
414 2392 450 2424 et
471 2387 560 2424 viris
589 2391 626 2424 et
648 2387 858 2423 mulieribus
887 2397 953 2423 nec
976 2397 1051 2422 non
1074 2386 1182 2422 etiam
1205 2385 1420 2433 prostitutis
1448 2385 1712 2428 interdicimuS,
1748 2397 1793 2422 ne
1817 2386 1940 2422 habitu
1972 2387 2138 2423 monachi
2164 2392 2227 2423 aut
2250 2389 2448 2426 monachae

214 2438 280 2470 aut
309 2434 486 2469 ascetriae
516 2437 679 2476 utantur,
714 2436 779 2468 aut
809 2432 885 2468 ullo
920 2431 1027 2468 modo
1062 2442 1142 2467 eum
1177 2431 1371 2475 imitentur,
1409 2441 1489 2466 cum
1522 2430 1642 2466 sciant
1676 2441 1813 2473 omnes,
1851 2432 1915 2478 qui
1945 2437 2010 2467 aut
2041 2432 2106 2468 tali
2137 2432 2263 2469 habitu
2297 2435 2351 2470 uti
2383 2438 2448 2471 aut

213 2490 294 2515 eum
328 2478 465 2514 imitari
504 2482 570 2515 aut
602 2477 672 2514 ulli
704 2477 948 2514 ecclesiastico
991 2477 1105 2512 statui
1147 2475 1299 2512 illudere
1337 2475 1517 2519 audeant,
1557 2486 1597 2512 se
1629 2480 1665 2512 et
1699 2477 1868 2523 corporis
1898 2487 2041 2523 poenas
2081 2478 2262 2514 subituros
2296 2489 2373 2515 esse
2412 2483 2449 2515 et

214 2524 327 2560 exilio
354 2523 526 2560 traditum
547 2523 606 2559 iri.
653 2524 771 2569 Atque
793 2524 829 2559 ei
849 2523 903 2558 rei
924 2522 1152 2569 prospiciant
1172 2532 1246 2558 non
1269 2521 1386 2557 solum
1409 2521 1628 2556 sanctissimi
1660 2521 1833 2567 cuiusque
1862 2521 1934 2557 loci
1956 2523 2119 2569 episcopi
2144 2527 2179 2558 et
2201 2524 2266 2569 qui
2294 2524 2341 2559 iis
2362 2524 2446 2560 sub·

214 2569 296 2605 iecti
318 2573 403 2605 sunt
426 2568 566 2611 clerici,
597 2568 663 2604 sed
691 2568 799 2604 etiam
822 2567 945 2604 civiles
974 2571 1010 2603 et
1032 2567 1206 2604 militares
1236 2567 1474 2613 maqistratus
1504 2569 1541 2602 et
1563 2566 1692 2612 officia
1715 2566 1760 2601 iis
1783 2566 1943 2603 subiecta
1973 2571 2008 2603 et
2032 2567 2104 2603 loci
2128 2568 2300 2615 cuiusque
2323 2569 2447 2616 defen-

260 2650 280 2683 3
299 2646 496 2688 ταξεωτῶν
508 2649 580 2682 Ecl.
601 2648 613 2691 11
629 2644 890 2681 διεκδικεῖσθαι
906 2648 935 2681 S
951 2646 963 2691 11
979 2644 1228 2690 τολμήσαντας
1244 2647 1272 2680 S
1286 2645 1298 2690 11

216 2696 237 2728 4
260 2693 307 2727 εἰς
330 2691 501 2738 κεφαλὴν]
526 2693 565 2726 ἐκ
588 2693 653 2726 τοῦ
677 2691 791 2736 νόμου
811 2693 881 2725 LB
912 2690 1110 2736 κεφαλικῶς
1132 2694 1297 2738 τιμωρεῖ-

215 2738 310 2772 σθαι
333 2751 359 2772 s.
372 2751 401 2771 υ.
416 2739 447 2772 L
472 2736 685 2784 (κεφαλικῶς
707 2735 951 2784 τιμωρεῖσθαι
974 2739 1046 2779 ἔχει
1069 2733 1088 2769 o‘
1111 2734 1299 2782 θεόὸωρος

216 2784 377 2818 Νοηιοο.”’
389 2785 422 2817 in
440 2787 556 2827 mary.)
575 2784 587 2826 11
611 2785 631 2817 5
656 2778 851 2828 ὑποφέρειν
875 2783 947 2816 Ecl.
965 2782 979 2826 11
1003 2784 1024 2816 6
1049 2779 1166 2823 ἰδίων]
1191 2777 1299 2824 αὐτῆς

216 2830 245 2862 S
261 2828 275 2872 11
290 2831 308 2862 7
326 2828 374 2862 εἰς
388 2827 633 2873 μοναστήριον
648 2827 829 2863 Nomoc.dm
845 2827 858 2871 11
875 2829 895 2862 8
919 2829 979 2860 καὶ
1003 2841 1062 2861 om.
1077 2827 1129 2860 Bt
1140 2828 1152 2870 11
1171 2828 1192 2861 9
1217 2828 1297 2870 μέν·

214 2885 272 2907 τοι
297 2874 325 2907 S
342 2876 354 2915 11
380 2875 420 2907 10
444 2873 515 2915 ἔχει
539 2875 607 2907 Sv.
622 2874 655 2914 l.‚
677 2874 724 2907 M
727 2874 800 2907 Ecl.
817 2871 994 2907 Nomoc.‘¹'”
1011 2872 1024 2916 11
1042 2869 1212 2906 διδόσθω
1236 2872 1265 2906 S
1287 2872 1299 2916 11

218 2921 257 2953 11
280 2917 361 2952 ἑνὸς
384 2931 442 2952 om.
459 2919 509 2951 13⁶
524 2919 536 2958 11
557 2920 598 2952 12
623 2917 735 2962 παρὰ]
759 2913 832 2952 ὑπὸ
853 2919 882 2951 S
910 2917 978 2950 iuri
999 2929 1019 2954 ς
1035 2918 1048 2961 ΙΙ
1075 2919 1115 2951 13
1138 2916 1188 2961 μὴ
1206 2914 1299 2950 διεκ-

217 2960 352 3009 δικηθῇ
375 2971 449 3007 post
471 2961 668 3009 πράγματα
694 2965 734 2998 12
759 2964 830 2997 coll.
846 2963 901 3007 811
928 2965 968 2997 14
991 2962 1069 2996 τῶν
1092 2961 1297 3008 πριβάτων]

216 3022 243 3042 ε.
268 3021 299 3042 υ.
328 3009 407 3042 τῶν
436 3005 566 3042 ἰδικῶν
589 3010 620 3042 L
655 3009 718 3051 τῆς
748 3005 862 3050 ἰδικῆς
890 3004 995 3051 ἡμῶν
1023 3011 1227 3052 περιουσίας
1250 3007 1302 3040 B!

216 3054 290 3087 Ecl.
318 3053 331 3097 11
359 3055 520 3098 υμετέρω
544 3054 589 3088 Μ
613 3054 625 3097 ΙΙ
653 3055 784 3099 φίσκῳ]
819 3053 906 3096 οἴκῳ
930 3053 967 3086 Β
993 3052 1007 3097 11
1043 3055 1084 3088 16
1113 3051 1160 3086 τὰ
1193 3048 1298 3093 αὐτὰ]

216 3098 263 3132 τὰ
290 3099 445 3133 τοιαῦτα
476 3098 527 3132 ΒΓ
545 3099 726 3141 Νονηοε.’”,
764 3099 896 3133 Nomoc.
922 3098 953 3131 L
979 3099 1026 3132 tit.
1063 3098 1076 3142 11
1104 3094 1299 3144 πράγματα

218 3157 276 3177 om.
302 3155 323 3181 ς
347 3144 360 3188 11
390 3140 575 3186 ἐκδικῆσαι
607 3146 700 3188 (post
722 3139 967 3186 ἀμελήσαντος
989 3155 1018 3177 υ.
1045 3145 1086 3178 15
1111 3144 1196 3185 coll.)
1226 3143 1256 3177 S

218 3185 480 3233 ἀφαιρουμένης
500 3189 553 3223 ΒΤ
575 3190 588 3231 11
612 3191 652 3224 17
670 3187 806 3233 λιτρῶν
821 3188 923 3222 LBS
933 3189 967 3230 (ς
981 3188 1072 3230 lum]
1096 3186 1217 3233 λίτρας
1234 3187 1276 3221 Μ

220 3236 262 3268 18
285 3233 646 3278 εἰσπραχθησομένου
669 3234 699 3268 S
714 3235 879 3278 plerique,
903 3232 1011 3267 LBct
1029 3234 1190 3268 Nomoc.m
1215 3233 1228 3278 11
1259 3235 1298 3268 19

218 3279 391 3321 κοσμικῷ]
415 3279 577 3322 κοσμικῷ
591 3282 664 3322 βίῳ
679 3279 875 3313 Haloander
891 3291 930 3313 ex
945 3290 966 3315 e
982 3278 995 3322 11
1013 3279 1055 3313 20
1071 3280 1144 3313 τοῖς
1165 3292 1223 3313 om.
1239 3278 1268 3311 L
1288 3277 1300 3321 11

220 3325 263 3357 22
286 3319 309 3366 ἢ
331 3326 551 3370 μοναστρίας
574 3324 760 3366 LSeIulJ
797 3336 855 3358 om.
882 3324 959 3357 ΜΒ
987 3323 1000 3367 11
1029 3325 1072 3359 23
1096 3321 1300 3367 οἱῳδὴποτε

219 3365 346 3411 τρόπῳ
362 3368 483 3409 τοῦτο]
500 3370 738 3412 cuiuscumque
754 3378 914 3412 personae
930 3370 966 3411 (i.
976 3381 1002 3402 e.
1017 3367 1220 3412 προεώπου)
1237 3369 1299 3401 hu-

220 3413 272 3444 ius
287 3424 306 3449 ς
322 3413 336 3456 11
353 3415 395 3448 25
413 3413 585 3457 ἐμπαῖξαι
600 3413 659 3456 εἰς]
684 3415 873 3458 ἐμπαίζειν
884 3413 935 3447 B·
952 3412 965 3458 11
982 3414 1025 3448 28
1039 3413 1105 3447 τοῦ
1120 3411 1298 3454 τοιούτου]

220 3456 347 3491 τούτου
368 3459 426 3494 Se
452 3458 464 3501 Ι
491 3455 533 3492 οὗ
554 3457 671 3503 μόνον
694 3471 753 3493 om.
767 3459 796 3492 S
803 3460 964 3503 plerique,
987 3469 1008 3495 ς·
1035 3458 1049 3503 11
1075 3460 1119 3493 29
1143 3455 1298 3492 ὁσιωτά-

220 3513 297 3534 των
322 3515 378 3535 om.
395 3503 478 3546 Sel}
499 3506 560 3537 καὶ
577 3524 621 3529 -
637 3507 680 3540 30
696 3501 876 3548 κληρικῶν
899 3516 957 3538 om.
973 3503 1002 3537 S
1023 3502 1036 3547 11
1060 3504 1104 3538 30
1128 3499 1232 3546 ἀλλὰ]
1256 3498 1299 3537 οὗ

220 3544 293 3598 μὴν
316 3542 406 3579 ἀλλὰ
428 3547 457 3580 S
463 3550 610 3592 plerique
628 3548 733 3594 11τῶν
752 3548 1040 3595 στρατιωτικῶν]
1064 3548 1142 3583 τῶν
1166 3562 1224 3583 om.
1237 3547 1299 3583 SL

225 3590 371 3631 fortasse
387 3590 519 3626 rectiue’
535 3594 723 3628 Zachariae

1366 2644 1510 2678 iudicem
1528 2644 1586 2689 Τ11
1603 2646 1648 2686 et]
1673 2645 1772 2678 etiam
1794 2645 1825 2678 V
1847 2645 1859 2689 11
1885 2647 1905 2679 2
1922 2645 2064 2679 iudicari
2082 2647 2134 2680 Τι
2151 2646 2163 2690 ΙΙ
2179 2648 2289 2681 autem
2310 2661 2367 2682 om.
2383 2649 2417 2682 T
2434 2649 2447 2693 11

1367 2691 1386 2723 3
1411 2690 1589 2723 sustinebit
1613 2690 1704 2724 R²T
1727 2689 1740 2734 11
1768 2691 1790 2724 4
1813 2700 1890 2723 vero
1915 2703 1973 2724 om.
1993 2691 2043 2725 Τι
2071 2690 2084 2736 11
2102 2691 2226 2734 ubique
2246 2693 2315 2726 VT
2324 2693 2348 2735 ι]
2372 2693 2447 2727 ubi·

1366 2745 1508 2777 eumque
1531 2734 1619 2768 ΒΤ2
1629 2736 1716 2779 vulq.
1741 2734 1754 2779 11
1777 2735 1921 2777 *quaeri
1945 2737 2064 2770 addidi
2079 2737 2091 2779 11
2120 2738 2139 2769 5
2164 2739 2199 2769 in
2225 2739 2302 2771 add.
2327 2740 2414 2783 vuly.

1367 2781 1503 2813 recondi
1521 2780 1574 2813 T¹
1586 2781 1684 2824 vala]
1701 2779 1794 2813 reddi
1809 2781 1844 2813 R
1854 2780 1936 2814 VT2
1951 2780 1964 2824 11
1981 2783 2098 2814 cautus
2113 2781 2162 2814 Β*
2181 2782 2194 2823 11
2209 2784 2229 2815 6
2245 2782 2358 2815 eadem
2373 2740 2448 2829 3111

1367 2826 1388 2859 8
1411 2825 1596 2867 legitimam
1619 2824 1819 2870 R²Tvuly.]
1843 2827 1876 2859 et
1893 2825 2077 2868 legitimam
2095 2826 2211 2870 R¹Vu
2235 2827 2308 2859 dari
2331 2828 2418 2872 ναῖς.
2433 2829 2446 2871 11

1367 2871 1388 2904 9
1413 2870 1497 2903 citra
1520 2870 1570 2903 θ’
1597 2870 1611 2914 11
1638 2880 1764 2903 annum
1788 2881 1891 2904 unum
1918 2872 1956 2913 T,
1991 2881 2116 2904 annum
2143 2879 2220 2914 post
2248 2873 2446 2914 cognouerit

1368 2916 1440 2949 coll.
1463 2916 1496 2949 V
1517 2915 1531 2959 11
1558 2915 1782 2958 *cognouerit
1802 2916 1866 2949 VT
1895 2917 2106 2958 cognoscitur
2130 2917 2278 2960 Rvulq.;
2315 2930 2359 2951 an
2383 2919 2444 2961 leq.

1368 2960 1539 3002 cognitum
1554 2960 1621 2994 sit?
1639 2960 1652 3004 11
1670 2962 1711 2994 10
1724 2960 1866 3002 facinus]
1880 2961 2098 2995 commisisset
2111 2975 2136 2995 s.
2147 2974 2175 2995 υ.
2187 2963 2264 2995 add.
2281 2960 2341 3003 V³,
2358 2972 2445 2995 com-

1756 3007 1829 3039 iure
1851 3006 1974 3048 R¹T²‚
1998 3020 2055 3040 om.
2072 3007 2121 3040 Τι
2140 3007 2152 3050 11
2173 3006 2331 3040 domuum
2355 3007 2446 3051 RTn

1367 3061 1435 3084 non
1460 3050 1620 3084 om.R²V
1638 3051 1651 3094 11
1678 3052 1717 3086 11
1744 3052 1930 3084 commitem
1951 3052 1984 3085 V
2001 3053 2115 3084 comiti
2139 3053 2169 3084 R
2203 3052 2367 3085 committi
2394 3053 2446 3086 ΤΟ

1367 3095 1516 3129 commiti
1537 3096 1568 3129 T
1574 3094 1588 3117 ¹³
1605 3096 1618 3140 11
1639 3097 1679 3130 12
1695 3096 1774 3129 fisco
1791 3098 1904 3130 nostro
1919 3097 1953 3130 R
1964 3098 2050 3141 vulq.
2067 3096 2080 3141 11
2097 3098 2168 3138 has]
2185 3097 2266 3130 haec
2278 3098 2312 3131 R
2329 3096 2343 3142 Η
2357 3097 2445 3130 iudi-

1367 3151 1437 3174 cem
1457 3141 1516 3182 21⁷²,
1539 3141 1650 3174 iudice
1673 3142 1813 3175 restituit
1830 3142 1862 3175 T
1868 3141 1883 3163 ⁸
1898 3141 1910 3185 11
1930 3143 1971 3177 13
1995 3142 2134 3183 easdem]
2159 3152 2210 3175 res
2233 3143 2311 3175 add.
2325 3143 2410 3186 valq.
2432 3141 2446 3187 11

1370 3188 1411 3221 14
1435 3186 1511 3219 auri
1531 3186 1635 3220 om.R
1658 3186 1733 3219 auri
1753 3196 1773 3219 a
1793 3199 1851 3220 om.
1867 3187 1915 3220 Τ1
1931 3186 1944 3231 11
1962 3186 2116 3221 commite
2137 3186 2193 3230 Vl}
2219 3188 2259 3221 15
2283 3186 2445 3229 exigendo

1367 3232 1466 3275 vala]
1491 3231 1651 3273 exigenda
1672 3231 1735 3265 VT
1754 3231 1947 3273 exigendam
1966 3232 1999 3264 R
2014 3233 2026 3275 11
2060 3234 2100 3267 19
2123 3231 2249 3274 itaque]
2273 3231 2386 3274 itaque
2407 3231 2444 3264 in

1370 3277 1422 3309 Το
1439 3276 1452 3320 11
1468 3276 1640 3317 saeculari]
1656 3275 1788 3310 saeculo
1803 3277 1841 3309 in
1858 3277 1891 3310 T
1897 3277 1908 3297 ²
1926 3276 1939 3320 11
1955 3278 1996 3311 21
2013 3277 2260 3320 prostrantibus
2276 3276 2354 3310 RV
2367 3287 2442 3320 pro-

1366 3321 1526 3355 stratibus
1545 3320 1595 3355 Τ2
1611 3321 1624 3365 Ι
1641 3322 1685 3356 22
1700 3321 1753 3354 uti
1767 3322 1867 3365 vala]
1890 3324 1929 3355 ut
1945 3322 2014 3355 ΒΤ
2031 3335 2094 3353 n·
2113 3322 2156 3356 V¹
2180 3332 2241 3355 neo
2257 3331 2324 3355 non
2341 3324 2374 3354 et
2395 3319 2443 3353 1⁷²

1367 3369 1400 3398 et
1416 3369 1454 3399 ut
1475 3366 1524 3400 V³
1541 3366 1553 3410 11
1568 3367 1702 3400 scemati
1718 3367 1750 3400 R
1762 3367 1852 3401 V¹T
1862 3366 1875 3411 11
1900 3367 2100 3401 monasterie
2119 3367 2152 3401 T
2162 3366 2175 3411 11
2192 3369 2252 3400 aut
2266 3365 2395 3399 asistrie
2418 3366 2446 3398 V

1367 3414 1425 3444 aut
1449 3411 1561 3445 sistrie
1586 3412 1646 3453 T²‚
1670 3424 1728 3446 om.
1743 3411 1828 3444 ΒΤι
1848 3410 1862 3455 ΙΙ
1889 3412 1930 3445 23
1955 3412 2056 3445 huius
2077 3412 2136 3453 T¹1
2161 3411 2213 3445 ius
2235 3411 2270 3445 V
2285 3410 2338 3442 his
2356 3410 2443 3443 ΙίΤ2

1366 3456 1557 3490 huiusmodi
1580 3457 1678 3501 only„
1707 3456 1772 3490 hoo
1795 3457 1974 3490 Heimbach
2003 3456 2016 3501 Ι
2043 3456 2194 3490 inmitari
2216 3456 2248 3489 V
2271 3455 2442 3487 immutari

1366 3501 1399 3534 R
1415 3500 1427 3544 11
1446 3502 1489 3535 24
1509 3503 1579 3543 aut]
1603 3503 1643 3535 ut
1665 3501 1714 3535 Β*
1731 3501 1744 3544 11
1768 3501 1820 3534 uti
1836 3500 1908 3542 tali]
1933 3502 1970 3535 in
1986 3501 2047 3535 tali
2062 3502 2112 3536 R*
2125 3501 2176 3535 1³¹
2197 3498 2338 3533 utilitati
2357 3499 2388 3533 T
2399 3500 2407 3519 ¹
2430 3499 2442 3545 11

1366 3547 1409 3580 25
1432 3546 1585 3580 inmitari
1606 3546 1641 3580 R
1661 3546 1674 3589 11
1700 3556 1775 3579 eum
1798 3559 1857 3580 om.
1871 3547 1957 3590 vulq.
2017 3546 2169 3586 illudere]
2192 3543 2279 3577 illud
2303 3546 2350 3576 est
2375 3544 2407 3577 R
2430 3549 2441 3587 11

1365 3590 1546 3634 disciplina
1557 3591 1780 3625 ecclesiastica
1793 3589 1860 3636 13⁰1
1883 3592 1926 3626 26
1940 3601 2019 3634 quia
2030 3593 2075 3632 ot]
2090 3592 2124 3624 et
2137 3589 2198 3623 del.
2211 3587 2261 3622 Τ*
2276 3588 2289 3632 11
2307 3590 2347 3623 27
2363 3599 2440 3622 oon-

1364 3635 1545 3669 traduntur
1561 3636 1595 3670 R
1611 3636 1624 3680 11
1640 3637 1720 3670 huie
1736 3637 1833 3680 vulo]
1882 3636 1958 3669 uias
1976 3634 2082 3715 ἱίὁῧίἲη
2098 3636 2141 3669 28
2165 3634 2276 3674 etiam]
2301 3636 2335 3667 et
2356 3633 2407 3668 T’
2428 3633 2442 3680 Ι

1365 3681 1408 3716 29
1432 3680 1572 3715 cuilibet
1596 3681 1654 3726 ΤΙ
1671 3691 1756 3724 quae
1770 3681 1871 3725 vala]
1893 3680 1954 3723 qui
1974 3679 2010 3714 R
2092 3679 2165 3724 {30
2189 3680 2269 3713 sunt
2292 3677 2441 3724 om.R¹u

1364 3727 1506 3767 Poenas]
1530 3728 1647 3760 Pon·
1671 3726 1721 3761 V¹

1367 3006 1494 3039 misisse
1518 3006 1695 3050 adelvuly.
1719 3006 1731 3049 11

270 3723 286 3756 t
302 3731 370 3757 non
382 3722 481 3756 otiam
495 3733 608 3758 eorum
620 3725 838 3760 cuiuslibetR
855 3736 923 3761 non
936 3726 1038 3761 unius
1051 3726 1232 3761 cuiuslibet
1245 3726 1297 3771 711
