2580 4022
158 166 217 196 UT
246 165 424 197 MATRES
453 164 661 196 TUTELAE
1250 148 1326 198 731
2072 150 2180 195 Nov.
2210 148 2319 194 CLV
2339 163 2402 205 pr.

1237 311 1330 355 T’N—b:

156 387 335 441 ΠΕΡΙ
371 387 516 441 ΤΟΥ
562 387 731 440 ΔΕΙΝ
769 388 909 440 TA}
953 385 1812 509 ΜΗᾘὲΙὲιῗΣΣΜΥὸΙὶΙξΚΕΙΣΘΑΙ
1858 383 2402 439 ΕΠΙΤΡΟΠΙΚΟΙΣ

653 532 906 580 Αὐτοκράτωρ
928 532 1178 569 ’[ουστινιανὸς
1198 532 1407 581 Αὔγουστος
1430 531 1635 579 Βελισαρίω
1660 533 1909 580 (στρατηγῷ).

288 601 586 648 (Προοίμιον.)
633 598 826 658 Ἰκετηρίαν
858 602 1018 636 ἀνέτεινε
1044 600 1189 646 Μάρθα
1220 598 1241 645 ἡ
1272 600 1511 646 λαμπροτάτη
1541 601 1595 644 τῷ
1625 598 1788 646 ἡμετέρῳ
1821 600 1943 645 κράτει
1974 601 2220 645 περιέχουσαν,
2246 601 2400 644 Σεργίου

155 648 220 683 τοῦ
254 649 316 690 τῆς
338 646 632 693 μεγαλοπρεποῦς
664 659 803 692 μνημης
826 648 890 682 τοῦ
915 644 1023 690 αὐτῆς
1046 649 1238 693 γενομένου
1262 646 1398 691 πατρὸς
1421 645 1710 688 τετελευτηκότος
1734 644 2026 690 καταλειφθῆναι
2047 646 2114 687 μὲν
2137 642 2249 686 αὐτὴν
2273 642 2400 689 κομιδῇ

155 695 244 728 νέαν
267 692 336 736 τὴν
360 692 514 735 η’λικίαν,
546 691 614 735 τὴν
639 694 676 728 δὲ
699 693 811 735 αὐτῆς
835 690 1053 734 κηδεμονίαν
1084 689 1263 726 ὑπελθεῖν
1286 688 1493 732 Λῦξεντίαν
1517 689 1587 734 τὴν
1608 689 1869 735 λαμπροτάτην
1893 687 2002 733 αὐτῆς
2023 690 2171 733 μητέρα,
2196 689 2400 732 καταθεμέ-

155 750 224 780 νην
252 739 320 782 μὲν
355 739 394 772 ἐν
418 734 675 782 ὑπομνήμασιν
699 734 747 773 οὖς
768 735 809 772 οὗ
834 751 861 773 π
886 735 1084 780 οςομιλήσει
1108 735 1283 782 δευτέροις
1305 735 1444 782 γάμοις,
1476 739 1536 770 καὶ
1560 735 1628 770 τὸν
1651 733 1742 780 ὑπὲρ
1766 734 1896 769 τούτου
1920 732 2160 781 διωρισμένον
2183 736 2256 767 τοῖς
2278 731 2400 788 ἡμετέ-

156 794 229 828 ροις
259 783 382 827 νόμοις
414 779 521 828 ὅρκον
551 785 832 828 παρασχομένην
888 779 1124 825 ιοικήσασθαι
1156 781 1202 815 τὰ
1236 784 1449 828 πράγματα,
1479 779 1622 815 τούτων
1655 778 1694 814 δὲ
1724 776 1807 825 παρ’
1835 776 1944 823 αὐτῆς
1973 780 2251 825 πεπραγμένων,
2283 776 2400 833 ω’ςπερ

157 826 243 862 οὐδέ
263 839 361 863 τινος
379 824 486 873 ὅρκου
505 825 589 874 παρ’
617 825 727 870 αὐτῆς
751 826 944 872 δεδομένου
968 830 1028 861 καὶ
1052 823 1369 873 εὐκαταφρονήτου
1393 826 1455 869 τῆς
1479 824 1797 870 καταλελειμμένης
1818 822 2046 871 ὑπαρχούσης
2065 826 2280 868 περιουσίας,
2305 837 2399 857 κατα

157 873 225 916 τὴν
251 870 310 909 ὑπ’
337 872 447 916 αὐτῆς
469 875 667 919 γενομένην
691 872 909 919 ἀπογραφὴν
932 870 1059 916 μέτριά
1082 885 1165 905 τινα
1191 870 1420 915 δηλωθῆναι·
1444 871 1536 916 μετὰ
1562 869 1601 904 δὲ
1624 872 1741 905 ταῦτα
1771 867 1888 916 γάμον
1919 868 2070 903 ἑλέσθαι
2102 867 2271 914 δεύτερον
2301 866 2401 911 κηδε-

156 915 251 963 μόνα
277 921 418 963 Πέτρον
451 915 541 965 αὐτῇ
574 917 883 962 προβαλλομένην,
913 920 973 951 καὶ
997 919 1035 950 ἐκ
1060 918 1126 950 τοῦ
1152 914 1316 963 δευτέρου
1341 919 1562 950 συνοικεσίου
1588 914 1654 949 δύο
1677 917 1745 958 μὲν
1769 917 1956 958 ἐσχηκέναι
1976 912 2119 957 παῖδας,
2143 911 2207 956 οὐχ
2230 911 2339 959 ὑγιῶς
2363 911 2402 946 δὲ

157 964 248 1019 πρὸς
279 961 397 1006 αὐτὴν
428 965 617 1006 ἐσχηκυῖαν
647 962 716 998 τὸν
744 965 812 1008 μὲν
843 961 1077 997 καταστάντα
1103 958 1187 1006 παρ’
1215 958 1323 1006 αὐτῆς
1347 963 1548 1007 ἐπίτροπον
1571 963 1632 1003 τῆς
1657 958 1865 1003 διοικήσεως
1888 957 2093 1002 ἀποστῆσαι
2119 959 2183 993 τοῦ
2207 956 2400 1002 τριςκαιδε-

158 1021 270 1043 κατου
293 1007 396 1053 μόλις
419 1005 528 1051 αὐτῆς
552 1006 889 1053 ἐπιλαμβανομένης
909 1007 1087 1047 ἐνιαυτοῦ,
1121 1007 1271 1041 πείθειν
1300 1004 1339 1040 δὲ
1362 1004 1542 1051 κηδεμόνα
1565 1007 1628 1049 τῆς
1653 1003 1817 1051 δευτέρας
1840 1002 1976 1048 ἡλικίας
2001 1004 2155 1046 αἰτῆσαι,
2179 1006 2239 1038 καὶ
2263 1015 2400 1048 παραυ-

158 1058 241 1088 τίκα
271 1054 420 1088 πείθειν
452 1051 630 1087 διαλύσεις
663 1065 705 1087 συ
728 1050 867 1099 γράψαι
900 1050 987 1097 πρὸς
1019 1051 1131 1095 αὐτὴν
1154 1054 1215 1085 καὶ
1238 1055 1350 1086 παντὶ
1377 1050 1471 1097 λόγῳ
1496 1050 1587 1086 δυνα
1617 1053 1687 1094 ένῳ
1712 1050 1805 1085 κατὰ
1826 1050 1954 1095 νόμους
1978 1045 2173 1094 ἁρμόττειν
2198 1045 2290 1094 αὐτῇ
2314 1060 2400 1094 προ·

158 1100 267 1144 φάσει
290 1100 367 1133 τῶν
390 1100 451 1141 τῆς
475 1098 672 1143 ἐπιτροπῆς
716 1099 878 1144 ογισμιῦν
901 1095 994 1131 κατὰ
1019 1096 1082 1131 τὰς
1106 1095 1275 1130 τοιαύτας
1298 1093 1560 1136 ἀποτάξασθαι
1594 1095 1769 1138 “ιαλύσεις,
1794 1096 1835 1129 ἐν
1855 1095 2004 1129 κοιτῶνί
2018 1107 2058 1128 τε
2073 1086 2187 1128 οὖσαν
2202 1095 2402 1136 τηνικαῦτα

158 1148 218 1178 καὶ
242 1145 321 1178 τῶν
345 1145 608 1188 πραττομένων
632 1139 739 1177 οὐδὲν
764 1144 1026 1187 ἐπισταμένην·
1050 1139 1134 1176 οὐδὲ
1154 1139 1225 1188 γὰρ
1249 1141 1329 1175 οἶόν
1351 1155 1391 1176 τε
1415 1138 1461 1186 ἦν
1484 1140 1553 1184 τὴν
1577 1138 1661 1186 παρ’
1688 1136 1778 1187 αὐτῇ
1803 1140 2050 1174 καθεστῶσαν
2073 1142 2134 1173 καὶ
2158 1138 2247 1183 πρὸς
2271 1135 2403 1172 οὐδένα

159 1190 275 1224 εἰπεῖν
300 1202 336 1222 τι
360 1187 563 1231 δυναμένην
588 1201 634 1223 πε
659 1191 670 1220 ἰ
695 1190 774 1222 τῶν
798 1185 875 1222 κατ’
903 1187 1013 1230 αὐτῆς
1034 1190 1247 1233 γινομένων,
1280 1189 1339 1220 καὶ
1364 1187 1395 1220 εἰ
1418 1187 1480 1229 τῆς
1504 1188 1752 1232 ἐπιγινομένης
1776 1182 1865 1231 αὐτῇ
1887 1183 2022 1240 βλάβης
2046 1180 2242 1230 ᾐσθάνετο,
2266 1183 2405 1229 πρᾶξαί

159 1248 195 1268 τι
227 1235 304 1268 τῶν
336 1231 552 1277 δυναμένων
582 1246 634 1266 κω
659 1235 743 1266 ὗσαι
775 1232 820 1268 τὰ
854 1231 945 1277 πρὸς
975 1232 1045 1275 τὴν
1077 1229 1185 1275 α’ἰτῆς
1216 1231 1412 1276 ἐπιβουλὴν
1440 1230 1690 1275 palefatus-va·
1730 1232 1796 1265 τοῦ
1827 1230 1866 1264 δὲ
1896 1242 2027 1274 χρονου
2062 1227 2402 1273 παρασκευάσαντος

159 1277 274 1321 αὐτὴν
298 1282 357 1312 καὶ
381 1278 423 1312 τὸ
453 1277 656 1321 μελετηθέν
683 1275 760 1312 κατ’
788 1274 896 1320 αὐτῆς
926 1277 1148 1318 αἰσθέσθαι,
1181 1275 1269 1322 πρὸς
1300 1279 1366 1320 μὲν
1396 1276 1466 1319 τὴν
1495 1279 1631 1322 μητέρα
1659 1278 1733 1310 τισὶ
1763 1275 1971 1320 χρήσασθαι
2002 1273 2280 1319 παρακλήσεσιν,
2314 1269 2403 1307 ὦςτε

158 1322 286 1368 μηδενὶ
306 1325 384 1358 τῶν
402 1321 480 1357 κατ’
506 1318 615 1366 αὐτῆς
638 1323 886 1370 πραχθέντων
910 1319 1202 1367 ἀποχρήσασθαι,
1236 1322 1282 1356 τὰ
1308 1320 1348 1356 δὲ
1371 1324 1559 1367 πρέποντα
1582 1324 1690 1366 μητρὶ
1713 1324 1796 1366 περὶ
1818 1317 1935 1361 αὐτὴν
1959 1317 2227 1362 ἐπιδείξασθαι,
2250 1321 2310 1353 καὶ
2333 1318 2402 1361 τὴν

159 1370 236 1403 τῶν
269 1365 456 1414 πατρῴων
489 1364 581 1415 αὐτῇ
614 1368 843 1414 πραγμάτων
870 1366 1170 1402 ἀποκατάστασιν
1203 1364 1450 1410 ποιήσασθαι,
1479 1366 1583 1400 καθὰ
1613 1367 1667 1408 τῷ
1700 1364 1804 1410 νόμῳ
1837 1363 1949 1399 δοκεῖ·
1985 1363 2055 1407 τὴν
2086 1363 2126 1397 δὲ
2160 1367 2234 1398 τοῖς
2268 1365 2306 1397 ἐκ
2338 1363 2402 1397 τοῦ

159 1412 326 1460 δευτέρου
355 1413 483 1467 γάμουἱ
499 1416 702 1460 γενομένοις
733 1416 862 1447 παισὶν
894 1411 1028 1456 ἑαυτὴν
1055 1409 1143 1456 ὅλην
1167 1410 1345 1447 ἐκδοῦσαν
1369 1409 1453 1446 οὐδὲ
1476 1411 1558 1446 τοὺς
1581 1410 1764 1445 τοιούτους
1787 1410 2003 1454 προςίεσθαι
2028 1407 2163 1463 λόγους,
2185 1407 2403 1444 τούναντίον

158 1461 226 1503 μὲν
255 1454 319 1493 οὖν
349 1462 410 1492 καὶ
444 1472 512 1513 την
544 1458 656 1493 θείαν
686 1456 788 1503 ἡμῶν
820 1457 1062 1502 προΐσχεσθαι
1093 1457 1329 1510 νομρθεσίαν,
1359 1460 1593 1502 περιέχουσαν
1615 1454 1665 1500 μὴ
1683 1454 1870 1490 δύνασθαι
1893 1452 1969 1488 κατ’
1997 1456 2106 1497 αυτῆς
2128 1457 2202 1488 τοῖς
2225 1454 2288 1496 τῆς
2311 1450 2402 1488 ἆπο<

2428 828 2467 860 10

2427 1052 2468 1085 15

2426 1277 2467 1309 20

159 1504 416 1538 καταστάσεως
438 1503 650 1549 χρησασθαι
675 1502 834 1546 δικαίοις,
858 1501 965 1537 οὐδὲν
987 1504 1054 1546 μὲν
1078 1514 1245 1536 τοιουτον
1269 1505 1352 1546 περὶ
1375 1504 1453 1536 τῶν
1475 1504 1642 1548 μητέρων
1666 1502 1742 1535 τῶν
1767 1498 2049 1551 ἀναδεξαμένων
2071 1498 2141 1542 τὴν
2164 1500 2242 1533 τῶν
2257 1499 2401 1533 οἰκείων
2425 1501 2467 1534 25

160 1547 307 1584 παίδων
327 1547 546 1593 κηδεμονίαν
569 1552 629 1582 καὶ
654 1546 836 1595 δευτέρους
860 1545 1129 1591 ἀσπαζομένων
1151 1546 1282 1594 γάμους
1305 1548 1567 1590 θεσπίζουσαν,
1593 1545 1648 1580 ἐπ’
1674 1544 1794 1580 ἄλλοις
1817 1543 1860 1579 δέ
1879 1558 1976 1579 τισιν
1995 1555 2093 1589 οροις
2116 1557 2156 1578 τε
2166 1546 2237 1586 ,καὶ
2253 1543 2402 1589 τρόποις

160 1596 259 1638 παρὰ
292 1595 353 1637 τῆς
383 1593 555 1639 ἡμετέρας
587 1591 766 1637 εὐσεβείας
797 1593 1088 1638 ἐκφωνηθεῖσαν.
1136 1595 1196 1626 καὶ
1226 1590 1286 1626 διὰ
1309 1594 1417 1626 τοῦτο
1441 1592 1510 1635 τὴν
1534 1591 1717 1636 ἱκετηρίαν
1740 1589 1828 1636 ἡμῖν
1852 1589 2046 1631 ἀνέτεινεν,
2071 1584 2128 1635 ἐφ’
2153 1587 2226 1632 ᾧτε
2249 1592 2309 1622 καὶ
2331 1587 2402 1631 τὴν

160 1637 328 1674 διάνοιαν
350 1640 414 1682 τῆς
438 1639 541 1673 θείας
561 1639 782 1683 νομοθεσίας
805 1639 903 1684 σαφῆ
927 1651 968 1672 τε
991 1640 1050 1672 καὶ
1074 1632 1393 1683 άναμφιςβήτητον
1416 1638 1653 1680 καταστῆσαι,
1677 1639 1737 1670 καὶ
1759 1635 1809 1680 μὴ
1833 1638 1906 1670 τοῖς
1929 1633 2019 1682 αὐτῇ
2037 1636 2298 1679 περιεχομένοις
2314 1632 2404 1668 ἀπο-

159 1687 348 1731 χρωμένην
372 1682 583 1725 Αὐξεντίαν
601 1684 669 1727 τὴν
692 1683 801 1726 αὐτῆς
822 1686 958 1728 μητέρα
982 1683 1030 1717 τὰ
1052 1681 1348 1728 καταλειφθέντα
1369 1683 1407 1716 ἐκ
1430 1683 1494 1717 τοῦ
1511 1681 1650 1728 πατρὸς
1667 1679 1864 1727 πράγματα
1880 1678 2000 1725 κέρδος
2015 1679 2147 1713 οἰκεῖον
2162 1679 2403 1722 ποιήσασθαι.

295 1776 380 1810 Νου.
403 1775 506 1809 CLV
527 1775 653 1809 Graece
678 1781 797 1808 tantum
821 1781 908 1808 extat
931 1775 964 1807 in
989 1774 1073 1815 ML,
1089 1774 1161 1816 fuit
1184 1774 1217 1807 in
1242 1773 1279 1806 B
1304 1775 1357 1815 37,
1374 1780 1418 1815 12,
1434 1779 1461 1806 2.
1485 1790 1531 1797 —
1554 1773 1644 1816 Epit.
1674 1771 1794 1805 Theod.
1818 1772 1893 1813 155,
1917 1770 2038 1804 Athan-
2059 1771 2111 1811 13,
2127 1777 2144 1804 3
2170 1770 2259 1812 (inde
2277 1770 2405 1813 passim

162 1827 328 1854 contracta
353 1821 445 1864 apud
466 1820 572 1853 Anon.
595 1819 816 1853 Bodleianum
841 1820 882 1853 27
904 1831 940 1863 p.
958 1819 1023 1852 222
1047 1819 1176 1860 Zach.).

346 2063 432 2113 UT
472 2061 760 2113 MATRES
806 2060 1123 2111 TUTELAE
1164 1995 1604 2112 RZZ'ONJBUS
1651 2059 2016 2111 OBNOXIAE
2057 2059 2232 2111 SINT.

633 2138 841 2186 Imperator
866 2137 1093 2175 lastinianus
1116 2140 1302 2185 Auqustus
1322 2139 1505 2175 Belisario
1529 2138 1720 2184 (maqistro
1743 2137 1923 2183 militum).

300 2208 561 2254 Praefatio.
611 2206 921 2255 Supplicationem
945 2205 1094 2242 Martha
1123 2206 1263 2251 femina
1287 2205 1489 2242 clarissima
1512 2206 1694 2241 maiestati
1717 2209 1866 2241 nostrae
1889 2205 2019 2241 obtulit
2042 2215 2116 2250 qua
2139 2205 2403 2249 continebatur,

165 2255 295 2302 Serqio
323 2253 540 2300 maqnificae
569 2253 763 2288 memoriae
783 2256 891 2298 patre
912 2262 979 2289 suo
1000 2251 1175 2297 defuneto
1198 2252 1314 2298 ipsam
1340 2250 1483 2297 quidem
1506 2254 1628 2287 tenera
1652 2250 1845 2286 admodum
1869 2253 1988 2286 aetate
2010 2251 2174 2286 relictam
2197 2261 2286 2292 esse,
2312 2254 2403 2286 tute-

165 2302 236 2337 lam
267 2303 386 2336 autem
415 2309 518 2334 suam
538 2298 758 2334 Aua-entiam
788 2297 964 2342 seminam
995 2295 1231 2331 clarissimam
1255 2299 1403 2332 matrem
1426 2306 1529 2331 suam
1552 2296 1752 2341 suscepisse
1775 2295 1966 2330 testatione
1989 2295 2027 2329 in
2051 2295 2142 2330 actis
2165 2295 2332 2342 deposita
2355 2296 2406 2331 ad

164 2345 342 2381 secundas
363 2355 402 2380 se
425 2343 575 2390 nuptias
598 2353 671 2378 non
693 2346 891 2384 venturam,
917 2344 951 2376 et
968 2341 1150 2387 praestito
1174 2340 1409 2376 iureiurando
1433 2340 1572 2386 leqibus
1594 2340 1731 2375 nostris
1753 2351 1796 2375 ea
1820 2339 1864 2374 de
1886 2350 1927 2374 re
1950 2341 2144 2375 constituto
2168 2351 2229 2376 res
2251 2340 2405 2375 admini-

165 2396 317 2432 strasse,
359 2388 416 2424 Itis
456 2391 574 2424 autem
607 2388 652 2423 ab
685 2398 728 2423 ea
751 2387 879 2432 qestis,
915 2386 1022 2431 quasi
1052 2396 1167 2431 neque
1197 2385 1448 2421 iusiurandum
1477 2385 1591 2420 ullum
1622 2385 1666 2420 ab
1698 2395 1741 2420 ea
1765 2386 1985 2431 praestitum
2016 2388 2109 2420 esset
2138 2388 2173 2419 et
2202 2385 2405 2420 substantia

165 2436 292 2472 relicta
317 2434 397 2470 vilis
426 2437 536 2479 atque
565 2431 824 2468 contemnenda
854 2434 963 2474 esset,
995 2441 1117 2478 pauca
1149 2430 1326 2477 quaedam
1357 2431 1395 2465 in
1423 2430 1626 2465 inventario
1651 2430 1696 2465 ab
1720 2440 1763 2464 ea
1793 2429 1961 2475 confecto
1993 2432 2121 2466 notata
2152 2439 2249 2471 esse,·
2276 2433 2404 2481 postea

166 2491 249 2517 vero
273 2478 451 2515 secundas
474 2488 552 2513 eam
578 2477 727 2523 nuptias
749 2475 955 2522 amplexam
980 2486 1057 2511 esse
1082 2479 1198 2511 tutore
1220 2475 1289 2511 sibi
1312 2474 1423 2511 Petro
1445 2475 1647 2520 desiqnato,
1679 2478 1788 2519 atque
1811 2473 1903 2509 duos
1922 2484 1972 2510 ex
1995 2474 2150 2509 secundo
2174 2475 2404 2510 matrimonio

165 2525 333 2561 habuisse
357 2523 500 2565 liberos,
524 2521 619 2557 unde
643 2532 723 2558 cum
741 2531 877 2568 parum
901 2520 988 2556 bene
1011 2519 1184 2556 adversus
1204 2530 1243 2555 se
1266 2519 1402 2566 affecta
1424 2523 1526 2561 esset,
1552 2523 1705 2554 tutorem
1729 2518 1774 2553 ab
1798 2529 1841 2554 ea
1864 2519 2066 2554 institutum
2100 2518 2144 2554 ab
2175 2518 2404 2554 administra-

167 2572 265 2607 tione
294 2568 502 2611 removisse,
533 2578 613 2604 cum
644 2568 725 2613 ipsa
760 2566 824 2602 vix
857 2565 999 2601 tertium
1031 2564 1204 2600 decimum
1236 2575 1370 2600 annum
1402 2566 1568 2610 inqressa
1598 2567 1690 2600 esset
1721 2563 1860 2609 sibique
1917 2563 2113 2599 ersuasisse
2136 2568 2177 2598 ut
2199 2568 2405 2600 curatorem

165 2614 345 2651 secundae
375 2616 506 2648 aetatis
531 2615 690 2659 peteret,
721 2611 805 2646 item
835 2610 918 2646 ilico
945 2610 1174 2656 persuasisse
1202 2613 1243 2645 ut
1267 2610 1476 2656 pactionem
1508 2619 1588 2644 eum
1621 2608 1703 2655 ipsa
1734 2607 1877 2643 conseri
1900 2612 1976 2644 eret
2007 2612 2116 2654 atque
2149 2608 2247 2644 omni
2267 2609 2407 2644 actioni

167 2671 261 2706 quae
283 2658 478 2695 secundum
503 2657 599 2703 leqes
620 2656 753 2698 tutelae
774 2656 958 2690 rationum
982 2654 1122 2689 nomine
1142 2654 1210 2690 sibi
1233 2658 1432 2700 competere
1449 2657 1579 2700 posset
1598 2663 1667 2700 per
1692 2652 1797 2688 talem
1814 2653 2025 2699 pactionem
2048 2653 2285 2696 renuntiaret,
2315 2656 2403 2688 tam-

167 2706 237 2741 etsi
257 2705 363 2740 etiam
389 2707 462 2739 tum
486 2703 525 2737 in
548 2701 713 2738 cubiculo
737 2703 829 2736 esset
851 2710 916 2735 nee
940 2699 1132 2745 quiequam
1147 2698 1371 2745 intellegeret
1386 2709 1510 2735 eorum
1526 2708 1620 2744 quae
1633 2701 1866 2744 qererentur:
1891 2708 2007 2742 neque
2023 2698 2116 2733 enim
2131 2697 2218 2742 fieri
2228 2698 2403 2745 potuisse,

167 2754 208 2785 ut
239 2759 332 2795 quae
364 2747 465 2795 apud
492 2746 592 2782 illam
623 2749 785 2781 maneret
815 2755 880 2780 nec
912 2744 1080 2790 cuiquam
1111 2743 1253 2779 verbum
1283 2744 1410 2789 faeere
1434 2746 1560 2789 posset
1592 2742 1637 2778 de
1667 2743 1713 2777 iis
1743 2752 1837 2788 quae
1860 2741 2033 2778 adversus
2056 2743 2174 2789 ipsam
2197 2746 2405 2789 aqerentur,

167 2794 308 2830 etiamsi
338 2792 507 2828 damnum
539 2791 607 2827 sibi
637 2791 774 2837 inferri
800 2789 980 2831 sensisset,
1038 2789 1207 2833 uicquam
1230 2799 1353 2824 eorum
1375 2789 1520 2833 faceret
1543 2798 1636 2832 quae
1654 2786 1848 2833 probibere
1868 2790 2019 2833 possent
2042 2787 2195 2823 consilia
2219 2787 2269 2823 ad
2291 2788 2406 2834 ipsius

167 2838 321 2875 insidias
352 2837 516 2884 aqitata;
546 2847 626 2872 cum
655 2839 774 2871 autem
808 2840 945 2880 tempus
977 2844 997 2868 e
1015 2833 1142 2878 ficeret
1174 2835 1213 2868 ut
1236 2833 1308 2868 iam
1332 2844 1425 2879 quae
1448 2831 1621 2868 adversus
1643 2842 1681 2868 se
1704 2832 1846 2877 aqitata
1868 2835 1988 2868 essent
2008 2833 2174 2875 sentiret,
2202 2843 2241 2868 se
2263 2832 2406 2878 quidem

168 2882 475 2919 admonitionibus
498 2892 600 2917 usam
624 2891 700 2916 esse
723 2879 825 2925 apud
842 2882 1004 2920 matrem,
1036 2888 1081 2912 ne
1101 2877 1146 2912 iis
1194 2888 1261 2914 uae
1284 2881 1411 2913 eontra
1434 2887 1472 2912 se
1496 2880 1578 2912 acta
1602 2880 1719 2912 essent
1743 2875 1962 2920 abuteretur,
1987 2876 2053 2912 sed
2074 2880 2115 2913 ut
2162 2888 2231 2913 uae
2253 2881 2405 2914 matrem

168 2929 336 2964 decerent
365 2938 455 2972 erqa
481 2937 519 2961 se
537 2929 758 2973 praestaret,
780 2928 890 2970 atque
907 2927 1149 2969 paternorum
1197 2932 1349 2958 anorum
1371 2922 1440 2957 sibi
1463 2921 1723 2957 restitutionem
1769 2924 1888 2957 aceret
1911 2888 2207 2967 quemadmozgcm
2232 2921 2303 2969 leqi
2320 2922 2405 2969 pla-

169 2977 285 3014 ceret;
315 2972 415 3006 illam
448 2981 531 3006 vero
563 2970 684 3005 liberis
714 2979 764 3004 ex
793 2968 949 3003 secundo
979 2966 1208 3002 matrimonio
1239 2968 1337 3003 natis
1368 2970 1479 3002 totam
1503 2965 1659 3002 deditam
1683 2965 1782 3001 nuto
1800 2970 1916 3012 pacto
1937 2966 2113 3003 eiusmodi
2134 2967 2318 3002 orationes
2340 2967 2405 3002 ad-

169 3017 318 3059 misisse,
350 3015 437 3060 quin
469 3026 488 3050 e
520 3014 703 3050 contrario
735 3023 877 3048 sacram
902 3015 1061 3047 nostram
1083 3011 1330 3057 praetendisse
1354 3010 1479 3056 leqem,
1503 3021 1575 3056 qua
1599 3010 1830 3046 contineatur
1851 3021 1925 3046 non
1944 3021 2055 3057 posse
2078 3022 2115 3047 se
2138 3015 2265 3047 contra
2289 3012 2406 3058 ipsam

169 3060 406 3096 restitutionis
428 3059 506 3095 iure
529 3060 602 3094 uti.-
626 3067 844 3104 quamquam
865 3067 908 3092 ea
933 3056 995 3091 tex
1018 3055 1112 3091 nihil
1131 3056 1305 3091 eiusmodi
1326 3056 1469 3091 sanetat
1500 3056 1544 3091 de
1565 3054 1740 3091 matribus
1759 3065 1852 3100 quae
1873 3054 2067 3091 liberorum
2086 3066 2234 3091 suorum
2260 3055 2406 3092 tutelam

169 3106 411 3152 suscepissent
434 3108 469 3139 et
492 3103 668 3140 secundas
691 3113 740 3137 nu
770 3102 840 3137 tias
861 3101 1174 3147 amplecterentur,
1198 3101 1262 3137 sed
1281 3101 1364 3136 aliis
1387 3099 1432 3135 cle
1457 3100 1614 3135 terminis
1638 3104 1673 3135 et
1696 3099 1812 3135 modis
1835 3111 1858 3134 a
1874 3100 2010 3146 pietate
2024 3105 2150 3136 nostra
2158 3100 2407 3147 pronuntiata

169 3152 226 3186 sit.
275 3152 392 3195 Atque
412 3152 614 3195 propterea
637 3158 705 3194 sup
749 3147 940 3182 icationem
964 3145 1069 3181 nobis
1092 3144 1231 3188 obtulit,
1264 3156 1335 3191 quo
1367 3149 1402 3181 et
1425 3144 1612 3180 eonsilium
1635 3154 1766 3180 sacrae
1797 3143 1888 3190 leqis
1910 3145 2144 3191 manifestum
2168 3150 2276 3191 atque
2299 3149 2409 3181 extra

171 3195 429 3230 dubitationem
452 3193 616 3239 positum
648 3203 688 3227 re
715 3191 894 3232 deremus,
927 3200 1013 3226 neve
1043 3190 1089 3225 iis
1120 3201 1213 3236 quae
1244 3189 1367 3226 eadem
1398 3189 1629 3225 continentur
1661 3188 1811 3225 abutens
1834 3189 2021 3226 Auxentia
2051 3194 2165 3226 mater
2195 3201 2263 3225 sua
2293 3200 2353 3226 res
2383 3200 2408 3225 a

169 3244 277 3286 patre
296 3238 441 3274 relictas
465 3239 501 3273 in
518 3238 714 3285 proprium
739 3236 876 3271 lucrum
903 3239 1135 3271 converteret.

219 3387 238 3418 2
269 3386 355 3417 rubr.
381 3384 470 3426 Περὶ
502 3382 568 3415 τοῦ
597 3379 783 3415 δύνασθαι
805 3378 886 3413 τοὺς
911 3377 1042 3414 παῖδας
1066 3377 1156 3413 κατὰ
1179 3378 1256 3413 τῶν
1324 3379 1334 3420 Γ
1352 3375 1539 3422 διδομένου
1561 3377 1621 3422 Lss
1642 3379 1682 3414 12
1707 3376 1984 3423 προβαλομένην
2001 3378 2054 3423 L}
2082 3381 2123 3413 14
2148 3377 2411 3424 έπιλαβομένης

174 3426 492 3471 ἐπιτροπευόντων
516 3423 642 3460 αὐτῶν
664 3427 803 3471 γονέων
827 3423 932 3466 (κατὰ
949 3425 1026 3458 τῶν
1043 3424 1257 3468 ἐπιτρόπων
1289 3438 1291 3452 1
1327 3424 1357 3456 L
1376 3426 1387 3463 11
1411 3422 1558 3457 πείθειν
1585 3423 1791 3465 Haloander]
1817 3423 1940 3458 πείθει
1966 3425 2038 3458 ML
2092 3424 2244 3467 ζητῆσαι
2267 3425 2318 3458 L⁰
2335 3426 2348 3469 ss
2366 3428 2407 3460 15

174 3472 299 3508 αὐτῶν
323 3474 430 3514 index)
449 3470 780 3506 ἀποκαθίστασθαι
805 3471 880 3503 Am.
910 3469 922 3514 ΙΙ
953 3467 1029 3503 δεῖν
1049 3489 1093 3494 —-
1114 3466 1256 3503 ὑπσκεῖ-
1325 3467 1472 3503 πείθειν
1488 3469 1696 3509 Haloander]
1718 3467 1842 3502 πείθει
1869 3469 1939 3502 ML
1958 3468 1970 3512 ΙΙ
1986 3463 2100 3511 αὖτην
2116 3470 2189 3502 ML
2206 3470 2268 3514 (cf.
2286 3472 2362 3512 732,
2377 3472 2409 3514 8)

174 3519 278 3560 σθαι]
314 3514 533 3552 ὑποκεῖσθαι
562 3514 626 3550 τὰς
647 3517 802 3560 μητέρας
830 3515 949 3548 ΤΙιεοᾱ.
981 3514 993 3558 ΙΙ
1022 3516 1042 3548 4
1066 3514 1256 3559 στρατηγῷ
1325 3514 1336 3556 ΙΙ
1362 3516 1399 3547 17
1426 3515 1486 3546 καὶ
1506 3515 1512 3554 Ι
1533 3511 1699 3558 καὶπρὸς
1715 3514 1746 3546 L
1775 3514 1787 3556 ΙΙ
1819 3514 1859 3547 18
1883 3513 1914 3546 εἰ
1930 3516 1989 3546 καὶ
2008 3527 2076 3548 cum
2101 3515 2297 3548 Haloandro
2320 3516 2408 3559 vulq.

175 3566 293 3598 addidi
317 3577 354 3597 ez
379 3564 454 3596 Am.
473 3562 485 3602 ΙΙ
504 3565 522 3596 5
548 3559 720 3601 ἀνέτεινε]
745 3557 930 3593 ἀνέτεινεν
955 3555 1042 3602 ἡμῖν
1063 3561 1114 3592 cit.
1138 3560 1257 3592 Tlteod.
1327 3559 1408 3591 male
1425 3557 1437 3601 ΙΙ
1457 3559 1499 3591 20
1523 3554 1662 3598 ταύτην
1679 3558 1711 3591 L
1727 3559 1739 3600 ΙΙ
1758 3556 2012 3592 αἰσθάνεσθαι
2029 3559 2060 3592 L
2078 3558 2091 3599 ss
2107 3561 2146 3594 21
2172 3556 2410 3600 ἐνδείξασθαι

175 3609 185 3652 Ιξ
203 3610 223 3642 6
246 3610 435 3654 γινομένου
460 3608 491 3640 L
521 3606 533 3651 ΙΙ
568 3609 586 3640 ’7
622 3605 890 3648 καταθεμένην]
924 3605 983 3637 καὶ
1004 3603 1260 3647 καταθεμένην
1328 3603 1358 3636 L
1377 3602 1388 3646 ΙΙ
1407 3603 1448 3636 23
1474 3601 1673 3646 προΐεσθαι
1699 3603 1729 3635 L
1745 3602 1758 3646 ΙΙ
1785 3604 1827 3636 24
1852 3605 1912 3636 καὶ
1935 3616 1994 3638 om.
2020 3616 2088 3637 cum
2113 3604 2298 3648 Scrimyero
2322 3607 2410 3650 vuly.

177 3655 296 3687 nmvult
321 3654 510 3687 Zachariae
532 3663 702 3695 perperam
721 3650 733 3693 ΙΙ
752 3651 771 3684 8
796 3646 1081 3693 *προσομιλήσοι
1106 3650 1177 3682 ML
1202 3650 1258 3702 (ef
1328 3649 1410 3681 male
1425 3646 1437 3690 ΙΙ
1456 3646 1693 3690 νομοθεσίαν]
1723 3648 1800 3681 cod.
1819 3648 1851 3688 2,
1867 3655 1909 3688 41,
1928 3655 1944 3682 2
1969 3649 1981 3692 Ι]
2008 3650 2051 3684 25
2074 3648 2235 3693 χρῆσθαι
2258 3650 2290 3684 L
2306 3648 2320 3695 ΙΙ
2335 3662 2408 3685 ‘tot-

177 3699 254 3738 732,
272 3700 301 3740 6)
318 3698 329 3743 ΙΙ
349 3700 369 3732 9
391 3696 524 3738 νόμοις]
554 3697 631 3730 Cod.
647 3698 678 3737 5,
693 3702 738 3736 35,
753 3702 768 3728 2
786 3694 799 3739 ΙΙ
828 3696 867 3728 10
885 3701 1033 3738 praestat
1056 3691 1140 3727 οὔτε
1162 3703 1262 3728 τινος
1329 3691 1449 3727 ούτων
1475 3693 1531 3725 M⁰
1551 3691 1721 3737 ΙΙοίκείων
1745 3705 1804 3726 om.
1829 3693 1879 3726 L⁰

2065 3750 2137 3785 92*
