2580 4022
198 127 255 156 ET
285 126 584 158 AEGYPTIACIS
614 126 865 158 Pnovmcns
1222 175 1239 177 “
1257 112 1339 177 781
1460 176 1464 177 ⁷
2096 114 2289 158 Ed.X111
2324 118 2430 156 1-4

193 226 454 268 στρατιωτικῆς
487 221 603 271 ἀρχῆς,
637 223 679 260 οὗ
713 224 926 273 διῃρημένου
958 228 1022 261 τοῦ
1048 226 1259 273 πράγματος
1282 222 1366 261 οῖ’τὸὲ
1390 227 1437 261 εἰς
1462 226 1638 273 (ἴρχοντας
1658 225 1722 260 δίο
1747 227 1981 260 καθεστῶτος
2001 228 2120 269 (τοῦτο
2143 226 2214 272 γὰρ
2239 223 2430 272 ἡγούμεθα

192 270 245 311 τῷ
279 274 392 304 παντὶ
424 274 640 315 συμφέρειν),
673 269 747 305 ἀλλ’
781 270 877 306 ὥστε
908 274 973 305 ἕνα
1003 275 1071 316 μὲν
1097 271 1215 318 ἄνδρα
1249 270 1473 318 προεστάναι
1497 273 1562 306 τοῦ
1586 273 1770 316 εἰρημένου
1795 271 1944 316 θρόνου,
1968 274 2061 313 (ἔχειν
2086 270 2125 306 δὲ
2149 273 2314 312 ἐξουσίαν
2335 271 2428 305 κατὰ

192 313 348 348 πάντων
375 316 452 348 τῶν
485 318 595 349 ἐκεῖσε
628 318 869 360 στρατιωτῶν
899 318 977 351 τῶν
1006 316 1208 363 ἱδρυμένων
1239 319 1310 352 εἴτε
1342 315 1396 352 ἐπ’
1423 315 1532 361 αὐτῆς
1555 319 1618 361 τῆς
1640 315 1905 363 Ἀλεξανδρέων
1928 316 2083 363 μεγάλης
2107 315 2248 352 πόλεως
2273 318 2343 351 εἴτε
2368 319 2429 351 ἐπὶ

191 361 270 393 τῶν
291 357 355 394 δύο
382 359 587 403 Αἰγύπτων
609 360 779 408 καθάπερ
803 363 960 408 εἴρηται·

1195 408 1350 444 CAPUT
1379 408 1426 443 11.

327 469 382 505 δεῖ
406 472 474 517 γὰρ
506 476 566 506 καὶ
591 474 653 516 τῆς
676 471 863 518 εὐκοσμίας
887 474 949 516 τῆς
973 473 1110 508 πόλεως
1133 479 1304 519 προνοεῖν
1328 489 1367 509 τε
1391 477 1450 509 καὶ
1474 475 1538 509 τοῦ
1562 472 1675 518 μηδὲν
1699 472 1905 519 ταραχῶδες
1928 475 2099 521 γίνεσθαι
2124 474 2216 510 κατὰ
2242 473 2309 509 τὸν
2334 476 2424 521 εἰρη-

190 518 301 559 μένον
335 515 466 559 δῆμον·
505 515 570 551 ἄλλ
607 522 736 561 ἔχοντα
767 518 834 552 τὸν
867 520 926 553 ἐπὶ
959 521 1020 563 τῆς
1044 521 1227 565 εἰρημένης
1251 519 1361 567 ἀρχῆς
1383 523 1604 567 τεταγμένον
1628 518 1696 562 τήν
1720 533 1758 553 τε
1784 524 1822 553 ἐκ
1846 521 1908 563 τῆς
1932 519 2115 563 πολιτικῆς
2140 517 2246 565 ἀρχῆς
2272 519 2427 563 δύναμιν

190 561 258 602 τήν
282 575 322 594 τε
346 563 385 595 ἐκ
408 563 485 596 τῶν
509 565 748 608 στρατιωτῶν
771 564 874 606 ἰσχὺν
897 564 987 597 θεοῦ
1013 565 1084 609 πρὸ
1111 564 1263 600 πάντων
1287 563 1484 612 ἡγουμένου
1508 566 1571 607 τῆς
1600 564 1766 605 εὐταξίας
1790 567 1851 607 τῆς
1873 566 2056 610 εἰρημένης
2080 564 2220 599 πόλεως
2244 568 2424 610 προνοεῖν,

189 607 365 647 ἐπέχοντα
389 606 455 641 τόν
479 607 608 650 τόπον,
633 605 722 642 ὅσον
748 606 801 642 ἐπ’
829 606 946 642 αὐτοῖς
970 612 1042 643 τοῖς
1065 609 1304 657 στρατιώταις
1329 614 1401 644 τοῖς
1425 623 1463 644 τε
1489 612 1528 644 ἐν
1551 608 1799 655 Ἀλεξανδρεία
1823 613 1895 643 τοῖς
1912 624 1950 643 τε
1969 609 2021 654 ἐφ’
2040 611 2208 654 ἑκατέρας
2222 610 2424 655 Αἰγύπτου,

190 653 248 683 καὶ
280 653 357 685 τῶν
389 651 641 693 ἐνδοξοτάτων
673 657 733 687 καὶ
762 651 1034 700 ἀνδρειοτάτων
1058 658 1273 701 στρατηγῶν
1298 657 1374 689 τῶν
1394 654 1686 700 πραισειταλίων
1710 657 1786 689 τῶν
1808 669 1846 689 τε
1870 657 1932 698 τῆς
1955 653 2085 697 letgiae·
2117 654 2212 689 ὥστε
2237 659 2295 688 καὶ
2321 653 2425 700 άδρε-

191 694 376 740 σπόνσουμ
401 702 570 742 παρεῖναι
596 697 693 741 aize?
719 702 779 733 καὶ
802 699 995 745 ὑπουργεῖν
1020 699 1070 733 οἷς
1093 700 1140 733 ἂν
1166 700 1378 741 ἑπιτάξειεν.

320 741 446 776 ’ΪΕσται
472 741 511 776 δὲ
535 741 636 786 αὐτῷ
655 742 676 786 ἡ
703 743 799 784 τάξις
823 741 846 787 ἤ
869 757 909 778 τε
935 741 1222 788 αὐγουσταλιανη
1247 750 1306 779 καὶ
1330 746 1403 789 μὴν
1428 749 1487 779 καὶ
1511 744 1532 787 ἡ
1559 742 1713 787 δουκική,
1746 743 1827 789 ἄχρι
1849 747 1974 788 μέντοι
2000 744 2216 785 ἑξακοσίων·
2242 742 2306 787 οὐχ
2330 741 2426 779 ὥστε

190 783 264 828 ἰδίᾳ
293 789 360 831 μηὲν
391 788 482 821 εἶναι
514 788 596 822 τοὺς
624 787 806 823 δουκικοὺς
837 787 912 831 ἰδίᾳ
946 788 986 823 δὲ
1008 788 1088 823 τοὺς
1114 789 1448 836 αὖγουσταλιανοὺς,
1481 788 1555 823 ἄλλ’
1583 787 1678 823 ὥστε
1702 793 1790 832 μίαν
1813 790 1990 834 γενέσθαι
2014 789 2118 829 τάξιν
2141 793 2201 822 καὶ
2225 789 2424 835 κατάλογον

189 832 264 872 ἕνα,
289 832 398 877 οὗπερ
424 831 552 879 ἄνδρες
576 834 708 867 ἑκατὸν
733 833 969 879 πρωτεύουσι,
995 834 1223 878 πεντήκοντα
1246 838 1312 879 μὲν
1337 837 1397 878 τῆς
1419 832 1723 880 αἶ’γουσταλιανῆς
1754 834 1889 875 τάξεως
1913 835 2138 876 πεντήκοντα
2164 833 2203 868 δὲ
2226 835 2261 868 οἱ
2285 837 2426 879 πρῶτοι

189 878 266 910 τῶν
297 879 482 920 ὁουκικῶν,
515 876 721 923 ἀμοιβαδὸν
746 881 784 912 ἐν
804 876 967 922 ἀλλήλοις
991 879 1220 922 ταττόμενοι,
1252 879 1347 915 ὥστε
1372 882 1521 925 πρῶτον
1544 882 1611 923 μὲν
1636 879 1728 913 εἶναι
1752 880 1820 914 τὸν
1844 877 2168 926 αὖγουσταλιανόν,
2195 879 2361 925 δεύτερον
2386 878 2426 913 δὲ

189 921 254 955 τὸν
285 920 463 966 δουκικόν,
495 927 556 969 καὶ
587 926 694 958 τοῦτο
727 925 850 969 ἐφεξῆς
880 924 1215 969 παραφυλαχθῆναι
1239 926 1280 959 τὸ
1306 928 1424 969 σχῆμα
1449 927 1526 959 τῶν
1549 925 1681 959 ἑκατὸν
1705 926 1782 959 τῶν
1808 927 1846 958 ἐν
1872 923 1991 959 αὐτοῖς
2015 924 2292 969 πρωτευόντων,
2317 924 2359 959 τὸ
2384 924 2424 958 δὲ

188 964 316 1001 λοιπὸν
349 965 450 1002 ἅπαν
481 968 530 1002 ως
562 967 608 1002 ἂν
641 967 660 1002 ὁ
685 969 753 1011 τὴν
786 967 900 1014 ἀρχὴν
933 972 1026 1012 έχων
1059 969 1198 1005 συνίδοι
1223 968 1320 1005 οὕτω
1345 972 1581 1013 καταστῆναι,
1606 970 1655 1014 μὴ
1677 973 1801 1014 μέντοι
1823 968 2057 1014 ὑπερβαίνειν
2076 970 2146 1013 την
2171 971 2296 1005 πᾶσαν
2321 971 2425 1011 τάξιν

187 1011 254 1054 τὴν
279 1011 414 1057 άναμὶξ
437 1016 475 1047 ἐκ
499 1027 538 1048 τε
561 1016 639 1049 τῶν
665 1011 984 1061 αὖγουσταλιανιῦν
1009 1016 1047 1049 ἔκ
1072 1029 1112 1049 τε
1136 1017 1212 1050 τῶν
1234 1014 1410 1051 &cuninam
1435 1018 1668 1062 συγκειμένην
1693 1013 1827 1061 ἄνδρας
1853 1016 2074 1056 ἑξακοσίους·

1187 1106 1345 1142 CAPUT
1370 1107 1432 1142 111.

323 1170 479 1205 πάντων
513 1172 585 1205 τῶν
615 1172 674 1205 ἐπὶ
706 1170 826 1215 τούτῳ
860 1175 1124 1218 πραττομένων
1156 1174 1203 1207 εἴς
1234 1188 1274 1208 τε
1304 1174 1372 1208 τὸν
1402 1174 1544 1219 θρόνον
1569 1174 1635 1208 τὸν
1660 1173 1728 1207 σὸν
1753 1173 1799 1207 εἴς
1823 1187 1863 1207 τε
1885 1170 1977 1216 ἡμᾶς
1997 1171 2058 1207 διὰ
2083 1175 2144 1216 τῆς
2167 1175 2229 1216 σῆς
2253 1173 2425 1219 ὑπεροχῆς

187 1212 483 1261 ἀναφερομένων,
517 1213 611 1250 ὥστε
643 1220 703 1250 καὶ
734 1217 777 1251 τὸ
811 1216 895 1263 παρ’
931 1215 1036 1260 ἡμῶν
1068 1218 1103 1251 εἴ
1129 1232 1168 1264 γε
1201 1216 1322 1264 ἒρθιῦς
1352 1222 1500 1266 γένηται
1532 1217 1809 1264 προσδέξασθαι
1839 1220 1950 1264 κῦρος.
1998 1222 2058 1252 καὶ
2088 1217 2239 1253 ἐπειδάν
2269 1218 2289 1262 ἦ
2324 1218 2424 1259 τάξις

187 1261 360 1308 καταστῇ,
393 1259 532 1305 μηδένα
564 1263 642 1296 τῶν
675 1259 996 1308 αὖγουσταλιανιῦν
1015 1265 1187 1309 γίνεσθαι
1210 1267 1318 1310 χωρὶς
1342 1268 1597 1310 προβατορίων
1623 1267 1660 1297 ἐκ
1684 1266 1746 1308 τῆς
1770 1262 1943 1310 ἡμετέρας
1960 1263 2074 1309 χειρὸς
2098 1262 2421 1310 ὑπογραφομένων,

187 1304 358 1351 καθάπερ
390 1310 493 1352 μέχρι
522 1309 598 1341 νῦν.
649 1309 750 1341 ἔσται
783 1306 823 1342 δὲ
854 1306 945 1354 αὐτῇ
978 1310 1075 1355 πάσῃ
1107 1310 1152 1356 τῇ
1182 1308 1284 1350 τάξει
1315 1310 1357 1343 τὸ
1391 1312 1453 1353 τῆς
1487 1308 1795 1356 α’ὐγουσταλιανῆς
1828 1309 2024 1354 πρόςρημα,
2057 1308 2178 1355 ἅρχων
2209 1308 2248 1343 δὲ
2275 1308 2294 1343 ὁ
2325 1309 2424 1353 παρὰ

187 1353 250 1393 τῆς
274 1351 460 1395 βασιλείας
484 1350 798 1398 προχειριζόμενος
822 1352 905 1398 (ὥς)
929 1352 1115 1396 βασιλικῆς
1138 1353 1234 1395 ἄξιος
1257 1359 1417 1398 κρίσεως,
1443 1352 1480 1389 ὃς
1505 1354 1762 1400 παραλήψεται
1786 1353 1855 1397 τὴν
1880 1352 1994 1399 άρχην
2011 1358 2069 1387 καὶ
2091 1355 2258 1399 καθαρὰς
2275 1353 2423 1399 φυλάξει

187 1396 252 1430 τὰς
271 1399 387 1441 χεῖρας
411 1400 471 1430 καὶ
496 1398 734 1440 πανταχόθεν
759 1398 890 1433 ἑαυτὸν
916 1399 1020 1438 ἄξιον
1044 1401 1105 1442 τῆς
1128 1399 1315 1443 βασιλικῆς
1339 1399 1446 1441 δείξει
1470 1404 1629 1445 κρίσεως.
1667 1398 1750 1433 οὐδὲ
1771 1400 1842 1446 γὰρ
1866 1397 1964 1443 ἡμεῖς
1989 1401 2027 1433 ἐκ
2051 1402 2116 1434 τοῦ
2132 1398 2302 1444 δημοσίου
2321 1398 2420 1441 αὐτῷ

187 1440 323 1486 ταύτην
351 1441 468 1486 μόνην
499 1441 664 1487 δώσομεν
688 1443 756 1487 τὴν
781 1443 1013 1490 παραψυχήν,
1039 1442 1084 1488 ἣν
1107 1448 1209 1489 μέχρι
1230 1447 1299 1480 νῦν
1324 1444 1343 1479 ὁ
1369 1445 1608 1489 περίβλεπτος
1633 1442 1889 1491 αὐγουστάλιος
1909 1446 1990 1487 εχει,
2015 1444 2080 1479 τοὶς
2103 1443 2333 1489 πεντήκοντα
2356 1447 2423 1489 μὲν

187 1484 342 1521 ἆννόνας
366 1491 425 1521 καὶ
449 1488 495 1522 τὰ
521 1489 750 1532 πεντήκοντα
773 1489 922 1532 κάπιτα,
947 1488 1039 1523 ἀλλὰ
1061 1489 1198 1538 μεγάλῃ
1224 1492 1268 1536 τῇ
1294 1490 1516 1537 παραυξήσει
1540 1488 1759 1535 χρησάμενοι
1784 1490 2020 1535 quadraginta
2042 1491 2213 1526 librarum
2230 1491 2307 1526 auri
2324 1492 2423 1525 ἔτους

188 1532 339 1566 ἑκάστου
372 1531 574 1576 λαμβάνειν
605 1533 695 1579 ὑπὲρ
729 1533 908 1578 σιτησεων
936 1533 1150 1579 βουλόμεθα
1182 1539 1241 1569 καὶ
1269 1534 1361 1580 ὑπὲρ
1391 1537 1603 1579 συνηθειιῦν
1634 1540 1693 1569 καὶ
1725 1533 1954 1570 καλανδικῶν
1978 1536 2077 1582 παρὰ
2101 1534 2262 1581 βίνδικος
2287 1538 2324 1570 ἐκ
2347 1536 2424 1570 τῶν

187 1576 492 1624 ὑποτεταγμένων
523 1578 618 1623 τῷδε
651 1582 704 1622 τῷ
736 1581 842 1624 τύπῳ
876 1578 1005 1614 τόπων
1034 1594 1074 1614 τε
1104 1584 1165 1614 καὶ
1197 1582 1336 1616 αἰτιῶν.

1185 1672 1342 1708 CAPUT
1368 1672 1428 1707 IV.

325 1736 370 1770 Οἱ
392 1736 434 1771 δέ
452 1750 492 1783 γε
519 1735 620 1779 αὐτῷ
644 1736 923 1782 παρεδρεύοντες
947 1738 1102 1783 quinque
1127 1739 1302 1774 librarum
1325 1739 1404 1773 auri
1428 1738 1608 1784 λήψονται
1633 1740 1672 1771 ἐκ
1697 1739 1774 1771 τιῦν
1799 1732 1924 1772 αὐτῶν
1947 1741 2008 1771 καὶ
2024 1738 2163 1783 ἑτέρους
2179 1738 2275 1773 mille
2290 1738 2423 1774 solidos

186 1784 246 1814 καὶ
277 1779 298 1824 ἦ
329 1780 406 1815 κατ’
434 1779 547 1815 αἶτὸν
571 1781 681 1824 τάξις,
716 1786 874 1826 καίτοιγε
898 1784 1078 1828 πρότερον
1103 1784 1170 1826 τὴν
1193 1787 1320 1829 τρίτην
1345 1780 1470 1817 αὐτῶν
1491 1785 1619 1826 ἔχουσα
1640 1781 1849 1824 ποσότητα·
1881 1785 1941 1815 καὶ
1965 1786 2068 1816 ἔσται
2093 1783 2135 1817 τὸ
2161 1784 2309 1830 πρᾶγμα
2333 1782 2423 1827 λαμ-

187 1829 208 1862 1
256 1825 353 1871 πρόν
384 1840 424 1861 τε
452 1830 512 1860 καὶ
543 1828 621 1860 τῶν
651 1825 836 1873 ἡμετέρων
868 1827 977 1868 ἀξίως
1011 1828 1234 1872 διῳκημένον
1263 1825 1420 1874 χρόνων.
1470 1829 1629 1873 Πρώτην
1662 1827 1702 1862 δὲ
1733 1827 1825 1861 εἶναι
1857 1826 2036 1873 φροντίδα
2066 1830 2121 1871 τῷ
2151 1828 2220 1872 τὴν
2250 1828 2423 1871 τοιαύτην

187 1869 297 1916 ἀρχὴν
328 1874 448 1914 ἔχοντι
479 1871 693 1916 βουλόμεθα
725 1873 790 1916 τὴν
824 1874 884 1917 τῆς
917 1875 1034 1908 alatas
1066 1873 1216 1918 ἐμβολῆς
1242 1872 1428 1917 διοίκησιν,
1454 1870 1549 1908 ὥστε
1575 1872 1689 1907 αὐτὸν
1711 1875 1779 1916 μὲν
1802 1872 1868 1907 τὸν
1893 1873 2137 1918 περίβλεπτον
2162 1871 2423 1920 αὖγουστάλιον

185 2030 270 2064 iura
293 2028 438 2075 imperii
462 2028 641 2069 militaris,
665 2039 705 2062 re
728 2038 802 2062 non
827 2027 942 2063 divisa
967 2040 1082 2073 neque
1107 2029 1156 2062 ad
1176 2028 1267 2063 duos
1290 2030 1528 2075 maqistratus
1544 2029 1754 2074 pertinente
1778 2028 1858 2075 (hoc
1881 2030 1975 2065 enim
1999 2029 2189 2065 universae
2211 2030 2265 2065 rei
2287 2031 2422 2067 condu-

187 2085 267 2110 cere
295 2076 494 2120 putamus),
526 2072 590 2108 sed
621 2083 731 2107 unum
764 2072 939 2107 hominem
963 2073 1081 2108 dictae
1105 2073 1184 2107 sedi
1203 2084 1384 2118 praeesse,
1409 2077 1624 2118 potestatem
1645 2077 1765 2108 autem
1790 2073 1922 2109 habere
1946 2075 1983 2109 in
2006 2085 2128 2109 omnes
2152 2075 2215 2118 qui
2239 2075 2314 2110 illic
2337 2080 2423 2113 sunt

187 2119 327 2156 milites.
353 2120 427 2154 sive
450 2118 487 2153 in
508 2118 589 2164 ipsa
605 2117 940 2153 Alexandrinorum
962 2128 1096 2162 maqna
1120 2117 1208 2152 urbe
1230 2118 1304 2152 sive
1328 2118 1363 2152 in
1390 2122 1546 2163 utraque
1563 2119 1732 2164 Aeqypto
1753 2118 1923 2153 collocati
1945 2123 2040 2159 sunt,
2066 2119 2172 2153 sicuti
2195 2119 2329 2155 dictum
2345 2125 2422 2163 est‚·

321 2164 366 2199 II.
416 2166 560 2209 oportet
583 2163 676 2197 enim
701 2167 736 2197 et
759 2162 972 2208 disciplinae
995 2163 1151 2198 civitatis
1171 2162 1365 2208 providere
1389 2167 1423 2198 et
1446 2174 1492 2198 ne
1515 2163 1604 2208 quid
1627 2163 1845 2198 tumultuose
1869 2164 1906 2197 in
1931 2164 2028 2199 dicta
2050 2164 2155 2209 plebe
2178 2170 2334 2210 aqatur;
2356 2166 2422 2202 sed

187 2221 265 2245 eum
291 2210 354 2254 qui
378 2208 496 2243 dictae
521 2207 826 2243 administrationi
848 2207 1085 2254 praepositus
1108 2211 1172 2250 est,
1209 2207 1396 2243 habentem
1420 2211 1491 2243 tam
1516 2208 1631 2244 civilis
1654 2208 1784 2243 iudicis
1803 2212 2017 2254 potestatem
2042 2220 2151 2254 quam
2175 2210 2325 2245 militum
2350 2212 2420 2246 vim

187 2256 252 2290 deo
273 2257 309 2288 in
336 2253 498 2289 omnibus
522 2254 670 2297 auspice
693 2252 905 2299 disciplinae
929 2253 1047 2287 dictae
1071 2253 1227 2287 civitatis
1248 2252 1450 2299 providere,
1476 2264 1555 2288 cum
1580 2257 1754 2298 quantum
1780 2253 1829 2288 ad
1851 2254 1980 2289 milites
2004 2254 2103 2300 ipsos
2119 2258 2153 2288 et
2169 2255 2422 2292 Alexandriae

186 2305 221 2336 et
253 2300 441 2345 utriusque
465 2299 623 2344 Aeqypti
652 2302 793 2344 spectat
823 2297 942 2332 locum
975 2301 1093 2332 teneat
1123 2297 1469 2342 qloriosissimorum
1494 2302 1528 2333 et
1549 2298 1834 2343 fortissimorum
1858 2299 2114 2343 maqistrorum
2137 2301 2420 2344 praesentalium

186 2349 221 2380 et
242 2356 310 2392 per
333 2346 518 2386 orientem,
543 2349 584 2378 ut
607 2344 714 2378 etiam
739 2343 788 2377 ad
810 2353 1024 2388 responsum
1048 2342 1081 2377 ei
1101 2342 1197 2377 adsit
1220 2346 1254 2377 et
1277 2342 1458 2378 mandatis
1481 2344 1558 2377 eius
1581 2343 1732 2378 audiens
1753 2343 1812 2378 sit.
1862 2343 1945 2378 Erit
1969 2348 2087 2379 autem
2112 2345 2147 2379 ei
2164 2345 2329 2389 officium
2347 2350 2419 2381 tam

187 2390 483 2436 auqustalianum
514 2400 621 2434 quam
654 2389 760 2423 etiam
793 2387 998 2428 cliccz'anum,
1032 2398 1146 2433 usque
1177 2387 1227 2422 ad
1255 2391 1435 2423 sescentos
1471 2392 1600 2429 tamen,
1633 2399 1707 2422 non
1740 2393 1779 2423 ut
1802 2398 1964 2423 seorsum
1988 2388 2136 2424 daciani
2159 2390 2233 2424 sint
2255 2401 2418 2425 seorsum

187 2435 455 2481 aaqustaliani,
487 2434 551 2469 sed
581 2437 622 2469 ut
651 2444 761 2468 unum
794 2433 956 2477 officium
985 2432 1054 2476 liat
1084 2436 1118 2467 et
1149 2443 1221 2467 una
1253 2433 1462 2474 matricula,
1494 2434 1530 2467 in
1561 2444 1633 2478 qua
1657 2436 1798 2467 centum
1815 2433 2006 2479 principes
2029 2434 2116 2474 sint,
2150 2435 2418 2480 quinquaqinta

187 2480 437 2526 auqustaliani
469 2479 599 2523 officii,
632 2479 897 2523 quinquaqinta
920 2488 1004 2512 vero
1028 2478 1204 2522 primates
1228 2477 1386 2520 duciani,
1411 2477 1561 2512 alternis
1586 2478 1721 2512 vicibus
1745 2478 1922 2519 collocati,
1948 2482 1988 2513 ut
2009 2479 2150 2524 primus
2172 2479 2220 2514 sit
2244 2485 2416 2525 auqusta-

188 2526 319 2566 liunus,
350 2524 528 2560 secundus
559 2535 642 2559 vero
667 2523 856 2564 dacianus,
889 2526 924 2557 ec
949 2522 1006 2556 liic
1030 2522 1200 2567 deinceps
1223 2522 1351 2557 modus
1375 2522 1582 2558 observetur
1606 2523 1642 2557 in
1667 2527 1806 2557 centum
1833 2534 1957 2557 eorum
1978 2523 2218 2569 principibus,
2239 2526 2417 2570 reliquum

187 2581 271 2605 vero
298 2581 401 2607 omne
424 2570 477 2605 ita
502 2569 745 2604 constituatur
764 2567 1060 2613 quemadmodum
1085 2568 1120 2602 ei
1141 2567 1204 2611 qui
1228 2568 1478 2613 maqislratum
1503 2566 1609 2602 habet
1625 2567 1814 2610 videbitur,
1839 2571 1878 2602 ut
1897 2572 2014 2603 tamen
2032 2569 2236 2604 universum
2254 2569 2417 2614 officium

187 2626 237 2651 ex
260 2615 526 2660 auqustalianis
550 2617 584 2648 et
607 2613 772 2648 ducianis
796 2612 1026 2647 commixtum
1052 2623 1125 2646 non
1151 2611 1305 2647 coecedat
1328 2612 1425 2647 viros
1447 2616 1628 2647 sescentos
1635 2626 1648 2654 ;
1872 2657 1875 2659 q

322 2660 386 2694 111.
436 2659 599 2694 omnibus
627 2669 721 2703 quae
753 2658 790 2692 in
822 2656 880 2691 his
911 2660 1072 2702 aqanlur
1103 2660 1137 2691 et
1161 2657 1209 2691 ad
1230 2662 1327 2692 tuam
1351 2656 1468 2692 sedem
1492 2661 1526 2691 et
1550 2657 1599 2691 ad
1622 2667 1688 2691 nos
1710 2668 1778 2702 per
1800 2657 2052 2693 sublimitatem
2079 2661 2176 2693 tuam
2202 2660 2415 2703 referendis,

188 2708 226 2739 ut
258 2705 363 2740 etiam
396 2715 418 2738 a
452 2704 554 2738 nobis
577 2703 609 2737 si
632 2708 728 2738 recte
749 2704 855 2748 faeta
878 2702 951 2736 sint
974 2702 1240 2746 confirmentur.
1291 2701 1339 2736 Et
1356 2707 1554 2747 postquam
1578 2702 1741 2747 officium
1764 2702 1998 2737 constitutum
2019 2703 2146 2748 fuerit,
2171 2715 2273 2739 nemo
2299 2716 2415 2751 auqu-

187 2750 367 2785 stalianus
387 2749 456 2793 fiat
480 2748 614 2794 absque
626 2747 854 2794 probatoriis
877 2751 1004 2781 nostra
1028 2757 1137 2781 manu
1160 2746 1383 2792 subscriptis,
1408 2747 1502 2781 sieut
1523 2746 1705 2781 hactenus.
1754 2746 1838 2782 Erit
1861 2752 1980 2782 autem
2005 2748 2170 2783 universo
2192 2747 2276 2784 huic
2291 2751 2415 2794 officio

188 2794 440 2840 auqustaliani
461 2804 667 2838 coqnomen,
690 2793 903 2837 praefectus
927 2795 1044 2826 autem
1070 2791 1113 2826 ab
1139 2791 1358 2836 imperatore
1374 2791 1506 2826 electus
1530 2792 1765 2837 imperatorio
1791 2792 1923 2827 iudicio
1948 2792 2080 2838 diqnus
2095 2792 2248 2835 liabens«,
2274 2797 2339 2840 qui
2353 2795 2417 2830 ad-

188 2839 484 2874 ministrationem
509 2838 682 2882 suscipiet
705 2842 739 2872 et
761 2847 877 2882 puras
900 2836 1057 2883 servabit
1080 2846 1207 2871 manus
1227 2841 1262 2871 et
1285 2847 1544 2881 usquequaque
1567 2847 1604 2871 se
1629 2837 1777 2881 diqnum
1793 2837 2029 2882 imperatorio
2048 2838 2182 2873 iudicio
2201 2841 2413 2884 praestabit.

189 2884 316 2929 Neque
340 2884 432 2918 enim
457 2893 522 2916 nos
546 2882 614 2916 hoe
637 2882 753 2916 solum
778 2882 811 2916 ei
834 2892 853 2915 e
873 2882 964 2925 fisco
990 2880 1154 2915 dabimus
1178 2881 1462 2922 emolumentum,
1488 2881 1587 2926 quod
1608 2891 1703 2916 ιιιιιιο
1721 2892 1833 2926 usque
1848 2882 2054 2927 spectabilis
2071 2884 2282 2928 Auqustalis
2299 2884 2415 2926 habet,

190 2928 456 2973 quinquaqinta
489 2937 654 2960 annonas
684 2931 717 2960 et
743 2926 1010 2970 quinquaqinta
1034 2925 1168 2970 capita,
1199 2926 1265 2960 sed
1287 2937 1418 2971 ntaqno
1440 2930 1632 2970 auqnzento
1659 2926 1715 2960 usi
1738 2926 1986 2973 quadraqinta
2006 2927 2179 2963 librarum
2204 2930 2287 2963 auri
2312 2935 2415 2973 quot-

189 2972 295 3007 annis
325 2983 394 3017 pro
427 2971 583 3005 annonis
613 2981 691 3004 eum
722 2975 754 3004 et
776 2981 846 3015 pro
873 2969 1188 3005 consuetudinibus
1212 2974 1247 3006 et
1270 2970 1468 3005 calandicis
1492 2971 1655 3016 accipere
1678 2971 1841 3007 volumus
1865 2983 1888 3006 a
1911 2971 2050 3008 vindice
2073 2984 2122 3008 ex
2141 2973 2309 3008 subiectis
2332 2973 2416 3009 huic

187 3018 333 3062 formae
358 3016 448 3051 locis
471 3020 506 3050 et
533 3014 656 3049 titulis.

324 3062 385 3096 IV.
433 3061 640 3095 Assessores
670 3062 788 3094 autem
819 3058 895 3093 eius
927 3060 1085 3104 quinque
1117 3058 1291 3094 librarum
1323 3060 1406 3093 auri
1438 3061 1616 3106 accipient
1641 3072 1690 3095 ex
1713 3060 1856 3102 eisdem,
1888 3064 1922 3096 et
1947 3061 2040 3096 alios
2062 3062 2157 3096 mille
2179 3061 2317 3097 solidos
2339 3064 2417 3098 eius

190 3107 372 3153 officium,
405 3106 485 3140 licet
518 3109 625 3139 antea
660 3104 801 3139 tertiam
834 3114 957 3138 eorum
984 3108 1128 3149 partem
1151 3105 1376 3150 perceperit,·
1405 3108 1438 3139 et
1462 3106 1529 3140 erit
1553 3116 1611 3139 res
1633 3105 1822 3151 splendida
1847 3109 1881 3140 et
1904 3108 2039 3140 nostris
2065 3107 2284 3152 temporibus
2307 3107 2416 3153 dique

189 3155 209 3187 1
257 3152 445 3197 disposita.
493 3149 654 3183 Primam
686 3159 768 3183 vero
803 3159 926 3183 curam
959 3151 991 3183 ei
1016 3150 1082 3193 qui
1103 3149 1201 3183 illam
1220 3149 1499 3194 praefecturam
1523 3148 1629 3184 habet
1652 3161 1728 3184 esse
1752 3150 1914 3185 volumus
1936 3151 2058 3195 felicis
2081 3152 2240 3187 embolae
2264 3152 2415 3187 admini-

189 3197 413 3237 strationem,
446 3199 486 3229 ut
517 3195 594 3239 ipse
625 3193 831 3239 spectabilis
855 3194 1068 3238 Anqustalis
1100 3198 1136 3228 et
1167 3193 1268 3238 quod
1299 3195 1333 3229 ei
1359 3198 1469 3240 paret
1499 3194 1663 3239 officium
1687 3195 1854 3240 periculo
1887 3197 1944 3230 sui
1975 3196 2091 3242 ipsius
2121 3202 2156 3232 et
2178 3207 2299 3231 rerum
2324 3208 2416 3242 quas

238 3356 251 3386 1
279 3351 517 3385 καθεστῶτας
536 3352 599 3384 Ma
617 3351 628 3393 ΙΙ
647 3352 664 3383 5
691 3363 730 3383 τε
748 3349 945 3391 Zachariae]
971 3361 1010 3382 σε
1025 3351 1070 3383 M
1084 3352 1139 3387 (an
1162 3350 1204 3383 s‘?
1222 3353 1264 3392 esi
1338 3350 1480 3396 πρῶτοι
1513 3352 1677 3385 delendam
1711 3353 1837 3386 videtur
1866 3352 1878 3392 ΙΙ
1915 3354 1957 3386 14
1985 3355 2221 3397 ταττομένων
2246 3354 2301 3397 Μ,
2333 3369 2416 3389 corr.

191 3413 216 3433 c.
231 3397 399 3435 XVIIM
420 3399 442 3436 1)
461 3397 472 3439 ΙΙ
490 3394 694 3440 ταραχῶδες
710 3394 783 3438 Mb,
807 3392 1034 3440 ταραχώδους
1051 3396 1114 3429 fisa
1131 3396 1143 3438 ΙΙ
1163 3398 1180 3429 7
1204 3396 1266 3438 τῆς
1337 3394 1525 3429 Zachariae
1541 3396 1552 3438 ΙΙ
1575 3398 1615 3430 16
1638 3396 1687 3440 μὴ
1707 3395 1905 3439 Zachariae]
1921 3395 2034 3441 μηδὲν
2050 3400 2094 3431 M
2105 3399 2117 3442 Η
2137 3400 2177 3432 20
2198 3399 2291 3433 τῶν
2307 3405 2414 3444 προβ.

191 3444 372 3497 εἰρημένης
396 3437 558 3480 εὐταξίας
582 3442 644 3483 τῆς
668 3438 804 3473 πόλεως
825 3441 874 3481 M,
901 3454 982 3473 corr.
1002 3441 1101 3473 Kroll
1127 3441 1138 3485 ΙΙ
1147 3443 1182 3492 Ν9
1207 3443 1266 3473 καὶ
1337 3454 1403 3474 cum
1419 3441 1603 3484 Scrz'mqero
1620 3444 1707 3484 vulq.
1727 3442 1738 3485 ΙΙ
1755 3440 2054 3496 ὑπεογῂραφομένης
2067 3445 2116 3485 M,
2131 3457 2212 3477 corr.
2229 3443 2416 3480 Zachariae

190 3502 258 3522 τον
281 3483 519 3525 ἐνδοξότατον
535 3488 594 3518 καὶ
613 3481 872 3531 ἀνδρειότατον
889 3485 1094 3530 στρατηγὸν
1111 3498 1188 3519 των
1204 3496 1267 3527 πρ.
1335 3485 1346 3530 ll
1371 3488 1410 3519 21
1435 3482 1525 3532 αὐτῇ
1551 3495 1728 3529 suspectum
1754 3487 1766 3530 ΙΙ
1792 3500 1811 3520 ο
1837 3500 1959 3532 αρχων
1984 3487 2170 3523 Zachariae
2188 3495 2199 3531 ΙΙ
2227 3492 2268 3522 22
2295 3487 2343 3523 ὠς
2369 3493 2416 3524 in-

191 3532 259 3567 τόν
277 3545 317 3566 τε
342 3533 392 3573 M,
418 3545 499 3564 corr.
526 3530 711 3564 Zachariae
741 3531 752 3572 ΙΙ
781 3527 874 3563 ὥστε
899 3531 1017 3571 Kroll]
1039 3543 1078 3564 τε
1104 3532 1154 3572 ΑΙ,
1181 3532 1266 3564 lacu*
1336 3533 1423 3564 serui
1446 3532 1502 3572 (aa
1529 3527 1702 3570 ἀξιωθεὶς
1712 3532 1741 3573 ἳ)
1762 3534 1772 3572 ΙΙ
1790 3529 1828 3565 ὃς
1854 3535 1914 3566 del.
1931 3532 2117 3567 Zachariae
2134 3534 2146 3577 ΙΙ
2165 3536 2205 3567 25
2225 3533 2359 3569 ἀνόνας
2377 3537 2419 3569 ,Μ

192 3592 266 3611 nam
289 3579 401 3611 statuit
422 3575 608 3610 Zachariae
626 3574 852 3618 (βουλόμεθα
876 3572 916 3608 δὲ
940 3600 1039 3608 .....
1044 3578 1055 3617 )
1072 3576 1083 3618 ΙΙ
1107 3578 1141 3609 11
1165 3576 1267 3609 ἔσται
1335 3576 1347 3620 ΙΙ
1371 3577 1444 3608 auri.
1471 3577 1515 3609 M
1525 3576 1536 3620 ΙΙ
1565 3578 1605 3610 28
1632 3579 1707 3609 auri
1734 3577 1799 3621 Mn
1821 3580 1862 3611 29
1889 3574 1965 3610 κατ’
1994 3576 2116 3611 αὐτῶν
2138 3593 2204 3612 euin
2230 3581 2414 3624 Scrichro

194 3622 390 3662 Zachariae]
416 3622 492 3654 ἐστὶ
519 3621 584 3664 Mn
608 3624 668 3653 καὶ
691 3621 764 3663 μὴν
788 3619 986 3661 Zachariae]
1011 3623 1072 3653 ναὶ
1089 3620 1168 3673 ,μην
1193 3622 1234 3653 M
1256 3619 1268 3675 [J
1336 3622 1423 3664 vulq.
1458 3623 1470 3664 ΙΙ
1501 3623 1543 3655 30
1575 3618 1614 3654 δὲ
1646 3620 1842 3663 Zachariae]
1868 3635 1906 3655 τε
1932 3623 1974 3655 M
2001 3623 2012 3667 ΙΙ
2048 3626 2088 3658 31
2113 3623 2229 3657 aicius
2256 3626 2298 3658 M
2317 3633 2346 3659 et
2369 3628 2414 3659 ita

197 3670 237 3701 13
270 3665 306 3699 οἱ
336 3667 474 3711 πρῶτοι
495 3674 571 3710 post
592 3667 658 3709 μὲν
685 3667 760 3698 add.
788 3664 984 3706 Zachariae,
1017 3666 1093 3699 mila
1118 3668 1207 3708 infra
1232 3678 1266 3698 οι
1300 3689 1303 3698 .
1336 3679 1458 3709 semper
1483 3668 1550 3703 fere

2451 478 2470 509 5

2453 703 2491 734 10

2452 927 2491 960 15

2448 1267 2489 1298 20

2449 1835 2491 1867 30
