2618 4010
188 165 563 204 consmunonns
1247 152 1335 200 343
2091 154 2132 198 N
2133 167 2201 198 ov.
2235 154 2369 197 LXVI
2403 155 2419 195 1

188 270 328 303 παισίν.
379 264 419 302 οὗ
457 265 526 314 γὰρ
566 263 859 312 ἀνατρέπεσθαι,
900 266 1070 313 καθάπερ
1090 266 1272 307 ,εἰπόντες
1342 264 1437 310 plius
1477 265 1697 310 reliquerunt
1731 263 1824 300 filiis.
1880 264 1963 301 Non
2002 265 2096 301 enim
2134 264 2279 310 infringi
2318 264 2427 300 Sicuti

188 313 365 359 ἔφθημεν,
396 310 458 346 τὰς
481 311 560 345 τῶν
579 310 836 346 τελευτώντων
855 310 1068 357 βουλόμεθα
1087 310 1270 347 διατυπώ-
1342 311 1584 355 praediximus
1609 309 1858 345 defunctorum
1882 311 2045 347 volumus
2070 310 2333 355 dispositiones,
2364 310 2427 346 sed

189 368 275 400 σεις,
305 354 394 391 ἀλλὰ
417 359 478 391 καὶ
501 360 623 402 κυρίας
645 355 779 391 ταύτας
802 355 863 391 διὰ
892 356 1046 392 πάντων
1074 355 1271 402 ἀποφαίνο-
1344 359 1380 391 et
1400 360 1498 392 ratas
1518 365 1579 391 eas
1599 365 1663 400 per
1682 354 1801 390 omnia
1821 355 2054 399 declaramus,
2077 360 2118 391 ut
2141 355 2195 391 vel
2216 355 2246 390 si
2267 355 2426 400 proximo

187 416 265 447 μεν.
312 398 400 437 ὥςτε
423 398 494 435 κᾶν
525 403 556 435 εἰ
585 399 753 449 σύνεγγυς
785 400 993 450 ἐγράφησαν
1024 402 1064 436 αἱ
1094 401 1273 445 διαθῆκαι
1344 400 1480 446 scripta
1503 403 1589 437 sunt
1611 402 1827 436 testamenta
1854 403 1937 445 post
1960 401 2176 446 positionem
2200 400 2302 445 legis,
2335 411 2425 436 non-

187 447 278 492 μετὰ
305 445 372 491 τὴν
396 447 506 481 θέσιν
536 448 599 481 τοῦ
620 444 751 491 νόμου,
783 447 889 482 οὔπω
914 446 954 482 δὲ
976 450 1103 491 ἔτυχον
1135 447 1173 482 αἱ
1197 446 1271 482 δια·
1310 450 1328 482 5
1344 446 1426 481 dum
1450 455 1534 482 vero
1555 445 1753 490 contigerat
1777 446 2052 482 constitutiones
2074 446 2192 481 factas
2216 445 2424 488 innotuisse,

187 492 303 533 τάξεις
331 492 523 539 γενόμεναι
554 494 789 538 καταφανεῖς,
829 492 1083 536 ἐπιζησάντων
1115 490 1155 527 δὲ
1186 493 1272 528 ἴσως
1342 495 1378 527 et
1401 491 1707 537 superviventibus
1738 490 1832 526 forte
1861 491 2095 527 testatoribus
2128 501 2202 526 non
2233 494 2319 526 sunt
2348 502 2425 526 mu-

187 538 266 572 τών
281 535 515 581 διαθεμένων
538 535 602 571 οὐκ
625 533 871 583 ἧμείφθησαν,
894 541 1107 583 μενέτωσαν
1131 541 1192 572 καὶ
1212 535 1270 572 οῧ-
1341 539 1428 581 tata,
1462 539 1631 572 maneant
1652 536 1759 571 etiam
1784 535 1838 571 sic
1860 535 2103 571 institutiones
2135 546 2227 581 quae
2251 537 2298 572 ab
2321 536 2424 571 initio

186 593 259 617 τως
289 582 329 616 αἱ
349 579 533 617 ἐνστάσεις
563 581 603 616 αἱ
623 582 691 626 τὴν
713 579 825 629 ἀρχὴν
847 582 939 618 κατὰ
959 582 1042 618 τοὺς
1061 582 1145 618 τότε
1163 597 1271 628 φανε-
1341 581 1538 617 secundum
1572 585 1660 616 tunc
1698 582 1815 616 certas
1850 584 2014 617 extantes
2054 581 2174 616 factae
2210 585 2294 616 sunt
2329 581 2425 626 leges

187 626 269 675 ρούς
299 625 408 662 ὄντας
430 625 622 675 γενόμεναι
644 626 774 673 νόμους
796 628 864 672 τὴν
887 629 1023 662 οἰκείαν
1051 627 1153 671 ἰσχὺν
1176 630 1273 671 ἔχου·
1341 627 1525 672 propriam
1555 627 1722 663 virtutem
1752 626 1943 669 habentes,
1977 629 2013 662 et
2036 636 2108 662 non
2134 626 2360 661 accusandae
2383 637 2425 662 eo

188 684 268 715 σαι,
301 676 361 707 καὶ
384 670 448 707 οὐκ
481 671 739 720 ἐγκαλούμενοι
774 671 870 708 διότι
901 669 995 707 καθ’
1029 670 1072 707 ὃν
1104 675 1272 718 έπεβίουν
1288 676 1328 708 10
1343 672 1438 717 quod
1461 676 1620 717 tempore
1652 682 1722 716 quo
1748 671 2022 716 supervixerunt
2044 671 2095 706 illi
2129 681 2190 706 eas
2215 681 2287 706 non
2309 675 2425 706 muta-

186 716 319 765 χρόνον
348 718 477 752 ἐκεῖνοι
507 715 643 753 ταύτας
671 716 735 753 οὐκ
765 717 938 764 ἥμειψαν.
985 716 1026 752 οὗ
1055 717 1124 764 γὰρ
1150 719 1272 752 πάντα
1341 721 1480 753 verunt.
1528 717 1612 754 Non
1636 717 1728 752 enim
1753 717 1872 752 omnia
1895 720 1981 752 sunt
2006 716 2044 751 in
2068 716 2171 752 nobis
2194 726 2262 752 nec
2286 726 2427 761 semper

188 765 289 798 ἐστὶν
309 761 370 809 ἐφ’
393 761 479 808 ἡμῖν
503 760 587 797 οὐδὲ
609 761 666 798 ἀεί
686 760 904 810 τισι”καιρὸς
950 767 1066 797 ίνεται
1085 761 1272 807 διαθήκης,
1343 762 1556 807 quibusdam
1587 765 1728 807 tempus
1758 762 1801 797 fit
1831 762 2004 803 testandi,
2038 765 2186 814 repente
2217 761 2426 806 plerumque

188 806 374 854 αἰφνίδιόν
410 822 451 843 τε
486 806 654 844 πολλάκις
686 810 831 844 ἐπίασιν
863 806 908 842 ἂν
941 806 1075 855 ρώποις
1111 807 1273 842 τελευταὶ
1341 808 1505 843 incidunt
1536 808 1739 844 hominibus
1771 812 1903 843 mortes
1939 807 2096 842 testandl
2128 806 2178 842 eis
2211 809 2427 851 potestatem

187 855 248 896 τῆς
279 855 344 888 τοῦ
381 851 588 888 διαθέσθαι
622 853 769 888 τούτους
803 853 964 894 ἐξουσίας
998 850 1271 898 ἀφαιρούμεναι.
1342 853 1558 889 auferentes.
1607 853 1846 897 Quamobrem
1875 853 1922 888 ab
1951 852 2055 888 initio
2085 852 2224 887 factum
2253 854 2351 887 recte
2383 862 2425 887 eo

190 895 279 934 ὥςτε
309 898 351 933 τὸ
381 899 420 940 ἐξ
443 897 550 945 ἀρχῆς
570 897 765 945 γενόμενον
789 896 913 944 ὀρθῶς
940 900 978 932 ἐκ
1009 899 1074 932 τοῦ
1102 897 1151 943 μὴ
1176 897 1272 942 ἀμει-
1287 901 1328 933 15
1343 898 1438 942 quod
1473 909 1546 933 non
1580 898 1689 933 fuerit
1723 900 1901 933 mutatum
1935 908 2009 934 ηοη
2046 897 2264 933 arbitramur
2298 898 2427 942 postea

189 945 333 991 φθῆναι
357 942 544 987 προςήκειν
568 941 631 986 οὐχ
654 940 842 990 ἡγούμεθα
858 941 1010 990 ὕστερον
1026 942 1272 978 ἐλαττοῦσθαι
1341 943 1473 978 mutari
1505 947 1568 979 aut
1598 944 1717 988 aliquo
1748 943 1854 979 modo
1883 942 2047 988 infringi,
2081 942 2145 978 sed
2177 942 2426 977 immutilatam

188 987 282 1024 καθ’
308 988 431 1023 ὁτιοῦν
454 986 476 1032 ἢ
499 986 784 1034 ἀνατρέπεσθαι,
808 985 891 1022 ἀλλ’
907 990 947 1022 ἐν
968 985 1118 1043 άρραγεῖ
1137 991 1271 1032 μένειν,
1340 998 1484 1024 manere
1514 999 1605 1034 quae
1637 991 1724 1024 tunc
1755 988 1894 1034 placuit
1923 988 2088 1024 testatori
2121 987 2334 1023 sententiam
2364 997 2425 1022 va-

188 1036 250 1078 τῆς
272 1035 355 1069 τότε
379 1032 612 1081 παραστάσης
642 1034 698 1076 τῷ
720 1031 931 1077 διαθεμένῳ
954 1045 1099 1081 γνωμης
1130 1034 1273 1080 ἰσχυρᾶς
1341 1033 1483 1078 lideque
1515 1034 1659 1069 servari.
1708 1034 1791 1070 Erit
1820 1044 1975 1079 namque
2007 1033 2221 1075 absurdum,
2257 1036 2300 1068 ut
2331 1033 2427 1078 quod

189 1078 433 1124 διαμενούσης.
481 1079 534 1122 εἴη
556 1077 624 1125 γὰρ
648 1075 694 1112 ἂν
725 1079 803 1112 τῶν
833 1076 986 1113 ἀτόπων
1009 1078 1052 1113 τὸ
1075 1078 1272 1125 γενόμενον
1341 1078 1477 1113 factum
1507 1082 1562 1114 est
1590 1082 1686 1114 recte
1717 1089 1760 1114 ex
1790 1089 1831 1115 eo
1862 1079 1958 1124 quod
1980 1082 2068 1115 tunc
2092 1089 2165 1115 non
2189 1081 2269 1114 erat
2290 1078 2427 1114 factum

189 1122 315 1172 ὀρθῶς
345 1127 384 1158 ἐκ
416 1125 478 1158 τοῦ
510 1122 559 1168 μὴ
582 1121 768 1170 γεγονότος
799 1119 950 1171 ὕστερον
985 1121 1272 1170 ἀνατρέπεσθαι.
1286 1125 1328 1158 20
1341 1128 1469 1168 postea
1492 1126 1660 1159 mutetur.

188 1172 213 1207 5
260 1168 484 1204 Συνελόντας
503 1172 629 1203 τοίνυν
649 1169 764 1203 εἰπεῖν
783 1166 1073 1212 λαμβανέτωσαν
1093 1169 1129 1203 οἱ
1147 1167 1273 1204 παῖδες
1341 1170 1365 1205 5
1413 1169 1606 1205 Collective
1628 1169 1736 1213 igitur
1760 1169 1949 1205 dicendum
1973 1169 2176 1215 percipiant
2199 1168 2263 1204 filii
2281 1169 2426 1204 relictas

189 1215 232 1250 τὸ
255 1213 579 1258 καταλελειμμένον
602 1209 732 1254 αὐτοῖς,
758 1213 790 1247 εἰ
814 1212 910 1248 οὕτω
934 1212 1046 1257 τύχοι,
1071 1214 1172 1262 παρὰ
1194 1215 1273 1248 τῶν
1342 1214 1428 1256 sibi,
1466 1214 1498 1249 Si
1531 1214 1584 1249 ita
1620 1214 1819 1258 contigerit,
1853 1225 1875 1249 a
1909 1215 2076 1259 patribus
2111 1219 2185 1249 tres
2218 1214 2345 1249 uncias
2382 1224 2428 1249 ex

191 1264 362 1308 πατέρων
385 1258 589 1307 τριούγκιον
617 1260 657 1293 ἐκ
687 1259 766 1292 τῶν
788 1255 886 1293 οὕτω
908 1262 1116 1306 γενομένων
1139 1258 1272 1302 διαθη-
1340 1260 1564 1295 testamentis
1595 1260 1647 1294 ita
1675 1259 1781 1294 factis
1811 1263 1876 1294 aut
1906 1264 1991 1294 ante
2015 1259 2101 1304 legis
2126 1259 2339 1304 positionem
2363 1263 2428 1294 aut

190 1307 267 1341 κῶν
296 1303 318 1348 ἢ
341 1304 412 1350 πρὸ
436 1305 497 1347 τῆς
519 1304 583 1338 τοῦ
604 1302 716 1348 νόμου
739 1303 890 1348 θέσεως,
917 1301 939 1348 ἢ
961 1303 1052 1348 μετὰ
1071 1304 1139 1348 τὴν
1162 1304 1272 1338 θέσιν
1341 1308 1425 1350 post
1452 1305 1667 1349 positionem
1698 1304 1805 1348 legis,
1841 1308 2034 1348 antequam
2065 1305 2155 1340 haec
2183 1306 2304 1339 tamen
2331 1305 2428 1350 apud

189 1353 254 1386 τοῦ
285 1349 397 1395 νόμου
428 1352 518 1394 πρὶν
547 1347 591 1391 δὴ
619 1350 753 1383 τοῦτον
784 1348 884 1396 παρὰ
913 1353 987 1384 τοῖς
1018 1347 1186 1397 ἄρχουσιν
1213 1351 1271 1394 ἐμ·
1286 1351 1328 1384 25
1341 1350 1476 1385 iudices
1500 1350 1754 1385 innotesceret.
1803 1349 1841 1384 Si
1858 1360 1942 1385 vero
1963 1349 2142 1385 adiectum
2166 1350 2212 1384 sit
2233 1353 2426 1385 testamen-

191 1397 287 1442 φανῆ
309 1395 540 1437 καταστῆναι.
589 1394 620 1428 εἰ
652 1392 692 1428 δὲ
719 1396 779 1427 καὶ
804 1397 1009 1440 προςκέοιτο
1040 1398 1119 1429 ταῖς
1143 1393 1271 1437 ὃιαθή-
1341 1395 1398 1439 tis‚
1424 1398 1590 1440 oportere
1611 1394 1706 1440 quod
1725 1394 1901 1440 reliquum
1927 1398 1982 1430 est
2001 1395 2050 1430 eis
2068 1394 2207 1439 impleri
2231 1395 2428 1430 secundum

190 1452 268 1475 καις
290 1440 332 1475 τὸ
352 1440 479 1486 χρῆναι
502 1438 545 1473 τὸ
563 1437 688 1474 λεῖπον
708 1437 827 1474 αὐτοῖς
847 1437 1164 1488 ἀναπληρωθῆναι
1184 1440 1273 1487 πρὸς
1341 1440 1438 1485 quod
1471 1443 1556 1476 tunc
1580 1441 1718 1484 legibus
1743 1439 1952 1482 debebatur,
1984 1440 2054 1475 hoc
2077 1440 2347 1485 percipiendum
2371 1451 2426 1478 se-

190 1485 233 1521 τὸ
256 1483 340 1520 τότε
363 1483 456 1519 κατὰ
479 1483 560 1519 τοὺς
583 1483 711 1528 νόμους
731 1484 1024 1530 ἐποφειλόμενον,
1053 1487 1161 1520 τοῦτο
1185 1484 1271 1530 λαμ·
1342 1485 1497 1521 cundum
1529 1486 1697 1530 antiquas
1728 1485 1839 1529 leges,
1875 1489 1916 1520 ut
1946 1485 1977 1521 si
2013 1485 2113 1520 deest
2147 1485 2264 1520 tribus
2299 1485 2427 1527 unciis,

190 1531 375 1576 βάνεσθαι
409 1528 502 1563 κατὰ
536 1528 618 1564 τοὺς
653 1527 827 1565 παλαιοὺς
860 1528 1005 1574 νόμους,
1051 1527 1138 1565 ὤςτε
1172 1531 1273 1575 εἴπερ
1341 1531 1536 1566 secundum
1558 1531 1647 1566 illud
1678 1531 1961 1576 supplementum
1985 1530 2050 1565 fiat
2074 1534 2110 1566 et
2132 1540 2205 1565 non
2228 1531 2266 1566 in
2284 1530 2426 1575 quadri-

191 1575 344 1611 έλλείπει
367 1588 404 1609 τι
427 1576 482 1618 τῷ
500 1578 702 1623 τριουγκίῳ,
726 1575 774 1609 εἰς
794 1577 906 1609 ἐκεῖνο
930 1574 998 1619 τὴν
1013 1573 1274 1622 ἀναπλήρωσιν
1286 1578 1329 1611 30
1341 1577 1468 1619 uncio,
1501 1577 1597 1621 quod
1626 1578 1755 1621 postea
1786 1575 1929 1621 quidem
1959 1577 2138 1612 sancitum
2163 1577 2237 1618 est,
2270 1575 2428 1612 nondum

189 1621 381 1669 γίνεσθαι,
414 1618 494 1654 ἀλλ’
521 1619 585 1654 οὐκ
617 1620 664 1654 εἰς
691 1619 734 1654 τὸ
758 1621 1023 1668 τετραούγκιον,
1055 1621 1098 1655 τὸ
1122 1618 1274 1668 ὕστερον
1342 1623 1463 1657 tamen
1487 1625 1573 1657 tunc
1596 1621 1767 1666 agnitum.

190 1669 258 1711 μὲν
282 1665 551 1710 νομοθετηθέν,
576 1664 680 1700 οὔπω
703 1679 744 1711 γε
766 1664 838 1710 μὴν
860 1664 945 1700 τότε
966 1667 1153 1713 γνωσθὲν.
1931 1706 1934 1708 ,

235 1709 411 1757 <Ἐπίλο
450 1710 523 1755 ος.)
564 1711 612 1744 Τὰ
626 1714 750 1745 τοίνυν
770 1710 1011 1758 παραστάντα
1031 1710 1115 1756 ἡμῖν
1134 1714 1194 1745 καὶ
1214 1709 1275 1746 διὰ
1390 1711 1636 1757 (Epilogus.
1702 1711 1801 1756 Quae
1819 1711 1928 1756 igitur
1943 1711 2160 1756 placuerunt
2182 1711 2288 1746 nobis
2313 1713 2350 1746 et
2365 1722 2429 1756 per

191 1755 297 1792 τοῦδε
320 1757 385 1791 τοῦ
401 1723 506 1790 ιξείου
526 1753 727 1800 δηλούμενα
751 1756 863 1801 νόμου
887 1755 947 1791 διὰ
965 1756 1206 1805 κηρυγμάτων
1226 1757 1274 1791 οἱ·
1344 1757 1439 1792 hanc
1463 1767 1604 1792 sacram
1654 1757 1814 1793 eclarata
1844 1760 1928 1792 sunt
1957 1757 2086 1801 legem,
2118 1756 2320 1801 praeceptis
2344 1767 2428 1802 pro-

191 1805 298 1837 κείων
328 1799 351 1846 ἡ
387 1800 432 1844 σὴ
458 1797 613 1848 ὑπεροχὴ
643 1803 734 1837 πᾶσι
758 1800 944 1845 ποιησάτω
970 1801 1110 1849 φανερὰ
1139 1804 1213 1837 τοῖς
1235 1815 1275 1836 τε
1287 1804 1331 1838 35
1344 1802 1432 1848 priis
1456 1805 1520 1837 tua
1545 1802 1735 1838 eminentia
1760 1803 1925 1838 omnibus
1950 1801 2061 1836 faciat
2084 1801 2277 1837 manifesta
2309 1804 2345 1837 et
2369 1802 2430 1847 qui

192 1850 253 1883 ἐπὶ
277 1848 337 1891 τῆς
356 1844 507 1893 μεγάλης
530 1845 660 1889 ταύτης
682 1844 821 1882 πόλεως
843 1850 917 1882 τοῖς
937 1861 977 1882 τε
994 1848 1150 1890 ἔξωθεν,
1175 1843 1275 1882 ὅπως
1343 1850 1380 1882 in
1404 1848 1472 1882 hac
1496 1847 1650 1883 maxima
1675 1848 1818 1883 civitate
1842 1851 1878 1882 et
1901 1847 1963 1892 qui
1984 1846 2072 1882 foris
2094 1847 2318 1892 inhabitant,
2342 1858 2429 1900 qua-

191 1890 238 1927 ἂν
257 1891 373 1928 ἅπασι
393 1895 533 1939 γένοιτο
552 1893 650 1936 σαφῆ
673 1890 717 1926 τὰ
737 1890 829 1937 παρ’
849 1891 952 1937 ἡμῶν
977 1894 1038 1928 ἐπὶ
1058 1894 1102 1941 τῇ
1121 1891 1274 1928 πάντων
1344 1896 1449 1928 tenus
1470 1893 1634 1928 omnibus
1653 1893 1743 1928 fiant
1762 1893 1882 1938 palam
1904 1902 1996 1937 quae
2019 1902 2042 1927 a
2061 1893 2166 1928 nobis
2188 1903 2253 1937 pro
2272 1903 2429 1928 omnium

192 1935 370 1984 ἀσφαλείᾳ
392 1936 709 1981 νομοθετηθέντα.
766 1937 851 1974 Dat.
870 1938 906 1974 k.
925 1938 1010 1973 Mai.
1031 1938 1100 1974 GP.
1115 1938 1198 1983 imp.
1213 1938 1271 1973 dn.
1345 1938 1485 1974 cautela
1510 1938 1650 1974 sancita
1673 1940 1767 1974 sunt.
1839 1938 1923 1973 Dat.
1945 1937 2018 1973 kal.
2033 1937 2149 1973 Maias
2174 1937 2428 1973 Constantino-

191 1983 381 2020 Iustiniani
401 1993 461 2028 pp.
478 1982 570 2027 Aug.
589 1992 673 2018 ann.
689 1982 783 2026 XII.‚
804 1983 965 2020 Iohanne
983 1995 1014 2020 v.
1033 1994 1064 2019 c.
1083 1994 1181 2020 cons.
1343 1984 1419 2028 poli
1441 1983 1525 2029 imp.
1551 1984 1610 2019 dn.
1635 1983 1826 2020 Iustiniani
1848 1994 1910 2028 pp.
1931 1983 2023 2028 Aug.
2050 1992 2143 2019 anno
2161 1982 2243 2018 XII.
2269 1983 2430 2019 Iohanne

1263 2032 1306 2070 [a.
1319 2032 1396 2071 538]
1456 2040 1487 2064 v.
1504 2039 1534 2064 ο.
1562 2039 1660 2064 cons.

193 2117 347 2164 querint.
395 2115 522 2162 Neque
553 2116 647 2152 enim
681 2116 839 2152 subverti
871 2116 1035 2153 volumus
1068 2117 1327 2163 defunctorum
1356 2118 1577 2158 voluntates,
1613 2118 1722 2153 sicuti
1755 2116 1859 2153 modo
1891 2116 2072 2159 diximus,
2107 2117 2173 2152 sed
2199 2118 2329 2170 potius
2361 2130 2431 2164 per

194 2162 315 2198 omnia
338 2165 442 2197 ratas
465 2172 527 2197 eas
552 2161 780 2197 ostendimus.
829 2159 961 2207 Itaque
984 2162 1147 2208 quamvis
1163 2162 1340 2208 proxime
1362 2166 1452 2209 post
1476 2162 1589 2208 leqem
1613 2162 1725 2199 latam
1758 2165 1971 2198 testamenta
2002 2162 2141 2208 scripta
2174 2167 2250 2199 sint
2279 2166 2430 2199 necdum

194 2218 277 2243 vero
302 2206 577 2246 constitutiones
600 2206 817 2251 manifestas
835 2206 919 2251 fieri
942 2207 1153 2253 constqerit,
1185 2218 1251 2242 nec
1273 2207 1531 2254 superstitibus
1557 2208 1661 2253 forte
1693 2207 1927 2243 testatoribus
1956 2212 2116 2242 mutatae
2138 2209 2227 2250 sint,
2260 2213 2432 2244 maneant

193 2253 246 2287 sic
270 2262 413 2298 quoque
435 2251 693 2293 institutioneS,
723 2261 818 2296 quae
841 2251 886 2286 ab
909 2251 1014 2286 initio
1038 2251 1233 2286 secundum
1256 2251 1355 2297 leqes
1380 2256 1453 2287 tum
1483 2256 1590 2287 notas
1610 2252 1739 2298 factae
1760 2255 1863 2294 sunt,
1888 2252 2157 2298 propriamque
2180 2253 2249 2288 vim
2274 2253 2432 2290 babeant

195 2308 282 2334 neve
306 2300 523 2342 arquantur,
548 2295 720 2341 quoniam
750 2306 823 2340 quo
849 2299 1008 2342 tempore
1039 2296 1095 2331 illi
1124 2297 1338 2342 superstites
1367 2297 1521 2343 fuerunt
1551 2307 1614 2332 eas
1644 2307 1720 2332 non
1751 2297 1978 2332 mutaverint.
2027 2296 2154 2342 Neque
2185 2298 2278 2333 enim
2308 2299 2431 2334 omnia

193 2352 306 2389 penes
328 2351 397 2376 nos
426 2345 512 2388 sunt
542 2350 607 2376 nec
636 2350 777 2386 semper
806 2341 935 2386 cuique
960 2345 1099 2387 tempus
1128 2346 1182 2376 est
1206 2341 1362 2377 testandi
1369 2354 1385 2383 ,·
1420 2353 1464 2377 ac
1487 2352 1596 2387 saepe
1626 2345 1775 2387 repente
1804 2352 1902 2377 mors
1925 2341 2087 2376 nomines
2112 2343 2288 2388 opprimit
2316 2354 2431 2389 eoque

197 2386 352 2424 testandi
374 2385 554 2431 facultate
575 2385 707 2431 privat.
756 2383 888 2431 Itaque
911 2386 1011 2431 quod
1034 2386 1078 2421 ab
1099 2386 1203 2421 initio
1226 2387 1482 2466 rectesactum
1502 2392 1567 2428 est,
1591 2385 1676 2422 inde
1696 2386 1797 2432 quod
1817 2397 1893 2421 non
1912 2389 2088 2421 mutatum
2107 2394 2172 2428 est,
2196 2387 2298 2423 nullo
2312 2392 2429 2434 pacto

188 2438 366 2479 putamus
382 2435 519 2477 postea
543 2429 820 2466 imminuendum
843 2429 899 2465 vel
922 2431 1149 2466 evertendum
1168 2441 1255 2473 esse,
1279 2441 1318 2466 se
1366 2431 1619 2478 incorruptum
1642 2442 1799 2474 manere,
1823 2434 1864 2465 ut
1883 2442 1978 2477 quae
2003 2435 2077 2466 tum
2102 2434 2271 2467 testatori
2287 2434 2431 2480 placuit

195 2477 364 2514 voluntas
384 2476 493 2521 firma
514 2479 735 2522 permaneat.
782 2474 986 2511 Absurdum
1010 2476 1103 2511 enim
1124 2476 1253 2521 fuerit,
1277 2476 1311 2511 si
1331 2475 1371 2511 id
1393 2476 1492 2522 quod
1513 2480 1610 2512 recte
1630 2477 1773 2520 factum
1797 2479 1852 2511 est
1874 2487 1923 2512 ex
1938 2486 1981 2523 eo
1998 2476 2098 2521 quod
2118 2477 2260 2522 factum
2278 2489 2352 2513 non
2376 2482 2432 2514 est

194 2523 219 2559 ὃ
259 2525 393 2570 postea
423 2524 616 2556 evertatur.
714 2519 758 2556 Ut
787 2521 902 2567 iqitur
932 2532 1006 2556 rem
1039 2522 1205 2557 oratione
1236 2521 1527 2567 complectamur,
1562 2521 1747 2568 accipiant
1770 2521 1874 2557 liberi
1904 2521 2068 2556 relictum
2096 2522 2176 2564 sibi,
2205 2523 2238 2557 si
2268 2523 2322 2558 ita
2345 2535 2429 2559 con-

198 2569 325 2620 tinqat‚
359 2577 382 2601 a
400 2567 617 2613 parentibus
641 2564 880 2611 quadrantem
911 2576 961 2601 ex
994 2567 1212 2602 testamentis
1243 2567 1295 2601 ita
1316 2566 1432 2611 factis
1461 2567 1536 2602 sive
1559 2571 1643 2602 ante
1675 2567 1789 2612 leqem
1814 2566 1942 2608 latam,
1974 2565 2049 2601 sive
2063 2571 2159 2613 post
2181 2567 2293 2602 latam
2317 2569 2430 2615 leqem

194 2622 410 2659 priusquam
426 2611 549 2647 eadem
565 2611 667 2658 apud
681 2610 919 2656 maqistratus
935 2611 1144 2647 innotuerit.
1194 2610 1236 2645 Si
1251 2621 1335 2646 vero
1353 2612 1573 2647 testamentis
1587 2611 1764 2646 adiectum
1780 2612 1838 2655 sit,
1863 2615 1903 2646 ut
1945 2610 2018 2646 uod
2032 2610 2131 2647 deest
2152 2611 2244 2658 ipsis
2258 2614 2429 2660 supplea-

198 2662 258 2694 tur
281 2657 331 2693 ad
377 2656 591 2692 uantitatem
617 2659 690 2691 tum
713 2655 908 2691 secundum
933 2656 1028 2702 leqes
1052 2656 1218 2698 debitam,
1244 2655 1284 2690 id
1306 2656 1510 2702 accipiatur
1532 2656 1727 2692 secundum
1751 2662 1887 2692 veteres
1911 2621 2019 2702 lgqes,
2044 2657 2096 2692 ita
2119 2661 2172 2699 ut,
2199 2657 2232 2692 si
2282 2659 2348 2694 uid
2371 2659 2430 2694 de-

195 2707 250 2740 est
273 2668 472 2748 quadranti
494 2712 608 2747 usque
637 2700 687 2736 ad
715 2700 817 2736 illum
847 2701 1132 2748 supplementum
1160 2702 1230 2747 fiat
1259 2711 1324 2735 nec
1354 2712 1439 2737 vero
1471 2712 1586 2747 usque
1617 2701 1667 2736 ad
1690 2702 1866 2744 trientem,
1899 2700 2000 2747 quod
2019 2705 2150 2747 postea
2183 2703 2246 2748 qui
2273 2715 2327 2739 em
2353 2704 2431 2750 leqe

195 2748 374 2784 sancitum
396 2750 461 2789 est,
488 2750 562 2782 tum
587 2749 706 2782 tamen
728 2745 888 2781 nondum
910 2750 990 2782 erat
1014 2747 1208 2793 coqnitum.

334 2792 370 2828 E
369 2792 444 2845 pil
451 2803 472 2827 ο
481 2802 573 2838 qus.
621 2789 723 2834 Quae
740 2791 854 2837 iqitur
874 2790 976 2827 nobis
988 2791 1213 2838 placuerunt
1236 2796 1271 2827 et
1285 2802 1357 2837 per
1375 2790 1470 2826 hanc
1485 2802 1631 2827 sacram
1651 2792 1762 2838 leqem
1781 2791 2025 2832 declarantur,
2045 2802 2117 2837 per
2137 2791 2256 2828 edicta
2270 2794 2431 2840 propria

198 2843 260 2874 tua
283 2837 484 2874 sublimitas
508 2836 672 2872 omnibus
692 2836 812 2882 faciat
834 2837 1031 2882 manifesta
1056 2840 1128 2871 tam
1153 2837 1215 2883 qui
1238 2837 1276 2871 in
1300 2835 1370 2871 hac
1393 2847 1528 2882 maqna
1551 2836 1639 2872 urbe
1665 2847 1775 2882 quam
1799 2837 1863 2883 qui
1885 2841 1996 2872 extra
2019 2847 2098 2872 eam
2121 2841 2224 2880 sunt,
2255 2842 2297 2874 ut
2319 2839 2431 2874 omni-

197 2885 263 2921 bus
278 2883 409 2930 palam
428 2882 526 2928 fiant
547 2893 641 2927 quae
664 2892 688 2916 a
712 2881 816 2916 nobis
832 2885 990 2928 propter
1013 2882 1170 2917 omnium
1192 2881 1420 2917 securitatem
1444 2881 1585 2916 sancita
1609 2886 1708 2917 sunt.

252 2977 293 3010 16
318 2973 505 3019 προςήκειν
530 2986 588 3006 om.
604 2985 622 3008 ς·
647 2972 659 3010 ΙΙ
686 2975 722 3006 1ῖ
750 2968 842 3005 καθ’
870 2970 993 3005 ὁτιοῦν
1018 2968 1050 3014 ἢ]
1083 2977 1141 3004 aut
1165 2972 1278 3014 aliquo
1310 2973 1313 3007 1
1393 2973 1411 3004 5
1437 2972 1638 3004 innotuisset
1660 2973 1710 3005 Va
1726 2974 1738 3015 1}
1758 2973 1778 3005 8
1802 2972 1909 3013 legem
1934 2973 1985 3005 Ra
2002 2972 2014 3015 ss
2041 2975 2061 3006 9
2085 2973 2206 3005 habere
2228 2976 2260 3006 et
2285 2985 2352 3007 non
2377 2985 2430 3007 ac-

197 3020 295 3054 modo
312 3031 331 3056 ς
346 3020 359 3064 ΙΙ
384 3020 426 3053 20
442 3019 480 3051 ἐκ
503 3017 567 3051 τοῦ
591 3014 640 3060 μὴ
662 3014 860 3062 γεγονότος]
887 3027 925 3050 ex
947 3027 985 3050 eo
1005 3017 1094 3058 quod
1114 3019 1194 3049 tunc
1211 3028 1278 3050 non
1312 3009 1314 3071 j
1348 3017 1508 3049 cusandas
1533 3018 1618 3058 libri,
1643 3029 1724 3050 corr.
1739 3018 1824 3060 vuly.
1845 3018 1856 3059 ΙΙ
1881 3019 1921 3051 10
1946 3020 2025 3058 non]
2051 3028 2072 3049 n
2096 3019 2143 3051 V¹
2161 3018 2173 3062 ss
2195 3020 2234 3052 12
2259 3018 2297 3051 fit
2318 3020 2363 3060 V]
2388 3020 2431 3052 sit

199 3067 269 3098 erat
288 3065 413 3098 factum
434 3075 453 3099 ς
467 3063 480 3106 ΙΙ
507 3064 549 3096 38
569 3063 601 3094 k.
619 3062 699 3094 Mai.
722 3061 766 3094 Μ
772 3074 791 3097 ς
804 3064 892 3102 Aila]
917 3063 1002 3104 μηνὶ
1022 3064 1120 3104 μαίῳ
1138 3063 1255 3095 Theod.
1270 3062 1280 3105 11
1348 3062 1418 3094 RT
1430 3062 1442 3105 11
1460 3063 1607 3104 repente]
1633 3063 1665 3094 et
1689 3063 1822 3103 repente
1846 3063 1931 3105 vuly.
1951 3062 1962 3104 ΙΙ
1982 3063 2021 3096 13
2036 3065 2142 3095 morte
2164 3063 2232 3106 V²l
2270 3065 2310 3097 16
2328 3065 2429 3096 muti-

198 3111 278 3153 imp.
303 3108 494 3142 Iustiniano
517 3118 572 3150 pp.
598 3117 673 3149 agu.
698 3117 800 3139 annu.
815 3106 897 3139 XII.
913 3107 960 3140 M
965 3108 1019 3149 (cf.
1035 3108 1083 3149 ς),
1098 3105 1282 3150 βασιλείας
1349 3106 1450 3139 latam
1474 3107 1525 3139 V¹
1548 3106 1553 3150 Ι
1574 3108 1613 3140 17
1634 3106 1871 3147 uallidequeR
1887 3106 1898 3149 ΙΙ
1927 3108 1969 3139 20
1993 3108 2147 3140 mittetur
2163 3108 2208 3140 R*
2228 3108 2233 3151 Ι
2258 3109 2296 3142 21
2324 3109 2430 3150 perci-

197 3152 450 3188 Ἰουστινιανοῦ
466 3150 508 3185 τὸ
526 3149 580 3194 ιβ’
594 3153 684 3193 Ata,
704 3152 778 3185 ἔτει
794 3149 849 3195 ιβ’
864 3151 926 3193 τῆς
941 3149 1126 3194 βασιλείας
1137 3153 1257 3186 Theod.
1270 3153 1280 3195 ξ]
1349 3152 1463 3194 piatur
1476 3152 1508 3184 R
1532 3150 1536 3195 1
1569 3150 1700 3183 relictas
1724 3152 1822 3193 vala]
1848 3151 1964 3183 relicta
1978 3153 2056 3185 libri
2069 3152 2081 3196 ΙΙ
2101 3153 2142 3185 23
2156 3153 2321 3194 position
2346 3154 2395 3186 V¹
2420 3152 2432 3198 Η

201 3202 243 3235 39
269 3200 410 3232 Iohann.
436 3207 487 3229 uo.
514 3207 617 3230 conss.
643 3197 687 3229 M
697 3198 740 3237 (ς)
772 3194 930 3239 ὑπατείᾳ
950 3193 1118 3230 Ἰωάννου
1147 3197 1280 3238 Theoti-1
1351 3199 1392 3231 25
1414 3197 1659 3229 innotescerent
1671 3195 1720 3228 13²
1735 3195 1746 3237 ΙΙ
1766 3197 1808 3228 27
1830 3195 1988 3228 debeatur
2010 3196 2066 3240 Vll
2092 3198 2135 3231 28
2157 3197 2341 3238 antiquitas
2366 3199 2396 3231 R
2419 3200 2431 3240 ΙΙ

199 3242 290 3288 μετὰ
321 3241 388 3286 τὴν
419 3240 599 3276 ὑπατείαν
628 3238 796 3275 Ἰωάννου
827 3242 904 3275 Aa.
937 3243 1072 3284 (subscr.
1100 3242 1166 3274 dat.
1192 3253 1279 3276 cons.
1349 3242 1389 3282 si]
1412 3241 1441 3274 si
1458 3241 1538 3282 quid
1555 3241 1639 3284 vuly.
1656 3240 1668 3283 ΙΙ
1696 3241 1738 3274 29
1757 3240 1832 3272 illas
1849 3241 1934 3283 vulq.
1955 3241 1966 3283 11
1982 3241 2195 3283 supplentum
2217 3242 2272 3286 VH
2290 3244 2334 3276 30
2347 3253 2431 3276 non-

201 3289 362 3324 Iohannis
384 3288 583 3330 (Ihoannem
609 3286 635 3328 ¹³)
659 3287 795 3329 Iutbrw)
1350 3287 1428 3319 dum
1442 3287 1526 3327 ΒΤ]
1552 3296 1618 3318 ηοη
1640 3286 1673 3318 V
1690 3284 1702 3329 ΙΙ
1734 3287 1773 3319 31
1796 3284 1946 3326 agnitum
1971 3286 2134 3328 (agnitum
2160 3297 2177 3319 e
2199 3287 2263 3328 Va)
2296 3289 2430 3332 Vvuly]

1085 3354 1087 3356 -
1350 3332 1521 3373 cognitum
1544 3331 1615 3364 ΒΤ
1634 3329 1646 3374 ΙΙ
1670 3331 1713 3364 38
1738 3333 1851 3362 sancta
1882 3330 1934 3363 V²
1957 3329 1969 3374 ΙΙ
1999 3332 2261 3374 subscriptionem
2287 3333 2432 3366 dedimus

1351 3390 1389 3410 ex
1402 3377 1521 3409 Bamb.
1536 3377 1560 3409 I
1571 3376 1582 3419 ΙΙ
1603 3374 1930 3417 Constantinopolim
1950 3375 2090 3409 domnus
2110 3376 2229 3409 Iustin.
2245 3377 2364 3411 Bamb.
2379 3378 2403 3411 I
2419 3378 2431 3420 ΙΙ

1350 3421 1493 3454 Iohanni
1518 3421 1678 3454 Bamb.I
