2618 4010
178 144 240 175 UT
269 144 447 175 LIBERTI
478 144 538 174 DE
568 143 741 175 CETERO

179 255 241 279 σιν
264 241 410 287 αὐτούς,
444 241 574 287 ὁμοίως
607 242 706 289 παρὰ
737 246 800 278 τοῦ
827 243 1004 279 δεσπότου
1037 243 1127 281 θεοῦ
1158 257 1265 278 κατα-

179 289 429 335 κριθὴσονται.
477 292 538 322 καὶ
564 284 670 328 αὐτὸς
701 289 769 336 γὰρ
799 288 818 324 ὁ
843 289 1077 331 ἐνδοξότατος
1100 291 1265 335 ἔπαρχος,

178 336 242 368 ἐὰν
273 331 355 381 εὕρῃ
391 332 492 368 τινὰς
525 333 668 376 τοιοῦτό
706 349 741 368 τι
774 335 1070 381 πλημμελοῦντας
1107 337 1166 368 καὶ
1198 334 1265 378 τὴν

178 378 358 433 ἐκδίκησιν
388 380 437 413 εἰς
468 377 596 414 αὖτοὺς
628 379 676 424 μὴ
709 380 871 429 ἐπαγάγῃ
905 380 997 416 κατὰ
1028 378 1109 414 τοὺς
1142 376 1263 424 ἢμετέ-

1251 128 1336 176 383

1962 129 2068 171 Nov.
2100 126 2323 170 LXXVIH
2357 139 2418 180 pr.

1334 242 1666 285 subtercelaverint,
1701 242 1865 276 similiter
1888 251 1910 276 a
1936 239 2076 276 domino
2113 239 2176 274 deo
2204 237 2417 274 condemna-

1339 289 1480 323 buntur.
1530 289 1578 323 Et
1609 288 1687 332 ipse
1720 287 1811 322 enim
1842 286 2118 331 gloriosissimus
2150 283 2356 329 praefectus
2389 283 2419 319 si

1335 334 1509 369 invenerit
1541 334 1714 378 quosdam
1747 334 1818 368 tale
1850 332 1983 377 aliquid
2007 331 2252 376 delinquentes
2282 331 2317 364 et
2342 329 2417 363 vin-

1336 379 1468 414 dictam
1493 380 1529 414 in
1554 389 1614 414 eos
1639 390 1710 414 non
1737 378 1898 413 intulerit
1923 377 2117 413 secundum
2142 378 2285 411 nostras
2310 374 2416 418 leges,

178 437 257 472 ρους
279 429 417 481 νομούς,
449 425 629 483 πρότερον
653 428 864 484 ιιὲνιὲνρχος
887 428 994 483 ἔσται
1014 427 1059 478 τῇ
1083 427 1146 460 τοῦ
1171 426 1264 460 θεοῦ
1303 426 1489 470 5primum
1514 425 1655 469 quidem
1681 425 1859 469 obligatus
1885 425 1952 458 erIt
1977 422 2033 457 dei
2057 421 2202 463 iudicio,
2229 423 2310 465 post
2331 421 2418 455 haec

177 474 306 525 κρίσει,
338 473 464 505 ἑπειτα
489 468 529 504 δὲ
552 485 612 504 και
633 485 699 514 την
718 472 757 512 εξ
781 487 885 517 ημων
909 482 1155 519 αγανακτησιν
1177 469 1264 506 ὑπο-

178 527 361 559 στησεται.

691 722 749 755 on
1078 750 1081 753 .

180 791 316 826 ΩΣΤΕ
342 791 483 825 ΤΟῩΣ
507 790 908 825 ΑΠΕΑΕΥΘΕΡΟΥΣ
940 790 1049 824 ΤΟΥ
1073 791 1263 825 ΛΟΙΠΟΥ

1335 476 1455 506 autem
1479 474 1516 506 et
1539 476 1698 506 nostram
1723 469 2002 515 indignationem
2026 468 2215 503 sustinere.

1611 718 1810 754 LXXVIII.
1860 716 1969 751 Auth.
1981 715 2145 750 LXXIX.
2165 688 2253 750 con.
2266 715 2314 748 V1
2334 716 2386 750 tit.
2399 719 2418 750 6

1334 788 1373 834 R:
1408 786 1473 821 UT
1512 786 1711 821 LIBERTI
1747 785 1814 820 DE
1847 784 2051 821 CETERO.
2078 783 2180 818 NON
2217 782 2419 818 EGEANT
2492 795 2495 797 ’

179 837 261 871 ΜΗ
281 837 477 870 ΔΕΙΣΘΑΙ
502 837 714 871 ΔΙΚΑΙΟΥ
738 836 942 870 ΧΡΥΣῼΝ
968 836 1263 870 ΔΑΚΤῩΛΙΩΝ
1282 837 1320 868 10
1333 832 1499 867 AUREO
1516 831 1682 867 ANULO
1703 831 1768 866 ΕΤ
1786 830 1849 866 UT
1867 829 2105 865 PRISTINIS
2123 828 2419 864 RESTITUAN-

180 883 274 916 ΚΑΙ
286 883 697 916 ΠΑΛΙΓΓΕΝΕΣΙΑΣ.
730 882 824 916 ΚΑΙ
845 882 979 915 ΩΣΤΕ
998 882 1104 915 ΤΗΝ
1121 882 1262 916 1101H-

180 929 260 961 ΣΙΝ
310 929 414 962 ΤΩΝ
461 928 745 962 ΠΡΟΙΚΩΙΩΝ
790 927 1127 961 ΣῩΜΒΟΛΑΙΩΝ
1180 928 1262 961 ΕΠΙ

182 974 286 1008 ΤΩΝ
324 974 687 1008 ΑΠΕΑΕῩΘΕΡΩΝ
722 973 982 1006 ΓῩΝΑΙΚΩΝ
1020 973 1262 1007 ΑΥΤΟΘΕΝ

180 1020 283 1053 ΗΔΗ
321 1020 414 1053 ΚΑΙ
450 1019 556 1052 ΤΟΝ
593 1019 771 1052 ΓΑΜΟΝ
807 1018 1054 1052 ΝΟΜΙΜΟΝ
1092 1019 1263 1052 ΠΟΙΕΙΝ

1334 877 1433 913 TUR
1450 877 1742 912 NATALIBUS.
1781 877 1846 911 ET
1866 874 2247 912 CELEBRATIONE
2269 873 2419 909 DOTA-

1334 922 1457 959 LIUM
1489 922 1954 958 INSTRUMENTORUM
1987 921 2038 956 IN
2070 919 2297 955 LIBERTIS
2329 919 2418 954 MU-

1334 967 1559 1004 LIERIBUS
1594 967 1755 1003 FACTA
1788 967 1855 1003 EX
1886 967 1981 1002 HOC
2005 966 2109 1001 IPSO
2141 965 2233 1000 IAM
2262 964 2421 1000 ETIAM

1336 1013 1545 1050 NUPTIAS
1565 1013 1834 1049 LEGITIMAS
1860 1012 1995 1047 FIERI
2019 1012 2084 1047 ET
2106 1011 2265 1046 FILIOS
2289 1009 2419 1046 SUOS.

181 1065 275 1098 ΚΑΙ
309 1065 449 1098 ΤΟῩΣ
481 1064 664 1098 ΠΑΙΔΑΣ
698 1064 964 1097 ΓΝΗΣΙΟΥΣ.
1012 1065 1061 1097 ΕΙ
1090 1065 1146 1098 ΔΕ
1171 1064 1264 1097 ΚΑΙ
1283 1064 1320 1095 15
1335 1059 1378 1094 SI
1402 1059 1570 1095 NUPER
1599 1059 1757 1094 ETIAM
1781 1058 1996 1094 ANCILLA
2026 1057 2140 1093 FUIT
2173 1057 2237 1091 ET
2270 1055 2420 1091 IPSAM

182 1111 349 1145 ΔΟΥΛΗ
382 1110 673 1149 ΕΤΥΓΧΑΝΕ,
714 1110 807 1142 ΚΑΙ
841 1108 1021 1143 AYTHN
1058 1106 1263 1143 EAEYe'E-

227 1156 327 1190 PAN
351 1156 486 1189 EINAI
511 1156 602 1188 ΤΗΙ
626 1155 833 1188 ΠΟΙΗΣΕΙ
859 1155 965 1187 ΤΗΣ
989 1155 1219 1189 ΠΡΟΙΚΟΣ

315 1202 409 1235 ΚΑΙ
435 1201 540 1234 ΤΟΝ
565 1201 744 1234 ΓΑΜΟΝ
768 1200 1015 1234 ΝΟΜΙΜΟΝ
1039 1202 1132 1235 ΚΑΙ

366 1246 506 1280 ΤΟΥΣ
530 1244 591 1282 ΕΞ
617 1246 796 1280 ΑῩΤΗΣ
820 1246 1086 1279 ΓΝΗΣΙΟΥΣ.

1333 1104 1559 1140 LIBERAM
1596 1104 1715 1139 ESSE
1753 1103 2134 1140 CELEBRATIONE
2172 1101 2316 1137 DOTIS
2354 1101 2419 1136 ET

1334 1150 1544 1186 NUPTIAS
1577 1150 1846 1185 LEGITIMAS
1878 1149 1944 1184 ET
1981 1149 2062 1193 QUI
2098 1148 2166 1183 EX
2202 1149 2269 1182 EA
2305 1146 2418 1182 PRO·

1644 1194 1912 1231 CESSERINT
1937 1195 2052 1231 SUOS
2078 1194 2118 1239 R)

183 1298 219 1333 Ὁ
236 1298 340 1334 αὐτὸς
355 1299 521 1344 βασιλεὺς
534 1298 684 1347 Ἰωάννῃ
706 1302 760 1344 τῷ
778 1297 1004 1343 ἐνδοξοτάτῳ
1023 1299 1167 1346 ἐπάρχῳ
1189 1302 1267 1334 τῶν
1281 1302 1323 1335 20
1337 1298 1435 1333 Idem
1460 1299 1553 1342 Aug.
1580 1297 1732 1333 Iohanni
1756 1308 1816 1341 pp.
1839 1296 1994 1332 Orientis
2020 1295 2177 1331 secundo
2204 1305 2247 1331 ex
2272 1294 2420 1330 consule

183 1343 409 1380 ἀνατολικῶν
435 1349 671 1392 πραιτωρίων
694 1345 737 1380 τὸ
761 1343 817 1390 β’,
846 1343 918 1380 ἀπὸ
942 1345 1094 1380 ὑπάτων
1119 1344 1264 1389 ὀρδινα-

517 1395 608 1437 ρι’ων
633 1394 692 1424 καὶ
716 1395 907 1435 πατρικίῳ.

233 1461 289 1504 <11
295 1473 315 1506 ρ
323 1472 341 1492 ο
349 1472 367 1492 o
380 1474 394 1513 ι
398 1473 425 1503 μ
433 1472 472 1493 ιο
477 1459 531 1513 21>
583 1458 734 1493 Τελείων
766 1457 850 1504 ἡμῖν
873 1457 1050 1494 ἁπάντων
1079 1460 1157 1493 τῶν
1181 1457 1266 1505 ἀγα-

1668 1342 1848 1378 ordinario
1872 1344 1908 1377 et
1930 1341 2093 1386 patricio.

1382 1453 1674 1502 (Praefatio.)
1720 1455 1897 1490 Perfectis
1921 1454 2060 1501 <nobis>
2083 1454 2187 1490 bonis
2212 1454 2377 1489 omnibus
2402 1464 2424 1488 a

183 1505 270 1538 θῶν
301 1517 399 1550 παρα
431 1517 494 1538 του
525 1504 678 1552 μεγάλου
713 1505 805 1539 θεοῦ
837 1502 1053 1549 δεδομένων,
1089 1502 1267 1548 ᾠήθημεν
1338 1513 1466 1546 magno
1493 1502 1558 1537 deo
1585 1501 1689 1544 datis,
1716 1501 1979 1536 aestimavimus
2004 1503 2169 1545 oportere
2197 1503 2231 1534 et
2255 1500 2422 1544 ipsiser-

182 1551 310 1603 χρῆναι
329 1553 390 1583 καὶ
409 1547 511 1584 αὐτοὶ
527 1549 589 1584 τὰς
608 1551 686 1584 τῶν
706 1551 860 1584 οἰκετῶν
881 1549 1097 1597 ἐλευθερίας,
1119 1548 1268 1584 ἐπειδὰν
1283 1552 1322 1584 25
1337 1559 1462 1583 vorum
1486 1547 1685 1587 libertates,
1711 1558 1791 1582 cum
1815 1557 1837 1582 a
1859 1547 1974 1591 priori
1999 1546 2208 1582 condicione
2229 1556 2252 1580 a
2271 1545 2422 1580 dominis

183 1609 282 1641 παρα
301 1596 380 1629 τῶν
402 1593 594 1631 δεσποτῶν
616 1597 679 1639 τῆς
701 1599 877 1641 προτέρας
901 1594 1190 1631 ἀπαλλάττοιντο
1209 1595 1266 1629 τύ-

183 1653 253 1684 χης,
278 1645 461 1675 παντοίως
486 1639 605 1676 αὐτοῖς
628 1641 795 1687 καθαράς
819 1655 859 1675 τε
883 1645 942 1675 καὶ
963 1639 1183 1676 ἅνοθεύτους
1208 1644 1268 1674 καὶ

183 1685 319 1720 τελείας
342 1684 567 1721 ἀποτελέσαι.
617 1690 690 1720 Καὶ
716 1685 774 1721 διὰ
800 1688 908 1721 τοῦτο
938 1689 1079 1730 καὶτῆς
1103 1688 1181 1720 τῶν
1206 1687 1268 1722 de-

184 1733 343 1767 ditim'wv
366 1727 504 1777 ὕβρεως
527 1732 588 1766 τὰς
607 1732 814 1776 ἐλευθερίας
837 1729 1104 1777 ἀπηλλάξαμεν,
1129 1735 1188 1765 καὶ
1207 1732 1269 1766 τὰς

1338 1594 1557 1635 liberantur,
1596 1593 1739 1628 omnino
1777 1602 1837 1628 eas
1873 1603 1984 1638 puras
2022 1592 2072 1627 eis
2106 1595 2143 1626 et
2173 1591 2352 1626 infucatas
2389 1595 2424 1625 et

1338 1639 1519 1685 perfectas
1545 1638 1700 1673 efficere.
1750 1638 1800 1673 Et
1824 1640 2016 1683 propterea
2043 1637 2151 1673 etiam
2177 1636 2424 1672 dediticiorum

1339 1685 1469 1720 iniuria
1493 1684 1720 1719 liberavimus
1744 1684 1930 1719 libertates
1956 1686 1992 1718 et
2015 1683 2215 1718 latinitates
2239 1683 2335 1717 velut
2358 1682 2422 1717 im-

1339 1731 1522 1775 perfectas
1542 1730 1759 1765 exclusimus
1780 1734 1815 1764 et
1830 1730 2039 1765 iterationes
2061 1727 2261 1773 superfluas
2280 1728 2422 1763 demon-

183 1776 405 1833 Ιειῐίηότηταξ
429 1775 478 1811 οἷς
495 1776 634 1832 ,ἀτελεῖς
657 1777 874 1831 ἐξεβάλομεν
894 1781 953 1812 καὶ
975 1778 1037 1812 τὰς
1056 1778 1270 1813 iterationas
1285 1780 1326 1812 30
1341 1777 1531 1812 stravimus
1565 1779 1601 1811 et
1631 1775 1771 1810 Iuniam
1802 1776 1915 1819 legem
1946 1777 1982 1810 et
2007 1774 2225 1818 Largianum
2251 1773 2424 1809 odivimus

185 1822 353 1868 περιττὰς
385 1837 622 1870 απεφηναμεν
652 1827 713 1858 καὶ
745 1837 811 1858 τον
835 1824 960 1859 ῙιιΠιον
990 1823 1104 1868 νόμον
1136 1826 1195 1856 καὶ
1226 1822 1268 1857 τὸ

184 1869 402 1914 Largiancov
424 1869 644 1914 ἐμισήσαμεν
670 1867 787 1924 δόγμα
813 1867 860 1903 οἷς
883 1868 1002 1914 μάτην
1033 1872 1093 1903 καὶ
1117 1868 1184 1912 τὴν
1209 1866 1269 1915 ἆρ-

185 1914 250 1957 χὴν
279 1915 444 1956 εἰςαχθὲν
476 1918 536 1949 καὶ
560 1912 686 1961 ὀρθῶς
716 1912 870 1960 ὕστερον
901 1914 1177 1960 ἐκβεβλημένον,
1212 1918 1272 1947 καὶ

1340 1822 1693 1858 senatusconsultum
1726 1825 1851 1866 utpote
1872 1821 1979 1856 initio·
2003 1821 2155 1855 inaniter
2178 1819 2424 1854 introductum

1339 1871 1375 1902 et
1407 1871 1506 1903 recte
1540 1866 1768 1912 postmodum
1804 1867 2055 1911 reprobatum,
2093 1866 2277 1910 solamque
2309 1865 2425 1900 valere

231 2006 314 2040 Nov.
329 2007 543 2040 LXXVIII
557 2008 721 2048 (Anthent.
734 2008 955 2040 LXXIX=
972 2008 1051 2041 Coll.
1076 2008 1127 2040 Vl
1149 2008 1194 2040 tit.
1208 2008 1245 2039 6:
1271 2007 1382 2050 yloss)
1407 2006 1533 2040 Graece
1553 2013 1642 2039 extat
1663 2006 1695 2038 in
1718 2004 1802 2045 ML,
1828 2016 1898 2046 cap.
1917 2005 1932 2037 1
1950 2003 2203 2046 (Θεσπίζομεν,
2225 2001 2260 2035 εἴ
2273 2013 2368 2036 τις.
2386 2028 2393 2034 .
2406 2004 2427 2043 .)

188 2060 216 2084 ει
240 2052 260 2085 2
284 2053 317 2085 in
343 2052 377 2084 B
403 2053 457 2093 48,
478 2053 855 2096 2621.—Epit.Tl1eod.
873 2054 913 2086 78
939 2054 1027 2094 (inde
1053 2055 1068 2086 1
1098 2061 1126 2085 et
1151 2054 1170 2085 2
1196 2048 1282 2093 ΒΣ),
1307 2053 1427 2084 Athan.
1445 2053 1495 2093 18,
1512 2059 1538 2084 2.
1587 2051 1710 2084 Iulian.
1726 2057 1825 2083 const.
1841 2049 1999 2081 LXXII.

188 2142 300 2188 mines
324 2140 597 2186 deprehendant
624 2151 756 2186 eosque
781 2144 905 2186 teqant
929 2141 1092 2182 celando,
1124 2141 1291 2176 similiter
1322 2153 1345 2175 a
1369 2141 1516 2176 domino
1550 2140 1617 2174 deo
1643 2138 1988 2174 condemnabuntur.
2038 2140 2155 2184 Atque
2179 2138 2257 2184 ipse
2283 2148 2428 2183 quoque

189 2186 472 2237 qloriosissimus
488 2186 706 2237 praefeotus
729 2186 763 2220 si
785 2197 876 2231 quos
899 2186 1103 2238 reppererit
1129 2186 1201 2221 tale
1223 2186 1312 2237 quid
1360 2190 1526 2220 eccantes
1556 2196 1671 2230 neque
1702 2195 1823 2229 poena
1854 2195 1915 2218 eos
1938 2183 2133 2218 secundum
2160 2183 2257 2230 leqes
2284 2189 2429 2218 nostras

191 2231 370 2276 affecerit,
396 2241 558 2277 primum
582 2230 726 2275 quidem
752 2229 810 2266 dei
834 2230 968 2266 iudicio
994 2231 1178 2266 obnoxius
1201 2235 1286 2273 erzt,

1344 2230 1448 2266 einde
1471 2235 1590 2265 autem
1615 2234 1775 2264 nostram
1804 2240 1950 2274 quoque
1974 2228 2263 2274 indi'qnationem
2286 2228 2426 2264 subibit.

1201 2408 1420 2445 LXXVIII.

192 2479 268 2515 NE
282 2478 501 2514 LIBERTI
518 2477 578 2513 IN
595 2478 871 2515 POSTERUM
888 2475 1179 2512 INDIGEANT
1199 2476 1328 2513 IURE
1343 2476 1627 2513 AUREORUM
1647 2475 1930 2512 ANULORUM
1951 2477 2021 2512 ET
2036 2476 2431 2515 RESTITUTIONIS

195 2523 467 2560 NATALIUM.
516 2523 586 2559 ET
610 2523 675 2560 UT
694 2522 972 2559 CONFECTIO
1004 2521 1269 2558 DOTALIUM
1297 2520 1776 2558 INSTRUMENTORUM
1807 2521 1908 2557 CUM
1933 2522 2262 2559 LIBERTABUS
2292 2523 2430 2561 ILICO

194 2570 291 2606 IAM
316 2569 385 2604 ET
403 2568 624 2605 NUPTIAS
646 2567 928 2605 LEGITIMAS
951 2567 1160 2603 REDDAT
1188 2568 1257 2602 ET
1276 2566 1500 2603 LIBEROS
1522 2566 1813 2603 LEGITIMOS.
1861 2566 2054 2611 QUODSI
2073 2567 2239 2603 ETIAM
2268 2568 2366 2604 SER
2377 2570 2428 2605 ΡΑ

193 2614 394 2658 FUERIT,
434 2613 497 2651 UT
516 2614 587 2650 ET
604 2613 720 2650 IPSA
753 2613 856 2649 PER
883 2612 1455 2693 CSOIITVFTEEITHIJVNTquEDXOEZS
1466 2611 1785 2693 ILEICIJIEZQJAVISIT
1806 2611 1875 2647 ET
1895 2612 2122 2649 NUPTIAE
2143 2613 2434 2650 LEGITIMAE

1172 2662 1202 2693 A
1517 2665 1527 2685 t
1708 2684 1717 2692 .

285 2717 384 2753 Idem
407 2719 592 2764 Auqustus
618 2715 778 2752 Iohanni
806 2716 1068 2762 qloriosissimo
1096 2716 1287 2796 praefetclo
1312 2715 1503 2794 tpraetorio
1531 2714 1688 2751 Orientis
1718 2715 1866 2756 iterum,
1897 2725 1947 2750 ex
1971 2716 2120 2751 consule
2145 2716 2335 2753 ordinario

1203 2772 1221 2796 e
1258 2772 1309 2806 pa
1326 2771 1425 2796 mozo.

331 2831 591 2875 Praefatio.
642 2829 727 2868 Cum
775 2831 917 2875 erfeeta
941 2829 1045 2864 nobis
1071 2829 1191 2864 omnia
1223 2829 1318 2863 bona
1342 2840 1364 2863 a
1388 2839 1446 2863 ma
1474 2839 1521 2863 no
1552 2827 1618 2864 deo
1643 2828 1731 2863 data
1754 2828 1845 2870 sint,
1881 2828 1953 2874 ipsi
1978 2831 2431 2874 quoque-existimavimus

193 2888 380 2914 servorum
405 2877 598 2917 libertates,
631 2886 729 2921 quan
757 2886 777 2910 ο
804 2887 826 2910 a
851 2874 1007 2910 dominis
1024 2875 1155 2920 priore
1179 2874 1392 2909 condicione
1416 2873 1442 2908 li
1466 2876 1625 2915 erentur,
1662 2874 1825 2920 omnibus
1853 2873 1971 2908 modis
2021 2886 2109 2909 uras
2140 2879 2175 2911 et
2197 2876 2431 2923 incorruptas

194 2929 230 2959 et
250 2924 439 2970 perfectas
462 2933 538 2957 esse
562 2920 785 2966 efficiendas.
833 2921 886 2956 Ae
905 2924 1105 2971 propterea
1129 2923 1164 2955 et
1188 2931 1211 2955 a
1235 2920 1451 2955 contumelia
1476 2918 1729 2954 dediticiorum
1752 2918 1926 2954 solvimus
1950 2919 1981 2954 li
2003 2924 2151 2963 ertates,
2176 2925 2211 2956 et
2232 2921 2431 2958 latinitates

195 2974 235 3003 ut
266 2967 502 3014 imperfectas
529 2967 766 3012 explosimus,
802 2970 839 3001 et
867 2965 1080 3000 iterationes
1115 2965 1322 3011 superfluas
1354 2963 1628 3006 deelaravimus,
1665 2968 1701 2999 et
1736 2964 1849 3010 leqem
1882 2963 2028 3000 Iuniam
2064 2970 2174 3012 atque
2204 2966 2430 3012 Larqianum

195 3012 547 3048 senatusconsultum
570 3012 775 3058 respuimus
800 3014 982 3056 tamquam
1006 3015 1042 3045 et
1065 3010 1109 3045 ab
1134 3011 1239 3045 initio
1266 3014 1395 3045 temere
1418 3008 1662 3044 introductum
1687 3013 1723 3045 et
1739 3013 1874 3055 postea
1898 3014 1995 3046 recte
2018 3012 2224 3057 explosum,
2259 3017 2294 3047 et
2317 3013 2430 3048 solam

242 3105 263 3137 2
277 3098 435 3147 ὕπαρχος
455 3104 483 3136 C
496 3102 508 3145 ΙΙ
534 3104 552 3135 3
571 3098 667 3146 εὕροι
684 3103 715 3135 L
732 3102 744 3146 ΙΙ
771 3105 789 3136 7
804 3104 1037 3145 subscriptione
1055 3110 1168 3135 carent
1191 3104 1275 3142 libri,

197 3150 295 3190 Alb„
330 3148 393 3181 Iul.
428 3145 666 3191 Ἐξεφιονήθη
702 3150 788 3190 μηνὶ
825 3147 948 3189 ἰουνίῳ
983 3144 1141 3189 ὑπατεία
1176 3145 1277 3180 Βελι-

197 3196 322 3239 σαρίου
346 3195 380 3234 (ι’.
395 3206 421 3226 e.
442 3206 472 3225 a.
493 3194 570 3234 535)
599 3194 730 3234 Theod„
756 3194 844 3236 quod
863 3195 984 3235 probat
1007 3194 1211 3231 Zachariae;
1239 3195 1278 3226 de

198 3241 294 3273 annis
319 3239 464 3282 538s539
485 3240 650 3279 eoqitabat
674 3238 798 3271 Biener
827 3237 840 3282 ΙΙ
868 3239 993 3272 9νιιὸν,
1008 3233 1118 3271 <Ὠστε
1140 3257 1186 3262 -—
1211 3250 1277 3271 πα·

199 3283 416 3330 λιγγενεσίας
426 3284 471 3316 Β.
490 3280 601 3316 ’Ὠστε
613 3281 694 3316 τοὺς
707 3280 969 3328 ἀπελευθέρους
981 3284 1044 3316 τοῦ
1060 3281 1185 3317 λοιποῦ
1199 3296 1277 3327 χρυ-

198 3332 261 3363 σοῦ
289 3327 478 3362 δακτυλίου
506 3331 566 3361 nal
591 3326 861 3374 παλιγγενεσίας
889 3328 938 3371 μὴ
969 3325 1117 3361 δεῖσθαι
1147 3331 1208 3361 καὶ
1231 3327 1277 3361 τὰ

199 3375 276 3418 ἑξῆς
288 3377 364 3408 Am.
387 3376 475 3419 Περὶ
489 3370 686 3418 προικῴων
698 3376 758 3406 καὶ
772 3376 852 3418 περὶ
866 3372 1110 3416 ἀπελευθέρας
1125 3375 1244 3407 Theod.
1267 3373 1279 3418 ΙΙ

201 3424 239 3455 11
267 3418 539 3466 παλινγενεσίας
563 3420 594 3452 L
620 3421 727 3462 (etsie
749 3420 852 3462 infra)
874 3419 886 3462 ss
913 3421 955 3452 20
980 3415 1157 3461 *ὑπάρχω
1173 3420 1244 3452 ML
1268 3419 1280 3463 Η

200 3469 239 3501 21
263 3462 490 3511 *ὀρδιναρίῳ
505 3465 578 3498 ML
593 3466 680 3506 vulq-
696 3466 739 3507 (et
751 3466 798 3498 sic
809 3467 945 3507 semper)
964 3465 976 3506 ΙΙ
1001 3466 1042 3498 23
1069 3463 1208 3498 Τέλειον
1229 3467 1279 3498 cit.

201 3513 275 3545 Ath.
286 3513 355 3545 cod.
376 3512 387 3555 ΙΙ
406 3513 447 3544 27
462 3507 581 3544 αὐτοῖς
592 3505 758 3554 κἀθαράς
770 3522 810 3543 τε
819 3511 862 3550 L]
875 3506 1003 3542 αὐτοὺς
1015 3509 1179 3556 καθαρᾶς
1192 3522 1231 3543 τε
1244 3511 1285 3543 Μ

201 3568 254 3590 eas
272 3567 373 3600 puras
391 3558 438 3590 eis
462 3568 481 3592 ς
505 3556 510 3599 Ι
537 3557 579 3590 28
590 3569 637 3599 sq.
666 3556 716 3598 Cf.
738 3557 814 3589 Cod.
830 3558 860 3596 7,
876 3564 901 3589 5.
917 3563 932 3588 6
956 3554 968 3599 ΙΙ
997 3552 1224 3588 ὃεδικτικίων
1242 3557 1281 3588 Μ

202 3599 405 3639 δετιτιςίων
418 3602 466 3635 L¹
514 3604 695 3635 ετιτιτίων
709 3601 757 3634 L²
781 3601 793 3643 ΙΙ
821 3603 862 3635 30
888 3600 1085 3633 latinotutas
1100 3602 1144 3634 M
1160 3601 1280 3634 latina-

202 3648 275 3679 τίκα
288 3648 499 3687 (latinatixae
514 3648 573 3689 L2’)
596 3649 655 3679 καὶ
668 3647 699 3679 L
717 3646 729 3689 ss
755 3644 990 3689 ἐξεβάλλομεν
1005 3647 1076 3678 ML
1094 3646 1106 3689 11
1130 3646 1280 3680 iteratio-

204 3702 261 3724 nas
276 3694 319 3725 M
337 3693 543 3726 iveratlovas
557 3693 604 3725 L²
626 3693 850 3725 ivreratlovas
867 3692 914 3724 L¹
931 3691 943 3735 ΙΙ
967 3692 1006 3725 31
1023 3691 1141 3725 ϊιὶνιον
1153 3693 1186 3725 L
1210 3690 1281 3725 ἰού-

205 3734 281 3770 λιον
295 3739 335 3771 Μ
351 3738 363 3782 ΙΙ
388 3740 430 3772 32
444 3738 631 3780 largianion
648 3739 677 3770 L
702 3737 918 3778 largitianion
935 3738 979 3770 M
988 3736 999 3781 ΙΙ
1018 3739 1078 3769 καὶ
1099 3751 1158 3772 οηι.
1173 3749 1192 3774 ς·

1396 3104 1410 3135 1
1427 3100 1727 3133 subtercelauerint
1750 3101 1886 3145 Vvulq]
1912 3101 2224 3135 subtercelauerunt
2237 3103 2331 3147 RTn
2359 3106 2378 3137 2
2399 3107 2431 3137 et

1348 3146 1436 3178 enim
1447 3147 1517 3188 ipse
1531 3145 1564 3177 R
1576 3144 1588 3190 Η
1601 3146 1621 3179 6
1634 3145 1811 3178 sustinebit
1824 3148 1907 3190 vuly.
1923 3146 1934 3190 ΙΙ
1950 3148 1968 3180 8
1979 3160 2027 3190 sq.
2042 3148 2091 3179 Ro
2105 3148 2359 3180 -Lxx-VHII-
2381 3149 2432 3193 VH

1349 3194 1368 3226 9
1386 3202 1454 3224 non
1479 3194 1597 3232 egeant
1617 3201 1718 3223 aureo
1743 3191 1870 3224 annulo
1894 3192 1938 3232 V]
1963 3203 2065 3225 aureo
2085 3203 2152 3225 non
2170 3196 2288 3235 egeant
2304 3194 2430 3227 annulo

1349 3238 1382 3270 R
1406 3248 1507 3269 aureo
1531 3236 1633 3268 anulo
1658 3247 1726 3269 non
1752 3239 1870 3278 egeant
1899 3238 1931 3270 T
1953 3237 1965 3280 ΙΙ
1996 3240 2033 3270 15
2061 3241 2179 3280 nuper]
2204 3252 2230 3271 s.
2245 3252 2274 3272 v.
2300 3239 2355 3271 uel
2378 3240 2430 3272 in-

1348 3293 1447 3325 super
1467 3283 1498 3315 T
1510 3282 1522 3325 ΙΙ
1541 3282 1644 3314 fuerit
1670 3282 1725 3315 Ta
1739 3283 1824 3325 vuly.
1842 3281 1854 3326 ΙΙ
1875 3284 1916 3316 16
1941 3282 2195 3316 celebraciorem
2212 3284 2245 3316 R
2261 3285 2272 3327 ΙΙ
2301 3287 2340 3318 17
2359 3286 2429 3326 qui]

1349 3339 1433 3370 quae
1456 3328 1509 3369 Vll
1530 3329 1571 3360 20
1584 3328 1706 3359 orienti
1723 3328 1754 3360 T
1766 3326 1777 3371 ΙΙ
1798 3338 1836 3359 ex
1858 3327 2003 3369 consule]
2022 3332 2054 3361 et
2075 3329 2210 3362 consule
2232 3330 2267 3362 V
2284 3340 2351 3362 exc.
2366 3331 2437 3364 ΒΤ

1350 3372 1520 3406 exconsuli
1533 3374 1620 3416 vuly.
1638 3372 1650 3415 ΙΙ
1670 3374 1711 3406 ‘23
1726 3373 1822 3405 nobis
1837 3375 1912 3415 add.
1928 3374 2012 3415 vulq.
2033 3373 2046 3417 ss
2061 3374 2157 3406 bonis
2178 3375 2333 3407 omnibus
2354 3376 2431 3417 VT]

1348 3418 1502 3452 omnibus
1523 3418 1619 3451 bonis
1643 3418 1676 3450 R
1691 3419 1776 3462 vuly.
1801 3418 1813 3462 ΙΙ
1840 3419 1883 3452 24
1908 3418 2203 3454 exstimauimusR
2227 3421 2429 3454 existimaui-

1349 3475 1423 3497 mus
1446 3465 1531 3507 vulq.
1558 3463 1570 3507 ΙΙ
1596 3463 1660 3505 ipsi
1681 3463 1744 3504 V’]
1769 3464 1855 3506 ipsas
1879 3464 2107 3508 RV3T'vuly.
2127 3465 2198 3507 1126
2223 3467 2359 3499 omnino
2378 3478 2431 3500 eas

1349 3520 1448 3553 puras
1470 3510 1527 3549 eis]
1563 3508 1610 3541 eis
1634 3509 1770 3541 omnino
1795 3520 1894 3552 puras
1918 3510 2004 3554 vulq.
2032 3510 2044 3552 ss
2068 3511 2232 3543 infucatas
2256 3513 2353 3556 vul9.]
2379 3513 2430 3544 in-
2455 3523 2461 3529 ·

1350 3556 1493 3588 fuscatas
1509 3554 1688 3596 (infiscatas
1708 3554 1769 3596 V1)
1787 3556 1864 3588 libri
1877 3555 1889 3597 11
1909 3555 1949 3588 27
1977 3555 2115 3597 efficere]
2141 3557 2288 3599 accipere
2305 3558 2340 3590 R
2358 3557 2370 3601 ΙΙ
2386 3559 2432 3590 Et

1351 3614 1409 3634 om.
1437 3601 1470 3633 V
1492 3600 1504 3643 ΙΙ
1533 3599 1733 3632 deditiorum
1758 3600 1872 3633 RVT
1881 3600 1890 3619 ¹
1918 3601 1930 3644 ΙΙ
1963 3602 2004 3634 28
2029 3601 2210 3634 latinitatis
2234 3603 2390 3636 R¹V²T
2419 3604 2431 3647 ss

1352 3649 1394 3680 29
1417 3645 1635 3678 interationes
1654 3645 1836 3688 superfluas
1858 3645 1909 3678 V¹
1933 3646 1997 3679 iter
2022 3647 2169 3680 actiones
2189 3644 2356 3691 superflua
2382 3649 2414 3682 Τ
2421 3649 2431 3668 ¹

1351 3691 1534 3734 superfiuas
1555 3691 1748 3724 iterationes
1774 3692 1805 3724 R
1824 3690 1836 3734 ΙΙ
1853 3692 1891 3725 31
1920 3691 2033 3734 initio]
2059 3692 2170 3726 inuito
2190 3694 2237 3727 Β*
2274 3694 2309 3726 in
2331 3694 2431 3730 initio

1351 3737 1401 3770 R2
1411 3736 1462 3770 V³
1477 3736 1527 3770 Τ2
1554 3736 1567 3780 ΙΙ
1591 3738 1633 3770 32
1658 3736 1870 3778 inprobatum
1897 3736 1930 3770 R
