2586 3990
150 153 209 184 ΕΤ
237 148 522 183 EMPHYTEOSI

150 251 276 288 τόποις
305 251 346 285 ἔν
375 262 416 285 τε
446 249 491 296 τῇ
516 245 678 293 βασιλίδι
712 245 816 282 πόλει
847 249 908 280 καὶ
931 246 972 281 ἐν
995 244 1130 280 πάσαις
1159 246 1239 280 ταῖς

151 298 215 341 τῆς
235 293 406 342 ἡμετέρας
425 292 609 329 πολιτείας
629 294 815 338 ἐπαρχίαις
833 293 1006 337 κειμένοις
1029 288 1237 337 ἐπάγεσθαι

151 341 291 385 κτήσεις
326 337 482 386 ἀπόρους
523 335 548 382 ἢ
588 335 763 385 εὗπόρους
801 334 1034 381 ὁπουδήποτε
1077 337 1240 381 κειμένας

153 384 349 426 ὠνεῖσθαι,
381 385 442 419 ἵνα
463 384 514 428 μὴ
538 381 722 431 εὗρεθῶσι
753 381 813 417 διὰ
835 382 975 425 ταύτην
1004 381 1073 426 τὴν
1097 379 1238 427 πρόφα-

153 445 212 467 σιν
243 434 304 466 καὶ
326 427 368 464 ἃς
391 431 532 472 ἔχουσιν
556 426 777 464 ἀπολλύντες
805 426 829 471 ἢ
858 430 999 474 χρέεσιν
1023 427 1237 472 ἐνεχόμενοι.

153 478 184 511 εἰ
207 475 251 512 δέ
277 487 331 511 τις
353 474 551 519 βουληθείη
580 476 734 520 πρᾶγμα
764 470 935 517 ἀκίνητον
968 469 1125 517 ὀνόματι
1155 468 1240 518 χρή-

153 534 242 558 σεως
272 520 399 565 λαβεῖν
432 517 533 575 παρά
566 531 664 554 τινος
694 520 772 553 τῶν
796 520 995 573 εἰρημένων
1025 515 1168 572 εόαγῶν
1190 517 1240 551 οἴ-

152 580 230 603 κων
252 565 366 610 (καθὰ
383 568 442 599 καὶ
459 568 634 612 ανωτέρω
658 567 740 610 περὶ
764 577 841 599 των
862 564 1005 610 ευαγῶν
1028 564 1139 597 οὶκων
1162 562 1249 597 τῶν,

153 614 194 647 ἐν
221 612 268 660 τῇ
301 608 464 664 βασιλίδι
500 610 604 646 πόλει
640 612 817 654 κειμένων
853 607 1154 652 διετυπεόσαμεν),
1188 606 1238 652 μὴ

1229 128 1311 176 589

1981 129 2089 173 Nov.
2123 128 2242 172 CXX
2270 131 2310 172 9.
2343 131 2394 172 10

1308 242 1452 279 civitate
1481 252 1590 287 quam
1619 242 1658 278 in
1687 241 1854 278 omnibus
1886 244 2030 277 nostrae
2059 239 2280 285 reipublicae
2311 249 2395 286 pro-

1306 288 1431 324 vinciis
1473 287 1574 324 ositis
1589 287 1766 324 inferatur
1784 287 2031 332 possessiones
2049 286 2187 322 steriles
2205 289 2268 321 aut
2283 285 2395 329 frugi-

1309 334 1405 370 feras
1430 345 1453 369 u
1479 334 1579 369 ilibet
1604 333 1820 369 constitutas
1845 342 1976 372 emere,
2010 333 2051 368 ut
2074 341 2147 367 non
2169 331 2397 367 inveniantur

1308 389 1376 425 per
1407 379 1501 414 hanc
1532 378 1757 415 occasionem
1793 380 1830 413 et
1860 387 1949 423 quas
1985 377 2120 412 habent
2150 376 2301 422 perdere
2334 379 2397 412 aut

1277 428 1296 461 5
1310 424 1438 460 debitis
1463 424 1668 460 obnoxiare.
1717 423 1755 459 Si
1777 432 1860 459 vero
1886 422 1965 467 quis
1989 422 2141 459 voluerit
2172 432 2248 457 rem
2270 421 2395 457 immo-

1309 470 1416 506 bilem
1441 470 1583 505 nomine
1607 479 1694 505 usus
1719 469 1884 514 accipere
1913 468 1959 503 ab
1984 468 2106 512 aliqua
2130 467 2396 512 praedictarum

1309 515 1564 551 venerabilium
1589 516 1775 551 domorum
1807 514 2019 555 (secundum
2042 513 2138 558 quod
2163 512 2329 557 superius
2353 513 2397 546 de

1308 560 1570 597 venerabilibus
1605 559 1770 595 domibus
1808 569 1900 604 quae
1935 559 1974 594 in
2003 558 2101 603 regia
2138 557 2281 593 civitate
2313 561 2397 593 sunt

1309 606 1447 651 positae
1479 605 1742 651 disposuimus),
1779 615 1852 639 non
1883 604 1986 639 aliter
2016 604 2087 638 hoc
2116 602 2290 647 accipiat,
2328 602 2396 637 nisi

153 656 267 692 ἄλλως
289 669 398 691 τουτο
421 655 651 701 λαμβανέτω,
684 656 715 689 εἰ
738 654 804 708 μὴ,
813 656 936 699 ἕτερον
957 650 1069 707 mitris
1090 653 1240 699 πρᾶγμα
1256 654 1295 686 10
1309 651 1414 686 aliam
1445 662 1528 686 mox
1559 660 1633 685 rem
1668 649 1814 685 dominii
1848 649 1926 684 iure
1953 648 2175 693 praestiterit
2206 646 2398 682 venerabili

153 701 361 738 δεσποτείας
392 699 520 745 δικαίῳ
553 700 720 748 παράσχῃ
751 712 805 742 τῳ
837 696 958 746 εὖαγεῖ
988 699 1086 742 cinq),
1123 698 1163 738 ἐξ
1197 695 1239 732 οὗ

152 749 195 782 τὸ
222 744 310 782 αὐτὸ
345 748 496 793 πρᾶγμα
519 743 709 791 λαμβάνει,
739 743 922 788 τοσαύτην
946 745 971 777 ε’
985 756 1029 777 ον
1052 740 1240 789 πρόςοὸον,

153 791 297 837 ὁπόσην
322 794 392 834 ἔχει
421 792 463 826 τὸ
490 794 640 839 πρᾶγμα
669 787 761 836 ὅπερ
791 786 891 832 αὐτῷ
918 757 1075 830 micaret,
1107 791 1168 822 καὶ
1190 787 1239 831 μὴ

153 837 294 873 πλείοσι
317 836 804 892 τελε’σμὶασι“βεβαρημένον,)
826 831 914 890 αὲςτε
943 833 1034 879 μετὰ
1060 832 1128 877 τὴν
1154 835 1240 866 ἐκεί-

153 897 216 918 νου
240 882 410 926 τελευτὴν
433 896 455 925 η
488 895 562 936 τον(
586 895 720 927 χρόνον
744 882 788 925 ἐφ
833 893 879 914 ον
902 875 923 922 ἡ
950 877 1049 913 δόσις
1071 879 1135 922 τῆς
1157 878 1240 923 χρή·
1258 880 1297 911 15

154 940 242 963 σεως
266 928 437 972 συνήρεσε
461 928 521 972 (μὴ
542 930 812 972 υπερβαίνοντα
835 922 971 968 δηλαδὴ
987 923 1057 967 τὴν
1072 924 1137 958 τοῦ
1155 922 1239 967 λαμ-

153 971 331 1019 βάνοντος
363 973 474 1017 ζωὴν)
510 973 695 1019 ἑκάτερον,
714 972 864 1017 πρᾶγμα
895 967 956 1004 ἐπ’
990 966 1145 1015 ἄκεραίῳ
1182 971 1242 1001 καὶ

154 1019 247 1054 κατὰ
265 1017 480 1054 δεσποτείαν
504 1021 564 1052 καὶ
579 1016 673 1051 κατὰ
689 1017 817 1062 χρῆσιν
840 1016 889 1050 εἰς
910 1014 980 1050 τὸν
997 1011 1111 1049 αὐτὸν
1130 1010 1241 1059 εὗαγῆ

155 1064 254 1099 οἷκον
277 1063 495 1110 περιελθεῖν.
533 1065 606 1096 Καὶ
630 1063 748 1097 ταῦτα
769 1062 838 1107 μὲν
858 1062 941 1106 περὶ
964 1060 1042 1095 τῶν
1059 1056 1242 1102 ἀκινήτων

155 1109 383 1158 πραγμάτων
404 1105 647 1153 ἐκελεύσαμεν.

1310 697 1439 739 domui,
1466 706 1488 731 a
1508 706 1579 741 qua
1598 695 1745 730 eandem
1770 704 1844 729 rem
1868 694 2018 738 accepit,
2042 695 2183 728 tantum
2206 693 2398 727 habentem

1309 742 1463 776 reditum
1496 744 1668 786 quantum
1700 739 1810 774 habet
1841 749 1898 774 res
1932 749 2023 784 quae
2055 739 2087 773 ei
2118 738 2234 780 datur,
2268 740 2303 773 et
2326 747 2398 772 non

1309 787 1503 822 maioribus
1545 785 1688 821 tributis
1729 788 1931 829 gravatam,
1975 787 2152 829 quatenus
2195 785 2281 827 post
2322 782 2397 817 eius

1310 832 1502 867 transitum
1534 835 1599 866 aut
1629 834 1780 874 tempus,
1812 829 1850 864 in
1883 840 1953 874 quo
1986 829 2082 864 datio
2115 837 2202 863 usus
2233 829 2290 863 est
2320 827 2397 872 pla-

1311 878 1402 920 cita,
1437 887 1510 912 non
1544 875 1800 911 transcendens
1836 875 1973 910 scilicet
2008 874 2084 910 eius
2121 874 2182 918 qui
2219 872 2398 917 acceperit

1309 923 1404 958 vitae
1434 926 1592 967 tempus,
1627 925 1815 965 utramque
1846 930 1921 956 rem
1943 920 2082 964 integro
2106 919 2184 954 iure
2211 921 2248 954 et
2271 927 2397 953 secun-

1311 968 1396 1003 dum
1420 967 1613 1003 dominium
1638 970 1674 1002 et
1698 965 1893 1001 secundum
1922 975 2026 1000 usum
2049 965 2087 1000 in
2111 964 2227 1008 ipsam
2252 972 2397 999 venera-

1310 1013 1416 1048 bilem
1452 1012 1595 1048 domum
1629 1012 1828 1057 pervenire.
1876 1011 1927 1047 Et
1958 1011 2050 1047 haec
2081 1009 2223 1056 quidem
2259 1008 2304 1044 de
2333 1008 2399 1043 im-

1310 1058 1502 1094 mobilibus
1525 1059 1632 1094 rebus
1656 1058 1832 1092 iubemus.

1165 1193 1324 1230 CAPUT
1347 1193 1394 1228 X.

442 1267 458 1275 a
514 1265 524 1276 e
575 1267 590 1274 «-

230 1270 320 1314 Περὶ
345 1265 385 1302 δὲ
406 1279 484 1301 των
509 1279 616 1310 ιερων
640 1265 780 1299 σκευῶν
808 1264 886 1299 τῶν
910 1261 1165 1309 διαφερόντων
1196 1262 1241 1309 τῇ

157 1310 247 1361 αὐτῇ
267 1311 455 1359 ἁγιωτάτῃ
474 1310 610 1358 μεγάλῃ
632 1308 801 1353 ἐκκλησίᾳ
824 1310 886 1352 τῆς
901 1306 1086 1353 βασιλίδος
1103 1306 1243 1343 πόλεως

156 1357 179 1402 ἢ
210 1362 281 1394 τοῖς
314 1356 432 1392 ἄλλοις
462 1354 658 1401 εὖκτηρίοις
690 1356 797 1389 οἴκοις
828 1356 868 1388 ἐν
900 1352 1104 1397 οἱῳδήποτε
1134 1352 1240 1396 τόπῳ

156 1405 219 1448 τῆς
249 1402 421 1457 ἡμετέρας
450 1401 630 1438 πολιτείας
661 1403 833 1445 κειμένοις
866 1400 1017 1446 γενικῶς
1049 1396 1240 1433 ὃιατυποῦ·

428 1447 438 1459 Χ

1367 1260 1423 1296 De
1444 1260 1557 1296 sacris
1581 1264 1700 1296 autem
1725 1260 1820 1296 vasis
1845 1258 2131 1304 competentibus
2156 1258 2403 1295 sanctissimae

1311 1306 1439 1342 maiori
1464 1305 1636 1341 ecclesiae
1659 1305 1779 1348 regiae
1812 1305 1967 1340 civitatis
1999 1308 2063 1339 aut
2087 1304 2166 1340 aliis
2189 1303 2402 1340 venerabili-

1312 1352 1379 1387 bus
1411 1351 1578 1386 oratoriis
1611 1351 1776 1386 domibus
1808 1351 1845 1385 in
1870 1349 2121 1394 qualicumque
2151 1350 2231 1386 loco
2256 1353 2404 1385 nostrae

1311 1397 1531 1441 reipublicae
1561 1396 1689 1441 positis
1719 1395 1934 1441 generaliter
1965 1394 2232 1440 constituimus,
2266 1397 2307 1430 ut
2330 1404 2403 1431 non

155 1463 233 1494 μεν,
274 1460 362 1483 ωςτε
393 1445 590 1504 μηιᾶλλως
619 1447 738 1481 ταῦτα
770 1444 1045 1490 πιπράσκεσθαι
1074 1440 1096 1486 ἢ
1118 1442 1242 1479 ὑποτί-
1258 1446 1300 1478 25
1313 1442 1419 1478 aliter
1438 1443 1529 1477 haec
1545 1442 1746 1477 vendantur
1764 1443 1828 1477 aut
1845 1444 2097 1486 supponantur
2119 1441 2188 1476 nisi
2204 1451 2270 1486 pro
2288 1440 2404 1494 capti-

157 1495 301 1529 θεσθαι
325 1494 355 1528 εἰ
375 1508 423 1537 μη
444 1494 534 1537 υπὲρ
553 1493 618 1535 τῆς
637 1493 715 1526 τῶν
735 1490 977 1535 αἰχμαλώτων
1001 1486 1095 1537 ἀναρ
1121 1489 1242 1523 ύσεως.

157 1541 188 1574 εἰ
221 1538 261 1575 δὲ
289 1539 440 1575 πλείονα
474 1535 580 1581 σκεύη
616 1538 656 1572 ἔν
691 1550 766 1571 τινι
800 1536 878 1570 ’τῶν
910 1503 1245 1580 μνημονευὸέντων

157 1583 300 1634 εὖαγῶν
334 1584 446 1619 οἴκων
481 1584 535 1625 εἴη
571 1583 619 1617 εἰς
653 1580 833 1626 μηδεμίαν
872 1577 1076 1628 ἀναγκαίαν
1114 1581 1245 1626 χρῆσιν

158 1632 352 1671 ποιοῦντα,
376 1632 436 1664 καὶ
454 1630 572 1683 συμβῇ
596 1628 664 1663 τὸν
679 1629 848 1662 τοιοῦτον
869 1624 979 1682 εὐαγῆ
995 1623 1114 1661 τόπον
1128 1628 1244 1671 χρέεσι

243 1676 252 1689 Ι

1313 1498 1438 1524 vorum
1461 1487 1716 1532 redemptione.
1764 1487 1803 1523 Si
1823 1497 1906 1522 vero
1932 1490 2016 1522 sunt
2038 1486 2144 1531 plura
2166 1496 2253 1522 vasa
2274 1486 2314 1521 in
2337 1486 2402 1521 ali-

1314 1544 1386 1579 qua
1427 1536 1707 1568 memoratarum
1742 1532 1997 1568 venerabilium
2039 1532 2226 1568 domorum
2266 1531 2404 1566 nullum

1314 1579 1557 1614 necessarium
1581 1589 1687 1614 usum
1709 1578 1899 1621 facientia,
1929 1582 1972 1613 et·
1990 1577 2179 1622 contigerit
2201 1576 2405 1613 huiusmodi

1314 1624 1551 1660 venerabilem
1586 1624 1706 1659 locum
1742 1624 1871 1659 debitis
1901 1623 2108 1667 adgravari,
2145 1625 2181 1658 et
2212 1633 2286 1658 non
2319 1624 2405 1657 sunt

157 1675 401 1722 ssaqvveoss'ai,
424 1677 484 1708 καὶ
507 1687 572 1707 ουκ
596 1675 697 1708 ἔστιν
721 1671 813 1707 ἄλλα
833 1685 961 1716 κινητα
983 1672 1182 1727 πράγματα
1206 1670 1245 1711 ἐξ
1259 1672 1300 1705 30
1314 1670 1407 1705 aliae
1430 1670 1641 1705 manifestae
1667 1679 1725 1705 res
1749 1669 1794 1705 de
1818 1669 1947 1714 quibus
1971 1669 2125 1704 debeant
2147 1668 2270 1703 debita
2292 1667 2404 1711 reddi,

238 1719 248 1731 2

158 1722 212 1757 ὠν
229 1719 366 1767 οφείλει
382 1719 430 1754 τὰ
445 1722 531 1764 χρεά
547 1715 797 1762 ἀποδοθῆναι,
815 1715 943 1751 ἄδειαν
960 1720 1082 1751 αυτοῖς
1098 1714 1244 1761 δίδομεν

158 1765 323 1812 πράξεως
347 1761 627 1808 ὑπομνημάτων,
652 1761 701 1798 ais
720 1760 892 1808 ἀνωτέρω
909 1762 1056 1808 εἴρηται,
1078 1773 1246 1796 συνιστα-

104 1852 107 1854 ,
157 1815 264 1858 μένης
280 1811 326 1846 τὰ
341 1808 580 1856 εὑρισκόμενα
605 1808 759 1855 περιττὰ
784 1807 891 1851 σκεύη
916 1805 938 1851 ἢ
962 1806 1082 1842 ἄλλοις
1105 1803 1246 1853 εὖαγέσι

157 1855 284 1893 τόποις
311 1860 436 1902 χρείαν
467 1857 587 1898 ἔχουσι
617 1853 755 1910 πωλεῖν
785 1850 809 1897 ἢ
830 1851 1002 1897 χωνεύειν
1030 1855 1091 1886 καὶ
1114 1849 1247 1896 ὁμοίως

1314 1714 1494 1750 licentiam
1517 1715 1567 1750 eis
1593 1715 1719 1751 damus
1743 1715 1850 1760 gestis
1874 1717 2202 1756 monumentorum,
2227 1713 2321 1748 sicut
2344 1723 2404 1748 su-

1316 1760 1436 1806 perius
1474 1760 1608 1796 dictum
1644 1762 1716 1802 est,
1763 1759 1968 1796 constitutis
2003 1758 2188 1804 praedicta
2224 1757 2406 1803 superflua

1315 1816 1402 1841 vasa
1423 1807 1488 1841 aut
1511 1806 1590 1841 aliis
1613 1806 1876 1841 venerabilibus
1900 1804 1988 1840 locis
2010 1803 2215 1840 necessaria
2239 1803 2404 1839 habenti-

1315 1851 1384 1887 bus
1407 1851 1559 1887 vendere
1593 1855 1657 1886 aut
1681 1851 1838 1887 conflare
1863 1853 1899 1886 et
1923 1850 2087 1886 similiter
2109 1849 2261 1886 vendere
2286 1852 2321 1884 et
2345 1859 2405 1884 eo-

159 1901 391 1956 πιπράσζιειν,
422 1904 482 1935 καὶ
512 1900 581 1955 τὴν
606 1901 728 1934 αυτῶν
758 1899 868 1954 τιμὴν
896 1899 944 1933 εἰς
967 1898 1011 1933 τὸ
1035 1900 1133 1943 χρέος
1157 1910 1245 1943 παρ·
1260 1899 1302 1932 35
1316 1907 1393 1932 rum
1417 1897 1570 1941 pretium
1594 1897 1631 1932 in
1657 1897 1816 1933 debitum
1839 1897 2023 1942 praebere,
2049 1898 2090 1931 ut
2109 1906 2183 1931 non
2206 1894 2406 1932 immobiles

159 1951 263 1992 ε’χειν,
295 1959 384 1982 ωςτε
406 1945 455 1991 μὴ
480 1947 528 1981 τὰ
554 1949 707 1989 ακίνητα
731 1956 930 1992 πραγματα
954 1943 1195 1979 ἐκποιεῖσθαι.

1315 1953 1375 1978 res
1399 1942 1612 1978 alienentur.

218 2030 243 2051 c.
258 2017 318 2050 IX
340 2016 362 2059 ξ
382 2017 398 2050 1
424 2015 455 2057 (6
477 2013 533 2048 Εἴ
550 2025 603 2048 τις
626 2012 824 2058 βουληθείη
839 2038 935 2046 .....
940 2014 951 2055 )
976 2021 1006 2046 et
1028 2026 1054 2046 c.
1069 2014 1115 2045 X.
1132 2012 1193 2046 XI
1205 2011 1261 2054 (—
1282 2011 1420 2054 590‚18)
1446 2024 1484 2045 ex
1507 2011 1544 2044 Β
1570 2012 1733 2054 exscripta
1758 2017 1869 2044 extant
1891 2008 2071 2044 Nomocstm
2088 2009 2148 2042 XI
2155 2009 2247 2042 Vtit.
2268 2010 2320 2051 10,
2333 2015 2361 2043 4.

218 2075 245 2095 c.
260 2063 298 2095 X
309 2062 388 2104 fere
412 2061 458 2092 ad
478 2061 608 2093 verbum
633 2061 712 2092 citat
736 2060 868 2092 Nomoc.
886 2059 946 2090 XI
953 2058 1042 2091 Vtit.
1064 2059 1095 2099 2,
1110 2065 1144 2099 2,
1170 2058 1363 2100 exscriptum
1386 2069 1425 2091 ex
1449 2057 1484 2089 B
1508 2057 1634 2090 exhibet
1657 2054 1839 2090 Nemesim
1863 2057 1906 2089 ib.

162 2118 2397 2132 —-‚—-———-———-—-———-—-—

163 2150 309 2187 civitate
339 2150 376 2184 et
405 2147 445 2182 in
477 2146 641 2182 omnibus
670 2147 727 2182 rei
751 2146 924 2193 publicae
956 2147 1103 2180 nostrae
1124 2144 1329 2190 provinciis
1358 2143 1439 2179 sitis
1469 2144 1606 2189 imponi
1631 2143 1885 2190 possessiones
1911 2141 2054 2177 steriles
2083 2141 2142 2177 vel
2158 2141 2306 2187 fertiles
2328 2142 2405 2178 ubi-

164 2205 314 2247 cumque
337 2193 428 2228 sitas
446 2191 603 2234 emendi,
635 2202 680 2227 ne
701 2195 857 2238 propter
887 2190 982 2225 banc
1005 2200 1152 2225 causam
1181 2188 1323 2224 eveniat
1356 2191 1398 2223 ut
1419 2188 1528 2224 etiam
1552 2198 1615 2224 eas
1638 2199 1731 2234 quas
1760 2187 1893 2223 liabent
1916 2187 2087 2222 amittant
2116 2186 2174 2222 vel
2194 2186 2323 2222 debitis
2347 2186 2407 2223 ob-

164 2241 271 2277 noxii
290 2239 395 2285 fierit.
444 2237 486 2273 Si
509 2237 591 2284 quis
613 2241 733 2272 autem
756 2235 911 2273 voluerit
932 2245 1008 2270 rem
1031 2233 1246 2269 immobilem
1270 2234 1505 2278 ususfructus
1527 2233 1678 2280 *nomine
1709 2233 1876 2278 accipere
1906 2231 1951 2267 ab
1975 2231 2102 2277 aliqua
2129 2231 2408 2278 praedictarum

164 2284 419 2323 venerabilium
444 2283 613 2318 domuum
644 2280 956 2328 (quemadmodum
978 2290 1093 2326 supra
1117 2289 1262 2324 quoque
1285 2278 1329 2314 de
1353 2277 1616 2314 venerabilibus
1639 2277 1803 2313 domibus
1836 2287 1931 2323 quae
1954 2276 1993 2311 in
2017 2277 2122 2321 reqia
2146 2277 2292 2313 civitate
2314 2278 2408 2313 sitae

164 2335 249 2367 sunt
272 2329 547 2370 constituimus),
582 2337 657 2362 non
689 2326 796 2361 aliter
826 2337 904 2362 eam
929 2324 1087 2371 accipiat
1118 2323 1189 2358 nisi
1219 2323 1330 2358 aliam
1361 2324 1483 2359 statim
1514 2334 1589 2358 rem
1613 2323 1767 2358 dominii
1788 2324 1867 2357 iure
1889 2320 2085 2358 venerabili
2108 2321 2250 2365 domui,
2285 2333 2309 2357 a
2333 2333 2408 2368 qua

165 2377 265 2413 illam
287 2385 362 2411 rem
386 2373 530 2420 accipit,
551 2371 787 2419 praestiterit,
812 2382 905 2417 quae
927 2373 1066 2406 tantum
1089 2368 1244 2404 reditum
1268 2368 1410 2411 babeat,
1435 2371 1609 2414 quantum
1632 2367 1740 2404 babet
1763 2378 1822 2403 res
1846 2378 1940 2413 quae
1959 2366 2032 2419 ipsi
2054 2366 2175 2409 datur,
2204 2377 2270 2402 nec
2291 2367 2408 2413 pluri-

166 2423 231 2459 bus
256 2420 400 2457 tributis
429 2424 585 2470 ⁴qravata
609 2417 673 2460 sit,
706 2419 747 2452 ut
765 2420 857 2463 post
885 2421 1035 2450 mortem
1065 2414 1163 2449 illius
1190 2413 1246 2449 vel
1276 2417 1415 2460 tempus
1446 2414 1483 2448 in
1508 2414 1608 2460 quod
1630 2424 1733 2449 usum
1756 2413 1840 2448 dari
1857 2412 2003 2459 placuit
2025 2414 2113 2455 (non
2136 2411 2316 2448 excedens
2339 2412 2408 2447 sci-

167 2468 251 2503 lieet
274 2467 383 2502 vitam
406 2474 483 2500 eius
506 2463 570 2509 qui
593 2462 756 2508 accepit),
782 2465 937 2507 utraque
958 2470 1018 2496 res
1040 2459 1079 2494 in
1094 2459 1276 2505 inteqrum
1296 2463 1331 2494 et
1346 2458 1498 2494 dominii
1518 2463 1554 2494 et
1573 2459 1808 2505 ususfructus
1832 2458 1911 2493 iure
1934 2457 1984 2493 ad
1997 2457 2147 2493 eandem
2171 2457 2409 2493 venerabilem

167 2513 312 2549 domum
362 2510 531 2546 erveniat.
579 2509 697 2553 Atque
722 2506 810 2542 baec
832 2506 976 2552 quidem
999 2504 1045 2540 de
1066 2505 1174 2541 rebus
1195 2503 1434 2539 immobilibus
1450 2504 1719 2551 praecepimus.

301 2522 358 2591 X?
396 2554 450 2590 De
473 2552 590 2589 sacris
613 2556 731 2588 autem
755 2551 851 2588 vasis
880 2561 975 2597 quae
1005 2550 1055 2585 ad
1081 2549 1231 2585 eandem
1254 2549 1517 2585 sanctissimam
1541 2550 1713 2585 maiorem
1737 2547 1924 2584 ecclesiam
1947 2546 2073 2593 reqiae
2096 2547 2253 2583 civitatis
2282 2547 2339 2584 vel
2360 2547 2411 2584 ad

169 2602 263 2639 alias
294 2601 422 2637 domos
451 2599 636 2634 oratorias
665 2607 891 2643 quocumque
921 2595 975 2631 rei
996 2594 1164 2641 publicae
1187 2598 1336 2630 nostrae
1367 2594 1448 2630 loco
1479 2595 1570 2630 sitas
1593 2594 1782 2647 pertinent
1810 2592 2032 2639 qeneraliter
2061 2593 2330 2635 constituimus,
2363 2604 2410 2629 ne

169 2647 278 2684 aliter
307 2646 373 2681 illa
402 2647 554 2681 veneant
584 2643 642 2679 vel
670 2654 691 2678 o
719 2642 957 2689 piqnerentur
986 2640 1056 2675 nisi
1078 2651 1153 2687 pro
1178 2641 1406 2686 captivorum
1428 2639 1685 2687 redemptione.
1735 2638 1872 2682 Quodsi
1889 2638 2005 2684 plura
2028 2648 2117 2674 vasa
2146 2638 2185 2672 in
2209 2637 2335 2684 aliqua
2359 2648 2410 2674 ex

169 2692 376 2729 memoratis
397 2688 659 2726 venerabilibus
709 2688 846 2723 omibus
867 2687 942 2723 sint
964 2695 1058 2732 quae
1081 2685 1277 2732 nulli-usui
1298 2685 1505 2721 necessario
1529 2685 1738 2727 inserviant,
1767 2688 1802 2720 et
1826 2685 2016 2728 contineat
2040 2682 2146 2718 talem
2170 2683 2409 2719 venerabilem

170 2739 289 2775 locum
312 2735 441 2772 debitis
461 2735 715 2781 praeqravari,
742 2743 859 2785 neque
882 2732 976 2768 aliae
999 2741 1060 2767 res
1082 2730 1229 2766 mobiles
1249 2741 1298 2766 ex
1322 2731 1451 2776 quibus
1474 2730 1594 2766 debita
1616 2730 1709 2766 solvi
1732 2729 1884 2765 debeant
1911 2729 1949 2763 in
2000 2731 2148 2774 romptu
2171 2728 2256 2770 sint,
2287 2728 2411 2774 facul-

172 2787 281 2820 tatem
303 2781 351 2817 iis
374 2779 614 2821 concedimus,
639 2779 741 2820 actis,
768 2778 876 2814 sicuti
899 2787 1014 2824 supra
1038 2775 1173 2811 dictum
1196 2779 1260 2818 est,
1292 2775 1608 2812 intervenientibus
1639 2786 1732 2822 quae
1755 2785 1832 2811 esse
1854 2739 2042 2854 supeffiua
2064 2773 2299 2820 reperiuntur
2321 2784 2412 2809 vasa

171 2828 228 2866 vel
250 2827 333 2866 aliis
354 2824 617 2861 venerabilibus
649 2823 737 2859 locis
766 2834 860 2869 quae
888 2823 933 2858 iis
957 2821 1034 2857 indi
1060 2825 1122 2856 ent
1141 2820 1315 2857 vendendi
1345 2820 1401 2858 vel
1423 2820 1606 2867 conflandi
1629 2825 1665 2857 et
1686 2820 1852 2856 similiter
1873 2830 1938 2855 ven
1967 2818 2067 2862 endi,
2097 2819 2328 2866 pretiumque
2350 2829 2411 2856 eo-

170 2879 252 2910 'rum
275 2873 314 2908 in
337 2871 493 2907 debitum
512 2868 729 2917 praestandi
735 2894 745 2912 ,
770 2879 815 2904 ne
837 2879 898 2904 res
920 2867 1026 2903 immo
1051 2866 1116 2901 iles
1141 2866 1353 2902 alienentur.

221 2965 237 2997 1
254 2960 392 3001 τόποις]
408 2972 462 3006 γρ.
479 2961 539 2993 καὶ
554 2957 661 2992 οἴκοις
677 2959 706 2993 0
712 2958 922 2991 Monacensis
935 2959 968 2991 in
982 2971 1041 3002 my.
1054 2956 1066 3002 ΙΙ
1078 2957 1155 2990 ταῖς
1170 2954 1254 3001 ἦμε-

173 3010 290 3053 τέραις
313 3004 508 3040 πολιτείαις
528 3006 588 3038 καὶ
611 3004 796 3048 ἐπαρχίαις
812 3003 844 3036 L
863 3001 876 3043 ΙΙ
899 3003 919 3036 3
944 2999 979 3045 ἢ]
1003 3004 1063 3036 καὶ
1085 3001 1136 3046 ΟΙΙ
1160 3004 1182 3036 4
1204 3000 1254 3047 μὴ

175 3066 234 3087 om.
248 3053 277 3086 Ο
288 3052 300 3094 ΙΙ
319 3053 339 3084 6
356 3046 512 3093 ὀνόματι
527 3048 685 3094 χρήσεως
701 3047 851 3094 πρᾶγμα
867 3043 1040 3089 ἀκίνητον
1053 3047 1233 3081 Nomi-‚dm
1245 3048 1256 3092 ss

174 3099 292 3142 χρέους
316 3096 348 3129 L
381 3095 387 3138 l
414 3096 433 3130 8
457 3093 560 3127 καθὰ
584 3113 625 3118 -
650 3091 761 3127 οἴκων
785 3105 843 3126 om.
862 3093 892 3127 0
915 3092 927 3136 ΙΙ
955 3090 1067 3126 οἴκων
1091 3105 1149 3125 om.
1173 3093 1223 3126 La
1245 3093 1256 3135 ΙΙ

176 3146 196 3178 9
220 3138 506 3183 διετυπιόσαμεν]
533 3151 604 3182 cap.
620 3140 640 3172 2
658 3137 670 3182 ΙΙ
689 3140 728 3171 11
746 3133 810 3170 εὗα
834 3137 855 3179 ἧ
873 3138 912 3170 Μ
927 3137 939 3182 ΙΙ
963 3139 1002 3171 12
1014 3150 1063 3192 sq.
1078 3134 1257 3180 λαμβάνει

176 3208 219 3213 --
241 3186 392 3232 πρᾶγμα
416 3197 475 3219 om.
490 3185 542 3218 B⁰
564 3183 577 3228 ΙΙ
605 3184 645 3218 13
672 3178 763 3224 δ’,σην
775 3150 955 3216 Agmocstm
971 3183 983 3226 ΙΙ
999 3195 1050 3226 μη
1064 3201 1104 3206 -
1124 3184 1164 3216 15
1177 3180 1256 3225 χρό-

1322 2967 1383 2991 σιν
1406 2955 1514 2990 οἴκοις
1537 2957 1589 2990 B⁶
1614 2955 1627 3001 ΙΙ
1658 2957 1703 2990 34
1724 2957 1796 2998 καὶ]
1827 2951 1850 2999 ἢ
1874 2956 1936 2998 B0,
1966 2956 2080 2997 Gal„
2115 2950 2140 2998 ἢ
2159 2955 2220 2988 καὶ
2248 2954 2277 2989 C'
2296 2966 2377 2988 unus
2399 2951 2413 2998 ΙΙ

1323 3004 1366 3035 35
1391 2997 1507 3043 αὐτὴν
1522 3002 1693 3043 ΥΝοιηοε.7η
1702 3003 1759 3043 2,2

1370 3092 1390 3124 2
1403 3090 1592 3123 inferantur
1607 3091 1638 3123 T
1648 3090 1658 3110 ¹
1676 3090 1688 3133 ΙΙ
1699 3090 1876 3123 frutiferas
1896 3089 1931 3122 V
1947 3088 1952 3132 Ι
1970 3090 1990 3121 5
2007 3087 2189 3120 obnoxiare
2211 3087 2262 3120 V²
2274 3089 2308 3120 in
2321 3085 2415 3133 razu

1326 3137 1345 3170 6
1369 3135 1484 3177 aliquo
1504 3135 1538 3168 R
1555 3135 1567 3179 ΙΙ
1591 3135 1839 3177 praedictorum
1854 3133 1905 3167 Β*
1976 3134 1996 3167 8
2017 3132 2169 3165 domibus
2192 3132 2298 3165 om.R
2316 3131 2328 3176 ΙΙ
2352 3143 2412 3175 po-

1325 3181 1387 3213 site
1403 3182 1482 3213 sunt
1500 3180 1533 3213 T
1545 3180 1558 3224 ΙΙ
1575 3182 1595 3214 9
1612 3179 1779 3222 accipiant
1796 3180 1883 3221 libri,
1900 3190 1983 3211 corr.
1996 3178 2085 3221 vuly.
2103 3177 2116 3220 ΙΙ
2143 3179 2184 3211 10
2200 3186 2278 3209 mox
2293 3189 2354 3210 om.
2369 3177 2412 3218 R,

176 3244 242 3266 νον
254 3245 312 3265 om.
326 3231 484 3265 Νοηιοε]η
500 3229 512 3273 [1
534 3231 575 3263 15
589 3223 648 3272 ἐφ’
664 3226 705 3261 οὑ
725 3228 754 3262 C
767 3225 779 3272 ΙΙ
792 3227 855 3270 τῆς
869 3240 927 3260 om.
937 3226 1090 3261 Nomoc.¹²
1107 3226 1119 3271 ΙΙ
1141 3229 1177 3261 17
1193 3223 1255 3260 ἐπ’

178 3274 334 3322 ἅκεραίῳ
352 3275 452 3309 om.L
468 3273 480 3319 ΙΙ
499 3276 560 3307 καὶ
571 3272 858 3314 ΕΟςΝοιηοε.α7”]
877 3285 934 3305 om.
945 3272 988 3305 M
991 3273 1054 3315 (Β)
1070 3271 1083 3308 ΙΙ
1104 3274 1143 3306 19
1158 3270 1257 3305 ἐπελ-

177 3323 262 3356 θεῖν
276 3319 429 3356 Nomocfi
451 3319 464 3363 ΙΙ
482 3321 525 3353 22
546 3314 636 3365 αὐτῇ
653 3331 711 3351 om.
729 3329 759 3360 ς,
772 3317 952 3352 Nomocfim
963 3318 995 3359 2,
1007 3325 1024 3352 2
1042 3317 1054 3361 ΙΙ
1072 3314 1258 3363 ἁγιωτάτῃ

178 3381 237 3402 om.
255 3368 284 3401 C
292 3379 323 3399 v.
335 3369 354 3401 l.
382 3364 394 3408 ΙΙ
423 3365 465 3398 23
486 3362 602 3397 ἄλλοις
626 3376 684 3396 om.
698 3363 860 3396 Nemee-'⁷⁸
874 3374 928 3406 pr.
944 3363 975 3404 2,
989 3369 1006 3395 2
1026 3361 1040 3407 ΙΙ
1069 3361 1176 3396 οἴκοις
1199 3375 1258 3397 om.

183 3414 212 3447 Ο
222 3413 370 3456 plerique
387 3410 399 3453 11
416 3406 522 3452 τόπῳ
540 3422 598 3442 om.
612 3409 643 3441 L
662 3408 674 3451 ΙΙ
691 3409 732 3441 25
754 3403 847 3441 αὐτὰ
863 3407 1083 3451 πιπράσκειν
1099 3408 1260 3442 Nomoc.m

179 3460 238 3499 2‚2
255 3457 268 3502 ss
285 3453 308 3500 ἢ
324 3453 580 3490 ὑποτίθεσθαι
604 3466 662 3486 om.
682 3453 710 3487 C'
723 3453 736 3496 ΙΙ
754 3454 796 3487 26
815 3452 877 3495 τῆς
901 3466 960 3486 om.
974 3453 1025 3485 L⁶
1041 3452 1054 3496 ΙΙ
1073 3453 1114 3487 28
1131 3452 1180 3486 εἰς
1200 3466 1258 3488 om.

183 3504 212 3538 C
221 3504 317 3546 (certe
329 3504 420 3535 abest
435 3513 456 3533 a
470 3499 674 3545 Monacensi)
691 3499 782 3534 ςἸαί.
800 3497 812 3541 ΙΙ
829 3498 957 3542 χρῆσιν
975 3493 1179 3543 ἀναγκαίαν
1190 3498 1260 3532 Νο-

179 3551 285 3582 moe-”¹
299 3549 351 3589 10,
364 3554 381 3580 4
399 3545 411 3589 ΙΙ
428 3547 470 3579 29
489 3542 607 3578 τόπον
622 3538 730 3588 εὗαγῆ
745 3544 907 3577 Nemee-”²
921 3543 951 3580 2.
963 3550 979 3576 2
995 3542 1008 3585 ΙΙ
1031 3543 1075 3577 30
1092 3540 1185 3576 ἄλλα
1202 3556 1261 3577 οηι.

184 3593 253 3627 Ου.
265 3595 285 3627 1.
301 3591 313 3635 ΙΙ
331 3588 474 3634 κινητὰ]
498 3589 692 3642 manifestae
715 3599 734 3624 ς
752 3587 765 3632 ΙΙ
782 3589 820 3643 :31
848 3583 973 3633 ὄφείλη
990 3587 1151 3622 Nomoc.m
1163 3589 1196 3631 2,
1210 3596 1226 3622 2
1250 3589 1261 3632 ΙΙ

179 3629 1056 3726 eN]setta{vesanit
1067 3633 1261 3724 tntis?

178 3728 271 3772 με’να
279 3726 308 3770 Ὺ)
327 3725 340 3771 ss
355 3725 520 3772 περιττὰ]
542 3726 623 3770 περὶ
638 3722 686 3759 τοὶ
703 3724 734 3759 0
741 3736 833 3767 unus,
845 3724 1007 3758 Nemee-²⁷⁸
1018 3725 1070 3767 10,
1080 3731 1097 3758 4
1113 3722 1126 3768 ΙΙ
1143 3719 1261 3770 εὐαγέ-

1326 3237 1395 3259 rem
1417 3238 1475 3259 om.
1491 3226 1523 3258 T
1535 3225 1547 3269 11
1565 3225 1732 3268 praestitit
1750 3224 1783 3257 T
1794 3223 1807 3267 ΙΙ
1828 3226 1865 3258 11
1884 3222 2050 3266 acceperit
2067 3222 2100 3255 T
2111 3222 2123 3265 ΙΙ
2141 3223 2253 3254 tamen
2269 3221 2382 3255 R¹T1
2400 3220 2414 3267 ΙΙ

1327 3271 1485 3304 habentes
1510 3271 1542 3303 T
1556 3269 1568 3314 ΙΙ
1587 3272 1628 3304 13
1651 3271 1829 3311 grauatum
1855 3269 1887 3302 T
1900 3268 1912 3311 ΙΙ
1932 3270 1974 3302 14
1994 3267 2125 3300 obitum
2150 3267 2181 3299 T
2194 3267 2206 3309 ΙΙ
2227 3267 2263 3299 in
2288 3269 2368 3308 quo]
2392 3277 2414 3300 a

1327 3327 1393 3359 quo
1414 3317 1457 3358 R,
1481 3316 1516 3347 in
1539 3315 1628 3356 quod
1649 3315 1743 3348 Beck
1762 3314 1774 3358 ΙΙ
1800 3316 1841 3348 15
1862 3314 1992 3356 accepit
2010 3313 2044 3346 R
2062 3311 2074 3355 ΙΙ
2092 3314 2133 3346 16
2157 3311 2325 3354 integram
2349 3312 2382 3345 T
2400 3310 2414 3357 ΙΙ

1330 3364 1369 3396 17
1395 3359 1536 3394 dominii
1558 3360 1615 3401 Vll
1641 3360 1681 3393 18
1706 3359 1897 3402 perueniret
1920 3359 1970 3391 R²
1987 3357 2000 3402 ΙΙ
2016 3357 2081 3390 hoo
2103 3357 2137 3390 R
2155 3356 2167 3399 ΙΙ
2192 3358 2232 3391 21
2249 3359 2337 3390 rubr.
2361 3357 2413 3390 De

1328 3406 1430 3440 sacris
1449 3406 1538 3439 uasis
1559 3404 1708 3437 cuiusuis
1729 3404 1864 3438 ecclesie
1887 3403 1943 3436 uel
1958 3401 2099 3435 oratorii
2118 3401 2179 3435 sub
2199 3403 2290 3434 certa
2306 3401 2414 3435 forma

1327 3451 1514 3484 alienandis
1537 3450 1571 3484 R
1585 3452 1616 3483 in
1632 3463 1736 3493 marq.
1755 3450 1810 3493 (cst
1822 3449 1899 3491 Iul.)
1916 3448 1929 3492 11
1945 3447 2164 3481 sacrosanctis
2190 3447 2223 3480 T
2235 3445 2248 3491 ΙΙ
2271 3447 2314 3480 23
2337 3457 2413 3480 ora·

1329 3497 1409 3530 torii
1427 3495 1579 3529 domibus
1602 3496 1635 3528 R
1648 3496 1734 3539 vulq.
1760 3493 1912 3527 domibus
1927 3492 2068 3526 oratorii
2093 3493 2126 3525 T
2139 3491 2152 3536 ΙΙ
2166 3490 2241 3525 loco
2265 3494 2413 3535 nostrae]

1330 3542 1391 3573 εἰ*
1415 3541 1464 3575 V¹
1479 3541 1491 3584 11
1510 3542 1554 3574 24
1578 3540 1697 3583 positis
1717 3539 1767 3573 R³
1779 3541 1879 3584 vulq.]
1902 3539 2010 3582 posit·
2035 3537 2084 3572 V²
2113 3538 2220 3579 posite
2242 3536 2391 3571 R²V2T

1330 3589 1372 3622 25
1388 3586 1487 3619 aliter
1500 3599 1558 3620 om.
1577 3586 1611 3620 V
1621 3585 1634 3630 ΙΙ
1651 3586 1694 3619 26
1707 3585 1877 3627 ereptione
1889 3585 1921 3618 R
1932 3584 1965 3618 V
1979 3582 1992 3628 ΙΙ
2008 3583 2154 3625 aliquem
2170 3581 2329 3625 Valiquo
2342 3538 2415 3628 13¹„

1330 3634 1370 3666 27
1397 3632 1654 3664 memoratorum
1674 3630 1732 3674 Vll
1756 3632 1799 3665 29
1824 3630 1957 3663 domum
1983 3629 2015 3662 T
2028 3628 2041 3672 ΙΙ
2058 3627 2178 3661 debitis
2200 3628 2357 3670 agrauari
2381 3628 2414 3661 R

1329 3676 1509 3719 aggrauari
1530 3676 1650 3709 debitis
1675 3676 1708 3709 T
1733 3676 1745 3720 ΙΙ
1773 3677 1813 3709 31
1841 3674 1873 3708 ei
1892 3675 1962 3708 ΒΤ
1984 3673 1997 3718 ΙΙ
2025 3675 2067 3708 32
2091 3672 2274 3717 praedicta]
2297 3682 2413 3716 supra-

1330 3723 1421 3756 dicta
1441 3722 1497 3766 Vll
1523 3723 1565 3756 35
1590 3731 1659 3755 non
1683 3721 1818 3764 om.R¹,
1835 3727 1913 3765 post
1934 3730 1988 3754 res
2013 3721 2091 3754 add.
2106 3717 2157 3753 13³
