2586 3990
197 146 256 178 ΕΤ
283 146 374 179 1)Εο
402 145 674 180 AMABILIBUS

195 244 442 293 μοναστήριον
457 246 576 294 sisara
600 244 666 291 (όν,
688 245 796 294 λόγον
811 245 991 295 πρότερον
1008 243 1057 283 ὥς
1071 242 1179 283 οὐδὲν
1195 243 1283 283 ὑπο-

197 295 299 336 μενεῖ
328 290 428 338 παρὰ
457 292 520 327 τοῦ
546 292 560 326 ἰ
583 295 640 327 lov
674 291 853 329 δεσπότου
885 291 1132 337 λαμβάνοντα.
1179 292 1211 328 εἰ
1248 290 1287 327 δὲ

198 336 299 372 ἐντὸς
332 340 487 385 τριετίας
520 335 643 381 μηδεὶς
674 337 830 386 έναγάγῃ
864 341 938 373 τινὶ
974 339 1053 374 τῶν
1085 338 1286 385 εἰρημένων

199 382 414 428 προςώπων,
448 380 468 416 ὁ
492 378 685 428 ἡγούμενος
716 385 780 418 τοῦ
811 387 1056 431 μοναστηρίου
1089 381 1181 428 μετὰ
1217 383 1286 428 τὴν

199 425 436 473 παραδρομὴν
451 429 517 462 τοῦ
531 430 692 475 τριετοῦς
707 429 846 475 χρόνου,
863 429 894 463 εἰ
908 428 973 463 τὸν
987 429 1154 464 τοιοῦτον
1170 427 1286 474 ἄνδρα

198 472 304 513 ἄξιον
325 476 441 520 κρίνῃ,
466 472 551 507 τότε
576 471 712 509 διδότω
737 472 837 518 αὐτῷ
863 474 905 509 τὸ
927 476 1058 518 σχῆμα,
1081 477 1142 508 καὶ
1165 472 1287 519 μηδεὶς

199 514 299 562 αὐτῷ
322 518 416 562 μετὰ
439 519 557 553 ταῦτα
582 517 730 563 ὄχλησιν
754 518 845 565 ὑπὲρ
868 518 974 562 τύχης
996 521 1209 565 ἐπιφερέτω,
1246 521 1287 555 ἐν

199 559 277 606 ὅσῳ
300 565 467 616 με’ᾙτοιγε
491 564 532 598 ἐν
554 566 607 607 τῷ
631 568 864 610 μοναστηρίῳ
890 562 1024 611 διάγει·
1050 563 1097 599 τοὶ
1119 563 1159 599 δὲ
1174 564 1286 612 πράγΑ

196 620 313 651 ματα,
337 619 434 653 απερ
449 608 498 643 εἰς
512 608 556 664 ‘rb
575 608 822 655 μοναστήριον
845 608 1044 656 εἰςαγαγιὸν
1068 613 1208 656 φανείη,
1232 610 1286 653 τῷ

1266 130 1347 179 619

1937 133 2047 177 Nov.
2077 114 2259 177 cxxm
2290 134 2356 176 35.
2389 135 2442 177 36

1353 246 1392 282 in
1422 244 1678 283 monasterium
1705 243 1967 287 introduxisse,
1993 244 2254 281 iusiurandum
2287 243 2443 290 primum

1355 292 1439 338 quia
1468 291 1557 328 nihil
1587 291 1745 337 patietur
1775 301 1798 327 a
1828 300 1894 327 suo
1919 290 2061 327 domino
2091 290 2356 336 percipientem.
2404 289 2443 326 Si

1354 339 1474 374 autem
1496 337 1593 373 intre¹
1615 336 1806 372 triennium
1830 336 1950 372 nullus
1974 335 2166 381 quaesierit
2189 335 2345 382 aliquam
2368 344 2441 372 me-

1355 385 1574 419 moratarum
1593 391 1840 427 personarum,
1861 381 1975 417 abbas
1994 380 2202 417 monasterii
2220 384 2305 426 post
2319 384 2440 417 trans-

1324 433 1342 464 5
1357 429 1557 464 cursionem
1576 427 1762 463 triennalis
1781 427 1964 472 temporis,
1988 427 2019 462 si
2038 427 2147 462 talem
2165 426 2279 463 virum
2297 426 2442 471 dignu-m

1355 473 1584 516 iudicaverit,
1617 475 1706 508 tunc
1729 472 1789 508 det
1814 472 1847 508 ei
1870 472 2031 516 schema,
2055 475 2093 508 et
2114 472 2231 508 nullus
2258 472 2291 507 ei
2312 474 2442 517 postea

1355 519 1403 556 sit
1421 519 1593 555 molestus
1616 528 1682 563 pro
1703 517 1862 560 fortuna,
1887 517 2002 553 donec
2021 521 2141 553 tamen
2163 517 2202 552 in
2219 516 2439 553 monasterio

1357 565 1477 609 deget3
1502 574 1560 600 res
1584 565 1722 606 autem,
1747 572 1838 608 quas
1861 563 1899 597 in
1921 563 2177 598 monasterium
2200 562 2442 599 introduxisse

1357 610 1507 653 videtur,
1536 609 1682 644 illaesae
1715 608 1858 644 domino
1890 607 2098 643 reddantur.
2147 607 2185 644 Si
2209 607 2288 652 quis
2320 611 2442 643 autem

198 651 418 698 ὃεικνυμένῳ
436 652 597 702 ὃεσποτῃ
614 652 869 690 ἅποὸιδόσθω.
920 655 952 689 εἰ
976 653 1019 689 δέ
1035 666 1088 690 τις
1103 669 1182 690 των
1196 655 1288 701 εἰρη-
1303 659 1343 690 10
1357 657 1633 691 memoratarum
1655 663 1890 699 personarum
1919 653 2104 697 reliquerit
2125 652 2382 689 monasterium
2405 655 2442 688 et

197 701 321 743 μένων
336 699 549 754 κπροςιόπων
572 699 782 746 καταλείψει
812 700 854 735 τὸ
879 699 1126 745 μοναστήριον
1156 704 1217 734 καὶ
1241 701 1288 735 εἰς

198 755 374 788 κοσμικον
408 743 517 779 ἔλθοι
541 749 635 790 βίον,
668 743 692 789 ἢ
715 747 756 781 ἐν
778 749 856 781 ταῖς
877 742 1026 780 πόλεσιν
1058 743 1081 789 ἢ
1105 747 1146 781 ἐν
1170 742 1288 794 ἀγροῖς

199 791 440 836 περιέρχεται,
474 792 519 838 τῇ
544 789 620 835 ἰδίᾳ
644 791 733 839 τύχῃ
757 788 1039 837 παραδιδόσθω.

1357 700 1404 736 ad
1435 699 1657 736 saecularem
1687 698 1807 734 veniat
1837 698 1965 741 vitam,
2001 698 2126 733 autin
2149 698 2354 734 civitatibus
2376 698 2442 733 aut

1355 746 1394 782 in
1417 745 1513 791 agris
1537 743 1751 781 circumiens
1773 743 1944 789 propriae
1967 742 2134 780 fortunae
2157 744 2331 781 tradatur.

1146 881 1304 917 CAPUT
1327 880 1494 918 XXXVI.

258 944 322 981 Ἐν
345 948 438 983 πᾶσι
463 945 503 982 δὲ
524 951 598 983 τοῖς
619 952 891 1005 μοναστηρίοις,
917 945 1011 995 ἅπερ
1034 948 1201 994 κοινόβια
1224 963 1286 983 κα-

1361 968 1364 971 ι
1413 949 1455 984 111
1479 947 1642 985 omnibus
1665 949 1786 983 autem
1809 945 2046 990 monasteriis,
2096 955 2165 982 uae
2189 945 2364 983 coenobia
2386 944 2440 982 di-

199 991 366 1046 λοῦνται,
394 992 583 1048 κελεύομεν
607 994 708 1042 κατὰ,
724 1006 807 1029 τους
829 994 1044 1039 μοναχικούς
1066 994 1222 1030 κανόνας
1245 995 1286 1029 ἐν
1302 997 1342 1030 15
1357 997 1499 1037 cuntur,
1533 993 1697 1029 iubemus
1729 991 1927 1029 secundum
1956 1001 2084 1028 monac
2110 992 2186 1028 icos
2217 1001 2374 1028 canones
2403 990 2441 1026 in

198 1038 253 1072 ἑνὶ
285 1039 373 1082 οὶκῳ
404 1051 547 1074 παντας
578 1040 689 1073 οἰκεῖν
719 1043 779 1073 καὶ
810 1041 940 1074 κοινῶς
969 1040 1190 1085 τρέφεσθαι,
1225 1042 1286 1074 καὶ

198 1082 291 1118 κατὰ
323 1083 390 1118 τὸν
420 1080 548 1129 ὅμοιον
571 1083 713 1131 τρόπον
745 1086 785 1120 ἐν
808 1086 863 1120 ἑνὶ
887 1085 974 1128 οἴκῳ
1007 1084 1148 1120 πάντας
1177 1098 1285 1128 κεχω-

198 1131 374 1175 ρισμένως
396 1127 603 1172 καθεύδειν,
628 1127 716 1165 ὥςτε
739 1126 944 1175 ἀμοιβαδὸν
968 1127 1132 1174 ἀλλήλοις
1149 1144 1285 1177 μαρτυ-

198 1178 294 1228 ρίανΙ
312 1175 376 1218 τῆς
399 1173 452 1209 σιό
483 1186 593 1228 poros
617 1173 993 1232 διαγωγῆςκπαρέχειν
1017 1174 1163 1220 αὐτούς,
1191 1174 1286 1219 πλὴν

1355 1050 1426 1075 uno
1457 1038 1664 1077 habitaculo
1696 1047 1819 1075 omnes
1852 1037 2040 1083 (habitare
2063 1041 2100 1074 et
2124 1037 2359 1074 communiter
2381 1036 2440 1079 ali,

1354 1087 1392 1120 et
1414 1085 1523 1121 simili
1545 1084 1650 1120 modo
1681 1084 1719 1119 in
1752 1094 1824 1119 uno
1847 1083 2054 1119 habitaculo
2079 1083 2219 1127 omnes>
2249 1082 2442 1128 separatim

1355 1130 1520 1174 dormire,
1556 1131 1597 1165 ut
1631 1132 1793 1165 mutuum
1827 1128 2010 1164 alterutris
2045 1128 2288 1165 testimonium
2318 1130 2442 1164 castae

1355 1174 1636 1211 conversationis
1660 1175 1872 1219 praebeant,
1908 1174 1976 1209 nisi
2000 1173 2145 1219 quidam
2175 1177 2295 1209 tamen
2319 1183 2366 1209 ex
2389 1173 2441 1209 eis

197 1219 228 1253 εἰ
247 1231 408 1274 μηκτινες
432 1221 449 1252 ἐ
494 1218 620 1255 αὐτων
643 1218 666 1264 ἢ
690 1219 751 1255 διὰ
775 1234 843 1265 την
866 1225 1016 1276 χρονίαν
1040 1222 1080 1256 έν
1102 1233 1283 1275 μοζασνιη-
1299 1223 1339 1256 20
1354 1224 1417 1256 aut
1436 1224 1584 1266 propter
1607 1220 1816 1264 longaevam
1839 1219 1878 1254 in
1894 1220 2111 1256 monasterio
2137 1219 2442 1256 conversationem

197 1268 265 1311 ρίῳ
291 1275 445 1307 ασκησιν
468 1262 608 1309 ἡσύχως
629 1265 845 1311 βουλόμενοι
870 1268 936 1310 ζῆν
967 1281 989 1310 η
1012 1267 1130 1314 γήρως
1160 1280 1182 1310 η
1213 1277 1284 1300 σω-

196 1311 347 1354 ματικῆς
377 1307 571 1346 ἀσθενείας
600 1310 707 1357 χάριν
737 1314 778 1346 ἐν
802 1310 977 1354 ἰδιάζουσι
1005 1311 1155 1346 κελλίοις
1178 1310 1285 1346 ἔνδον

197 1357 261 1390 τοῦ
296 1360 540 1403 μοναστηρίου
576 1357 792 1403 τυγχάνουσι
827 1355 1060 1392 διαιτῶνται·
1101 1359 1210 1392 τοῦτο
1246 1355 1286 1391 δὲ

196 1401 287 1444 μετὰ
318 1399 486 1458 εἰδῇσεΙως
514 1405 574 1436 καὶ
601 1403 746 1448 γνώμης
776 1404 841 1458 τρῖ)
872 1401 1070 1457 ἡγουμένου
1099 1403 1283 1449 γίνεσθαι.

1355 1266 1474 1311 quiete
1496 1266 1657 1302 volentes
1681 1265 1797 1301 vivere
1828 1267 1892 1300 aut
1916 1265 2112 1302 senectutis
2144 1268 2253 1309 atque
2281 1264 2441 1310 corporis

1353 1311 1570 1347 infirmitatis
1600 1319 1712 1346 causa
1740 1310 1778 1346 in
1803 1310 1947 1346 remotis
1974 1310 2110 1346 cellulis
2141 1310 2238 1346 intra
2260 1312 2439 1346 monaste·
2454 1340 2464 1343 1

1353 1357 1447 1392 rium
1470 1356 1674 1392 constitutis
1699 1355 1848 1400 degant3
1878 1355 1948 1391 hoc
1972 1359 2092 1391 autem
2117 1366 2197 1391 cum
2222 1354 2442 1392 conscientia

1354 1405 1390 1438 et
1413 1401 1597 1439 voluntate
1626 1400 1769 1437 abbatis
1793 1401 1879 1436 fieri.
1927 1400 2029 1437 Haec
2053 1401 2173 1437 omnia
2201 1401 2239 1436 in
2260 1404 2440 1437 monaste-

197 1444 342 1481 τοὺτων
366 1458 547 1483 απαντων
577 1451 637 1481 καὶ
661 1452 744 1493 περὶ
771 1461 818 1482 τα
838 1459 1066 1495 μοναστηρια
1090 1451 1150 1482 καὶ
1175 1445 1284 1504 domg-
1299 1449 1340 1482 25
1354 1447 1417 1483 riis
1451 1450 1488 1483 et
1520 1446 1705 1483 asceteriis
1740 1446 1954 1482 feminarum
1985 1446 2220 1483 servantibus.
2267 1447 2310 1481 In
2341 1445 2441 1482 nullo

196 1493 304 1538 τήρια
335 1493 414 1526 τῶν
444 1494 629 1539 γυναικῶν
660 1493 1056 1540 παραφυλαττομένων.
1102 1490 1199 1527 Κατ’
1227 1507 1285 1528 ου-

197 1534 283 1571 δένα
301 1535 340 1571 δὲ
355 1537 472 1573 τόπον
487 1539 551 1581 τῆς
566 1537 737 1584 ἡμετέρας
760 1538 940 1575 πολιτείας
964 1540 1004 1573 ἐν
1027 1539 1082 1574 ἑνὶ
1104 1550 1285 1584 μοναστη-

219 1586 263 1626 ίῳ
293 1583 470 1626 μοναχοὺς
499 1587 560 1617 καὶ
586 1588 808 1629 μοναστρίας
838 1585 948 1619 οἰκεῖν
978 1582 1001 1628 ἢ
1034 1584 1081 1619 τὰ
1110 1583 1286 1631 λεγόμενα

196 1595 308 1663 gani&
340 1628 433 1663 εἶναι
455 1630 685 1683 Ιιἰοναστήρια
716 1631 981 1685 συγχωροῦμεν,
1028 1626 1124 1665 ὅπου
1149 1628 1189 1664 δὲ
1212 1643 1284 1664 τοι-

1353 1493 1434 1529 loco
1452 1496 1598 1529 nostrae
1613 1491 1834 1537 reipublicae
1855 1492 1909 1539 <in
1925 1502 1998 1528 uno
2013 1492 2230 1528 monasterio
2246 1491 2441 1528 monachos

1354 1542 1390 1574 et
1413 1539 1627 1574 monastrias
1651 1537 1816 1573 habitare
1839 1537 1894 1573 vel
1910 1537 2006 1573 dicta
2022 1537 2195 1583 duplicia>
2220 1546 2299 1574 esse
2316 1546 2441 1573 mona-

1354 1584 1474 1620 steria.⁴
1488 1583 1737 1630 permittimus.
1786 1582 1858 1619 Ubi
1872 1585 1994 1619 autem
2016 1583 2089 1619 tale
2108 1583 2363 1619 monasterium
2386 1582 2442 1618 in-

1354 1629 1504 1674 venitur,
1537 1628 1702 1666 omnibus
1725 1629 1840 1665 modis
1863 1628 2028 1665 iubemus
2054 1628 2149 1665 viros
2173 1638 2196 1663 a
2219 1627 2360 1664 feminis
2384 1637 2442 1664 se-

195 1674 281 1729 οὗτο
309 1686 556 1730 μοναστηριρν
589 1673 768 1728 εὑρεθείη,
801 1677 893 1710 πᾶσι
917 1687 1065 1720 τρόποις
1096 1674 1285 1720 κελεύομεν
1298 1677 1340 1711 30
1353 1676 1493 1720 parari,
1527 1678 1564 1711 et
1593 1674 1744 1710 feminas
1775 1674 1918 1719 quidem
1947 1674 1984 1709 in
2016 1685 2086 1719 quo
2117 1676 2201 1709 sunt
2223 1673 2441 1710 monasterio

194 1730 278 1754 τους
301 1717 436 1765 ανδρας
458 1733 532 1755 απο
560 1733 638 1763 των
659 1721 844 1767 γυναικῶν
865 1722 1108 1768 χωρίζεσθαι,
1137 1724 1197 1755 καὶ
1220 1720 1285 1756 τὰς

194 1764 262 1809 μὲν
291 1767 461 1811 γυναῖκας
498 1767 538 1800 ἐν
568 1765 669 1811 ᾧπερ
705 1766 774 1800 εἰσὶ
804 1770 1039 1811 μοναστηρίῳ
1076 1763 1284 1810 ἀπομένειν,

194 1810 277 1844 τοὺς
302 1808 341 1843 δὲ
364 1808 499 1857 ἄνδρας
523 1809 611 1845 ἄλλο
632 1810 878 1857 μοναστήριον
908 1812 1047 1847 ἑαυτοῖς
1076 1814 1204 1846 ποιεῖν.
1253 1813 1284 1846 εἰ

194 1853 236 1889 δὲ
269 1855 419 1891 πλείονα
453 1856 506 1900 εἴη
540 1857 588 1890 τὰ
623 1858 775 1911 τοιαῦτα
809 1856 1057 1903 μοναστήρια,
1099 1858 1183 1911 ἵνα(
1193 1854 1286 1902 μηδὲ

1353 1730 1550 1764 remanere,
1574 1720 1670 1756 viros
1687 1722 1807 1755 autem
1831 1719 1928 1754 aliud
1946 1719 2202 1755 monasterium
2225 1719 2364 1754 sibimet
2386 1718 2440 1754 fa-

1354 1775 1445 1802 cere.
1494 1766 1532 1801 Si
1555 1775 1639 1802 vero
1663 1766 1768 1810 plura
1789 1768 1874 1801 sunt
1897 1764 2126 1807 monasteria,
2149 1767 2278 1801 utnon
2293 1773 2442 1800 necesse

1352 1811 1400 1848 sit
1424 1821 1517 1848 nova
1540 1811 1759 1848 monasteria
1782 1810 1986 1854 aedificare,
2009 1810 2172 1847 locorum
2194 1809 2441 1848 sanctissimus

196 1897 333 1949 ἀνάγκη
352 1903 502 1948 γένηται
521 1905 586 1938 νέα
603 1914 832 1948 μοναστηρια
852 1900 1139 1949 οἰκοδομεῖσθαι,
1165 1916 1184 1938 o
1205 1903 1283 1938 τῶν
1296 1905 1339 1939 35

264 1993 291 2016 0.
317 1982 487 2014 XXXVI
508 1995 566 2015 om.
591 1983 631 2016 S.

195 2059 254 2101 sit,
282 2057 484 2110 lide-prius
507 2069 530 2093 a
554 2057 697 2094 domino
720 2069 787 2095 suo
812 2063 963 2106 accepta
994 2059 1089 2095 nihil
1110 2069 1149 2095 se
1165 2069 1366 2105 passurum
1389 2068 1476 2094 esse.
1523 2057 1567 2094 Si
1595 2067 1682 2094 vero
1710 2048 1810 2093 intra
1843 2056 2036 2092 triennium
2066 2066 2171 2092 nemo
2199 2055 2363 2102 aliquam
2391 2066 2442 2093 ex

190 2103 395 2151 praedictis

451 2104 591 2139 ersonis
621 2104 845 2147 convenerit,
877 2104 1031 2150 praesul
1060 2104 1272 2140 monasterii
1296 2106 1388 2149 post
1420 2103 1570 2138 triennii
1604 2106 1744 2148 tempus
1771 2100 2085 2148 praeterlapsum‚
2119 2101 2153 2136 si
2184 2101 2291 2137 talem
2325 2101 2441 2137 virum

197 2149 347 2200 diqnum
369 2148 406 2184 iu
433 2149 514 2192 icet,
539 2151 624 2185 tunc
646 2149 680 2185 ei
703 2148 863 2185 habitum
885 2150 1071 2195 praebeat,
1096 2160 1166 2185 neu
1190 2148 1382 2195 quisquam
1406 2148 1440 2183 ei
1458 2151 1591 2201 postea
1613 2146 1816 2182 molestiam
1832 2157 1903 2192 pro
1933 2149 1988 2182 ter
2010 2145 2259 2182 condicionem
2280 2145 2440 2193 adferat,

197 2194 371 2242 quamdiu
394 2194 530 2231 scilicet
553 2194 590 2229 in
613 2195 835 2230 monasterio
848 2194 955 2240 -deqit
960 2207 976 2236 ;
1011 2204 1071 2231 res
1087 2198 1206 2230 autem
1230 2203 1324 2239 quas
1347 2204 1427 2228 eum
1451 2203 1488 2228 m
1511 2193 1771 2228 monasterium
1795 2192 1891 2227 intro
1918 2191 2044 2227 uoeisse
2066 2191 2296 2238 apparuerit,
2319 2191 2353 2227 ei
2376 2192 2441 2238 qui

196 2240 364 2276 dominus
385 2239 567 2286 probatus
589 2240 637 2275 sit
660 2238 871 2276 reddantur.
921 2237 962 2275 Si
986 2240 1067 2285 quis
1091 2243 1210 2275 autem
1241 2249 1291 2275 ex
1306 2237 1511 2284 praedictis
1533 2237 1700 2283 personis
1722 2238 1981 2273 monasterium
2011 2236 2203 2283 reliquerit
2231 2240 2268 2273 et
2289 2236 2340 2273 ad
2360 2247 2440 2274 sae-

198 2285 357 2322 cularem
381 2285 489 2319 vitam
514 2285 710 2327 transierit,
735 2285 792 2321 vel
811 2285 850 2320 in
874 2285 1078 2321 civitatibus
1102 2284 1159 2321 vel
1179 2285 1281 2331 aqris
1305 2282 1518 2324 deambulet,
1543 2293 1631 2318 suae
1655 2281 1860 2318 condicioni
1883 2280 2065 2318 tradatur.

333 2329 499 2366 XXXVI.
548 2328 594 2366 In
625 2329 789 2365 omnibus
819 2335 938 2366 autem
968 2329 1215 2372 monasteriis,
1250 2339 1346 2375 quae
1374 2327 1546 2364 coenobia
1569 2330 1756 2369 vocantur,
1790 2326 1952 2363 iubemus
1980 2326 2178 2363 secundum
2207 2326 2441 2364 monachicos

199 2386 356 2412 canones
379 2375 418 2410 in.
441 2386 515 2410 una
539 2375 646 2411 domo
671 2386 792 2411 omnes
815 2374 980 2411 babitare
1003 2379 1039 2410 et
1060 2375 1294 2410 communiter
1317 2374 1386 2416 ali,
1411 2376 1520 2419 atque
1542 2372 1654 2408 simili
1674 2372 1781 2408 modo
1805 2373 1842 2407 in
1865 2383 1941 2407 una
1965 2371 2071 2408 domo
2096 2383 2218 2408 omnes
2239 2373 2440 2420 separatim

197 2421 367 2463 dormire,
398 2424 438 2456 ut
459 2425 622 2455 mutuum
652 2420 723 2455 sibi
744 2420 893 2456 invicem
918 2420 1158 2456 testimonium
1181 2423 1304 2455 castae
1333 2419 1427 2455 vitae
1444 2418 1667 2465 praebeant,
1700 2417 1774 2452 nisi
1795 2417 1859 2463 qui
1879 2427 1932 2453 εει·
1953 2417 1999 2453 iis
2029 2421 2095 2453 aut
2121 2420 2276 2464 propter
2298 2418 2438 2454 diutur-

198 2477 282 2503 nam
307 2466 345 2501 in
368 2466 588 2512 monasterio
613 2465 909 2502 exercitationem
933 2465 1051 2511 quiete
1075 2465 1191 2502 vivere
1213 2464 1372 2500 volentes
1395 2468 1460 2499 aut
1483 2463 1676 2499 senectutis
1709 2462 1766 2499 vel
1787 2461 2043 2499 imbecillitatis
2065 2464 2233 2509 corporis
2254 2463 2378 2509 qratia
2402 2464 2439 2499 in

198 2511 379 2558 separatis
402 2510 541 2547 cellulis
570 2511 668 2547 intra
691 2511 949 2547 monasterium
979 2511 1184 2546 constitutis
1214 2510 1368 2556 deqant:
1403 2508 1472 2545 Ιιοο
1495 2519 1579 2545 vero
1602 2508 1737 2544 sciente
1765 2517 1809 2543 ac
1833 2507 1973 2543 volente
1999 2507 2173 2554 praesule
2193 2508 2272 2553 siat.
2318 2508 2438 2554 Atque

199 2557 289 2593 baec
311 2556 432 2592 omnia
463 2556 572 2592 etiam
604 2556 641 2591 in
665 2555 894 2591 monasteriis
921 2558 956 2591 et
988 2556 1173 2591 asceteriis
1202 2555 1424 2602 feminarum
1456 2554 1698 2590 observentur.
1746 2552 1859 2589 Nullo
1891 2555 2010 2588 autem
2038 2552 2263 2600 reipublicae
2293 2559 2440 2590 nostrae

198 2602 279 2639 loco
313 2601 352 2638 in
387 2612 461 2637 uno
496 2601 716 2638 monasterio
750 2600 946 2637 monachos
980 2605 1016 2637 et
1049 2600 1248 2637 monachas
1282 2599 1448 2637 habitare
1489 2599 1549 2635 vel
1579 2598 1741 2645 duplicia
1776 2609 1870 2645 quae
1902 2597 2074 2634 dicuntur
2106 2599 2328 2634 monasteria
2361 2609 2440 2634 esse

192 2647 447 2694 permittimus.
502 2645 566 2682 Ubi
589 2657 674 2682 vero
697 2646 769 2683 tale
791 2646 1048 2683 monasterium
1070 2646 1286 2693 reperiatur,
1317 2646 1482 2682 omnibus
1503 2644 1620 2681 modis
1643 2643 1804 2680 iubemus
1829 2644 1928 2679 viros
1956 2654 1979 2679 a
2006 2643 2158 2690 feminis
2186 2644 2373 2690 separari,
2403 2648 2441 2680 et

198 2692 364 2729 mulieres
385 2692 424 2727 in
448 2702 520 2738 quo
546 2695 633 2727 sunt
653 2692 875 2728 monasterio
903 2702 1064 2734 manere,
1096 2691 1192 2727 viros
1214 2695 1334 2728 autem
1362 2690 1465 2726 aliud
1492 2690 1560 2726 sibi
1585 2689 1841 2725 monasterium
1865 2688 2031 2724 condere.
2077 2687 2214 2732 Quodsi
2236 2689 2348 2735 plura
2367 2689 2441 2724 sint

198 2737 374 2776 eiusmodi
396 2737 635 2780 monasteria,
665 2739 706 2772 ut
727 2737 921 2773 necessitas
943 2736 1046 2772 nulla
1069 2737 1117 2772 sit
1145 2747 1239 2773 nova
1261 2736 1483 2772 monasteria
1510 2734 1747 2780 aedificandi,
1778 2734 2028 2770 sanctissimus
2055 2734 2218 2770 locorum
2247 2735 2440 2781 episcopus

269 2831 283 2863 1
311 2823 418 2862 οὐδὲν
434 2828 618 2869 ῙιΒςῙαλ]
643 2823 749 2862 οὐδὲν
766 2825 889 2861 δεινὸν
905 2827 952 2861 Μ
968 2822 1029 2868 (οἷς
1043 2823 1152 2860 οὐδὲν
1169 2823 1284 2860 αὐτὸν

198 2872 325 2920 δράσει
342 2871 454 2907 κακόν
475 2886 545 2906 nov.
568 2873 606 2915 V,
623 2874 643 2907 2
661 2878 701 2913 §1
715 2877 807 2914 επεν.)
824 2873 836 2917 ΙΙ
854 2875 874 2907 2
894 2869 985 2906 ἰδίου
1005 2883 1061 2905 om.
1075 2873 1148 2906 Ecl.
1165 2871 1177 2915 n
1195 2869 1283 2915 λαμ-

198 2918 375 2964 βάνοντος
388 2919 439 2952 La
459 2914 773 2962 ἀπολαμβάνοντα
786 2919 947 2953 Nemee-⁷⁷²
958 2920 1009 2959 11,
1019 2925 1032 2952 1
1050 2916 1062 2961 ΙΙ
1081 2919 1101 2952 3
1114 2915 1283 2963 ἐναγάγοι

200 2963 379 2999 Νοηιοοῦῡη
395 2965 472 3005 11,1
493 2962 506 3007 Β
529 2965 549 2997 6
572 2966 675 3010 κρίνῃ
698 2964 791 2997 MB⁶
805 2962 984 2998 Νοηιοοέῑῑ1η
996 2965 1027 3004 9,
1040 2964 1089 3003 32]
1111 2965 1228 3007 κρίνοι
1252 2962 1283 2995 L

199 3007 474 3050 Nomoc.dm11‚1
499 3009 607 3052 vulq.‚
636 3011 748 3053 κρίνει
774 3007 825 3041 ΒΓ
837 3009 911 3043 E'cl.
935 3008 949 3051 Ι]
975 3010 994 3042 7
1021 3005 1168 3049 ὄχλησιν
1190 3004 1283 3051 μετὰ

198 3054 317 3088 ταῦτα
341 3054 377 3087 Β
394 3053 407 3096 ΙΙ
429 3049 544 3095 τύχης]
568 3053 631 3095 τῆς
653 3052 761 3096 τύχης
780 3054 942 3088 Nemee-m
955 3055 986 3095 9,
1001 3061 1035 3087 32
1052 3053 1064 3096 ΙΙ
1089 3053 1284 3097 εἰσφερέτω

199 3098 380 3133 Nomoc.dm
393 3100 424 3140 9,
437 3105 473 3132 32
489 3097 502 3138 ΙΙ
529 3100 548 3132 9
567 3098 621 3139 τῷ
645 3095 875 3142 δεικνυμένῳ]
900 3099 1034 3132 illaesae
1057 3109 1078 3134 ς
1092 3097 1106 3142 ΙΙ
1134 3100 1174 3132 10
1194 3093 1284 3133 ἄπο-

201 3140 336 3178 διδότω
361 3143 433 3176 Eel.
471 3139 790 3178 ἀποδιδόσθωσαν
809 3143 860 3176 ΒΓ
882 3144 894 3182 ΙΙ
916 3156 954 3178 τι
977 3142 1250 3183 Nonzoc.dm11,1
1274 3141 1286 3187 ΙΙ

203 3191 243 3224 12
268 3186 365 3233 ἔλθῃ
379 3187 558 3223 Nemeam
573 3191 650 3230 11,1
676 3190 687 3231 ΙΙ
710 3190 788 3222 ταῖς
813 3200 868 3223 om.
885 3189 958 3223 Ecl.
976 3188 989 3232 ΙΙ
1013 3186 1175 3228 πόλεσιν]
1199 3185 1222 3231 ἢ
1244 3188 1285 3221 ἐν

198 3235 276 3267 ταῖς
293 3234 479 3277 ἐπαρχίαις
504 3235 582 3267 add.
597 3233 649 3267 ΒΓ
662 3233 674 3277 Ι]
695 3235 736 3269 13
753 3236 989 3278 περιέρχεται]
1014 3234 1213 3267 circumiens
1235 3245 1254 3270 ς
1273 3232 1285 3278 ΙΙ

200 3275 444 3312 ἀποδιδόσθω
455 3279 527 3312 Eel.
543 3279 556 3322 ΙΙ
578 3281 620 3314 14
632 3274 751 3312 ἅπασι
764 3279 816 3312 B⁰
824 3278 1088 3314 ΕεΑΝοηιοεΞΔῙῑῚη
1105 3278 1118 3322 ΙΙ
1134 3275 1284 3312 καλοῦν·

199 3336 260 3358 ται
283 3322 448 3366 κοινόβια
473 3323 525 3357 ΒΓ
539 3323 552 3366 ΙΙ
578 3326 620 3358 15
643 3321 810 3365 κανόνας]
835 3320 970 3358 τύπους
985 3325 1016 3358 L
1034 3323 1046 3368 u
1064 3324 1104 3356 ἐν
1129 3335 1185 3357 om.
1199 3324 1252 3357 B⁰
1274 3324 1285 3367 ΙΙ

203 3372 240 3404 17
259 3367 364 3409 κατὰ]
384 3367 433 3411 μὴ
451 3366 543 3401 κατὰ
559 3369 590 3402 L
608 3369 620 3413 ΙΙ
638 3370 678 3402 ἐν
694 3370 740 3410 Β]
767 3380 822 3402 om.
840 3370 912 3402 ML
929 3369 942 3413 ss
962 3371 1002 3404 19
1019 3367 1115 3412 πλὴν
1129 3367 1226 3413 εἰμὴ
1239 3388 1284 3393 --

200 3416 243 3449 24
266 3412 440 3460 γίνεσθαι
465 3425 520 3447 om.
538 3414 608 3447 LB
635 3415 648 3456 Ι]
679 3415 718 3449 21
746 3411 769 3456 ἢ
793 3414 1010 3468 σωματικῆς]
1045 3416 1145 3457 atque
1169 3425 1284 3457 corpo-

199 3459 246 3493 ris
271 3459 380 3502 ς1125
405 3460 465 3491 καὶ
489 3461 584 3504 περὶ]
609 3461 670 3493 καὶ
694 3471 749 3493 om.
764 3471 784 3496 ς
801 3460 812 3503 ΙΙ
830 3462 889 3493 καὶ
915 3457 1114 3503 ασκητήρια
1137 3471 1194 3494 om.
1208 3461 1260 3494 B⁰
1273 3458 1286 3505 Η

200 3506 243 3539 26
267 3502 551 3548 φυλαττομένων
564 3504 743 3538 Νοιηοε.ᾱ’”
759 3505 771 3544 ΙΙ
790 3507 831 3539 27
858 3502 897 3538 δὲ
921 3516 976 3539 om.
991 3506 1051 3541 Le
1064 3505 1155 3546 (Iul.)
1172 3504 1184 3549 ss
1200 3502 1284 3548 τρό-

199 3560 272 3583 πον
297 3550 337 3581 Μ
364 3549 376 3593 ss
407 3551 448 3583 29
474 3544 567 3582 ὅπου
592 3568 634 3588 ,-
660 3551 737 3591 620,
753 3558 768 3584 5
793 3547 1011 3593 διαιρείσθω
1036 3561 1092 3584 om.
1111 3550 1162 3584 ΒΓ
1175 3552 1247 3585 Ecl.
1274 3550 1285 3593 ΙΙ

201 3596 243 3627 32
269 3590 476 3637 ἀπομένειν]
502 3591 550 3628 ὠς
569 3590 738 3629 ἀσθενεῖς
757 3590 953 3639 ἀπομένειν
973 3596 1006 3629 L
1029 3594 1043 3640 ΙΙ
1066 3597 1111 3630 34
1133 3595 1284 3629 τοιαῦτα

202 3649 291 3675 oms
314 3638 327 3683 ΙΙ
352 3638 413 3673 ἵνα
437 3641 540 3673 om.L

220 3725 222 3727 ’
261 3730 276 3762 1
294 3728 452 3771 primum]
474 3729 619 3772 primum
636 3729 769 3771 quidem
791 3729 846 3774 Vss
866 3731 885 3763 2
906 3730 1055 3772 patiatur
1070 3730 1104 3763 R
1119 3730 1131 3775 ss
1150 3730 1284 3764 domino

1353 2839 1411 2859 om.
1435 2826 1468 2859 T
1491 2825 1504 2869 Ι]
1531 2825 1736 2868 percipiente
1759 2823 1809 2858 R⁰
1820 2823 1871 2858 V2
1905 2825 2132 2868 praecipiente
2157 2824 2210 2859 Τ2
2251 2825 2439 2869 praetinere

1354 2871 1406 2905 Τ*
1421 2871 1434 2914 ΙΙ
1453 2871 1472 2904 3
1499 2870 1591 2904 intra
1605 2870 1791 2904 triennium
1807 2871 1917 2903 autem
1938 2871 2012 2903 RV
2026 2870 2039 2913 11
2054 2870 2235 2912 quaesierit
2256 2871 2334 2912 VT]
2360 2882 2438 2904 con-

1352 2916 1483 2950 uenerit
1498 2916 1532 2949 R
1544 2917 1631 2960 vulq.
1651 2916 1664 2956 ΙΙ
1679 2915 1826 2957 aliquem
1846 2915 1904 2958 Vss
1919 2917 1941 2950 4
1957 2916 2252 2958 transgressionem
2271 2917 2304 2950 R
2328 2919 2438 2950 trans-

1350 2962 1490 2994 itionem
1515 2962 1550 2995 T
1557 2962 1566 2982 ¹
1590 2961 1604 3005 ΙΙ
1629 2963 1649 2995 5
1674 2961 1702 2993 si
1722 2960 1835 3002 talem]
1863 2960 1999 2993 fatalem
2022 2960 2072 2994 V²
2094 2960 2107 3005 ΙΙ
2133 2962 2155 2996 6
2178 2962 2291 3003 postea
2315 2961 2346 2995 01
2377 2962 2411 2996 V
2427 2960 2440 3007 ΙΙ

1353 3010 1371 3040 7
1399 3008 1535 3050 propter
1552 3006 1632 3051 1⁷¹1!
1650 3006 1821 3039 fortunam
1842 3005 1951 3039 V2T¹
1971 3005 1984 3048 Ι]
2000 3006 2048 3038 1ιῖ1
2069 3006 2103 3039 T
2115 3006 2129 3048 Ι]
2143 3006 2240 3047 deget
2263 3006 2300 3039 in
2324 3017 2438 3040 mona-

1352 3052 1453 3085 sterio
1476 3052 1510 3086 R
1536 3050 1549 3095 ΙΙ
1573 3053 1593 3085 8
1618 3062 1702 3093 quae
1727 3051 1760 3084 Τ
1767 3051 1778 3071 ¹
1796 3049 1810 3094 ΙΙ
1824 3050 1915 3083 intra
1935 3050 2024 3085 RT2
2041 3049 2055 3095 ΙΙ
2069 3051 2271 3084 monasterio
2296 3051 2378 3095 1⁷¹1}
2397 3053 2437 3086 12

1353 3097 1518 3131 circuiens
1539 3097 1602 3130 VT
1621 3095 1887 3129 circumueniens
1901 3095 1934 3128 R
1950 3095 1964 3139 Ι]
1984 3097 2024 3130 16
2045 3095 2197 3129 habitare
2213 3115 2258 3120 —
2272 3098 2312 3131 17
2325 3107 2439 3129 omnes

1353 3144 1470 3176 omissa
1493 3143 1527 3176 in
1553 3142 1644 3175 libris
1673 3154 1742 3175 cum
1767 3141 1894 3174 Beckio
1918 3141 2069 3183 supplevi
2094 3141 2106 3182 ΙΙ
2135 3142 2175 3175 18
2200 3140 2340 3174 alterius
2364 3141 2398 3174 R
2428 3144 2439 3184 Η

1354 3190 1395 3222 19
1420 3187 1618 3230 praebeatur
1638 3186 1716 3220 RV
1733 3185 1745 3229 ΙΙ
1770 3185 1847 3226 nisi]
1873 3185 2015 3227 tempori
2037 3184 2104 3218 nisi
2130 3185 2179 3219 T¹
2195 3185 2209 3229 ΙΙ
2231 3186 2277 3219 11ῖ1
2299 3186 2352 3219 Τ2
2369 3185 2382 3230 ΙΙ
2398 3197 2438 3219 ex

1352 3245 1410 3266 om.
1427 3233 1458 3266 T
1473 3233 1485 3275 ΙΙ
1502 3233 1543 3266 20
1567 3242 1627 3274 per
1648 3231 1706 3274 Vll
1724 3232 1763 3265 21
1789 3230 1911 3272 quiete]
1937 3232 1970 3263 et
1985 3231 2097 3272 quiete
2113 3231 2146 3263 R
2164 3230 2176 3273 Ι]
2194 3230 2328 3264 uolente
2351 3231 2402 3264 R¹
2425 3231 2437 3275 ΙΙ

1352 3279 1411 3311 aut
1426 3278 1526 3321 vulffi]
1544 3280 1576 3310 et
1591 3277 1625 3309 R
1635 3277 1698 3310 VT
1713 3277 1725 3318 ΙΙ
1739 3277 1934 3308 senenectus
1956 3275 1988 3308 T
1994 3275 2004 3295 ²
2023 3274 2035 3319 ΙΙ
2051 3285 2227 3318 corporeae
2243 3275 2276 3308 R
2291 3275 2304 3319 ΙΙ
2323 3277 2366 3310 22
2382 3275 2437 3309 in-

1352 3323 1490 3356 firmitas
1510 3323 1559 3355 T¹
1577 3322 1589 3365 Η
1608 3331 1740 3354 causam
1753 3320 1802 3354 R2
1818 3320 1831 3364 ΙΙ
1849 3322 1892 3355 23
1907 3320 2034 3362 degunt
2051 3320 2084 3353 T
2095 3320 2107 3364 ΙΙ
2126 3321 2188 3353 11οο
2206 3322 2319 3353 autem
2338 3321 2384 3362 V]
2405 3323 2438 3354 et

1352 3369 1414 3401 hoc
1430 3370 1541 3400 autem
1558 3367 1592 3400 R
1615 3368 1648 3399 et
1663 3367 1726 3399 hoc
1744 3366 1868 3409 Tvulq.
1887 3366 1899 3409 ΙΙ
1918 3367 1962 3400 24
1977 3368 2022 3406 01]
2041 3367 2101 3398 aut
2115 3366 2147 3398 R
2164 3365 2177 3409 ΙΙ
2194 3365 2278 3399 abbe
2297 3366 2346 3399 Τι
2361 3366 2375 3409 ΙΙ
2393 3367 2435 3400 25

1352 3412 1504 3446 0501111115
1525 3413 1557 3446 V
1568 3411 1716 3445 aschitiis
1729 3412 1800 3453 (sic)
1816 3411 1861 3443 Η*
1879 3410 2014 3444 achitiis
2028 3409 2077 3443 13³
2100 3410 2277 3443 assisteriis
2295 3411 2328 3444 T
2340 3410 2352 3455 ΙΙ
2369 3421 2436 3444 ser-

1352 3461 1472 3492 ventur
1485 3458 1596 3496 Bcck;
1614 3457 1721 3490 malim
1737 3456 1803 3489 His
1816 3456 1971 3489 omnibus
1982 3475 2019 3480 --
2031 3456 2201 3489 servandis
2217 3455 2230 3500 ΙΙ
2249 3457 2291 3490 26
2303 3457 2436 3489 nostrae

1353 3515 1409 3537 om.
1425 3503 1482 3547 Vll
1499 3504 1536 3536 in
1552 3512 1621 3536 uno
1632 3521 1677 3526 —
1691 3503 1732 3536 27
1747 3501 1896 3544 duplicia
1912 3501 2018 3545 suppl.
2033 3501 2127 3534 Beck
2145 3499 2159 3541 ΙΙ
2176 3501 2217 3535 28
2243 3500 2302 3533 ubi
2325 3503 2436 3534 autem

1352 3549 1419 3582 tale
1433 3549 1537 3589 Beck]
1563 3547 1661 3581 aliter
1676 3547 1735 3581 ubi
1751 3550 1862 3579 autem
1880 3547 1957 3581 libri
1970 3545 1983 3591 ΙΙ
2003 3547 2045 3580 32
2068 3545 2138 3579 sint
2154 3546 2187 3578 R
2202 3545 2216 3590 ΙΙ
2233 3547 2273 3579 111
2295 3545 2344 3579 ibi
2368 3556 2436 3580 non

1353 3604 1484 3627 necesse
1508 3594 1553 3627 sit
1575 3603 1664 3626 noua
1686 3591 1886 3626 monasteria
1915 3593 1992 3625 add.
2022 3590 2071 3624 V2
2095 3593 2127 3625 in
2152 3603 2276 3635 mar-9„
2300 3603 2359 3624 om.
2386 3592 2436 3626 V¹
2492 3598 2494 3600 ’

1354 3651 1551 3671 mus-u*
1586 3638 1639 3680 (ut
1661 3648 1752 3671 noua
1775 3647 1843 3670 non
1867 3636 1929 3678 ΒΞ)
1958 3645 2089 3669 necesse
2113 3636 2156 3669 sit
2179 3636 2381 3669 monasteria
2403 3636 2437 3670 R

1352 3687 1410 3719 aut
1427 3695 1495 3718 non
1510 3684 1578 3717 sint
1594 3694 1662 3716 non
1679 3692 1807 3716 necesse
1826 3682 1869 3715 sit
1888 3692 1978 3715 noua
1995 3682 2196 3716 monasteria
2221 3682 2254 3715 Τ
2261 3681 2271 3702 ²
2307 3683 2347 3715 111
2366 3692 2435 3714 11011

1352 3730 1397 3764 sit
1420 3740 1550 3763 necesse
1573 3739 1663 3762 noua
1686 3727 1887 3761 monasteria
1915 3726 1964 3773 T²

2093 3781 2165 3818 78*
