2618 4010
140 169 363 202 PECUNIAE
392 169 534 200 SUPER
561 167 714 198 DOTEM

138 269 186 312 μὴ
212 268 303 314 λάβῃ
328 268 396 310 τὴν
419 270 565 309 προῖκα,
589 266 700 310 μηδὲν
725 269 764 299 ἐκ
787 269 848 309 τῆς
873 267 973 311 σιγῆς
992 262 1010 299 ὁ
1030 265 1122 310 ἀνὴρ
1139 263 1215 298 ἄδι-

140 314 295 353 uetustae,
319 310 408 356 μηδὲ
431 310 466 344 οἱ
488 310 702 357 κληρονόμοι
726 314 789 346 τοῦ
815 309 946 356 ἀνδρὸς
970 309 1038 345 κᾶν
1062 312 1093 344 εἰ
1117 310 1213 356 σιγή-

141 371 234 391 σειεν
259 360 396 397 ἐκεῖνος,
425 353 505 389 ἄλλ)
532 358 617 390 εἴσω
643 357 762 401 ἑτέρου
788 357 954 391 ἐνιαυτοῦ
978 358 1022 389 τὰ
1046 357 1109 399 τῆς
1131 358 1214 399 μέμ-

143 415 236 447 ψεως
259 402 451 436 κινείσθιιν
485 401 528 435 τὸ
559 402 628 448 γὰρ
658 402 772 447 βραχὺ
797 403 860 436 τοῦ
885 404 1103 435 συνοικεσίου
1128 399 1216 445 πρὸς

141 449 276 482 ταύττν
300 444 389 490 ἡμᾶς
412 446 480 489 τὴν
503 447 726 490 νομοθεσίαν
751 447 857 480 καλεῖ.
894 448 925 479 εἰ
946 445 985 480 δὲ
1002 447 1048 479 εἰς
1066 444 1214 480 πλείονα

140 495 203 535 τῆς
250 494 365 526 ‘certas
387 492 530 536 χρόνον,
563 491 739 526 ἐλάττονα
765 491 804 526 δὲ
828 491 1009 525 δεκαετίας
1031 490 1073 524 τὸ
1099 502 1212 524 συνοι-

140 542 259 571 κέσιον
285 537 476 578 ἑκταθείη,
509 535 653 579 δίδομεν
685 540 735 580 τῷ
770 536 875 582 ἀνδρὶ
897 536 1125 581 μέμφεσθαι,
1157 538 1215 567 καὶ

140 583 253 629 λέγειν
282 579 346 615 οὐκ
377 582 640 626 εἰςκεκομίσθαι
674 583 772 625 αὐτῷ
797 583 865 626 τὴν
890 585 1020 627 προῖκα
1043 581 1091 614 εἰς
1113 583 1215 624 μέρος

139 626 161 670 ’ἢ
185 629 232 661 εἰς
256 624 467 671 ὁλόκληρον,
499 631 559 679 καὶ,
583 629 613 661 εἰ
642 629 749 662 τοῦτο
774 628 948 670 ποιήσειε,
981 628 1213 671 παραπέμπε-

139 674 232 706 σθαι
263 672 330 715 τὴν
358 675 511 727 μέμψιν,
536 669 635 713 ἅπαξ
658 674 722 706 τοῦ
747 670 876 718 ἀνδρὸς
898 674 1131 726 μεμψαμένου
1156 673 1215 703 καὶ
1230 673 1269 704 lo

138 719 199 760 τῆς
222 729 390 762 γυναικος
414 732 471 751 οτι
504 716 661 752 δέδωκεν
684 716 747 751 οὐκ
771 715 1014 758 ἆποδειξασης.

138 765 156 797 1
205 763 250 795 Εἰ
281 761 320 796 δὲ
342 763 390 805 μὴ
415 764 492 796 τῶν
517 762 601 796 δέκα
625 764 802 797 ἐνιαυτῶν
826 763 911 796 εἴσω
934 765 1137 805 μέμψηται,
1169 761 1213 814 τί]

139 809 259 853 σιωπῇ
284 809 348 841 τοῖ-
375 807 505 852 ἀνδρὸς
530 806 748 853 ἅναιροῦμεν
774 808 841 850 τὴν
865 810 1014 852 μέμψιν,
1045 804 1128 838 οὔτε
1154 818 1213 837 αυ-

138 854 190 895 τῷ
216 852 307 895 μετὰ
340 853 408 895 τὴν
433 853 621 887 δεκαετίαν
652 855 760 887 τοῦτο
784 851 959 898 πράττειν
989 851 1211 906 >συγχωροῦν-

1203 150 1286 197 485

2133 150 2238 192 Nov.
2271 150 2303 192 G
2335 153 2353 191 1

1285 263 1396 307 cipiat
1419 263 1553 304 dotem,
1578 262 1664 297 nihil
1688 272 1734 296 ex
1758 262 2002 297 taciturnitate
2026 262 2078 296 vir
2100 262 2272 304 laedatur,
2299 271 2358 296 ne-

1285 319 1353 353 que
1375 308 1522 344 heredes
1544 308 1611 343 viri
1634 308 1716 342 licet
1740 308 1892 342 tacuerit
1914 307 1989 350 ille,
2021 308 2083 342 sed
2112 307 2205 341 intra
2229 317 2359 341 annum

1285 353 1394 388 alium
1426 354 1573 398 querela
1601 355 1799 388 moveatur:
1837 353 1991 387 brevitas
2021 353 2112 387 enim
2144 351 2360 386 matrimonii

1284 399 1330 433 ad
1359 399 1453 434 hanc
1485 410 1549 434 nos
1572 398 1828 442 legislationem
1853 403 1966 433 vocat.
2016 398 2052 432 Si
2078 408 2158 431 vero
2183 397 2220 431 in
2245 397 2358 431 maius

1252 448 1269 478 5
1285 444 1426 479 biennio
1457 448 1596 488 tempus
1620 444 1736 478 minus
1760 447 1878 477 autem
1903 443 2074 478 decennio
2098 443 2358 476 matrimonium

1284 490 1533 533 protendatur,
1565 490 1688 524 damus
1710 489 1836 523 marito
1862 489 1961 531 queri
1985 492 2020 523 et
2044 488 2161 522 dicere
2186 498 2257 521 non
2281 488 2359 521 illa-

1284 540 1356 569 tam
1382 535 1450 569 sibi
1474 535 1591 569 dotem
1614 538 1677 568 aut
1700 533 1736 567 in
1760 538 1896 578 partem
1919 537 1982 568 aut
2005 533 2042 567 in
2067 532 2236 573 solidum,
2270 536 2305 566 ct
2329 532 2359 566 si

1284 579 1352 614 hoc
1374 580 1508 620 fecerit,
1529 579 1768 613 transmittere
1786 579 1975 622 querelam,
1998 578 2104 612 semel
2125 577 2252 612 marito
2273 587 2353 621 que-

1284 629 1383 660 rente
1408 628 1443 660 et
1467 625 1615 659 muliere
1639 624 1722 668 quia
1747 623 1844 658 dedit
1867 634 1938 658 non
1963 623 2148 667 probante.

1283 763 1303 795 1
1352 760 1388 794 Si
1405 762 1524 794 autem
1544 769 1658 801 neque
1677 758 1770 791 intra
1787 757 1995 791 decennium
2013 761 2190 800 queratur,
2212 757 2359 791 tacitur-

1285 805 1395 839 nitate
1419 804 1537 839 mariti
1562 803 1755 838 auferimus
1781 803 1970 846 querclam,
1995 812 2109 846 neque
2126 803 2157 836 ei
2174 805 2256 846 post
2280 803 2359 836 dec-

1284 850 1425 884 ennium
1449 850 1517 884 hoc
1534 859 1639 893 agere
1657 848 1812 882 sinentes
1830 857 1894 882 nec
1914 857 2047 881 annum
2068 847 2194 881 dantes
2212 847 2359 881 ulterius

139 909 195 931 τες
218 895 300 931 οὔτε
323 898 391 932 τὸν
409 897 576 932 ἐνιαυτὸν
601 897 762 932 διδόντες
786 900 839 942 ἔτι
859 900 931 931 τοῖς
955 897 1064 929 αυτοῦ
1088 895 1213 939 κληρο-
1230 899 1269 929 15
1284 895 1360 929 eius
1377 895 1578 929 heredibus.
1616 894 1738 938 Sitque
1754 893 1861 927 etiam
1877 892 1946 927 hoc
1964 903 2034 927 non
2052 897 2176 927 nostra
2191 893 2360 927 adversus

142 944 269 985 νόμοις.
310 947 370 976 καὶ
391 947 486 977 ἔστω
510 947 569 977 καὶ
593 945 700 977 τοῦτο
725 940 788 985 οὐχ
812 941 964 986 ἡμετέρα
987 941 1078 974 κατά
1101 954 1215 974 τινων

140 986 264 1029 ποινὴ,
296 986 387 1021 ἀλλὰ
420 987 698 1034 ἀπραγμοσύνης
728 990 805 1022 τῶν
829 985 1000 1030 ὑπηκόων
1022 985 1213 1027 ἐπιμέλεια.

140 1032 168 1074 ᾧ
206 1034 275 1079 γὰρ
311 1033 450 1074 ἔξεστιν
485 1037 545 1067 ἐπὶ
579 1033 720 1078 μακρὸν
754 1030 849 1067 οὕτω
885 1033 1015 1077 χρόνον
1043 1031 1122 1073 (τὸν
1153 1033 1215 1074 τῆς

140 1078 322 1112 δεκαετίας
346 1082 474 1124 φαμέν)
500 1079 695 1124 προθεῖναι
721 1078 787 1122 τὴν
810 1081 959 1131 μέμψιν,
985 1078 1016 1110 εἰ
1039 1074 1080 1110 τὸ
1107 1078 1215 1122 σιγᾶν

1284 940 1423 984 aliquos
1447 950 1581 984 poena,
1614 939 1675 974 sed
1699 938 1873 973 libertatis
1905 937 2145 972 subiectorum
2169 937 2358 981 diligentia.

1284 985 1354 1020 Ubi
1386 986 1479 1019 enim
1511 985 1593 1020 licet
1623 985 1659 1018 in
1684 984 1822 1028 prolixo
1848 983 1899 1018 sic
1923 985 2083 1027 tempore
2108 983 2284 1025 (decennii
2308 982 2359 1016 di-

1285 1030 1408 1073 cimus)
1432 1040 1632 1074 proponere
1654 1030 1841 1073 querelam,
1867 1028 1899 1063 si
1918 1032 2039 1062 tacere
2062 1028 2215 1072 elegerit,
2240 1029 2360 1072 palam

1284 1079 1338 1110 est
1361 1076 1533 1117 voluisse,
1558 1076 1613 1110 vel
1637 1075 1666 1109 si
1690 1085 1761 1109 non
1785 1074 1925 1118 accepit
1950 1074 2083 1116 dotem,
2117 1073 2260 1108 omnino
2284 1083 2360 1107 eam

140 1124 273 1164 ἕλοιτο,
307 1122 484 1169 πρόδηλός
516 1126 592 1157 ἐστι
611 1122 855 1178 ’βουλομενοῇ
877 1136 957 1178 ἲκοιν
982 1121 1083 1166 εἰμὴ
1110 1120 1214 1165 λάβοι
1229 1125 1270 1155 20
1285 1131 1369 1156 suos
1402 1121 1549 1156 reddere
1581 1119 1739 1155 heredes.
1787 1119 1852 1154 His
1885 1119 2083 1154 valentibus
2114 1118 2181 1153 etsi
2210 1118 2360 1162 repudio

140 1168 206 1211 τὴν
229 1172 377 1213 προῖκα,
407 1170 545 1212 ταύτην
569 1180 717 1203 παντως
740 1169 821 1202 τοὺς
845 1169 953 1202 αυτοῦ
979 1166 1216 1211 κληρονόμους

141 1213 288 1247 διδόναι.
341 1215 418 1248 τῶν
454 1212 578 1248 αὐτῶν
611 1214 845 1259 κρατούντων
881 1217 941 1247 καὶ
976 1213 1005 1246 εἰ
1037 1210 1215 1259 ῥεπουὸίῳ

141 1259 359 1301 διαλυθῆναι
383 1263 540 1303 συμβαίη
563 1259 630 1293 τὸν
651 1259 784 1303 γάμον·
809 1256 922 1303 μηδὲν
946 1256 1217 1303 διαφερομένων

142 1306 255 1359 ι’]μιῦν,
279 1305 348 1338 εἴτε
371 1302 392 1347 ἦ
417 1300 577 1359 γυνὴῖαἷς
596 1304 664 1357 τὴν
680 1307 810 1350 προῖκα
831 1306 1092 1358 ἐπενεγκαμένη
1109 1316 1216 1336 κατα-

1286 1166 1374 1201 solvi
1406 1166 1586 1209 contingat
1613 1165 1897 1207 matrimonium3
1930 1164 1966 1198 in
1998 1165 2095 1199 nullo
2129 1164 2360 1199 discernenti-

1285 1213 1353 1246 bus
1376 1211 1490 1253 nobis,
1516 1211 1589 1245 sive
1613 1210 1738 1245 mulier
1762 1213 1942 1253 tamquam
1967 1209 2084 1244 dotem
2105 1209 2256 1244 offerens
2277 1219 2361 1243 con-

1286 1257 1419 1292 scribat
1451 1256 1524 1291 sive
1556 1260 1657 1300 pater
1681 1256 1754 1290 sive
1777 1256 1868 1289 alter
1892 1255 2067 1299 quispiam
2090 1265 2156 1299 pro
2181 1265 2241 1297 ea,
2273 1258 2360 1288 tem-

1285 1312 1372 1347 pore
1393 1303 1431 1336 in
1450 1302 1544 1337 omni
1561 1312 1647 1336 casu
1665 1301 1737 1341 tali,
1758 1300 1863 1334 sicuti
1882 1300 2132 1344 praediximus,
2153 1300 2362 1335 ostendente

139 1362 311 1405 γραψειεν
335 1363 405 1383 ειτε
429 1363 549 1394 πατηρ
582 1362 652 1383 ειτε
676 1350 796 1405 ἕτερός
819 1361 872 1384 τις
895 1351 984 1394 υπὲρ
1010 1349 1129 1391 αυτῆς,
1152 1349 1216 1381 τοῦ
1231 1350 1272 1383 25
1286 1358 1369 1383 suos
1395 1347 1542 1382 effectus
1567 1351 1603 1382 et
1627 1346 1733 1381 dante
1752 1347 1806 1380 vel
1830 1345 2022 1390 perimente
2038 1345 2228 1390 querelam.
2270 1345 2361 1379 Con-

140 1409 267 1439 χρονου
285 1397 345 1429 ἐπὶ
357 1395 495 1429 παντὸς
506 1395 666 1439 θέματος
681 1407 855 1437 τοιουτου,
872 1394 1043 1439 καθάπερ
1055 1394 1218 1428 εἰπόντες

140 1440 318 1485 ι’φθτχμεν,
343 1439 409 1494 fd>
429 1441 540 1473 οἰκεῖα
572 1438 775 1474 δεικνύντος
807 1437 1081 1483 ἀποτελέσματα
1111 1441 1171 1472 καὶ
1195 1437 1217 1482 ἢ

140 1484 304 1519 διδόντος
336 1499 356 1528 η
390 1486 623 1530 αναιροῦντος
655 1484 723 1528 τὴν
755 1488 902 1530 μέμψιν.
956 1482 1217 1530 διαμαρτυρίαν

140 1530 181 1564 δέ
209 1544 328 1576 φαμεν
357 1527 397 1563 οὗ
429 1529 497 1573 τὴν
530 1532 568 1563 ἐν
601 1531 735 1575 ῥήμασι
757 1531 872 1574 μόνην
899 1529 1079 1571 (πολλάκις
1101 1530 1172 1574 γὰρ
1196 1528 1217 1571 ἥ

1285 1393 1513 1428 testationem
1543 1402 1627 1427 vero
1660 1391 1810 1426 dicimus
1842 1402 1915 1426 non
1945 1391 1981 1425 in
2003 1391 2224 1425 sermonibus
2249 1391 2363 1425 solam

1286 1445 1407 1482 (saepe
1432 1438 1524 1472 enim
1549 1437 1801 1481 indignationis
1826 1439 1888 1470 aut
1912 1437 2059 1470 alterius
2078 1435 2238 1471 incidens
2260 1445 2361 1470 occa-

1286 1484 1338 1518 sio
1364 1483 1450 1518 talia
1476 1483 1647 1527 quaedam
1671 1482 1783 1517 virum
1809 1485 2002 1526 praeparat
2023 1481 2149 1521 dicere,
2174 1485 2237 1516 aut
2257 1481 2363 1515 etiam

1285 1529 1344 1563 ille
1375 1529 1515 1573 quidem
1547 1528 1635 1563 dixit
1658 1528 1763 1569 nihil,
1799 1531 1908 1562 testes
1933 1530 2052 1561 autem
2078 1526 2251 1570 redempti
2275 1526 2363 1560 haec

138 1588 191 1609 τις
222 1573 309 1621 ὀργὴ
328 1574 350 1618 ἢ
367 1574 456 1618 ἄλλη
474 1577 753 1620 παρεμπεσοῦσα
770 1576 952 1619 πρόφασις
967 1576 1117 1609 τοιαῦτά
1133 1588 1218 1608 τινα
1232 1577 1272 1609 30
1287 1575 1537 1617 mentiuntur),
1571 1574 1633 1609 sed
1664 1574 1807 1617 oportet
1839 1572 2136 1607 contestationem
2167 1571 2204 1606 in
2235 1571 2363 1606 litteris

138 1620 204 1654 τὸν
228 1619 344 1666 ἄνδρα
376 1620 640 1667 παρασκευάζει
673 1620 798 1667 λέγειν,
830 1620 850 1664 ἢ
882 1624 942 1654 καὶ
971 1617 990 1653 ὁ
1021 1622 1088 1664 μὲν
1119 1620 1218 1654 εἶπεν
1289 1630 1375 1654 esse.
1426 1619 1463 1654 Si
1493 1623 1612 1654 autem
1643 1619 1750 1653 etiam
1781 1618 1818 1652 in
1850 1617 1980 1652 iudicio
2014 1627 2092 1652 eam
2121 1617 2213 1652 forte
2244 1618 2364 1651 facere

138 1664 245 1699 οὐδὲν
276 1666 450 1710 μάρτυρες
475 1664 513 1698 δὲ
537 1669 733 1708 ἐωνημένοι
757 1667 874 1700 ταῦτα
902 1664 1217 1707 καταψεύδονται),
1288 1665 1413 1709 aliquis
1436 1665 1604 1707 voluerit,
1637 1667 1777 1708 oportet
1808 1664 1949 1698 omnino
1981 1663 2203 1697 innotescere
2226 1662 2365 1696 mulieri

138 1708 227 1744 ἀλλὰ
253 1709 306 1743 δεῖ
329 1711 396 1753 τὴν
420 1712 657 1756 ἐκμαρτυρίαν
682 1713 721 1744 ἐν
744 1710 950 1757 γράμμασιν
974 1711 1076 1744 εἶναι.
1125 1712 1155 1743 εἰ
1180 1709 1218 1743 δὲ
1287 1715 1351 1744 aut
1381 1711 1414 1745 ei
1446 1711 1506 1754 qui
1538 1710 1655 1744 dotem
1681 1709 1822 1743 omnino
1848 1708 1974 1743 offerre
1999 1707 2224 1751 conscripsit.
2273 1707 2365 1741 Nam

139 1760 198 1790 καὶ
220 1758 259 1789 ἐν
275 1754 492 1801 δικαστηρίῳ
511 1757 621 1798 τυχὸν
642 1756 873 1799 ποιήσασθαί
886 1767 939 1790 τις
961 1754 1076 1798 αὐτὴν
1091 1755 1217 1800 βουλη-
1287 1755 1375 1790 nihil
1407 1758 1461 1790 est
1491 1755 1586 1799 quod
1618 1754 1807 1799 prohibeat
1838 1755 2002 1788 maritum
2037 1753 2074 1787 in
2106 1755 2218 1787 semet
2248 1753 2366 1796 ipsum

139 1802 241 1844 θείη,
273 1799 327 1834 δεῖ
354 1800 503 1835 πάντως
531 1801 751 1847 γνωσθῆναι
782 1803 825 1848 τῇ
856 1805 996 1847 γυναικὶ
1025 1800 1047 1843 ἢ
1070 1802 1123 1843 τῷ
1148 1801 1217 1843 τὴν
1230 1803 1271 1835 35
1285 1801 1355 1835 hoc
1378 1811 1483 1844 agere
1507 1805 1542 1835 et
1567 1800 1666 1844 queri
1690 1799 1808 1844 quasi,
1834 1801 1870 1833 et
1893 1803 2031 1843 partem
2051 1797 2190 1843 quidem
2210 1797 2365 1832 mulieris

139 1850 270 1891 προῖκα
299 1842 391 1880 ὅλως
422 1845 611 1880 ἐπιδοῦναι
636 1845 929 1893 καταγράψαντι·
960 1848 1135 1892 ἑπείτοιγε
1158 1844 1216 1879 οὐ-
1286 1846 1381 1890 quod
1410 1847 1527 1890 agitur
1551 1847 1733 1889 ignorare,
1766 1844 2022 1889 providentiam
2047 1854 2131 1878 vero
2155 1843 2211 1878 sui
2234 1853 2366 1888 ponere

141 1890 202 1925 δέν
237 1893 313 1925 ἐστι
347 1892 389 1925 τὸ
425 1891 565 1926 κωλῦον
600 1891 668 1926 τὸν
699 1891 817 1937 ἄνδρα
852 1889 963 1926 αὐτὸν
998 1889 1060 1938 ἐφ’
1094 1891 1221 1925 ἑαυτοῦ
1289 1892 1386 1927 nullo
1410 1893 1526 1926 valere
1557 1891 1662 1925 modo
1695 1893 1731 1924 et
1764 1889 1847 1934 quia
1878 1890 1933 1923 vel
1965 1889 2108 1934 querela
2132 1889 2177 1924 ab
2203 1898 2243 1923 eo
2268 1888 2367 1924 facta.

140 1941 199 1970 καὶ
230 1938 335 1971 τοῦτο
359 1937 492 1982 πρᾶξαι
522 1940 582 1970 καὶ
604 1937 825 1983 μέμψασθαι
850 1935 978 1980 δῆθεν,
1003 1940 1062 1970 καὶ
1086 1935 1128 1970 τὸ
1153 1939 1221 1980 μὲν
1289 1941 1343 1972 est
1366 1937 1514 1972 nescire.

139 1985 242 2027 μέρος
265 1983 325 2024 τῆς
343 1982 507 2028 γυναικὸς
526 1982 569 2015 τὸ
591 1981 845 2028 πραττόμενον
861 1980 1014 2024 ἀγνοεῖν,
1040 1981 1220 2028 πρόνοιαν

142 2027 180 2061 δὲ
200 2028 327 2060 ἑαυτοῦ
352 2027 496 2061 θέσθαι
518 2027 611 2061 κατὰ
632 2026 770 2071 μηδένα
794 2025 981 2061 δύνασθαι
1000 2026 1151 2072 τρόπον,
1175 2027 1218 2061 τό
1232 2030 1275 2062 40

140 2086 180 2117 γε
204 2075 262 2105 καὶ
288 2068 346 2105 ὅτι
370 2075 501 2117 μέμψις
526 2069 623 2114 αὐτῷ
649 2076 793 2118 γέγονεν
818 2071 979 2118 ἀγνοοῦν.

211 2176 236 2195 e.
263 2163 326 2206 I§
354 2165 367 2196 1
398 2170 614 2205 argumentum
640 2166 775 2196 breviter
799 2165 960 2196 indicatur
983 2161 1074 2196 ‘Pom
1102 2165 1156 2203 31,
1178 2171 1203 2196 7.

145 2274 260 2309 dotem
285 2274 482 2320 acceperit,
514 2273 651 2308 nullum
682 2284 731 2308 ex
761 2273 901 2308 silentio
927 2273 1094 2308 damnum
1118 2273 1173 2307 vir
1194 2273 1370 2318 patiatur,
1402 2282 1488 2306 neve
1511 2271 1627 2316 inaqis
1651 2270 1797 2305 heredes
1820 2270 1889 2305 viri
1913 2270 1997 2305 licet
2018 2270 2079 2305 ille
2104 2270 2274 2310 tacuerit,
2305 2269 2370 2305 sed

146 2321 244 2354 intra
276 2319 427 2354 alterum
460 2329 592 2352 annum
624 2318 772 2369 querela
801 2322 1003 2353 moveatur:
1038 2318 1192 2353 brevitas
1223 2317 1315 2352 enim
1345 2316 1505 2361 coniuqii
1537 2316 1586 2350 ad
1608 2315 1702 2350 lianc
1725 2326 1792 2349 nos
1816 2315 1929 2360 leyem
1950 2315 2140 2359 ferendam
2165 2318 2277 2349 vocat.
2328 2313 2370 2348 Si

147 2369 265 2399 autem
289 2364 326 2398 in
351 2364 494 2409 lonqius
518 2363 658 2398 biennio
684 2368 822 2409 tempus
845 2364 962 2397 minus
985 2373 1067 2397 vero
1092 2363 1262 2398 decennio
1286 2362 1491 2407 coniuqium
1515 2360 1751 2402 extendatur,
1783 2360 1859 2395 viro
1884 2359 2108 2406 concedimus
2131 2365 2172 2394 ut
2194 2364 2370 2404 queratur

147 2409 313 2454 dicatque
343 2408 459 2443 dotem
490 2409 558 2443 sibi
615 2419 656 2443 ro
685 2414 793 2454 parte
823 2408 878 2443 vel
907 2408 945 2442 in
968 2407 1121 2443 solidum
1151 2407 1289 2441 illatam
1317 2417 1389 2441 non
1414 2417 1508 2447 esse,
1540 2409 1577 2441 et
1597 2406 1629 2440 si
1653 2404 1722 2439 hoc
1744 2405 1886 2450 fecerit,
1918 2404 2065 2450 querela
2091 2405 2367 2444 transmittatur,

146 2457 167 2490 1
214 2466 293 2489 cum
316 2454 466 2488 maritus
489 2420 611 2488 semel?
619 2461 765 2498 questus
787 2453 834 2486 sit
856 2457 892 2488 et
915 2464 1012 2488 uxor
1034 2463 1072 2487 se
1096 2452 1234 2487 dedisse
1257 2462 1330 2486 non
1353 2451 1570 2497 probaverit.
1649 2449 1690 2484 Si
1713 2460 1795 2484 vero
1820 2450 1916 2484 intra
1941 2449 2058 2484 decem
2081 2460 2199 2484 annos
2222 2455 2367 2495 questus

148 2511 222 2534 non
238 2499 294 2541 sit,
323 2498 365 2534 ob
382 2498 560 2534 silentium
581 2499 705 2532 mariti
727 2497 906 2543 querelam
923 2498 1092 2539 tollimus,
1116 2508 1229 2542 neque
1244 2497 1316 2542 ipsi
1333 2502 1419 2542 post
1439 2495 1647 2530 decennium
1668 2494 1736 2529 lzoc
1752 2505 1861 2540 aqere
1871 2495 2121 2541 permittentes
2139 2505 2254 2540 neque
2269 2494 2366 2529 bere-

148 2546 251 2580 (libus
274 2544 350 2579 eius
374 2543 528 2590 amplius
552 2554 685 2578 annum
710 2544 845 2578 dantes.
884 2544 937 2577 Ac
959 2543 1007 2577 sit
1028 2543 1135 2578 etiam
1157 2544 1224 2576 lzoc
1247 2552 1320 2576 non
1343 2545 1468 2576 nostra
1492 2541 1530 2574 in
1554 2539 1728 2586 quosdam
1748 2550 1880 2586 poena,
1905 2540 1969 2574 sed
1989 2539 2267 2585 tranquillitatis
2286 2539 2367 2574 sub-

148 2591 323 2625 iectorum
340 2600 439 2623 eura.
479 2588 543 2623 Cui
558 2588 651 2623 enim
668 2588 751 2623 licet
768 2599 836 2634 per
854 2592 925 2622 tam
947 2588 1092 2634 lonqum
1109 2592 1257 2633 tempus,
1282 2585 1489 2621 decennium
1512 2585 1674 2632 dicimus,
1699 2585 1879 2630 querelam
1898 2595 2118 2630 proponere,
2142 2585 2174 2619 si
2188 2584 2369 2619 silentium

144 2634 373 2681 praetulerit,
404 2634 637 2678 manifestum
661 2637 715 2668 est
738 2644 835 2675 eum,
867 2633 1007 2668 etiamsi
1031 2633 1147 2667 dotem
1171 2643 1243 2666 non
1264 2631 1453 2677 acceperit,
1478 2630 1566 2665 velle
1589 2641 1667 2665 eam
1694 2631 1746 2664 uti
1772 2641 1816 2664 ue
1839 2629 1984 2665 heredes
2004 2640 2089 2664 suos
2112 2629 2210 2664 dare.
2251 2631 2370 2674 Atque

149 2680 270 2715 eadem
302 2679 446 2714 valeant
476 2679 615 2713 etiamsi
648 2678 799 2723 repudio
835 2678 985 2713 dissolvi
1010 2678 1203 2722 contiqerit
1232 2676 1517 2711 matrimonium:
1557 2686 1672 2720 neque
1703 2675 1778 2710 ulo
1810 2675 1916 2709 modo
1942 2674 2215 2720 distinquimus,
2249 2679 2367 2710 utrum

150 2725 278 2759 ntulier
302 2729 482 2769 tamquam
514 2723 665 2758 illatura
695 2723 811 2758 dotem
836 2723 1091 2769 conscripserit
1121 2734 1168 2756 an
1194 2726 1305 2768 pater
1328 2732 1375 2755 an
1399 2720 1494 2755 alius
1517 2720 1613 2755 ullus
1634 2731 1705 2766 pro
1729 2732 1791 2762 ea,
1824 2731 1903 2754 eum
1934 2724 2073 2765 tempus
2095 2720 2134 2754 in
2159 2720 2255 2754 omni
2277 2720 2369 2755 eius-

149 2770 245 2804 modi
269 2780 368 2810 casu,
391 2769 484 2804 sicut
506 2768 611 2803 modo
637 2768 804 2810 diximus,
837 2779 921 2803 suos
946 2772 981 2813 es
996 2773 1094 2803 ectus
1118 2767 1283 2801 ostendat
1314 2770 1422 2810 atque
1447 2765 1627 2810 querelam
1652 2768 1714 2799 aut
1735 2765 1795 2800 det
1815 2769 1879 2800 aut
1898 2764 2010 2800 tollat.
2055 2765 2370 2800 Denuntiationem

150 2821 267 2850 autem
291 2814 441 2861 dicimus
466 2825 538 2848 non
561 2813 675 2848 solam
699 2824 792 2859 quae
816 2813 931 2848 verbis
982 2818 995 2860 t
1019 2817 1138 2858 (saepe
1161 2812 1253 2846 enim
1278 2811 1332 2846 vel
1354 2811 1413 2845 ira
1438 2810 1556 2845 nescio
1581 2821 1673 2862 quae
1705 2810 1760 2846 vel
1783 2810 1856 2845 alia
1880 2820 1992 2844 causa
2015 2809 2177 2845 incidens
2196 2810 2313 2854 efficit
2332 2814 2370 2844 ut

150 2862 204 2895 vir
228 2859 316 2894 haec
341 2860 429 2894 talia
454 2859 637 2904 loquatur,
660 2859 715 2894 vel
738 2859 843 2893 etiam
869 2869 947 2893 cum
971 2858 1032 2893 ille
1056 2857 1147 2892 nihil
1170 2856 1325 2898 dixerit,
1360 2859 1464 2890 testes
1487 2860 1595 2900 empti
1620 2866 1663 2890 ea
1686 2856 1938 2898 mentiuntur),
1969 2854 2033 2889 sed
2064 2855 2368 2890 denuntiationem

151 2906 188 2939 in
219 2905 365 2950 scriptis
391 2904 474 2948 fieri
501 2909 652 2949 oportet.
701 2902 838 2945 Quodsi
870 2905 950 2948 quis
979 2904 1085 2938 etiam
1117 2903 1153 2937 in
1183 2901 1315 2936 iudicio
1339 2901 1436 2946 forte
1459 2900 1587 2945 facere
1610 2900 1884 2947 eamrvoluerit,
1921 2899 1960 2934 id
1983 2900 2128 2935 omnino
2152 2899 2295 2935 mulieri
2317 2900 2371 2935 vel

151 2951 182 2985 ci
207 2950 269 2995 qui
293 2949 415 2995 utique
438 2949 554 2984 dotem
578 2960 616 2983 se
639 2948 727 2983 dare
750 2949 914 2993 scripsit,
948 2953 1071 2982 notum
1091 2947 1173 2992 fieri
1197 2950 1356 2992 oportet:
1397 2945 1579 2989 ceteroqui
1613 2944 1706 2980 nihil
1734 2949 1785 2980 est
1817 2945 1915 2996 quod
1934 2945 2146 2991 prohibeat,
2181 2945 2371 2990 quominus

151 2995 302 3029 maritus
332 2995 408 3040 ipse
438 3005 506 3038 per
535 3004 574 3028 se
604 2998 638 3028 et
669 2993 735 3028 lzoc
769 2998 857 3038 aqat
886 2998 921 3028 et
952 2997 1127 3038 queratur
1150 2992 1306 3033 scilicet,
1338 2995 1447 3035 atque
1470 2990 1629 3024 mulieris
1648 3001 1741 3037 pars
1765 2990 1853 3035 quid
1881 2995 2015 3035 aqatur
2039 2990 2202 3035 iquoret,
2234 2990 2371 3034 sibique

150 3039 360 3085 prospicere
384 3039 482 3072 nullo
507 3038 611 3072 modo
630 3039 763 3084 possit,
789 3038 922 3083 quippe
946 3049 1038 3083 quae
1060 3037 1098 3071 id
1120 3038 1236 3083 ipsum
1260 3038 1404 3082 iqnoret
1425 3034 1606 3080 querelam
1629 3035 1699 3070 sibi
1720 3039 1853 3070 motam
1877 3046 1964 3070 esse.

219 3153 235 3182 Ἴ
270 3149 441 3190 ένταθείη
468 3150 503 3182 Β
532 3149 543 3192 11
574 3151 592 3183 8
618 3145 714 3190 αὐτῷ
742 3150 881 3182 ML¹B
908 3150 919 3190 11
952 3149 998 3181 εἰς
1021 3151 1134 3203 μέρος]
1172 3152 1229 3180 aut

1298 3148 1403 3180 maius
1423 3148 1491 3179 ΕΤ
1517 3147 1622 3179 maius
1646 3150 1678 3179 et
1699 3148 1729 3177 V
1757 3147 1863 3179 maius
1886 3148 1970 3189 vulq.
1995 3146 2007 3191 11

154 3198 189 3228 in
214 3198 338 3238 partem
364 3206 382 3229 ς
410 3194 421 3238 11
454 3196 494 3228 12
518 3194 578 3236 μὴ]
604 3205 709 3234 neque
730 3196 764 3234 (i.
791 3208 817 3226 e.
841 3192 942 3237 μηᾷὲ)
968 3207 986 3230 ς
1011 3194 1022 3237 11
1050 3204 1229 3237 μεμψεται

2038 3149 2058 3180 5
2082 3146 2287 3179 matrimonii
2311 3148 2342 3180 V
2360 3146 2372 3190 11

1299 3196 1318 3227 8
1343 3194 1421 3225 hacc
1447 3193 1514 3224 ΒΤ
1541 3191 1552 3234 11
1582 3194 1601 3225 9
1626 3192 1715 3233 quia]
1749 3202 1845 3232 quam
1879 3191 1989 3224 V¹T¹
2019 3191 2030 3234 11
2062 3193 2101 3224 12
2134 3192 2224 3223 intra
2247 3202 2371 3224 annum

155 3242 233 3274 ΑΒ(
252 3241 264 3283 ιι
284 3242 392 3274 13.15
411 3235 521 3271 *οὐδὲ
536 3259 578 3262 -
595 3235 678 3271 οὐδὲ
702 3240 777 3272 libri
791 3240 802 3280 n
825 3241 863 3273 18
886 3239 927 3280 ῴ]
953 3236 1000 3271 ὠς
1026 3239 1075 3271 Bt
1096 3239 1151 3270 ubi
1177 3250 1196 3274 ς
1218 3240 1228 3282 ιι

154 3286 278 3329 μακροῦ
306 3286 354 3317 La
373 3286 384 3328 11
402 3287 443 3318 19
467 3284 654 3327 προθῆναι
675 3285 704 3316 L
723 3284 734 3326 11
752 3284 793 3324 εἰ]
818 3284 864 3316 εἰς
886 3286 956 3316 ML
975 3285 987 3326 11
1005 3286 1046 3317 22
1072 3284 1148 3316 τῶν
1170 3279 1229 3315 αὗ-

155 3333 242 3371 τιῦν]
268 3330 319 3362 his
343 3342 361 3366 ς
377 3331 388 3372 11
413 3327 481 3362 κᾶν
502 3330 532 3361 εἰ
557 3330 592 3362 Β
610 3333 621 3371 11
647 3326 838 3372 ῥεπουδίῳ]
867 3326 1037 3374 διαζυγίῳ
1056 3330 1124 3361 LB
1142 3331 1230 3361 etsie

156 3379 243 3419 infra
270 3383 452 3408 constanter
470 3375 480 3417 11
500 3377 542 3407 24
562 3371 583 3416 ἡ
609 3387 665 3406 om.
682 3375 738 3406 Ma
754 3374 766 3415 11
787 3376 828 3407 25
854 3370 962 3407 αὐτοῦ
989 3376 1018 3407 L
1035 3374 1046 3416 11
1067 3375 1106 3406 27
1132 3371 1154 3415 ἢ
1179 3371 1230 3405 δι-

156 3419 295 3461 δόντος]
322 3418 344 3462 ἢ
368 3432 458 3455 οηι.ς
477 3420 547 3463 1129
572 3432 592 3460 η
615 3429 667 3451 τις
692 3432 748 3451 om.
764 3431 792 3459 ς,
817 3417 838 3459 ἥ
864 3433 921 3452 om.
938 3419 989 3451 ΒΓ
1004 3419 1016 3462 11
1036 3420 1075 3452 37
1094 3416 1231 3462 ἅνδραν

158 3467 203 3498 L¹
220 3466 231 3507 11
260 3468 301 3499 38
327 3468 385 3497 καὶ
411 3479 468 3497 om.
484 3478 501 3500 ς
520 3465 531 3508 11
553 3463 705 3508 πράξειν
732 3466 759 3496 L
777 3463 788 3507 11
815 3466 856 3497 40
879 3460 987 3496 αὐτοῦ
1010 3465 1040 3496 L
1061 3463 1072 3507 11
1094 3463 1232 3508 τρόπον

159 3509 342 3543 δύνασθαι
366 3512 395 3543 L
418 3511 430 3554 11
454 3510 495 3543 τό
516 3522 554 3555 γε
579 3526 622 3533 -4
647 3506 802 3554 (ἔγνοοῦν
827 3510 1025 3549 Zachariae]
1050 3509 1102 3550 τῷ
1128 3522 1165 3553 γε

160 3552 349 3599 ἀγνοοῦντι.
368 3557 451 3596 libri,
477 3559 508 3587 et
526 3574 567 3578 -—
584 3558 709 3586 nescite
731 3567 759 3594 ς,
785 3556 867 3586 unde
890 3555 943 3595 τῷ
969 3566 1008 3598 γε
1030 3573 1071 3578 —
1093 3551 1232 3599 ἀγνοεῖν

165 3602 390 3644 Osenbriiyyen
415 3601 491 3640 (τοῦ
515 3613 555 3645 γε
579 3620 621 3623 —
647 3595 862 3644 ἀγνοοῦντος
890 3600 1085 3642 Homberyk)

226 3734 246 3767 2
269 3733 358 3775 licet]
391 3735 490 3767 liceat
513 3738 544 3767 et
570 3734 621 3767 ,Τ1
649 3734 662 3777 11
690 3735 777 3767 inter
805 3734 854 3766 T¹
882 3733 893 3777 11
926 3736 947 3767 4
971 3733 1034 3765 *in
1059 3734 1176 3774 maius]
1202 3737 1234 3765 et

1298 3238 1494 3271 decennium
1518 3237 1566 3268 Ra
1585 3236 1596 3280 11
1622 3239 1662 3270 14
1685 3237 1829 3268 sinentes
1851 3237 1955 3277 Beck]
1981 3237 2125 3269 sinemus
2149 3237 2306 3276 (sinamus
2328 3238 2372 3278 V)

1299 3285 1375 3316 libri
1400 3283 1411 3325 11
1437 3293 1562 3313 annum
1586 3282 1709 3322 dantes]
1742 3282 1905 3313 nudantes
1930 3281 1976 3313 R¹
2002 3280 2014 3324 11
2041 3284 2080 3315 15
2106 3282 2204 3314 etiam
2228 3282 2308 3314 haec
2324 3282 2374 3314 R¹

1299 3332 1330 3360 ct
1347 3330 1425 3360 haec
1444 3328 1475 3359 T
1494 3327 1506 3369 11
1535 3329 1573 3359 17
1588 3327 1730 3359 diximus
1752 3327 1799 3359 V·
1818 3327 1830 3369 11
1858 3328 1896 3360 18
1911 3326 2042 3368 eligerit
2056 3327 2088 3359 R
2113 3326 2125 3369 11
2153 3328 2194 3360 19
2211 3328 2374 3368 acceperit

1302 3375 1330 3406 R
1347 3374 1358 3415 11
1384 3383 1453 3405 eam
1474 3372 1579 3412 Beck]
1605 3382 1679 3403 eum
1704 3373 1780 3404 libri
1797 3371 1808 3415 11
1831 3373 1872 3404 20
1899 3372 1969 3412 etsi]
1994 3371 2022 3403 si
2048 3371 2097 3404 Τι
2115 3372 2127 3414 11
2154 3373 2195 3405 23
2215 3374 2373 3414 tempore]

1299 3420 1367 3460 ipsc
1401 3417 1445 3449 V¹
1476 3417 1488 3459 11
1521 3418 1563 3449 24
1588 3417 1817 3457 *ostendente]
1850 3417 2043 3449 extendente
2067 3417 2290 3457 (extendentes
2311 3417 2374 3457 171)

1301 3465 1376 3496 libri
1394 3464 1404 3505 11
1430 3463 1471 3494 26
1497 3472 1573 3493 vero
1595 3475 1651 3495 om.
1669 3462 1725 3505 Τ1Ι
1749 3462 1900 3503 dicimus]
1925 3462 1986 3493 dffs
2011 3462 2043 3502 (ι’.
2062 3475 2086 3494 e.
2109 3462 2275 3503 dominus)
2299 3462 2374 3505 7111

1301 3509 1401 3540 solam
1423 3508 1465 3547 T]
1493 3507 1600 3538 solum
1625 3508 1789 3549 RVvulq.
1809 3507 1820 3549 11
1848 3508 1890 3540 28
1911 3510 2085 3548 praeparat
2110 3507 2241 3547 quidem
2267 3507 2374 3540 dicere

1304 3555 1333 3585 'I'
1353 3556 1364 3595 11
1394 3555 1436 3585 29
1461 3552 1603 3583 diximus
1631 3552 1679 3584 T¹
1703 3552 1715 3595 11
1739 3552 1918 3591 haecRV]
1944 3552 2005 3583 hoc
2034 3553 2156 3595 Tvulq.
2180 3553 2192 3595 11
2218 3553 2259 3586 30
2283 3563 2374 3584 men-

1266 3622 1268 3631 ,
1301 3600 1427 3629 tientur
1459 3597 1492 3629 V
1514 3597 1525 3640 11
1559 3599 1722 3639 oporteret
1747 3597 1779 3629 R
1809 3596 1820 3640 11
1854 3598 1891 3630 31
1920 3597 1957 3628 in
1981 3596 2117 3637 iudicio]
2152 3597 2189 3628 in
2214 3610 2271 3630 om.
2297 3599 2329 3630 R
2363 3595 2375 3642 11

1303 3645 1343 3677 33
1357 3642 1492 3675 omnino
1509 3643 1617 3674 dotem
1634 3643 1749 3674 offerro
1771 3642 1820 3674 V²
1837 3643 1868 3674 in
1886 3655 1951 3674 ras.
1965 3645 1986 3684 -Q
1999 3655 2042 3674 vs.
2062 3642 2073 3684 11
2097 3642 2329 3684 conscripserit
2342 3643 2376 3675 R

1301 3687 1473 3720 contemsit
1494 3687 1551 3731 Vl]
1568 3690 1610 3722 34
1631 3687 1730 3729 quod]
1757 3687 1815 3728 qui
1830 3687 1862 3719 T
1870 3687 1880 3706 ¹
1899 3687 1911 3730 11
1936 3688 1977 3720 35
1998 3690 2091 3729 parte
2108 3688 2156 3719 Τι
2172 3687 2184 3731 11
2214 3689 2256 3722 36
2278 3688 2374 3729 igno-

1267 3763 1270 3775 ,
1301 3736 1394 3766 rante
1420 3733 1451 3765 T
1458 3732 1469 3752 ¹
