2612 4016
285 140 362 183 Ed.
381 140 485 183 XIII
517 143 579 182 11.
603 141 653 180 12
1349 130 1433 176 786
1836 144 1898 177 nm
1925 144 2044 177 mum
2070 143 2486 179 Amxmnnmonuu

284 248 495 291 ἀνηκουσῶν
523 243 738 290 largitidvac,
769 241 864 280 ὥστε
895 244 958 279 τὰς
987 244 1155 278 τοιαύτας
1183 240 1353 285 δημοσίας
1382 242 1438 275 εἰσ
1466 240 1549 285 ορὰς
1568 240 1637 280 ,τὰς
1658 243 1732 276 τοῖς
1754 241 1870 276 θείοις
1892 239 1996 285 ἡμῶν
2024 238 2269 287 ἁρμοττούσας
2291 242 2485 289 θησαυροῖς

282 296 341 326 καὶ
371 289 656 335 εἰσπράττεσθαι
683 293 743 323 καὶ
773 293 850 323 ταῖς
887 288 1004 322 θείαις
1037 286 1143 330 ἡμῶν
1172 285 1408 331 εἰσφέρεσθαι
1494 285 1619 330 gitioai
1650 283 1744 329 μετὰ
1777 285 1915 322 παντὸς
1948 284 2116 321 κινδύνου
2147 287 2212 322 τοῦ
2247 286 2487 333 περιβλέπων

282 334 537 381 αὖγουσταλίου
570 337 630 368 καὶ
660 335 723 376 τῆς
746 334 966 376 πειθομένης
989 329 1089 374 αὐτῷ
1113 329 1259 371 τάξεως.
1306 329 1338 363 εἰ
1352 329 1430 384 γάρ
1452 343 1489 364 τι
1511 330 1655 364 τούτων
1678 326 1886 374 ἀμεληθείη,
1910 329 2072 366 κίνδυνος
2095 328 2210 366 αὐτὸν
2234 332 2488 378 περιστήσεται

281 381 343 413 ἐπί
362 392 402 413 τε
423 380 468 426 τῇ
492 376 579 431 ἀρχῇ
604 380 668 412 ἐπί
684 390 724 412 τε
747 379 792 423 τῇ
816 380 1005 422 περιουσίᾳ
1027 376 1071 421 τῇ
1094 375 1218 418 οἰκείᾳ,
1241 376 1301 428 καὶ
1324 386 1365 408 ου
1388 373 1504 418 μόνον
1527 376 1593 408 ἕως
1615 375 1677 409 ἐπὶ
1699 375 1760 418 τῆς
1783 374 1889 421 ἀρχῆς
1911 376 2022 428 ἐστιν,
2054 373 2146 411 ἀλλὰ
2168 379 2228 410 καί
2253 372 2406 421 ὕστερον
2427 379 2488 410 καὶ

280 422 429 459 ἐπειδὰν
453 435 588 475 ταιτην
611 420 796 456 ἀπόθοιτο
819 424 879 454 καὶ
900 421 993 455 κατὰ
1016 417 1200 462 διαδόχων
1224 419 1333 452 αυτοῦ
1357 422 1417 453 καὶ
1433 418 1685 464 κληρονόμων·
1710 420 1867 460 ἐνέξεται
1882 432 1952 467 γαρ
1967 423 2045 455 ταῖς
2061 420 2242 455 τοιαύταις
2255 420 2487 465 εἰσπράξεσιν
2511 423 2530 455 5

279 465 343 502 οὐκ
367 465 472 501 αὐτὸς
494 478 613 510 μονος,
636 463 727 499 ἀλλὰ
751 468 810 499 καὶ
832 462 1044 509 κληρονόμοι
1068 461 1179 498 αὐτοῦ
1203 466 1263 497 καὶ
1287 461 1457 519 διάδογοι,
1481 466 1547 498 ἕως
1570 462 1618 498 ἂν
1643 464 1766 499 πάντα
1789 463 2058 519 ἐκπληρώσειαν
2081 464 2128 499 τὰ
2150 468 2228 500 ταῖς
2248 465 2368 500 θείαις
2382 464 2488 510 ἡμῶν

278 513 304 548 3
348 509 552 556 largitio'aw
582 512 620 544 ἐκ
652 511 730 544 τῶν
757 509 1058 554 ὑποτεταγμένων
1090 506 1188 551 αἰτῶ
1218 508 1347 543 τόπων
1377 507 1604 553 οφειλόμενα.
1651 511 1712 543 καὶ
1740 507 1824 544 οὔτε
1855 507 1964 555 λογον
1994 506 2139 544 ἀσυλίας
2169 520 2223 545 τις
2246 510 2393 555 παρέξει
2415 513 2488 544 τοῖς

277 555 522 599 ὑποκειμένοις
549 553 649 598 αὐτῷ
682 553 776 598 πλὴν
807 556 964 595 ἐκείνων,
996 553 1031 587 οἳ
1052 556 1111 587 καὶ
1135 554 1200 587 τὸν
1223 550 1391 587 κίνδυνον
1416 567 1433 584 α
1450 567 1466 585 α
1485 567 1501 585 α
1529 554 1589 595 τῆς
1611 552 1827 598 εἰσπράξεως
1849 553 2022 599 καθάπερ
2045 554 2097 600 εἴρ
2123 567 2183 588 ται
2204 557 2391 600 γινομένης
2414 568 2488 589 κιν-

278 599 346 634 δύν
401 602 464 635 τοῦ
488 599 582 634 κατὰ
606 597 734 644 καιρὸν
758 598 999 642 περιβλέπτου
1023 595 1282 650 αὐγουσταλίου
1300 601 1360 632 καὶ
1382 598 1445 641 τῆς
1468 598 1687 642 πειθομένης
1711 595 1809 640 αὐτῷ
1830 598 1974 641 τάξεως,
1996 599 2075 633 τῶν
2098 567 2138 633 δὲ
2159 597 2354 644 χρημάτων
2377 612 2487 634 κατα-

276 644 348 699 βαλ
370 648 512 689 ομένων
543 646 602 680 ἐπὶ
633 643 715 678 τοὺς
741 644 1048 687 καθωσιωμένους
1078 656 1156 677 των
1189 642 1307 676 θείων
1338 641 1557 686 largitidev
1587 642 1815 683 παλατίνους,
1842 642 1894 677 οἶς
1913 643 2041 678 τούτου
2063 642 2161 686 μέλει
2183 646 2247 678 τοῦ
2270 647 2405 700 μέρους,
2427 646 2487 678 καὶ
2512 645 2552 677 10

277 701 359 724 τους
390 687 506 723 ἄλλως
537 687 788 733 στελλομένους
819 690 878 722 ἐπὶ
909 689 1018 722 τοῦτο
1045 686 1143 735 παρὰ
1174 688 1238 722 τοῦ
1270 688 1496 732 προεστῶτος
1525 688 1588 729 τῆς
1607 684 1716 730 αὐτῆς
1738 684 1900 722 εὐκλεοῦς
1924 685 2029 733 ἀρχῆς
2052 686 2286 729 ἑνδοξοτάτου
2308 700 2488 734 αρχοντος.

276 737 336 767 καὶ
367 733 450 769 οὔτε
481 733 588 780 λόγον
619 733 885 779 συγχωρήσουσι
916 731 1047 766 δοῦναί
1073 745 1159 767 τινα
1189 730 1290 779 παρὰ
1321 732 1369 766 τὰ
1399 732 1612 777 ἔμπροσθεν
1642 730 1895 778 διηγορευμένα
1918 733 2001 767 οὔτε
2024 730 2232 777 ἐμπόδισμά
2254 746 2292 768 τι
2314 733 2489 780 γενέσθαι

277 782 359 824 περὶ
388 777 452 813 τοὶς
480 777 690 823 εἰσπράξεις.
737 779 775 812 οἴ
801 791 841 812 τε
871 777 1155 820 καθωσιωμένοι
1186 778 1409 822 στρατιῶται
1441 774 1488 820 [ἢ]
1519 776 1554 811 οἱ
1583 778 1623 811 ἐν
1646 780 1724 811 ταῖς
1753 777 1885 822 χώραις
1919 779 2069 812 ἐκείναις
2091 780 2152 811 καὶ
2176 779 2216 812 ἐν
2239 781 2315 813 ταῖς
2337 776 2490 812 πόλεσιν

277 822 377 858 ὄντες
395 823 442 857 τὰ
465 820 557 857 αὐτὰ
581 827 779 866 πείσονται,
804 823 835 856 εἰ
857 821 906 864 μὴ
929 819 1086 856 κάκεῖνοι
1109 819 1280 865 ἀμύνοιεν
1303 825 1364 855 καὶ
1387 823 1425 855 ἐκ
1449 821 1584 866 τρόπον
1608 820 1745 857 παντὸς
1766 819 1944 864 ἀνυσθείη
1975 822 2022 856 τὰ
2046 822 2307 867 largitionalic&
2327 822 2489 868 χρήματα

276 871 335 901 καὶ
357 869 417 903 ἐπὶ
440 868 522 903 τοὺς
545 869 592 902 εἰς
614 868 722 902 τοῦτο
745 866 997 910 στελλομένους
1019 865 1280 910 καταβληθείη,
1300 869 1360 900 καὶ
1381 868 1529 912 γένηται
1553 864 1607 901 ἐπ’
1635 863 1754 900 αὐτοῖς
1773 867 1875 901 πᾶσα
1899 866 2089 913 προθυμία
2104 869 2163 901 καὶ
2181 866 2373 914 εὶσπραξις,
2397 864 2488 910 ὅσην

276 916 336 946 καὶ
361 915 422 948 ἐπὶ
445 915 518 947 τοῖς
541 909 720 958 ἀρκαρίοις
742 912 915 958 γενέσθαι
939 909 1199 955 διεταξάμεθα.

1250 977 1408 1014 CAPUT
1431 978 1512 1014 XII.

411 1044 566 1090 Δίδομεν
594 1043 635 1080 δὲ
660 1048 720 1079 καὶ
750 1046 863 1079 ἐκεῖνο
894 1045 947 1087 τῷ
981 1042 1212 1089 περιβλέπτῳ
1247 1042 1505 1090 αὖγουσταλίῳ,
1537 1041 1633 1079 ὥστε
1657 1046 1702 1090 ἐφ
1737 1040 1854 1080 ἅπασι
1876 1042 2149 1079 διακελεύεσθαι
2172 1048 2231 1079 καὶ
2252 1046 2491 1091 στρατιώταις

275 1093 335 1125 καὶ
366 1090 565 1136 παγάρχαις
592 1094 653 1124 καὶ
682 1092 756 1124 τοῖς
786 1089 833 1123 τοὶ
866 1087 1020 1133 δημόσια
1047 1087 1248 1132 πράττουσι
1272 1089 1318 1123 τὰ
1342 1087 1414 1125 ὑπὸ
1439 1091 1507 1133 τὴν
1528 1086 1639 1124 αὐτοῦ
1662 1090 1883 1124 καθεστῶτα
1906 1088 2083 1132 διοίκησίν
2106 1103 2147 1124 τε
2165 1093 2225 1124 καὶ
2250 1090 2424 1132 ἐξουσίαν,
2448 1087 2490 1125 οὗ

274 1138 399 1179 μέντοι
423 1133 610 1169 δύνασθαι
633 1133 715 1168 τοὺς
738 1132 923 1180 παγάρχας
947 1132 1249 1180 ἀγνωμονοῦντας
1273 1130 1295 1176 ἢ
1319 1138 1400 1179 περὶ
1423 1135 1491 1169 τὸν
1514 1137 1616 1168 σῖτον
1639 1131 1661 1178 ἢ
1686 1138 1767 1179 περὶ
1793 1134 1839 1168 τὰ
1862 1133 1979 1169 ναῦλα
2001 1134 2024 1178 ἢ
2047 1137 2128 1178 περὶ
2148 1135 2195 1169 τὰ
2216 1134 2310 1169 ἄλλα
2334 1133 2490 1179 δημόσια

275 1180 321 1213 τὰ
349 1176 532 1222 ἀνήκοντα
571 1182 647 1214 ταῖς
671 1180 869 1223 εἰρημέναις
893 1180 1023 1213 αἰτίαις
1046 1177 1069 1221 ἢ
1092 1181 1170 1212 ταῖς
1191 1178 1283 1212 κατὰ
1302 1177 1423 1223 χώραν
1447 1178 1628 1214 δαπάναις
1650 1175 1836 1214 ἀποκινεῖν
1856 1175 1933 1213 κατ’
1955 1179 2139 1220 ἐξουσίαν·
2165 1176 2240 1214 ἀλλ’
2262 1180 2299 1214 εἴ
2315 1193 2353 1215 τι
2375 1179 2488 1224 πράτ·

275 1237 373 1258 τοιεν
406 1223 532 1267 κακόν,
566 1221 631 1258 οὐκ
662 1222 871 1266 ἆποκινήσει
901 1225 970 1267 μὲν
1000 1220 1149 1266 αὐτούς,
1185 1224 1225 1257 έν
1257 1222 1436 1269 ἀσφαλείᾳ
1466 1222 1506 1258 δὲ
1534 1224 1752 1267 καταστήσει
1781 1226 1840 1258 καὶ
1871 1224 2128 1270 περισκοπήσει
2158 1225 2297 1270 ἑτέρους
2325 1223 2408 1260 τοὺς
2437 1226 2491 1268 τῶ

275 1267 461 1315 πράγματι
488 1271 722 1314 χρησομένους
749 1267 875 1313 ὀρθῶς
904 1271 964 1302 καὶ
991 1264 1142 1303 ἅπαντα
1170 1267 1321 1312 μηνύσει
1350 1269 1517 1303 ἐνταῦθα
1548 1269 1602 1312 τῷ
1628 1266 1758 1314 θρόνῳ
1789 1269 1843 1312 τῷ
1877 1271 1931 1312 σῷ
1956 1271 2015 1302 καὶ
2039 1267 2083 1303 δι’
2111 1265 2221 1303 αὐτοῦ
2243 1269 2289 1317 τῇ
2312 1269 2489 1313 βασιλεία,

276 1310 369 1347 ὥστε
393 1311 481 1358 ἡμᾶς
505 1313 630 1348 πάντα
651 1312 895 1360 γινώσκοντας
917 1312 964 1347 τὰ
988 1311 1220 1358 προσήκοντα
1243 1313 1420 1357 πράττειν
1443 1315 1506 1348 ἐπί
1527 1326 1566 1348 τε
1586 1314 1630 1360 τῇ
1654 1314 1732 1348 τῶν
1755 1310 1819 1347 οὐκ
1845 1310 1970 1359 ὀρθῶς
1983 1314 2036 1357 τῷ
2052 1314 2238 1359 πράγματι
2253 1317 2489 1359 χρησαμένων

276 1357 404 1405 ἐκβολῇ
437 1360 499 1394 ἐπί
529 1371 569 1392 τε
597 1360 642 1405 τῇ
674 1359 752 1393 τῶν
775 1357 1016 1404 έπιλεγέντων
1040 1359 1238 1413 παγαρχῶν
1261 1358 1355 1404 εἴγε
1375 1357 1581 1403 συνίδοιμεν
1605 1359 1864 1404 έγκαταστάσει
1883 1362 1943 1392 καὶ
1966 1356 2166 1404 παραδόσει
2197 1360 2274 1394 τῶν
2295 1371 2336 1394 τε
2355 1360 2402 1393 εἰς
2425 1359 2489 1394 τὰς

274 1406 296 1439 1
341 1407 541 1449 παγαρχίας
564 1400 777 1446 ἀνηκόντων
800 1404 877 1437 τῶν
896 1416 937 1437 τε
961 1403 1009 1437 εἰς
1031 1403 1096 1436 τὰς
1119 1406 1241 1437 ουσίας
1263 1403 1327 1437 τὰς
1350 1402 1480 1438 αὐτῶν.
1526 1400 1619 1438 ἀλλά
1643 1406 1702 1437 καὶ
1724 1403 1806 1456 (oi)
1828 1401 2096 1447 πολιτευόμενοι
2115 1404 2204 1438 οἵτε
2219 1403 2311 1438 κατὰ
2327 1401 2487 1445 Ἀλεξάν-

275 1446 399 1492 δρειαν
422 1449 460 1482 οἵ
477 1461 517 1483 τε
541 1447 634 1482 κατὰ
657 1448 720 1482 τὰς
743 1445 809 1482 δύο
832 1447 1040 1494 Αἰγύπτους
1063 1445 1318 1482 ὑποκείσονται
1343 1445 1455 1492 αὐτῷ,
1478 1451 1539 1482 καὶ
1559 1447 1692 1483 πάντες
1716 1447 1796 1482 ὅσοι
1819 1445 1973 1492 δημόσια
1995 1449 2211 1494 χειρίζουσιν
2237 1449 2278 1483 έν
2302 1451 2379 1483 ταῖς
2401 1446 2487 1485 ὑπο-

274 1495 448 1536 κειμέναις
479 1491 578 1535 αὐτῷ
610 1492 740 1538 χώραις
765 1495 843 1527 ταῖς
871 1492 1100 1538 εἰσπράξεσιν
1131 1489 1427 1537 ἆπονενεμημένα
1460 1496 1537 1527 ταῖς
1568 1490 1679 1527 αὐτοῦ
1695 1503 1705 1513 ·
1740 1491 1868 1527 ἄδειαν
1897 1495 2051 1535 ἔχοντος,
2080 1490 2149 1528 κᾶν
2173 1493 2221 1527 εἰς
2243 1494 2364 1539 ἑτέρας
2385 1493 2487 1528 τινὰς

275 1537 348 1571 εἶεν
379 1538 495 1583 χώρας
525 1536 590 1572 τὰς
614 1536 669 1594 μὴ
693 1535 926 1582 ὑποκειμένας
950 1535 1061 1581 αὐτῷ,
1085 1540 1145 1571 καὶ
1169 1536 1271 1583 ἄγειν
1295 1538 1383 1584 πρὸς
1405 1537 1536 1572 ἑαυτὸν
1556 1541 1616 1572 καὶ
1639 1536 1870 1583 εἰσπράττειν
1893 1537 1939 1572 τὰ
1964 1535 2131 1582 δημόσια,
2155 1541 2216 1572 καί
2238 1538 2274 1572 εἴ
2292 1549 2386 1573 τινες
2408 1539 2486 1573 τῶν

274 1585 501 1626 κεκτημένων
533 1584 593 1617 ἐπὶ
615 1580 878 1627 Αλεξανδρειάς
908 1579 932 1625 ἢ
956 1583 996 1616 ἐν
1022 1582 1224 1626 Αἰγύπτοις
1244 1581 1308 1616 δύο
1331 1583 1491 1629 ἑτέρωθι
1516 1580 1675 1630 διάγοιεν
1699 1581 1722 1626 ἢ
1745 1584 1875 1617 οἰκοῖεν
1898 1582 1984 1627 (ἐν)
2007 1584 2193 1630 ἐπαρχίαις
2215 1580 2280 1626 οὔχ
2301 1580 2486 1627 ὑποκειμέ-

275 1638 355 1661 ναις
379 1624 491 1669 αὐτῷ,
516 1630 576 1660 καὶ
600 1624 748 1662 τούτους
771 1629 1014 1674 ἐπαναγαγεῖν
1031 1627 1079 1661 εἰς
1101 1624 1146 1669 ἢν
1170 1625 1351 1662 ἀπέλιπον
1373 1626 1509 1673 χώραν,
1534 1623 1629 1662 ὥστε
1653 1626 1764 1670 μηδὲν
1789 1625 1998 1672 ἐμπόδισμα
2023 1630 2094 1662 τοῖς
2118 1626 2297 1671 δημοσίοις
2313 1627 2488 1674 γενέσθαι

274 1674 347 1705 τοῖς
367 1669 612 1715 ὑποκειμένοις
634 1668 741 1715 αὐτῷ.
789 1670 925 1706 ταύτοῦ
948 1669 1078 1706 τούτου
1103 1675 1361 1717 πραττομένου,
1385 1673 1417 1706 εἰ
1437 1676 1500 1706 καί
1520 1683 1614 1707 τινες
1637 1670 1816 1718 ὀφείλοιεν
1840 1670 1995 1715 δημόσια
2006 1669 2188 1716 ἀνήκοντα
2204 1675 2282 1707 ταῖς
2296 1674 2489 1717 τραπέζαις

275 1718 353 1749 ταῖς
384 1719 479 1759 σαῖς,
510 1720 570 1750 καὶ
604 1716 640 1750 οἱ
668 1719 880 1760 τρακτευταὶ
910 1719 971 1750 καὶ
1001 1716 1037 1750 οἱ
1066 1715 1135 1750 τὸν
1166 1718 1316 1751 ἐκείνων
1348 1716 1564 1762 πληροῦντες
1594 1716 1711 1753 τόπον
1741 1720 1801 1751 καὶ
1831 1715 2058 1761 ὑποκείμενοι
2088 1720 2165 1752 ταῖς
2196 1717 2403 1764 εἰσπράξεσι
2429 1718 2490 1760 τῆς

274 1760 414 1804 γενικῆς
445 1762 505 1794 καὶ
538 1758 650 1804 ἰδικῆς
676 1762 852 1805 τραπέζης
880 1760 1023 1795 τοιοῦτό
1049 1774 1084 1794 τι
1107 1758 1216 1803 δῆλον
1239 1757 1339 1804 αὐτῷ
1361 1761 1643 1804 καταστήσειαν·
1673 1764 1733 1795 καὶ
1756 1763 1817 1797 ἐπὶ
1841 1761 1957 1806 τούτῳ
1980 1761 2052 1807 γὰρ
2076 1759 2209 1806 ὁμοίως
2230 1765 2291 1797 καὶ
2314 1764 2489 1809 έκπέμψει

275 1924 482 1960 huiusmodi
497 1924 669 1971 publicae
692 1924 873 1960 illationes
896 1935 990 1976 quae
1012 1925 1130 1960 sacris
1152 1925 1287 1960 nostris
1310 1923 1487 1960 thesauris
1517 1928 1725 1971 competunt
1747 1929 1782 1960 et
1804 1926 2004 1972 exigantur
2026 1930 2062 1962 et
2081 1927 2198 1962 sacris
2220 1929 2356 1964 nostris
2378 1928 2490 1975 larqi-

275 1969 431 2004 tionibus
461 1969 673 2014 inferantur
703 1979 782 2004 cum
812 1980 907 2004 omni
931 1969 1102 2015 periculo
1129 1968 1335 2020 spectabilis
1357 1969 1569 2014 Augustalis
1598 1972 1634 2004 et
1663 1969 1783 2013 officii
1810 1970 1844 2005 ei
1875 1971 2164 2016 obtemperantis.
2212 1971 2254 2007 Si
2287 1972 2376 2018 quid
2397 1975 2489 2009 enim

275 2014 402 2048 horum
433 2013 630 2058 neqlectum
661 2014 740 2053 erit,
769 2013 969 2058 periculum
999 2013 1033 2048 ei
1056 2013 1251 2048 imminebit
1275 2016 1347 2048 tam
1369 2012 1414 2048 de
1437 2013 1652 2058 maqistratu
1676 2023 1785 2058 quam
1808 2013 1854 2049 de
1875 2013 2077 2050 substantia
2093 2017 2265 2067 propria,
2287 2016 2397 2062 idque
2418 2028 2490 2053 non

273 2057 390 2093 solum
420 2057 504 2092 dum
530 2057 568 2091 in
600 2056 913 2093 administratione
943 2057 1024 2098 erit,
1054 2056 1119 2092 sed
1142 2060 1275 2104 postea
1305 2067 1449 2102 quoque
1479 2061 1513 2092 et
1540 2062 1735 2103 postquam
1759 2068 1838 2093 eam
1861 2058 2080 2104 deposuerit,
2110 2063 2147 2096 et
2167 2070 2206 2095 m
2225 2062 2490 2098 successoribus

274 2102 351 2137 eius
382 2105 418 2137 et
448 2100 658 2143 heredibus;
688 2102 817 2137 etenim
850 2101 1031 2138 obnoxius
1062 2101 1131 2137 erit
1161 2100 1293 2136 talibus
1312 2101 1565 2137 exactionibus
1586 2112 1660 2137 non
1683 2102 1762 2148 ipse
1783 2102 1911 2146 solum,
1933 2103 1998 2139 sed
2019 2103 2166 2140 heredes
2189 2115 2334 2158 quoque
2355 2106 2432 2141 eius
2453 2111 2490 2143 ct

272 2147 297 2182 3
343 2156 578 2188 successores,
602 2146 717 2182 donec
740 2150 870 2182 cuncta
893 2146 1118 2193 expleverint
1133 2157 1226 2192 quae
1240 2146 1356 2181 sacris
1371 2146 1507 2181 nostris
1525 2146 1779 2192 largitionibus
1794 2147 1967 2183 debentur
1980 2159 2030 2185 ex
2045 2148 2135 2185 locis
2149 2150 2183 2186 ei
2195 2149 2373 2186 subnectis.
2413 2150 2489 2187 Nec

274 2189 382 2237 λόγον
406 2188 551 2225 ἀσυλίας
575 2191 619 2226 iis
642 2191 705 2236 qui
726 2191 759 2226 ei
780 2191 915 2226 subditi
936 2195 1022 2226 sunt
1045 2191 1236 2236 quisquam
1259 2190 1361 2226 dabit
1381 2195 1531 2237 praeter
1553 2201 1626 2234 eos,
1675 2192 1714 2226 ui
1736 2192 1843 2228 etiam
1864 2193 2065 2238 periculum
2087 2195 2276 2237 sustinent,
2298 2195 2332 2231 si
2347 2195 2488 2240 quidem

273 2237 418 2271 exactio
443 2239 482 2270 ut
506 2236 640 2271 dictum
663 2240 717 2271 est
735 2235 901 2282 periculo
925 2236 972 2280 fit
993 2235 1197 2282 spectabilis
1213 2246 1288 2282 pro
1313 2238 1473 2281 tempore
1487 2237 1544 2271 Au
1571 2239 1653 2272 usta
1666 2236 1698 2271 is
1721 2240 1758 2272 et
1786 2237 1905 2282 officii
1931 2238 1967 2273 ei
1992 2238 2281 2291 obtemperantis,
2312 2240 2489 2286 pecuniae

274 2291 358 2316 vero
389 2285 624 2316 numerantur
646 2280 784 2316 devotis
805 2291 994 2316 sacrarum
1019 2281 1255 2326 larqitionum
1305 2280 1454 2316 alatinis
1476 2281 1539 2332 qui
1563 2291 1606 2316 us
1628 2280 1717 2316 haec
1738 2291 1829 2327 pars
1851 2292 1961 2319 curae
1981 2287 2045 2326 est,
2069 2294 2122 2320 ets
2148 2294 2193 2320 ue
2211 2284 2275 2330 qui
2296 2287 2487 2331 praeterea

274 2325 324 2360 ad
358 2324 426 2360 hoc
460 2325 651 2360 mittuntur
682 2336 707 2361 a
740 2325 1003 2371 qloriosissimo
1037 2325 1229 2371 praesecto
1291 2325 1373 2360 uius
1404 2325 1550 2361 inclitae
1579 2325 1914 2362 administrationis.
1962 2327 2088 2374 Neque
2116 2294 2225 2374 fcyov
2255 2329 2374 2365 sinent
2401 2329 2489 2364 dare

275 2380 487 2415 quemquam
515 2373 667 2416 praeter
700 2380 744 2405 ea
779 2380 871 2421 quae
906 2374 1014 2406 antea
1050 2370 1148 2405 dicta
1178 2373 1264 2405 sunt
1291 2379 1407 2415 neque
1436 2370 1687 2416 impedimento
1719 2371 1913 2417 quicquam
1944 2372 2195 2409 exactionibus
2221 2373 2313 2417 fieri.
2361 2373 2491 2409 Devoti

273 2418 390 2450 autem
414 2415 544 2449 milites
566 2415 630 2460 qui
652 2414 691 2450 in
713 2415 921 2461 reqwnibus
943 2414 1017 2450 illis
1039 2419 1076 2451 et
1097 2414 1245 2451 urbibus
1266 2420 1351 2450 sunt
1373 2414 1495 2451 eadem
1519 2418 1605 2450 sunt
1625 2415 1783 2461 passuri,
1815 2416 1887 2451 nisi
1909 2419 1944 2451 et
1966 2416 2038 2462 ipsi
2060 2427 2164 2464 opem
2185 2417 2314 2464 ferant
2334 2422 2370 2454 et
2392 2419 2490 2454 omni

273 2459 379 2494 modo
407 2459 656 2504 larqitionales
685 2460 861 2512 pecuniae
891 2463 1073 2506 coquntur
1102 2463 1138 2495 et
1168 2459 1221 2495 eis
1245 2459 1309 2510 qui
1332 2459 1382 2494 ad
1404 2458 1473 2494 hoc
1495 2460 1689 2495 mittuntur
1710 2460 1959 2502 exsolvantur,
1983 2465 2019 2497 et
2039 2461 2076 2496 in
2101 2462 2158 2497 his
2180 2462 2295 2498 omnis
2316 2462 2490 2499 alacritas

274 2503 488 2539 adhibeatur
510 2508 545 2539 et
568 2508 714 2540 exactio
738 2509 912 2550 quantam
935 2506 1043 2540 etiam
1066 2504 1105 2539 in
1127 2505 1284 2539 arcariis
1307 2503 1474 2540 adhiberi
1493 2505 1696 2540 statuimus.

407 2548 488 2584 XII.
538 2548 740 2584 Dibuimus
762 2552 881 2585 autem
903 2549 1012 2585 etiam
1034 2548 1126 2584 illud
1147 2548 1335 2594 spectabili
1358 2549 1563 2594 Auqustali,
1587 2553 1628 2585 ut
1650 2550 1688 2584 in
1712 2549 1876 2585 omnibus
1897 2550 2051 2596 imperet
2069 2554 2105 2586 et
2119 2550 2290 2587 militibus
2303 2554 2489 2598 etpaqar-

274 2592 350 2627 chis
380 2598 415 2628 et
444 2594 496 2628 eis
527 2594 590 2639 qui
617 2594 765 2639 publica
790 2598 949 2629 tractant
970 2593 1036 2629 sub
1059 2595 1138 2630 eius
1160 2593 1473 2629 administratione
1496 2597 1532 2629 et
1552 2596 1732 2639 potestate
1752 2594 1962 2637 constituta,
1982 2605 2057 2631 non
2078 2599 2198 2632 autem
2220 2598 2261 2631 ut
2279 2607 2331 2642 pa
2358 2596 2490 2631 archas

270 2637 526 2681 fraudulenter
556 2648 596 2674 se
624 2642 790 2684 qorentes
812 2639 886 2674 sive
908 2639 1007 2673 circa
1028 2639 1253 2683 frumentum
1275 2638 1350 2674 sive
1372 2638 1470 2674 circa
1493 2638 1606 2673 naula
1628 2638 1702 2674 sive
1724 2638 1823 2675 circa
1845 2638 1988 2685 reliqua
2005 2639 2152 2686 publica
2175 2650 2270 2686 quac
2364 2640 2490 2677 titulos

273 2691 365 2725 quos
393 2682 552 2718 diximus
581 2688 644 2718 aut
671 2683 916 2729 provinciales
941 2687 1104 2729 sumptus
1127 2682 1316 2729 pertinent
1340 2693 1415 2728 pro
1446 2693 1514 2718 sua
1537 2686 1723 2729 potestate
1751 2694 1934 2720 removere
1960 2685 2089 2731 possit.
2136 2683 2210 2720 Sed
2239 2685 2272 2720 si
2292 2685 2383 2731 quid
2403 2686 2490 2721 mali

269 2726 436 2771 fecerint,
461 2738 534 2763 non
556 2727 751 2764 removebit
772 2727 915 2773 quidem
937 2738 1010 2769 eos,
1033 2727 1098 2763 sed
1119 2727 1184 2762 sub
1208 2726 1374 2763 custodia
1397 2727 1589 2764 constituet
1604 2731 1639 2763 et
1653 2728 1748 2764 alios
1764 2728 1934 2780 anquiret
1946 2728 2011 2774 qui
2025 2731 2121 2764 recte
2136 2739 2212 2764 rem
2227 2729 2489 2772 administrent,

272 2774 308 2806 et
338 2771 458 2806 omnia
489 2771 560 2806 huc
590 2771 668 2807 sedi
695 2776 779 2808 tuae
807 2777 842 2808 et
869 2783 938 2818 per
968 2783 1046 2808 eam
1078 2772 1294 2818 imperatori
1323 2772 1520 2814 nuntiabit,
1551 2776 1592 2808 ut
1621 2782 1689 2807 nos
1719 2783 1840 2808 omma
1864 2777 2118 2817 cayno-scentes
2139 2783 2185 2808 ea
2207 2784 2302 2819 quae
2323 2774 2490 2810 convenit

271 2815 454 2860 faciamus
484 2821 555 2851 tam
586 2815 630 2852 de
661 2817 834 2853 eiectione
864 2827 988 2853 eorum
1020 2817 1086 2863 qui
1114 2827 1188 2852 non
1211 2819 1308 2852 recte
1329 2826 1406 2852 rem
1429 2820 1607 2852 curarunt
1630 2827 1738 2862 quam
1760 2816 1804 2853 de
1826 2816 2020 2853 electorum
2036 2816 2312 2863 paqarcharum
2333 2818 2366 2853 si
2384 2818 2489 2854 nobis

272 2861 292 2894 1
331 2860 517 2905 placuerit
537 2861 789 2897 substitutione
811 2865 848 2897 et
872 2861 1066 2897 traditione
1089 2871 1213 2897 eorum
1237 2871 1330 2906 quae
1353 2860 1403 2896 ad
1419 2860 1646 2906 paqarchias
1667 2865 1704 2897 et
1725 2872 1820 2907 quae
1842 2861 1892 2897 ad
1914 2862 2008 2898 bona
2030 2871 2155 2897 eorum
2171 2863 2368 2914 pertinent.
2416 2861 2490 2898 Sed

272 2904 378 2939 etlam
409 2905 564 2940 curiales
596 2909 668 2940 tam
694 2905 942 2942 Alexandriae
971 2917 1079 2952 quam
1111 2907 1149 2941 in
1180 2910 1336 2951 utraque
1357 2906 1528 2952 Aeqypto
1559 2905 1593 2941 ei
1614 2905 1763 2942 subiecti
1785 2910 1894 2942 erunt
1915 2909 1951 2942 et
1972 2916 2094 2941 omnes
2116 2915 2320 2959 quicunque
2335 2906 2487 2953 publica

271 2951 429 2983 tractant
460 2950 496 2984 in
524 2950 732 2995 reqionibus
759 2951 792 2986 ei
821 2950 991 2986 subiectis
1020 2951 1098 2986 eius
1129 2951 1383 2986 exactionibus
1410 2950 1596 2986 attributa.
1644 2949 1693 2985 Et
1723 2950 1831 2986 liceat
1861 2951 1906 2993 ei,
1938 2950 2078 2986 etiamsi
2108 2962 2146 2986 tn
2170 2950 2256 2987 aliis
2278 2951 2488 2998 reqionibus

271 2993 345 3028 sint
375 3004 449 3028 non
480 2994 513 3029 ei
543 2995 708 3037 subditis,
738 3006 799 3030 eos
821 2995 870 3031 ad
891 3006 930 3031 se
953 2995 1083 3031 ducere
1103 2999 1139 3031 et
1153 2995 1308 3041 publica
1330 2995 1376 3030 ab
1399 2995 1452 3030 eis
1472 2995 1633 3041 exiqere,
1656 2998 1692 3031 et
1713 2995 1748 3030 si
1769 2995 1833 3041 qui
1855 3005 1980 3031 eorum
2003 2995 2067 3042 qui
2089 2995 2338 3032 Alexandriae
2360 3000 2427 3031 aut
2447 2995 2486 3031 in

273 3041 427 3083 utraque
451 3040 615 3085 Aeqypto
645 3039 835 3085 possident
863 3040 951 3076 alibi
978 3040 1112 3086 decant
1143 3039 1201 3076 vel
1229 3039 1388 3075 habitent
1417 3039 1455 3074 in
1480 3039 1682 3086 provinciis
1711 3050 1785 3075 non
1804 3040 1838 3076 ci
1855 3039 2037 3081 subiectis,
2062 3039 2130 3075 hos
2151 3050 2295 3086 quoque
2316 3040 2488 3076 reducere

271 3081 308 3132 in
340 3083 521 3126 regionem
553 3094 661 3128 quam
690 3082 934 3127 deseruerunt,
966 3089 1006 3120 ut
1036 3084 1129 3120 nihil
1156 3084 1406 3130 impedimento
1436 3084 1485 3119 sit
1512 3083 1667 3130 publicis
1695 3095 1789 3130 quae
1815 3085 1890 3131 ipsi
1910 3084 2128 3121 incumbunt.
2173 3083 2278 3127 Quod
2298 3084 2390 3120 idem
2412 3085 2486 3130 fiet,

270 3127 388 3205 iiiiii?
405 3127 1785 3220 {tiliz‘z-ffettt⁷22aiz-‘twa{xtzssztittxt'titsstztt‘232⁶‘..titt
1804 3129 2488 3210 &aazia&waitz-‘affirmati

318 3337 332 3368 1
361 3334 584 3381 λαργιτιόηαε
610 3339 653 3372 M
673 3339 687 3383 ΙΙ
715 3342 735 3374 2
760 3340 926 3382 largitiosi
951 3340 999 3373 M
1007 3340 1020 3383 ΙΙ
1048 3342 1066 3374 ἰ’
1091 3339 1282 3383 larg-itiosin
1307 3340 1352 3374 M
1416 3341 1457 3375 23
1482 3339 1710 3386 γινώσκοντα
1733 3341 1778 3374 M
1790 3340 1802 3384 ΙΙ
1820 3342 1863 3375 24
1887 3339 2108 3384 πατραρχῶν
2131 3340 2179 3374 Μ
2187 3340 2200 3384 ss
2217 3339 2253 3373 εἴ
2271 3352 2310 3373 τε
2330 3340 2380 3382 Μ,
2405 3352 2486 3374 corr.

271 3378 283 3422 Η
307 3376 407 3424 λόγος
431 3382 477 3414 Μ
498 3381 511 3425 ΙΙ
535 3384 555 3416 8
580 3385 699 3417 excidit
714 3387 790 3427 fere
819 3382 1037 3428 ὑπομένουσι
1054 3384 1066 3428 ΙΙ
1083 3387 1104 3420 9
1127 3382 1347 3428 μεταβαλλο-
1416 3386 1610 3429 Ayylaeusss
1639 3383 1898 3430 ἑγκαταστήσει
1920 3387 1980 3418 καὶ
2004 3381 2222 3430 παραδώσει
2237 3385 2287 3425 M,
2312 3396 2392 3418 corr.
2419 3382 2486 3417 Za-

271 3425 393 3465 μένων
416 3426 466 3466 M,
491 3439 574 3460 corr.
595 3426 782 3462 Zachariae
797 3428 810 3472 ΙΙ
833 3432 872 3463 10
897 3425 1115 3471 largitibnwn
1134 3430 1181 3463 M
1192 3432 1206 3474 ss
1223 3431 1263 3464 11
1288 3429 1349 3464 ἐπὶ
1416 3431 1548 3464 char-iae
1570 3430 1583 3473 ss
1610 3431 1652 3464 25
1674 3441 1797 3473 πατρα
1819 3432 1896 3471 χίας
1920 3430 1965 3463 Μ
1983 3429 1996 3473 ΙΙ
2018 3427 2305 3472 πολιτευομένων
2328 3428 2379 3470 M,
2402 3440 2485 3461 corr.

272 3465 389 3510 τούτῳ
408 3477 489 3502 'cum
514 3470 698 3514 Scrimqero
728 3474 814 3516 vqu.
847 3473 860 3516 ΙΙ
885 3482 963 3516 post
993 3471 1162 3517 ἄρχοντος
1193 3475 1349 3507 nonnulla
1416 3475 1584 3527 Agylaeus
1601 3474 1672 3517 {127
1696 3470 1767 3508 κᾶν
1783 3441 1981 3515 Zachariae]
2005 3476 2065 3508 καὶ
2081 3475 2129 3508 M.
2138 3474 2151 3518 ΙΙ
2167 3475 2209 3508 29
2233 3474 2274 3507 ἐν
2296 3473 2374 3506 add.
2392 3471 2486 3504 Beck

268 3514 393 3552 perisse
417 3515 576 3548 existimat
593 3514 782 3550 Zachariae
807 3530 868 3550 non
891 3525 975 3551 recte
991 3518 1005 3560 11
1024 3521 1065 3552 12
1089 3517 1349 3564 συγχωρήσεωσ
1414 3518 1427 3564 ΙΙ
1449 3520 1696 3562 υποκειμένων
1712 3519 1763 3561 M,
1782 3532 1864 3553 corr.
1881 3518 2069 3558 Zachariae
2084 3519 2154 3562 1131
2183 3513 2485 3558 (timidae-hariae

273 3555 323 3594 IW,
347 3568 427 3589 corr.
451 3555 636 3592 Zachariae
652 3560 664 3603 ΙΙ
681 3573 759 3593 τινι
785 3559 971 3595 Zachariae
987 3562 1000 3605 ss
1021 3564 1059 3596 13
1085 3559 1107 3604 ἢ
1131 3562 1348 3598 αείιΖασῘια-
1416 3565 1487 3607 (qui
1507 3566 1601 3597 etiam
1625 3564 1891 3606 ἐπικειμένοιςη
1915 3565 1988 3596 τοῖς
2011 3559 2124 3596 αὐτοῦ
2139 3562 2206 3604 ΜΠ
2225 3561 2267 3594 32
2290 3561 2402 3593 ἐκεῖνο
2419 3560 2464 3593 M
2467 3563 2485 3582 ⁰

273 3599 342 3630 '²⁴⁰⁶
372 3599 385 3640 ΙΙ
417 3602 458 3633 14
488 3601 760 3646 ῙαργιτιοναῙίοὰ
786 3605 828 3637 Μ
854 3604 936 3656 11-18
970 3603 1167 3651 πατᾶρχαις
1193 3608 1240 3640 Μ
1264 3606 1278 3651 ΙΙ
1307 3609 1348 3642 19
1416 3609 1429 3652 ΙΙ
1451 3608 1667 3651 ἐπικείμενοι
1687 3607 1739 3650 M,
1763 3621 1844 3641 corr.
1860 3608 1962 3641 Kroll
1976 3607 1989 3649 ΙΙ
2005 3609 2083 3640 ταῖς
2104 3605 2256 3648 γενικαῒς
2278 3605 2337 3637 καὶ
2358 3600 2485 3638 ἰδικαῖς

274 3640 454 3686 πατάρχας
476 3646 519 3677 Μ
544 3647 556 3689 ss
591 3648 632 3680 22
665 3646 725 3680 διὰ
754 3645 889 3682 ταῦτου
923 3661 990 3682 cum
1016 3652 1201 3695 Scrimyero
1226 3654 1312 3694 vulq.
1337 3651 1349 3696 Η
1416 3654 1609 3698 τραπέζαις
1633 3652 1683 3695 M,
1708 3664 1788 3687 corr·
1815 3649 2001 3688 Zachariae

2514 868 2555 901 15

2513 1181 2554 1214 20

2513 1405 2554 1438 25

2512 1632 2555 1665 30
