2586 3990
153 161 378 195 srncmms
407 161 490 194 επ
505 146 791 194 communius

154 260 275 306 θήκην
294 262 529 306 θεσπίζομεν,
553 259 624 295 εἴτε
648 256 701 295 δι’
720 259 848 295 ἑαυτοῦ
872 270 925 294 τις
949 258 1019 293 εἴτε
1043 255 1095 293 δι’
1113 259 1233 305 ἑτέρου

153 320 182 343 π
205 304 343 342 οςώπου
373 306 416 342 τὸ
448 304 564 350 ὄνομα
588 307 652 340 τοῦ
677 303 897 351 κληρονόμου
922 302 1109 352 ἐγγράψει,
1134 305 1234 352 εἴπερ

154 348 176 387 ὅ
199 364 248 387 ως
275 353 347 397 τὴν
375 350 507 395 λοιπὴν
537 350 695 396 νόμιμον
725 350 988 398 παραφυλακὴν
1019 351 1059 385 ἐν
1087 350 1132 398 τῇ
1158 347 1234 384 δια-

154 396 253 447 θήκῃ
277 395 297 432 ὁ
318 395 507 443 τεστάτωρ
532 393 790 442 παραφυλάξει.

1220 143 1306 191 577

1852 144 1959 189 Nov.
1991 144 2127 189 CXIX
2155 146 2291 189 9—11
2313 155 2378 199 ep.

1303 258 1498 300 sancimus,
1531 258 1603 294 sive
1635 266 1699 303 per
1722 266 1760 292 se
1782 256 1908 301 aliquis
1939 257 2012 292 sive
2042 265 2106 302 per
2129 255 2276 292 alterius
2299 265 2378 301 per-

1302 313 1426 340 sonam
1461 314 1588 339 nomen
1622 302 1761 338 heredis
1791 301 2024 347 inscripserit,
2061 301 2093 337 si
2123 301 2264 338 omnino
2296 300 2378 337 reli-

1304 359 1410 394 quam
1434 348 1624 429 legtitimam
1641 347 1922 384 observationem
1945 348 1982 383 in
1998 348 2211 383 testamento
2228 349 2378 383 testator

1302 404 1475 431 servaveri
1494 422 1502 430 .

354 516 357 519 -
1161 485 1319 523 CAPUT
1343 485 1388 520 X.

226 553 298 589 Τὸν
320 550 360 588 δὲ
381 539 508 597 νόμον,
541 550 594 587 δι’
621 544 665 588 οὗ
689 554 940 599 ἐθεσπίσαμεν
962 554 1019 609 μὴ)
1044 557 1236 610 ueraque-pg-
1256 556 1291 588 ,5
1371 552 1501 598 Legem
1525 562 1624 594 vero,
1659 561 1723 596 per
1747 559 1852 595 quam
1881 548 2062 584 sanximus
2092 560 2164 585 non
2193 549 2379 584 transferri

156 599 248 634 σθαι
262 599 310 633 εἷς
323 598 461 644 ἑτέρους
476 598 523 633 τὰ
540 599 588 633 εἰς
602 599 670 633 τὸν
686 596 860 644 ἡμέτερον
878 599 976 633 οἶκον
998 600 1072 634 απὸ
1091 611 1237 646 ευαγους

155 643 337 688 ἐκκλησίας
359 644 619 690 περιερχόμενοι
642 645 855 691 πράγματα,
889 642 1077 687 σχολάζειν
1106 645 1235 680 θεσπί-

155 691 271 734 ζομεν,
294 690 404 724 τοῦτο
428 691 495 734 μὲν
512 691 571 725 ἐπὶ
594 692 668 724 τοῖς
691 688 759 733 ἤδη
783 690 831 724 εἰς
854 689 922 723 τὸν
942 687 1116 735 ἡμέτερον
1138 689 1237 724 οἷκον

153 739 314 779 νομίμως
336 734 591 780 περιελθοῦσι,
625 736 733 770 τοῦτο
759 732 798 769 δὲ
829 738 888 768 καὶ
911 738 984 769 τοῖς
1006 734 1096 779 μετὰ
1119 736 1237 770 ταῦτα

154 778 320 824 μέλλουσι
346 780 611 826 περιέρχεσθαι.

1305 598 1350 633 ad
1374 598 1464 634 alios
1493 608 1550 633 res
1574 606 1665 643 quae
1697 596 1742 631 ad
1765 598 1924 631 nostram
1949 595 2090 630 domum
2122 604 2166 630 ex
2188 595 2379 630 venerabili

1305 643 1456 679 ecclesia
1490 645 1743 689 pervenerunt,
1777 649 1905 676 vacare
1936 640 2113 675 sancimus
2149 644 2221 675 tam
2252 641 2288 674 in
2323 640 2378 675 his

1306 699 1397 734 quae
1426 688 1498 724 iam
1529 689 1576 725 ad
1600 690 1757 722 nostram
1787 686 1930 721 domum
1960 685 2112 729 legitime
2142 689 2380 731 pervenerunt

1306 744 1409 779 quam
1435 743 1526 778 quae
1548 736 1674 779 postea
1697 731 1881 777 pervenire
1905 730 2028 766 futura
2052 732 2146 766 sunt.

1143 868 1301 905 CAPUT
1325 869 1388 904 XI.

223 939 362 974 Εἴποτε
387 936 429 974 δέ
445 951 499 974 τις
519 937 697 983 διάθηται
730 941 794 972 καί
819 950 855 972 τι
884 938 1034 984 πρᾶγμα
1062 935 1235 980 ἀκίνητον

156 985 199 1030 τῇ
217 982 292 1027 ἰδία
309 983 462 1030 φαμιλιόι
486 982 509 1028 ἢ
532 986 643 1030 ἑτέρῳ
667 987 741 1019 τινὶ
758 982 938 1029 προςώπῳ
964 980 1118 1027 ὀνόματι
1136 980 1238 1038 ληῖἀ-

156 1042 219 1063 του
243 1029 443 1078 καταλείψῃ
464 1034 524 1064 καὶ
544 1028 664 1064 ἰδικιῦς
687 1029 769 1077 εἴπῃ
793 1026 919 1073 μηδενὶ
942 1026 1060 1074 χρόνῳ
1084 1027 1127 1061 τὸ
1147 1027 1236 1061 αυτὸ

157 1076 306 1120 πρᾶγμα
329 1075 575 1117 έκποιεῒσθαι,
608 1072 697 1108 ἀλλὰ
733 1073 830 1119 παρὰ
862 1077 936 1108 τοῖς
959 1069 1194 1119 κληρονόμοις
1215 1068 1238 1116 ἢ

1371 937 1408 972 Si
1439 937 1581 982 quando
1614 940 1732 971 autem
1763 935 1891 980 aliquis
1921 937 2172 970 testamentum
2203 934 2315 970 faciat
2345 937 2381 970 et

1306 982 1460 1027 aliquam
1484 992 1558 1017 rem
1578 981 1791 1017 immobilem
1814 990 1901 1016 suae
1920 979 2074 1015 familiae
2097 985 2161 1015 aut
2181 979 2283 1015 alteri
2305 980 2379 1015 cui-

1308 1038 1457 1072 cumque
1481 1037 1655 1072 personae
1678 1027 1819 1062 nomine
1849 1025 1957 1070 legati
1979 1025 2162 1070 reliquerit
2183 1029 2220 1061 et
2243 1025 2381 1070 specia-

1306 1072 1385 1108 liter
1420 1073 1548 1108 dixerit
1584 1072 1680 1108 nullo
1713 1077 1870 1117 tempore
1900 1071 1993 1106 hanc
2022 1081 2095 1106 rem
2119 1070 2281 1114 alienari,
2319 1069 2381 1106 sed

158 1118 339 1163 διαδόχοις
355 1123 488 1155 ἐκείνου
505 1112 611 1164 ᾧτινι
627 1118 857 1175 καταλειφθῇ
876 1117 1069 1163 διαμένειν,
1082 1120 1143 1153 ἐπὶ
1155 1115 1236 1152 τού·
1253 1120 1291 1152 15
1307 1121 1368 1152 aut
1403 1118 1498 1163 apud
1533 1117 1680 1153 heredes
1716 1119 1779 1152 aut
1813 1116 1908 1162 apud
1938 1126 2162 1152 successores
2191 1117 2288 1152 illius
2323 1116 2381 1151 cui

157 1178 220 1200 του
244 1167 309 1200 τοῦ
334 1164 375 1209 λη
401 1163 488 1200 άτου
512 1164 699 1208 κελεύομεν
720 1178 787 1199 τον
811 1162 1002 1210 φαλκίδιον
1031 1163 1147 1208 νόμον
1169 1161 1234 1206 χιό-

158 1224 225 1256 ραν
249 1179 435 1246 παντεῖὦς
456 1210 505 1256 μὴ
531 1213 633 1252 ἔχειν,
659 1208 781 1252 ἐπειδὴ
805 1209 874 1253 τὴν
898 1211 1084 1252 ἐκποίησιν
1107 1209 1237 1243 τούτου

158 1255 267 1290 αὐτὸς
289 1256 466 1291 ἐκώλυσεν
494 1253 513 1290 ὁ
541 1254 764 1300 διαθέμενος.
811 1255 930 1289 ταῦτα
954 1252 994 1288 δὲ
1016 1257 1160 1300 κρατεῖν
1183 1268 1236 1288 κε-

160 1302 307 1347 λεύομεν
342 1298 404 1336 ἐπ’
439 1303 583 1335 ἐκείνοις
618 1303 690 1335 τοῖς
724 1301 861 1344 θέμασι
896 1302 969 1334 τοῖς
997 1300 1110 1344 μήπω
1146 1299 1239 1334 κατὰ

1306 1162 1431 1198 relicta
1455 1167 1509 1198 est
1532 1172 1757 1208 permanere,
1788 1162 1826 1197 in
1849 1163 1917 1198 hoc
1940 1162 2054 1206 legato
2078 1162 2240 1197 iubemus
2264 1160 2380 1196 Falci-

1306 1208 1399 1243 diam
1433 1209 1543 1253 legem
1578 1209 1694 1243 locum
1736 1208 1876 1253 penitus
1918 1218 1988 1243 non
2023 1207 2171 1249 habere,
2215 1207 2382 1252 quoniam

1307 1253 1556 1289 alienationem
1573 1253 1648 1288 eius
1666 1256 1816 1288 testator
1833 1253 1910 1297 ipse
1927 1252 2118 1297 prohibuit.
2151 1252 2250 1288 Haec
2262 1255 2382 1287 autem

1308 1298 1469 1334 obtinere
1502 1298 1739 1343 praecipimus
1773 1299 1810 1333 in
1844 1298 1914 1333 illis
1951 1298 2092 1333 casibus
2132 1298 2191 1342 qui
2225 1298 2381 1333 nondum

159 1345 368 1390 δικαστικὴν
391 1348 516 1403 ψῆφον
539 1345 562 1390 ἢ
586 1346 678 1402 κατὰ
705 1345 850 1392 φιλικὴν
882 1345 1065 1390 σύμβασιν
1095 1341 1117 1389 ἢ
1143 1342 1236 1379 καθ)
1252 1346 1294 1379 20
1307 1344 1464 1379 iudiciali
1496 1344 1638 1379 decreto
1671 1346 1735 1378 aut
1765 1353 1830 1388 per
1859 1343 2043 1378 amicalem
2076 1347 2288 1379 conventum
2320 1345 2383 1378 aut

158 1390 371 1435 οἱονδήποτε
394 1405 551 1437 νομιμον
584 1404 723 1437 τροπον
746 1391 951 1436 τμηθεῖσιν.

203 1434 481 1487 <Duil-oyes.)
527 1434 574 1471 ‘H
591 1435 746 1483 ὑπεροχὴ
771 1440 895 1470 τοίνυν
924 1436 945 1479 ἡ
972 1435 1016 1479 σὴ
1042 1431 1067 1468 οἳ
1091 1433 1151 1469 διὰ
1175 1436 1239 1469 τοῦ

158 1481 338 1528 παρόντος
361 1482 475 1528 νόμου
492 1483 540 1517 εἰς
559 1482 601 1517 τὸ
622 1480 776 1525 διηνεκὲς
791 1480 1030 1527 κρατήσαντος
1046 1478 1068 1524 ἦ
1085 1478 1239 1526 ἡμετέρα

158 1528 333 1563 ἐθέσπισε
363 1527 561 1575 γαληνότης
592 1525 741 1562 ἱδίκτων
763 1528 831 1572 μὲν
855 1528 895 1560 ἐν
918 1525 1033 1573 ταύτῃ
1066 1527 1109 1572 τῇ
1133 1529 1237 1571 βασι-

159 1571 231 1607 λίδι
263 1572 366 1609 πόλει
397 1573 687 1619 προτιθεμένων,
720 1572 948 1618 προςτάξεων
972 1569 1011 1606 δὲ
1043 1570 1133 1618 πρὸς
1155 1569 1238 1606 τοὺς
1252 1572 1292 1605 25
1306 1572 1443 1617 positis,

158 1620 290 1653 πασῶν
306 1620 382 1653 τῶν
398 1619 582 1664 ἐπαρχιῶν
598 1615 811 1665 ἡγουμένους
830 1620 1170 1661 καταπεμπομένων
1190 1616 1237 1650 εἰς

158 1663 664 1745 τὴῖἶῗᾏῖἱάῖἶωέθζῖὧὸἑν
676 1663 828 1744 ῑῗέθεῖἰᾏ
836 1663 1109 1744 “ffi'sffi‘ifffiim'
1144 1708 1226 1752 Aug

157 1763 250 1790 anno
270 1736 391 1791 XVII]
408 1735 490 1799 post
515 1737 611 1790 cons.
634 1719 760 1789 Basilii
777 1735 840 1790 vc..
859 1763 953 1789 anno
970 1753 1034 1788 111.
1066 1718 1143 1795 mea.
1159 1734 1236 1795 544]

223 1858 249 1879 c.
262 1846 302 1878 X
322 1852 407 1879 eaetat
434 1845 467 1879 Β
487 1847 518 1888 5,
532 1853 559 1887 2,
574 1853 601 1880 8.

1308 1390 1467 1435 quolibet
1490 1389 1645 1433 legitimo
1670 1388 1775 1424 modo
1800 1388 1909 1423 decisi
1933 1390 2027 1423 sunt.

1359 1434 1483 1480 <Epil
1494 1445 1513 1469 o
1523 1446 1576 1479 gu
1587 1435 1635 1479 s.)
1669 1433 1873 1469 Eminentia
1888 1434 1995 1478 igitur
2011 1435 2074 1468 tua
2089 1444 2180 1478 quae
2199 1444 2261 1478 per
2277 1443 2382 1478 prae·

1307 1485 1441 1516 sentem
1467 1481 1576 1524 legem
1600 1481 1637 1515 in
1661 1485 1871 1524 perpetuum
1896 1480 2083 1514 valituram
2113 1482 2238 1515 nostra
2264 1479 2383 1514 sanxit

1307 1526 1543 1571 tranquillitas
1567 1525 1691 1561 edictis
1715 1524 1854 1569 quidem
1877 1524 1913 1559 in
1933 1524 2002 1560 hac
2026 1524 2121 1569 regia
2142 1525 2283 1560 civitate
2299 1534 2382 1568 pro-

1500 1570 1674 1616 raeceptis
1706 1575 1826 1605 autem
1859 1570 1904 1604 ad
1936 1569 2090 1606 omnium
2121 1570 2382 1615 provinciarum

1305 1618 1440 1654 iudices
1496 1616 1658 1652 estinatis
1694 1615 1740 1651 ad
1774 1616 1928 1651 omnium
1960 1615 2119 1651 notitiam
2151 1615 2269 1652 venire
2299 1625 2381 1661 pro-

1307 1666 1417 1699 curet.

221 1903 248 1924 c.
262 1891 322 1924 XI
341 1893 394 1933 (—-
418 1904 446 1924 v.
465 1893 503 1925 18
530 1887 549 1924 ὁ
575 1888 802 1934 διαθέμενος)
819 1897 906 1924 extat
926 1890 957 1924 Β
974 1891 1029 1932 41,
1046 1897 1074 1932 5,
1088 1897 1104 1924 4
1128 1889 1192 1933 (Βέ
1216 1891 1250 1922 Φ
1267 1892 1295 1932 1,
1309 1897 1343 1924 23
1365 1902 1400 1933 p.
1415 1889 1482 1923 664
1501 1887 1628 1931 zach).
1654 1906 1697 1913 —-
1722 1888 1936 1922 Summarium
1962 1889 2057 1923 habet
2079 1889 2266 1932 Anonymus
2288 1887 2384 1920 Bod-

161 1936 284 1970 leianus
308 1932 401 1990 διάτ.
423 1934 501 1976 τξς’
528 1949 581 1980 ap.
607 1937 795 1970 Zachariae
814 1930 947 1970 Ἀνέκδ.
971 1948 1004 1979 p.
1031 1936 1115 1975 21ος
1151 1948 1273 1970 summa
1297 1936 1371 1969 Ath.
1398 1935 1551 1978 repetitur
1582 1936 1615 1968 in
1645 1934 1815 1977 paratinis
1836 1933 1913 1968 Ack.
1928 1935 1948 1968 9
1972 1939 2037 1974 §16
2063 1938 2092 1969 et
2115 1937 2147 1969 in
2173 1933 2278 1966 libello
2303 1933 2385 1976 περὶ

161 1977 349 2026 διαφόρων
372 1979 675 2027 αναγνωσμοίτων
701 1986 764 2021 §17
786 1994 820 2025 p.
839 1982 901 2016 196
927 1981 1054 2015 Heimb.

160 2070 234 2105 sive
258 2068 338 2120 quis
361 2079 434 2114 per
456 2079 494 2104 se
524 2068 597 2104 sive
626 2079 695 2114 per
718 2068 827 2102 aliam
852 2078 1052 2114 personam
1085 2078 1213 2102 nomen
1247 2065 1389 2101 heredis
1418 2066 1610 2108 inscribat,
1642 2065 1832 2102 dummodo
1857 2067 2007 2101 testator
2041 2063 2184 2100 omnino
2208 2065 2383 2111 reliquam

163 2114 358 2160 leqitimam
382 2113 662 2149 observationem
686 2113 723 2147 in
750 2116 959 2148 testamento
984 2112 1172 2146 custodiat.

295 2158 340 2194 X.
388 2158 519 2203 Leqem
543 2163 660 2194 autem
685 2168 758 2203 qua
781 2157 983 2198 sanximus,
1015 2167 1060 2191 ne
1084 2156 1132 2191 ad
1155 2155 1246 2191 alios
1270 2155 1545 2201 transferantur
1567 2165 1627 2190 res
1655 2165 1749 2201 quae
1772 2155 1822 2190 acl
1843 2155 1986 2190 domum
2009 2157 2170 2189 nostram
2193 2165 2216 2189 a
2239 2164 2384 2190 venera-

163 2204 227 2240 bili
248 2204 398 2240 ecclesia
419 2204 666 2250 pervenerint,
698 2213 840 2238 cessare
863 2201 1027 2238 volumus
1058 2204 1129 2237 tam
1159 2200 1198 2235 in
1229 2200 1274 2235 iis
1306 2211 1398 2246 quae
1429 2201 1500 2235 iam
1532 2199 1581 2235 ad
1603 2204 1764 2236 nostram
1795 2199 1938 2235 domum
1963 2199 2117 2245 leqitime
2144 2203 2385 2246 pervenerunt

163 2260 270 2296 quam
293 2249 667 2329 {llissguaestoslw
686 2251 927 2294 perventurae
950 2250 1043 2281 sunt.

438 2304 448 2327 ι

466 2304 547 2339 quis
565 2297 682 2328 autem
698 2293 800 2338 forte
821 2295 971 2327 testatus
987 2291 1034 2326 sit
1057 2294 1092 2327 et
1107 2301 1181 2326 rem
1198 2290 1358 2336 aliquam
1382 2289 1592 2325 immobilem
1614 2289 1783 2336 familiae
1804 2300 1892 2325 suae
1915 2289 1971 2325 vel
1991 2288 2056 2324 alii
2075 2288 2187 2323 alicui
2204 2299 2386 2335 personae

165 2339 275 2386 leqati
304 2339 446 2374 nomine
477 2338 666 2384 reliquerit
696 2341 804 2383 atque
827 2336 1032 2383 specialiter
1061 2336 1206 2384 iusserit
1233 2335 1332 2371 nullo
1358 2339 1422 2370 tem
1453 2346 1515 2370 ore
1546 2346 1624 2370 eam
1647 2346 1722 2382 rem
1745 2334 1916 2377 alienari,
1946 2333 2012 2369 sed
2033 2333 2134 2380 apud
2156 2332 2303 2369 heredes
2330 2334 2386 2370 vel

164 2395 387 2421 successores
409 2383 508 2418 illius
531 2383 589 2419 cui
612 2382 738 2418 relicta
762 2383 808 2417 sit
828 2392 1052 2427 permanere,
1083 2381 1122 2416 in
1144 2380 1213 2416 hoc
1237 2380 1355 2426 teqato
1378 2379 1415 2415 iu
1440 2390 1538 2415 emus
1563 2380 1674 2426 leqem
1698 2379 1897 2415 Falcidiam
1923 2379 2039 2414 locum
2061 2379 2205 2414 omnino
2229 2389 2302 2413 non
2322 2378 2385 2414 Ιια-

165 2431 258 2473 bere,
282 2430 452 2476 quoniam
474 2428 726 2464 alienationem
750 2427 826 2463 eius
849 2427 926 2473 ipse
947 2426 1133 2472 prohibuit
1155 2426 1218 2472 qui
1239 2429 1389 2461 testatus
1404 2429 1466 2461 est.
1503 2424 1606 2460 Haec
1621 2429 1739 2460 autem
1763 2425 1808 2461 de
1822 2425 1895 2460 illis
1919 2424 2060 2460 casibus
2083 2423 2203 2460 valere
2226 2424 2386 2460 iubemus

165 2475 229 2522 qui
253 2474 412 2510 nondum
437 2473 602 2509 iudiciali
622 2473 800 2508 sententia
824 2472 880 2508 vet
902 2470 1045 2506 amicali
1068 2471 1302 2508 conventione
1324 2470 1381 2506 vel
1403 2470 1477 2506 ullo
1503 2469 1661 2516 legitimo
1685 2469 1791 2505 modo
1816 2470 1926 2506 decisi
1948 2473 2041 2517 sunt.

301 2519 336 2555 E
340 2520 390 2565 pi
396 2519 410 2554 l
417 2530 438 2554 o
446 2530 539 2565 qus.
586 2518 795 2554 Sublimitas
819 2517 930 2563 iqitur
954 2520 1016 2551 tua
1033 2526 1125 2562 quae
1134 2514 1206 2563 per
1216 2519 1445 2563 praesentem
1470 2515 1582 2561 leyem
1606 2515 1642 2550 in
1657 2526 1726 2562 per
1754 2519 1873 2551 etuum
1897 2514 2087 2550 valituram
2111 2516 2239 2550 nostra
2258 2514 2387 2551 sanxit

165 2565 341 2602 serenitas
364 2568 398 2600 et
421 2564 547 2600 edictis
569 2564 606 2598 in
631 2563 698 2598 lzac
721 2562 823 2608 reqia
855 2562 997 2597 civitate
1013 2562 1216 2609 propositis
1246 2565 1282 2597 et
1304 2560 1484 2596 mandatis
1517 2560 1565 2596 acl
1580 2561 1709 2607 praest
1735 2572 1772 2596 es
1793 2561 1948 2596 omnium
1970 2559 2246 2607 provinciarum
2270 2559 2387 2595 missis

166 2616 206 2647 ut
229 2610 279 2646 ad
300 2610 455 2646 omnium
479 2608 643 2645 notitiam
667 2607 812 2644 veniant
834 2607 978 2653 efficiet.

236 2704 251 2735 1
280 2696 331 2734 δι’
359 2695 468 2733 αὐτοῦ
494 2699 525 2731 L
549 2698 561 2742 ΙΙ
587 2699 608 2732 4
631 2695 819 2742 τεστάτωρ
845 2697 902 2738 M]
941 2694 1154 2738 διαθέμενος
1176 2695 1208 2729 L

169 2749 188 2782 5
214 2744 253 2779 θ’
268 2758 368 2788 marg).
386 2746 416 2778 L
435 2745 446 2783 ΙΙ
463 2742 589 2787 νόμον]
615 2756 686 2776 nov.
701 2744 731 2776 L
743 2744 809 2776 Vc.
827 2744 840 2775 1
861 2741 872 2786 Ι]
891 2740 1164 2786 καταφέρεσθαι
1182 2741 1216 2774 Β

168 2794 187 2826 7
212 2789 406 2834 ἐκκλησίας]
430 2788 526 2823 οἴκου
542 2788 594 2822 ΒΓ
609 2787 622 2833 Ι]
637 2787 872 2832 θεσπίζομεν]
897 2784 953 2820 διὸ
975 2788 1034 2819 καὶ
1051 2783 1244 2819 ἀκωλύτως

168 2835 396 2870 ἐκποιεῖσθαι
420 2831 607 2877 κελεύομεν
631 2835 708 2867 add.
735 2834 770 2867 B
798 2833 810 2877 ΙΙ
843 2835 863 2867 9
887 2829 1121 2877 περιελθοῦσι
1144 2833 1243 2875 νομί-

166 2892 242 2925 μως
266 2880 317 2914 ΒΓ
342 2880 354 2924 ΙΙ
382 2882 420 2915 11
446 2879 570 2922 εἴπητέ
592 2879 639 2912 L¹
664 2882 676 2923 Ι]
698 2875 737 2912 δὲ
760 2879 930 2921 01n.LBn
957 2879 996 2912 12
1022 2874 1170 2922 λεγάτου
1195 2877 1244 2910 B⁸

168 2928 225 2970 (id.
244 2928 296 2969 16)
312 2925 325 2970 ll
346 2928 386 2961 13
410 2923 617 2969 καταλείψει
644 2925 762 2965 MLR,
787 2936 868 2956 corr.
895 2923 1058 2966 Sorimyer
1074 2922 1086 2966 ss
1110 2919 1242 2967 χρόνῳ]

168 2968 295 3016 τρόπω
313 2972 362 3004 L“
379 2971 391 3014 ΙΙ
412 2973 452 3004 14
468 2967 569 3011 ἀλλὰ]
595 2969 652 3002 sed
671 2972 730 3001 aut
754 2981 772 3005 ς
790 2968 802 3012 ΙΙ
818 2964 841 3010 ἢ
865 2964 1055 3009 διαδόχοις]
1081 2969 1140 3000 aut
1155 2967 1243 3010 apud

169 3026 370 3069 successores
395 3027 414 3051 ς
429 3016 514 3098 ”135ss
526 3012 747 3093 κέἔελεῖφθη
770 3015 819 3046 13⁸
834 3026 864 3045 υ.
873 3015 912 3101 ΙΙΙ,
937 3013 988 3046 Bt
997 3014 1041 3089 (ςέ
1058 3012 1134 3090 111211
1158 3009 1242 3099 τριοῆ

169 3072 241 3095 πον
263 3073 305 3095 νο
338 3072 420 3102 ιμον
612 3073 650 3092 su
671 3072 732 3092 scr.
759 3071 815 3091 om.
832 3070 851 3095 ς
915 3069 993 3090 xm.
1044 3082 1052 3090 .
1093 3068 1109 3089 e
1133 3069 1160 3090 r.

169 3117 249 3139 xxm
261 3074 334 3138 kall-t
342 3105 405 3138 feb.
420 3104 523 3138 Iulstw
559 3103 629 3150 πρὸ
645 3099 891 3140 ις’καλάνδων
901 3104 1157 3147 Φεβρουαρίων
1165 3104 1242 3155 ‚Affl-

169 3150 642 3237 5353.⁹⁰51ss{{'515502tg'‘5352‚
651 3148 884 3235 ”2321ssprssss
887 3149 997 3226 tiit?
1021 3150 1150 3234 {3333}
1161 3159 1243 3228 1ῗῖιὲ

172 3243 296 3283 constp.
322 3241 400 3282 imp.
424 3240 504 3273 dnn.
528 3239 713 3272 iustiniano
730 3237 818 3271 Iul.²0
849 3248 899 3281 cp.
921 3238 974 3270 dn.
995 3238 1071 3271 inst.
1097 3249 1150 3281 pp.
1168 3249 1242 3281 aug.

171 3286 290 3319 basilio
306 3295 355 3319 vc.
373 3295 475 3318 conss.
493 3285 539 3318 M
589 3281 744 3317 ασιλείας
757 3277 1011 3316 Ἰουστινιανοῦ
1028 3281 1071 3316 τὸ
1089 3282 1139 3324 ιζ’
1155 3283 1245 3327 μετὰ

171 3330 240 3374 τὴν
260 3327 438 3365 ὑπατείαν
458 3332 550 3362 Βασι
574 3332 647 3362 είου
668 3326 712 3361 τὸ
733 3325 763 3374 γ’
783 3328 875 3361 Ath..
893 3328 964 3361 ἔτει
989 3324 1038 3369 ιζ’
1063 3326 1152 3372 μετὰ
1176 3329 1244 3373 τὴν

172 3373 352 3410 ὑπατείαν
376 3372 563 3408 Βασιλείου
586 3373 628 3407 τὸ
652 3371 689 3420 γ’
707 3374 825 3407 ΤΙιεοιὶ.

1367 2697 1387 2729 4
1411 2696 1621 2729 seruauerint
1633 2697 1682 2729 12¹
1707 2695 1929 2729 observaverit
1944 2697 2031 2739 vutq.
2050 2694 2061 2739 ss
2080 2697 2099 2730 5
2113 2698 2199 2729 rubr.
2223 2695 2274 2728 De
2288 2695 2387 2729 rebus

1311 2740 1528 2774 inmobilibus
1556 2751 1639 2784 quae
1669 2741 1710 2774 ad
1732 2741 1805 2774 loca
1834 2740 2041 2774 uenerabilia
2070 2740 2241 2783 pertinent
2266 2741 2335 2774 RT
2353 2743 2384 2775 in

1311 2799 1412 2831 mary.
1425 2788 1477 2829 (ex
1489 2787 1567 2829 Iul.)
1585 2786 1597 2831 Ι]
1614 2787 1801 2820 sancximus
1816 2786 1877 2828 21¹³]
1899 2786 2084 2819 sanccimus
2097 2786 2184 2820 RT¹
2204 2786 2385 2820 sanctimus

1318 2831 1375 2876 Vl}
1392 2834 1411 2866 6
1432 2831 1514 2865 alias
1530 2832 1563 2865 R
1580 2832 1593 2876 Ι]
1611 2835 1628 2866 7
1650 2832 1685 2865 in
1708 2845 1764 2866 om.
1782 2832 1815 2865 T
1827 2831 1839 2876 ΙΙ
1857 2834 1876 2866 8
1894 2832 2123 2865 conuenerunt
2137 2832 2169 2865 Τ
2176 2831 2186 2852 ¹
2203 2831 2215 2876 ΙΙ
2233 2833 2253 2866 9
2271 2841 2385 2873 quam-

1311 2887 1374 2920 que
1389 2879 1504 2920 postea
1524 2878 1587 2911 VT
1600 2877 1612 2921 ss
1634 2879 1670 2912 11
1686 2880 1772 2911 rubr.
1798 2877 1835 2909 Si
1852 2877 1927 2919 quis
1943 2877 2068 2910 familie
2090 2876 2145 2909 uel
2161 2876 2226 2910 alie
2250 2876 2324 2918 (alii
2341 2877 2385 2920 R)

1309 2933 1449 2965 persone
1482 2922 1630 2965 legatum
1660 2922 1836 2964 reliquerit
1869 2924 1902 2955 et
1933 2923 1983 2956 rei
2013 2922 2121 2964 legate
2152 2921 2385 2955 alienationem

1310 2968 1519 3011 prohibuerit
1543 2969 1611 3002 RT
1630 2970 1662 3002 in
1680 2981 1781 3012 mary.
1798 2969 1850 3008 (ex
1864 2968 1942 3010 Iul.)
1957 2967 1969 3012 ΙΙ
1988 2970 2032 3008 et]
2057 2970 2156 3009 atque
2182 2968 2214 3000 T
2227 2968 2239 3011 ΙΙ
2259 2968 2299 3002 12
2323 2966 2384 3000 im-

1310 3013 1431 3046 mobile
1454 3013 1503 3050 R¹
1519 3012 1532 3057 ΙΙ
1561 3014 1599 3048 13
1626 3013 1808 3055 reliquerat
1832 3013 1880 3045 R¹
1897 3011 1909 3057 Ι]
1934 3012 2154 3055 spiritualiter
2178 3012 2270 3045 R¹T
2277 3012 2288 3032 ¹
2306 3011 2318 3056 ss
2344 3013 2384 3047 14

1311 3058 1404 3091 nullo
1419 3058 1501 3099 RT]
1526 3058 1562 3090 in
1579 3058 1674 3091 nullo
1695 3059 1724 3091 V
1740 3059 1751 3099 ΙΙ
1771 3059 1810 3091 15
1823 3057 1892 3089 illis
1906 3057 1956 3090 T²
1971 3059 1983 3100 ΙΙ
2006 3059 2043 3091 17
2059 3056 2227 3098 quoniam]
2252 3056 2384 3099 quando

1311 3103 1379 3146 (qn)
1394 3103 1442 3136 T¹
1460 3102 1472 3146 ΙΙ
1492 3104 1531 3137 18
1550 3104 1620 3146 ipse
1640 3116 1697 3136 ουκ
1715 3102 1769 3145 Tu
1786 3103 1849 3134 hoc
1872 3102 1904 3135 Τ
1918 3101 1930 3146 ΙΙ
1948 3103 1989 3136 19
2006 3102 2166 3142 nondum]
2182 3101 2315 3134 modum
2334 3101 2383 3135 T¹

1312 3160 1377 3181 non
1401 3148 1434 3181 R
1464 3147 1475 3191 Ι]
1503 3149 1546 3181 20
1569 3147 1776 3181 amicabilem
1799 3147 1832 3179 R
1856 3146 1868 3190 ΙΙ
1902 3148 1944 3180 22
1976 3148 2035 3179 tua
2062 3146 2167 3188 igitur
2197 3156 2295 3188 qnam
2325 3156 2384 3188 per

1315 3193 1371 3238 ΤΙΙ
1388 3194 1428 3227 23
1455 3192 1601 3225 ualitura
1632 3194 1694 3227 VT
1712 3192 1726 3236 [Ι
1751 3193 1792 3226 25
1817 3191 1928 3225 omnia
1960 3192 2030 3225 VT
2049 3190 2062 3236 ss
2087 3193 2126 3225 27
2153 3192 2384 3234 subscriptione

1312 3245 1424 3274 carent
1448 3239 1525 3271 libri

2072 3778 2115 3812 73
