2586 3990
146 142 451 175 GOGNOSCITUR
479 142 719 175 SECUNDUM
750 144 878 177 ILLAS

144 243 322 287 μητρῴοις
355 243 576 289 πράγμασιν.
624 246 683 276 καὶ
707 244 775 278 τὸν
798 246 866 288 μὲν
887 244 1056 279 τοιοῦτον
1078 243 1225 301 χάρτην,

145 289 292 332 ἐπείπερ
318 285 415 330 δόλῳ
439 289 500 321 καὶ
522 290 662 335 μηχανῇ
689 290 914 324 συντεθέντα
938 291 1110 337 ἔγνωμεν,
1138 303 1207 324 κατ

144 329 274 366 οὐδένα
298 330 436 377 τρόπον
461 337 605 378 κρατεῖν
630 334 938 380 συνεχωρήσαμεν,
963 334 1031 378 τήν
1056 334 1095 370 δὲ
1111 336 1224 382 θυγα-

143 380 230 424 τέρα
245 375 468 432 κληρονόμον
492 379 555 411 τοῦ
574 379 711 426 πατρὸς
734 384 792 433 καί
816 381 879 423 τῆς
894 382 1027 426 μητρὸς
1049 382 1225 427 γενέσθαι

1215 129 1301 177 547

2072 135 2178 178 Nov.
2211 134 2321 178 CXV
2352 138 2374 176 5

1296 244 1404 279 talem
1427 245 1570 290 quidem
1594 245 1825 290 scripturam,
1858 245 1943 290 quia
1967 245 2049 281 dolo
2074 254 2152 281 eam
2183 249 2219 281 et
2242 245 2376 282 machi-

1296 289 1439 325 natione
1468 290 1691 335 quorundam
1721 292 1955 334 compositam
1985 291 2097 327 fuisse
2129 292 2376 336 comperimus,

1295 335 1392 369 nullo
1417 336 1520 371 modo
1545 335 1768 381 permisimus
1794 336 1967 378 obtinere,
2000 335 2109 371 filiam
2134 341 2252 372 autem
2276 337 2377 372 here-

1295 379 1374 414 dem
1398 381 1511 425 patris
1536 391 1579 416 ac
1603 380 1727 415 matris
1751 380 1916 415 iussimus
1938 382 2031 423 fieri,
2057 382 2149 417 sicut
2173 387 2209 417 et
2233 382 2377 426 scriptis

144 423 494 478 παρεκελευσαμερα,
512 424 683 470 καθάπερ
698 428 756 479 καὶ
770 439 791 469 η
805 429 979 472 (ἔγγραφος
992 425 1225 472 προελθοῦσα
1263 429 1280 460 5
1295 425 1473 469 prolatum
1505 436 1613 471 super
1635 426 1704 461 hac
1730 435 1840 461 causa
1864 429 2024 461 nostrum
2051 426 2258 463 manifestat
2281 427 2376 462 arbi-

144 470 224 513 περὶ
246 469 310 502 τοῦ
330 481 440 501 αυτου
462 468 671 514 πράγματος
692 474 846 515 ημετέρα
871 475 982 516 κρίσις
1006 470 1115 513 δηλοῖ.

143 516 163 548 1
212 514 442 558 Μεμνήμεθα
467 514 557 558 πρὸς
589 515 726 549 τούτοις
757 515 871 559 νόμον
902 514 992 561 παρ’
1020 514 1124 560 ἡμῶν
1149 529 1224 560 φοι-

143 559 260 600 τῆσαι,
286 556 338 592 δι’
358 559 399 592 οὑ
418 558 759 604 παρεκελευσάμεθα
782 558 908 603 μηδενὶ
929 559 1115 596 παντελῶς
1139 561 1223 602 ἐξεῖ-

143 616 203 636 ναι
220 602 266 636 τοὶ
288 604 365 637 τῶν
380 603 636 638 τελευτώντων
660 604 811 650 στόματα
831 608 949 650 χρέους
966 602 1121 649 ὀνόματι
1141 619 1223 652 κρα-

1294 471 1412 505 trium.

1292 517 1314 551 1
1362 516 1588 552 Meminimus
1618 516 1766 568 insuper
1796 515 1907 568 legem
1940 526 1962 550 a
1991 516 2092 568 nobis
2123 516 2234 551 fuisse
2258 516 2376 568 prola-

1294 563 1382 603 tam,
1409 571 1474 605 per
1498 571 1601 606 quam
1626 561 1793 596 iussimus
1818 561 1903 595 nulli
1927 566 2068 605 penitus
2095 572 2173 597 esse
2196 562 2376 597 licentlam

1295 616 1447 651 corpora
1479 606 1730 642 defunctorum
1763 605 1873 640 debiti
1905 606 2019 650 gratia
2047 607 2204 642 detinere
2237 610 2300 641 aut
2323 607 2374 641 in-

142 650 218 681 τεῖν
241 646 264 691 ἢ
288 647 495 692 ἐμπόδισμα
525 651 568 696 τῇ
593 650 736 684 τούτων
767 651 955 685 ποιεῖσθαι
986 652 1094 705 wag.
1143 648 1220 685 ἀλλ’
1241 654 1280 684 10
1293 652 1535 695 pedimentum
1559 661 1681 687 eorum
1711 651 1831 686 facere
1855 651 2069 695 sepulturae.
2118 652 2187 686 Sed
2211 652 2247 686 in
2271 661 2374 697 prae-

142 694 202 726 ἐπὶ
226 695 290 727 τοῦ
315 694 494 738 παρόντος
518 697 680 740 ἔγνωμεν
702 707 803 730 τινας
826 693 1106 738 τελευτήσαντος
1128 708 1224 730 τινος

141 738 205 772 τὸν
238 743 377 784 πατέρα
409 742 446 773 ἐκ
478 741 540 783 τῆς
571 743 684 787 ταφῆς
719 741 783 774 τοῦ
814 742 941 774 οἰκείου
977 739 1107 775 παιδὸς
1135 738 1222 775 ἀνα-

142 782 275 817 λύοντα
300 781 456 827 ὀνόματι
481 788 600 830 χρέους
622 787 808 829 κρατῆσαι,
833 789 892 819 καὶ
916 784 976 819 διὰ
995 787 1103 820 τοῦτο
1128 784 1223 820 εὗσε-

141 830 282 883 ῥῖἑςΙκαὶ
308 829 576 876 φιλάνθρωπον
601 831 691 864 εἶναι
717 829 926 874 συνείδομεν
958 831 1026 874 τὴν
1050 832 1223 874 τοιαύτην

1293 697 1385 731 senti
1411 697 1582 741 quosdam
1606 697 1835 741 cognovimus
1868 696 2053 732 cuiusdam
2084 697 2215 732 mortui
2238 697 2375 741 genito-

1292 752 1367 776 rem
1400 752 1421 777 a
1452 742 1637 787 sepultura
1669 742 1725 776 sui
1757 741 1823 776 filii
1856 741 2062 777 redeuntem
2093 743 2236 778 nomine
2267 741 2376 778 debiti

1293 787 1467 830 tenuisse,
1499 788 1649 832 ideoque
1678 787 1776 831 pium
1803 790 1839 822 et
1863 787 2055 822 humanum
2087 797 2166 823 esse
2190 787 2375 832 perspexi-

1293 842 1373 867 mus
1397 833 1503 868 talem
1528 832 1774 868 crudelitatem
1797 832 1866 867 hac
1890 833 1967 876 lege
1990 832 2151 877 piissima
2174 833 2373 868 cohercere.

142 888 311 917 (υμοτητα
347 877 401 918 τῷ
437 875 593 921 παρόντι
628 873 875 920 εύσεβεστάτῳ
914 873 1016 920 νόμῳ
1052 876 1221 910 κωλῦσαι.
1239 879 1278 910 ’15
1295 877 1480 913 Sancimus
1515 878 1638 924 itaque
1676 878 1764 913 nulli
1797 878 1939 923 penitus
1980 887 2058 913 esse
2092 878 2273 913 licentiam
2312 881 2376 913 aut

144 920 365 963 θεσπίζομεν
389 925 511 954 τοίνυν
531 919 656 964 μηδενὶ
680 921 866 956 παντελῶς
890 921 1022 962 ἐξεῖναι
1046 922 1128 956 τοὺς
1144 921 1222 965 κλη-

142 965 312 1009 ρονόμους
336 967 400 999 τοῦ
424 965 661 1000 τελευτῶντος
689 965 710 1009 ἢ
741 967 822 1000 τοὺς
843 970 958 1011 γονεῖς
989 965 1012 1010 ἢ
1035 967 1117 1001 τοὺς
1140 970 1222 1002 παῖ-

142 1009 204 1044 δας
241 1008 262 1053 ἢ
294 1010 454 1056 γαμετὴν
488 1009 511 1054 ἢ
543 1011 733 1055 adgnatovs
766 1010 787 1054 ἢ
820 1016 1008 1056 cognatave
1042 1010 1065 1056 ἢ
1098 1011 1223 1047 ἄλλους

142 1053 251 1089 αὐτοῦ
277 1059 475 1103 προςγενεῖς
499 1054 522 1100 ἢ
546 1057 715 1104 ἐγγυητὰς
738 1058 809 1102 πρὸ
835 1060 895 1100 τῆς
915 1059 994 1092 τῶν
1011 1059 1115 1092 ἐννέα
1139 1056 1221 1101 ἡμε-

1294 923 1440 958 heredes
1472 926 1535 958 aut
1563 925 1730 968 parentes
1760 925 1823 958 aut
1847 923 1979 958 liberos
2011 925 2074 958 aut
2099 923 2283 968 coniugem
2312 926 2376 958 aut

1294 972 1442 1012 agnatos
1466 969 1520 1004 vel
1546 971 1716 1013 cognatos
1749 972 1812 1004 aut
1835 969 1924 1004 alios
1950 968 2076 1004 affines
2101 969 2177 1004 eius
2201 971 2266 1004 aut
2288 968 2375 1004 fide-

1292 1014 1448 1049 iussores
1479 1016 1563 1050 ante
1592 1024 1718 1050 novem
1743 1014 1878 1049 dierum
1902 1013 2076 1059 spatium,
2108 1014 2145 1049 in
2171 1014 2299 1059 quibus
2323 1014 2374 1049 vi-

1293 1058 1421 1093 dentur
1444 1059 1573 1104 lugere,
1604 1059 1835 1095 conveniendi
1858 1063 1921 1094 aut
1946 1070 2169 1104 quocumque
2191 1059 2296 1095 modo
2320 1060 2374 1095 in-

141 1102 217 1143 ρῶν
241 1102 483 1148 προθεσμίας,
509 1103 548 1135 ἐν
573 1101 627 1136 αἶς
650 1102 804 1137 πενθεῖν
826 1101 1004 1144 δοκοῦσιν,
1030 1104 1222 1138 αἰτιᾶσθαι
1237 1105 1278 1137 20
1293 1103 1474 1148 quietandi
1514 1107 1579 1139 aut
1613 1105 1768 1149 aliquam
1803 1105 2081 1140 admonitionem
2116 1105 2168 1140 eis
2204 1105 2375 1141 offerendi

141 1146 161 1189 ἢ
186 1145 275 1180 καθ)
304 1145 517 1190 οἱονδήποτε
540 1148 680 1193 τρόπον
704 1147 938 1192 παρενοχλεῖν
966 1147 989 1191 ἦ
1018 1162 1103 1183 τινα
1133 1147 1221 1185 ὑπό-

140 1204 272 1234 μνησιν
298 1190 416 1226 αὐτοῖς
439 1194 633 1238 ἐπιφέρειν,
658 1191 682 1236 ἢ
706 1194 746 1226 ἐν
772 1192 991 1242 δικαστηρίῳ
1016 1191 1144 1228 αὐτοὺς
1161 1209 1221 1229 κα-

142 1236 216 1271 λεῖν
251 1238 321 1271 εἴτε
357 1235 511 1281 ὀνόματι
550 1241 669 1283 χρέους
706 1238 805 1284 παρὰ
843 1240 908 1273 τοῦ
946 1238 1224 1283 τελευτήσαντος

140 1286 384 1329 καταγομένου
415 1283 486 1317 εἴτε
519 1281 791 1338 ἄλληςΐοὶαςοῦν
823 1284 939 1318 αἰτίας
969 1284 1074 1330 χάριν
1105 1285 1153 1319 εἰς
1176 1285 1223 1319 τὰ

1292 1151 1356 1184 aut
1379 1149 1415 1183 in
1440 1149 1571 1185 iudicio
1595 1159 1656 1185 eos
1681 1150 1832 1185 vocandi
1855 1150 1928 1186 sive
1954 1150 2064 1185 debiti
2087 1150 2203 1194 gratia
2233 1150 2329 1195 quod
2353 1160 2376 1185 a

1293 1194 1464 1230 defuncto
1489 1195 1671 1230 descendit
1695 1195 1769 1230 sive
1793 1195 1938 1230 alterius
1965 1196 2221 1241 cuiuscumque
2245 1205 2375 1231 causae

1293 1240 1434 1275 nomine
1450 1240 1496 1275 ad
1509 1242 1723 1276 memoratas
1742 1250 1914 1285 personas
1932 1241 2135 1285 specialiter
2151 1241 2373 1286 pertinentis.

1293 1285 1330 1319 Si
1361 1296 1443 1320 vero
1474 1285 1570 1320 intra
1602 1296 1726 1321 novem
1758 1285 1895 1320 dierum
1927 1287 2083 1330 spatium
2112 1287 2239 1331 aliquis
2263 1296 2375 1323 ausus

139 1329 441 1382 μνημονευθέντα
465 1326 585 1362 ἰδικῶς
616 1328 755 1374 ορώσης
779 1329 963 1376 πρόςωπα.
1012 1328 1099 1364 εἰδὲ
1123 1331 1224 1364 ἐντὸς
1238 1332 1278 1364 25
1291 1330 1400 1365 fuerit
1424 1331 1619 1375 quamlibet
1643 1331 1686 1366 de
1702 1331 1895 1376 praedictis
1920 1331 2083 1376 personis
2108 1335 2171 1367 aut
2187 1332 2375 1367 convenire

140 1387 217 1407 των
233 1376 337 1407 ἐννέα
362 1374 505 1418 ημερῶν
529 1373 716 1418 τολμήσειε
740 1378 792 1409 τίς
815 1388 899 1410 τινα
923 1376 1002 1410 τῶν
1026 1376 1224 1421 εἰρημένων

140 1420 314 1464 κρατῆσαι
338 1418 542 1465 προςιόπων
567 1417 589 1462 ἢ
612 1418 833 1464 μεθοδεῦσαι
866 1420 888 1464 ἢ
913 1434 997 1455 τινα
1028 1420 1223 1468 ὁμολογίαν

140 1462 162 1506 ἢ
183 1462 380 1507 ὑπόσχεσιν
404 1461 426 1507 ἢ
448 1464 578 1511 ἐγγύην
598 1463 690 1512 παρ’
712 1463 822 1499 αι’·τοῦ
848 1466 1082 1510 κομίσασθαι,
1106 1468 1223 1500 ταῦτα

140 1511 263 1544 πάντα
287 1507 462 1563 οἶνίσχυρα
486 1510 579 1544 εἶναι
602 1511 837 1565 θεσπίζομεν.
880 1510 970 1556 μετὰ
996 1511 1034 1546 δὲ
1057 1513 1125 1555 τὴν
1145 1513 1223 1546 τῶν

1292 1379 1355 1411 aut
1384 1376 1542 1421 aliquam
1574 1376 1776 1411 cautionem
1805 1387 1868 1412 seu
1900 1377 2169 1421 promissionem
2203 1377 2257 1412 vel
2286 1377 2373 1412 fide-

1291 1421 1484 1457 iussionem
1516 1422 1562 1457 ab
1595 1432 1638 1457 ea
1670 1421 1818 1465 exigere,
1851 1421 1940 1457 haec
1972 1423 2091 1458 omnia
2115 1422 2268 1458 invalida
2297 1432 2375 1458 esse

1293 1467 1526 1502 decernimus.
1574 1467 1662 1503 Post
1698 1477 1825 1502 novem
1857 1471 1977 1502 autem
2015 1467 2152 1503 dierum
2186 1477 2375 1504 excursum

1292 1512 1323 1547 si
1347 1513 1426 1557 quis
1456 1515 1583 1548 contra
1613 1513 1705 1549 tales
1735 1522 1906 1557 personas
1936 1513 2075 1558 aliquas
2105 1513 2239 1549 habere
2267 1517 2374 1559 puta·

140 1553 679 1611 irvs'aln‘pepwv*naqadoopmv
702 1558 732 1590 εὶ
756 1568 815 1612 τις,
833 1558 925 1591 κατὰ
950 1559 1027 1592 τῶν
1044 1556 1224 1592 τοιούτων
1237 1559 1278 1591 30
1291 1559 1382 1593 verit
1412 1558 1589 1601 actiones,
1622 1568 1683 1594 eas
1716 1558 1912 1594 secundum
1940 1559 2035 1604 leges
2063 1563 2243 1603 exerceat,
2276 1559 2373 1596 nullo

140 1612 345 1645 στροςιοπων
361 1612 462 1635 τινας
479 1603 573 1642 ἔχειν
596 1605 777 1645 νομίσειεν
795 1602 947 1649 αγιογάς,
973 1601 1108 1637 ταύτας
1132 1603 1224 1637 κατὰ

139 1646 218 1679 τους
251 1646 379 1690 νόμους
412 1648 679 1692 ἑγγυμναζέτω,
710 1645 863 1690 μηδενὸς
896 1646 1032 1691 δηλαδὴ
1064 1651 1137 1682 τοῖς
1169 1649 1224 1681 ἐν-

206 1749 226 1793 ξ
249 1751 264 1783 1
288 1750 344 1791 (16
368 1749 591 1791 Θεσπίζομεν
610 1746 738 1792 μηδενὶ
760 1747 948 1782 παντελῶς
968 1749 1100 1790 ἐξεῖναι
1115 1777 1121 1783 .
1138 1777 1144 1783 .
1160 1777 1167 1783 .
1208 1751 1229 1792 .)
1250 1752 1369 1784 liabent
1385 1750 1565 1784 Proohiron
1580 1752 1633 1792 37,
1647 1758 1725 1794 1-3,
1750 1752 1958 1797 Epanaqoye
1975 1753 2028 1795 35,
2043 1758 2071 1794 2,
2095 1751 2131 1785 B
2145 1753 2198 1794 23,
2212 1758 2240 1794 2,
2253 1759 2269 1786 2
2287 1753 2375 1795 (inde

140 1796 187 1828 RS
208 1798 247 1828 X
265 1796 295 1836 2,
314 1803 350 1829 28
372 1808 407 1838 p.
421 1795 486 1828 684
507 1795 636 1836 Zach.)‚
665 1796 808 1838 priorem
829 1802 957 1838 partem
981 1794 1214 1839 Μεμνήμεθα
1239 1815 1282 1820 -
1306 1795 1532 1839 θεσπίζομεν
1556 1799 1681 1829 τοίνυν
1705 1799 1812 1841 suppl.
1839 1796 1911 1840 ΒΣ,
1943 1799 2067 1831 initium
2089 1798 2130 1839 (v.
2146 1799 2233 1832 7—9
2255 1799 2376 1842 χρέους

89 1854 91 1856 ·
137 1837 303 1883 ὀνόματι)
331 1841 426 1872 babet
449 1840 656 1883 Epanaqoye
676 1842 729 1881 35,
746 1848 770 1873 1.
796 1860 838 1864 —
871 1841 1086 1875 Summarium
1113 1849 1199 1876 extat
1222 1838 1315 1875 Ῥοπ.
1332 1845 1349 1875 7
1377 1844 1447 1883 (ubi
1469 1842 1588 1875 citatur
1611 1842 1723 1887 νεαρὰ
1749 1840 1848 1888 ριδ’),
1871 1856 1993 1877 summa
2019 1844 2139 1877 Theod.
2165 1844 2198 1877 in
2223 1840 2283 1876 ΒΣ
2308 1844 2377 1886 (ubi

134 1899 196 1929 pro
222 1883 417 1919 Θαλελαίου
441 1887 535 1918 scrib.
564 1881 775 1931 Θεοδώρου),
799 1898 921 1919 summa
942 1886 1019 1919 Ath.
1045 1889 1200 1930 repetitur
1225 1889 1256 1920 in
1279 1888 1449 1931 paratitlis
1467 1887 1541 1920 Aeli.
1557 1888 1577 1921 6
1597 1892 1654 1927 93.

139 2009 323 2043 bonorum.
371 2008 486 2052 Atque
511 2006 686 2041 eiusmodi
717 2006 881 2041 chartam
913 2007 1085 2053 quoniam
1118 2008 1201 2042 dolo
1234 2012 1269 2044 et
1299 2008 1565 2044 machinatione
1597 2010 1835 2056 compositam
1860 2010 2111 2056 ooqnovimus,
2142 2009 2243 2045 nullo
2267 2009 2375 2046 modo

138 2053 256 2088 valere
283 2054 391 2097 passi
420 2062 558 2093 sumus,
594 2051 658 2085 sed
685 2051 801 2096 filiam
833 2051 996 2086 lteredem
1021 2053 1145 2097 patris
1175 2056 1211 2088 et
1241 2054 1369 2088 matris
1395 2054 1481 2098 fieri
1513 2055 1698 2097 iussimus,
1736 2055 2035 2100 quemadmodum
2066 2054 2174 2091 etiam
2205 2055 2375 2090 iudicium

139 2102 302 2133 nostrum
326 2097 370 2132 de
393 2097 516 2131 eadem
539 2107 579 2131 re
604 2097 641 2130 in
664 2097 811 2141 seriptis
833 2096 1017 2143 prolatum
1042 2097 1216 2132 declarat.

139 2147 160 2180 1
209 2142 434 2177 Meminimus
455 2145 647 2187 praeterea
672 2140 785 2186 leqem
809 2153 832 2176 a
856 2141 960 2176 nobis
982 2143 1190 2188 profectam
1215 2153 1302 2183 esse,
1330 2153 1402 2189 per
1425 2154 1533 2189 quam
1557 2145 1727 2181 iussimus
1750 2145 1883 2180 nemini
1915 2146 2060 2180 o'mnino
2086 2145 2192 2180 licere
2216 2155 2376 2191 corpora

138 2189 393 2232 defunctorum
430 2186 540 2221 debiti
578 2187 721 2221 nomine
758 2186 917 2222 detinere
956 2187 1012 2222 vel
1046 2198 1169 2222 eorum
1205 2187 1416 2233 sepulturae
1455 2189 1744 2234 impedimentum
1783 2191 1928 2235 afferre.
1983 2189 2057 2225 Sed
2092 2191 2130 2225 in
2163 2191 2376 2236 praesentia

139 2233 371 2280 coqnovimus
400 2231 592 2266 nonnullos
624 2231 789 2276 defuncti
821 2230 1007 2266 cuiusdam
1034 2235 1178 2277 patrem
1203 2244 1225 2266 a
1247 2233 1381 2277 funere
1408 2233 1479 2277 filii
1507 2234 1566 2268 sui
1595 2239 1829 2271 revertentem
1859 2235 1968 2270 debiti
1992 2235 2136 2270 nomine
2159 2235 2376 2277 detinuisse;

139 2290 183 2314 ao
198 2281 403 2325 propterea
424 2277 526 2322 pium
551 2281 585 2311 et
609 2276 803 2311 numanum
833 2287 909 2311 esse
938 2277 1042 2312 nobis
1070 2277 1183 2312 visum
1213 2281 1266 2312 est
1290 2278 1464 2313 eiusmodi
1494 2279 1741 2316 crudelitatem
1771 2280 1840 2315 leae
1861 2280 2032 2326 piissima
2063 2279 2141 2325 leqe
2199 2279 2374 2316 rokibere.

138 2323 329 2359 Sanelmus
353 2323 476 2368 iqitur,
509 2333 553 2356 ne
578 2322 637 2356 oui
661 2322 805 2356 omnino
831 2321 936 2356 liceat
964 2321 1112 2357 heredes
1136 2322 1301 2367 defuncti
1332 2322 1387 2358 vel
1414 2327 1587 2370 parentes
1617 2325 1672 2360 vel
1696 2325 1828 2361 liberos
1857 2326 1912 2361 vel
1934 2335 2088 2361 uxorem
2118 2336 2158 2360 ve
2197 2324 2247 2360 ad
2271 2330 2376 2361 natos

138 2369 196 2405 vel
217 2373 390 2414 eoqnatos
415 2367 471 2402 vel
493 2367 587 2401 alios
610 2367 745 2411 aflines
769 2366 846 2401 eius
870 2366 925 2402 vel
943 2367 1178 2411 fideiussores
1206 2370 1291 2403 ante
1314 2378 1440 2403 novem
1463 2368 1602 2404 dierum
1625 2370 1801 2415 spatium,
1833 2370 1871 2406 in
1896 2370 2025 2416 quibus
2049 2370 2173 2416 luqere
2196 2370 2231 2405 vi
2256 2374 2374 2414 entur,

139 2415 328 2450 convenire
359 2416 423 2447 aut
454 2412 529 2447 ullo
559 2413 664 2447 modo
696 2411 888 2447 molestare
919 2416 982 2447 aut
1006 2412 1286 2448 admonitionem
1317 2412 1428 2448 ullam
1461 2414 1506 2449 iis
1531 2414 1667 2459 offerre
1696 2419 1761 2450 aut
1792 2415 1829 2450 in
1853 2415 2023 2450 iudicium
2055 2425 2118 2450 eos
2140 2425 2273 2451 vocare
2300 2415 2375 2451 sive

139 2459 247 2495 debiti
271 2458 414 2494 nomine
437 2457 537 2502 quod
559 2469 581 2491 a
605 2457 779 2538 degum-to
800 2457 1048 2503 proficiscitur
1077 2458 1151 2492 sive
1175 2457 1326 2493 alterius
1356 2458 1467 2494 ullius
1498 2469 1630 2494 causae
1652 2461 1775 2505 qratia
1807 2471 1901 2506 quae
1925 2460 1974 2495 ad
1996 2464 2213 2496 memoratas
2235 2461 2373 2507 specia-

140 2506 222 2540 liter
244 2514 421 2550 personas
444 2514 462 2537 s
490 2505 590 2537 eetet.
666 2503 679 2537 i
702 2503 783 2548 quis
808 2507 926 2538 autem
951 2503 1048 2538 intra
1072 2513 1198 2538 novem
1222 2502 1298 2538 dies
1322 2503 1479 2548 aliquem
1510 2515 1561 2540 ea:
1582 2505 1787 2551 praedictis
1813 2506 1984 2552 personis
2012 2505 2172 2541 detinere
2202 2510 2267 2541 aut
2290 2516 2374 2541 con-

140 2550 258 2586 venire
279 2554 343 2584 aut
357 2548 626 2593 stipu.ationem
644 2547 802 2593 aliquam
822 2548 878 2583 vel
886 2549 1165 2593 promissionem
1181 2547 1237 2584 vel
1248 2548 1515 2593 fideiussionem
1531 2549 1576 2584 ab
1592 2561 1634 2585 eo
1652 2553 1779 2596 petere
1795 2561 1906 2586 ausus
1920 2550 1980 2593 sit,
2007 2549 2096 2586 haec
2121 2551 2243 2586 omnia
2266 2551 2374 2587 irrita

139 2605 214 2630 esse
238 2594 426 2629 sancimus.
475 2592 565 2628 Post
587 2603 712 2628 novem
736 2603 821 2628 vero
846 2593 921 2628 dies
945 2597 1099 2629 exactos
1130 2594 1164 2628 si
1185 2593 1267 2639 quis
1294 2598 1421 2629 eontra
1452 2595 1627 2630 eiusmodi
1644 2606 1827 2642 personas
1851 2597 2013 2632 actiones
2043 2595 2220 2642 quasdam
2243 2595 2375 2632 habere

210 2732 224 2763 1
252 2727 330 2769 τὸν]
354 2727 486 2761 τοῦτον
510 2729 574 2770 Ερ.
599 2728 610 2770 ΙΙ
633 2729 652 2761 2
675 2726 829 2772 μηχανῇ]
861 2727 1107 2760 machinatione
1139 2737 1221 2768 quo-

140 2775 279 2808 rundam
304 2785 322 2809 ς
338 2774 349 2815 ΙΙ
369 2770 657 2806 συντελεσθέντα
677 2773 742 2816 Ep.
759 2771 771 2815 ss
798 2774 816 2806 3
837 2774 982 2818 κρατεῖν
1002 2770 1142 2816 τρόπον
1159 2773 1191 2806 L
1211 2771 1223 2818 ΙΙ

140 2823 158 2854 5
183 2815 508 2866 παρακελευόμεθα
532 2819 597 2861 Ep.
623 2818 635 2861 ΙΙ
661 2817 844 2864 ἐγγράφως
867 2819 932 2861 Ep.
949 2818 961 2862 ss
988 2816 1222 2862 προελθοῦσα

136 2874 210 2909 post
228 2862 437 2908 πράγματος
456 2864 526 2896 coll.
544 2864 575 2896 A
592 2863 603 2907 11
623 2865 642 2896 6
667 2863 730 2896 τοῦ
756 2859 880 2904 αὐτοῦ]
906 2864 967 2896 hac
993 2866 1025 2905 (ι’.
1042 2877 1066 2896 e.
1092 2861 1222 2896 τούτου

139 2911 203 2943 τοῦ
213 2910 242 2951 2)
267 2920 286 2946 ς’
303 2910 314 2952 ΙΙ
333 2905 458 2951 ἐδήλου
477 2909 509 2941 A
527 2908 539 2952 11
556 2910 574 2942 7
599 2907 841 2951 Μεμνήμεθα]
867 2907 910 2950 ιη’
927 2922 1028 2952 marq.
1041 2909 1073 2942 A
1092 2909 1104 2952 ΙΙ
1120 2907 1221 2954 πρὸς]

141 2953 180 2987 δὲ
203 2953 293 2998 πρὸς
316 2955 380 2997 Ep.
399 2954 411 2997 ΙΙ
436 2953 562 2996 νόμον]
588 2966 659 2986 nov.
686 2955 760 2986 LX
774 2953 785 2997 ΙΙ
810 2950 895 2995 ἡμῖν
919 2954 984 2997 Ep.
1009 2954 1022 2998 ΙΙ
1045 2955 1064 2988 8
1090 2964 1221 2987 παντε-

142 2998 209 3032 λῶς
233 3012 290 3032 om.
306 3000 368 3041 Ep.
393 2999 405 3041 ΙΙ
433 3001 472 3032 10
497 2998 687 3031 ποιεῖσθαι
711 2998 755 3043 τῇ
780 2997 923 3031 τούτων
948 2999 979 3032 L
1003 2999 1015 3039 ΙΙ
1043 3001 1079 3032 11
1108 2997 1221 3031 τελευ-

141 3042 296 3086 τήσαντί
310 3056 384 3075 τινι
399 3043 462 3075 τοῦ
481 3041 617 3087 πατρὸς
639 3043 677 3075 ἐκ
693 3043 753 3084 τῆς
776 3043 891 3087 ταφῆς
915 3040 1133 3077 ἀναλύοντος
1155 3042 1223 3077 τὸν

141 3086 254 3122 παῖδα
279 3087 456 3131 κρατῆσαι
481 3083 636 3129 ὀνόματι
667 3088 731 3120 τοῦ
756 3090 874 3132 χρέους
899 3086 957 3121 ΒΣ
987 3088 998 3131 ΙΙ
1030 3091 1070 3122 12
1096 3088 1222 3121 οἰκείου

142 3130 280 3174 παιδὸς]
317 3130 406 3165 ἰδίου
430 3131 508 3165 υἱοῦ
531 3133 562 3164 Α
591 3132 602 3175 ΙΙ
632 3128 849 3173 ἀναλύοντα]
883 3128 1039 3166 ἀνιόντα
1063 3136 1223 3177 εοννι’9ενε

142 3181 242 3212 voluit
267 3177 313 3210 Lb
330 3178 341 3221 Η
364 3179 402 3210 13
428 3173 625 3220 εὐσεβεῖςί,
650 3174 772 3220 ἀσεβὲς
786 3174 844 3209 ΒΣ
862 3177 873 3221 ΙΙ
895 3180 935 3211 14
961 3175 1223 3222 φιλάνθρωποι

143 3226 172 3256 L
189 3224 201 3261 ΙΙ
230 3226 269 3256 15
296 3219 459 3265 ὁμότητα
484 3224 513 3254 Α
535 3223 546 3262 ΙΙ
572 3223 613 3255 16
637 3221 862 3265 θεσπίζομεν
886 3242 929 3246 -—
953 3222 1097 3263 ἐξεῖναι]
1119 3219 1223 3256 Ἀλλὰ

140 3265 231 3312 μηδὲ
259 3269 302 3309 Β,
336 3269 440 3300 verbis
469 3263 596 3308 μηδενὶ
627 3266 814 3300 παντελῶς
846 3266 1070 3311 θεσπίζομεν
1093 3267 1224 3308 ἐξεῖναι

142 3313 287 3356 (ἐξεῖναι
312 3311 537 3354 θεσπίζομεν
566 3312 622 3352 Bss)
646 3320 721 3354 post
743 3312 914 3357 ἐγγυητὰς
931 3314 1000 3355 (19)
1026 3314 1191 3347 collocatis
1214 3313 1224 3358 Η

142 3355 330 3392 παντελῶς
347 3371 404 3389 om.
419 3358 449 3389 A
469 3358 479 3398 ΙΙ
495 3355 588 3397 τοὺς]
611 3353 633 3398 ἢ
650 3355 731 3389 τοὺς
752 3358 807 3390 Pr.
822 3359 885 3400 Ep.
901 3369 919 3394 ς
936 3358 948 3401 ΙΙ
969 3360 1007 3392 17
1026 3359 1091 3391 τοῦ
1109 3356 1223 3392 τελευ-

142 3404 278 3436 τῶντος
293 3403 339 3435 M
345 3404 422 3444 Ep„
440 3402 494 3434 Pr.
509 3404 602 3442 unus]
626 3399 903 3444 τελευτήσαντος
926 3403 1038 3444 LAB,
1057 3404 1111 3436 Pr.
1124 3405 1222 3447 pleri-

143 3461 219 3491 que3
246 3461 303 3481 om.
319 3460 337 3484 ς
353 3447 364 3490 Η
389 3445 471 3480 τοὺς
491 3448 614 3491 γονεῖς]
640 3445 721 3479 τοὺς
745 3448 848 3480 om.A
866 3446 879 3489 ΙΙ
904 3449 943 3482 18
968 3443 990 3490 ἢ
1015 3448 1055 3480 ad
1079 3451 1178 3482 natus
1202 3446 1224 3491 ἢ

143 3496 301 3534 cognatus
325 3494 369 3525 M
399 3489 422 3534 ἢ
443 3488 618 3524 ἆδνάτους
641 3487 664 3533 ἢ
688 3490 881 3534 κογνάτους
905 3493 936 3526 A
977 3488 1000 3535 ἢ
1030 3489 1052 3525 ἆ
1076 3493 1225 3539 γνάτους

143 3534 384 3579 (ποιήσασθαι
416 3539 492 3569 add.
520 3532 635 3578 Lari)
667 3535 749 3570 τοὺς
779 3534 903 3571 ἄλλους
935 3541 1110 3583 συγγενεῖς
1135 3540 1166 3572 L
1202 3535 1224 3581 ἢ

142 3582 223 3615 τοὺς
247 3580 372 3615 ἄλλους
389 3584 565 3627 συγγενεῖς
578 3582 613 3614 Β
637 3577 658 3623 ἢ
679 3584 854 3626 συγγενεῖς
870 3583 925 3615 Pr.
940 3584 1004 3626 Ep.
1026 3584 1037 3625 ΙΙ
1054 3580 1076 3626 ἢ
1100 3582 1225 3617 ἄλλους

144 3623 268 3667 αὐτοῦ]
292 3624 315 3668 ἢ
339 3630 398 3659 καὶ
417 3628 466 3661 B⁸
490 3630 550 3659 καὶ
568 3626 617 3659 Bs
630 3626 641 3671 ΙΙ
662 3628 703 3659 22
726 3624 921 3671 ὑποφέρειν
938 3629 1002 3671 Ep.
1032 3628 1149 3675 ἐπαγα
1172 3631 1225 3662 εῖν

143 3673 173 3704 Α
193 3671 204 3715 ΙΙ
228 3674 269 3705 23
295 3671 364 3705 εἴτε
389 3685 446 3704 om.
462 3674 492 3705 A
517 3672 528 3715 ΙΙ
555 3673 596 3705 24
620 3667 728 3714 χάριν
753 3671 869 3705 αἰτίας
888 3674 953 3716 Ep.
973 3673 984 3716 ΙΙ
1001 3674 1044 3707 26
1068 3674 1136 3707 *το
1159 3671 1224 3716 μή-

144 3727 202 3750 σοι
227 3718 332 3750 MLA
344 3717 401 3750 Pr.
425 3715 595 3760 τολμήσει
613 3719 647 3750 Β
660 3718 725 3760 Ep.
746 3716 758 3761 ΙΙ
781 3720 834 3751 τίς
853 3731 910 3751 om.
925 3719 966 3759 L,
994 3726 1066 3752 ante
1087 3714 1111 3762 ἢ
1133 3719 1224 3762 μεθ’·

1290 2724 1436 2761 οδεῦσαι
1449 2729 1519 2770 (27)
1532 2730 1604 2762 coll.
1618 2730 1648 2762 A
1666 2729 1678 2773 n
1695 2728 1797 2763 τινὰς
1815 2731 1865 2763 L¹²
1883 2731 1895 2774 ss
1912 2732 1952 2764 27
1967 2727 2180 2775 προσώπων
2195 2730 2373 2775 κρατῆσαι

1290 2774 1320 2805 Α
1336 2775 1402 2814 Ρη,
1427 2773 1603 2816 κρατῆσαι
1628 2787 1685 2807 om.
1712 2786 1732 2811 ς
1749 2772 1801 2819 1Ιῆ
1824 2777 1920 2818 τινα]
1944 2772 1965 2818 ἥ
1990 2789 2048 2809 om.
2066 2776 2122 2808 Pr.
2137 2776 2203 2818 Ep.
2221 2776 2233 2818 Ι]
2253 2777 2296 2810 28
2319 2776 2376 2821 §ys

1287 2817 1423 2864 γυητὴν
1434 2819 1465 2851 A
1481 2818 1493 2862 ΙΙ
1512 2815 1601 2864 παρ’
1617 2815 1742 2853 αὐτῶν
1758 2821 1815 2854 Ρν.
1825 2822 1986 2864 plerique,
2010 2815 2101 2866 παρ’
2121 2815 2232 2854 αὐτοῦ
2258 2833 2316 2854 om.
2330 2821 2373 2863 A,

1291 2871 1363 2897 ante
1386 2860 1406 2904 ἢ
1429 2861 1560 2909 ἐγγύην
1582 2866 1652 2898 coll.
1667 2866 1716 2898 Β*
1738 2878 1767 2898 υ.
1784 2865 1804 2897 l.
1823 2866 1835 2910 ΙΙ
1854 2868 1896 2900 29
1916 2867 1993 2899 τῶν
2010 2879 2068 2899 om.
2079 2867 2145 2910 Ep.
2164 2865 2176 2909 [Ι
2194 2867 2236 2899 30
2254 2866 2373 2907 ἐννέα]

1289 2908 1337 2941 εἰς
1360 2908 1465 2941 ἐννέα
1488 2909 1520 2942 L
1546 2909 1558 2951 ΙΙ
1583 2911 1624 2944 31
1651 2911 1831 2954 νομίζοιεν
1854 2912 1886 2945 A
1907 2910 1919 2956 ΙΙ
1945 2913 1987 2945 32
2012 2909 2080 2944 τὸν
2103 2909 2218 2954 νόμον
2238 2911 2329 2944 AB⁸

1359 3045 1374 3076 1
1401 3042 1582 3085 scripturas
1606 3043 1656 3076 R1
1685 3043 1697 3087 ΙΙ
1726 3045 1745 3077 3
1770 3046 1828 3077 aut
1852 3043 1898 3076 R¹
1924 3043 1936 3087 ΙΙ
1967 3045 1985 3077 7
2000 3045 2087 3076 rubr.
2112 3043 2159 3076 Ut
2181 3054 2250 3076 non
2274 3043 2374 3077 liceat

1293 3088 1383 3130 (licet
1400 3089 1447 3129 Τ)
1465 3088 1620 3120 creditori
1637 3089 1785 3121 debitore
1803 3089 1957 3130 (debitori
1974 3087 2132 3121 creditori
2143 3089 2189 3129 R)
2206 3099 2265 3121 suo
2285 3100 2372 3122 mor-

1291 3136 1350 3166 tuo
1375 3135 1451 3165 ante
1476 3144 1595 3165 nouem
1621 3134 1690 3166 dies
1715 3134 1856 3175 (dierum
1882 3134 1944 3174 R‘,
1969 3146 2027 3166 om.
2044 3134 2088 3175 Τ)
2113 3133 2283 3166 luctuosos
2307 3134 2372 3176 (lu-

1293 3182 1384 3211 etuos
1413 3179 1459 3219 T)
1484 3178 1629 3219 aliquem
1653 3179 1828 3211 molestare
1857 3179 1993 3221 propter
2017 3178 2105 3219 quod
2126 3179 2223 3220 (quae
2247 3179 2292 3219 R)
2318 3179 2372 3212 de-

1293 3225 1426 3256 functus
1443 3223 1558 3256 debeat
1574 3223 1701 3265 (debuit
1717 3224 1763 3265 T)
1777 3224 1846 3257 RT
1855 3227 1887 3257 in
1899 3236 2000 3266 marq.
2014 3224 2065 3263 (ex
2076 3223 2154 3263 Iul.)
2173 3223 2185 3266 ΙΙ
2209 3224 2373 3256 meminus

1294 3269 1341 3302 ΕΙ
1360 3271 1370 3309 ΙΙ
1395 3279 1494 3310 super
1515 3269 1548 3301 V
1570 3268 1581 3311 Ι]
1612 3269 1630 3301 8
1657 3279 1755 3310 quam
1780 3282 1836 3301 om.
1856 3268 1901 3300 13¹
1931 3268 1943 3310 ΙΙ
1970 3270 1990 3302 9
2015 3267 2131 3309 debiti]
2156 3268 2245 3301 nulli
2269 3268 2372 3301 debiti

1295 3315 1346 3347 Ta
1362 3314 1373 3356 Η
1393 3313 1628 3355 impedimento
1653 3313 1701 3345 R¹
1717 3314 1728 3354 Ι]
1756 3316 1795 3347 10
1820 3313 2001 3355 praesentis
2022 3313 2071 3345 1ῑέι
2087 3313 2098 3355 ss
2121 3315 2157 3347 11
2182 3313 2325 3355 quodam
2346 3314 2379 3347 V

1293 3359 1424 3400 quidam
1453 3359 1500 3390 R¹
1531 3358 1729 3399 quamdam?
1756 3359 1788 3391 T
1797 3358 1807 3379 ¹
1838 3358 1997 3400 quaedam
2025 3357 2075 3390 T2
2096 3358 2109 3401 u
2131 3359 2257 3391 mortui
2279 3359 2372 3400 geni-

1292 3407 1400 3436 torum
1422 3403 1470 3436 V¹
1494 3404 1679 3446 genitorem
1703 3403 1828 3436 mortui
1847 3404 1879 3436 R
1901 3403 1912 3446 ΙΙ
1941 3404 1980 3436 12
2005 3402 2067 3435 filii
2087 3403 2141 3436 sui
2156 3404 2190 3435 R
2205 3405 2216 3446 Ι]
2237 3406 2280 3437 14
2302 3414 2372 3437 cre-

1293 3449 1467 3481 dulitatem
1492 3448 1540 3480 R¹
1567 3448 1579 3492 ΙΙ
1614 3450 1650 3482 17
1677 3451 1814 3490 agnatos
1838 3447 1889 3480 vel
1913 3460 1971 3481 om.
1988 3448 2018 3480 R.
2048 3446 2060 3491 ΙΙ
2089 3449 2129 3482 21
2152 3447 2189 3480 in
2215 3461 2273 3481 om.
2291 3449 2339 3481 Ra
2362 3447 2374 3494 ΙΙ

1292 3495 1449 3526 iuditium
1475 3494 1506 3525 R
1524 3494 1536 3536 ΙΙ
1562 3494 1631 3525 eius
1654 3493 1702 3526 V¹
1725 3494 1737 3536 11
1763 3494 1806 3527 22
1830 3493 1991 3534 cuiusque
2017 3492 2074 3535 ΤΙΙ
2099 3492 2233 3525 nomine
2258 3503 2374 3526 causae

1293 3541 1404 3582 (causa
1424 3538 1486 3579 R1)
1513 3539 1544 3571 R
1573 3538 1584 3582 ΙΙ
1616 3539 1657 3571 23
1682 3549 1838 3581 personas
1872 3551 1929 3571 om.
1955 3538 1987 3570 R
2016 3537 2029 3581 ΙΙ
2059 3538 2262 3580 pertinentes
2286 3540 2374 3580 libri,

1294 3597 1374 3617 corr.
1392 3584 1479 3627 ναῖς.
1497 3583 1509 3627 ΙΙ
1537 3585 1577 3616 25
1602 3584 1762 3626 personis]
1794 3583 1942 3616 detinere
1966 3584 2042 3615 add.
2070 3583 2163 3616 Beck
2188 3582 2201 3627 u
2231 3584 2274 3617 26
2295 3594 2373 3617 cau·

1293 3629 1428 3669 tionem]
1467 3628 1703 3661 „tutionem
1732 3629 1778 3661 Τι
1805 3628 1817 3671 H
1844 3627 2055 3660 fideiussione
2083 3628 2117 3660 V
2134 3627 2147 3671 ΙΙ
2177 3629 2217 3662 27
2244 3629 2373 3671 exigere

1293 3674 1333 3707 ab
1366 3685 1404 3706 ea
1430 3674 1484 3707 ΤΒ
1511 3675 1523 3716 ΙΙ
1559 3675 1601 3707 29
1634 3674 1779 3717 aliquam
1813 3673 1862 3707 1⁷²
1891 3673 1904 3713 ΙΙ
1936 3672 2108 3715 putauerit
2138 3672 2260 3706 habere
2291 3674 2326 3707 R
2362 3674 2373 3716 Η

1295 3722 1336 3754 30
1361 3719 1463 3761 legem
1486 3719 1518 3752 V

2029 3773 2093 3808 69*
