2618 4010
143 133 202 168 DE
230 136 316 169 mm
320 135 479 170 ONIBUS

1221 114 1301 166 105

2143 117 2251 163 Nov.
2279 119 2379 164 XIV

144 234 234 284 ὑπὲρ
264 236 408 272 τούτων
439 233 607 283 ὑφέξουσι
637 233 755 283 λόγον,
790 232 831 270 οὗ
865 234 947 280 θεῷ
975 230 1101 280 μόνον,
1135 231 1226 268 ἀλλὰ
1293 232 1391 269 modi
1413 231 1564 270 reddent
1586 232 1763 285 rationem
1785 242 1857 268 non
1878 232 1944 269 deo
1966 232 2093 275 solum,
2118 230 2182 268 sed
2199 233 2236 268 et
2254 230 2378 285 nobis3

144 285 204 317 καὶ
227 279 322 327 ἡμῖν,
346 285 406 317 καὶ
429 284 546 325 ἔνοχοι
567 279 782 328 γενήσονται
813 283 872 315 καὶ
897 282 1007 325 ζημίᾳ
1030 279 1128 328 πάσῃ
1152 282 1226 314 τοῖς
1293 279 1345 314 rei
1368 278 1456 314 fient
1479 280 1516 314 et
1545 288 1640 313 omni
1672 277 1820 319 damno,
1853 278 1949 323 quod
1981 278 2154 314 subiectis
2182 278 2379 323 contigerit,

143 325 312 372 ὑπηκόοις
330 324 578 374 συμβαινούσῃ
602 329 661 360 καὶ
685 327 730 374 τῇ
754 339 806 361 πα
834 323 842 337 ’
861 323 964 371 ἡμῶν
987 322 1226 374 ἀγανακτήσει
1294 327 1331 360 et
1354 328 1478 359 nostra
1501 322 1759 368 indignatione,
1790 322 1861 369 <et>
1883 323 2051 360 velociter
2080 333 2161 359 cum
2183 322 2332 358 infamia
2358 332 2382 357 a

144 375 204 407 καὶ
228 374 282 417 τῷ
303 373 447 407 θᾶττον
470 369 606 416 ἀτίμως
630 370 798 415 ἐξεληλάσ
832 385 869 406 αι
890 372 953 415 τῆς
975 367 1098 418 ἀρχῆς·
1121 366 1227 414 ἧμῶν
1295 369 1467 414 dignitate
1490 370 1615 405 nostra
1637 368 1773 414 repelli.
1821 368 1890 404 Pro
1917 372 2016 404 terea
2046 372 2082 404 et
2107 369 2249 404 labores
2273 368 2379 404 susti-

144 416 205 452 διὰ
227 418 334 452 τοῦτο
357 421 419 452 καὶ
440 415 571 453 πόνους
590 413 831 452 ὑποστάντων
854 418 914 470 καὶ
942 414 1104 470 δαπάνης
1121 429 1166 462 με
1189 414 1225 449 ά-
1240 419 1260 451 5
1295 425 1420 451 nemus
1445 416 1482 450 et
1503 414 1667 460 expensis
1691 413 1827 458 magnis
1856 423 1878 448 a
1904 414 2132 458 quiescimus,
2157 417 2198 449 ut
2221 424 2294 450 non
2317 413 2379 448 ali-

146 461 206 506 λης
227 461 464 508 ἀνεχομένων,
489 463 549 496 ἵνα
572 459 622 507 μή
644 475 718 496 τινι
739 464 817 497 τῶν
845 464 1029 509 ημετέρων
1053 473 1128 506 υπη
1172 474 1226 495 ων

146 508 358 552 ἐπενεχθείη
393 519 447 543 τις
481 511 706 553 συκοφαντία
741 511 802 541 καὶ
831 505 1026 553 χρημάτων
1061 503 1084 551 ἢ
1118 507 1229 554 ψυχῆς

145 550 310 588 ἀπώλεια
339 556 400 587 καὶ
436 549 506 588 ὅσα
534 554 687 587 τοιαῦτα
720 553 957 596 καθέστηκεν,
992 548 1081 586 ἀλλὰ
1108 550 1229 587 πάντα

145 595 215 633 ὑπὸ
237 602 357 645 κρίσιν
375 601 515 646 γίνοιτο
538 597 604 642 τὴν
624 597 876 644 προςήκουσαν.

1299 461 1357 496 cui
1389 462 1593 496 nostrorum
1623 459 1866 496 subiectorum
1897 459 2072 494 inferatur
2103 460 2222 504 aliqua
2247 458 2380 494 calum-

1297 505 1358 541 nia
1381 509 1418 558 et
1435 505 1671 551 ,pecuniarum
1689 507 1753 539 aut
1772 504 1911 557 animae
1939 504 2091 549 perditio
2113 508 2152 558 et
2180 514 2271 558 quae
2292 504 2381 540 talia

1299 552 1622 632 ἓὲἓεῐιὶὲιωὲίειιηῢ,
1660 549 1722 586 sed
1754 559 1872 585 omma
1902 559 1982 585 cum
2005 554 2269 585 examinatione
2292 549 2382 584 fiant

1379 606 1423 642 pe
1442 607 1485 632 en
1516 623 1524 631 .

191 641 472 691 <Ἐπίλογος.>
513 642 654 686 Ταύτην
677 636 742 678 οὖν
765 639 921 697 {navve}
938 639 1044 686 ἡμῶν
1060 641 1127 685 τὴν
1146 645 1227 687 βου·
1245 646 1285 678 10
1343 639 1612 688 (Epilogus.)
1656 640 1759 676 Hanc
1789 639 1899 684 igitur
1928 649 2050 675 omnes
2074 643 2235 674 nostram
2256 640 2381 676 volun-

147 687 211 733 λὴν
243 686 303 723 διὰ
330 686 436 724 τοῦδε
471 690 536 723 τοῦ
568 689 672 723 θείου
704 698 926 734 κηρυγματος
955 699 995 721 τε
1027 689 1087 721 καὶ
1117 685 1229 731 νόμου

145 732 403 780 γινώσκοντες,
437 737 498 768 καὶ
529 730 586 768 ὅτι
621 735 699 769 τῶν
734 730 1006 786 συμφερόντων(
1029 728 1115 776 ὑμῖν
1146 729 1226 765 οὐδ’

1299 689 1410 722 tatem
1444 696 1510 732 per
1549 687 1642 722 hanc
1684 684 1973 731 praeceptionem
2010 684 2164 719 divinam
2201 689 2236 720 et
2268 685 2381 729 legem

1301 735 1568 777 cognoscentes,
1602 735 1638 767 et
1661 731 1743 777 quia
1766 730 1861 776 quod
1885 730 2027 775 expedit
2049 730 2150 766 vobis
2176 730 2381 766 nullatenus

119 775 270 814 ’ὁτιοῦν
304 777 644 827 παραλιμπάνομον,
686 779 748 823 τῆς
782 779 952 824 ημετέρας
987 775 1231 823 υπερεύχεσθε
1300 777 1594 822 derelinquimus,
1630 787 1696 822 pro
1732 779 1856 812 nostro
1894 779 1995 811 orate
2030 775 2200 820 imperio,
2236 776 2288 811 sic
2318 786 2381 811 vos

145 823 339 869 βασιλείας,
363 821 478 859 οὕτως
498 822 602 869 ὑμῶν
625 822 828 877 κηδομένης,
855 819 969 856 οὕτως
993 822 1231 866 οἰκειουμένης
1298 825 1440 866 tuente,
1474 823 1525 859 sic
1556 832 1623 858 vos
1651 821 1816 868 proprios
1848 821 2081 874 aestimante,
2115 830 2206 874 quae
2229 821 2268 856 in
2291 831 2382 874 uno-

145 869 191 904 τὰ
215 867 274 916 ἐφ’
301 868 440 923 ἑκάστῳ
463 874 722 915 συμβαίνοντα,
740 867 846 923 ,οὕτω
870 866 939 911 τὴν
963 865 1144 914 πατρικὴν
1168 865 1227 912 ἐφ’
1245 871 1284 903 15
1299 878 1443 912 quoque
1468 867 1699 912 contingunt,
1731 867 1782 902 ita
1812 870 2001 912 paternam
2030 877 2067 901 1n
2092 866 2256 902 omnibus
2279 866 2381 901 vobis

149 911 289 949 ἅπασιν
311 918 396 960 υμῖν
422 913 657 963 ὃιατηρούσης
681 920 867 960 προνοιαν.

193 961 424 1005 Proponatur
443 959 752 1004 Constantinopoli
777 958 912 993 civibus
937 957 1080 993 nostris.
1147 966 1149 968 ’

148 1005 230 1041 Dat.
247 1009 352 1048 [κη]
369 1004 416 1040 id.
435 1006 579 1041 Octobr.
605 1003 915 1049 Constantinopoli
942 1002 1028 1046 [dn]
1055 1002 1230 1038 Belisario

147 1062 178 1086 v.
200 1062 230 1086 c.
258 1061 355 1087 cons.
377 1050 449 1086 iud.
475 1060 553 1087 x1v.

670 1255 770 1287 ΙΔ·

146 1319 324 1374 ΠΕΡΙ
362 1320 506 1374 TOY
543 1320 664 1373 ΜΗ
703 1318 921 1373 ΕΙΝΑΙ
951 1319 1229 1373 ΠΟΡΝΟ-

146 1388 482 1441 ΒΟΣΚΟῩΣ
522 1387 623 1440 ΕΝ
666 1388 961 1442 ΜΗΔΕΝΙ
998 1387 1230 1441 ΤΟΠῼΙ

199 1456 346 1508 ΤΗΣ
371 1455 717 1509 ΡΩΜΑΙῼΝ
744 1456 1172 1509 ΠΟΛΙΤΕΙΑΣ.

145 1533 393 1581 Αὐτοκράτωρ
424 1533 674 1614 Ἰουστινιανὸῖ
694 1534 903 1582 Αὔγουστος
926 1540 1228 1570 Κωνσταντινου-

602 1593 650 1615 πο
675 1583 775 1614 ίταις.

188 1649 246 1694 <11
249 1662 270 1695 ρ
280 1661 325 1682 oo
335 1651 351 1682 ί
355 1647 494 1693 μιον.)
540 1650 614 1681 Καὶ
642 1650 716 1682 τοῖς
739 1646 905 1683 παλαιοῖς
925 1646 1049 1693 νόμοις
1074 1651 1134 1681 καὶ
1157 1651 1230 1682 τοῖς

145 1691 275 1738 πρώην
297 1691 574 1739 βεβασιλευκόσι
597 1690 738 1738 σφόδρα
768 1697 1012 1739 μεμισημένον
1036 1691 1160 1734 ἔδοξεν
1183 1694 1228 1728 εἶ-

144 1752 206 1773 ναι
238 1738 280 1773 τὸ
309 1740 371 1782 τῆς
400 1741 661 1785 πορνοβοσκίας
688 1736 803 1793 ὄνομά
825 1752 865 1773 τε
889 1742 949 1772 καὶ
973 1740 1138 1786 πρᾶγμα,
1170 1742 1229 1773 καὶ

143 1785 328 1825 τοσοῦτον,
352 1780 439 1818 ὤςτε
456 1786 515 1817 καὶ
532 1781 659 1818 πολλοὶ
675 1797 766 1818 κατα
785 1785 864 1818 τῶν
879 1783 926 1819 τὰ
940 1786 1093 1818 τοιαῦτα
1116 1783 1228 1829 πλημ-

1299 913 1522 948 custodiente
1546 913 1815 958 providentiam.

1344 958 1573 1003 Proponatur
1597 957 2002 1003 Constantinopolitanis
2031 957 2167 995 civibus
2192 956 2335 993 nostris.

1183 1051 1229 1091 [a.
1254 1051 1346 1091 535.]

1793 1252 1890 1289 xlv.
2097 1253 2184 1289 con.
2205 1252 2259 1289 111
2282 1252 2336 1288 tit.
2366 1255 2379 1288 ι

1488 1322 1539 1371 R
1579 1323 1675 1372 DE
1716 1321 2105 1373 LENONIBUS
2137 1323 2199 1371 R.

1418 1536 1506 1581 Imp.
1533 1535 1753 1572 Iustinianus
1777 1535 1822 1571 A.
1843 1535 2261 1581 constantinopolitanis.

1344 1648 1631 1695 (Praefatio.)
1677 1648 1727 1683 Et
1750 1648 1906 1694 antiquis
1930 1649 2070 1693 legibus
2101 1652 2138 1685 et
2161 1650 2296 1686 dudum
2319 1650 2382 1685 im-

1298 1694 1508 1739 perantibus
1553 1695 1640 1729 satis
1685 1694 1815 1730 odibile
1855 1694 1970 1729 visum
2006 1698 2061 1730 est
2100 1705 2179 1731 esse
2213 1696 2383 1732 lenonum

1298 1750 1427 1775 nomen
1459 1742 1496 1775 et
1533 1750 1695 1784 causam,
1739 1740 1777 1775 in
1812 1743 1953 1775 tantum
1989 1742 2031 1775 ut
2065 1740 2171 1776 etiam
2207 1741 2382 1787 plurimae

1298 1789 1424 1820 contra
1459 1785 1546 1820 talia
1581 1785 1827 1830 delinquentes
1863 1786 2106 1821 scriberentur
2141 1788 2248 1832 leges.
2306 1786 2382 1823 Nos

143 1826 352 1873 μελούντων
376 1830 583 1883 ἐγράφησαν
605 1826 722 1883 νόμοι.
769 1826 885 1874 Ἡμεῖς
917 1827 957 1863 δὲ
985 1832 1044 1863 καὶ
1078 1829 1139 1864 τὰς
1162 1828 1228 1874 ἤδη
1243 1834 1284 1866 30
1298 1833 1418 1866 autem
1450 1834 1486 1865 et
1516 1831 1650 1866 dudum
1682 1831 1801 1876 posita
1837 1834 1963 1866 contra
1995 1841 2056 1867 eos
2093 1833 2153 1877 qui
2188 1832 2240 1868 sic
2275 1832 2383 1877 impie

144 1874 356 1920 τεθειμένας
391 1887 484 1909 κατα
525 1874 604 1908 τῶν
639 1871 752 1909 ου’τως
786 1872 1020 1920 ἀσεβούντων
1053 1879 1230 1922 τιμωρίας
1298 1878 1410 1921 agunt
1433 1876 1610 1921 supplicia
1633 1877 1814 1920 auximus,
1848 1878 1885 1911 et
1914 1876 1945 1912 si
1977 1877 2060 1921 quid
2093 1878 2259 1913 relictum
2283 1881 2337 1913 est
2361 1888 2382 1912 a

143 1918 357 1974 ηὐξήσαμεν,
393 1923 453 1953 καὶ
487 1920 523 1954 εἴ
546 1932 583 1954 τι
612 1918 943 1966 παραλελειμμένον
975 1914 1020 1964 ἦν
1049 1923 1122 1955 τοῖς
1157 1920 1228 1968 πρὸ

145 1966 260 2010 ημῶν,
292 1968 352 1999 καὶ
383 1966 492 1999 τοῦτο
524 1962 576 1998 δι’
610 1965 746 2012 ἑτέρων
777 1963 1139 2012 ἐπηνωρθωσάμεθα
1170 1965 1227 2001 νό-

147 2024 235 2045 μων.
283 2013 343 2045 καὶ
374 2011 521 2065 ἔναγχος
551 2008 611 2063 δὲ..
621 2010 873 2066 προςαγγελίαξ
897 2012 945 2046 εἰς
968 2009 1057 2056 ἡμᾶς
1085 2014 1228 2067 γενομεζ-

145 2067 206 2100 νης
236 2054 464 2103 πραγμάτων
491 2059 637 2100 ασεβων
667 2057 728 2090 ἐπὶ
758 2068 943 2092 τοιαυταις
976 2057 1107 2091 αἰτίαις
1136 2071 1228 2092 κατα
1241 2061 1283 2093 35

1298 1922 1429 1957 nostris
1449 1922 1762 1967 praecessoribus,
1796 1921 1904 1957 etiam
1927 1922 1998 1957 hoc
2022 1933 2086 1967 per
2109 1923 2198 1959 alias
2223 1924 2379 1958 correxi-
2414 1933 2418 1939 ·

1297 1977 1375 2003 mus
1406 1967 1519 2012 leges,
1550 1971 1587 2003 et
1616 1978 1729 2013 nuper
1761 1967 2048 2012 interpellatione
2072 1968 2176 2004 nobis
2200 1968 2299 2004 facta
2324 1978 2378 2003 re-

190 2147 273 2182 Nov.
298 2147 401 2181 XIV
424 2149 482 2190 (=
507 2148 586 2181 C'oll.
610 2147 675 2181 III
695 2150 740 2182 tit.
765 2151 802 2182 1:
834 2149 946 2193 ylo-ss.)
974 2149 1100 2182 Graece
1122 2156 1208 2182 extat
1231 2150 1265 2183 in
1290 2149 1382 2191 ML,
1407 2151 1510 2183 maior
1530 2162 1613 2192 pars
1635 2150 1723 2192 (inde
1748 2162 1769 2182 a
1797 2149 1818 2192 ξ
1841 2150 1871 2190 1)
1893 2151 1926 2183 in
1948 2150 1983 2183 B
2005 2152 2060 2192 60,
2085 2158 2133 2192 38,
2155 2158 2183 2184 3.
2216 2170 2259 2175 --
2289 2152 2379 2195 Epz‘t.

148 2193 268 2228 Theod.
297 2195 348 2235 14,
371 2193 531 2227 Aelianas.
559 2195 611 2235 12,
637 2200 660 2227 1.
708 2194 829 2227 Iulian.
856 2201 954 2227 const.
980 2194 1127 2227 XXXI.

147 2316 249 2341 onem
272 2304 480 2340 reddituros
502 2315 577 2339 non
599 2304 716 2339 solum
740 2304 826 2346 deo,
855 2303 921 2339 sed
942 2304 1050 2339 etiam
1073 2304 1196 2346 nobis,
1228 2307 1337 2350 atque
1360 2304 1541 2340 obnoxios
1563 2305 1716 2350 futuros
1739 2308 1774 2340 et
1802 2305 1900 2340 omni
1922 2305 2073 2350 damno,

147 2354 354 2386 eventurum
380 2349 444 2390 sit,
479 2352 515 2384 et
548 2348 624 2383 indi

2103 2307 2205 2353 quod
2225 2307 2380 2344 subditis

653 2348 794 2383 nationi
829 2352 978 2383 nostrae
1012 2352 1049 2383 et
1082 2348 1246 2395 periculo
1281 2360 1327 2384 ne
1361 2349 1525 2385 celeriter
1560 2360 1640 2384 cum
1674 2349 1832 2401 infamia
1865 2362 1888 2386 a
1922 2355 2108 2397 potestate
2138 2351 2377 2403 depellantur.

149 2394 327 2429 Nimirum
343 2404 412 2429 nos
429 2393 512 2428 ideo
536 2397 572 2428 et
595 2360 738 2428 Zaqbores
759 2393 981 2439 suscepimus
1000 2396 1035 2428 et
1052 2404 1205 2445 maqnos
1221 2397 1387 2440 sumptus
1403 2394 1631 2436 sustinemus,
1651 2405 1696 2429 ne
1714 2406 1771 2429 cuz
1789 2406 1839 2430 ex
1860 2395 2015 2431 subditis
2037 2401 2175 2432 nostris
2198 2397 2379 2434 calumnia

148 2439 224 2474 ulla
247 2443 283 2475 et

332 2438 480 2474 ecuniae
503 2438 639 2474 vitaeve
662 2438 808 2473 amissio
832 2442 869 2473 et
892 2449 985 2484 quae
1005 2442 1091 2473 sunt
1112 2438 1288 2474 eiusmodi
1313 2438 1472 2481 accidat,
1485 2438 1553 2475 sed
1560 2442 1601 2473 ut
1616 2439 1737 2474 omnia.
1754 2438 1887 2473 iudicio
1904 2440 2130 2477 convenienti
2142 2441 2377 2478 subiciantur.

318 2484 370 2530 pi
378 2483 392 2518 l
400 2494 483 2529 oqu
492 2494 520 2518 s.
562 2482 691 2518 Omnes
705 2484 819 2530 iqitur
834 2494 914 2518 cum
929 2482 1024 2518 banc
1041 2488 1203 2519 nostram
1223 2484 1444 2519 voluntatem
1456 2495 1530 2530 per
1545 2483 1615 2519 lzoc
1632 2494 1776 2519 sacrum
1791 2483 1946 2519 edictum
1963 2487 1998 2520 et
2015 2484 2128 2531 leqem
2148 2487 2379 2532 coqnoscatis

147 2540 214 2565 nec
235 2530 429 2575 quicquam
453 2539 520 2563 nos
543 2528 688 2563 omnino
712 2539 854 2571 eorum,
880 2539 974 2574 quae
997 2528 1097 2564 vobis
1121 2528 1344 2572 conducant,
1374 2529 1681 2576 praetermittere,
1707 2540 1783 2575 pro
1807 2533 1934 2564 nostro
1957 2530 2110 2576 imperio
2134 2536 2218 2566 vota
2242 2542 2378 2567 nuncu-

142 2578 248 2621 pate,
280 2573 380 2625 quod
401 2574 454 2608 ita
477 2573 576 2608 vobis
592 2573 820 2620 prospiciat,
851 2573 905 2609 ita
927 2584 1022 2619 quae
1045 2574 1089 2609 de
1112 2585 1330 2620 unoquoque
1353 2574 1523 2610 accidant
1553 2574 1622 2609 sibi
1645 2574 1818 2617 vindicet,
1850 2574 1902 2610 ita
1929 2578 2124 2621 paternam
2148 2575 2192 2611 de
2216 2575 2380 2612 omnibus

147 2620 246 2656 vobis
266 2618 534 2665 providentiam
557 2622 754 2655 conservet.

214 2845 313 2897 NE
343 2844 671 2896 LENONES
701 2843 871 2895 SINT
898 2843 990 2894 IN
1020 2842 1196 2894 ULLO
1210 2774 1396 2895 {1500
1429 2843 1918 2898 REIPUBLIC'AE
1947 2847 2308 2900 ROMANAE.

835 2932 928 2980 Imp.
954 2932 1181 2969 lastinianus
1204 2934 1245 2968 A.
1274 2933 1693 2981 Constantinopolitanis.

282 3002 541 3048 Praefatio.
591 3001 642 3037 Et
666 3001 745 3037 anti
771 3001 828 3036 uis
859 3001 998 3047 leqibus
1028 3005 1064 3037 et
1087 3001 1274 3048 prioribus
1304 3001 1584 3047 imperatoribus
1616 3002 1786 3042 lenocinii
1814 3006 1850 3039 et
1877 3015 2006 3040 nomen
2029 3009 2066 3042 et
2095 3017 2155 3043 res
2184 3006 2377 3043 admodum

144 3059 261 3084 exosa
284 3048 361 3083 visa
384 3052 490 3090 sunt,
516 3047 606 3083 adeo
629 3051 670 3082 ut
692 3050 826 3082 mutae
850 3046 947 3093 leqes
969 3047 1008 3081 in
1030 3057 1111 3089 eos,
1145 3047 1209 3092 qui
1230 3046 1318 3082 talia
1343 3046 1614 3090 committerent,
1637 3048 1889 3084 scriberentur.
1938 3049 2018 3086 Nos
2041 3055 2161 3087 autem
2184 3056 2221 3087 et
2232 3063 2378 3099 poenas

146 3094 220 3128 illis
243 3093 306 3139 qui
327 3093 381 3128 ita
406 3093 551 3138 nefarie
573 3095 690 3138 ayunt
712 3092 784 3126 iam
802 3092 1021 3138 propositas
1044 3092 1238 3134 auximus,
1271 3095 1307 3127 et
1327 3092 1360 3126 si
1384 3091 1473 3137 quid
1495 3092 1539 3128 ab
1563 3093 1610 3128 iis
1632 3093 1696 3144 qui
1714 3097 1799 3129 ante
1821 3105 1888 3130 nos
1908 3095 2065 3141 fuerunt
2076 3097 2376 3143 praetermissum

147 3142 243 3181 erat,
274 3137 314 3172 id
334 3148 478 3184 quoque
503 3148 574 3184 per
597 3137 692 3172 alias
715 3136 812 3183 leqes
834 3136 1107 3173 emendavimus
1156 3137 1274 3183 Atque
1297 3147 1414 3181 nuper
1437 3135 1710 3174 denuntiatione
1733 3138 1838 3174 nobis
1858 3140 1967 3186 facta
1990 3141 2034 3177 de
2057 3141 2179 3188 impiis
2197 3142 2376 3187 facinori-

194 3254 209 3286 1
235 3246 366 3285 τούτον
379 3251 411 3284 L
431 3250 623 3283 huiusmodi
636 3262 656 3286 ς
670 3250 683 3294 ΙΙ
701 3252 721 3284 2
734 3263 749 3283 s
775 3275 782 3281 .
806 3249 896 3283 πᾶσι
911 3251 984 3283 τοῖς
996 3245 1056 3285 ὑπ.
1074 3253 1225 3294 συμβαι-

146 3295 248 3331 νούσι
261 3298 334 3338 (sic)
347 3296 379 3329 L
397 3294 410 3339 ΙΙ
425 3298 446 3329 4
458 3295 525 3337 τῷ]
539 3295 618 3328 τῶν
630 3296 662 3329 L
681 3295 693 3339 ΙΙ
709 3298 729 3329 5
742 3291 962 3329 υποστάτων
974 3296 1006 3329 L
1025 3295 1037 3340 ss
1053 3298 1073 3330 9
1085 3298 1225 3342 γένοιτο

148 3344 183 3377 Β
201 3342 214 3388 ΙΙ
231 3345 271 3377 13
292 3339 556 3387 ὑπερεὺχεσθαι
578 3340 649 3373 ML
664 3339 677 3385 ΙΙ
700 3342 740 3374 14
762 3336 866 3383 ἡμῶν
889 3341 937 3374 M
944 3340 957 3384 ΙΙ
978 3342 1016 3375 17
1031 3354 1079 3385 sq.
1103 3343 1224 3375 subscr.

146 3413 205 3434 om.
229 3400 261 3433 L
290 3398 303 3442 11
336 3390 594 3440 Οωῐιεῒειῐηίῃιιβ
620 3397 666 3430 Μ
693 3396 706 3442 ΙΙ
735 3396 877 3429 nostaris
901 3396 945 3429 M
974 3395 987 3440 ss
1020 3399 1057 3432 18
1088 3408 1150 3430 xvx
1179 3398 1224 3430 id.

146 3445 278 3479 Octobr.
295 3444 338 3477 M
370 3441 433 3477 εἰὸ.
456 3440 671 3487 ὀκτωβρίων
683 3443 771 3482 ΑίῘι.,
785 3442 871 3484 μηνὶ
887 3437 1078 3487 ὂκτωβρίῳ
1094 3443 1213 3477 ΤΙιεοιί.

146 3503 203 3525 om.
217 3490 281 3524 Iul.
301 3486 313 3534 ΙΙ
329 3484 668 3522 Οωῐιεὲαῐιῐὶῃιιπὸλει
688 3487 739 3519 on.
759 3487 811 3520 (1ῖι.
834 3486 982 3519 bilisario
995 3488 1043 3520 Μ
1050 3489 1062 3530 11
1080 3491 1152 3529 xrv]
1179 3502 1190 3520 ι

148 3536 195 3569 Μ
216 3535 229 3580 ΙΙ
250 3536 293 3587 22
323 3536 419 3568 inser.
446 3535 528 3579 περὶ
551 3531 814 3585 πορνοβρσκῷν
835 3532 985 3604 ΤΙιεοοί,Σ
1007 3533 1081 3565 Ati.
1103 3544 1123 3570 ς
1146 3531 1227 3575 (τὴν

145 3592 319 3658 ἷζίῗῃῖιῗῖιζ
329 3582 734 3666 {553332025‘52-231‘1‘0203
741 3577 962 3665 Ῐιῖξοᾼᾜῗοῗ
976 3620 989 3666 ss
994 3577 1067 3656 ‘⁷22²'
1071 3579 1226 3657 2233222‘3

144 3668 204 3703 νὸς
227 3671 258 3703 L
287 3669 300 3714 ΙΙ
329 3672 370 3704 33
413 3666 763 3714 ἐπανορθωσάμεθα
787 3668 818 3700 L
848 3667 860 3710 ΙΙ
890 3668 930 3700 35
968 3666 1109 3709 αἰτίαις]
1143 3666 1224 3710 ἀτη-

144 3717 241 3757 μίαις
265 3716 296 3747 L

211 3769 260 3796 111.

1342 3254 1355 3285 1
1385 3251 1546 3284 rationem
1567 3264 1625 3286 om.
1639 3253 1672 3285 R
1687 3251 1700 3296 ΙΙ
1719 3254 1752 3286 et
1776 3265 1834 3286 om.
1849 3253 1883 3287 R
1900 3253 1912 3298 ss
1929 3256 1949 3288 2
1971 3256 2004 3288 et
2021 3262 2094 3288 ante
2110 3255 2159 3287 rei
2175 3256 2251 3290 add.
2265 3257 2351 3301 vuly.

1294 3295 1385 3337 fient]
1407 3296 1509 3329 fuerit
1527 3297 1559 3330 R
1570 3297 1603 3330 V
1621 3296 1634 3336 ΙΙ
1649 3298 1752 3339 omni]
1777 3299 1813 3331 ἦ
1836 3299 1869 3339 (i.
1885 3312 1910 3333 e.
1935 3300 2023 3342 ideo)
2038 3301 2069 3332 R
2086 3299 2098 3343 ΙΙ
2116 3301 2345 3342 contigiturR.

1296 3343 1315 3375 3
1334 3343 1464 3374 nostrae
1484 3341 1712 3384 indignationi
1730 3345 1816 3387 vulq.
1835 3343 1847 3388 ΙΙ
1865 3346 1898 3377 et
1921 3346 1998 3379 add.
2013 3345 2102 3388 vuly.
2121 3345 2133 3390 ΙΙ
2150 3345 2358 3382 uelociterV

1294 3389 1314 3420 4
1339 3389 1450 3419 nostra
1473 3386 1636 3428 dignitate
1655 3388 1690 3420 R
1715 3390 1758 3422 al.
1776 3388 1788 3432 ΙΙ
1806 3391 1825 3423 5
1850 3391 2010 3431 expressis
2028 3390 2061 3422 R.
2078 3390 2090 3434 ΙΙ
2110 3394 2126 3424 7
2152 3394 2212 3424 aut
2235 3403 2293 3426 om.
2308 3393 2343 3426 R

1296 3434 1315 3466 8
1339 3433 1426 3472 cum]
1458 3442 1532 3465 eum
1554 3432 1588 3465 V
1604 3431 1616 3476 ΙΙ
1650 3435 1684 3466 11
1710 3435 1955 3477 perceptionem
1977 3436 2011 3468 V
2026 3434 2038 3479 ΙΙ
2067 3438 2108 3469 14
2140 3438 2288 3470 tuentem
2305 3437 2383 3472 RV

1296 3478 1337 3510 αἰ.
1356 3476 1368 3520 ΙΙ
1385 3477 1443 3517 sic]
1468 3477 1496 3509 si
1512 3476 1568 3521 ΙῙΙΙ
1584 3479 1720 3520 proprio
1733 3480 1776 3511 R.
1803 3480 1885 3522 Leq.
1898 3480 1945 3512 sic
1962 3480 2122 3522 propria?
2139 3480 2152 3526 ΙΙ
2169 3482 2376 3516 estimantem

1295 3522 1372 3554 RV
1387 3523 1430 3555 al.
1448 3521 1460 3565 ss
1479 3526 1692 3564 unoquoque]
1718 3534 1786 3557 uno
1805 3525 1836 3557 R
1854 3524 1866 3568 ΙΙ
1887 3527 1925 3558 15
1951 3526 1999 3557 ita
2021 3538 2078 3559 om.
2102 3526 2138 3559 R
2161 3526 2174 3571 ΙΙ
2201 3529 2242 3562 16
2266 3530 2375 3561 custo-

1295 3567 1422 3599 dientes
1439 3567 1522 3600 Val.
1547 3568 1810 3601 custodientibus
1823 3569 1856 3601 R
1870 3570 1882 3614 ΙΙ
1905 3572 1941 3603 17
1968 3574 2198 3613 proponantur
2210 3573 2244 3606 B,
2262 3572 2274 3617 ΙΙ
2289 3574 2374 3606 ciui-

1294 3611 1417 3644 tatibus
1439 3612 1472 3645 V
1483 3611 1496 3656 ΙΙ
1512 3613 1555 3646 28
1575 3623 1673 3645 causa
1683 3615 1771 3657 υιιζᾳ.
1789 3614 1801 3657 ΙΙ
1819 3615 1868 3655 ut]
1889 3618 1921 3647 et
1935 3616 1982 3648 R¹
1999 3614 2011 3661 ΙΙ
2031 3617 2073 3650 29
2089 3617 2278 3651 scribentur
2290 3618 2340 3651 R¹
2361 3618 2375 3664 ss

1296 3658 1334 3690 31
1361 3667 1381 3689 a
1404 3657 1538 3698 nostris]
1562 3658 1652 3690 auris
1676 3659 1718 3692 V¹
1734 3658 1747 3703 ΙΙ
1767 3661 1808 3693 32
1834 3660 1914 3692 haec
1930 3661 1984 3704 Vll
2003 3662 2045 3695 33
2070 3659 2374 3706 interpellationem

1296 3701 1342 3734 R¹
1358 3701 1370 3743 Ιῑ
1389 3701 1484 3734 nobis
1505 3721 1544 3727 -
1566 3703 1744 3746 impiarum
1769 3706 1859 3747 (106,
1882 3706 1913 3746 1)
1935 3707 2041 3750 suppl.
2064 3705 2114 3740 V²
2138 3709 2171 3741 in
2194 3716 2278 3752 spat.
2299 3722 2371 3743 vac.

2051 3765 2090 3797 14
