2580 4022
1307 133 1391 211 736

250 170 357 215 Nov.
389 169 516 213 CLIV
541 173 557 211 1
1915 181 1970 210 Dm
1998 167 2055 211 11's
2085 179 2161 217 ουτ
2189 182 2237 212 m
2266 180 2465 213 OSROENA

244 279 504 323 κεκωλυμένους
528 280 767 322 ἐμπίπτοντες
790 277 932 324 γάμους.
967 274 1068 322 ἡμεῖς
1090 281 1214 311 τοίνυν
1233 276 1376 311 τούτων
1399 279 1465 320 μὲν
1489 276 1594 310 οὐδὲν
1612 275 1800 310 παντελῶς
1823 276 2101 322 ἐπιστεύσαμεν
2126 276 2166 311 οὗ
2185 276 2255 324 γὰρ
2279 276 2466 325 ἡγούμεθα

243 323 464 369 ἀνθρώπους
495 326 599 368 μέρος
629 321 736 358 ὄντας
767 325 829 367 τῆς
860 322 1031 366 ἡμετέρας
1061 321 1241 357 πολιτείας
1271 322 1416 356 τοιοῦτό
1448 333 1484 356 τι
1514 321 1692 367 πράττειν
1720 321 1873 367 θαρρεῖν
1907 325 1966 356 καὶ
1996 323 2064 366 τὴν
2094 323 2207 369 γονὴν
2237 323 2305 366 τὴν
2326 324 2466 359 ἑαυτῶν

242 369 493 410 καταισχύνειν
517 371 575 402 καὶ
599 368 645 401 τὰ
670 365 834 412 ιἐνόματα
857 370 1026 413 συγχέειν.

1255 433 1411 469 CAPUT
1435 433 1463 469 Ι.

367 498 470 535 ’Ώςτε
499 504 559 535 καὶ
587 501 771 546 ἐξερευνᾶν
801 502 918 535 ταῦτα
949 498 1192 544 ἠβουλόμεθα,
1221 504 1280 535 καὶ
1310 501 1347 535 εἴ
1372 513 1409 535 τι
1432 500 1597 535 τοιοῦτον
1622 497 1714 535 ὅλως
1737 503 1952 546 πέπρακται,
1975 500 2057 536 τοὺς
2080 499 2353 548 ἁμαρτάνοντας
2377 503 2466 547 πρὸς

242 546 395 589 ἐσχάτην
422 545 521 592 ἄγειν
551 549 742 590 τιμωρίαν.
791 541 872 579 ἀλλ’
899 544 1023 588 ἐπειδὴ
1055 549 1114 579 καὶ
1144 546 1270 591 χρόνος
1302 547 1378 580 ἐστὶ
1408 545 1541 590 μακρὸς
1571 548 1631 579 καὶ
1662 543 1745 579 οὐδὲ
1776 545 1989 590 πιστεύομεν
2022 548 2164 581 τοιοῦτό
2186 561 2222 581 τι
2243 548 2464 594 γεγενῆσθαι

241 589 488 635 πλημμέλημα,
520 591 552 624 εἰ
583 589 653 636 ἄρα
683 593 742 623 καὶ
775 589 918 624 τοιοῖτό
942 603 979 624 τι
1003 593 1213 635 συμβέβηκε,
1237 589 1279 625 τὸ
1304 592 1372 634 μὲν
1395 590 1618 635 παρῳχηκός,
1643 587 1742 625 ὅπως
1767 588 1810 633 δή
1835 602 1924 624 ποτε
1948 587 1993 625 ἂν
2016 595 2100 633 ἔχοι,
2122 594 2371 639 συγχωροῦμεν
2394 595 2466 626 τοῖς

240 636 306 678 τὴν
328 634 523 682 Ὀσροηνὴν
554 638 614 669 καὶ
646 635 713 678 τὴν
743 638 857 679 μέσην
886 636 964 669 τῶν
997 637 1175 679 ποταμῶν
1205 635 1268 670 τὰς
1299 637 1469 679 ἐπαρχίας
1499 636 1717 679 κατοικοῦσι,
1751 635 1929 680 προφάσει
1952 636 2029 670 τῶν
2052 637 2091 669 ἐν
2115 634 2236 671 αὐταῖς
2258 640 2465 684 γενομένων

241 678 425 726 διαφόρως
456 678 613 725 ἐφόδων,
644 683 703 713 καὶ
734 679 890 724 μάλιστα
920 678 1122 725 ἀγροικικοῦ
1155 679 1319 724 πλήθους
1346 679 1393 715 ιὸς
1423 681 1484 714 ἐπὶ
1514 680 1556 714 τὸ
1582 679 1753 714 πλεῖστον
1777 680 1881 714 ὄντος
1903 683 1967 714 τοῦ
1992 682 2110 715 ταῦτα
2133 682 2346 727 ἐξαμαρτεῖν
2370 681 2464 727 λεγο-

239 728 357 769 μένου,
390 727 450 758 καὶ
480 727 540 760 ἐπὶ
572 726 636 759 τοῦ
667 725 734 759 νῦν
766 723 944 769 σχήματος
975 726 1091 768 ἐῶμεν
1120 725 1223 768 εἶναι,
1256 722 1361 759 οὐδὲν
1392 724 1772 771 πολυπραγμονοῖ-ντες
1795 726 1872 759 τῶν
1896 723 1977 770 ἄχρι
2001 726 2060 768 τῆς
2082 728 2210 771 νεαρᾶς
2234 725 2338 771 ἡμῶν
2364 727 2466 761 θείας

241 768 438 810 διατάξεως
469 773 551 815 περὶ
581 769 708 804 τοίτου
740 767 788 804 αἶς
819 770 911 804 εἰκὸς
937 768 1286 814 πλημμεληθέντων,
1309 767 1396 804 ἀλλὰ
1421 770 1658 811 θεσπίζοντες
1682 771 1806 805 πᾶσαν
1825 768 2038 813 κωλυθῆναι
2062 773 2144 814 περὶ
2166 771 2295 805 τούτου
2316 770 2466 814 ζήτησιν

240 815 411 858 τοιαύτην
439 815 532 849 κατὰ
564 814 768 859 προςώπων
798 813 820 857 ἢ
850 813 1078 860 πραγμάτων
1109 813 1359 860 διαφερόντων
1391 818 1463 849 τοῖς
1495 817 1534 847 ἐν
1565 817 1642 848 ταῖς
1676 812 1798 849 αὐταῖς
1823 817 2006 860 ἐπαρχίαις
2028 816 2174 849 οἰκοῦσι.
2220 815 2312 860 μετὰ
2336 815 2375 849 δὲ
2399 816 2466 850 τὸν

240 857 410 904 ἡμέτερον
438 860 553 903 νόμον
583 858 652 893 τὸν
672 861 816 906 ἔναγχος
839 863 921 904 περὶ
945 859 1074 894 τούτου
1098 860 1257 894 τεθέντα
1279 860 1315 893 εἴ
1332 872 1384 894 τις
1409 859 1604 903 ἐτόλμησεν
1627 858 1649 902 ἢ
1673 863 1731 894 καὶ
1755 857 1965 903 τολμήσειεν
1988 859 2131 894 τοιοῦτό
2156 874 2192 894 τι
2217 861 2360 906 πρᾶξαι,
2384 865 2464 905 βου-

241 903 384 949 λόμεθα
415 905 546 938 τοῦτον
569 902 640 939 ὑπὸ
676 906 802 939 ποινὰς
831 903 981 946 ἐσχάτας
1011 906 1250 948 καταστῆναι,
1281 903 1404 939 εἰδότα
1434 903 1481 939 ως
1507 902 1549 938 οὗ
1582 908 1683 950 μέχρι
1714 906 1944 949 χρηματικῶν
1969 904 2183 948 στησόμεθα
2207 907 2358 947 ποινῶν,
2379 903 2463 939 ἀλλ’

242 947 354 984 αὐτόν
386 963 425 984 τε
449 952 508 982 καὶ
531 952 682 995 γυναῖκα
704 953 764 983 καὶ
788 948 919 984 παῖδας
942 949 979 989 ἐξ
1004 949 1197 991 ἀθεμίτων
1217 953 1420 996 γινομένους
1443 950 1571 996 γάμων
1593 948 1685 993 μετὰ
1710 950 1778 993 τὴν
1801 948 1988 994 ἡμετέραν,
2015 950 2061 984 ὣς
2085 951 2230 996 εἴρηται,
2253 951 2364 985 θείαν
2389 948 2465 984 διά-

241 995 346 1035 ταξιν
376 993 681 1039 μετελευσόμεθα,
714 997 774 1028 καὶ
805 995 872 1028 τὸν
902 995 949 1028 εἰς
981 994 1140 1039 κεφαλὴν
1171 993 1340 1029 κίνδυνον
1371 998 1431 1028 καὶ
1459 995 1528 1037 τὴν
1564 995 1611 1028 εἰς
1647 998 1855 1040 περιουσίαν
1891 993 2010 1029 αὐτοῖς
2044 994 2175 1038 ποινὴν
2210 992 2463 1040 ἐπιστήσομεν,

241 1037 386 1072 οὐδενὸς
417 1037 621 1084 φειδόμενοι
653 1038 735 1073 οὔτε
767 1040 799 1073 εἰ
830 1041 991 1082 Ιιιείζονος
1015 1038 1097 1074 οὔτε
1121 1040 1152 1073 εἰ
1176 1039 1365 1074 ἐλάττονος
1388 1039 1440 1081 εἴη
1465 1037 1716 1073 καταστάσεως
1740 1037 1764 1082 ἢ
1787 1037 1891 1082 τύχης
1911 1038 1935 1083 ἢ
1959 1039 2152 1085 ἱερωσύνης
2175 1042 2294 1082 (τοῦτο
2317 1040 2387 1087 γὰρ
2410 1043 2466 1074 ἔτι

239 1083 379 1128 μᾶλλόν
410 1086 487 1117 ἐστι
518 1082 804 1128 δυςκολωτερον),
837 1081 927 1118 ἀλλὰ
960 1086 1076 1119 πᾶσιν
1106 1083 1237 1128 ὁμοίως
1261 1084 1463 1125 ἐπεξιόντες
1486 1083 1554 1127 τὴν
1577 1087 1840 1129 νενομισμένην
1863 1087 2018 1119 καὶτοῖς
2042 1085 2234 1129 ῥωμαϊκοῖς
2257 1088 2467 1131 πρέπουσαν

240 1129 364 1173 νόμοις
395 1127 598 1174 φυλάξομεν
629 1128 809 1171 εὐταξίαν,
841 1127 883 1163 οὐ
914 1132 1017 1175 μέρος
1048 1128 1164 1173 μόνον
1190 1130 1250 1172 τῆς
1282 1128 1404 1164 οὐσίας
1437 1128 1703 1175 ἀφαιρούμενοι,
1734 1127 1824 1163 ἀλλὰ
1848 1133 1908 1163 καὶ
1931 1129 1999 1173 τὴν
2023 1128 2151 1164 οὐσίαν
2175 1127 2261 1174 ὅλην
2284 1133 2344 1164 καὶ
2365 1132 2468 1174 μέρος

240 1175 304 1207 τοῦ
336 1173 510 1217 σώματος,
540 1177 600 1207 καὶ
629 1174 728 1219 εἴπερ
759 1177 817 1207 καὶ
850 1172 1114 1219 δυςκολωτέραν
1138 1170 1298 1220 εὕρωμεν
1317 1174 1386 1218 τὴν
1409 1172 1712 1220 ἀθεμιτογαμίαν,
1737 1177 1796 1208 καὶ
1820 1170 1932 1217 αὐτὴν
1954 1175 2040 1209 ἴσως
2063 1174 2131 1218 τὴν
2155 1173 2291 1219 ψυχήν·
2325 1171 2468 1209 οὐδενὸς

241 1217 439 1265 ἀποφυγεῖν
471 1216 669 1263 δυναμένου
698 1219 745 1253 εἰς
776 1218 819 1252 τὸ
851 1222 924 1253 τοῖς
955 1218 1063 1253 πέλας
1092 1221 1132 1254 ἐν
1163 1222 1234 1254 τοῖς
1265 1218 1563 1264 πλημμελήμασιν
1587 1216 1812 1253 ἀκολουθεῖν.
1858 1218 1924 1264 χρὴ
1947 1219 2015 1265 γὰρ
2038 1219 2085 1254 τὰ
2104 1217 2201 1264 ἰρθά
2221 1233 2260 1254 τε
2281 1223 2341 1254 καὶ
2364 1232 2465 1265 προς-

239 1263 372 1307 ήκοντα
398 1266 541 1310 φρονεῖν
573 1267 633 1297 καὶ
664 1264 746 1298 τοὺς
777 1262 900 1298 ἄλλους
930 1262 1085 1299 ἀνιστᾶν
1115 1265 1162 1298 εἰς
1193 1264 1260 1299 τὸν
1288 1266 1456 1299 τοιοῦτον
1487 1263 1605 1308 ζῆλον,
1637 1261 1719 1297 ἀλλ’
1746 1262 1811 1298 οὐκ
1838 1262 1966 1298 αὐτοὺς
1990 1264 2164 1310 πράττειν
2188 1264 2385 1311 παράνομα
2408 1268 2468 1298 καὶ

240 1309 287 1342 εἰς
317 1308 386 1351 τὴν
418 1308 507 1353 πρὸς
538 1305 708 1352 ἀλλήλους
743 1307 983 1354 καταφεύγειν
1017 1313 1175 1354 μίμησιν.
1223 1311 1341 1343 ταῦτα
1375 1313 1501 1343 τοίνυν
1536 1308 1784 1354 φυλάττεσθαι
1818 1307 2029 1353 βουλόμεθα
2065 1311 2125 1344 ἐπὶ
2160 1310 2237 1344 τῶν
2271 1310 2469 1354 εἰρημένων

240 1353 434 1398 ἐπαρχιῶν,
459 1354 538 1387 τῶν
561 1367 600 1387 τε
624 1352 823 1388 πολιτικῶν
847 1355 924 1388 τῶν
947 1367 988 1388 τε
1011 1356 1285 1398 στρατιωτικῶν
1309 1353 1499 1399 ἀρχόντων
1523 1356 1628 1388 τοῦτο
1651 1352 1914 1400 φυλαττόντων
1929 1354 2067 1389 καὶτὰς
2083 1354 2210 1389 ποινὰς
2226 1355 2469 1389 ἐπιτίθεσθαι

239 1401 311 1432 τοῖς
341 1396 586 1443 ἁμαρτάνουσι
617 1397 979 1443 παρασκευαζόντων.
1027 1401 1136 1433 τοῦτο
1169 1397 1208 1432 δὲ
1238 1397 1326 1433 αὐτὸ
1351 1402 1425 1433 τοῖς
1448 1401 1509 1442 τῆς
1531 1397 1648 1443 χώρας
1671 1399 1763 1433 κατὰ
1785 1398 1977 1445 πρόςταξιν
2000 1400 2068 1443 σὴν
2087 1397 2148 1434 διὰ
2172 1397 2469 1447 προγραμμάτων

240 1442 338 1488 παρὰ
370 1445 447 1477 τῶν
477 1444 621 1478 οἰκείων
647 1441 835 1487 ἀρχόντων
864 1444 1039 1490 γενέσθαι
1069 1443 1280 1488 βουλόμεθα
1313 1443 1482 1490 φανερόν,
1515 1445 1546 1477 εἱ
1577 1443 1625 1487 μὴ
1657 1443 1853 1488 βούλονται
1879 1447 1939 1478 καὶ
1963 1441 2066 1479 αὐτοὶ
2090 1447 2168 1479 ταῖς
2191 1444 2357 1488 ἐσχάταις
2379 1441 2466 1480 ὑπο·

238 1487 424 1532 βληθῆναι
448 1491 589 1523 ποιναῖς
611 1491 672 1522 καὶ
690 1491 767 1523 ταῖς
790 1488 994 1524 ἐκπτώσεσι
1014 1489 1091 1523 τῶν
1116 1486 1239 1534 ἀρχῶν
1262 1493 1323 1523 καὶ
1346 1490 1422 1523 τῶν
1446 1485 1592 1528 οὐσιῶν,
1613 1489 1650 1523 εἴ
1666 1500 1762 1523 τινος
1784 1487 1927 1523 τούτων
1951 1486 2176 1533 ἀμελήσειαν.

372 1530 662 1580 <Ἐπίλογος.>
713 1533 763 1567 Τὰ
791 1537 915 1568 τοίνυν
943 1532 1182 1580 παραστάντα
1212 1531 1296 1577 ἡμῖν
1327 1537 1387 1567 καὶ
1420 1532 1480 1568 διὰ
1510 1532 1615 1568 τοῦδε
1638 1535 1700 1568 τοῦ
1726 1535 1831 1568 θείου
1855 1532 2056 1579 δηλούμενα
2078 1536 2329 1580 πραγματικοῦ
2353 1534 2466 1571 τύπου

239 1575 261 1622 ἡ
283 1577 327 1621 σὴ
352 1577 540 1622 ἐνδοξότης
563 1580 655 1624 ἔργῳ
680 1582 740 1612 καὶ
763 1581 893 1626 πέρατι
917 1577 1146 1624 παραδοῦναι
1170 1577 1374 1613 σπευσάτω.
1421 1579 1505 1614 Dat.
1529 1606 1536 1614 .
1565 1606 1572 1614 .
1600 1606 1607 1615 .
1635 1604 1643 1612 .

240 1723 412 1759 incidant.
460 1722 537 1758 Nos
564 1723 676 1769 iqitur
705 1722 832 1758 horum
861 1723 1004 1769 quidem
1035 1723 1126 1758 nihil
1158 1725 1302 1759 omnino
1333 1724 1567 1759 credidimus:
1599 1735 1714 1770 neque
1744 1725 1837 1759 enim
1868 1724 2115 1760 existimamus
2145 1723 2306 1761 homines
2329 1726 2395 1771 qui
2415 1726 2469 1759 rei

238 1768 407 1847 publicalele
430 1771 577 1803 nostrae
595 1778 685 1813 pars
704 1771 787 1802 sunt
811 1767 986 1803 eiusmodi
1010 1768 1099 1813 quid
1122 1779 1231 1813 aqere
1254 1768 1387 1804 audere
1412 1773 1519 1814 atque
1541 1769 1752 1814 proqeniem
1776 1780 1879 1804 suam
1901 1769 2073 1806 dedecore
2096 1769 2248 1814 afficere
2271 1773 2307 1805 et
2321 1770 2468 1805 nomina

242 1823 306 1848 con
332 1822 376 1847 un
405 1823 473 1848 ere.

308 1813 335 1857 f
375 1856 403 1892 I.
452 1855 570 1899 Quare
602 1860 637 1891 et
663 1856 702 1891 in
725 1867 767 1892 ea
798 1856 997 1901 inquirere,
1029 1860 1065 1891 et
1093 1856 1126 1891 si
1156 1856 1245 1901 quid
1265 1856 1439 1892 eiusmodi
1460 1857 1601 1902 factum
1625 1860 1733 1899 esset,
1765 1857 2010 1903 delinquentes
2033 1857 2083 1892 ad
2104 1862 2305 1893 extremum
2327 1858 2467 1904 suppli-

242 1901 334 1937 cium
365 1900 509 1937 trahere
539 1901 726 1936 voluimus.
776 1900 906 1936 Verum
938 1901 1109 1946 quoniam
1141 1905 1175 1937 et
1205 1900 1354 1947 lonqum
1387 1904 1525 1947 tempus
1548 1906 1602 1937 est
1623 1912 1738 1947 neque
1761 1901 1935 1937 eiusmodi
1958 1901 2124 1937 delictum
2147 1902 2370 1938 commissum
2392 1912 2468 1938 esse

242 1945 430 1988 credimus,
459 1946 491 1981 si
524 1949 640 1981 tamen
666 1945 755 1991 quid
784 1946 861 1981 eius
889 1947 1032 1990 qeneris
1062 1946 1264 1991 contiqerit,
1292 1947 1528 1998 praeteritum
1553 1946 1705 1992 quidem,
1735 1956 1958 1992 quocumque
1981 1957 2019 1982 se
2042 1947 2146 1982 modo
2171 1946 2314 1991 habeat,
2336 1947 2382 1982 iis
2405 1949 2471 1993 qui

245 1989 439 2026 Osroenam
470 1994 505 2026 et
528 1989 826 2036 Mesopotamiam
884 1990 1064 2026 rovincias
1093 1990 1256 2025 incolunt
1286 1990 1512 2036 indulqemus
1533 1994 1685 2037 propter
1708 1991 1911 2027 invasiones
1934 1992 1971 2026 in
1995 2002 2057 2027 eas
2080 1991 2180 2028 vario
2203 1991 2308 2027 modo
2331 1992 2467 2038 factas,

242 2039 278 2070 et
304 2036 462 2070 maxime
490 2035 577 2080 quia
608 2036 762 2080 aqrestis
792 2045 850 2069 mu
869 2036 982 2070 titudo
1014 2038 1054 2069 ut
1072 2034 1271 2080 plurimum
1303 2033 1391 2069 haec
1416 2034 1623 2080 delinquere
1646 2035 1790 2077 dicitur,
1814 2035 1922 2080 idque
1946 2036 1984 2070 in
2007 2047 2051 2071 ea
2075 2047 2168 2082 quae
2190 2046 2285 2072 nunc
2308 2041 2362 2072 est
2384 2047 2468 2072 con-

241 2080 380 2114 dicione
410 2090 555 2114 manere
583 2080 743 2121 sinimus,
774 2089 853 2113 cum
884 2078 976 2113 nihil
1002 2089 1126 2113 eorum
1155 2079 1295 2114 curiose
1320 2083 1591 2123 perscrutemur
1620 2090 1712 2124 quae
1737 2090 1848 2124 usque
1872 2080 1921 2115 ad
1943 2080 2119 2115 novellam
2143 2084 2303 2116 nostram
2325 2091 2468 2116 sacram

241 2124 530 2159 constitutionem
562 2123 631 2158 hac
660 2124 698 2158 in
721 2134 762 2159 re
782 2124 885 2168 forte
902 2128 1059 2168 peccata
1082 2127 1177 2165 sunt,
1200 2123 1265 2159 sed
1284 2126 1324 2157 ut
1347 2134 1484 2159 omnem
1508 2123 1710 2159 huiusmodi
1733 2123 1777 2159 de
1799 2123 1868 2159 hoc
1891 2125 2159 2170 inquisitionem
2185 2124 2358 2162 adversus
2386 2137 2467 2172 per-

239 2179 350 2204 sonas
384 2173 418 2203 et
452 2178 512 2204 res
546 2179 639 2214 quae
670 2168 719 2203 ad
745 2167 887 2203 incolas
917 2167 1111 2203 earundem
1136 2168 1409 2220 provinciarum
1431 2168 1618 2214 pertinent
1643 2168 1829 2215 prohiberi
1858 2169 2073 2206 sanciamus.
2121 2169 2212 2206 Post
2240 2170 2352 2216 leqem
2384 2181 2467 2206 vero

240 2217 402 2248 nostram
426 2223 542 2259 nuper
566 2213 634 2248 hac
657 2213 701 2248 de
723 2223 764 2247 re
787 2214 899 2247 latam
921 2213 953 2247 si
976 2213 1058 2258 quis
1081 2212 1170 2258 quid
1192 2212 1367 2248 eiusmodi
1387 2213 1515 2258 facere
1538 2224 1649 2248 ausus
1670 2214 1786 2259 fuerit
1809 2214 1865 2249 vel
1885 2214 1991 2250 etiam
2019 2214 2163 2257 audeat,
2195 2225 2275 2251 eum
2298 2216 2469 2251 extremis

239 2257 428 2304 suppliciis
451 2257 564 2293 subici
586 2258 759 2299 volumus,
779 2257 939 2303 sciatque
962 2257 994 2292 is
1017 2268 1086 2293 nos
1108 2259 1146 2293 in
1167 2258 1390 2303 pecuniariis
1408 2258 1541 2304 poenis
1563 2269 1638 2293 non
1660 2259 1890 2301 subsdturos,
1913 2259 1978 2294 sed
2000 2263 2036 2295 et
2057 2260 2175 2305 ipsum
2199 2264 2234 2296 et
2257 2270 2411 2296 uxorem
2435 2264 2471 2296 et

241 2303 373 2338 liberos
403 2312 452 2338 ex
481 2302 618 2338 illicitis
646 2303 784 2349 nuptiis
806 2307 914 2337 natos
930 2305 1022 2348 post
1043 2307 1215 2345 nostram,
1246 2303 1299 2337 uti
1322 2302 1455 2337 dictum
1479 2306 1543 2345 est,
1566 2314 1709 2338 sacram
1733 2303 2024 2340 constitutionem
2041 2308 2301 2351 persecuturos
2323 2314 2409 2347 esse,
2434 2309 2471 2340 et

241 2347 284 2382 de
313 2347 432 2393 eapite
456 2347 662 2393 periculum
694 2351 728 2383 et
758 2347 802 2382 de
833 2346 935 2382 bonis
961 2357 1121 2393 poenam
1153 2347 1199 2382 iis
1228 2346 1439 2392 inflictur0s‚
1465 2347 1559 2383 nulli
1572 2351 1769 2394 parcentes
1792 2357 1857 2384 nee
1879 2348 1913 2384 si
1934 2349 2084 2385 maioris
2107 2360 2172 2385 nec
2194 2350 2226 2384 si
2249 2349 2399 2385 minoris
2421 2350 2470 2385 sit

241 2392 463 2427 condicionis
493 2396 559 2428 aut
584 2393 762 2438 fortunae
793 2396 858 2428 aut
886 2391 1082 2427 sacerdotii
1112 2391 1194 2434 (hoc
1226 2392 1319 2427 enim
1347 2393 1454 2428 etiam
1482 2395 1600 2439 maqis
1630 2393 1875 2439 importunum
1904 2396 1983 2437 est),
2018 2394 2084 2429 sed
2110 2395 2147 2429 in
2166 2405 2300 2431 -omnes
2328 2394 2470 2441 pariter

241 2437 562 2472 animadvertentes
591 2437 736 2473 solitum
767 2441 801 2473 et
825 2436 1000 2473 Romanis
1030 2436 1169 2483 leqibus
1199 2437 1348 2483 diqnum
1379 2437 1539 2473 ordinem
1562 2448 1638 2474 esse
1657 2441 1877 2480 servaturos,
1906 2448 1986 2474 cum
2009 2450 2084 2474 non
2106 2439 2222 2474 solum
2244 2438 2468 2475 substantiae

235 2486 380 2528 partem
405 2482 635 2527 auferamus,
667 2481 732 2517 sed
761 2483 868 2518 etiam
900 2485 1012 2517 totam
1039 2481 1278 2518 substantiam
1311 2486 1346 2517 et
1376 2487 1519 2529 partem
1551 2483 1728 2529 corporis,
1760 2486 1796 2518 et
1825 2483 1857 2518 si
1876 2482 2017 2529 quidem
2042 2483 2098 2519 vel
2119 2484 2361 2530 importunius
2385 2494 2467 2519 con-

242 2530 378 2562 tractas
409 2526 749 2573 deprehenderimus
779 2526 927 2562 illicitas
957 2526 1118 2572 nuptias,
1150 2526 1251 2573 forte
1274 2527 1381 2562 etiam
1405 2527 1523 2574 ipsam
1547 2528 1722 2563 animam:
1757 2528 1807 2563 ita
1832 2533 1872 2563 ut
1895 2539 1997 2563 nemo
2022 2528 2183 2575 effuqere
2200 2529 2324 2575 possit
2346 2528 2395 2564 ad
2418 2529 2468 2563 υἱ-

241 2572 402 2606 cinorum
426 2572 464 2606 in
480 2572 645 2617 peccatis
667 2571 871 2617 eoeemplum
894 2571 1125 2617 sequendum.
1173 2570 1286 2607 Recta
1309 2572 1402 2607 enim
1423 2576 1458 2607 et
1481 2583 1574 2618 quae
1597 2572 1724 2608 decent
1743 2583 1785 2608 sa
1813 2583 1873 2608 ere
1896 2576 2041 2619 oportet
2059 2577 2266 2619 ceterosque
2289 2573 2338 2608 ad
2362 2573 2468 2608 talem

241 2616 513 2651 aemulationem
542 2616 718 2658 excitare,
745 2626 811 2652 nee
835 2627 917 2652 vero
943 2617 1042 2662 ipsos
1065 2627 1159 2662 quae
1181 2619 1309 2651 contra
1334 2616 1430 2661 leqes
1449 2621 1534 2652 sunt
1557 2627 1666 2662 aqere
1688 2620 1724 2652 et
1747 2628 1769 2652 α
1817 2621 1976 2653 mutuam
1999 2618 2232 2654 imitationem
2255 2618 2466 2663 confuqere.

240 2660 343 2696 Haec
373 2661 488 2706 iqitur
514 2660 690 2696 custodiri
721 2661 885 2697 volumus
914 2661 952 2696 in
1009 2660 1181 2696 raedietis
1207 2655 1423 2707 provinciis,
1458 2666 1499 2697 ut
1516 2662 1603 2697 “tam
1635 2661 1755 2697 civiles
1786 2673 1894 2708 quam
1929 2662 2103 2699 militares
2134 2663 2369 2708 maqistratus
2399 2662 2468 2697 hoc

240 2705 446 2741 custodiant
475 2705 710 2752 efficiantque
742 2709 784 2741 ut
801 2716 947 2752 poenae
995 2705 1256 2786 elinguentibus
1280 2706 1525 2752 imponantur.
1572 2706 1654 2742 Hoc
1676 2707 1794 2753 ipsum
1817 2711 1936 2743 autem
1960 2708 2004 2743 iis
2027 2708 2090 2754 qui
2112 2708 2151 2743 in
2167 2707 2362 2754 provincia
2384 2711 2469 2742 sunt

239 2760 288 2785 ex
312 2754 512 2796 praecepto
546 2754 606 2786 tuo
638 2762 662 2785 a
682 2751 846 2830 prqfriis
868 2751 1071 2796 maqistrata
1098 2761 1140 2786 us
1161 2761 1230 2797 per
1252 2749 1369 2786 edicta
1388 2751 1620 2797 manifestum
1640 2752 1725 2796 sieri
1746 2752 1918 2794 volumus,
1942 2752 2014 2787 nisi
2036 2753 2109 2798 ipsi
2131 2763 2275 2798 quoque
2296 2752 2469 2789 extremis

235 2796 366 2841 poenis
388 2795 503 2831 subici
523 2795 632 2831 velint
654 2800 691 2831 et
713 2807 735 2830 a
761 2795 1061 2831 ministrationum
1085 2799 1120 2830 et
1143 2796 1317 2831 bonorum
1341 2796 1538 2838 amissioni,
1562 2797 1595 2831 si
1617 2796 1707 2841 quid
1728 2795 1856 2831 horum
1879 2797 2132 2842 neqleoeerint..

376 2838 465 2885 Epi
473 2840 487 2874 l
495 2851 516 2875 ο
524 2851 616 2885 qus.
656 2839 755 2883 Quae
779 2841 893 2886 iqitur
921 2841 1024 2876 nobis
1049 2840 1270 2886 placuerunt
1299 2843 1335 2875 et
1358 2852 1431 2887 per
1464 2840 1558 2877 hanc
1586 2851 1727 2876 sacram
1755 2842 2022 2887 pragmaticam
2048 2842 2209 2886 formam
2237 2840 2470 2877 declarantur

240 2886 302 2919 tua
323 2883 445 2929 qloria
469 2884 518 2920 ad
538 2895 630 2931 opus
653 2884 890 2931 effectumque
913 2885 1093 2921 adducere
1114 2885 1266 2921 studeat.

285 3031 305 3063 2
336 3032 424 3074 μέρη
449 3031 480 3063 L
509 3030 521 3074 ss
554 3032 591 3064 10
626 3027 832 3071 διατάξεως]
861 3044 930 3064 nov.
958 3031 1040 3063 XII
1063 3031 1074 3073 ΙΙ
1109 3032 1150 3064 14
1173 3031 1322 3086 γενομέ-

238 3085 320 3108 νους
344 3088 411 3108 cum
436 3075 634 3108 Haloandro
658 3076 742 3118 vulq.
762 3074 774 3119 ss
790 3074 922 3120 γάμους
949 3076 1037 3108 MaL
1055 3075 1067 3118 ΙΙ
1087 3077 1127 3109 16
1152 3087 1183 3108 ει
1206 3075 1321 3116 μείζο-

239 3122 310 3160 νος]
336 3119 366 3152 εἱ
390 3132 448 3153 om.
474 3121 505 3153 L
536 3119 549 3163 ss
576 3116 764 3153 ἐλάττονες
790 3121 838 3153 12⁰
865 3119 877 3164 Η
907 3120 1148 3153 καταστάσεος
1169 3120 1215 3153 Μ
1236 3120 1248 3163 ΙΙ
1280 3121 1319 3153 17

240 3163 446 3202 ἐπεξιόντος
469 3165 501 3197 L
530 3164 542 3207 ΙΙ
574 3167 614 3198 19
648 3163 747 3210 εἴπερ
774 3164 846 3208 καὶ]
876 3167 935 3198 καὶ
960 3177 1017 3198 om.
1043 3166 1074 3197 L
1104 3164 1116 3207 ΙΙ
1145 3161 1320 3198 δυσκολώ-

239 3220 326 3252 τερα
351 3211 395 3242 M
405 3211 416 3251 ΙΙ
437 3211 478 3242 20
503 3209 550 3242 εἰς
573 3208 616 3242 τὸ
643 3211 685 3250 L]
711 3210 749 3242 ἐκ
773 3209 838 3242 τοῦ
862 3210 905 3242 Μ
926 3209 938 3253 ΙΙ
961 3211 1034 3242 τοῖς
1055 3208 1163 3242 πέλας
1186 3210 1226 3242 ἐν
1249 3210 1322 3242 τοῖς

239 3254 294 3293 (ch
315 3255 390 3295 729,
404 3255 463 3296 22)]
487 3253 550 3287 τὰς
573 3253 701 3288 ποινὰς
724 3256 797 3286 τοῖς
813 3267 879 3288 cum
898 3255 1094 3287 Haloandro
1109 3255 1197 3298 vuly.
1214 3255 1296 3287 male
1310 3253 1321 3297 ΙΙ

242 3299 282 3330 23
308 3297 450 3332 τούτων
474 3299 505 3332 L
534 3299 546 3343 ΙΙ
576 3300 619 3333 24
642 3301 725 3340 τοῖς]
750 3298 802 3332 τῶ
830 3299 861 3332 L
891 3299 903 3343 ss
930 3296 1155 3344 πραγμάτων
1174 3300 1206 3333 L
1234 3298 1247 3343 ΙΙ
1278 3300 1320 3332 26

1390 3026 1599 3074 ἀμελήσειεν
1622 3031 1654 3064 L
1670 3030 1682 3076 ss
1702 3032 1743 3065 28
1768 3033 1889 3065 subscr.
1914 3044 1972 3065 om.
1995 3032 2083 3072 Ath„
2109 3031 2239 3070 Theod„
2267 3031 2332 3063 dat.
2357 3031 2405 3064 M
2417 3044 2468 3064 re-

1392 3077 1487 3118 liquis
1511 3077 1653 3115 omissis;
1678 3077 1927 3110 constitutionem
1952 3077 2156 3110 recentiorem
2172 3076 2301 3109 novella
2318 3076 2400 3108 XII
2410 3076 2466 3120 (cf.

1392 3122 1444 3154 10.
1468 3122 1519 3155 12.
1546 3122 1599 3163 14)
1633 3128 1690 3154 aut
1720 3122 1819 3155 eidem
1853 3133 1938 3154 anno
1962 3122 2029 3155 535
2062 3128 2119 3155 aut
2141 3133 2226 3154 anno
2251 3121 2327 3162 536,
2352 3121 2468 3163 quibus

1390 3168 1484 3199 annis
1506 3167 1599 3199 Flori
1626 3167 1748 3199 comitis
1778 3178 1882 3199 rerum
1913 3168 2117 3209 privatarum
2140 3167 2173 3199 in
2198 3166 2331 3199 novellis
2353 3167 2467 3198 mentio

1390 3212 1568 3244 continetur
1600 3211 1655 3253 (cJ‘I
1690 3223 1761 3244 nov.
1788 3211 1906 3244 XXII
1933 3219 2011 3244 extr.
2042 3223 2076 3253 p.
2102 3212 2177 3250 187,
2196 3212 2226 3252 9)
2253 3210 2468 3253 probabiliter

1391 3257 1502 3290 tribuit
1535 3256 1659 3290 Biener
1688 3268 1723 3299 p.
1746 3256 1829 3294 534;
1866 3255 1994 3289 novella
2028 3256 2224 3291 CXXXIX
2255 3255 2466 3298 antiquiorem

1390 3312 1456 3334 esse
1481 3313 1519 3334 ea:
1538 3302 1700 3344 prooemio
1725 3301 1841 3335 conicit
1859 3300 2055 3335 Zachariae.

2494 777 2532 809 10

2492 1225 2532 1257 20

2492 1451 2533 1483 25
