2586 3990
240 126 346 170 Nov.
377 124 532 167 CXVII
563 127 599 166 1.
629 125 655 164 2
1315 115 1401 163 552
1679 166 1684 173 ‚
1785 121 1845 152 m*
1874 120 2035 153 monn*
2063 119 2204 151 Mamm
2231 119 2289 150 m*
2316 113 2455 153 Avim

240 234 377 270 τούτοις
409 236 482 267 τοῖς
510 232 696 279 πράγμασι
729 229 821 275 μήτε
850 231 1092 267 usumfructov
1126 228 1217 273 μήτε
1245 229 1315 272 τὴν
1382 231 1513 263 testate
1541 226 1581 262 in
1602 226 1658 262 his
1680 227 1790 263 rebus
1819 237 1935 274 neque
1961 228 2223 265 usumfructum
2251 235 2321 262 nec
2343 224 2458 270 quod·
2495 228 2497 231 '

240 279 386 313 οἱανοῦν
409 277 596 312 παντελῶς
617 280 814 320 μετουσίαν
833 278 936 319 ἔχειν.
979 276 1096 309 ταῦτα
1111 274 1180 320 γὰρ
1196 271 1241 316 δὴ
1257 276 1317 308 καὶ
1383 273 1471 307 libet
1503 270 1647 316 penitus
1686 271 1844 307 habeant
1883 274 2120 319 participium.
2175 271 2253 307 Hoc
2288 270 2383 306 enim
2421 271 2459 304 et

239 324 416 363 ἐξωτικοῖς
436 318 613 363 ἠδύναντο
631 320 927 365 καταλιμπάνειν,
952 317 1048 354 ὅθεν
1070 315 1220 375 οὐδεμία
1244 321 1318 353 τοῖς
1383 315 1563 352 extraneis
1586 315 1787 360 relinquere
1834 319 1991 360 oterant,
2013 319 2107 354 unde
2130 318 2229 353 nulla
2251 314 2459 361 parentibus

237 368 404 414 γονεῦσιν
439 364 594 412 ὠφέλεια
629 370 864 412 προςεγίνετο.
911 366 1021 399 τοῦτο
1056 362 1095 398 δὲ
1127 376 1170 398 ου
1200 360 1318 406 μόνον
1384 362 1519 397 utilitas
1549 363 1769 396 nasceretur.
1853 361 2037 407 coituque
2066 373 2140 399 non
2163 363 2277 398 solum
2300 359 2459 405 parenti-

237 415 310 446 τοῖς
324 412 502 456 γονεῦσιν,
526 407 617 444 ἀλλὰ
634 413 694 444 καὶ
710 413 823 446 παντὶ
839 409 1020 454 προςώπῳ
1045 408 1178 448 ἐξεῖναι
1201 420 1317 452 παρα·
1351 410 1370 441 5
1383 407 1463 448 bus,
1487 405 1551 440 sed
1572 405 1680 440 etiam
1703 405 1799 440 omni
1820 415 1995 450 personae
2016 407 2123 444 licere
2146 407 2395 452 praecipimus.

237 458 257 491 1
303 454 534 499 κελευόμεθα.
605 455 651 489 τὰ
676 452 716 488 δὲ
737 453 934 500 πράγματα
956 453 1003 488 τὰ
1027 450 1124 487 οὕτω
1148 451 1317 496 καταλιμ-
1384 454 1404 487 1
1451 450 1522 485 Res
1555 452 1674 485 autem
1704 450 1756 484 ita
1786 450 1931 486 relictas
1961 451 2033 487 sive
2061 452 2211 488 donatas
2242 450 2367 496 positis
2391 447 2459 484 sub

237 499 428 542 πανόμενα
459 497 482 544 ἢ
515 498 726 545 δωρούμενα
756 502 829 533 τοῖς
853 497 1074 539 ὑπεξουσίοις
1106 495 1317 542 προςώποις,
1410 498 1562 531 otestate
1585 495 1763 539 personis,
1794 495 1825 529 si
1848 495 1987 539 quidem
2009 496 2188 540 perfectae
2211 500 2296 532 sunt
2318 494 2459 537 aetatis,

238 545 268 578 εἰ
297 546 364 589 μὲν
398 544 534 579 τελείας
564 546 657 579 εἰσὶν
686 543 841 587 ἡλικίας,
876 541 947 578 κᾶν
977 540 1185 583 ὑπεξούσιοι
1215 536 1316 583 αἷσιν,
1399 541 1469 575 icet
1488 540 1555 577 sub
1572 543 1750 585 potestate
1766 540 1848 582 sint,
1872 539 2050 574 licentiam
2073 541 2228 577 habeant
2251 551 2320 586 quo
2338 540 2461 575 volunt

237 586 364 623 ἄδειαν
387 592 568 632 ἐχέτωσαν
591 586 685 623 καθ’
707 586 752 623 δν
775 587 968 632 βούλονται
992 587 1132 633 τρόπον
1152 585 1315 621 διοικεῖν·
1386 584 1488 620 modo
1520 585 1719 629 disponere.
1768 584 1806 619 Si
1836 594 1919 619 vero
1949 586 2066 620 aetate
2095 586 2247 621 minores
2277 586 2364 628 sint,
2398 593 2461 628 per

237 635 268 668 st
291 632 331 668 δὲ
352 634 422 677 τὴν
441 632 585 678 ἡλικίαν
608 629 702 668 ὦσιν
721 631 872 676 ἀτελεῖς,
897 631 948 667 δι>
968 627 1080 678 οὗπερ
1110 630 1158 666 ἂν
1182 629 1318 666 συνίδοι
1334 634 1372 665 10
1388 640 1491 674 quem
1521 630 1741 675 perspexerit
1769 633 1921 664 testator
1951 633 2014 664 aut
2042 629 2193 666 donator
2221 631 2309 666 haec
2333 629 2459 673 guber-

237 677 257 712 ὁ
283 684 437 715 testator
467 676 488 724 ἢ
512 677 532 713 ὁ
558 677 783 724 δωρούμενος
808 675 901 712 αὐτὰ
932 676 1170 722 διοικεῖσθαι,
1202 679 1320 721 μέχρις
1387 678 1528 718 nentur,
1559 675 1672 710 donec
1695 675 1746 709 illi
1769 674 1898 719 quibus
1923 674 2055 709 donata
2077 678 2160 710 sunt
2182 678 2246 710 aut
2267 675 2392 710 relicta
2415 673 2461 707 ad

237 719 331 758 ὅταν
361 727 489 758 ἐκεῖνοι
523 723 574 758 οἷς
605 722 777 768 ἐδωρήθη
810 722 831 767 ἢ
855 722 1077 768 κατελείφθη
1109 723 1156 756 εἰς
1179 721 1319 755 τελείαν
1388 720 1582 765 perfectam
1625 722 1778 754 aetatem
1819 720 2045 764 perveniant3
2089 719 2268 754 licentiam
2306 720 2461 755 habente

237 767 406 803 ἔλθωσιν
436 766 588 812 ἡλικίαν.
635 768 764 803 ἄδειαν
794 772 936 811 ἔχοντος
968 769 1031 802 τοῦ
1063 765 1320 810 διατιθεμένου
1391 767 1562 800 testatore
1593 765 1648 800 vel
1670 766 1841 800 donatore
1871 769 1906 799 et
1930 764 2034 798 matri
2057 767 2092 798 et
2114 764 2212 799 aviae
2235 765 2362 800 horum
2385 763 2460 808 qui-

237 810 259 857 ἢ
283 811 510 859 δωρουμένου
533 816 593 847 καὶ
614 815 658 861 τῇ
676 817 784 860 μητρὶ
809 816 868 847 καὶ
889 814 933 860 τῇ
953 812 1081 860 μάμμῃ
1103 810 1247 846 τούτων
1269 810 1321 844 οἷς
1388 810 1455 845 bus
1479 819 1536 845 res
1561 810 1712 845 collatae
1735 813 1819 844 sunt
1847 809 2006 854 ipsarum
2030 819 2148 844 rerum
2171 809 2203 843 si
2225 809 2376 843 voluerit
2398 818 2461 853 gu-

236 858 282 893 τὰ
305 858 501 906 πράγματα
524 859 733 904 παρεσχέθη
756 858 826 902 τὴν
841 859 919 893 τῶν
935 854 1058 892 αὐτῶν
1083 856 1320 903 πραγμάτων,
1336 858 1375 890 15
1390 855 1633 890 bernationem
1664 854 1900 897 committere,
1936 854 2020 888 licet
2051 853 2186 888 maritis
2220 853 2364 888 iunctae
2393 853 2464 888 sint

237 904 268 937 εἰ
317 903 471 946 oiston-o,
496 901 674 947 διοίκησιν
690 903 991 944 καταπιστεῦσαι,
1016 899 1085 936 κᾶν
1102 901 1321 935 συνοικῶσιν
1387 904 1601 935 memoratae
1624 900 1798 942 mulieres,
1821 899 1872 933 ita
1887 900 2006 934 tamen
2030 899 2060 933 Si
2085 901 2120 933 et
2141 899 2242 943 ipsae
2265 897 2464 933 huiusmodi

238 907 418 994 ἄνέράσιν
448 948 487 982 αἱ
513 949 696 994 εἰρημέναι
722 950 900 995 γυναῖκες,
932 944 1031 981 οὕτω
1063 949 1189 991 μέντοι
1220 946 1320 991 εἴπερ
1387 944 1683 989 gubernationem
1715 943 1812 979 susci
1838 954 1896 979 ere
1928 943 2114 979 voluerint.
2164 944 2201 978 Si
2226 952 2309 978 vero
2341 944 2464 978 forsan

236 996 296 1027 καὶ
321 990 429 1028 αὐταὶ
453 994 520 1037 τὴν
543 994 716 1036 τοιαύτην
741 991 917 1035 διοίκησιν
939 990 1213 1032 καταδέξασθαι
1235 995 1318 1035 βου·
1387 991 1417 1026 is
1442 990 1500 1035 qui
1523 990 1690 1034 relinquit
1721 993 1785 1024 aut
1832 992 1918 1024 onat
1946 989 2082 1024 nullum
2106 988 2161 1024 his
2185 988 2464 1032 dispensatorem

238 1038 416 1082 ληθῶσιν.
463 1040 495 1072 εἰ
519 1037 559 1072 δὲ
586 1035 635 1073 αἱς
662 1037 754 1072 εἰκὸς
783 1035 803 1072 ὁ
828 1036 1117 1082 καταλιμπάνων
1138 1034 1160 1080 ἢ
1184 1033 1318 1081 δωρού-
1387 1035 1691 1076 determinaverit,
1724 1036 1787 1069 aut
1817 1035 1862 1069 ab
1894 1044 1936 1070 eo
1970 1035 2073 1069 datus
2105 1032 2308 1068 huiusmodi
2336 1032 2463 1076 guber·

235 1095 341 1128 μενος
362 1081 501 1128 μηδένα
524 1080 664 1117 τούτοις
689 1081 824 1127 διοικητ
838 1082 874 1116 ’ν
891 1079 1042 1127 ὁρίσειε,
1066 1080 1089 1125 ἢ
1106 1079 1125 1115 ὁ
1144 1077 1235 1127 παρ’
1257 1077 1317 1114 αὖ·
1333 1082 1373 1115 20
1387 1081 1567 1115 nationem
1603 1080 1722 1114 subire
1756 1080 1927 1121 noluerit,
1972 1082 2035 1114 aut
2069 1078 2242 1113 moriatur
2275 1081 2465 1122 antequam

236 1130 302 1162 τοῦ
327 1126 516 1174 δεδομένος
538 1128 608 1172 τὴν
630 1125 805 1170 τοιαύτην
828 1097 1007 1170 διοίκησιν
1031 1124 1209 1161 ὑπελθεῖν
1227 1123 1252 1170 ἢ
1267 1125 1316 1170 μὴ
1387 1125 1438 1159 illi
1461 1125 1643 1169 perfectae
1672 1124 1762 1159 fiant
1785 1124 1923 1165 aetatis,
1955 1124 2117 1159 iubemus
2146 1123 2300 1158 iudicem
2324 1130 2464 1165 compe-

237 1172 435 1218 βουληθείη
459 1171 483 1218 ἢ
504 1173 554 1218 μὴ
579 1171 766 1217 δυνηθείη,
790 1171 814 1217 ἢ
828 1171 1048 1216 τελευτήσειε
1063 1174 1151 1217 πρὶν
1168 1173 1320 1205 ἐκείνους
1388 1175 1519 1204 tentem
1543 1171 1745 1204 curatorem
1775 1169 1845 1204 fide
1867 1169 2009 1213 dignum
2041 1179 2122 1203 cum
2144 1168 2300 1211 legitima
2323 1167 2464 1202 fideius-

237 1217 372 1253 τελείας
401 1216 538 1262 ἡλικίας
567 1218 759 1266 γενέσθαι,
796 1218 996 1261 τηνικαῦτα
1027 1216 1217 1261 κελεύομεν
1251 1215 1319 1250 τὸν
1388 1215 1489 1250 sione
1523 1215 1631 1249 rebus
1665 1214 1797 1249 talibus
1827 1214 2012 1257 ordinare,
2051 1214 2111 1258 qui
2143 1213 2272 1249 debeat
2304 1211 2466 1247 relictam

237 1259 413 1308 ἁρμόδιον
437 1262 597 1308 ἄρχοντα
619 1262 831 1319 κουράτωρα
860 1262 1077 1303 ἀξιόπιστον
1103 1262 1197 1306 μετὰ
1221 1264 1318 1305 νομί·
1387 1260 1519 1295 talibus
1543 1260 1705 1304 personis
1731 1260 1965 1295 substantiam
1987 1259 2186 1303 gubernare
2214 1263 2321 1303 atque
2345 1260 2465 1291 custo-

236 1321 305 1352 μου
335 1309 460 1356 ἐγγύης
494 1312 568 1343 τοῖς
602 1320 777 1342 τοιουτοις
812 1308 1000 1356 πράγμασι
1029 1305 1318 1363 προβάλλεσθαι,
1335 1308 1375 1339 25
1390 1306 1475 1348 dire,
1500 1304 1613 1340 donec
1634 1304 1685 1339 illi
1708 1305 1754 1339 ad
1775 1304 1985 1350 perfectam,
2011 1304 2104 1339 sicut
2123 1303 2259 1338 dictum
2278 1304 2344 1345 est,
2368 1303 2465 1337 aeta·

237 1351 432 1409 ὀφείλοντα
462 1353 532 1397 τὴν
563 1352 874 1399 καταλειφθεῖσαν
905 1354 979 1387 τοῖς
1008 1363 1183 1386 τοιουτοις
1216 1362 1319 1397 προς·
1388 1354 1460 1385 tem
1490 1350 1708 1394 perveniant.
1756 1349 1798 1384 ln
1828 1349 1899 1384 illis
1929 1349 2021 1384 enim
2054 1349 2196 1384 casibus
2227 1349 2339 1392 legem
2375 1355 2466 1400 quae

236 1410 348 1433 ωποις
383 1402 594 1445 περιουσίαν
626 1396 807 1442 διοικῆσαι
838 1411 879 1432 τε
905 1400 966 1431 καὶ
1048 1396 1170 1438 λάξαι,
1231 1399 1321 1440 ε’χρις
1389 1406 1494 1430 usum
1516 1395 1723 1440 parentibus
1756 1396 1905 1439 praebet
1932 1395 2094 1429 volumus
2119 1393 2304 1437 custodiri,
2337 1393 2465 1439 qulbus

237 1440 331 1479 ὅταν
347 1445 492 1487 ἐκεῖνοι,
513 1441 562 1479 ὥς
576 1443 732 1489 εἴρηται,
752 1444 800 1478 εἰς
814 1442 956 1477 τελείαν
973 1410 1118 1485 &ssim
1141 1440 1184 1476 ἔλ
1218 1454 1319 1475 mciv.
1389 1451 1462 1476 non
1485 1440 1580 1475 inest
1602 1440 1806 1484 specialiter
1828 1439 2031 1476 huiusmodi
2054 1439 2227 1475 condicio.

237 1490 278 1523 ἐν
301 1490 446 1524 ἐκείνοις
474 1489 546 1537 γάρ
568 1492 642 1523 τοῖς
665 1489 804 1532 θέμασι
828 1486 897 1522 τὸν
918 1486 1034 1531 νόμον
1057 1486 1126 1522 τὸν
1148 1487 1217 1530 τὴν
1240 1487 1321 1532 χρῆ-

237 1545 298 1568 am
320 1537 392 1569 τοῖς
409 1535 556 1582 γονεῦσι
580 1536 786 1580 παρέχοντα
808 1531 1023 1578 βουλόμεθα
1045 1529 1319 1578 παραφυλάττε-
1334 1532 1377 1566 30

238 1578 344 1623 σθαι,
365 1579 418 1615 οἷς
440 1577 505 1614 οὐκ
528 1580 685 1627 ἔγκειται
707 1576 830 1614 ἰδικῶς
853 1576 1003 1620 τοιαύτη
1028 1578 1171 1623 αἵρεσις.

1237 1687 1396 1725 CAPUT
1419 1687 1466 1724 11.

305 1759 402 1804 Πρὸς
424 1755 562 1792 τούτοις
590 1756 630 1792 δὲ
652 1754 794 1791 κάκεῖνο
823 1757 1073 1801 νομοθετῆσαι
1100 1754 1320 1799 συνείδομεν,
1459 1754 1514 1789 Ad
1537 1754 1626 1789 haec
1651 1757 1769 1788 autem
1800 1756 1836 1787 et
1858 1752 1947 1788 illud
1972 1754 2112 1789 sancire
2134 1751 2396 1798 perspeximus,
2426 1753 2468 1786 ut

238 1798 327 1838 ὥστε
357 1803 394 1837 εἴ
416 1813 469 1837 τις
498 1802 582 1837 υἱὸν
605 1800 629 1846 ἢ
652 1803 838 1850 θυγατέρα
867 1805 961 1845 ἔχων
986 1802 1025 1842 ἐξ
1048 1800 1239 1848 ἐλευθέρας
1261 1814 1322 1848 γυ-
1391 1799 1423 1835 si
1446 1799 1526 1845 quis
1555 1799 1666 1834 filium
1696 1801 1761 1833 aut
1789 1798 1899 1832 filiam
1928 1798 2063 1833 habens
2098 1799 2142 1834 de
2171 1798 2283 1833 libera
2310 1796 2465 1838 muliere,

305 1906 333 1927 c.
356 1893 403 1928 II
420 1900 506 1928 extat
531 1894 566 1926 Β
590 1894 645 1936 28,
658 1901 686 1935 4,
699 1901 734 1928 49
760 1893 824 1935 (ΒΙ
846 1895 886 1926 Π
908 1894 966 1935 1,1
985 1905 1021 1936 p.
1036 1893 1103 1927 534
1125 1892 1251 1933 Zach.).
1278 1910 1312 1915 —
1346 1891 1507 1924 Summam
1531 1890 1628 1922 habet
1653 1889 1800 1932 Epitome
1824 1890 1879 1930 24,
1894 1896 1929 1923 42
1953 1888 2010 1930 (=
2022 1887 2127 1922 Anon.
2152 1888 2359 1922 Bodleianus
2379 1888 2469 1931 apud

239 1939 427 1972 Zachariae
447 1935 581 1972 Ἀνέκδ.
602 1951 639 1982 p.
656 1939 744 1980 215),
769 1951 908 1972 summas
932 1945 1079 1981 repetunt
1105 1937 1269 1970 Theodori
1292 1932 1363 1977 ΒΣ,
1395 1935 1575 1969 Athanasii
1588 1935 1752 1977 paratitla
1772 1935 1844 1967 Ath.
1862 1936 1899 1967 11
1919 1938 1972 1973 52.

306 1997 333 2017 c.
357 1984 445 2018 11—
457 1984 510 2018 VI
512 1996 566 2027 pr.
591 1986 765 2017 summaria
790 1984 885 2017 habet
907 1983 1014 2016 Anon-
1039 1982 1248 2016 Bodleianus
1274 1994 1327 2024 ap.
1352 1980 1541 2014 Zachariae
1562 1975 1694 2013 Ἀνέκδ.
1717 1992 1751 2023 p.
1766 1980 1843 2014 208.

239 2074 364 2108 testate
393 2071 541 2113 habeat,
572 2072 611 2105 in
634 2069 690 2106 his
711 2070 819 2106 rebus
849 2081 965 2116 neque
995 2080 1097 2105 usum
1120 2073 1262 2104 ructum
1292 2079 1408 2114 neque
1435 2067 1545 2102 ullam
1578 2067 1720 2102 omnino
1752 2066 2035 2102 communionem
2062 2065 2200 2102 habeat.
2248 2065 2351 2101 Haec
2374 2066 2466 2102 enim

238 2118 345 2153 etiam
369 2117 556 2152 eoetraneis
578 2116 781 2161 relinquere
803 2119 993 2162 poterant,
1026 2126 1074 2149 un
1102 2125 1121 2149 e
1145 2114 1283 2148 nullum
1314 2113 1364 2148 ad
1384 2117 1556 2158 parentes
1587 2112 1808 2147 commodum
1858 2116 2085 2147 erventurum
2108 2115 2196 2146 erat.
2244 2110 2326 2146 Hoc
2349 2115 2467 2146 autem

237 2164 260 2198 1
305 2173 377 2196 non
393 2162 509 2197 solum
530 2162 754 2207 parentibus,
778 2160 842 2195 sed
856 2161 964 2195 etiam
988 2159 1152 2195 omnibus
1168 2159 1341 2204 personis
1365 2158 1471 2193 licere
1488 2157 1745 2203 praecipimus.
1852 2168 1891 2192 es
1907 2167 1990 2192 vero
2009 2156 2062 2191 ita
2078 2155 2224 2191 relictas
2242 2155 2299 2191 vel
2312 2155 2468 2191 donatas

233 2207 404 2254 personis
427 2206 491 2241 sub
515 2210 695 2252 potestate
719 2206 936 2247 constitutis,
967 2205 999 2239 si
1022 2204 1165 2250 quidem
1221 2204 1383 2250 erfectae
1415 2203 1544 2238 aetatis
1566 2202 1655 2244 sint,
1688 2203 1851 2247 quamvis
1879 2201 1944 2237 sub
1970 2205 2151 2247 potestate
2180 2201 2253 2235 sint
2277 2201 2468 2236 ‘constituti

236 2252 451 2298 facultatem
476 2261 547 2296 quo
571 2250 680 2286 velint
701 2250 806 2286 modo
830 2249 1110 2285 administrandi
1132 2249 1178 2283 lta
1202 2253 1304 2292 eant,
1328 2249 1385 2283 sin
1406 2252 1524 2283 aetate
1547 2247 1704 2293 minores
1722 2247 1807 2288 sint,
1830 2257 1898 2291 per
1921 2257 1999 2282 eum
2023 2256 2279 2291 quemcumque
2301 2245 2468 2281 statuerit

240 2301 392 2332 testator
415 2296 470 2332 vet
493 2296 652 2331 donator
675 2294 985 2337 administrentur,
1017 2294 1130 2329 donec
1152 2293 1208 2328 illi
1256 2293 1360 2328 uibus
1389 2292 1548 2327 donatae
1578 2292 1634 2327 vet
1655 2291 1803 2326 relictae
1825 2296 1909 2326 sunt
1940 2291 1990 2326 ad
2009 2291 2212 2337 perfectam
2236 2296 2387 2326 aetatem
2411 2301 2467 2326 ve-

238 2343 367 2377 nerint.
417 2340 559 2376 Habeat
589 2343 706 2376 autem
738 2340 919 2376 licentiam
952 2343 1102 2374 testator
1132 2338 1191 2374 vel
1245 2343 1377 2373 onator
1407 2342 1443 2373 et
1474 2337 1583 2372 matri
1614 2341 1649 2372 et
1679 2337 1783 2372 aviae
1805 2347 1929 2371 eorum
1961 2335 2090 2382 quibus
2118 2346 2177 2371 res
2206 2335 2363 2371 collatae
2384 2340 2470 2371 sunt

238 2385 432 2422 earundem
455 2396 595 2427 rerum,
625 2385 658 2420 si
681 2384 848 2428 voluerit,
876 2384 1225 2419 administrationem
1250 2383 1413 2424 credere,
1438 2382 1522 2417 licet
1547 2381 1759 2434 praedictae
1786 2381 1952 2416 mulieres
1982 2380 2122 2415 maritis
2148 2381 2362 2416 coniunctae
2383 2380 2470 2423 sint,

237 2432 290 2466 ita
316 2436 434 2467 tamen
462 2430 638 2476 siquidem
669 2430 683 2464 i
709 2441 771 2465 sae
800 2441 872 2476 quo
899 2440 943 2464 ue
973 2429 1077 2464 talem
1109 2427 1456 2463 administrationem
1478 2437 1640 2473 recipere
1663 2426 1851 2462 voluerint.
1899 2424 2037 2468 Quodsi
2053 2426 2155 2472 forte
2182 2427 2212 2460 is
2238 2425 2303 2472 qui
2331 2435 2391 2460 res
2413 2436 2468 2461 re-

238 2476 369 2522 linquit
391 2475 447 2512 vel
469 2476 583 2511 donat
604 2442 742 2510 nulltim
764 2475 811 2510 iis
835 2486 858 2510 a
883 2474 1166 2509 ministratorem
1189 2473 1434 2515 constituerit,
1467 2471 1525 2508 vel
1546 2471 1609 2517 qui
1632 2471 1677 2507 ab
1701 2481 1744 2507 eo
1768 2470 1877 2506 datus
1907 2474 1960 2506 est
1985 2470 2090 2506 talem
2122 2470 2470 2514 administrationem

236 2522 422 2567 suscipere
445 2524 510 2556 aut
531 2520 691 2556 noluerit
713 2524 779 2555 aut
798 2531 873 2555 non
891 2519 1073 2566 potuerit,
1101 2518 1157 2554 vel
1178 2521 1345 2553 mortuus
1367 2517 1416 2552 sit
1434 2521 1628 2562 antequam
1651 2515 1708 2551 illi
1726 2515 1915 2562 perfectae
1938 2516 2068 2550 aetatis
2086 2515 2199 2560 fiant,
2223 2519 2308 2551 tunc
2331 2526 2469 2562 compe-

239 2571 368 2602 tentem
397 2565 551 2601 iudicem
579 2565 740 2601 iubemus
770 2568 975 2600 curatorem
1002 2563 1078 2609 fide
1108 2563 1257 2609 diqnum
1289 2573 1368 2597 cum
1401 2562 1558 2608 leqitz'ma
1616 2560 1820 2597 deiussione
1849 2560 2025 2596 eiusmodi
2049 2560 2157 2596 rebus
2179 2560 2377 2603 destinare,
2406 2561 2472 2606 qui

237 2611 475 2647 substantiam
500 2610 674 2645 eiusmodi
696 2611 866 2656 personis
888 2608 1052 2645 relictam
1074 2612 1111 2644 et
1132 2608 1386 2643 administrare
1409 2611 1445 2642 et
1464 2611 1564 2642 custo
1592 2606 1646 2641 ire
1669 2605 1812 2648 debeat,
1845 2605 1958 2641 donec
1981 2605 2051 2647 illi,
2084 2605 2138 2640 uti
2161 2605 2295 2641 dictum
2318 2609 2390 2647 est,
2420 2604 2471 2640 ad

233 2657 439 2703 perfectam
463 2659 616 2691 aetatem
639 2655 811 2690 venerint.
859 2653 905 2689 In
928 2654 1002 2689 illis
1025 2654 1119 2689 enim
1143 2653 1285 2688 casibus
1316 2652 1430 2699 leqem
1461 2662 1554 2698 quae
1576 2652 1843 2696 usumfructum
1864 2650 2077 2696 parentibus
2097 2655 2265 2696 praestat
2286 2650 2471 2686 observari

239 2701 415 2744 volumus,
439 2700 570 2747 quibus
592 2699 768 2736 eiusmodi
792 2699 957 2735 condicio
981 2698 1189 2746 specialiter
1212 2708 1286 2733 non
1310 2701 1364 2733 est
1387 2697 1568 2744 imposita.

372 2745 418 2782 11.
465 2744 664 2781 Praeterea
687 2750 807 2780 autem
830 2744 923 2780 illud
945 2754 1089 2790 quoque
1111 2743 1255 2778 sancire
1278 2742 1514 2784 decrevimus,
1546 2744 1588 2777 ut
1608 2741 1642 2776 si
1663 2740 1746 2786 quis
1764 2740 1881 2785 filium
1912 2739 1967 2775 vel
1984 2739 2102 2784 filiam
2125 2738 2260 2776 habens
2281 2750 2333 2776 σω
2354 2738 2468 2775 libera

286 2838 301 2870 1
317 2832 428 2878 *μηδὲ
442 2835 552 2869 MLB
568 2835 581 2879 ΙΙ
598 2831 830 2877 οὗειιῖτιιοῐοη,
847 2847 873 2867 s.
889 2847 918 2867 υ.
935 2833 1014 2875 ήτοι
1029 2834 1156 2877 χρῆσιν
1173 2831 1322 2866 κλοπῶν
1389 2832 1626 2874 perspexerunt
1641 2831 1673 2864 T
1679 2829 1691 2850 ¹
1716 2843 1868 2860 unu·
1888 2829 1933 2862 R*
1949 2828 1962 2872 ΙΙ
1982 2831 2020 2863 11
2047 2829 2196 2862 relictam
2219 2843 2240 2862 v
2271 2829 2394 2862 donata
2416 2840 2467 2862 re-

238 2881 309 2935 (sz'c)
325 2881 380 2921 M,
403 2880 528 2925 χρῆσιν
551 2880 704 2925 καρπῶν
728 2880 798 2913 LB
821 2878 834 2923 ΙΙ
858 2876 974 2932 *μηδὲ
995 2879 1104 2931 ΙΞΙΙΕΒ
1127 2880 1187 2932 15¹4
1210 2887 1321 2922 προσ·
1389 2876 1470 2909 licta
1484 2877 1531 2909 R¹
1549 2876 1562 2919 ΙΙ
1577 2875 1631 2917 ad]
1647 2877 1706 2908 aut
1723 2875 1778 2916 Vss
1800 2874 1999 2917 12perfecta
2015 2877 2033 2907 b
2079 2875 2218 2907 ueniant
2238 2875 2292 2916 Vn
2312 2875 2468 2908 habentes

238 2926 433 3003 {5⁶3⁰ss
443 2924 492 3003 ¹¹15?
502 2926 744 3013 ,textile
759 2924 964 3015 {553¹ssss
975 2920 1323 3013 ffifflssss‘dssssfflf
1388 2920 2034 3009 2⁵2³<ssssss‘'Thffinssfiiiec‘ffitissss'ssffinss
2053 2920 2298 3008 νῖιῖἒῗιᾜῗὲι
2311 2922 2468 3008 ῗὶἳῖ.ῗι

238 3012 454 3058 διαθέμενος
478 3016 547 3048 LB
565 3015 578 3058 ΙΙ
598 3016 638 3049 12
662 3010 748 3048 ὅτου
765 3015 800 3047 Β
819 3014 831 3056 ΙΙ
850 3016 890 3049 18
909 3006 1017 3048 αὗται
1038 3014 1068 3046 L
1086 3013 1099 3056 ΙΙ
1117 3014 1160 3046 20
1183 3009 1323 3057 *ὁρίσαι
1393 3012 1433 3045 15
1456 3011 1608 3044 iniuncto
1634 3011 1746 3087 Tbvq
1768 3012 1848 3043 sunt
1873 3008 1937 3054 ΤΙΙ
1961 3010 2003 3044 16
2027 3010 2071 3043 tffi
2093 3010 2126 3042 R
2144 3010 2156 3053 ΙΙ
2171 3010 2201 3043 si
2225 3023 2282 3043 om.
2306 3009 2352 3042 V¹
2368 3008 2380 3051 ΙΙ
2403 3009 2468 3052 ἱροί

242 3060 350 3093 MLB
365 3062 377 3101 ΙΙ
397 3061 435 3094 21
453 3057 626 3094 ἐπελθεῖν
638 3061 669 3093 L
687 3056 904 3093 ὑπεσελθεῖν
918 3060 954 3093 Β
973 3059 985 3102 ΙΙ
1006 3053 1028 3100 ἢ
1046 3071 1102 3091 om.
1114 3070 1133 3094 ς
1149 3061 1161 3102 ΙΙ
1181 3059 1223 3092 22
1240 3055 1322 3112 ἢμὴ
1392 3056 1425 3089 Τ
1431 3056 1441 3076 ¹
1496 3058 1536 3090 17
1557 3055 1668 3089 subire
1691 3066 1735 3088 no
1749 3055 1839 3088 uerit
1862 3055 1895 3087 R
1910 3054 1923 3098 ΙΙ
1949 3055 2089 3088 forsitan
2116 3057 2133 3088 b
2162 3057 2335 3097 postquam
2356 3053 2406 3099 vfl
2426 3055 2466 3089 18

239 3101 412 3147 δυνηθείη
437 3118 494 3138 om.
509 3117 540 3146 ς,
563 3104 612 3148 μὴ
638 3118 695 3138 om.
711 3105 747 3137 B
764 3104 776 3147 ΙΙ
795 3101 1021 3146 *τελευτήσει
1036 3104 1111 3137 ΜΒ
1135 3101 1323 3144 τελευτησε
1388 3100 1442 3134 his
1501 3104 1540 3134 bv
1563 3101 1576 3144 ΙΙ
1602 3100 1662 3143 qui
1685 3113 1743 3133 om.
1767 3113 1786 3134 υ
1807 3099 1821 3143 ΙΙ
1845 3099 1985 3141 reliquit
2006 3103 2066 3133 aut
2088 3100 2188 3132 donet
2215 3100 2271 3142 Ti!
2297 3101 2338 3134 19
2362 3099 2466 3132 deter-

243 3149 286 3182 L¹
305 3147 499 3192 τελευτήσῃ
513 3150 656 3196 L²vulq.
676 3148 689 3194 [Ι
706 3150 747 3183 23
760 3149 959 3191 τηνικαῦτα
971 3161 1028 3182 om.
1040 3160 1059 3185 ς
1071 3148 1083 3192 ΙΙ
1098 3149 1139 3183 25
1152 3149 1237 3189 τοῖς]
1257 3146 1323 3180 τοῦ
1388 3146 1593 3179 minauerint
1618 3148 1635 3179 b
1670 3145 1881 3178 determinati
1902 3146 1966 3177 erit
1998 3145 2032 3178 V
2064 3144 2120 3178 uel
2142 3144 2415 3177 determimuerit
2438 3144 2471 3177 T

242 3193 317 3239 [ΕΙ
343 3195 384 3228 27
411 3184 617 3240 περἰουσίας
640 3193 722 3239 L‘l}
746 3195 788 3228 28
810 3189 896 3227 ὅτου
916 3194 950 3227 Β
965 3192 979 3238 ΙΙ
1005 3195 1047 3228 33
1072 3191 1111 3233 ἐξ
1133 3191 1324 3233 ἐλευθέρας
1389 3191 1596 3223 ordinauerit
1619 3190 1652 3223 R
1666 3191 1753 3234 vulq.
1778 3189 1791 3233 ΙΙ
1820 3191 1889 3230 aut]
1914 3191 1953 3222 ut
1978 3190 2024 3222 Β*
2052 3189 2064 3232 ΙΙ
2093 3189 2207 3223 datum
2228 3202 2249 3222 v
2284 3188 2390 3222 diota·
2414 3190 2432 3222 b
2454 3187 2467 3232 ΙΙ

239 3239 332 3280 ἔχων
358 3239 407 3273 B*
1390 3237 1432 3269 20
1449 3235 1620 3269 noluerint
1637 3234 1685 3268 T¹
1702 3235 1715 3277 ΙΙ
1731 3235 1771 3269 21
1790 3234 1873 3267 fiant
1892 3234 2035 3278 perfecte
2053 3234 2110 3278 ΤΙΙ
2126 3236 2298 3277 copetente
2313 3234 2346 3267 Τ
2352 3234 2363 3255 ¹
2387 3243 2465 3266 oon—

1387 3281 1549 3322 pitentem
1574 3283 1591 3314 b
1615 3281 1799 3322 competere
1825 3279 1871 3312 [τῖ’
1898 3281 1910 3321 ΙΙ
1939 3280 1982 3313 22
2003 3279 2185 3321 legitimam
2208 3278 2388 3312 iussionem
2412 3279 2430 3310 b

1390 3326 1430 3359 23
1456 3325 1581 3358 talibus
1603 3325 1703 3358 rebus
1726 3324 1760 3357 R
1775 3323 1788 3369 ΙΙ
1806 3323 1961 3358 ordinare
1982 3337 2009 3362 υ,
2023 3325 2125 3368 vulp]
2149 3323 2298 3356 ordinari
2309 3322 2437 3356 RVTb

287 3374 302 3406 1
319 3372 527 3405 usufructum
542 3373 560 3404 b
576 3371 589 3412 ss
607 3370 759 3413 quolibet
778 3371 833 3405 Vb
859 3370 1017 3413 quislibet
1033 3384 1054 3404 υ
1071 3373 1082 3412 ΙΙ
1103 3372 1123 3404 2
1136 3371 1255 3404 habeat
1267 3369 1322 3404 Ru
1388 3370 1506 3403 relicta
1531 3369 1577 3415 bfl
1597 3371 1640 3404 24
1662 3369 1848 3402 substantia
1872 3371 1889 3402 b
1908 3369 1921 3413 ΙΙ
1938 3370 1980 3403 25
2003 3370 2092 3403 siout
2115 3369 2241 3402 dictum
2262 3369 2311 3400 eat
2332 3365 2375 3399 ad
2389 3376 2463 3408 per-

240 3416 363 3450 habent
390 3416 452 3461 ΤΙΙ
475 3417 556 3449 haec
577 3416 655 3449 va
680 3415 693 3459 ΙΙ
721 3418 754 3448 et
777 3429 835 3449 om.
855 3416 930 3449 13¹1>
957 3417 969 3458 ΙΙ
999 3417 1020 3450 3
1045 3418 1199 3459 poterant
1222 3415 1307 3459 vulq-
1389 3415 1507 3447 rectam
1529 3415 1563 3448 V
1578 3416 1591 3458 n
1616 3414 1717 3448 sicuti
1743 3413 1805 3459 Tu
1831 3416 1939 3446 aetate
1965 3417 1981 3447 b
2007 3415 2020 3457 u
2049 3415 2092 3449 26
2115 3413 2206 3447 enim
2224 3423 2282 3446 om·
2307 3410 2358 3455 ὁΙΙ
2380 3421 2464 3452 quae

240 3464 370 3502 poterat
393 3463 471 3495 libri
491 3460 505 3506 fl
531 3460 627 3494 nulla
651 3471 670 3492 a
690 3460 885 3503 parentibus
915 3461 949 3494 V
971 3460 983 3504 ΙΙ
1014 3463 1033 3495 5
1059 3462 1158 3494 etiam
1182 3473 1242 3494 om.
1266 3472 1287 3492 υ
1376 3472 1447 3500 pm.
1467 3461 1498 3493 T
1546 3461 1587 3494 27
1612 3459 1763 3502 partibus
1792 3459 1839 3492 T·
1876 3458 2027 3502 patribus
2051 3458 2104 3493 T*
2124 3458 2138 3501 Ι
2162 3456 2296 3499 prebeat
2320 3457 2337 3488 b
2368 3466 2463 3498 prae—

242 3505 343 3546 omni]
367 3506 504 3539 omnino
529 3507 568 3538 bv
585 3505 599 3550 ΙΙ
616 3508 636 3540 6
659 3505 708 3538 ita
733 3518 791 3539 om.
813 3505 870 3549 Vll
887 3505 1024 3538 donatas
1038 3507 1107 3546 cea]
1129 3507 1179 3538 tas
1193 3524 1231 3530 —
1247 3506 1268 3540 8
1279 3503 1322 3538 li-
1387 3502 1466 3536 bent
1479 3505 1510 3537 R
1550 3505 1762 3547 praebentem
1779 3502 1856 3548 T'ss
1874 3503 2036 3537 custodiri
2056 3503 2152 3546 ηιμ]
2173 3499 2337 3534 custodire
2355 3501 2431 3534 libri
2450 3500 2464 3546 ΙΙ

243 3550 385 3582 centiam
406 3563 470 3584 scr.
488 3550 545 3583 12²
568 3553 602 3584 in
625 3562 691 3584 ras.
708 3552 722 3583 1
739 3563 784 3583 vs.
807 3549 820 3594 Ε
850 3552 868 3584 7
917 3552 1088 3583 otestatem
1111 3563 1132 3584 v
1156 3550 1170 3594 ΙΙ
1196 3549 1321 3594 persser-
1387 3549 1431 3582 32
1445 3551 1531 3581 rubr.
1558 3550 1607 3582 De
1624 3560 1662 3582 eo
1686 3549 1745 3591 qui
1760 3548 1850 3581 filius
1871 3548 1913 3581 ab
1933 3548 2048 3590 aliquo
2067 3548 2102 3580 in
2118 3546 2339 3578 instrumento
2356 3545 2462 3578 nomi-

246 3592 288 3625 tis
313 3595 330 3625 b
383 3597 462 3627 sunt
485 3613 528 3619 --
553 3595 573 3630 8
598 3596 759 3637 potestate
783 3608 842 3628 om.
859 3597 877 3629 b
903 3594 909 3638 Ι
930 3597 1009 3628 sunt
1030 3595 1090 3637 Vv]
1114 3595 1184 3629 sint
1204 3593 1326 3637 ΒΗΤ
1387 3595 1486 3626 natus
1505 3596 1552 3626 est
1576 3594 1734 3637 Tmarq„
1747 3595 1796 3627 De
1817 3603 1855 3627 eo
1879 3593 1938 3635 qui
1960 3592 2002 3626 ab
2024 3590 2137 3633 aliquo
2160 3589 2381 3623 instrumento
2403 3601 2462 3623 no-

245 3637 330 3679 vulq.
385 3640 405 3673 8
428 3638 552 3672 habent
574 3639 605 3672 T
654 3639 744 3682 quod
765 3639 868 3684 Vbufl
895 3641 915 3674 9
939 3640 1036 3673 modo
1054 3653 1113 3674 om.
1130 3639 1180 3674 Τι
1197 3638 1211 3685 Ι
1230 3641 1321 3673 seta-
1386 3638 1532 3671 minatus
1555 3640 1605 3672 est
1625 3638 1715 3672 filius
1739 3639 1885 3682 Rmary.
1907 3638 1960 3680 (02-
1974 3636 2051 3678 Iul.)
2079 3635 2093 3678 Ι
2118 3635 2158 3667 ut
2181 3646 2239 3667 om.
2264 3646 2285 3667 υ
2312 3633 2326 3678 Ι
2355 3636 2396 3669 33
2421 3635 2462 3670 de

246 3682 311 3713 tem
337 3681 404 3725 bv}
421 3683 559 3716 minoris
584 3686 600 3715 ὁ
649 3686 690 3717 10
709 3694 810 3726 quam
829 3683 865 3718 V
881 3694 945 3727 que
969 3687 987 3718 b
1002 3684 1016 3729 Ι
1033 3684 1262 3728 perspexerint
1278 3685 1318 3717 bv
1389 3682 1420 3716 R
1433 3683 1507 3725 VT]
1531 3693 1570 3716 ex
1595 3686 1641 3717 bv
