2612 4016
252 164 328 207 Ed,
344 163 447 206 X111
476 163 581 202 4-7
1302 150 1386 196 782
1811 166 1870 195 DE
1899 165 2016 196 URBE
2044 143 2462 198 ALEXANDRINORUM

252 276 310 306 καὶ
334 271 401 313 τὴν
425 270 650 313 πειθομένην
674 266 774 309 αὐτῷ
798 267 902 307 τάξιν
925 263 1083 307 κινδύνῳ
1108 263 1225 305 οἰκείῳ
1251 263 1311 295 καὶ
1335 261 1412 295 τῶν
1437 259 1560 295 ὄντων
1584 260 1683 305 αὐτῷ
1706 266 1766 296 καὶ
1786 264 1968 305 ἐσομένων
1991 263 2217 310 πραγμάτων
2232 267 2292 297 καὶ
2307 263 2463 308 κινδύνῳ

250 318 312 357 τῆς
336 315 443 348 αὐτοῦ
467 312 599 354 τάξεως
621 309 660 346 οὐ
685 315 768 357 περὶ
791 313 907 345 ταῦτα
927 309 1041 354 μόνον
1065 306 1155 341 ἀλλὰ
1178 309 1237 340 καὶ
1258 306 1327 349 τὴν
1351 309 1534 350 σωτηρίαν
1557 304 1673 350 αὐτὴν
1697 304 1920 354 ἀγωνιώσης,
1945 309 2069 343 πᾶσαν
2087 309 2268 343 τίθεσθαι
2285 308 2463 355 πρόνοιαν

250 361 313 392 τοῦ
345 359 412 392 τὸν
443 359 627 401 εἰρημένον
653 358 715 399 τῆς
739 357 855 390 αἰσίας
879 352 1029 399 ἐμβολῆς
1053 355 1156 386 σῖτον
1177 354 1237 385 καὶ
1262 348 1499 385 ἀπαιτεῖσθαι
1522 354 1582 384 καὶ
1606 352 1698 386 κατὰ
1718 352 1800 386 τοὺς
1823 356 2099 396 νεμομισμένους
2121 352 2265 398 καιροὺς
2288 355 2463 399 ἐκπέμπε-

250 404 273 437 2
318 403 419 437 σθαι.
467 401 555 436 ἀλλὰ
581 402 711 435 τοῦτον
741 402 808 443 μὲν
831 397 1059 443 εἰσπράττειν
1081 393 1182 430 ὅστις
1205 396 1243 436 ἐξ
1266 396 1433 440 ἑκατέρας
1456 397 1556 430 ἐστὶν
1579 395 1779 442 Αἰγύπτου,
1810 397 1878 431 τὸν
1902 396 1943 431 δὲ
1966 397 2072 432 ἄλλον
2095 396 2355 441 ἄνυπερθέτως
2377 396 2463 433 ὑπο-

252 446 423 489 δέχεσθαι
452 444 498 489 [ἢ]
531 449 590 479 καὶ
616 443 864 490 ἐμβάλλεσθαι
895 445 969 476 τοῖς
1000 441 1134 477 πλοίοις
1156 439 1443 486 παρασκευάζειν
1466 453 1505 474 τε
1529 441 1577 475 εἰς
1601 439 1739 484 ταύτην
1762 442 2017 485 ἐκπέμπεσθαι
2040 441 2108 486 τὴν
2132 441 2327 488 εὐδαίμονα
2345 441 2464 485 πόλιν,
2490 447 2508 477 5

249 489 330 525 ὅσος
361 492 424 525 τοῦ
458 490 607 524 κανόνος
637 491 698 532 τῆς
725 488 831 530 αὐτῆς
862 487 978 521 αἰσίας
1009 485 1162 529 ἐμβολῆς
1185 488 1262 519 ἐστι
1285 486 1347 527 τῆς
1372 485 1536 520 ἐνταῦθα
1561 485 1813 529 πλωϊζομένης.
1863 485 1995 530 ὁμοίως
2019 485 2059 520 δὲ
2081 491 2139 521 καὶ
2162 487 2230 522 τὸν
2254 484 2337 533 παρ’
2362 485 2465 530 ἡμῶν

249 535 545 581 φιλοτιμούμενον
579 536 641 578 τῆς
672 532 822 578 μεγάλης
856 533 934 566 τῶν
963 529 1226 575 Ἀλεξανδρέων
1258 529 1394 564 πόλεως
1423 529 1491 564 τὸν
1521 532 1588 574 μὲν
1618 530 1797 573 ἀπαιτεῖν,
1835 528 1917 565 ὅσος
1946 532 1983 571 ἐξ
2016 532 2206 578 Αἰγύπτου
2236 533 2464 576 καθέστηκεν

249 581 422 624 ἑκατέρας,
454 580 572 622 οἰκείῳ
602 577 761 620 κινδύνῳ
794 580 852 610 καὶ
873 578 936 619 τῆς
960 573 1071 610 αὐτοῦ
1095 576 1237 616 τάξεως,
1269 574 1335 609 τὸν
1359 573 1398 609 δὲ
1422 573 1665 617 ὑποδέχεσθαι
1689 574 1823 610 ὁπόσος
1848 576 1886 616 ἐξ
1909 577 2043 621 ἑτέρων
2066 574 2231 622 ἀφίκοιτο
2251 578 2379 612 τόπων
2403 580 2463 610 καὶ

250 622 350 667 αὐτῷ
379 622 608 670 παραδοθειή
640 623 732 657 κατὰ
758 621 800 656 τὸ
827 620 964 666 μᾶλλον
993 623 1047 655 ἔτι
1074 623 1297 664 σαφέστερον
1329 621 1368 654 ἐν
1397 623 1470 654 τοῖς
1501 620 1624 664 ἐφεξῆς
1656 618 1976 664 δηλωθησόμενον,
2005 624 2063 654 καὶ
2098 620 2269 656 δαπανᾶν
2293 622 2465 666 καθάπερ

249 669 409 702 εἴθισται
450 672 530 713 περὶ
553 667 596 702 τὸ
627 666 806 714 τρόφιμον
836 668 898 709 τῆς
927 662 1034 709 αὐτῆς
1060 664 1207 705 πόλεως,
1240 662 1335 698 ὥστε
1366 663 1409 699 τὸ
1442 662 1615 710 ἄφθονον
1646 661 1759 708 αὐτὴν
1781 665 1948 709 βουλήσει
1973 666 2062 700 θεοῦ
2089 664 2148 700 διὰ
2173 667 2326 701 πάντων
2350 669 2461 709 ἔχειν·
2492 671 2531 702 10

248 711 600 759 συγκινδυνευόντων
631 714 684 756 τῷ
717 712 818 754 αὐτῷ
847 710 1076 756 περιβλέπτῳ
1102 708 1351 755 αὐγουσταλίῳ
1377 706 1465 743 ὅσον
1488 710 1535 744 εἷς
1558 709 1624 753 τὴν
1647 710 1835 756 εἴσπραξιν
1859 713 1919 744 καὶ
1942 712 2019 745 τῶν
2043 712 2282 755 στρατιωτῶν
2304 713 2380 746 τῶν
2404 709 2466 746 ’ὑπ’

249 757 362 792 αὐτὸν
383 761 615 804 τεταγμένων
639 760 698 790 καὶ
721 758 798 791 τῶν
821 756 1091 801 λαμπροτάτων
1114 751 1321 801 τριβούνων
1344 757 1404 788 καὶ
1428 752 1544 798 πάσης
1567 753 1751 798 πολιτικῆς
1775 758 1834 789 καὶ
1860 753 2031 799 δημοσίου
2055 756 2237 800 βοηθείας,
2262 752 2357 791 ὥστε
2378 769 2467 791 παν-

247 803 408 845 ταχόθεν
433 801 707 848 ἀνεμπόδιστον
730 801 773 836 τὸ
795 802 941 849 πρᾶγαα
963 800 1145 847 γίνεσθαι.

1249 854 1403 890 CAPUT
1431 855 1472 891 V.

389 927 459 960 Τὸν
488 924 528 960 δὲ
560 927 597 960 ἐκ
628 927 705 959 τῶν
737 924 866 960 τόπων
897 925 974 958 τῶν
1004 922 1052 967 μὴ
1079 920 1139 957 ὑπ’
1167 921 1277 957 αὐτὸν
1302 920 1423 956 ὄντων
1449 923 1726 967 ἐκκομιζόμενον
1750 923 1910 966 θεσπίζο
1940 936 1979 957 εν
2003 923 2094 957 κατὰ
2118 924 2293 958 τοσοῦτον
2318 923 2466 967 ἐπάγειν

251 969 352 1015 αὐτῷ
385 970 451 1005 τὸν
483 969 662 1012 κίνδυνον,
694 966 789 1005 ὥστε
818 968 968 1003 ἐπειδὰν
993 968 1223 1012 ἐκκομισθειή
1249 965 1363 1001 αὐτόν
1385 980 1425 1001 τε
1448 966 1694 1010 ὑποδέχεσθαι
1719 966 1835 1011 πάσης
1858 982 1902 1012 με
1925 966 2060 1012 λήσεως
2083 971 2189 1013 χωρὶς
2212 972 2271 1002 καὶ
2295 967 2363 1012 τὴν
2387 981 2461 1002 πει·
2491 973 2530 1005 15

248 1017 411 1059 θομένην
436 1013 534 1058 αὐτῷ
560 1013 665 1056 τάξιν
687 1015 783 1061 <καὶ>
807 1015 924 1058 οἰκείῳ
950 1011 1108 1056 κινδύνῳ
1133 1012 1307 1054 πλωΐζειν
1331 1012 1421 1057 πρὸς
1444 1011 1582 1056 ταύτην
1605 1013 1674 1056 τῆν
1698 1011 1897 1056 εὐδαίμονα
1921 1013 2038 1055 πόλιν,
2072 1014 2260 1056 πανταχοῦ
2285 1010 2465 1058 πρόνοιαν

249 1060 464 1103 ποιούμενον
497 1062 560 1095 τοῦ
590 1058 703 1104 μηδὲν
735 1058 903 1106 ἐκφόριον
926 1059 1098 1104 γίνεσθαι
1121 1059 1159 1091 ἐκ
1184 1059 1261 1092 τῶν
1284 1053 1587 1103 ὑποτεταγμένων
1612 1058 1710 1101 αὐτῷ
1735 1057 1879 1092 πόλεών
1903 1072 1942 1093 τε
1967 1062 2025 1092 καὶ
2051 1059 2236 1103 ἐπαρχιῶν
2255 1061 2315 1092 καὶ
2337 1059 2466 1093 τόπων

247 1109 307 1139 καὶ
339 1103 463 1150 ὅρμων
494 1109 554 1139 καὶ
586 1109 757 1148 στομίων,
792 1108 879 1151 πρὶν
902 1104 970 1147 τὴν
994 1103 1117 1137 αἰσιάν
1141 1102 1299 1147 ἐμβολὴν
1323 1099 1550 1137 ἀποπλεῦσαι
1573 1104 1634 1146 τῆς
1651 1099 1915 1147 Ἀλεξανδρέων
1939 1102 2087 1146 πόλεως,
2111 1101 2202 1147 μηδὲ
2223 1103 2315 1148 μετὰ
2339 1104 2467 1146 ταῦτα,

248 1149 343 1193 πλὴν
367 1151 398 1183 εἰ
419 1149 468 1194 μὴ
494 1148 587 1184 κατὰ
612 1150 655 1184 τὸ
681 1147 765 1194 παρ’
792 1148 897 1194 ἡμῶν
922 1151 1230 1192 ἐπιτετραμμένον
1253 1144 1277 1191 ἢ
1300 1147 1641 1192 ἐπιτραπησόμενον
1665 1149 1704 1182 ἐκ
1728 1149 1847 1183 θείων
1862 1150 1930 1192 μὲν
1945 1145 2051 1192 ἡμῶν
2066 1147 2205 1190 τύπων,
2229 1147 2467 1192 προστάξεων

248 1193 288 1228 δὲ
316 1196 393 1230 τῶν
424 1194 576 1239 θρόνων
604 1196 681 1229 τῶν
712 1196 806 1229 σῶν·
843 1193 933 1239 πρὸς
963 1189 1112 1228 ἅπαντα
1143 1196 1203 1227 καὶ
1232 1193 1310 1226 τῶν
1341 1194 1581 1236 στρατιωτῶν
1609 1190 1889 1239 ὑπουργούντων
1918 1192 2018 1236 αὐτῷ
2049 1193 2220 1238 καθάπερ
2253 1194 2464 1238 ἔμπροσθεν
2491 1195 2532 1227 20

248 1240 385 1283 εἴρηται
412 1239 462 1274 οἷς
493 1238 538 1274 ἄν
570 1238 688 1274 αὐτοῖς
709 1239 934 1284 προστάξειε,
965 1241 1025 1272 καὶ
1048 1238 1126 1272 τῶν
1149 1236 1362 1283 ναυκλήρων
1381 1236 1656 1281 ὑποδεχομένων
1676 1239 1744 1272 τὸν
1766 1241 1870 1273 σῖτον
1894 1241 1953 1272 καὶ
1978 1237 2239 1282 ἐμβαλλόντων
2263 1242 2339 1272 ταῖς
2363 1241 2468 1272 ναυσὶ

248 1283 419 1319 κάκεῖθεν
438 1282 496 1330 ὑφ’
523 1281 671 1330 ἡγεμόνι
696 1285 774 1328 θεῷ
800 1285 888 1329 πρὸς
910 1284 1048 1326 ταύτην
1071 1282 1140 1326 τὴν
1162 1281 1358 1326 εὐδαίμονα
1379 1282 1672 1328 ναυτιλλομένων
1696 1282 1816 1318 πόλιν.

1236 1372 1392 1408 CAPUT
1416 1373 1476 1408 VI.

381 1443 427 1476 Εἰ
451 1445 615 1490 μέντοιγε
645 1442 712 1477 τὸν
742 1442 781 1482 ἐξ
811 1442 979 1486 ἑκατέρας
1002 1438 1194 1487 Αἰγύπτου
1224 1439 1273 1483 μὴ
1304 1439 1507 1485 εἰσπράξειε
1538 1443 1650 1483 σῖτον,
1683 1444 1743 1474 καὶ
1775 1440 1842 1475 τὸν
1872 1443 1939 1484 μὲν
1967 1442 2027 1484 τῆς
2048 1441 2215 1475 ἐνταῦθα
2240 1443 2469 1484 πεμπομένης

248 1488 363 1522 αἰσίάς
393 1487 545 1531 ἐμβολῆς
574 1487 854 1531 εἰσκομισθῆναι
885 1483 1166 1531 παρασκευάσειε
1191 1486 1236 1532 τῇ
1258 1484 1522 1529 Ἀλεξανδρέων
1552 1489 1612 1519 καὶ
1646 1484 1883 1529 πλωϊσθῆναι
1907 1485 1997 1530 πρὸς
2020 1485 2156 1529 ταύτην
2179 1485 2248 1529 τὴν
2272 1482 2467 1529 εὐδαίμονα

247 1531 353 1567 πόλιν
384 1535 443 1566 καὶ
474 1531 646 1577 βασιλίδα
670 1531 741 1577 πρὸ
766 1535 918 1578 πέρατος
942 1532 1005 1565 τοῦ
1031 1528 1230 1577 αύγούστου
1252 1529 1374 1574 μηνός,
1397 1530 1465 1564 τὸν
1490 1529 1529 1564 δὲ
1551 1531 1616 1564 τοῦ
1641 1534 1817 1586 τροφίμου
1841 1532 1904 1565 τοῦ
1930 1528 2013 1576 παρ’
2039 1529 2145 1575 ἡμῶν
2169 1530 2465 1576 φιλοτιμουμένου
2491 1532 2531 1563 25

248 1575 309 1610 διὰ
341 1578 403 1611 τοῦ
424 1582 664 1623 σεπτεμβρίου
688 1578 736 1621 μὴ
757 1578 962 1620 εἰςκομίσειε
985 1577 1030 1622 τῇ
1053 1577 1131 1610 τῶν
1151 1573 1414 1621 Ἀλεξανδρέων
1438 1573 1551 1619 πόλει,
1577 1576 1667 1610 ἴστω
1692 1587 1740 1610 ως
1764 1576 1855 1610 κατὰ
1880 1577 1993 1622 τριῶν
2017 1574 2192 1622 ἆρτάβων
2212 1574 2302 1622 ’ὑπὲρ
2319 1574 2467 1609 ἑκάστου

247 1626 465 1665 νομίσματος
489 1620 785 1666 ἆπαιτηθήσεται
808 1621 908 1668 παρὰ
931 1622 994 1655 τοῦ
1020 1622 1084 1654 σοῦ
1108 1619 1249 1665 θρόνου
1273 1619 1316 1654 τὸ
1341 1619 1466 1654 λεῖπον
1490 1618 1512 1663 ἢ
1534 1621 1578 1668 τῇ
1602 1620 1734 1666 ἐμβολῇ
1758 1618 1782 1663 ἢ
1805 1622 1858 1664 τῷ
1884 1625 2049 1666 τροφίμῳ
2075 1621 2167 1655 κατὰ
2183 1620 2226 1655 τὸ
2247 1621 2285 1661 ἐξ
2301 1621 2468 1664 ἑκατέρας

248 1666 435 1712 Αἰγύπτου
468 1667 714 1713 εἰςφερόμενον
756 1665 862 1699 αὐτός
906 1679 944 1700 τε
968 1665 987 1699 ὁ
1013 1664 1137 1712 ἄρχων
1160 1668 1219 1699 καὶ
1244 1663 1390 1707 ἰδιώτης
1411 1664 1602 1711 γενόμενος
1625 1665 1838 1711 κληρονόμοι
1862 1680 1902 1700 τε
1927 1665 2037 1700 αὐτοῦ
2062 1669 2120 1700 καὶ
2139 1664 2309 1708 διάδοχοι.
2337 1669 2396 1698 καὶ
2419 1665 2465 1699 τὰ

249 1709 360 1745 αὐτοῦ
392 1711 589 1758 πράγματα
618 1709 693 1746 κατ’
720 1711 852 1746 οὐδένα
882 1707 1020 1756 τρόπον
1050 1709 1346 1755 έλευθερούμενα,
1376 1712 1443 1744 ἕως
1474 1707 1574 1745 ἅπαν
1605 1710 1648 1745 τὸ
1674 1712 1848 1745 ἐντεῦθεν
1872 1710 2015 1756 ὄφλημα
2039 1711 2131 1745 κατὰ
2156 1713 2270 1756 τριῶν
2294 1708 2467 1755 ἄρτάβων

249 1753 529 1800 οἷποτιμώμενον
563 1757 766 1800 εἰςκομίσειε
800 1758 877 1789 ταῖς
911 1757 1104 1800 τραπέζαις
1141 1758 1218 1788 ταῖς
1250 1758 1336 1788 σαῖς.
1393 1752 1483 1789 ἀλλὰ
1518 1755 1690 1803 προσήκει
1722 1754 1871 1790 πάντως
1901 1752 2014 1791 αὐτὸν
2043 1758 2102 1790 καὶ
2135 1756 2204 1799 τὴν
2236 1755 2274 1795 ἐξ
2303 1756 2467 1800 ἑκατέρας
2491 1755 2533 1787 30

248 1800 438 1846 Αἰγύπτου
463 1800 665 1846 πληναρίαν
689 1800 827 1845 πρᾶξαι
850 1799 942 1834 κατὰ
964 1799 1047 1833 τοὺς
1070 1799 1271 1844 εἰρημένους
1294 1799 1447 1843 καιρούς.

1232 1887 1388 1924 CAPUT
1404 1887 1481 1923 VII.

381 1955 525 2000 Ἐπειδὴ
555 1955 595 1991 δὲ
624 1954 644 2000 ἦ
676 1958 737 1990 ἐπὶ
766 1957 829 1999 τῆς
862 1956 977 1990 αἰσίας
1008 1954 1159 2000 ἐμβολῆς
1188 1958 1334 2000 φροντὶς
1365 1958 1592 2009 συνημμένον
1626 1967 1664 1989 τε
1696 1957 1755 1988 καὶ
1787 1952 1991 1999 ἀχώριστον
2022 1956 2093 1997 ἔχει
2122 1954 2188 1989 τὸν
2218 1956 2297 1990 τῶν
2320 1954 2467 1991 ναύλων

250 2001 383 2044 τίτλον,
406 2001 618 2046 βουλόμεθα
642 2004 701 2035 καὶ
725 1999 771 2035 τά
796 2003 878 2046 περὶ
899 1999 1027 2034 τούτου
1053 1999 1294 2041 διατυπῶσαι,
1319 1995 1415 2033 ὥστε
1439 1998 1636 2044 ολόκληρον
1660 2000 1713 2041 τῷ
1731 1998 1917 2044 πράγματι
1934 2001 1993 2032 καὶ
2013 1998 2265 2043 προσήκουσαν
2281 2001 2467 2035 ἐπιθεῖναι

249 2100 353 2137 habet
382 2100 611 2137 habiturusve
641 2103 710 2142 est,
741 2103 778 2135 et
806 2099 970 2150 periculo
1003 2099 1121 2144 officii
1150 2099 1227 2134 eius
1257 2109 1332 2134 non
1362 2097 1406 2133 de
1438 2097 1494 2134 his
1524 2098 1640 2134 solum
1670 2098 1734 2135 sed
1764 2099 1872 2134 etiam
1904 2098 1948 2134 de
1978 2099 2060 2144 ipsa
2090 2099 2208 2136 salute
2230 2101 2468 2145 periclitantis

249 2156 386 2181 omnem
411 2156 534 2181 curam
565 2149 680 2192 qerat,
712 2150 754 2180 ut
780 2144 913 2180 dictum
941 2144 1064 2189 felicis
1091 2143 1252 2179 embolae
1277 2143 1500 2189 frumentum
1533 2147 1569 2179 et
1599 2143 1771 2190 exiqatur
1803 2148 1839 2179 et
1868 2145 2015 2190 statutis
2046 2145 2265 2190 temporibus
2287 2145 2467 2182 evehatur.

247 2192 271 2226 2
322 2190 368 2226 Et
398 2190 438 2226 id
463 2190 605 2236 quidem
636 2191 766 2235 eoeiqat
796 2189 895 2235 quod
923 2199 973 2225 ex
1003 2192 1158 2235 utraque
1182 2192 1236 2224 est
1257 2189 1437 2235 Aeqypto,
1459 2188 1639 2234 reliquum
1662 2199 1747 2224 vero
1770 2189 1846 2224 sine
1869 2188 2042 2224 dilatione
2064 2189 2239 2236 suscipiat
2262 2195 2297 2226 et
2319 2190 2469 2227 navibus

249 2237 410 2282 imponat
432 2242 468 2271 et
491 2239 592 2271 curet
616 2235 665 2270 ad
687 2235 782 2270 hanc
802 2234 947 2280 felicem
971 2234 1094 2270 urbem
1117 2234 1397 2279 exportandum,
1424 2239 1595 2279 quantum
1624 2234 1774 2268 canonis
1797 2237 1851 2269 est
1873 2233 2028 2281 eiusdem
2049 2234 2172 2278 felicis
2193 2235 2352 2272 embolae
2374 2247 2467 2282 quae

249 2280 398 2315 navibus
427 2279 498 2315 huc
528 2280 726 2316 advehitur.
776 2279 949 2314 Similiter
978 2289 1063 2314 vero
1094 2278 1202 2315 etiam
1234 2278 1333 2325 quod
1355 2289 1379 2313 a
1401 2279 1505 2314 nobis
1528 2278 1688 2314 donatur
1710 2289 1865 2323 maqnae
1890 2278 2221 2314 Alexandrinorum
2255 2280 2355 2316 urbis
2383 2282 2466 2326 fru-

248 2330 402 2361 mentum
426 2325 565 2371 partim
597 2325 742 2370 exiqat,
776 2328 950 2370 quantum
981 2335 1030 2360 ex
1060 2327 1217 2370 utraque
1238 2323 1404 2375 Aeqypto
1434 2323 1614 2368 consistit,
1644 2325 1801 2369 proprio
1833 2327 1869 2359 et
1900 2323 2017 2369 officii
2046 2324 2106 2359 sui
2123 2325 2299 2370 periculo,
2326 2326 2465 2371 partim

248 2370 440 2416 suscipiat,
473 2374 646 2415 quantum
678 2381 727 2405 ex
758 2370 841 2404 aliis
870 2369 958 2405 locis
989 2368 1175 2404 advenerit
1205 2372 1240 2404 et
1270 2379 1301 2404 et
1328 2368 1500 2404 traditum
1523 2368 1570 2403 sit
1592 2371 1785 2404 secundum
1809 2379 1852 2403 ea
1876 2379 1969 2413 quae
1991 2368 2030 2402 in
2052 2369 2281 2414 sequentibus
2304 2370 2467 2416 apertius

248 2415 599 2457 demonstrabuntur,
630 2419 668 2450 at
695 2426 739 2450 ue
769 2418 894 2459 eroqet
922 2414 1031 2449 solito
1060 2424 1160 2449 more
1183 2413 1221 2448 in
1244 2413 1400 2448 eiusdem
1423 2412 1523 2449 urbis
1541 2413 1761 2455 alimoniam,
1793 2416 1833 2447 ut
1856 2413 1923 2448 deo
1947 2412 2086 2448 volente
2108 2413 2146 2448 in
2170 2414 2332 2450 omnibus
2355 2415 2466 2450 abun-

249 2460 375 2495 dantia
399 2464 542 2495 utatur:
560 2461 665 2506 peric
680 2459 853 2495 itantibus
876 2468 956 2494 cum
981 2457 1102 2494 eodem
1124 2458 1315 2505 spectabili
1336 2458 1538 2501 Auqustali,
1564 2461 1738 2504 quantum
1756 2457 1806 2493 ad
1819 2458 2043 2493 exactionem
2051 2459 2223 2504 pertinet,
2247 2463 2283 2495 et
2297 2459 2467 2495 militibus

248 2505 311 2540 sub
343 2516 384 2540 eo
415 2505 618 2585 ctbnstitutis
649 2508 684 2540 et
713 2503 924 2539 clarissimis
958 2503 1110 2539 tribunis
1136 2507 1170 2539 et
1202 2503 1298 2538 omni
1327 2503 1424 2538 civili
1453 2507 1488 2538 et
1517 2502 1662 2548 publico
1686 2502 1881 2545 adiutorio,
1911 2507 1952 2538 ut
1975 2502 2020 2538 ab
2045 2503 2142 2538 omm'
2161 2507 2270 2550 parte
2293 2503 2466 2550 expedita

237 2560 306 2585 'res
342 2560 439 2585 noce
466 2554 514 2585 at.

326 2560 342 2595 2
382 2594 427 2630 V.
474 2593 579 2637 Quod
602 2597 720 2630 autem
743 2605 792 2630 ea:
816 2594 905 2629 locis
927 2604 999 2629 non
1021 2592 1086 2628 sub
1112 2603 1154 2628 eo
1179 2592 1382 2628 constitutis
1406 2592 1635 2638 adportatur,
1660 2594 1807 2628 eatenus
1831 2591 1864 2627 ei
1885 2591 2085 2638 periculum
2108 2591 2257 2638 adferre
2273 2593 2465 2635 sancimus,

249 2642 291 2674 ut
319 2643 511 2690 postquam
543 2639 777 2685 adportatum
806 2639 853 2674 sit
884 2639 962 2684 ipse
991 2637 1125 2682 absque
1156 2638 1232 2672 ulla
1255 2637 1483 2673 cunctatione
1506 2637 1683 2683 suscipiat
1705 2640 1741 2672 et
1763 2636 1926 2681 officium
1949 2637 2049 2682 quod
2071 2638 2106 2672 ei
2124 2640 2231 2683 paret
2253 2642 2288 2673 et
2308 2638 2464 2684 proprio

248 2684 409 2729 periculo
432 2684 582 2720 navibus
605 2684 644 2719 id
662 2684 768 2720 vehat
790 2683 839 2718 ad
858 2682 953 2718 hanc
974 2682 1118 2728 felicem
1142 2682 1276 2724 urbem,
1301 2681 1433 2727 ubique,
1448 2682 1691 2728 prospiciens,
1715 2692 1760 2717 ne
1783 2681 1975 2726 quicquam
1998 2685 2215 2727 exportetur
2236 2693 2286 2718 ex
2299 2682 2466 2717 subiectis

250 2729 320 2774 ipsi
351 2729 497 2765 urbibus
528 2733 564 2765 et
590 2729 790 2775 provinciis
813 2732 848 2764 et
871 2728 961 2763 locis
985 2731 1019 2762 et
1040 2727 1256 2763 stationibus
1278 2727 1422 2762 navium
1454 2730 1490 2762 et
1514 2727 1617 2762 ostiis
1638 2726 1742 2773 prius
1761 2737 1870 2771 quam
1890 2726 1990 2770 felix
2013 2726 2150 2762 embola
2174 2726 2218 2762 ab
2242 2727 2463 2763 Alexandri-

250 2784 378 2808 norum
401 2774 488 2809 urbe
511 2779 635 2810 avecta
650 2773 707 2815 sit,
732 2784 776 2809 ac
799 2784 845 2809 ne
865 2777 995 2819 postea
1018 2772 1161 2818 quidem
1184 2772 1255 2807 nisi
1277 2774 1456 2817 quatenus
1479 2783 1501 2806 a
1524 2772 1628 2808 nobis
1648 2771 1861 2817 permissum
1883 2770 1929 2805 sit
1948 2770 2004 2806 vel
2013 2772 2247 2816 permittatur
2241 2782 2327 2850 (iver
2340 2782 2466 2806 sacras

251 2822 392 2853 nostras
420 2820 564 2862 formas
594 2818 760 2863 sedisque
791 2822 872 2853 tuae
892 2818 1090 2859 iussiones;
1113 2816 1163 2852 ad
1185 2818 1305 2852 omnia
1328 2826 1411 2852 vero
1436 2816 1606 2852 militibus
1629 2816 1662 2851 ei
1686 2814 2022 2861 obtemperantibus,
2047 2818 2088 2849 ut
2110 2818 2217 2850 antea
2267 2816 2375 2850 ictum
2399 2819 2463 2858 est,

251 2862 426 2907 quidquid
447 2865 497 2898 eis
520 2864 760 2909 imperaverit,
785 2863 1020 2898 naviculariis
1043 2865 1161 2897 autem
1183 2862 1405 2907 frumentum
1429 2860 1686 2908 accipientibus
1709 2863 1745 2895 et
1767 2859 1918 2895 navibus
1940 2859 2204 2905 imponentibus
2226 2860 2380 2905 indeque
2396 2859 2462 2895 deo

251 2907 340 2942 duce
363 2907 411 2941 ad
434 2907 526 2943 hanc
542 2908 686 2953 felicem
709 2907 831 2943 urbem
854 2907 1119 2953 naviqantibus.

383 2952 443 2987 VI.
490 2952 626 2995 Quodsi
647 2953 870 2997 frumentum
893 2963 942 2988 ex
971 2955 1126 2997 utraque
1149 2951 1201 2987 Ae
1226 2953 1317 2996 ypto
1342 2960 1415 2985 non
1438 2950 1601 2996 exeqerit
1624 2960 1739 2995 neque
1761 2948 1861 2995 quod
1880 2948 2003 2994 felicis
2025 2949 2183 2985 embolae
2206 2951 2261 2983 est
2283 2959 2377 2994 quae
2395 2947 2464 2984 huc

251 2997 404 3031 mittitur
427 2996 476 3031 ad
498 2997 828 3033 Alexandrinorum
853 2998 975 3032 urbem
999 2996 1048 3032 ad
1075 3000 1180 3031 ortan
1208 3006 1266 3030 um
1290 2995 1473 3030 curaverit
1495 2998 1531 3030 et
1553 2994 1602 3030 ad
1620 2994 1715 3030 hanc
1735 2994 1880 3039 felicem
1904 2997 1939 3028 et
1960 2993 2097 3038 reqiam
2121 2993 2243 3029 urbem
2266 2993 2361 3028 mitti
2381 2997 2464 3029 ante

249 3041 354 3083 finem
386 3041 515 3077 mensis
537 3043 709 3087 Auqusti‚
742 3041 840 3087 quod
866 3046 985 3077 autem
1016 3053 1038 3076 a
1055 3041 1209 3076 imoniae
1240 3044 1292 3075 est
1315 3050 1339 3074 a
1362 3040 1463 3074 nobis
1486 3039 1644 3075 donatae
1661 3050 1733 3085 per
1755 3049 1907 3074 mensem
1931 3037 2172 3084 Septembrem
2196 3048 2268 3072 non
2291 3038 2463 3084 importa-

252 3086 339 3120 verit
362 3086 400 3119 in
424 3087 756 3122 Alexandrinorum
781 3087 914 3128 urbem,
938 3087 1031 3122 sciat
1051 3086 1138 3132 fore
1162 3089 1201 3120 ut
1217 3095 1290 3132 per
1315 3088 1435 3120 ternas
1459 3084 1607 3119 artabas
1628 3095 1704 3130 pro
1731 3083 1885 3130 sinqulis
1913 3083 2034 3119 aureis
2062 3083 2326 3128 computatione
2355 3082 2464 3127 facta

251 3130 423 3175 exiqatur
450 3142 473 3166 a
502 3131 585 3166 sede
617 3136 680 3167 tua
710 3131 808 3177 quod
831 3131 928 3166 deest
949 3132 1023 3167 sive
1046 3129 1203 3167 embolae
1225 3130 1299 3165 sive
1322 3129 1514 3165 alimoniae
1537 3129 1574 3164 in
1598 3140 1639 3164 eo
1665 3128 1765 3174 quod
1786 3139 1836 3164 ex
1858 3131 2013 3174 utraque
2038 3130 2203 3174 Aeqypto
2239 3126 2399 3172 infertur
2429 3129 2464 3160 et

251 3174 328 3219 ipse
355 3176 576 3220 praefectus,
612 3176 718 3211 etiam
748 3186 827 3210 cum
854 3177 1020 3222 privatus
1050 3175 1176 3221 factus
1207 3174 1286 3216 erit,
1317 3178 1352 3209 et
1384 3173 1532 3208 heredes
1556 3173 1632 3209 eius
1655 3177 1691 3209 et
1712 3183 1936 3208 successores
1959 3176 1994 3208 et
2017 3172 2110 3208 bona
2133 3172 2222 3214 eius,
2246 3181 2339 3217 quae
2362 3170 2462 3206 nullo

252 3218 357 3254 modo
383 3219 641 3262 liberabuntur,
674 3220 788 3255 donec
808 3220 985 3266 quidquid
1007 3219 1092 3255 hinc
1114 3219 1217 3255 debet
1246 3218 1295 3254 ad
1319 3222 1392 3254 tres
1415 3218 1562 3254 artabas
1585 3219 1811 3254 aestimatum
1835 3217 1964 3252 mensis
1989 3217 2060 3252 tuis
2083 3216 2253 3252 intulerit.
2304 3215 2464 3252 Ceterum

254 3267 396 3307 oportet
415 3274 494 3298 eum
519 3265 662 3299 omnino
685 3265 790 3300 etiam
810 3265 1018 3312 plenariam
1064 3275 1168 3300 acere
1191 3275 1240 3300 ex
1263 3267 1418 3308 utraque
1442 3263 1609 3309 Aeqypto
1634 3263 1853 3308 temporibus
1869 3272 1969 3307 ,quae
1992 3261 2161 3297 diximus.

384 3308 463 3343 VII.
513 3308 686 3350 Quoniam
717 3319 800 3344 vero
830 3310 952 3354 felicis
981 3321 1034 3345 em
1061 3309 1140 3344 olae
1163 3319 1253 3343 cura
1277 3318 1482 3344 connexum
1506 3313 1541 3342 et
1563 3308 1756 3353 confusum
1779 3306 1887 3342 habet
1907 3306 2100 3341 naulorum
2125 3305 2276 3345 titulum,
2301 3303 2463 3354 volumus

253 3351 358 3386 etiam
390 3363 483 3398 quae
516 3353 565 3388 ad
594 3352 688 3388 hunc
712 3355 896 3399 pertinent
920 3354 1081 3399 definire,
1112 3357 1155 3390 ut
1170 3354 1315 3399 plenam
1338 3353 1392 3389 rei
1416 3353 1751 3397 convenientemque
1774 3362 1897 3387 curam
1923 3351 2129 3387 tribuamus.
2178 3348 2327 3385 Interim
2351 3350 2463 3395 iqitur

300 3465 319 3495 2
350 3462 530 3496 τίθεσθαι
562 3464 663 3497 Kroll
692 3466 747 3506 (ef.
774 3478 798 3498 e.
823 3479 855 3509 9.
882 3468 936 3506 79,
952 3467 1018 3507 20)]
1050 3465 1222 3511 γίνεσθαι
1247 3465 1290 3498 Μ
1308 3465 1321 3509 ΙΙ
1388 3463 1523 3507 πρᾶξιν
1547 3463 1596 3504 M,
1622 3477 1703 3497 corr.
1732 3462 1917 3497 Zachariae
1942 3463 1954 3506 ΙΙ
1983 3465 2022 3497 14
2045 3460 2168 3495 αὐτῶν
2193 3461 2258 3494 Ma
2274 3460 2286 3503 ΙΙ
2306 3461 2345 3493 15
2366 3459 2460 3502 &721⁰-

254 3508 279 3539 4Α
299 3503 408 3548 ὅστις]
432 3503 470 3540 ὃς
493 3508 555 3549 τῆς
578 3509 624 3541 Μ
633 3510 644 3550 ΙΙ
664 3511 683 3542 5
707 3505 728 3551 ἢ
752 3511 869 3543 seclusi
884 3510 896 3553 ΙΙ
914 3507 1038 3543 πλόοις
1062 3511 1104 3543 M
1119 3511 1131 3554 ΙΙ
1147 3513 1198 3551 τε]
1221 3523 1320 3553 prae·
1387 3509 1539 3552 μισθείη
1564 3510 1612 3542 Μ
1620 3509 1632 3552 ΙΙ
1649 3507 1828 3552 μελήσεως
1852 3509 1899 3541 Μ
1909 3508 1920 3552 ΙΙ
1942 3509 1982 3542 16
2005 3510 2065 3541 καὶ
2089 3509 2166 3540 add.
2187 3505 2370 3539 Zachariae
2386 3504 2397 3546 ΙΙ
2420 3505 2460 3536 18

255 3558 317 3583 stat
346 3564 385 3583 τε
414 3554 474 3583 καὶ
507 3560 562 3584 aut
591 3554 654 3585 tale
687 3555 835 3596 aliquio&
871 3563 954 3587 certe
983 3569 1003 3588 a
1033 3554 1320 3599 παρασκευάζειν
1389 3550 1513 3599 όρμῶν
1538 3555 1585 3587 Μ
1601 3553 1614 3598 ss
1640 3555 1679 3587 19
1704 3565 1799 3597 προσ
1840 3552 1933 3592 ξεων
1955 3554 2029 3595 (lac.
2047 3553 2135 3585 3-4
2151 3551 2222 3590 tiu.)
2246 3548 2315 3590 ΜΙΙ
2333 3549 2373 3581 21
2398 3546 2459 3588 οἷς]

252 3596 369 3633 pendet
391 3593 638 3637 ἐμβάλλεσθαι
669 3597 682 3640 ΙΙ
714 3599 734 3631 8
763 3595 1011 3639 ἀποδέχεσθαι
1044 3612 1111 3632 cum
1137 3601 1319 3642 Scrimqero
1388 3596 1436 3632 ῶς
1453 3597 1638 3632 Zachariae
1657 3598 1669 3642 ΙΙ
1686 3594 1794 3631 aives
1818 3599 1892 3630 olim
1917 3596 2103 3631 Zachariae
2121 3597 2201 3634 fort.
2219 3599 2301 3625 recte
2317 3591 2329 3635 ΙΙ
2349 3593 2459 3635 ἐμβα·

255 3638 339 3678 vuly.
365 3639 376 3679 ΙΙ
394 3639 576 3690 ,ἑκατέρων
602 3641 650 3681 M,
676 3654 756 3674 corr.
780 3640 965 3675 Zachariae
981 3643 992 3684 ΙΙ
1020 3645 1040 3676 9
1065 3640 1165 3684 αύτῷ
1190 3642 1319 3677 Zacha-
1387 3641 1531 3676 λόντων
1549 3643 1617 3686 ΜΙΙ
1646 3644 1689 3677 26
1713 3638 1884 3685 ἇρράβων
1908 3642 1972 3674 Ma
1990 3640 2003 3683 ΙΙ
2026 3642 2067 3673 30
2090 3635 2383 3689 ἆπθΐῑμωίξένξθν
2407 3637 2458 3675 M,

259 3681 335 3720 riae]
363 3681 451 3714 αυτὰ
476 3684 518 3715 Μ
537 3683 548 3726 ΙΙ
571 3686 625 3716 ἔτι
649 3685 822 3728 Scrimqer]
848 3686 923 3719 ἐστὶ
948 3686 994 3719 Μ
1006 3687 1018 3730 Ι]
1038 3689 1076 3719 10
1096 3688 1166 3727 ἔχει
1191 3688 1231 3720 Μ
1247 3688 1258 3729 ΙΙ
1279 3690 1315 3720 11
1388 3700 1470 3720 corr.
1497 3686 1683 3721 Zachariae
1706 3686 1719 3729 ΙΙ
1743 3683 1989 3727 εἰσκομισθείη
2015 3682 2200 3717 Zachariae
2218 3681 2230 3725 ss
2247 3693 2365 3723 αυτην
2390 3682 2431 3714 Μ
2438 3684 2455 3702 ²
