2580 4022
248 161 355 203 Nov.
386 159 477 203 CLI
506 171 567 212 pr.
1155 216 1190 218 w
1304 153 1387 199 726
1412 138 1418 141 .
2039 171 2098 201 NE
2127 170 2344 203 cumALEs
2373 171 2464 204 Am*

244 271 362 303 tamen
393 265 665 309 consanguineis
697 265 803 301 etiam
833 268 870 301 et
898 264 1087 308 tutoribus,
1118 266 1154 301 et
1178 265 1402 302 curatoribus
1421 265 1624 302 huiusmodi
1648 265 1786 302 dedisse
1809 276 1873 312 per
1896 268 2045 304 eandem
2067 268 2179 313 legem
2202 267 2403 313 vindIctam,
2427 271 2466 304 et

242 311 450 357 praesertim
481 310 606 355 poenis
629 310 747 345 locum
772 310 922 352 dedisse,
954 310 983 344 si
1005 310 1075 344 iam
1098 311 1232 355 nuptae
1255 311 1310 346 vel
1333 311 1570 355 desponsatae
1593 310 1757 346 mulieres
1780 312 1976 355 rapiantur,
2001 323 2080 348 cum
2104 323 2178 348 non
2202 313 2317 348 solum
2339 315 2463 357 raptus

242 355 410 397 mulieris,
442 365 562 390 verum
592 355 696 389 etiam
725 355 937 390 adulterium
964 364 1029 398 per
1059 354 1260 390 huiusmodi
1294 356 1529 390 temeritatem
1554 355 1795 391 committitur.
1843 356 1892 391 Et
1915 366 2023 402 super
2045 357 2133 393 alias
2157 366 2290 401 poenas
2310 357 2463 402 raptoris

242 400 350 435 etiam
380 408 446 435 nec
478 409 549 434 non
579 399 729 434 aliorum
762 399 822 443 qui
853 409 933 434 cum
965 408 1006 433 eo
1030 398 1173 434 fuerant
1196 399 1447 444 patrimonium
1471 403 1597 444 raptae
1620 400 1759 435 mulieri
1781 400 1951 436 vindicari
1972 411 2034 446 per
2054 402 2201 437 eandem
2224 402 2336 445 legem
2359 411 2461 446 prae-

243 444 411 489 cepimus,
437 447 476 477 ut
500 443 592 478 dotis
616 443 722 478 etiam
746 443 872 479 marito
897 443 1050 487 legitimo
1076 444 1212 479 dandae
1234 445 1337 490 copia
1360 455 1424 489 per
1447 444 1602 489 raptoris
1625 445 1658 480 ei
1681 444 1944 480 ministraretur
1968 446 2212 482 substantiam.
2258 446 2351 481 Illud
2375 456 2460 491 quo·
2510 452 2527 481 5

242 499 310 533 que
343 488 543 532 specialiter
573 487 750 523 adiectum
774 491 838 530 est,
867 490 908 523 ut
930 488 1029 523 nulla
1049 489 1096 524 sit
1119 489 1258 524 mulieri
1281 490 1334 524 vel
1357 489 1483 533 virgini
1505 491 1630 533 raptae
1652 489 1795 524 licentia
1816 490 1968 534 raptoris
1993 500 2031 525 se
2054 491 2204 526 subdere
2228 491 2462 533 matrimonio,

241 534 303 568 sed
329 533 386 567 cui
408 535 573 577 parentes
597 532 787 574 voluerint,
812 536 960 577 excepto
984 536 1138 577 raptore,
1162 533 1317 577 legitimo
1342 533 1564 569 matrimonio
1590 534 1761 578 copulari,
1786 534 1881 569 nullo
1908 534 2010 570 modo
2026 535 2121 570 nullo
2143 539 2300 579 tempore
2316 534 2462 570 licentia

240 577 378 612 mulieri
405 580 530 621 raptae
559 577 733 621 permissa
763 578 917 622 raptoris
950 587 988 612 se
1018 578 1231 623 coniungere
1250 579 1492 614 matrimonio:
1518 578 1580 614 sed
1604 581 1768 623 parentes
1790 579 1907 620 etiam,
1932 580 1962 614 si
1986 579 2048 615 tali
2072 580 2316 615 consenserint
2339 579 2461 614 matri-

241 622 376 663 monio,
410 622 591 667 deportari
622 622 877 667 praecepimus.
926 622 996 657 Sed
1027 623 1144 657 mirati
1174 633 1315 666 sumus,
1349 623 1443 668 quod
1473 623 1593 658 conati
1624 625 1708 658 sunt
1739 623 1848 668 aliqui
1879 623 1996 659 dicere
2024 626 2162 669 raptam
2186 625 2367 660 mulierem
2390 624 2462 660 sive

241 667 417 702 volentem
440 668 513 702 sive
537 666 725 707 nolentem,
750 667 818 702 etsi
841 667 995 711 raptoris
1019 668 1183 712 amplexa
1208 668 1254 703 sit
1277 668 1540 703 matrimonium
1565 671 1690 703 contra
1705 671 1850 703 nostrae
1867 668 2128 704 constitutionis
2143 673 2311 712 tenorem,
2336 669 2463 704 debere
2491 672 2529 703 10

240 714 359 746 tamen
387 711 543 756 raptoris
573 721 651 747 eam
683 711 815 747 habere
847 712 1084 747 substantiam
1114 712 1170 747 vel
1201 713 1303 756 quasi
1330 713 1416 757 legis
1441 713 1634 757 praemium
1658 713 1713 748 vel
1737 722 1781 747 ex
1804 715 2016 749 testamento
2040 713 2151 756 forte,
2183 714 2213 748 si
2236 715 2305 749 hoc
2327 714 2461 749 factum

242 756 439 801 contigerit.
487 755 555 800 Qui
587 756 679 791 enim
711 757 797 791 talia
829 756 946 792 dicere
972 760 1303 801 praesumpserunt,
1336 757 1541 803 praedictae
1564 758 1649 801 legis
1674 758 1799 792 seriem
1822 757 2026 802 intellegere
2049 768 2121 794 non
2144 759 2347 803 potuerunt.
2395 758 2463 802 Qui

241 802 333 836 enim
357 801 429 836 tale
453 804 548 836 stare
571 801 852 844 matrimonium,
884 802 952 837 etsi
975 806 1081 846 rapta
1103 802 1263 845 voluerit,
1287 803 1533 847 prohibuimus
1556 804 1592 838 et
1617 802 1661 837 ob
1686 802 1754 836 hoc
1778 806 1943 846 parentes
1967 804 2091 848 raptae
2115 803 2270 838 mulieris
2295 803 2460 847 deporta-

240 846 346 881 tionis
370 855 506 890 poenae
529 846 755 890 subiecimus,
781 846 812 881 si
834 846 1036 882 huiusmodi
1061 847 1307 882 consenserint
1322 847 1556 889 matrimonio,
1583 847 1758 891 quomodo
1777 850 1899 892 raptas
1915 847 2081 883 mulieres
2098 851 2281 892 raptorum
2298 847 2464 892 eligentes

230 891 469 936 „concubitum
499 891 664 935 praemiis
695 891 972 927 honorassemus
1004 893 1128 936 raptae
1160 891 1301 927 mulieri
1334 892 1450 928 datis?
1497 892 1720 937 Superfluam
1753 891 1861 935 igitur
1895 902 2018 928 eorum
2053 892 2309 929 dubitationem
2340 892 2396 929 vel
2424 892 2462 928 in
2491 895 2528 926 15

241 939 421 980 posterum
443 938 644 972 resecantes
668 936 820 980 priorem
843 937 953 980 legem
977 946 1041 981 per
1065 938 1288 981 praesentem
1310 937 1536 981 interpretari
1561 937 1773 972 censuimus.

1253 1047 1408 1083 CAPUT
1436 1049 1463 1083 Ι.

375 1125 561 1161 Sancimus
583 1125 723 1170 itaque,
748 1126 778 1162 si
801 1128 904 1171 rapta
928 1125 1070 1168 mulier,
1105 1125 1358 1171 cuiuscumque
1385 1126 1431 1162 sit
1455 1127 1672 1163 condicionis
1696 1127 1751 1162 vel
1774 1126 1912 1169 aetatis,
1937 1126 2092 1171 raptoris
2117 1126 2260 1170 nuptias
2285 1126 2464 1170 eligendas

240 1179 318 1206 esse
342 1171 529 1212 censuerit,
554 1171 764 1215 parentibus
788 1171 995 1215 praesertim
1019 1181 1091 1205 non
1114 1171 1430 1215 consentientibus,
1451 1182 1518 1207 nec
1541 1182 1585 1207 ex
1609 1171 1780 1207 beneficio
1804 1171 1891 1216 legis
1915 1181 1980 1206 nec
2004 1180 2048 1206 ex
2071 1172 2286 1207 testamento
2306 1171 2463 1215 raptoris

240 1215 470 1251 hereditatem
499 1215 669 1250 accedere
699 1216 863 1251 iubemus
894 1215 949 1251 vel
979 1225 1202 1261 quocumque
1232 1216 1336 1251 modo
1370 1216 1604 1251 substantiam
1629 1216 1818 1260 vindicare,
1844 1217 1906 1251 sed
1929 1216 2124 1260 praemium
2149 1215 2243 1260 quod
2267 1225 2331 1261 per
2353 1216 2463 1259 legem

240 1263 397 1295 nostram
430 1263 554 1304 raptae
579 1260 717 1296 mulieri
748 1261 870 1296 datum
902 1265 972 1303 est,
1004 1263 1044 1295 ut
1074 1260 1229 1305 raptoris
1261 1264 1297 1296 et
1325 1271 1447 1296 eorum
1479 1261 1539 1306 qui
1570 1262 1739 1297 auxilium
1771 1262 1804 1296 ei
1834 1265 1993 1305 tempore
2016 1260 2209 1296 invasionis
2232 1260 2463 1305 praebuerint
2488 1259 2529 1292 20

241 1305 478 1340 substantiam
508 1305 679 1349 vindicet,
711 1306 779 1341 hoc
809 1305 855 1340 ad
885 1309 1022 1350 patrem
1053 1306 1108 1340 vel
1131 1306 1178 1340 ad
1201 1309 1362 1347 matrem,
1391 1306 1423 1341 si
1446 1306 1549 1341 ambo
1573 1307 1631 1341 vel
1654 1307 1684 1342 si
1707 1317 1799 1342 unus
1820 1305 1991 1351 supersit,
2023 1305 2084 1348 qui
2107 1305 2242 1349 nuptiis
2266 1305 2464 1350 specialiter

241 1360 314 1385 non
339 1351 538 1394 probantur
562 1351 797 1395 consensIsse,
821 1359 865 1385 ex
888 1357 1047 1395 tempore
1067 1354 1191 1395 raptus
1211 1350 1290 1395 ipso
1314 1350 1391 1385 iure
1414 1351 1609 1394 transferri,
1634 1354 1669 1386 et
1714 1351 1936 1386 atrImonium
1959 1349 2113 1394 raptoris
2137 1360 2209 1385 non
2231 1350 2302 1385 iam
2324 1353 2463 1395 raptam

240 1395 371 1430 habere
402 1395 581 1430 mulierem
613 1406 718 1440 quam
746 1395 909 1439 coniugio
933 1406 972 1430 se
994 1395 1149 1440 raptoris
1173 1396 1358 1440 inquinare
1379 1406 1451 1431 non
1475 1396 1604 1440 piguit,
1640 1363 1711 1432 sedJ
1724 1396 1762 1431 in
1784 1405 1954 1441 personas
1974 1395 2162 1430 transferri
2187 1405 2276 1438 quas
2300 1395 2463 1440 superius

240 1440 494 1475 nominavimus
526 1450 647 1475 eorum
679 1450 751 1475 non
782 1441 1046 1476 consentientes
1079 1440 1254 1484 coniugio.
1302 1440 1393 1475 Nam
1417 1441 1573 1476 nefarios
1593 1441 1795 1476 huiusmodi
1820 1440 1935 1476 coitus
1957 1439 2084 1485 poenis
2109 1439 2248 1484 corrigi,
2271 1450 2343 1475 non
2361 1449 2462 1484 prae-

239 1485 318 1520 miis
350 1485 519 1530 competit
548 1485 728 1520 honorari.
775 1485 909 1529 Quodsi
934 1487 1098 1530 parentes
1128 1485 1200 1520 iam
1233 1485 1463 1521 decesserunt
1494 1486 1548 1522 vel
1578 1485 1780 1522 huiusmodi
1811 1485 1938 1521 sceleri
1962 1488 2238 1529 consenserunt,
2262 1485 2463 1520 substantia
2488 1483 2529 1515 25

239 1530 394 1574 raptoris
431 1534 538 1574 atque
577 1530 725 1565 aliorum
763 1530 823 1574 qui
861 1530 1029 1566 facinoris
1066 1530 1212 1565 fuerunt
1242 1531 1435 1576 participes
1466 1530 1547 1566 fisci
1575 1531 1707 1567 viribus
1739 1530 1946 1566 vindicetur.
1994 1529 2106 1573 Quam
2136 1529 2463 1574 interpretationem

239 1584 312 1610 non
340 1575 378 1610 in
407 1574 537 1610 futurIs
568 1575 810 1610 tantummodo
835 1575 989 1617 casibus,
1017 1584 1139 1610 verum
1163 1575 1269 1610 etiam
1293 1576 1330 1611 in
1354 1576 1554 1620 praeteritis
1575 1576 1690 1612 valere
1714 1575 1911 1618 sancimus,
1935 1577 2116 1618 tamquam
2139 1574 2170 1610 si
2189 1577 2312 1610 nostra
2334 1575 2393 1610 lex
2416 1575 2462 1610 ab

238 1619 339 1656 initio
364 1630 444 1655 cum
463 1620 755 1664 interpretatione
778 1620 841 1655 tali
864 1621 1088 1664 promulgata
1111 1620 1248 1662 fuisset,
1272 1620 1347 1656 Leo
1372 1630 1501 1665 parens
1526 1621 1709 1656 carissime
1733 1622 1840 1666 atque
1864 1619 2116 1655 amantissime.

372 1664 656 1709 (Epilogus.)
702 1665 801 1708 Quae
830 1666 937 1708 igitur
961 1675 1024 1709 per
1047 1666 1140 1700 hanc
1163 1665 1274 1710 legem
1298 1668 1422 1701 nostra
1444 1665 1571 1702 statuit
1593 1666 1796 1709 aeternitas,
1822 1664 1993 1701 celsitudo
2017 1666 2081 1699 tua
2104 1663 2245 1699 effectui
2268 1663 2465 1709 mancipari

241 1709 491 1754 observarique
520 1709 728 1754 praecipiat.
775 1710 864 1744 Vale
887 1710 961 1755 Leo
995 1719 1125 1754 parens
1149 1710 1334 1746 karissime
1358 1713 1466 1754 atque
1489 1711 1740 1747 amantissime.
1787 1710 1868 1746 Dat.
1893 1710 1975 1745 XII.
2000 1709 2071 1745 kal.
2097 1709 2174 1746 Iun.
2200 1708 2268 1746 GP.
2293 1708 2376 1753 imp.
2403 1708 2462 1744 dn.
2488 1707 2529 1740 30

240 1753 428 1790 Iustiniani
451 1764 511 1799 pp.
533 1753 622 1798 Aug.
648 1763 741 1790 anno
765 1754 949 1790 XXXVII.
974 1764 1030 1798 pc.
1055 1754 1181 1790 Basilii
1201 1759 1253 1790 vc.
1279 1765 1371 1790 anno
1395 1755 1509 1790 XXII.
2301 1756 2348 1795 [a.
2373 1755 2466 1796 563]

1295 1934 1393 1978 ‘Im—A

237 2022 414 2074 ΠΕΡΙ
457 2021 599 2072 TOY
643 2020 761 2071 ΜΗ
807 2019 1404 2072 ΠΑΡΑΣΤΑΘΗΝΑΙ
1441 2020 1499 2071 Η
1541 2018 1965 2071 ΔῘΑΧΘΗΝΑΙ
2008 2018 2463 2072 BOYAEYTHN

238 2090 296 2140 H
339 2086 740 2142 ΤΑΞΕῼΤΗΝ
786 2084 1907 2206 ΔΙΧΑΝΕιέΣᾶΊᾸόΙΙΙὲΗΕΣΠῖἓέἒΙῩξΕῼΣ
1954 2085 2463 2140 ΕΜΦΑΝΙΖΟΜΕ-
2487 2164 2530 2196 35

701 2241 737 2278 Ὁ
761 2240 868 2279 αὐτὸς
891 2241 1058 2288 βασιλεὺς
1079 2239 1227 2290 Ἰωάννῃ
1252 2244 1303 2286 τῷ
1327 2241 1552 2288 ἐνδοξοτάτῳ
1578 2241 1725 2289 ἐπάρχῳ
1750 2246 1997 2289 πραιτωρίων.

369 2322 662 2367 (Προοίμιον.)
707 2319 869 2364 Μῆνυσις
899 2318 986 2366 ἡμῖν
1019 2320 1149 2364 ἐστάλη
1180 2322 1243 2364 τῆς
1274 2321 1337 2364 σῆς
1368 2319 1558 2365 ὑπεροχῆς,
1590 2319 1741 2365 λέγουσα
1771 2320 1820 2363 μὴ
1849 2321 1978 2365 χρῆναι
2006 2321 2044 2353 ἐκ
2076 2318 2266 2367 διαφόρων
2297 2319 2463 2366 δικαστη-
2491 2360 2493 2363 ,

237 2371 327 2411 ρι’ων
355 2366 548 2411 βουλευτὰς
577 2365 600 2410 ἢ
631 2366 812 2407 ταξεώτας
843 2366 867 2410 ἢ
895 2365 985 2413 πρὸς
1017 2365 1154 2409 ταύτην
1185 2365 1345 2412 ἄγεσθαι
1372 2365 1441 2409 τὴν
1472 2362 1670 2409 εὐδαίμονα
1701 2362 1809 2400 πόλιν
1833 2362 2086 2408 δικασομένους
2111 2364 2132 2408 ἢ
2155 2367 2202 2400 εἰς
2225 2367 2352 2412 ἑτέραν
2375 2369 2463 2411 πέμ-

237 2413 396 2456 πεσθαι,
428 2410 598 2446 πολλάκις
631 2410 671 2446 δὲ
702 2415 760 2446 καὶ
793 2412 898 2446 θείας
928 2410 1033 2456 ἡμῶν
1065 2411 1284 2457 πορίζεσθαι
1308 2409 1479 2445 κελεύσεις
1502 2411 1610 2445 τοῦτο
1632 2409 1864 2454 βουλομένας·
1903 2412 1962 2443 καὶ
1986 2409 2081 2457 ᾔτεις
2105 2410 2199 2454 &elce
2225 2413 2462 2458 πραγματικῷ

370 2514 454 2548 Νου.
477 2514 559 2548 CLI
583 2513 708 2548 Graece
732 2521 853 2547 tantum
874 2520 960 2547 extat
984 2515 1016 2547 in
1035 2514 1119 2555 ML,
1141 2513 1176 2546 Β
1193 2515 1263 2555 7,3,
1278 2520 1311 2547 27
1336 2509 1440 2555 (αὕτη
1461 2506 1483 2554 ἦ
1506 2509 1618 2556 νεαρὰ
1642 2507 1684 2544 οὗ
1708 2513 1822 2545 κεῖται
1846 2510 1894 2544 εἰς
1916 2510 1963 2545 τὰ
1987 2509 2158 2555 βασιλικά
2182 2513 2279 2546 schol.
2305 2514 2355 2556 M,
2381 2526 2463 2556 quae

237 2561 283 2592 ad
304 2571 374 2593 nov.
399 2566 576 2602 sequentem
596 2560 760 2602 pertinere
783 2560 957 2600 videmur).
982 2577 1026 2584 —
1051 2559 1141 2602 Epic.
1161 2558 1280 2591 Theod.
1306 2559 1379 2593 151.

1300 2721 1390 2759 CLI.

235 2792 335 2843 NE
374 2792 707 2844 CURIALIS
739 2791 877 2843 AUT
909 2790 1309 2843 OFFJOJALJS
1348 2789 1679 2842 SJSTATUR
1713 2788 1850 2839 ΑΠΤ
1890 2789 1978 2840 IN
2017 2789 2137 2839 IUS
2167 2789 2464 2842 DEDUOA-

352 2860 484 2911 TUR
529 2860 703 2910 SINE
739 2859 1143 2911 IMPERIALI
1182 2858 1386 2909 IUSSU
1421 2855 1854 2909 PRAEFECTIS
1892 2855 2347 2908 INSJNIJANDO.

751 2948 852 2986 Idem
875 2949 1061 2996 Λαμπείας
1085 2948 1242 2985 Iohanni
1264 2947 1526 2994 yloriosissimo
1545 2947 1741 2994 praefecto
1765 2946 1964 2991 praetorio.

371 3027 636 3073 Praefatio.
684 3027 827 3063 Relatio
858 3027 963 3063 nobis
991 3027 1101 3062 missa
1130 3029 1185 3062 est
1213 3026 1442 3062 sublimitatis
1474 3030 1568 3069 tuae,
1600 3036 1673 3071 qua
1705 3024 1838 3060 dicitur
1869 3035 1943 3060 non
1972 3023 2098 3060 debere
2126 3034 2175 3060 ex
2198 3023 2348 3060 diversis
2369 3024 2462 3060 iudi-

237 3071 301 3107 ciis
331 3072 486 3108 curiales
516 3073 574 3108 vel
602 3072 780 3117 officiales
807 3077 870 3107 auc
901 3072 940 3107 in
971 3071 1065 3107 hano
1088 3071 1233 3118 felicem
1257 3071 1431 3107 civitatem
1456 3071 1541 3107 duci
1564 3070 1771 3116 litiqaturos
1795 3073 1860 3106 aut
1881 3069 1920 3104 in
1943 3068 2053 3104 aliam
2076 3069 2180 3111 mitti,
2211 3079 2321 3115 saepe
2343 3072 2462 3104 autem

237 3116 343 3152 etiam
372 3127 499 3152 sacras
529 3121 676 3152 nostras
705 3117 882 3153 iussiones
909 3117 1079 3163 proferri
1100 3127 1193 3162 quae
1216 3115 1255 3152 id
1276 3116 1407 3158 velina
1439 3126 1483 3152 ac
1499 3115 1651 3163 petiisti,
1684 3118 1726 3150 ut
1748 3125 1855 3150 sacra
1871 3114 2107 3161 praqmatioa
2128 3114 2254 3159 forma
2277 3113 2317 3149 id
2336 3113 2461 3159 prohi-

286 3284 305 3315 3
328 3293 440 3315 verum
464 3283 665 3316 adulterium
686 3283 785 3316 etiam
800 3283 812 3327 ss
832 3285 853 3318 4
876 3283 1003 3316 fuerint
1021 3282 1034 3327 ΙΙ
1051 3285 1069 3317 5
1091 3283 1218 3316 dandae
1234 3283 1315 3325 leg-i-
1431 3283 1472 3316 33
1494 3282 1726 3326 παραστῆναι
1750 3281 1781 3314 L
1805 3282 1838 3315 in
1864 3287 1957 3322 textu,
1982 3278 2235 3324 παρίστασθαι
2258 3280 2379 3314 Theod.
2398 3279 2411 3324 [Ι
2435 3278 2461 3322 ἢ

239 3326 321 3359 timo
348 3327 361 3370 ΙΙ
392 3327 457 3360 1110
488 3338 620 3370 quoque
645 3328 834 3372 specialiter
858 3328 997 3370 adiecto,
1022 3330 1060 3361 ut
1087 3327 1099 3372 ΙΙ
1130 3330 1149 3362 6
1174 3327 1315 3371 raptoris
1386 3324 1586 3369 ὃιαχθῆναι
1610 3339 1667 3360 om.
1695 3326 1816 3360 Theod.
1845 3324 1858 3368 ΙΙ
1885 3327 1928 3359 34
1961 3321 2044 3367 δίχα
2068 3325 2153 3366 ML]
2183 3326 2291 3368 χωρίς
2312 3323 2461 3369 ΤΙιεοά.ΙΙ

241 3371 361 3413 eligere
392 3372 639 3405 matrimonium
667 3374 680 3417 ss
712 3375 751 3408 11
785 3373 921 3414 factum]
951 3373 1051 3406 etiam
1074 3374 1196 3406 factum
1222 3383 1290 3406 esse
1305 3372 1316 3413 ΙΙ
1384 3369 1572 3405 κελεύσεως
1589 3369 1776 3414 βασιλικῆς
1792 3371 1858 3404 ind.
1876 3370 1996 3403 Theod.
2015 3369 2028 3413 l}
2045 3369 2339 3414 ἐμφανιζομένοις
2353 3369 2402 3402 M
2402 3381 2458 3412 pr.

243 3418 284 3449 14
306 3416 504 3450 subiecimus
528 3427 652 3460 poenae
677 3418 690 3462 ῙΙ
722 3419 762 3453 15
787 3417 966 3451 conubium
996 3418 1008 3460 ΙΙ
1038 3418 1122 3450 datis
1148 3417 1282 3451 mulieri
1303 3414 1315 3460 ΙΙ
1385 3417 1674 3461 ἐμφανιζομενην
1698 3417 1766 3449 cod.
1795 3416 1914 3448 Theod.
1941 3413 1955 3458 ΙΙ
1983 3415 2026 3449 35
2054 3415 2132 3448 ταῖς
2156 3414 2339 3468 ἐπαρχίαις
2362 3413 2458 3446 index

243 3462 283 3494 19
314 3461 465 3494 accedere
497 3462 659 3503 iubemus]
687 3463 834 3505 accipere
861 3462 873 3506 ss
905 3464 943 3496 21
975 3463 1016 3495 ad
1040 3464 1166 3506 patrem
1189 3462 1242 3495 vel
1273 3462 1315 3495 ad
1384 3462 1426 3493 M
1443 3474 1495 3503 pr.
1516 3466 1528 3504 ss
1544 3462 1587 3495 36
1609 3456 1760 3506 Ἰωάννῃ
1778 3479 1822 3484 -
1838 3461 2074 3504 πραιτωρίων
2098 3471 2156 3492 om.
2180 3459 2213 3492 L
2232 3453 2456 3501 (Αρεοβίνὸῳ

240 3506 388 3545 matrem]
423 3506 466 3538 ad
499 3508 652 3549 parentes
684 3507 696 3550 ΙΙ
729 3507 780 3539 vel
809 3508 850 3548 si]
883 3507 935 3540 vel
968 3506 980 3551 ΙΙ
1013 3509 1054 3541 23
1089 3509 1198 3548 quam]
1231 3517 1315 3550 quae
1382 3502 1533 3550 ὑπάρχῳ
1558 3505 1635 3538 τῶν
1659 3506 1894 3550 πραιτωρίων
1917 3505 2000 3538 male
2023 3501 2257 3545 Haloanderssl
2275 3496 2456 3545 *ὑπάρχω

240 3546 254 3591 ΙΙ
277 3550 319 3581 24
349 3559 461 3582 eorum
489 3553 614 3591 (earum
632 3552 677 3592 l)]
708 3551 779 3584 eius
803 3551 809 3595 Ι
847 3553 889 3585 26
914 3553 1025 3594 atque]
1049 3562 1110 3584 nec
1133 3562 1201 3585 ιιοιι
1228 3552 1240 3596 ΙΙ
1271 3553 1311 3586 27
1382 3549 1425 3582 Μ
1439 3549 1452 3593 ss
1469 3551 1511 3583 37
1536 3547 1667 3593 ἐστάλη
1692 3551 1751 3591 Μ]
1776 3546 1951 3591 ἐπεστάλη
1969 3549 2001 3582 L
2025 3544 2208 3588 ἀπεστάλη
2224 3546 2260 3578 Β
2277 3544 2290 3588 ΙΙ
2307 3546 2349 3579 38
2373 3548 2455 3588 βου-

242 3601 355 3641 verum
389 3594 423 3624 in
462 3595 649 3636 praeteritis
684 3596 782 3628 etiam
819 3596 824 3639 Ι
859 3598 901 3630 28
936 3597 1004 3629 Leo
1038 3598 1176 3639 parens]
1212 3598 1313 3630 Areo·
1381 3592 1503 3627 λευτὰς
1525 3591 1549 3636 ἢ
1574 3607 1631 3628 om.
1657 3595 1693 3628 B
1717 3595 1772 3638 (cf
1798 3596 1845 3628 ad
1866 3594 1943 3635 727,
1958 3601 1982 3627 1.
1998 3593 2027 3634 5)
2042 3591 2055 3636 ΙΙ
2073 3591 2192 3635 ἑτέρας
2214 3589 2247 3622 L
2264 3588 2276 3632 ΙΙ
2293 3590 2336 3624 39
2360 3589 2456 3636 ᾔτεις

243 3634 342 3667 b¹¹1d⁰
364 3639 455 3677 Pater
470 3638 483 3681 ΙΙ
502 3640 543 3672 30
556 3639 693 3672 Vale—
706 3640 927 3673 amantissime
951 3653 1009 3674 om.
1380 3639 1578 3679 Zachariae]
1602 3636 1627 3681 ἥ
1649 3649 1703 3673 τις
1726 3640 1777 3673 B⁶
1799 3637 1836 3672 εἴ
1851 3648 1905 3672 τις
1928 3638 1960 3671 L
1986 3633 2119 3679 ᾔτησας
2141 3633 2227 3667 LBr
2238 3633 2251 3678 ΙΙ
2277 3633 2373 3668 θείω
2394 3637 2454 3668 καὶ

1345 3711 1348 3725 ,
1381 3683 1619 3730 πραγματικοῦ
1644 3684 1693 3716 L⁰
