2580 4022
1177 134 1261 182 695

1177 253 1273 296 W

297 327 476 381 ΠΕΡΙ
519 328 1024 383 ΧΕΙΡΟΤΟΝΙΑΣ
1067 327 1513 381 ΕΠΙΣΚΟΠῼΝ
1556 327 1696 381 ΚΑΙ
1741 327 2161 381 ΚΛΗΡΙΚῼΝ.

112 411 170 450 Ἐν
201 413 352 461 ὀνόματι
381 419 447 452 τοῦ
471 416 652 453 δεσπότου
675 414 787 463 Ἰησοῦ
811 420 975 466 Χριστοῦ
1007 420 1071 454 τοῦ
1103 419 1196 454 θεοῦ
1221 415 1325 463 ἡμῶν
1344 415 1597 465 Αὐτοκράτωρ
1622 422 1766 465 Καῖσαρ
1792 417 1951 463 Φλάβιος
1971 417 2226 454 ’Ῑουστινιανὸς
2246 417 2344 452 Ἀλα-

109 460 259 506 μανικὸς
282 462 462 498 Γοτθικὸς
486 464 688 511 Φραγγικὸς
704 463 923 510 Γερμανικὸς
934 463 1113 508 (Ἀντικὸς
1124 462 1327 509 Ἀλανικὸς)
1345 461 1590 499 Οὖανδαλικός
1606 462 1819 511 Ἀφρικανὸς
1834 461 2023 511 (εὐσεβὴς)
2039 461 2184 508 εὐτυχὴς
2200 462 2344 505 ἔνδοξος

166 507 354 554 <νικητὴς>
378 511 614 555 τροπαιοῦχος
638 508 869 554 ἂεισέβαστος
892 509 1102 557 Αὔγουστος
1127 512 1255 556 Πέτρῳ
1279 511 1332 552 τῷ
1359 507 1607 556 λαμπροτάτῳ
1631 513 1821 556 μαγίστρῳ
1845 510 1924 544 τῶν
1948 510 2067 544 θείων
2091 506 2286 555 όφφικίων.

112 149 172 179 m:
202 147 453 181 cREA'monn
482 148 791 182 EPISCOPORUM
1916 136 2025 181 Nov.
2048 135 2290 181 CXXXVII
2324 142 2341 178 1

242 576 539 621 (Προοίμιον.)
586 578 632 612 Εἰ
654 576 736 612 τούς
759 575 963 613 πολιτικοὺς
986 576 1126 622 νόμους,
1151 568 1206 611 σῦν
1229 576 1297 620 τὴν
1321 577 1489 618 ἐξουσίαν
1510 575 1598 621 ἡμῖν
1625 573 1644 612 ὁ
1669 575 1759 611 θεὸς
1781 576 1875 612 κατὰ
1898 576 1968 620 τὴν
1993 574 2104 611 αὐτοῦ
2130 575 2343 622 φιλανθρω-

109 623 200 655 πίαν
225 621 430 664 ἐπίστευσε,
463 626 631 667 βεβαίους
654 621 715 657 διὰ
739 622 893 658 πάντων
918 621 1172 668 φυλάττεσθαι
1197 622 1289 667 πρὸς
1311 619 1514 668 ἀσφάλειαν
1535 623 1613 656 τῶν
1638 619 1814 664 ὑπηκόων
1838 620 2100 666 σπουδάζομεν,
2125 621 2232 665 πόσῳ
2255 620 2344 666 μᾶλ-

109 663 173 700 λον
203 664 354 701 πλείονα
386 667 549 712 σπουδὴν
579 666 770 715 ὀφείλομεν
801 668 941 702 θέσθαι
972 671 1055 723 περὶ
1082 666 1151 711 τὴν
1173 668 1252 702 τῶν
1276 667 1385 714 ἱερῶν
1408 666 1577 702 κανόνων
1599 670 1659 701 καὶ
1683 667 1802 701 θείων
1826 665 1954 712 νόμων
1977 667 2244 712 παραφυλακὴν
2266 668 2344 701 τῶν

108 708 199 756 ὑπὲρ
230 713 293 755 τῆς
323 713 402 747 τῶν
429 711 614 759 ἡμετέρων
645 715 773 757 ψυχῶν
803 716 983 756 σωτηρίας
1013 713 1263 758 ορισθε’ντων;
1300 712 1337 747 οἱ
1363 712 1433 760 γὰρ
1464 712 1547 748 τούς
1579 711 1693 758 ιἐροῦς
1724 710 1882 747 κανόνας
1913 711 2154 758 φυλάττοντες
2185 713 2249 755 τῆς
2279 713 2345 746 τοῦ

109 754 290 792 δεσπότου
311 757 403 792 θεοῦ
427 759 603 802 βοηθείας
626 754 833 802 ἀξιοῦνται,
867 761 927 792 καὶ
950 757 987 792 οἱ
1008 755 1156 792 τούτους
1179 761 1471 804 παραβαίνοντες
1494 755 1599 791 αὐτοὶ
1623 754 1768 792 ἑαυτοὺς
1790 759 1835 805 τῇ
1853 761 2063 803 κατακρίσει
2087 755 2342 802 ὑποβάλλουσι.

107 803 247 846 μείζονι
279 800 319 836 δὲ
349 800 564 838 ὑπόκεινται
594 807 802 848 κατακρίσει
833 803 867 837 οἱ
899 801 1095 837 ὁσιώτατοι
1126 805 1335 846 ἐπίσκοποι,
1373 803 1424 837 οἷς
1454 806 1693 838 πεπίστευται
1724 805 1784 836 καὶ
1820 805 1941 846 ζητεῖν
1975 802 2058 837 τοῦς
2093 801 2250 837 κανόνας
2284 805 2343 835 καὶ

108 845 305 892 φυλάττειν
337 848 437 893 εἴπερ
468 862 504 884 τι
535 848 679 883 τούτων
701 847 1028 895 παραβαινόμενον
1051 845 1286 892 ἀνεκδίκητον
1309 847 1582 893 καταλειφθείη.
1630 849 1708 882 τῶν
1731 842 1796 882 οὖν
1820 849 1940 883 θείων
1964 845 2131 882 κανόνων
2153 846 2203 891 μὴ
2225 860 2342 892 παρα-

109 891 376 938 φυλαχθέντων
406 892 598 941 διαφόρους
630 893 873 940 προςελεύσεις
903 892 1110 938 ἐδεξάμεθα
1141 892 1234 928 κατὰ
1263 892 1443 949 κληρικιῦν
1473 906 1514 928 τε
1535 896 1595 927 καὶ
1611 894 1801 938 μοναχῶν,
1833 897 1897 927 καί
1917 906 2034 927 τινων
2058 891 2272 928 ἐπισκόπων
2296 890 2344 926 αἱς

107 938 157 982 μὴ
188 937 281 972 κατὰ
312 938 395 974 τοὺς
425 939 548 974 θείους
576 938 733 974 κανόνας
763 936 966 984 βιούντων,
998 941 1058 973 καὶ
1089 937 1192 973 ἄλλοι
1224 937 1264 973 δὲ
1292 951 1464 985 ευρηνται
1495 936 1587 983 μηδὲ
1620 936 1736 982 αὐτὴν
1758 938 1827 982 τὴν
1851 939 1914 983 τῆς
1935 936 2039 985 ἁγίας
2062 935 2298 984 προςκομιδῆς
2320 935 2343 981 ἢ

107 983 173 1016 τοῦ
197 981 300 1030 ἁγίου
322 987 576 1029 βαπτίσματος
599 985 793 1031 προςευχὴν
814 983 1058 1029 ἐπιστάμενοι.

1126 1073 1284 1110 CAPUT
1309 1074 1338 1110 I.

249 1141 295 1175 Τὸ
324 1142 388 1176 τοῦ
418 1142 508 1176 θεοῦ
539 1146 664 1176 τοίνυν
695 1143 901 1177 ἐννοοῦντες
931 1145 1042 1188 κρίμα
1069 1141 1140 1186 τὴν
1172 1139 1226 1187 ἐφ’
1258 1141 1401 1185 ἑκάστῳ
1428 1142 1507 1176 τῶν
1533 1140 1882 1189 προςαγγελθέντων
1914 1138 2066 1187 ζήτησίν
2097 1154 2138 1177 τε
2161 1145 2223 1177 καὶ
2246 1139 2344 1188 διόρ·

108 1187 234 1221 θωσιν
265 1186 499 1232 ἐκελεύσαμεν
528 1190 727 1222 κανονικιῦς
757 1187 964 1235 προελθεῖν.
1012 1188 1043 1221 εἰ
1073 1187 1141 1234 γὰρ
1171 1190 1232 1221 καὶ
1256 1187 1303 1221 τὰ
1329 1186 1427 1233 παρὰ
1451 1188 1529 1222 τῶν
1553 1187 1691 1222 λαϊκῶν
1713 1185 1997 1235 ἁμαρτανόμενα
2022 1187 2059 1222 οἱ
2079 1191 2215 1235 γενικοὶ
2238 1185 2344 1232 νόμοι

109 1230 149 1266 οὐ
180 1234 403 1288 συγχωροῦσι
436 1230 518 1276 δίχα
551 1233 729 1277 ζητήσεως
759 1238 819 1267 καὶ
851 1231 1065 1277 ἐκδικήσεως
1094 1230 1461 1277 καταλιμπάνεσθαι,
1493 1234 1571 1268 πῶς
1601 1233 1649 1267 τὰ
1673 1232 1774 1278 παρὰ
1798 1234 1876 1267 τῶν
1900 1230 2017 1279 ἁγίων
2040 1229 2261 1268 ἀποστόλων
2284 1236 2345 1266 καὶ

108 1280 281 1324 πατέρων
300 1280 391 1324 υπὲρ
415 1279 477 1322 τῆς
500 1277 657 1314 πάντων
680 1279 759 1312 τῶν
784 1276 1004 1323 ἀνθρώπων
1027 1282 1207 1325 σωτηρίας
1230 1279 1429 1312 κανονικῶς
1449 1275 1739 1313 διατυπωθέντα
1763 1276 1940 1325 περιιδεῖν
1964 1276 2239 1323 ἅνασχώμεθα,·
2259 1277 2342 1314 πολ-

109 1322 187 1357 λοὺς
219 1321 259 1357 δὲ
289 1325 327 1357 ἐκ
358 1324 487 1358 τούτου
520 1322 678 1368 μάλιστα
708 1326 782 1358 τοῖς
808 1321 1067 1378 ἁμαρτήμασιν
1091 1321 1241 1378 εὕρομεν
1262 1322 1545 1368 περιπεσόντας,
1571 1321 1631 1357 διὰ
1652 1322 1695 1358 τὸ
1719 1323 1768 1368 μὴ
1792 1323 1965 1370 γίνεσθαι
1988 1323 2053 1359 τὰς
2077 1321 2247 1359 συνόδους
2265 1324 2343 1358 τῶν

108 1367 327 1403 ὁσιωτάτων
357 1368 483 1414 ἱερέων
515 1367 608 1403 κατὰ
641 1369 687 1402 τὰ
708 1366 910 1414 ὁρισθέντα
941 1369 1012 1404 υπὸ
1045 1370 1124 1403 τῶν
1157 1371 1274 1415 αγίων
1298 1366 1519 1403 ἀποστόλων
1542 1372 1603 1402 καὶ
1625 1370 1703 1403 τῶν
1724 1367 1841 1415 ἁγίων
1860 1372 2041 1414 πατέρων.
2089 1369 2121 1403 εἰ
2142 1368 2212 1415 γὰρ
2235 1369 2343 1403 τοῦτο

107 1411 393 1459 παρεφυλάχθη,
429 1416 576 1449 ἕκαστος
611 1411 870 1459 εὐλαβούμενος
900 1413 966 1449 τὸν
1002 1415 1063 1448 ἐπὶ
1098 1414 1159 1456 τῆς
1194 1412 1347 1448 συνόδου
1385 1413 1528 1460 ἔλεγχον
1560 1412 1784 1456 ἐσπούδαζεν
1815 1413 1864 1449 ἄν
1894 1417 1954 1448 καὶ
1984 1414 2048 1449 τὰς
2078 1415 2184 1449 θείας
2215 1415 2342 1458 ἐκμαν-

107 1458 242 1493 θάνειν
273 1458 493 1513 λειτουργίας
527 1462 587 1493 καὶ
619 1457 818 1505 σωφρόνως
847 1461 971 1504 βιοῦν,
1006 1460 1066 1494 ἵνα
1095 1458 1145 1503 μὴ
1172 1460 1218 1507 τῇ
1254 1462 1461 1504 κατακρίσει
1485 1459 1563 1493 τῶν
1587 1459 1707 1493 θείων
1732 1458 1904 1494 κανόνων
1923 1456 2161 1504 ύποβληθείη.
2202 1456 2343 1494 κάκεῖνο

108 1501 148 1537 δὲ
177 1502 282 1539 οὐδὲν
313 1503 429 1547 ἦττον
459 1516 557 1539 τισιν
578 1502 854 1551 ἁμαρτημάτων
876 1507 1001 1551 γε’γονε
1026 1505 1225 1551 πρόφασις,
1258 1501 1318 1539 ὅτι
1338 1507 1446 1551 χωρὶς
1470 1504 1669 1544 ἐξετάσεως
1692 1508 1752 1538 καὶ
1776 1506 1838 1549 τῆς
1862 1506 1923 1540 ἐπὶ
1946 1506 1991 1552 τῇ
2016 1503 2116 1552 ὀρθῇ
2141 1508 2264 1540 πίστει
2283 1507 2343 1538 καὶ

107 1550 304 1594 σεμνότητι
332 1549 414 1594 βίου
444 1554 640 1595 μαρτυρίας
659 1551 950 1598 χειροτονοῦνται
975 1551 1169 1585 ἐπίσκοποί
1190 1563 1230 1584 τε
1253 1552 1313 1583 καὶ
1336 1551 1574 1595 πρεσβύτεροι
1597 1553 1657 1584 καὶ
1682 1548 1843 1584 διάκονοι
1867 1553 1927 1584 καὶ
1951 1549 2070 1585 λοιποὶ
2095 1549 2263 1597 κληρικοί.
2312 1550 2343 1583 εἰ

151 1630 237 1664 Νου.
258 1630 478 1664 CXXXVII
500 1631 625 1665 Graece
650 1637 770 1664 tantum
795 1638 882 1664 extat
904 1632 936 1664 in
961 1631 1006 1664 M
1026 1637 1055 1664 et
1079 1632 1111 1664 in
1141 1631 1333 1665 Collectione
1358 1630 1474 1663 XXV
1491 1643 1563 1673 cap.
1589 1631 1631 1663 22
1656 1631 1712 1672 (=
1734 1632 1787 1673 0),
1817 1631 1850 1663 in
1874 1631 1906 1663 L
1931 1643 1999 1663 cum
2025 1630 2155 1664 novella
2182 1630 2349 1663 CXXIII

106 1677 326 1709 contaminata
351 1676 468 1719 leqitur
491 1677 549 1718 ita,
573 1683 609 1709 ut
626 1688 679 1719 pr.
706 1683 736 1710 et
751 1688 777 1709 c.
795 1677 881 1709 1—-3
902 1688 966 1719 pro
991 1676 1080 1710 illius
1104 1683 1201 1710 const.
1228 1688 1254 1709 c.
1277 1677 1290 1709 1
1319 1682 1348 1708 et
1369 1677 1389 1709 2
1411 1688 1464 1719 pr.
1490 1677 1735 1718 substituantur,
1761 1689 1788 1709 c.
1806 1676 1895 1709 4—6
1922 1680 1937 1714 ξ
1957 1683 1969 1709 1
1986 1682 2064 1718 post
2086 1676 2226 1709 eiusdem
2247 1682 2346 1708 const.

106 1733 133 1753 c.
150 1723 171 1754 9
195 1722 390 1762 inserantur,
415 1733 441 1754 c.
461 1721 482 1754 6
501 1725 516 1760 §
536 1728 553 1754 2
579 1728 608 1754 et
632 1721 708 1764 epil.
725 1722 863 1755 eiusdem
880 1728 978 1754 const.
997 1721 1154 1765 epiloyum
1171 1722 1320 1764 efficiant
1335 1721 1391 1764 (cf.
1409 1732 1492 1763 quae
1509 1721 1733 1755 adnotavimus
1752 1734 1788 1764 p.
1807 1721 1883 1755 594.
1901 1721 1976 1754 602.
1995 1721 2092 1762 625);
2117 1733 2144 1754 c.
2162 1721 2182 1753 2
2199 1720 2346 1762 (Θεσπί-

107 1765 232 1809 ζομεν,
264 1762 386 1799 ὁσάκις
416 1768 517 1810 χρεία
539 1767 688 1810 γένηται
712 1790 877 1802 .......
881 1767 893 1806 )
914 1767 988 1798 -6
1013 1766 1033 1807 ξ
1050 1773 1063 1800 1
1088 1773 1198 1800 extant
1222 1766 1256 1799 B
1282 1767 1314 1806 3,
1334 1773 1358 1807 1,
1376 1773 1404 1799 8.
1424 1772 1526 1800 17-19
1551 1767 1698 1799 similiter
1723 1767 1892 1800 coniuncta
1916 1777 1984 1799 cum
2008 1778 2079 1799 nov.
2109 1766 2280 1799 CXXIII.
2302 1784 2347 1790 --

106 1811 195 1854 Epir.
221 1811 344 1844 Theod.
368 1811 429 1845 137
463 1811 551 1853 (inde
575 1823 601 1844 c.
619 1812 649 1844 2.
675 1812 695 1844 3
717 1812 750 1844 in
774 1811 934 1844 Prochiro
959 1812 1103 1853 28,1-—4,
1128 1823 1154 1845 c.
1172 1812 1192 1844 3
1218 1812 1250 1845 in
1275 1811 1482 1855 Epanaqoye
1499 1812 1529 1853 8,
1547 1812 1588 1853 5),
1612 1811 1826 1854 Athan.1,17
1852 1811 1941 1854 (inde
1966 1810 2048 1845 Cotl.
2072 1818 2170 1845 const.
2197 1812 2271 1845 eccl.
2288 1811 2350 1843 III

108 1857 198 1898 1,17,
222 1856 355 1890 Nomoc.
380 1857 412 1889 L
436 1856 482 1890 tit.
508 1857 537 1889 7.
567 1857 606 1890 16
628 1869 663 1900 p.
680 1857 757 1890 611.
783 1857 850 1890 622
883 1856 1008 1899 Voell.).

354 2056 457 2106 DE
502 2055 907 2106 CREATJONE
943 1987 1441 2107 EPISggxI'YgIIUM
1487 2053 1582 2105 ΕΤ
1623 2054 2092 2106 OLERJOORUM.

107 2144 155 2181 In
182 2145 326 2181 nomine
356 2144 492 2181 domini
522 2143 608 2180 Iesu
642 2143 776 2181 Christi
803 2144 862 2180 dei
892 2144 1011 2180 nostri
1044 2143 1097 2179 Im
1127 2148 1252 2180 erator
1285 2144 1419 2181 Caesar
1449 2143 1599 2180 Flavius
1629 2141 1859 2179 Iustinianus
1881 2143 2159 2183 Alamannicus
2171 2142 2344 2181 Gothicus

106 2191 309 2228 Francicus
331 2188 566 2226 Germanicus
586 2190 755 2233 <Anticus
777 2189 974 2234 Alanicus)
1006 2189 1086 2225 Van
1112 2189 1229 2225 alicus
1251 2190 1403 2235 Africus
1424 2189 1556 2236 <pius>
1579 2188 1675 2229 f'e'lioe
1690 2188 1846 2223 inclutus
1859 2189 1998 2234 (victor
2013 2190 2080 2236 ac>
2096 2189 2343 2237 triumphator

539 2245 680 2281 semper
703 2235 889 2280 Auqustus
914 2233 1025 2270 Petro
1051 2233 1253 2270 clarissimo
1276 2235 1453 2282 maqistro
1477 2244 1664 2270 sacrorum
1689 2233 1909 2278 officiorum.

249 2301 517 2348 Praefatio.
566 2301 607 2336 Si
631 2301 728 2348 leqes
751 2301 884 2344 civiles,
909 2312 1064 2347 quarum
1115 2305 1302 2338 otestatem
1319 2301 1422 2337 nobis
1438 2300 1526 2337 deus
1534 2311 1610 2347 pro
1628 2311 1696 2336 sua
1711 2299 1935 2337 humanitate
1950 2300 2113 2344 credidit,
2133 2312 2206 2348 per
2219 2303 2342 2339 omnia

104 2349 233 2395 firmas
254 2347 393 2383 servari
417 2346 466 2382 ad
487 2347 716 2382 securitatem
740 2346 980 2382 subiectorum
1004 2350 1061 2382 stu
1088 2357 1197 2389 emus,
1222 2351 1358 2393 quanto
1380 2346 1466 2393 plus
1488 2345 1602 2382 studii
1623 2346 1662 2381 in
1686 2346 1934 2382 observatione
1956 2356 2147 2382 sacrorum
2163 2357 2343 2384 canonum

107 2398 144 2430 et
167 2392 370 2429 divinarum
395 2391 523 2437 lequm,
549 2402 643 2437 quae
664 2401 734 2438 pro
758 2390 876 2427 salute
899 2392 1102 2427 animarum
1125 2395 1334 2427 nostrarum
1357 2391 1573 2427 constitutae
1594 2394 1691 2433 sunt,
1715 2390 1898 2427 collocare
1921 2390 2112 2427 debemus?
2157 2390 2228 2435 Qui
2249 2395 2343 2428 enim

107 2448 234 2474 sacros
267 2446 424 2473 canones
455 2435 662 2478 observant,
695 2436 832 2471 domini
860 2435 921 2472 dei
949 2436 1092 2472 auxilio
1116 2436 1221 2483 diqni
1241 2436 1436 2478 habentur,
1468 2437 1603 2487 quique
1625 2446 1688 2471 eos
1710 2435 1865 2478 violant,
1896 2436 2032 2482 seipsi
2052 2436 2344 2473 condemnationi

107 2483 298 2519 subiciunt.
344 2481 481 2517 Maiori
510 2491 594 2517 vero
627 2481 917 2516 condemnationi
948 2481 1097 2516 subiecti
1124 2485 1211 2517 sunt
1239 2481 1460 2517 sanctissimi
1488 2481 1651 2527 episcopi
1659 2507 1668 2522 ,
1701 2481 1830 2526 quibus
1861 2481 2084 2516 commissum
2107 2485 2163 2517 est
2184 2485 2281 2518 utet
2302 2483 2342 2517 in

108 2538 267 2564 canones
296 2526 488 2572 inquirant
517 2530 553 2562 et
584 2530 753 2568 caveant,
785 2526 819 2561 si
847 2536 920 2572 qua
951 2536 1076 2561 eorum
1105 2526 1254 2562 violatio
1277 2526 1507 2571 relinquatur
1528 2525 1718 2577 impunita.
1765 2524 1891 2561 Sacris
1910 2526 2024 2571 iqitur
2047 2526 2247 2562 canonibus
2268 2538 2342 2563 non

109 2572 307 2609 observatis
330 2571 453 2607 varias
475 2574 605 2606 contra
629 2570 779 2606 clericos
801 2574 837 2606 et
859 2569 1054 2606 monachos
1076 2574 1112 2606 et
1133 2571 1325 2618 episcopos
1347 2570 1543 2606 nonnullos
1565 2569 1876 2616 interpellationes
1895 2570 2110 2617 accepimus,
2134 2575 2178 2607 ut
2216 2572 2254 2607 ui
2268 2583 2342 2607 non

108 2617 304 2653 secundum
334 2626 462 2651 sacros
485 2625 644 2651 canones
666 2616 806 2658 vivant,·
836 2619 945 2661 atque
968 2614 1035 2651 alii
1057 2626 1200 2661 quoque
1221 2617 1359 2652 inventi
1378 2618 1481 2657 sunt,
1511 2615 1578 2661 qui
1598 2625 1642 2650 ne
1665 2615 1782 2661 ipsam
1807 2614 1949 2661 quidem
1973 2619 2122 2652 sanctae
2147 2616 2190 2653 ob
2207 2617 2342 2653 ationis

108 2662 166 2699 vel
186 2662 304 2697 sancti
329 2661 556 2706 baptismatis
567 2661 823 2712 precationem
844 2661 972 2696 sciant.

242 2707 270 2742 Ι.
318 2705 386 2742 Dei
418 2706 531 2751 iqitur
560 2705 733 2740 iudicium
765 2716 845 2740 cum
875 2705 995 2740 animo
1026 2708 1237 2750 reputantes
1269 2704 1515 2751 quaestionem
1546 2708 1580 2740 et
1606 2704 1866 2740 correctionem
1895 2704 1934 2740 in
1966 2715 2186 2751 unoquoque
2216 2717 2342 2742 eorum

109 2763 203 2797 quae
226 2751 276 2787 ad
305 2761 374 2787 nos
394 2750 517 2786 delata
543 2755 629 2785 sunt
656 2751 830 2786 canonice
860 2750 1028 2785 iussimus
1059 2748 1268 2795 procedere.
1328 2749 1423 2784 Nam
1457 2749 1489 2783 si
1524 2760 1567 2784 ea
1602 2760 1696 2795 quae
1730 2760 1753 2784 a
1787 2749 1890 2785 laicis
1921 2754 2120 2802 peccantur
2153 2751 2342 2797 qenerales

110 2800 207 2843 teqes
238 2807 312 2831 non
336 2795 556 2842 permittunt
587 2795 666 2831 sine
697 2795 909 2841 quaestione
940 2799 975 2830 et
998 2794 1157 2829 vindicta
1177 2794 1349 2840 relinqui,
1381 2794 1562 2839 quomodo
1585 2805 1628 2830 ea
1652 2805 1746 2840 quae
1764 2805 1787 2829 a
1809 2798 1946 2841 sanctis
1969 2795 2145 2842 apostolis
2167 2799 2204 2831 et
2223 2797 2340 2842 patri-

108 2842 174 2877 bus
206 2843 278 2888 pro
313 2841 431 2876 salute
452 2841 608 2875 omnium
632 2839 814 2875 hominum
839 2840 1010 2874 canonice
1039 2842 1176 2874 statuta
1204 2845 1307 2881 sunt,
1339 2838 1475 2884 despici
1502 2839 1713 2885 patiamur?
1758 2837 1897 2875 Multos
1927 2845 2046 2875 autem
2076 2839 2161 2876 hinc
2183 2841 2342 2877 maa-ime

108 2888 144 2922 in
179 2890 335 2933 peccata
373 2884 543 2921 incidisse
577 2884 834 2931 comperimus,
872 2884 972 2929 quod
1009 2882 1142 2928 synodi
1174 2883 1482 2918 sanctissimorum
1514 2883 1742 2919 sacerdotum
1777 2894 1850 2919 non
1884 2884 2112 2920 celebrantur
2145 2886 2340 2921 secundum

108 2942 152 2967 ea
183 2941 278 2976 quae
308 2941 332 2965 a
362 2929 499 2965 sanctis
530 2929 711 2975 apostolis
741 2933 778 2964 et
801 2929 937 2964 sanctis
964 2927 1135 2974 patribus
1164 2927 1313 2973 definita
1344 2931 1439 2963 sunt.
1485 2927 1570 2963 Hoc
1595 2929 1688 2964 enim
1717 2928 1749 2963 si
1773 2929 1998 2964 observatum
2021 2933 2125 2973 esset,
2149 2931 2341 2976 unusquis-

108 2986 177 3021 que
210 2973 523 3020 reprehensionem
558 2984 681 3009 coram
715 2973 856 3019 synodo
891 2974 1026 3009 veritus
1060 2971 1220 3009 studeret
1252 2976 1287 3008 et
1320 2982 1448 3007 sacras
1483 2972 1651 3019 liturqias
1685 2972 1843 3009 ediscere
1877 2976 1913 3008 et
1953 2973 2101 3010 honeste
2129 2974 2264 3016 vivere,
2295 2985 2341 3010 ne

109 3019 402 3055 condemnationi
423 3028 612 3053 sacrorum
637 3028 815 3053 canonum
851 3017 1084 3053 subiceretur.
1132 3016 1207 3052 Sed
1233 3017 1299 3052 illa
1330 3027 1474 3062 quoque
1504 3027 1576 3052 non
1607 3017 1725 3052 minus
1756 3017 1969 3063 quibusdam
1991 3019 2174 3063 peccandi
2197 3019 2340 3053 occasio

108 3064 243 3105 extitit,
267 3063 367 3109 quod
389 3066 425 3098 et
447 3062 610 3108 episcopi
633 3066 669 3097 et
688 3062 894 3108 presbyteri
917 3066 952 3097 et
976 3061 1122 3097 diaconi
1144 3065 1179 3096 et
1202 3061 1314 3098 ceteri
1338 3061 1460 3097 clerici
1478 3061 1556 3097 sine
1579 3062 1747 3098 examine
1770 3066 1807 3097 et
1828 3062 1906 3098 sine
1929 3067 2050 3098 rectae
2069 3062 2159 3107 fidei
2175 3063 2340 3108 vitaeque

109 3108 281 3144 honestae
328 3107 532 3144 testimonio
583 3111 765 3142 creantur.
834 3106 929 3142 Nam
966 3106 999 3141 si
1037 3106 1166 3152 quibus
1204 3106 1386 3152 neqotium
1426 3107 1652 3142 commissum
1698 3109 1751 3142 est
1788 3106 1965 3152 precandi
2002 3117 2074 3152 pro
2105 3107 2248 3153 populo
2287 3108 2340 3142 in-

155 3246 175 3278 2
209 3246 296 3277 rubr.
321 3244 408 3285 Περὶ
440 3245 659 3287 χειροτονίας
681 3243 777 3287 (χειρ.
804 3255 861 3275 οηι.
889 3243 1023 3283 Theod.)
1049 3238 1190 3275 ἐπισκό-

110 3301 194 3323 πων
228 3290 288 3321 καὶ
323 3286 503 3331 κληρικῶν
539 3289 810 3332 (πρεσβυτέρων
841 3287 971 3329 Ρνοεή.)
997 3287 1040 3319 M
1069 3287 1189 3320 Theod.

111 3335 230 3367 Procli.
253 3335 398 3378 Περὶ-
412 3330 476 3374 κλη
502 3332 591 3365 ικῶν
606 3335 666 3365 καὶ
681 3334 764 3375 περὶ
781 3328 946 3365 συνόδων
963 3333 1023 3364 καὶ
1046 3341 1190 3376 προεκο-

110 3375 212 3420 μιδῆς
243 3378 318 3411 Am.
340 3373 447 3418 Ἄλλη
477 3344 640 3416 διάταξις
670 3379 753 3419 περὶ
785 3376 994 3410 ἐπισκόπων
1023 3378 1083 3408 καὶ
1115 3376 1191 3410 τῶν

110 3423 229 3456 θείων
246 3419 413 3455 κανόνων
431 3422 460 3455 0
469 3422 482 3466 ΙΙ
502 3423 520 3455 3
539 3423 634 3455 inscr.
650 3419 710 3455 Ἐν
727 3418 880 3465 ὀνόματι
892 3441 936 3446 -
947 3417 1131 3465 όφφικίων
1147 3421 1189 3462 C']

1260 3240 1291 3274 εἰ
1314 3239 1382 3285 γὰρ
1406 3241 1438 3274 L
1462 3245 1474 3284 {1
1501 3238 1611 3274 αὐτοῦ
1635 3241 1836 3292 ἕασῆανίαε]
1861 3240 1987 3274 ἑαυτοῦ
2012 3242 2090 3275 libri
2111 3240 2124 3286 ΙΙ
2151 3243 2170 3275 8
2200 3241 2263 3285 τῆς
2290 3244 2319 3277 G
2328 3242 2340 3286 ΙΙ

1260 3285 1378 3319 θείων
1402 3285 1503 3327 ML³J
1536 3285 1676 3319 θεϊκων
1700 3286 1783 3320 L¹C¹
1809 3285 1822 3330 ΙΙ
1849 3283 2108 3331 παραφυλακῆς
2135 3288 2165 3321 G'
2235 3288 2273 3322 11
2306 3287 2342 3321 οἳ

1259 3334 1519 3364 πεπίστευνται
1548 3331 1600 3374 ΟΙΙ
1624 3332 1661 3364 12
1692 3342 1729 3364 τι
1759 3344 1817 3364 om.
1848 3331 1899 3374 C'ss
1917 3331 2049 3364 τοῦτον
2076 3332 2105 3365 C
2117 3344 2145 3365 v.
2164 3333 2184 3365 l.
2200 3332 2212 3375 u
2231 3344 2340 3366 κατα-

1259 3373 1426 3419 λειφθείη
1443 3374 1498 3416 M]
1523 3373 1802 3409 καταλείπουσιν
1821 3376 1852 3408 L
1875 3373 2146 3409 καταλείπωσιν
2162 3375 2194 3408 εἰ
2214 3377 2291 3419 (pro
2303 3372 2340 3419 ἢ)

1258 3419 1518 3462 καταλειφθείη
1550 3422 1583 3453 in
1613 3421 1839 3464 dittoqraphia
1868 3421 1897 3454 0
1917 3419 1929 3464 ΙΙ
1963 3422 2005 3454 14
2034 3418 2084 3463 μὴ
2116 3434 2175 3454 om.
2203 3421 2274 3456 Cv.
2292 3422 2311 3454 l.
2328 3421 2341 3467 ΙΙ

112 3465 347 3511 αὐτοκράτωρ
373 3465 612 3499 ἰουστινιανὸς
644 3464 836 3511 αῦγουστος
859 3467 981 3510 πέτρω
1004 3468 1190 3511 μαγίστρω

111 3508 294 3555 όφφικίων
310 3513 357 3545 Μ
374 3507 411 3544 ‘0
435 3509 540 3544 αὐτὸς
555 3508 722 3554 βασιλεὺς
738 3513 866 3554 Πέτρῳ
883 3513 1071 3556 μαγίστρῳ
1089 3512 1164 3544 Am.
1179 3510 1191 3554 Η

109 3555 268 3589 Ἀντικὸς
288 3554 469 3590 Ἀλανικὸς
505 3563 534 3589 et
564 3558 597 3589 in
621 3568 708 3599 seqq.
734 3552 880 3599 εὐσεβὴς
899 3564 929 3589 et
951 3553 1093 3598 νικητὴς
1115 3568 1191 3598 sup-

109 3602 200 3644 plevi
222 3603 277 3645 (cf
303 3603 398 3635 inser.
416 3614 486 3634 nov.
504 3601 626 3634 XVII.
651 3601 792 3634 XLIII.
820 3601 1030 3640 CXXXIV;
1056 3601 1191 3634 edictum

122 3646 193 3678 VII
205 3647 262 3688 al.)
278 3645 290 3690 ΙΙ
306 3642 529 3690 Ἀφρικανὸς]
554 3647 671 3679 rectius
692 3642 855 3691 Ἀφρικὸς
873 3647 930 3689 (cf.
947 3646 1037 3689 adp.
1054 3646 1130 3685 117,
1142 3646 1190 3687 42)

111 3688 157 3735 {16
182 3688 242 3732 Εἰ]
268 3690 316 3724 εἰς
332 3693 402 3724 cod.
420 3691 553 3727 leeod..
577 3690 653 3724 Atta.
671 3691 817 3733 Fabroti,
842 3703 900 3724 om.
917 3691 992 3724 Atta.
1010 3691 1080 3724 cod.
1098 3691 1191 3732 Par„

1258 3467 1318 3497 καὶ
1343 3478 1401 3498 om.
1432 3466 1461 3499 O
1482 3464 1495 3510 ΙΙ
1524 3463 1684 3508 εἴρηνται
1708 3466 1739 3498 L
1767 3464 1779 3509 ΙΙ
1808 3462 1899 3508 μηδὲ
1926 3466 1996 3506 CL]
2019 3463 2110 3508 μήτε
2134 3466 2181 3498 M
2196 3466 2208 3509 ΙΙ
2235 3462 2340 3500 αὐτοὶ

1264 3510 1333 3544 Cv.
1356 3510 1375 3543 l.
1401 3510 1414 3553 ΙΙ
1441 3511 1479 3544 17
1505 3507 1724 3553 προσελθεῖν
1749 3511 1799 3543 Ls‘
1820 3510 1832 3553 ss
1859 3511 1918 3543 καὶ
1946 3522 2004 3544 οηι.
2028 3510 2061 3543 L
2076 3511 2089 3553 {1
2107 3505 2340 3556 ἁμαρτόμενα

1264 3555 1292 3589 C'
1303 3568 1331 3587 υ.
1350 3555 1369 3587 l.
1386 3553 1399 3599 ΙΙ
1419 3556 1460 3589 19
1485 3555 1563 3588 τῶν
1579 3567 1637 3588 om.
1659 3555 1687 3588 Ο
1701 3553 1713 3598 ΙΙ
1729 3551 1977 3598 ἆνασχούμεθα
1995 3555 2171 3599 Scrimqer]
2188 3553 2342 3598 ἀνασχό-

1257 3598 1358 3642 μεθα
1390 3595 1656 3642 (ἇνασχοίμεθα
1689 3601 1718 3634 G
1746 3602 1840 3642 unus)
1867 3599 1971 3633 MGL
1998 3598 2010 3643 ss
2041 3601 2083 3634 20
2113 3600 2289 3646 γενέσθαι
2314 3599 2342 3635 O

1256 3646 1403 3688 plerique
1424 3643 1437 3689 ΙΙ
1464 3645 1505 3679 21
1533 3642 1739 3678 θειοτάτων
1767 3645 1796 3678 G
1812 3645 1825 3688 ΙΙ
1852 3645 1895 3679 22
1919 3642 2191 3688 παραφυλαχθῆ
2212 3645 2274 3691 Lss
2291 3641 2340 3680 ἂν

1259 3702 1317 3724 om.
1346 3690 1376 3724 C'
1387 3688 1400 3735 ss
1419 3690 1462 3724 24
1486 3684 1716 3734 ἁμαρτήμασι
1745 3689 1858 3734 01125
1882 3701 1923 3724 τε
1946 3702 2004 3724 om.
2033 3691 2062 3724 C·

2392 515 2411 547 271

2372 763 2410 807 10

2370 990 2410 1022 15

2369 1329 2410 1361 20

2368 1550 2409 1582 25
