2618 4010
285 114 394 158 Nov.
417 114 515 158 XCI
548 117 582 156 1.
610 114 638 155 2
1353 110 1440 159 456

286 236 405 280 pauno
427 221 491 258 οὐκ
514 220 733 280 ἀγνροῢντις.
743 219 793 258 ὥς
808 218 924 302 «ξήπου
947 225 1007 258 καὶ
1021 222 1083 278 ἑτι·
1098 221 1184 301 3.»,θὲ
1197 223 1268 302 τῆςἲ
1277 220 1360 280 ᾖμε·
1427 223 1648 303 ἷςηρῖιηιος,
1678 225 1847 303 {uoniam
1875 225 1947 280 ism
1973 230 2011 264 et
2036 227 2074 263 in
2103 227 2175 263 slis
2198 226 2350 281 quadam
2370 230 2496 281 nostra
2515 228 2517 230 ’

284 268 801 359 {52:22225-‘232‘1‘0520320‘223
818 279 1114 355 ,ἶέἕῖῗῖἔέὶιῗω
1134 279 1360 359 ιιῗέἂλξὲἓ
1428 272 1657 349 ἑξὶῗιὲἓοέξι
1695 270 2494 362 ἓξὲιᾱῗοῗᾞωᾰῃξξὲιέῗὲιῖῗηοωιηφὲ

283 357 326 391 τὸ
351 358 502 404 πρᾶγμα
524 355 697 401 ζητήσειε,
744 357 781 392 ιὰ
799 359 909 393 τοῦτο
932 360 991 392 καὶ
1015 357 1064 391 εἰς
1086 356 1156 401 τὴν
1177 358 1243 392 τοῦ
1267 371 1358 412 παρ·
1427 357 1531 393 modo
1555 367 1666 394 causa
1688 359 1926 404 quaestiones,
1958 365 2149 408 propterea
2171 365 2208 398 et
2229 363 2275 398 ad
2298 361 2495 407 praesentis

284 401 386 437 όντος
408 400 522 447 νόμον
545 405 669 446 χρείαν
691 398 920 448 ἀφικόμεθα,
943 399 1008 444 οὐχ
1030 402 1091 436 ἴνα
1114 402 1182 437 νῦν
1203 415 1241 437 τι
1260 415 1358 448 πρω-
1394 406 1414 438 5
1427 402 1514 446 legis
1545 412 1637 447 opus
1666 403 1901 446 accessimus,
1933 415 2006 441 non
2036 411 2076 442 ut
2106 418 2200 443 nunc
2230 407 2364 452 aliquid
2395 406 2495 452 prius

283 459 350 480 τον
372 447 698 492 νομοθετήσωμεν,
722 445 805 482 ἀλλ’
832 448 893 482 ἵνα
915 450 1138 493 σαφέστερον
1162 443 1250 482 αὐτὸ
1269 449 1358 483 πᾶσι
1427 446 1695 490 sanciverimus,
1731 447 1794 484 sed
1825 453 1865 484 ut
1895 448 2079 487 clariorem
2107 461 2186 488 eam
2216 452 2378 489 omnibus
2410 462 2495 488 con-

283 490 576 537 καταστήσωμεν.
733 506 735 508 *
1426 493 1664 529 stitueremus.

1280 581 1442 618 CAPUT
1466 581 1513 617 11.

328 633 484 671 Κᾶκεῖνό
507 650 549 684 γε
571 637 643 683 μὴν
666 638 878 683 προςθεῖναι
900 637 953 681 τῷ
978 635 1081 682 νόμῳ
1105 636 1235 681 καλόν,
1267 634 1358 684 ὅπερ
1482 638 1576 673 Illud
1599 648 1740 683 quoque
1762 637 1903 674 adicere
1934 638 2002 683 legi
2025 639 2158 676 bonum
2180 645 2251 686 est,
2283 642 2377 694 quod
2401 640 2496 677 meta

283 682 474 725 κινηθεῖσα
498 681 640 727 ζήτησις
671 682 803 726 ὁμοίως
833 682 1030 729 ἀναγκαῖον
1060 680 1147 726 ἡμῖν
1175 684 1223 717 εἰς
1251 696 1357 728 νομο-
1427 683 1586 728 quaestio
1610 683 1769 718 similiter
1786 684 2027 719 necessarium
2051 685 2154 721 nobis
2177 686 2223 721 ad
2241 686 2496 730 leglslationem

283 727 418 761 θισίαν
440 728 618 772 ἐποίησεν.
666 729 696 762 εἰ
719 728 788 775 γὰρ
813 727 993 773 ἐποφείλει
1015 731 1147 785 προῖκα
1169 727 1270 774 γυνή,
1299 731 1359 763 καὶ
1373 728 1522 764 10t‘ecit.
1571 728 1609 763 Si
1631 729 1723 763 enim
1748 728 1875 764 debeat
1903 729 2021 764 dotem
2043 729 2178 772 mulier,
2209 734 2246 766 et
2271 731 2332 766 illa
2355 731 2496 776 quidem

281 770 304 815 ἡ
327 773 394 815 μὲν
417 769 545 807 δοῦναι
567 772 775 818 βουληθείη,
801 770 890 816 αὐτὴ
915 772 1021 815 τυχὸν
1043 787 1066 816 η
1090 771 1110 807 ὁ
1135 770 1227 818 ὑπὲρ
1251 770 1359 817 αὐτῆς
1426 773 1510 809 dare
1533 773 1701 815 voluerit,
1735 773 1816 818 ipsa
1845 774 1968 809 forsan
1999 775 2062 809 aut
2091 775 2153 819 qui
2182 785 2247 820 pro
2271 785 2314 812 ea
2336 776 2497 821 promisit

283 814 524 863 παρεχόμενος
547 814 671 861 αὐτὴν,
696 814 788 852 ὅςτις
811 819 902 852 ποτε
924 814 972 851 ἂν
990 818 1043 860 εἴη
1063 815 1086 861 ἢ
1105 819 1182 852 τῶν
1204 815 1359 865 ἐγγύθεν
1427 819 1532 860 illud,
1566 818 1778 863 quicumque
1799 818 1908 854 fuerit
1935 822 1999 854 aut
2021 819 2262 863 proximem
2294 826 2357 856 aut
2380 825 2497 856 extre.-

281 861 304 905 ἧ
320 863 398 897 τῶν
413 863 570 903 ἔξωθεν,
594 860 683 897 «lieu
698 861 721 906 ἢ
737 862 972 908 profecticiav
987 859 1009 906 ἢ
1026 863 1251 898 adventiciam
1266 863 1359 898 εἶναι
1427 873 1589 905 neorum,
1621 864 1696 908 (ut)
1723 867 1788 898 aut
1811 863 2019 908 profecticia
2048 869 2112 900 aut
2133 864 2331 901 adventicia
2360 866 2408 901 sit
2431 866 2496 901 dos

282 907 351 951 τὴν
373 911 504 965 προῖκα
526 908 657 949 (ταῦτα
686 906 730 951 δὴ
761 908 808 942 τὰ
837 909 900 942 τοῦ
933 907 1045 962 νόμον
1070 905 1243 953 ῥήματα),
1277 906 1297 943 ὁ
1322 906 1362 943 δὲ
1428 909 1529 951 (haec
1563 908 1655 943 enim
1686 908 1772 953 legis
1803 909 1911 944 verba
1941 912 2054 953 sunt)3
2091 909 2144 945 vir
2172 914 2306 952 autem,
2337 914 2400 945 aut
2422 911 2498 946 eius

282 949 375 998 ἀνὴρ
398 967 420 996 η
444 951 464 987 ὁ
488 952 615 987 τούτου
639 953 760 997 πατὴρ
789 952 899 995 τυχὸν
921 949 945 996 ἢ
970 965 990 986 ο
1015 952 1165 989 πάππος
1188 951 1360 995 ὑποδέξα-
1379 958 1414 989 15
1429 958 1529 999 pater
1559 953 1711 988 forsitan
1743 956 1806 989 aut
1836 963 1923 994 avus
1948 954 2127 999 suscipere
2157 964 2235 990 eam
2257 955 2383 999 nollet,
2414 965 2497 1001 pars

283 997 377 1031 σθαι
399 995 538 1041 ταύτην
560 998 609 1043 μὴ
636 997 870 1042 βουληθεῖεν,
899 998 942 1032 τὸ
976 996 1016 1033 δὲ
1037 1000 1100 1041 τῆς
1121 998 1287 1046 γυναικὸς
1307 1001 1360 1033 ἐκ·
1428 1001 1546 1034 autem
1577 998 1733 1034 mulieris
1769 1002 1989 1034 contestetur
2023 1006 2058 1034 et
2087 1004 2214 1044 parata
2248 1000 2296 1035 sit
2326 1000 2396 1036 hoc
2426 1001 2496 1036 sol-

282 1043 504 1090 μαρτύρεται
518 1046 631 1088 μέρος,
651 1046 710 1077 καὶ
727 1044 877 1087 ἑτοίμως
892 1044 963 1085 ἔχει
979 1043 1116 1087 ταύτην
1130 1043 1360 1087 καταβαλεῖν,
1429 1054 1508 1079 vere
1544 1047 1607 1078 aut
1638 1043 1743 1078 etiam
1773 1044 1906 1089 aliquid
1942 1045 2055 1080 maius
2086 1055 2272 1089 peragere,
2309 1049 2344 1080 et
2372 1044 2500 1080 offerat

282 1086 306 1130 ἢ
329 1091 392 1122 καί
418 1101 454 1122 τι
483 1090 607 1132 μεῖζον
637 1085 780 1135 πράξειε
811 1091 872 1122 καὶ
901 1087 1118 1136 προςαγάγοι
1148 1091 1259 1132 τυχὸν
1289 1093 1359 1132 καί,
1429 1089 1562 1131 forsan,
1587 1092 1624 1123 et
1647 1089 1678 1124 si
1704 1089 1842 1124 mobilis
1868 1090 1925 1131 sit,
1950 1089 2134 1134 signacula
2156 1091 2262 1125 etiam
2281 1089 2440 1136 imponat
2463 1094 2500 1125 et

283 1132 318 1166 εἴ
335 1145 376 1179 γε
395 1133 523 1177 κινητὴ
547 1132 786 1177 καθεστήκοι,
817 1136 877 1167 καὶ
901 1131 1100 1180 σφραγῖδας
1129 1134 1277 1178 ἐπιθείη
1301 1137 1361 1168 καὶ
1429 1134 1624 1169 secundum
1647 1134 1758 1178 legem
1780 1135 1959 1178 recondat,
1983 1139 2047 1170 aut
2069 1135 2262 1170 secundum
2287 1146 2393 1170 unam
2416 1145 2498 1180 par-

283 1178 374 1212 κατοὶ
406 1178 473 1213 τὸν
496 1177 611 1223 νόμον
641 1175 847 1222 «indirecto,
880 1177 901 1221 ἢ
924 1182 984 1213 καὶ
1004 1179 1097 1214 κατὰ
1119 1183 1207 1224 μίαν
1231 1182 1361 1226 μοῖραν
1375 1181 1416 1214 20
1429 1183 1499 1214 tem
1530 1179 1728 1224 ingrediens
1759 1179 1796 1214 in
1819 1180 1985 1215 iudicium
2016 1184 2116 1225 petat
2137 1181 2225 1216 haec
2248 1180 2328 1216 fieri
2361 1183 2397 1216 et
2418 1190 2498 1225 per-

283 1222 464 1267 εἱςβάλλον
494 1224 542 1258 εἰς
574 1221 807 1267 δικαστήριον
837 1222 935 1264 ἀξιοῖ
952 1224 1069 1258 ταῦτα
1091 1224 1267 1271 γενέσθαι
1301 1227 1361 1258 καὶ
1428 1228 1550 1268 gentes
1571 1234 1614 1259 ex
1630 1224 1760 1259 iudicio
1785 1224 1925 1269 quidam
1950 1225 2158 1261 denuntient
2180 1226 2270 1261 haec
2293 1225 2340 1261 ad
2361 1228 2498 1271 partem

283 1266 476 1312 διαβάντες
499 1270 537 1302 ἐκ
559 1270 625 1303 τοῦ
650 1267 822 1303 δικαστοῦ
844 1279 938 1303 τινες
968 1266 1223 1316 ἀπαγγείλειαν
1245 1271 1361 1304 ταῦτα
1429 1270 1511 1311 viri,
1543 1271 1581 1304 at
1611 1269 1671 1304 ille
1694 1273 1901 1314 permaneat
1923 1270 2029 1305 etiam
2051 1271 2102 1305 ita
2126 1270 2306 1315 differens,
2338 1281 2411 1306 non
2434 1281 2497 1316 po·

283 1313 374 1357 πρὸς
403 1313 446 1348 τὸ
477 1314 541 1348 τοῦ
573 1310 708 1369 ἀνδρὸς
738 1316 858 1359 μέρος,
895 1316 1060 1362 έπιμείνῃ
1092 1313 1132 1348 δὲ
1162 1318 1222 1349 καὶ
1246 1312 1361 1348 οὕτως
1428 1315 1511 1349 terit
1540 1314 1656 1350 soluto
1689 1314 1908 1350 matrimonio
1932 1318 2064 1351 antenu
2090 1316 2184 1351 tialis
2212 1315 2413 1352 donationis
2437 1325 2497 1350 ex·

282 1357 599 1403 άναβαλλόμενον·
621 1373 671 1403 μη
694 1356 882 1393 δύνασθαι
905 1358 1142 1394 διαλυθέντος
1160 1361 1225 1394 τοῦ
1247 1359 1360 1406 γάμου
1428 1359 1601 1395 actionem
1637 1359 1814 1395 declinare
1848 1363 2027 1405 tamquam
2064 1327 2148 1396 sote
2181 1371 2253 1397 non
2288 1361 2383 1396 data.
2431 1360 2499 1404 Qui

282 1404 351 1447 τὴν
373 1405 437 1448 τῆς
459 1408 698 1460 προγαμιαίας
721 1402 858 1450 δωρεᾶς
888 1406 1024 1439 ἔκτισιν
1048 1404 1221 1439 ἐκκλίνειν
1244 1402 1292 1439 ὠς
1316 1404 1359 1448 δὴ
1374 1407 1414 1440 25
1429 1406 1519 1440 enim
1544 1405 1629 1440 dare
1651 1405 1779 1447 voluit,
1812 1405 1894 1440 dum
1923 1406 2186 1451 perceptionem
2213 1409 2356 1441 recusat
2378 1406 2409 1440 is
2440 1405 2500 1450 qui

283 1448 429 1496 προικὸς
463 1463 527 1483 ουκ
559 1447 800 1492 ἐπιδοθείσηε.
848 1446 868 1482 ὁ
900 1449 967 1495 γὰρ
1001 1448 1127 1484 δοῦναι
1157 1449 1359 1494 βουληθείς,
1429 1451 1610 1495 suscipere
1639 1450 1859 1495 postulatur,
1894 1451 2076 1495 proximus
2108 1454 2163 1486 est
2193 1451 2302 1486 danti.
2352 1451 2402 1486 Et
2430 1451 2499 1486 hoc

283 1496 323 1528 ἄν
346 1494 376 1537 ᾧ
401 1494 470 1538 τὴν
493 1493 603 1539 λῆψιν
626 1492 645 1528 ὁ
677 1493 879 1539 λαμβάνειν
905 1492 1101 1539 ἠξιωμένος
1119 1498 1360 1540 παραιτεῖται,
1430 1506 1510 1530 cum
1540 1495 1619 1531 aliis
1652 1496 1690 1530 in
1723 1494 1805 1530 dote
1834 1496 1962 1531 valeat.
2010 1495 2110 1531 Sicut
2139 1496 2231 1531 enim
2265 1497 2333 1533 nisi
2363 1495 2500 1531 dederit

283 1537 534 1584 παραπλήσιός
556 1541 633 1574 ἐστι
653 1541 706 1583 τῷ
728 1537 910 1573 δεδωκότι.
958 1543 1018 1573 καὶ
1041 1540 1148 1574 τοῦτο
1169 1541 1262 1584 μετὰ
1283 1541 1361 1574 τῶν
1430 1550 1493 1585 per
1523 1540 1725 1575 dilationem
1757 1541 1893 1582 dotem,
1929 1542 2150 1585 negationem
2181 1541 2215 1576 ei
2245 1541 2498 1586 antenuptialis

283 1583 407 1619 ἄλλων
429 1586 490 1619 ἐπὶ
521 1585 585 1627 τῆς
613 1584 760 1631 προικὸς
790 1588 977 1630 κρατείτω.
1025 1583 1142 1629 ὥςπερ
1164 1585 1234 1641 γὰρ
1258 1586 1289 1619 εἰ
1311 1586 1361 1630 μὴ
1430 1586 1630 1621 donationis
1655 1585 1848 1630 inferimus,
1880 1587 1930 1621 ita
1953 1588 2007 1621 vel
2028 1587 2059 1622 si
2081 1587 2231 1622 voluerit
2253 1588 2337 1622 dare
2360 1590 2397 1621 et
2421 1596 2496 1631 per-

284 1627 362 1673 δοίη
385 1627 478 1664 καθ’
503 1627 705 1675 ὑπέρθεσιν
727 1631 796 1673 τὴν
827 1632 974 1675 προῖκα,
1005 1629 1156 1675 ἄρνησιν
1185 1631 1276 1677 αυτῇ
1300 1631 1362 1674 τῆς
1375 1633 1416 1666 30

284 1678 523 1721 προγαμιαίας
547 1672 682 1721 δωρεᾶς
705 1673 938 1721 ἐπηγάγομεν,
972 1672 1067 1708 οὕτω
1092 1673 1158 1709 κᾶν
1182 1676 1213 1709 εἰ
1236 1675 1362 1719 βουλη·

1749 128 1811 160 m·
1837 127 2092 161 ExAc'l'IoNE
2119 127 2338 160 INSTAN'PE
2364 126 2496 160 Do'rxs

351 1767 436 1800 Ante
460 1779 486 1800 c.
508 1766 553 1799 II
572 1767 605 1799 in
629 1765 661 1797 L
680 1772 715 1818 tet
740 1765 775 1798 B
799 1766 949 1817 ins-ertum
975 1773 1022 1799 est
1044 1767 1191 1819 nouellqe
1214 1766 1259 1800 II
1277 1778 1349 1809 cap.
1377 1768 1396 1799 5
1421 1767 1470 1809 (p.
1489 1767 1673 1817 17‚-o—30);
1706 1767 1834 1819 pariter
1857 1767 1908 1799 illi
1932 1767 1997 1819 Ioco
2018 1768 2068 1810 (p.
2089 1769 2140 1809 17,
2163 1769 2279 1809 10-25)
2312 1768 2500 1811 adiunqitur

284 1812 532 1892 stef-{22²3
545 1806 922 1889 inussisti?
937 1808 1559 1901 tstreffzzfsszz‘ssaizs
1578 1807 1997 1900 3⁶?t’z?²1‘÷35²'”ff¹22‚22'.‘²'⁰
2010 1814 2041 1853 θ’
2128 1812 2332 1857 EWW
2350 1813 2403 1853 ¹⁹2
2415 1819 2442 1845 ²·
2456 1832 2497 1836 -

283 1934 391 1970 etiam
413 1934 452 1968 in
475 1933 551 1969 alia
567 1936 680 1980 parte
702 1938 851 1969 nostrae
873 1933 1114 1980 leqislationis
1136 1945 1180 1969 ea
1203 1934 1352 1979 delinita
1375 1944 1473 1974 esse:
1507 1935 1571 1969 sed
1594 1934 1766 1979 quoniam
1790 1933 1934 1969 omnino
1965 1933 2067 1979 apud
2096 1945 2164 1969 nos
2192 1945 2252 1970 res
2281 1937 2421 1981 aqitata
2447 1940 2500 1971 est

283 1984 319 2016 et
343 1980 464 2015 varias
487 1977 664 2025 quasdam
687 1978 916 2024 quaestiones
939 1983 992 2015 est
1011 1979 1214 2025 complexa,
1232 1983 1435 2026 propterea
1458 1979 1566 2014 etiam
1589 1978 1639 2014 ad
1654 1979 1860 2025 praesentis
1883 1979 1973 2024 leqis
1995 1980 2239 2015 necessitatem
2256 1981 2496 2026 pervenimus,

284 2036 356 2061 non
381 2028 421 2060 ut
444 2035 540 2059 nunc
558 2024 719 2070 primum
742 2022 883 2069 aliquid
903 2025 1134 2066 sanciremus,
1157 2023 1223 2059 sed
1244 2029 1285 2059 ut
1307 2023 1535 2069 manifestius
1559 2023 1597 2059 id
1621 2024 1783 2059 omnibus
1805 2023 2044 2059 redderemus.

418 2069 467 2105 ΙΙ.
522 2067 643 2104 Verum
672 2067 766 2103 illud
820 2079 938 2114 uoque
968 2069 1043 2121 legi
1072 2068 1216 2104 adicere
1242 2079 1317 2115 par
1346 2074 1414 2109 est,
1446 2068 1546 2114 quod
1573 2073 1615 2104 ut
1644 2068 1724 2114 leqe
1752 2069 2001 2110 constituatur,
2034 2069 2197 2114 quaestio
2228 2074 2326 2105 mota
2351 2071 2499 2116 pariter

284 2115 387 2151 nobis
409 2114 650 2150 necessarium
672 2079 841 2148 reddicgt.
889 2112 931 2148 Si
954 2124 1047 2149 emm
1070 2113 1188 2149 dotem
1202 2114 1337 2165 ‘mulier
1360 2113 1474 2155 debet,
1508 2114 1540 2148 si
1564 2113 1628 2165 illa
1652 2113 1794 2159 quidem
1825 2113 1914 2149 dare
1935 2123 2014 2166 eam
2037 2113 2190 2149 voluerit
2219 2114 2301 2161 ipsa
2321 2115 2423 2161 forte
2445 2116 2500 2151 vel

284 2160 348 2207 qui
370 2170 447 2196 eam
468 2170 538 2206 pro
563 2159 644 2205 ipsa
662 2162 844 2204 praestat,
894 2158 1012 2194 uicum
1039 2170 1084 2194 ue
1105 2159 1155 2193 sit
1176 2169 1250 2194 sive
1266 2159 1562 2205 propinquorum
1585 2169 1659 2194 sive
1681 2163 1957 2202 extraneorum,
1982 2163 2034 2193 ita
2054 2162 2093 2192 ut
2113 2162 2177 2194 aut
2192 2160 2412 2205 profecticia
2435 2166 2500 2196 aut

284 2205 485 2240 adventicia
507 2204 557 2239 sit
579 2203 645 2238 dos
665 2207 772 2249 (quae
794 2203 857 2249 qui
902 2214 936 2238 m
960 2214 1020 2239 ver
1044 2214 1067 2238 a
1088 2207 1174 2238 sunt
1196 2203 1310 2248 leqis),
1342 2204 1397 2238 vir
1427 2207 1545 2239 autem
1578 2203 1634 2239 vel
1658 2204 1758 2248 forte
1785 2208 1893 2250 pater
1923 2204 2001 2238 eius
2031 2203 2087 2238 vel
2116 2215 2204 2239 avus
2233 2215 2311 2239 eam
2335 2207 2412 2240 acci
2439 2217 2500 2242 ere

284 2250 485 2291 noluerint,
517 2248 678 2284 mulieris
700 2259 785 2284 vero
804 2258 898 2295 pars
921 2249 1148 2284 testationem
1170 2248 1292 2293 faciat
1313 2252 1349 2284 et
1365 2252 1504 2295 parata
1526 2249 1575 2284 sit
1597 2259 1676 2284 eam
1698 2248 1848 2291 solvere,
1879 2247 1935 2283 vel
1955 2247 1988 2282 si
2011 2247 2117 2284 etiam
2144 2249 2260 2284 maius
2283 2250 2397 2295 aliqui
2441 2251 2498 2297 fe-

284 2296 374 2331 cerit
396 2298 506 2340 atque
530 2293 699 2330 obtulerit
721 2293 823 2338 forte
846 2298 898 2336 et,
927 2293 960 2328 si
984 2294 1126 2339 quidem
1149 2293 1289 2328 mobilis
1312 2293 1376 2335 sit,
1407 2293 1540 2339 siqillis
1563 2304 1707 2346 quoque
1729 2293 1907 2340 impositis
1929 2292 2122 2328 secundum
2146 2293 2258 2340 quem
2280 2294 2498 2341 deposuerit,

285 2340 339 2377 vel
361 2351 411 2376 ex
433 2350 507 2375 una
528 2343 636 2386 parte
657 2338 829 2374 iudicium
852 2339 1017 2385 inqressa
1035 2338 1126 2374 haec
1148 2344 1189 2374 ut
1204 2338 1301 2383 fiant
1319 2342 1424 2385 petat
1455 2342 1563 2385 atque
1585 2350 1608 2373 α
1631 2339 1750 2374 iudice
1772 2338 1871 2373 missi
1896 2337 2043 2384 quidam
2066 2337 2274 2374 denuntient
2293 2339 2382 2376 haec
2401 2342 2500 2386 parti

284 2386 417 2427 mariti,
440 2395 556 2431 eaque
578 2385 631 2419 sic
651 2394 795 2429 quoque
812 2389 1019 2430 perseveret
1043 2384 1207 2430 accipere
1230 2383 1421 2429 differens:
1443 2395 1487 2419 ne
1498 2384 1617 2430 possit
1639 2383 1759 2419 soluto
1777 2383 2007 2418 matrimonio
2028 2382 2233 2419 donationis
2252 2389 2334 2421 ante
2353 2386 2501 2431 nuptias

284 2430 500 2466 solutionem
523 2429 706 2464 declinare
736 2433 917 2481 tamquam
948 2428 1032 2465 dote
1055 2440 1128 2464 non
1151 2428 1249 2464 data.
1296 2427 1366 2471 Qui
1389 2430 1483 2464 enim
1505 2429 1594 2464 dare
1617 2428 1747 2470 voluit,
1778 2438 1857 2463 cum
1888 2429 1950 2474 qui
1980 2428 2144 2474 accipere
2167 2429 2307 2464 iubetur
2335 2432 2501 2477 accipere

284 2479 447 2517 recusat,
478 2474 605 2510 similis
627 2478 681 2510 est
704 2474 739 2510 ei
760 2485 822 2520 qut
846 2473 954 2509 dedit.
1003 2473 1053 2509 Et
1083 2473 1153 2509 hoc
1183 2484 1263 2508 cum
1285 2473 1437 2519 reliquis
1466 2474 1504 2509 in
1527 2473 1610 2510 dote
1633 2473 1761 2510 valeat.
1808 2472 2111 2524 Quemadmodum
2133 2474 2226 2509 enim
2250 2474 2283 2509 ei
2304 2475 2337 2510 si
2357 2486 2426 2527 per
2448 2476 2500 2510 di-

286 2522 455 2557 lationem
478 2519 596 2555 dotem
619 2530 693 2554 non
716 2519 868 2561 dederit,
901 2523 941 2554 ut
963 2519 1159 2565 deneqetur
1182 2518 1331 2554 donatio
1356 2522 1439 2554 ante
1462 2520 1610 2565 nuptias
1631 2519 1833 2560 statuimus,
1864 2519 1917 2554 ita
1941 2522 2047 2554 ettam
2070 2529 2101 2553 st
2125 2518 2214 2555 dare
2236 2518 2389 2556 voluerit
2413 2525 2446 2556 et
2469 2521 2501 2556 is

332 2614 352 2646 2
377 2607 468 2644 αὐτὰ
492 2610 542 2644 ΒΓ
555 2610 568 2654 ΙΙ
586 2606 789 2655 διώρισται]
818 2611 895 2644 C'od.
910 2611 941 2652 8,
954 2618 997 2651 1'1,
1012 2617 1042 2644 12
1061 2610 1072 2653 ΙΙ
1091 2612 1110 2644 3
1126 2605 1363 2653 ἀλλοιοτέρας]

286 2658 400 2699 aliquo
423 2656 521 2689 modo
543 2659 579 2697 (i.
594 2669 620 2689 e.
643 2652 913 2699 ἀλλοιοτέρωςῗ)
937 2667 957 2691 ς
981 2655 994 2698 ΙΙ
1023 2657 1043 2688 6
1067 2651 1154 2688 αὐτὸ
1181 2656 1228 2695 Β]
1253 2652 1364 2688 αὐτὸν

289 2703 381 2739 ΜΕς
399 2701 446 2746 {17
466 2699 758 2743 καταστήσαιμεν
771 2701 807 2733 Β
822 2700 834 2744 ΙΙ
854 2702 874 2735 8
896 2696 1050 2733 Κάκεῖνό
1072 2712 1112 2745 γε
1132 2719 1171 2724 -·
1191 2702 1231 2734 10
1244 2700 1362 2742 ἐποίη-

288 2759 351 2780 σεν
370 2759 428 2780 om.
440 2746 509 2780 LB
524 2745 537 2790 ΙΙ
559 2748 599 2780 10
623 2744 703 2791 γὰρ]
727 2747 852 2787 μέντοι
865 2746 934 2779 LB
950 2745 963 2790 ΙΙ
981 2746 1047 2779 έπο
1077 2743 1164 2778 είλοι
1184 2746 1235 2781 Le
1253 2749 1266 2788 ΙΙ
1284 2747 1322 2779 11
1340 2742 1363 2787 ἢ

289 2788 380 2835 αὐτὴ
401 2789 512 2834 τυχὸν
542 2791 597 2832 BV,
629 2804 687 2824 om.
710 2791 758 2823 B‘
775 2791 892 2824 Proch.
913 2791 1022 2834 Epan.
1057 2792 1062 2834 Ι
1093 2790 1222 2832 ταύτης
1246 2791 1361 2823 Procli.

289 2839 399 2881 Epan.
415 2838 428 2880 Ι]
448 2838 490 2871 12
503 2831 627 2879 αὐτὴν]
647 2835 734 2869 illud
751 2849 770 2873 ς
785 2835 797 2880 ΙΙ
816 2830 927 2876 ὅστις]
948 2832 971 2877 ἢ
986 2831 1087 2868 ὅστις
1101 2836 1216 2869 Proch.
1229 2836 1337 2879 Epan.
1352 2834 1363 2878 ΙΙ

289 2881 337 2916 ἄν
359 2893 449 2916 ποτε
476 2881 525 2915 B!
549 2882 561 2923 ΙΙ
591 2878 614 2922 ἢ
635 2881 712 2914 τῶν
743 2878 899 2927 ἐγγύθεν
922 2899 965 2905 -—
991 2882 1033 2914 14
1057 2879 1198 2925 ῥήματα
1230 2892 1288 2915 om.
1317 2881 1363 2913 B⁸

290 2929 419 2968 Procli„
443 2922 539 2960 ὥστε
562 2923 585 2968 ἢ
609 2945 650 2950 ——
676 2924 818 2970 ῥήματα
843 2939 899 2959 om.
914 2926 1023 2970 Epan·
1041 2928 1053 2968 ΙΙ
1081 2926 1120 2959 13
1145 2923 1168 2968 ἢ
1190 2926 1363 2967 praefecti-

289 2974 364 3006 eian
387 2969 409 3015 ἣ
432 2970 644 3005 aduentician
660 2971 703 3004 M
714 2973 769 3015 (cf.
783 2972 826 3013 ς),
850 2967 874 3013 ἢ
892 2969 991 3015 παρὰ
1013 2969 1151 3015 πατρὸς
1174 2967 1364 3014 διδομένην

290 3016 313 3061 ἢ
329 3016 428 3062 παρὰ
445 3015 616 3057 ἐξωτικοῦ
634 3012 826 3060 διδομένην
840 3016 871 3048 L
895 3013 917 3057 ἢ
937 3015 1036 3059 παρὰ
1056 3017 1120 3048 τοῦ
1137 3016 1279 3057 ἔχοντος
1298 3014 1365 3057 τὴν

290 3061 332 3096 κό
379 3075 401 3095 ν
424 3057 641 3101 ὑπεξουσίαν
672 3058 694 3102 ἢ
725 3060 824 3106 παρὰ
857 3059 1028 3100 έξωτικοῦ
1060 3057 1255 3104 δεδομένην
1278 3059 1330 3094 B(
1354 3065 1366 3104 ΙΙ

294 3111 334 3142 15
353 3110 385 3150 η]
409 3109 469 3140 καὶ
486 3106 537 3140 B!
551 3106 564 3150 Ι]
581 3105 700 3151 πατὴρ
716 3103 739 3149 ἢ
758 3102 777 3139 ὁ
799 3103 949 3139 πάππος
971 3105 1081 3147 τυχὸν
1110 3106 1155 3139 Β·
1178 3107 1191 3150 1]
1219 3107 1259 3140 16
1280 3101 1365 3139 ταύ-

291 3155 370 3196 την]
406 3148 523 3194 αὐτὴν
553 3152 681 3195 Εραη.,
713 3164 771 3185 om.
798 3151 914 3184 Procli.
943 3152 956 3194 Ι]
986 3149 1151 3198 βουληθῇ
1176 3150 1228 3185 B!
1248 3151 1365 3185 Proch.

293 3199 402 3241 Epan.
417 3209 436 3234 ς
465 3201 479 3241 u
506 3194 770 3242 ἑκμαρτύρηται
794 3197 902 3239 Εραη.
917 3198 962 3236 (5)
986 3196 999 3240 ΙΙ
1025 3198 1063 3250 17
1084 3199 1187 3240 με’ρος
1209 3209 1267 3230 om.
1281 3195 1334 3230 B!
1354 3194 1367 3238 ΙΙ

293 3244 362 3285 ἔχει
371 3242 459 3276 MB¹
475 3241 591 3275 Proeh.
605 3242 729 3285 Epam]
750 3241 824 3283 ἔχοι
837 3241 959 3277 LB⁸re
973 3240 985 3284 ΙΙ
998 3240 1111 3284 αυτὴν
1123 3243 1234 3285 Εραη.
1250 3241 1313 3274 hoc
1325 3253 1344 3278 ς
1355 3239 1367 3284 11

292 3284 534 3356 καταὶβάλλειν
547 3286 664 3342 ΡζοσΙι.
678 3299 710 3320 υ.
723 3288 743 3320 l.
759 3288 771 3329 Ι]
792 3287 833 3321 18
846 3285 1002 3353 πράξειε]
1021 3296 1177 3341 peragere
1193 3288 1227 3329 (i.
1237 3299 1267 3359 ei
1278 3284 1365 3331 πρά-

294 3332 601 3424 Ξῧέάζιῶλςῗῖἔα
624 3332 876 3420 ῗιῗῖΐὰζῗέϊ
892 3331 1034 3410 „Banoffn‘f
1046 3331 1368 3419 ἷὶᾟηῖὅνῆῗαιιῖῗ

297 3423 411 3455 Proch.
423 3422 544 3466 Epora-1
560 3418 582 3463 ἢ
596 3422 655 3458 Mc
670 3423 682 3463 Ι]
701 3422 739 3455 21
760 3418 952 3464 εἰσβάλλον
964 3422 1020 3462 Μ]
1037 3419 1238 3465 εἰσβάλλων
1250 3421 1366 3455 Procli.

296 3464 474 3508 εἰσβαλὼν
485 3466 584 3500 B‘L‘²
607 3464 776 3509 εἰσβαλὸν
787 3465 884 3532 L⁶Ba¹
892 3467 1001 3533 E'pan.
1014 3466 1026 3510 ΙΙ
1039 3467 1082 3500 22
1095 3462 1266 3500 δικαστοῦ
1279 3464 1367 3521 Δῌ)

298 3508 818 3601 f;;2¹51252r242„-‘3„‘32⁰s⁷.‘5,5
832 3511 1055 3602 'esraa-,2
1069 3511 1369 3603 astet-m

298 3595 553 3643 (παρήγγειλαν
567 3601 682 3634 Procli.
692 3613 723 3633 υ.
735 3602 769 3643 Ι.)
789 3601 857 3634 LB
869 3601 982 3634 Procli.
993 3602 1102 3644 Epan.
1119 3600 1131 3645 ΙΙ
1148 3603 1189 3635 23
1203 3601 1368 3647 ἐπιμείνῃ

301 3642 361 3682 ΒΙ]
378 3644 554 3685 ἐπιμείνοι
569 3645 639 3678 ML
654 3646 697 3678 B·
708 3645 823 3679 Procli.
834 3645 943 3688 Epan.
965 3646 1124 3689 ἐπιμένει
1138 3646 1189 3679 B!
1207 3647 1368 3689 ἐπιμένοι

300 3698 367 3721 cum
380 3687 561 3732 Scrimyero
575 3690 658 3733 vulq.
675 3690 689 3733 ΙΙ
707 3690 750 3723 24
767 3686 1065 3734 ἀναβαλλόμενον
1082 3691 1128 3725 Μ
1131 3690 1260 3732 Procli-l
1280 3686 1367 3724 ἀνα-

1430 2608 1649 2653 βαλλόμενος
1663 2610 1711 2642 13⁸
1720 2610 1829 2652 Epan.
1838 2610 1883 2650 (ς)
1902 2604 2171 2651 ἀναβαλόμενος
2183 2610 2214 2642 L
2234 2605 2502 2654 ἀμφιβαλλόμε·

1430 2665 1490 2688 νος
1504 2655 1568 2688 ΒΗ
1584 2656 1597 2698 ΙΙ
1614 2651 1654 2688 οὗ
1668 2651 1822 2687 δύναται
1830 2654 1939 2696 Epan.
1955 2654 1968 2697 fl
1988 2655 2027 2687 25
2041 2654 2101 2695 τῆς
2114 2658 2353 2699 προγαμιαίας
2367 2651 2503 2700 δωρεᾶς

1430 2700 1499 2742 τὴν
1522 2700 1659 2734 ἔκτισιν
1673 2701 1781 2743 Epan.
1800 2699 1812 2743 ΙΙ
1830 2695 1947 2741 δῆθεν
1960 2699 2010 2732 B⁸
2022 2712 2050 2731 v.
2066 2700 2087 2731 l.
2106 2699 2118 2742 ΙΙ
2135 2701 2175 2732 27
2192 2700 2232 2732 έν
2252 2690 2285 2741 ᾧ
2298 2718 2338 2723 —
2351 2695 2501 2743 ἠξιωμέ-

1430 2748 1500 2786 νος]
1532 2742 1601 2778 κᾶν
1624 2741 1643 2778 ὁ
1669 2743 1795 2787 λαβεῖν
1818 2740 2021 2787 ἀξιούμενος
2043 2744 2153 2787 Epan.
2180 2743 2193 2787 Ι]
2225 2745 2267 2778 28
2291 2744 2380 2785 ἐστι]
2410 2744 2500 2788 μετὰ

1431 2790 1507 2823 ἐστὶ
1520 2791 1569 2823 La
1593 2791 1694 2824 ἔσται
1718 2798 1746 2823 et
1768 2790 1862 2822 ἔστω
1878 2789 1994 2822 Procli.
2010 2802 2038 2822 v.
2054 2791 2072 2822 l.
2097 2788 2109 2831 ΙΙ
2136 2789 2176 2823 31
2195 2785 2330 2833 δωρεᾶς
2346 2802 2404 2822 om.
2419 2790 2467 2823 B·
2489 2790 2500 2833 ΙΙ

1431 2831 1657 2881 ἐπηγάγομεν
1675 2831 1863 2880 (ἠγάγομεν
1876 2834 1951 2876 B⁸)]
1976 2846 2045 2867 nov.
2059 2834 2102 2867 II
2116 2847 2142 2867 c.
2157 2836 2176 2868 5
2192 2834 2205 2877 Ι]
2222 2834 2254 2866 εἰ
2278 2846 2335 2867 om.
2350 2833 2401 2867 B!

1477 2971 1497 3003 2
1519 2969 1575 3003 sed
1599 2970 1767 3012 quoniam]
1792 2969 1949 3011 quoniam
1971 2968 2020 3000 set
2040 2966 2101 3008 V!
2125 2967 2145 3000 3
2171 2967 2231 3009 leq.
2255 2966 2322 2999 alio
2345 2967 2468 3000 modo?
2491 2968 2502 3011 ΙΙ

1433 3017 1453 3049 4
1477 3017 1586 3056 causa]
1611 3025 1674 3057 que
1698 3025 1796 3048 causa
1822 3015 1875 3048 Τί*
1901 3015 1914 3056 ΙΙ
1936 3015 1969 3047 et
1992 3025 2050 3045 om.
2072 3011 2136 3054 Vu
2158 3011 2211 3052 sd]
2235 3021 2255 3044 a
2276 3012 2323 3045 V·
2348 3011 2362 3055 Ι
2391 3014 2410 3046 5
2434 3022 2502 3045 non

1433 3062 1471 3092 ut
1491 3061 1536 3101 V]
1562 3062 1600 3092 ut
1618 3070 1685 3093 non
1707 3060 1868 3104 RTvulq.
1887 3059 1899 3103 Ι]
1916 3060 1937 3092 6
1958 3056 2157 3091 sanciremus
2179 3057 2266 3101 vulq.
2283 3056 2295 3100 [Ι
2322 3058 2441 3091 Srubr.
2466 3057 2502 3090 Si

1433 3116 1491 3148 per
1512 3105 1670 3138 maritum
1693 3105 1737 3137 sit
1759 3104 1814 3137 uel
1838 3105 1902 3137 erit
1917 3105 2012 3145 (corr.
2025 3102 2165 3142 steterit)
2189 3102 2366 3143 quominus
2389 3102 2420 3134 ei
2443 3102 2502 3135 dos

1434 3151 1594 3193 promissa
1614 3152 1799 3193 praestetur
1825 3149 1858 3183 T
1869 3150 1902 3183 in
1916 3161 2016 3192 mar-9.
2031 3148 2083 3188 (ex
2096 3147 2172 3187 Iul.)
2194 3146 2207 3190 ΙΙ
2236 3149 2276 3181 10
2301 3146 2416 3180 feeerit
2434 3146 2468 3180 R

1434 3196 1526 3229 illam
1547 3195 1629 3229 VT²
1684 3197 1721 3229 11
1748 3195 1851 3237 ipsam
1876 3194 1925 3228 Β*
1956 3193 2027 3237 ipso
2045 3192 2100 3234 ΤΙΙ
2119 3191 2239 3224 soi-sam
2262 3191 2324 3234 R2,
2346 3190 2468 3243 onus-2¹

1438 3243 1477 3275 12
1500 3240 1598 3282 illud]
1621 3240 1646 3273 il
1662 3250 1714 3273 am
1737 3241 1823 3283 vulq.
1847 3240 1860 3282 Ι]
1890 3240 1930 3273 13
1951 3240 1991 3271 ιιι
2014 3238 2091 3271 add.
2106 3237 2200 3270 Beck
2224 3236 2237 3279 ΙΙ
2258 3237 2445 3270 aduentum
2468 3235 2502 3267 R

1435 3286 1629 3319 adiuuentia
1645 3286 1677 3319 T
1685 3286 1696 3306 ¹
1722 3284 1734 3329 Ι]
1759 3287 1801 3319 14·
1818 3285 1881 3326 vir]
1902 3283 1962 3316 ubi
1980 3282 2031 3317 V*
2061 3295 2078 3312 α
2105 3281 2180 3325 R¹fl
2205 3284 2264 3314 aut
2285 3281 2367 3321 eius]
2390 3282 2499 3312 sutem

1435 3332 1505 3364 eius
1527 3333 1600 3374 (aut
1624 3331 1700 3364 add.
1724 3330 1787 3372 ΙΝ)
1816 3330 1853 3371 V,
1889 3331 1948 3362 aut
1971 3340 2030 3362 om.
2051 3326 2100 3360 1³¹
2127 3326 2140 3370 Ι]
2172 3328 2211 3360 15
2236 3325 2326 3359 nolet
2347 3324 2381 3357 R
2413 3323 2500 3356 nolit

1435 3377 1548 3419 vulqffl
1576 3376 1617 3410 16
1637 3376 1711 3416 hoo]
1736 3377 1769 3407 et
1789 3375 1852 3407 hoo
1871 3373 1928 3417 Vss
1955 3375 1994 3407 17
2041 3374 2154 3414 erugat
2172 3371 2266 3405 Beck
2320 3369 2360 3402 19
2383 3378 2499 3401 secun-

1435 3421 1507 3454 dam
1521 3420 1581 3465 Ru
1600 3421 1643 3454 20
1655 3422 1745 3463 petet
1763 3418 1811 3453 V³
1833 3421 1931 3462 poet-t
1951 3418 1998 3451 V¹
2045 3417 2125 3450 hseo
2149 3427 2207 3449 οηι.
2222 3414 2273 3448 T¹
2317 3413 2356 3447 21
2373 3415 2499 3455 patrem

1415 3466 1497 3508 ‘Vll
1517 3467 1559 3499 22
1582 3468 1629 3508 at]
1652 3466 1702 3498 its
1722 3467 1758 3497 at
1782 3465 1834 3498 Τι
1855 3466 1868 3507 ΙΙ
1893 3473 1959 3496 non
1982 3462 2105 3505 poterit
2127 3471 2185 3493 οιιι.
2202 3457 2249 3492 T·
2268 3455 2282 3501 Ι
2308 3458 2350 3491 25
2373 3462 2501 3491 recuset

1706 3511 1750 3544 26
1767 3512 1800 3543 ει
1815 3519 1890 3542 oum
1905 3509 1968 3541 hoo
1987 3507 2020 3540 T
2037 3507 2100 3539 hoe
2119 3506 2154 3537 et
2169 3512 2242 3536 eum
2266 3501 2312 3534 3²
2328 3502 2341 3546 ΙΙ
2365 3504 2405 3536 27
2420 3504 2498 3544 nisi]

1436 3566 1502 3588 non
1517 3556 1564 3588 R*
1587 3555 1615 3588 si
1631 3565 1699 3588 non
1715 3553 1765 3588 Β*
1780 3554 1794 3598 Ι
1811 3556 1853 3589 28
1874 3552 1982 3586 dotem
1999 3569 2042 3576 -
2058 3551 2135 3600 451,
2147 3555 2163 3581 ’1
2175 3545 2307 3599 tradere
2326 3547 2413 3590 festi!
2436 3561 2499 3582 ser.

1438 3599 1485 3633 R²
1509 3602 1540 3633 in
1563 3613 1628 3634 ras.
1653 3602 1697 3645 4}
1720 3612 1768 3634 vv.
1796 3598 1809 3643 Ι
1837 3596 2057 3640 negationem]
2090 3591 2280 3626 dilationem
2311 3591 2377 3636 Vn
2407 3595 2500 3626 ants-

1435 3644 1595 3687 nuptialis
1608 3645 1706 3688 ναις]
1730 3646 1764 3677 et
1777 3641 1942 3686 nuptialis
1955 3637 2083 3681 RVT}
2099 3637 2142 3671 29
2162 3635 2362 3678 donationis]
2387 3640 2420 3671 et
2443 3638 2500 3672 do·

1435 3690 1582 3724 nationis
1599 3690 1645 3723 T¹
1663 3689 1676 3733 Ι
1694 3688 1757 3730 vel]
1781 3690 1814 3721 et
1836 3685 1911 3729 Μ’)
1925 3685 1939 3730 Ι
1954 3683 2185 3728 percepturum
2207 3680 2257 3715 V·

1444 3511 1491 3544 V*
1510 3511 1522 3553 ιι
1540 3511 1591 3544 his
1604 3510 1682 3553 Rtn
