2580 4022
260 125 338 171 Ed.
354 126 452 170 VIII
481 127 518 168 2.
541 127 565 167 3

1316 117 1402 164 770

2162 135 2223 166 DE
2249 135 2471 169 PONTIGAE

261 235 326 270 τὸν
359 232 605 279 πρωτοτύπως
634 234 702 275 μὲν
733 231 780 266 τὰ
802 233 904 276 μέχρι
926 231 995 265 νῦν
1017 227 1252 282 ἡμαρτημένα
1269 232 1347 264 ταῖς
1394 228 1545 274 quidem,
1577 238 1669 274 quae
1692 229 1865 266 hactenus
1890 231 2020 268 delicta
2044 233 2231 268 commissa
2254 236 2349 278 sunt,
2377 244 2472 270 com-

260 278 514 323 προςηκούσαις
548 276 740 321 μετελθεῖν
775 279 965 323 τιμωρίαις
1001 278 1072 316 (καὶ
1105 287 1174 320 γαρ
1205 273 1249 318 δὴ
1278 278 1339 308 καὶ

261 324 383 367 ξίφους
400 319 500 363 αὐτῷ
519 324 721 365 παρέχομεν
736 318 886 374 ἄδειαν),
909 319 1068 364 μάλιστα
1086 317 1126 353 δὲ
1141 322 1214 353 τοῖς
1231 331 1339 364 στρα-

1395 274 1600 353 Εεῐθηιίὺυε
1624 274 1785 309 emendet
1804 276 1990 320 suppliciis
2013 279 2062 320 (et
2075 277 2183 322 gladii
2198 278 2231 313 ei
2246 278 2472 315 concedimus

1424 318 1606 360 centiam),
1638 319 1832 364 praecipue
1859 320 1990 356 milites
2013 322 2220 366 cohercere3
2253 332 2335 357 nam
2359 323 2389 357 si
2412 324 2474 367 qui

259 365 408 400 τιώταις
428 365 649 408 ἐπεξελθεῖν,
670 365 707 399 εἴ
723 376 816 399 τινες
841 365 961 398 αυτῶν
986 363 1067 398 τοὺς
1089 365 1237 398 οἰκείους
1253 360 1341 398 cino<
1398 363 1640 408 relinquentes
1668 363 1749 399 loca
1771 364 1904 400 talibus
1927 365 1966 400 in
1989 368 2228 403 statuentibus
2252 367 2475 403 tradiderunt

260 409 465 445 λελοιπότες
488 410 619 445 τόπους
641 412 714 444 τοῖς
736 408 912 443 τοιούτοις
927 407 1074 442 ἑαυτοὺς
1093 407 1334 442 ἐκδεδῶκασιν

261 454 504 499 ἆτοπήμασιν.
552 455 588 488 εἴ
609 458 695 489 τινα
721 453 760 488 δὲ
783 451 831 487 ἂν
854 451 1073 499 ἐγκλήμασιν
1096 451 1334 497 ὑποκείμενον

259 497 370 544 εὕροι,
402 501 534 534 τοῦτον
562 498 742 545 γυμνώσει
773 499 837 541 τῆς
868 497 999 540 ζώνης,
1035 496 1170 532 ὁποίαν
1193 511 1260 543 περ
1285 495 1332 531 ἂν

259 548 354 586 ἔχων
383 542 569 590 τυγχάνοι·
607 540 670 577 οὐκ
702 540 896 586 ἀναμένων
918 543 1027 576 τοῦτο
1052 541 1161 585 δῆλον
1184 544 1333 585 ποιῆσαι

259 590 304 634 τῇ
328 590 512 636 ἐφεστώσῃ
536 592 613 623 ταῖς
629 586 813 622 τοιαύταις
828 591 1030 631 στρατείαις
1045 585 1148 634 ἀρχῇ,
1168 586 1217 621 ὥς
1234 585 1334 627 ἅπαξ

387 633 395 644 ἱ

1370 412 1389 443 5
1403 409 1563 450 inlicitis,
1595 408 1625 443 si
1649 419 1752 452 quem
1776 410 1894 444 autem
1918 410 2056 446 crimini
2075 412 2268 447 obnoxium
2290 411 2474 454 invenerit,

1402 453 1498 488 hunc
1522 452 1697 497 exspoliet
1717 454 1869 497 cingulo,
1892 464 1996 499 quem
2019 456 2138 500 habet,
2169 467 2242 492 non
2265 460 2475 501 expectante

1403 507 1483 532 eum
1506 498 1733 533 manifestum
1755 498 1875 533 facere
1897 500 2124 544 praepositae
2146 501 2347 537 huiusmodi
2362 501 2475 544 digni-

1402 542 1470 577 tati
1493 542 1789 587 quemadmodum
1818 544 1927 578 semel
1950 548 1986 579 et
2007 545 2101 580 illius
2125 545 2243 581 locum
2266 546 2417 591 implens
2440 549 2476 580 et

1401 587 1440 622 in
1472 587 1633 622 omnibus
1666 588 1709 623 de
1739 590 1858 623 cetero
1887 588 2069 624 licentiam
2092 589 2237 626 habens.
2284 591 2476 635 Superesse

259 636 320 667 καὶ
356 646 425 667 τον
463 635 597 676 ἐκείνης
631 634 745 668 τόπον
781 631 930 677 πληρῶν
965 635 1025 666 καὶ
1060 631 1152 666 κατὰ
1182 632 1334 666 πάντων
1350 635 1389 667 10
1403 632 1435 667 ei
1459 631 1738 668 concedentibus
1777 632 1940 668 timorem
1979 634 2142 670 omnibus
2179 635 2268 670 locis
2306 639 2342 670 et
2375 635 2475 677 vicis,

260 678 384 732 ἐφεξῆς
407 676 533 713 ἄδειαν
558 680 661 720 ἔχων.
700 678 928 723 ἐφίστασθαί
949 690 989 711 τε
1013 673 1111 719 αύτῷ
1136 679 1336 721 παρέχομεν

261 721 390 756 ἁδειαν
419 724 511 758 πᾶσι
543 725 668 757 τόποις
696 735 736 756 τε
758 725 818 755 καὶ
839 724 991 766 χωρίοις,
1024 721 1095 755 εἴτε
1116 719 1336 767 ἁγιωτάτων

260 766 459 810 ἐκκλησιῶν
489 765 512 810 ἢ
547 770 607 801 καὶ
639 765 781 814 εὗαγῶν
817 767 887 800 εἷεν
918 770 1173 810 μοναστηρίων
1205 764 1228 809 ἢ
1258 767 1336 800 τῶν

259 813 380 866 ἑλείων
403 809 508 866 ἡμῶν
532 811 726 857 πριβάτων
750 808 772 854 ἢ
797 815 857 845 καὶ
881 812 945 845 τοῦ
969 811 1076 844 θἐιόυ
1098 815 1337 856 πατριμονιόυ

1405 677 1479 712 sive
1501 677 1823 712 sacratissimarum
1839 678 2069 713 ecclesiarum
2084 679 2156 714 sive
2172 680 2476 716 sanctissimorum

1404 721 1476 757 sint
1507 722 1803 757 monasteriorum
1833 722 1889 757 vel
1919 732 2103 758 sacrorum
2132 728 2336 760 nostrorum
2359 725 2475 769 priva-

1404 768 1541 809 torum,
1573 769 1637 802 aut
1667 766 1762 802 sacri
1784 766 1988 811 patrimonii
2012 772 2076 803 aut
2097 771 2242 804 nostrae
2265 769 2410 812 domus,
2442 772 2478 803 et

1405 810 1614 855 simpliciter
1649 811 1784 851 dicere,
1820 812 1956 847 nullum
1988 812 2108 849 locum
2137 813 2235 849 foras
2264 813 2341 850 eius
2372 813 2476 849 iuris-

259 870 282 899 η
309 860 370 890 καὶ
400 859 462 900 τῆς
486 861 655 902 ημετέρας
678 857 807 890 otniae·
838 859 897 890 καὶ
921 853 1045 890 ἁπλῶς
1069 856 1183 891 εἰπεῖν
1206 853 1337 890 οὐδένα
1353 858 1392 891 15
1405 855 1563 892 dictione
1585 855 1881 901 relinquentibus.

258 901 377 937 τόπον
393 901 510 947 (ἔξω)
525 903 588 945 τῆς
603 899 716 936 αὐτοῦ
740 899 981 936 δικαιοδοσίας
1005 900 1336 946 καταλιμπάνομεν.

1242 989 1399 1027 CAPUT
1421 990 1486 1027 ΙΙΙ.

324 1054 560 1093 Ἐποπτεύσει
581 1055 620 1091 δὲ
639 1059 698 1090 καὶ
720 1055 783 1091 τὰς
806 1054 1067 1101 στρατιωτικὰς
1089 1053 1281 1102 παρόδους,
1305 1057 1337 1091 εἰ

259 1101 351 1147 μετὰ
383 1103 446 1158 τ’ἧς
472 1099 717 1157 ,προςηζεούσης
746 1098 910 1157 εὐταξίας
930 1104 1186 1155 Ξτροέρχονται·
1222 1105 1281 1135 καὶ
1305 1102 1341 1135 εἴ

259 1161 297 1181 τι
330 1160 398 1181 κατ
441 1147 548 1181 αυτάς
578 1159 876 1200 αμαρτανομενον
906 1159 1015 1192 ευροι,
1046 1147 1153 1180 τοῦτο
1183 1147 1336 1191 ἐπανορ-

1471 1056 1709 1102 Peraequabit
1731 1067 1814 1093 vero
1839 1061 1876 1093 et
1899 1058 2140 1103 expeditiones
2162 1059 2321 1103 viaticae,
2345 1059 2377 1095 si
2397 1069 2478 1096 cum

1405 1102 1622 1147 competenti
1644 1102 1831 1147 disciplina
1854 1104 2062 1148 procedunt,
2087 1108 2124 1140 et
2146 1104 2177 1140 si
2199 1104 2334 1149 aliquid
2356 1106 2402 1140 ab
2426 1105 2478 1140 eis

1405 1147 1582 1192 culpabile
1604 1147 1787 1191 invenerit,
1810 1148 1879 1184 hoc
1902 1149 2102 1192 emendare,
2124 1151 2198 1184 tam
2214 1150 2344 1185 milites
2360 1159 2477 1184 emen-

259 1189 391 1235 θώσιι,
423 1190 506 1226 τούς
535 1205 575 1226 τε
599 1203 825 1235 στρατιωτας
848 1192 1088 1245 σωφρονίζων
1112 1187 1241 1225 αὐτοὺς
1264 1194 1337 1225 τοῖς
1349 1194 1391 1227 20
1405 1191 1493 1227 dans
1512 1192 1621 1237 ipsos,
1646 1202 1752 1236 quam
1777 1193 1908 1228 nostris
1933 1194 2100 1229 subiectis
2123 1194 2161 1229 in
2176 1194 2232 1229 his
2247 1194 2375 1239 quibus
2391 1194 2479 1230 laesi

259 1250 300 1271 τε
334 1234 517 1283 ἡμετέροις
546 1234 736 1271 ὑποτελέσι
767 1236 810 1270 τὸ
842 1235 970 1270 ἵκανον
994 1232 1048 1281 ἐφ’
1074 1235 1124 1270 οἷς
1147 1234 1192 1270 ἂν
1216 1234 1335 1279 ἠδικη-

259 1284 361 1325 μένοι
396 1281 539 1324 τύχοιεν
575 1280 861 1334 παρασκευάζων
889 1281 1074 1327 γενέσθαι.
1130 1285 1336 1327 παρρησίαν

260 1339 301 1360 τε
328 1323 430 1369 αύτῷ
449 1328 662 1371 παρέχομεν,
686 1329 745 1359 καὶ
768 1323 898 1360 ὃπλων
920 1326 1082 1372 γυμνοῦν
1101 1324 1183 1360 τους
1205 1325 1254 1370 μὴ
1276 1324 1333 1360 διά

259 1384 345 1405 τινα
374 1375 562 1416 στρατείας
585 1367 745 1417 ἀνάγκην
767 1371 885 1405 ταὶτα
909 1373 1109 1414 κτωμένους
1132 1373 1192 1404 καὶ
1212 1370 1336 1406 πάντα

258 1414 409 1462 εἰςάγειν
438 1419 515 1450 ταῖς
550 1414 737 1471 δημοσίαις
766 1417 827 1459 τῆς
854 1415 1007 1459 μεγάλης
1036 1414 1168 1458 ταύτης
1199 1415 1336 1451 πόλεως
1349 1417 1390 1450 25

259 1463 282 1496 1
328 1457 562 1502 ὁπλοθήκαις.
611 1459 798 1505 Ανακόψει
829 1473 868 1494 τε
898 1464 1056 1504 μοιχείας
1078 1464 1136 1493 καὶ
1161 1457 1335 1506 ἀνδροφο-

259 1509 339 1540 νίας
372 1509 432 1539 nai
465 1505 627 1552 λῃστείας
657 1505 751 1550 (nai)
780 1501 938 1549 μάλιστα
968 1503 1123 1539 πάντων
1153 1507 1335 1552 γυναικῶν

261 1549 427 1597 ἁρπαγὰς
454 1554 514 1584 καὶ
543 1548 769 1596 πραγμάτων
800 1547 1013 1595 ἀφαιρέσεις,
1045 1548 1195 1595 ἐφόδους
1217 1564 1257 1584 τε
1277 1553 1335 1584 καὶ

260 1599 352 1639 βίας,
382 1598 443 1629 καὶ
474 1594 598 1630 πάντα
626 1595 703 1629 τῶν
727 1594 906 1629 τοιούτων
930 1592 952 1627 ἁ
983 1595 1203 1639 αρτημάτων
1226 1593 1334 1629 κατά-

1404 1236 1589 1272 constituti
1607 1241 1690 1272 sunt
1707 1247 1927 1282 praeparans
1943 1238 2119 1274 satisfieri.
2154 1238 2342 1274 Fiduciam
2358 1241 2479 1274 autem

1404 1281 1436 1317 ei
1457 1281 1685 1317 concedimus
1708 1284 1745 1317 et
1767 1282 1875 1318 armis
1899 1283 2034 1318 nudare
2057 1293 2128 1325 eos,
2153 1283 2215 1328 qui
2237 1294 2309 1320 non
2332 1288 2479 1328 propter

1404 1326 1559 1371 aliquam
1583 1326 1728 1362 militiae
1751 1327 2001 1363 necessitatem
2024 1328 2210 1373 possident
2232 1337 2286 1371 ea,
2311 1331 2348 1364 et
2362 1329 2479 1364 omnia

1402 1371 1532 1406 inferre
1562 1371 1715 1416 publicis
1745 1372 1852 1408 huius
1883 1382 2033 1417 magnae
2064 1373 2218 1409 civitatis
2237 1374 2477 1410 armamentis.

1403 1463 1425 1498 1
1471 1460 1663 1497 Resecabit
1698 1462 1817 1496 autem
1840 1460 2015 1497 adulteria
2038 1463 2074 1496 et
2097 1461 2287 1498 homicidia
2309 1465 2346 1498 et
2367 1463 2477 1499 latro-

1404 1506 1498 1541 cinia
1522 1509 1558 1541 et
1581 1505 1774 1550 praecipue
1790 1506 1946 1541 omnium
1962 1507 2147 1542 mulierum
2163 1510 2288 1552 raptus
2310 1511 2346 1543 et
2360 1518 2479 1543 rerum

1403 1551 1614 1592 ablationes,
1647 1551 1847 1586 invasiones
1871 1555 1990 1586 autem
2013 1555 2049 1586 et
2072 1552 2256 1588 violentias
2281 1555 2317 1587 et
2339 1562 2478 1588 omnem

1404 1596 1528 1631 talium
1553 1596 1763 1631 delictorum
1785 1596 2098 1639 enumerationem,
2130 1600 2255 1641 utpote
2281 1597 2349 1633 hoc
2374 1607 2479 1642 quam

261 1639 378 1695 {oyem
411 1637 458 1673 ὥς
489 1641 596 1674 τοῦτο
625 1638 782 1683 μάλιστα
813 1640 875 1682 τῆς
905 1637 944 1674 δε
962 1642 1095 1694 7ομένης
1126 1636 1225 1684 αὐτῷ
1250 1637 1333 1685 παρ’
1349 1642 1392 1675 30
1406 1640 1555 1676 maxime
1577 1641 1682 1676 datae
1706 1641 1739 1675 ei
1762 1650 1784 1675 a
1811 1640 1917 1677 nobis
1940 1641 2257 1677 administrationis
2282 1641 2480 1688 capitulare

261 1698 366 1738 ημων
396 1682 505 1729 ἀρχῆς
534 1683 729 1729 κεφάλαιον
754 1684 906 1729 (ἔχων).
953 1683 1142 1718 amonzei
1171 1687 1230 1719 καὶ
1253 1684 1337 1719 τοὺς

262 1727 492 1771 αδικοῦντας,
529 1730 600 1761 εἴτε
635 1728 735 1773 ἱερεῖς
769 1730 840 1762 εἴτε
871 1728 1040 1773 ἄρχοντες
1071 1729 1143 1763 εἶεν
1173 1730 1243 1763 εἴτε
1277 1733 1337 1763 καὶ

262 1773 429 1818 κτήτορες
452 1770 474 1816 ἢ
493 1776 552 1806 καὶ
573 1771 717 1806 ἰδιῶται
740 1774 870 1815 τυχόν·
894 1777 954 1806 καὶ
977 1769 1098 1807 ου’δενὶ
1118 1771 1337 1819 συγχωρήσει

262 1818 402 1863 πρᾶξαί
434 1830 471 1851 τι
507 1820 577 1851 τοῖς
613 1815 810 1870 ἡμετέροις·
823 1817 871 1860 μὴ
906 1817 1174 1871 γνωριζόμενον
1204 1818 1335 1862 νόμοις.

1404 1685 1552 1721 habens.
1600 1685 1812 1737 Compescet
1834 1688 1953 1721 autem
1975 1686 2106 1722 iniuste
2129 1689 2292 1731 agentes,
2324 1687 2399 1723 sive
2421 1697 2478 1723 sa-

1406 1730 1566 1766 cerdotes
1587 1730 1659 1765 sive
1681 1730 1816 1766 iudices
1837 1730 1920 1771 sint,
1944 1731 2021 1766 sive
2040 1731 2147 1766 etiam
2167 1741 2393 1777 possessores
2416 1735 2481 1768 aut

1404 1775 1534 1820 privati
1555 1774 1659 1817 forte,
1687 1778 1723 1810 et
1745 1774 1833 1811 nulli
1860 1776 2018 1820 quiescet
2040 1785 2143 1820 agere
2166 1777 2298 1812 nostris
2320 1786 2394 1813 non
2417 1787 2478 1813 co-

1403 1819 1539 1862 gnitum
1562 1819 1708 1863 legibus.

262 1863 287 1899 2
331 1860 477 1902 Ἐπάξει
510 1859 549 1895 δὲ
577 1865 636 1895 καὶ
666 1873 728 1895 τας
758 1875 836 1896 των
865 1860 977 1895 δικων
1008 1862 1183 1902 ἐξετάσεις
1213 1876 1254 1897 τε
1277 1866 1337 1896 καὶ
1351 1864 1431 1899 352
1476 1863 1633 1898 Habebit
1665 1873 1747 1898 vero
1783 1865 1819 1898 et
1852 1863 1966 1898 litium
1993 1864 2272 1901 examinationes
2304 1868 2340 1901 et
2370 1875 2479 1910 quae-

262 1910 402 1951 κρίσεις.
450 1907 520 1946 ἕξει
545 1904 583 1940 δὲ
607 1904 703 1940 ἰδίαν
726 1908 793 1950 μὲν
815 1905 932 1949 τάξιν,
956 1904 1102 1985 ἀνδρῶν
1122 1908 1211 1951 [μὲν]
1235 1911 1338 1951 βικα-

263 1952 402 1996 ριανῶν
425 1951 663 1995 Septuaginta,
684 1954 1008 1995 στρατευσαμένων
1046 1951 1085 1985 ιὰ
1101 1951 1219 1985 θείων
1233 1949 1339 1996 ἡμῶν

263 1999 519 2040 προβατορίων
553 1995 592 2035 ἐξ
622 1997 757 2029 ἐκείνου
786 1997 852 2030 ’τοῦ
884 1998 1045 2040 σκρινίου
1070 1999 1338 2039 παρεχομένων,

264 2041 301 2080 ἐξ
324 2033 366 2074 οὗ
388 2038 651 2093 ναὶ(πρ’ότερον
666 2036 743 2092 υὸτε
765 2038 927 2093 βικάριος
950 2034 1006 2082 ἦν.
1055 2036 1277 2084 ἀποδίδομεν
1301 2039 1340 2074 δὲ

1407 1907 1551 1944 stiones.
1589 1907 1747 1943 Habebit
1770 1910 1806 1943 et
1829 1909 2012 1952 proprium
2036 1909 2177 1953 quidem
2193 1909 2349 1945 officium
2365 1911 2478 1946 homi-

1406 1962 1492 1988 num
1511 1952 1771 1988 vicarianorum
1794 1962 1833 1987 se
1859 1953 2029 1997 tuaginta,
2053 1954 2245 1990 militantes
2261 1965 2325 1999 per
2341 1955 2479 1991 divinas

1407 2000 1550 2032 nostras
1572 1997 1797 2042 probatorias
1845 2006 1864 2031 e
1887 1997 1947 2032 illo
1973 1998 2104 2033 scrinio
2126 2000 2326 2043 praestitas,
2351 2000 2394 2036 de
2409 2011 2479 2046 quo

1408 2043 1446 2076 et
1468 2041 1579 2086 prius,
1612 2041 1754 2086 quando
1777 2041 1929 2077 vicarius
1954 2045 2041 2077 erat.
2089 2042 2282 2079 Reddimus
2305 2047 2424 2080 autem
2447 2046 2480 2081 ei

263 2088 323 2119 καὶ
353 2096 418 2119 τας
447 2096 629 2128 ημιονουε,
664 2095 750 2119 oeae
779 2096 960 2130 προτερον
989 2085 1043 2127 τῷ
1065 2088 1218 2130 βικαρίῳ
1241 2083 1336 2119 ‹3330-
1351 2088 1394 2121 40
1408 2089 1445 2121 et
1474 2086 1608 2128 mulos,
1636 2088 1788 2130 quantos
1819 2086 1950 2122 vicario
1981 2086 2119 2132 pridem
2151 2088 2359 2125 dederamus
2385 2100 2480 2126 nunc

264 2195 530 2239 Persarumque
549 2195 654 2240 fines,
679 2198 720 2229 ut
741 2194 897 2240 primum
922 2193 1064 2239 quidem
1089 2205 1181 2240 quae
1205 2194 1324 2231 adhuc
1347 2195 1535 2230 commissa
1557 2199 1644 2231 sunt
1662 2196 1793 2242 poenis
1816 2197 2098 2242 competentibus
2115 2204 2359 2245 persequatur
2383 2202 2481 2243 (nam

263 2240 370 2275 etiam
400 2239 514 2285 qladii
545 2240 602 2274 ius
633 2240 668 2274 ei
696 2238 949 2282 concedimus),
979 2241 1177 2286 praecipue
1208 2250 1292 2275 vero
1326 2240 1455 2275 milites
1478 2244 1653 2282 coerceat,
1684 2241 1717 2275 si
1740 2240 1807 2286 qui
1826 2252 1948 2277 eorum
1971 2241 2152 2278 derelictis
2171 2244 2388 2280 stationibus
2404 2246 2482 2281 suis

262 2284 437 2320 eiusmodi
465 2283 618 2330 flaqitiis
644 2294 683 2320 se
714 2283 939 2319 dediderunt.
987 2283 1030 2319 Si
1085 2295 1164 2319 uem
1197 2288 1316 2320 autem
1347 2285 1555 2321 criminibus
1587 2285 1782 2321 obnoxium
1806 2285 1994 2328 invenerit,
2026 2289 2120 2322 hunc
2143 2287 2288 2334 cinqulo
2308 2290 2480 2335 privabit,

263 2328 511 2375 qualecunque
542 2328 667 2373 habet,
702 2339 778 2364 non
808 2332 1026 2375 expectans,
1057 2295 1171 2365 donec
1200 2329 1453 2375 maqistratum
1485 2330 1549 2375 qui
1581 2329 1712 2366 talibus
1741 2330 1879 2366 militiis
1904 2336 2054 2377 praeest
2083 2343 2127 2367 ea
2156 2332 2201 2368 de
2230 2344 2272 2368 re
2293 2335 2480 2371 certiorem

260 2374 404 2420 fecerit,
435 2374 522 2420 quip
551 2385 569 2409 e
595 2375 659 2419 qui
681 2374 791 2409 semel
811 2378 848 2409 et
869 2373 967 2409 illius
991 2373 1109 2409 locum
1133 2374 1282 2420 expleat
1304 2379 1340 2409 et
1363 2375 1400 2409 in
1425 2385 1546 2410 omnes
1570 2375 1715 2410 omnino
1736 2379 1950 2420 potestatem
1974 2376 2114 2412 habeat.
2161 2377 2279 2423 Atque
2301 2378 2480 2415 licentiam

263 2419 296 2454 ei
325 2418 454 2453 damus
484 2430 506 2453 a
533 2418 641 2454 eundi
670 2419 791 2454 omnia
815 2418 895 2454 loca
918 2422 953 2454 et
972 2419 1082 2462 vicos,
1099 2419 1172 2454 sive
1194 2419 1501 2455 sanctissimarum
1524 2420 1756 2455 ecclesiarum
1779 2424 1844 2455 aut
1865 2420 2115 2465 reliqiosorum
2138 2427 2223 2457 sunt
2244 2426 2480 2460 monasterio-

262 2474 342 2498 rum
373 2467 437 2498 aut
465 2474 654 2499 sacrorum
685 2467 892 2498 nostrorum
921 2463 1149 2509 privatorum
1180 2468 1245 2499 aut
1274 2464 1381 2499 etiam
1411 2464 1512 2499 sacri
1532 2463 1750 2510 patrimonii
1780 2468 1844 2500 aut
1874 2471 2021 2501 nostrae
2048 2465 2192 2509 domus,
2223 2472 2259 2503 et
2281 2472 2322 2504 ut
2343 2468 2479 2515 simpli-

264 2509 354 2544 citer
375 2507 537 2543 dicamus
559 2508 697 2543 nullum
721 2508 865 2543 omnino
889 2507 1006 2542 locum
1029 2519 1079 2544 ex
1102 2508 1180 2543 eius
1202 2508 1449 2544 iurisdictione
1471 2509 1672 2544 eximimus.

398 2552 464 2588 111.
515 2551 725 2588 Observabit
755 2556 874 2587 autem
903 2553 1010 2588 etiam
1041 2553 1215 2589 militares
1243 2553 1430 2596 transitus,
1460 2564 1545 2588 num
1568 2564 1647 2589 cum
1671 2553 1790 2590 debita
1813 2553 2024 2600 disciplina·
2055 2555 2252 2598 rocedant,·
2281 2560 2317 2592 et
2337 2557 2371 2592 si
2393 2557 2482 2603 quid

263 2598 301 2631 in
332 2598 378 2632 iis
408 2598 632 2632 commissum
655 2597 841 2639 invenerit,
870 2596 939 2632 hoc
961 2598 1120 2643 corriqet
1143 2601 1216 2633 tum
1237 2598 1367 2634 milites
1391 2598 1575 2644 castiqans
1597 2598 1698 2644 ipsos
1722 2603 1795 2634 tum
1818 2599 1926 2635 etiam
1945 2599 2010 2635 sub
2038 2601 2098 2635 itis
2121 2602 2268 2643 nostris,
2292 2602 2421 2648 quibus
2442 2603 2480 2637 in

261 2642 369 2678 rebus
398 2642 535 2677 iniuria
565 2642 691 2687 affecti
717 2642 876 2687 fuerint,
906 2642 1078 2687 satisfieri
1108 2653 1252 2678 curans.
1299 2642 1589 2695 Potestatemque
1619 2643 1653 2678 ei
1683 2643 1926 2687 concedimus,
1955 2649 1996 2680 ut
2024 2645 2135 2680 armis
2150 2645 2290 2691 privet,
2321 2648 2384 2692 qui
2406 2658 2480 2683 non

261 2692 418 2733 propter
439 2687 490 2722 ali
516 2698 599 2722 uam
622 2687 771 2722 militiae
795 2687 1039 2723 necessitatem
1063 2698 1106 2722 ea
1129 2686 1272 2729 liabent,
1300 2688 1492 2733 omniaque
1521 2688 1659 2733 inserat
1679 2687 1835 2734 publicis
1856 2687 1963 2724 leuius
1985 2700 2139 2735 maqnae
2160 2690 2260 2726 urbis
2282 2701 2478 2727 armamen-

263 2734 286 2768 1
333 2731 447 2766 tariis.
491 2698 748 2778 {eprimetque
779 2732 886 2767 etiam
917 2731 1097 2767 adulteria
1120 2737 1156 2767 et
1178 2731 1371 2767 homicidIa
1394 2738 1430 2768 et
1452 2732 1646 2768 latrocinia
1669 2739 1706 2768 et
1727 2733 1885 2769 maxime
1907 2733 2094 2769 mulierum
2117 2738 2259 2786 raptus,
2289 2746 2481 2782 rerumque

264 2777 478 2821 ereptiones,
510 2776 661 2812 insidias
690 2780 726 2812 et
756 2776 837 2818 vim,
870 2776 1073 2812 universam
1104 2776 1258 2822 denique
1288 2777 1412 2812 talium
1436 2777 1647 2813 delictorum
1670 2777 1809 2818 seriem,
1834 2777 1934 2823 quod
1954 2777 2021 2813 hoc
2037 2779 2268 2823 potissimum
2284 2781 2481 2825 potestatis

264 2832 287 2855 a
311 2820 414 2855 nobis
438 2820 471 2856 ei
494 2820 601 2856 datae
622 2825 734 2867 caput
757 2820 872 2856 habet.
919 2820 1207 2866 Refrenabitque
1230 2821 1425 2868 improbos,
1445 2821 1519 2858 sive
1542 2821 1749 2858 sacerdotes
1771 2821 1845 2858 sive
1868 2822 2104 2868 maqistratus
2125 2827 2220 2866 sunt,
2244 2824 2320 2860 sive
2335 2835 2479 2870 posses-

262 2865 287 2900 2
332 2876 434 2901 sores
456 2866 529 2901 sive
547 2866 696 2912 privati,
721 2876 786 2901 nec
808 2865 976 2917 cuiquam
996 2866 1325 2912 permittet-facere
1345 2865 1486 2912 aliquid
1508 2866 1645 2912 leqibus
1667 2867 1803 2902 nostris
1825 2877 1898 2901 non
1921 2867 2122 2913 probatum.
2169 2866 2339 2904 Instituet
2361 2873 2479 2905 autem

264 2910 371 2945 etiam
403 2911 729 2946 controversiarum
760 2910 1048 2946 examinationes
1077 2915 1113 2946 et
1142 2910 1440 2953 diiudIcationes;
1468 2910 1612 2947 habebit
1641 2915 1760 2947 autem
1784 2912 1975 2958 propriam
1997 2911 2179 2947 cohortem
2202 2912 2360 2949 virorum
2384 2914 2478 2950 vica-

262 2955 447 2990 rianorum
473 2955 706 3001 septuaqinta
725 2954 906 3001 stipendia
924 2956 1139 3000 facientium
1160 2966 1230 3001 per
1251 2966 1358 2991 sacra
1381 2960 1508 2991 nostra
1529 2956 1757 3003 probatoria,
1782 2966 1875 3002 quae
1897 2967 1947 2992 ex
1970 2956 2032 2991 illo
2054 2957 2187 2992 scrinio
2196 2958 2478 3004 praebebuntur,

260 3010 312 3035 θα,-
344 3010 416 3045 quo
449 3005 557 3035 antea
588 3010 730 3046 quoque
757 2999 921 3036 solebant
948 2999 1129 3046 praeberi,
1159 3010 1239 3036 eum
1265 3000 1422 3037 vicarius
1441 3005 1532 3037 erat.
1579 3000 1776 3037 Reddimus
1799 3011 1881 3037 vero
1905 3001 2012 3037 etiam
2035 3001 2163 3044 mulas,
2186 3005 2275 3048 quot
2297 3002 2479 3048 quondam

311 3113 331 3144 2
355 3113 414 3144 καὶ
437 3109 505 3157 γὰρ
529 3108 573 3153 δὴ
599 3124 659 3146 om.
684 3122 705 3147 ς
732 3110 744 3152 ΙΙ
775 3113 796 3145 4
814 3121 891 3144 nam
914 3111 943 3143 si
966 3111 1025 3153 qui
1048 3111 1095 3153 ςΙῘ
1114 3108 1240 3145 αὐτῶν
1262 3109 1343 3145 τοὺς

265 3156 410 3189 οἰκείους
421 3169 479 3189 om.
493 3167 512 3191 ς
529 3156 542 3199 ΙΙ
559 3158 578 3190 5
595 3154 753 3196 ἑαυτοὺς]
766 3156 804 3189 in
827 3155 1100 3196 statuentibus(?)
1113 3167 1132 3192 ς
1147 3157 1160 3199 ss
1179 3158 1199 3190 6
1212 3151 1342 3190 ὅντινα

265 3202 452 3234 Zachariae
466 3202 548 3234 male
559 3201 571 3244 ΙΙ
584 3200 717 3233 crimini
730 3212 749 3236 ς
761 3201 804 3245 118
818 3201 947 3242 τοῦτο]
961 3211 1034 3233 eum
1049 3212 1068 3237 ς
1079 3199 1092 3245 ΙΙ
1107 3203 1127 3235 9
1141 3204 1343 3246 στρατείαις

1456 3114 1476 3146 2
1501 3112 1675 3145 emendent
1691 3113 1725 3146 V
1742 3112 1934 3146 emendetur
1958 3113 2040 3147 Pist.
2067 3112 2080 3157 Ι]
2109 3113 2140 3147 ei
2163 3114 2262 3154 Pisa]
2277 3113 2349 3147 eius
2365 3114 2428 3159 Vl}
2457 3116 2477 3149 3

1406 3165 1481 3199 post
1503 3157 1680 3200 praecipue
1697 3159 1809 3190 autem
1832 3159 1911 3191 add.
1934 3157 2025 3191 Beck
2044 3157 2057 3201 ΙΙ
2082 3159 2104 3191 4
2125 3158 2263 3191 relintes
2279 3159 2335 3202 Vll
2351 3158 2387 3191 in
2412 3161 2475 3192 sta-

1409 3204 1540 3235 tuentes
1555 3202 1651 3244 Pisa,
1674 3202 1711 3235 in
1734 3201 1936 3235 stationibus
1958 3213 1992 3235 se
2014 3201 2140 3236 talibus
2159 3204 2252 3236 Beck
2266 3202 2279 3247 ΙΙ
2297 3204 2319 3237 6
2338 3203 2479 3247 expoliis

266 3257 322 3279 om.
341 3256 360 3281 ς
376 3245 388 3288 ΙΙ
409 3247 446 3279 11
470 3247 671 3289 παρέχομεν
694 3243 833 3286 ἄδειαν]
855 3245 1110 3278 concedentibus
1133 3245 1285 3279 timorem
1298 3244 1343 3290 ςΙ

268 3292 309 3325 16
322 3289 392 3329 ἔξω
406 3303 444 3323 ex
457 3301 477 3326 ς·
489 3291 566 3323 add.
577 3291 765 3324 Zachariae
783 3290 795 3332 11
811 3288 1132 3334 καταλιμπάνομεν
1140 3291 1339 3332 Zachariae]

266 3333 554 3377 καταλιμπάνων
579 3335 622 3368 Μ
643 3334 911 3376 relinquentibus
925 3346 944 3371 ς
959 3335 971 3378 ΙΙ
992 3337 1031 3369 17
1056 3335 1298 3377 per-aequabit?
1320 3346 1341 3371 ς,-

265 3377 278 3422 ss
305 3381 344 3413 19
368 3380 539 3412 emendare
563 3391 583 3416 ς
601 3382 613 3423 ΙΙ
630 3381 671 3413 23
695 3382 746 3420 τε]
771 3382 879 3412 autem
905 3391 925 3415 ς
946 3379 959 3423 ΙΙ
979 3381 1021 3413 24
1044 3378 1186 3413 πάντας
1209 3381 1253 3413 Μ
1266 3379 1279 3424 ΙΙ
1297 3381 1337 3414 27

267 3425 326 3456 καὶ
351 3425 468 3457 addidi
490 3437 528 3458 ex
551 3436 570 3460 ς
597 3424 609 3467 ΙΙ
641 3425 684 3459 28
709 3426 761 3464 τε]
785 3427 897 3457 autem
921 3435 941 3460 ς
967 3423 980 3468 ΙΙ
1010 3426 1051 3459 31
1077 3424 1171 3465 ἔχων
1192 3426 1341 3468 supplevi

267 3479 306 3499 ex
329 3479 350 3503 ς
375 3467 388 3510 ΙΙ
417 3470 489 3508 καὶ]
513 3471 623 3501 autem
647 3480 667 3506 ς’
693 3468 699 3512 Ι
737 3469 779 3502 32
810 3471 870 3501 καὶ
895 3482 953 3501 om.
979 3469 1023 3501 M
1026 3473 1054 3510 ⁰,
1078 3482 1181 3512 supra
1203 3482 1234 3502 υ.
1260 3470 1338 3504 add.

268 3511 333 3544 Mb
365 3511 377 3554 ΙΙ
409 3513 453 3545 34
487 3524 524 3545 τι
561 3525 619 3546 om.
650 3525 670 3550 ς
706 3513 712 3553 Ι
745 3514 787 3548 35
820 3511 946 3552 ἐπάξει
977 3514 1094 3554 Kroll]
1137 3513 1255 3553 ἐπέξει
1287 3515 1338 3556 Μ,

269 3554 384 3599 ἐφέξει
408 3569 475 3589 cum
499 3558 682 3600 Scrimqero
705 3559 805 3600 vulq„
836 3558 972 3590 habebit
995 3569 1015 3594 ς
1045 3557 1058 3601 ΙΙ
1088 3559 1131 3591 36
1160 3555 1211 3598 δὲ]
1236 3560 1269 3591 et
1292 3560 1340 3600 ςίΙ

270 3600 573 3686 ἕξ”δὲ]”ἰῖἰῖἒωοΐί
596 3613 617 3682 ἶ
629 3602 644 3691 1¹1¹
661 3602 965 3686 ffflgi‘iiimifsss'
983 3604 1024 3638 3⁷
1044 3602 1245 3647 ⁵⁶Pfi³gi¹²⁶⁸
1269 3602 1340 3648 ΜΗ

1417 3247 1546 3288 VPist„
1565 3259 1647 3280 corr.
1663 3246 1757 3280 Beck
1774 3247 1787 3290 ss
1803 3248 1823 3281 8
1847 3246 1995 3290 impleris
2009 3247 2044 3280 V
2055 3247 2210 3290 impleres
2233 3248 2315 3282 Pist.
2331 3248 2344 3291 ΙΙ
2365 3251 2402 3283 11
2427 3259 2478 3282 ea-

1407 3291 1731 3334 cratissimorumVn
1751 3293 1791 3326 12
1805 3292 2011 3334 privatorum
2027 3291 2133 3333 Beck]
2149 3292 2355 3334 priuatarum
2365 3293 2477 3326 VPist.

1407 3336 1418 3379 ΙΙ
1433 3338 1472 3370 17
1489 3336 1686 3378 perequauit
1703 3337 1826 3377 VPtsae„
1846 3336 2069 3380 perspectabit
2081 3337 2174 3370 Beck
2188 3337 2200 3379 ΙΙ
2222 3338 2262 3371 19
2286 3337 2410 3370 militas
2425 3337 2479 3371 1⁷⁰

1406 3380 1418 3422 ΙΙ
1441 3382 1483 3414 20
1507 3383 1544 3413 in
1567 3380 1688 3422 quibus
1709 3381 1802 3414 Beck
1818 3380 1830 3424 ΙΙ
1856 3382 1899 3414 26
1922 3381 2081 3414 rese-cauit
2101 3381 2136 3415 V
2150 3381 2341 3423 resequauit
2362 3382 2444 3415 Pisi.
2465 3380 2478 3424 ΙΙ

1407 3427 1447 3458 27
1471 3428 1583 3467 raptos
1603 3426 1637 3458 V
1653 3427 1801 3468 raptores
1825 3426 1924 3466 Pisa,
1948 3438 2031 3459 corr.
2055 3425 2150 3459 Beck
2181 3426 2194 3469 11
2227 3427 2268 3460 28
2291 3425 2476 3459 ablationes

1406 3469 1512 3510 Beck]
1537 3469 1781 3503 abalienatione
1800 3470 1834 3503 V
1851 3469 2115 3503 abalienaciones
2139 3470 2222 3504 Pist.
2238 3470 2251 3512 Ι
2267 3471 2311 3504 30
2333 3468 2476 3501 admini-

1405 3514 1561 3547 strationi
1579 3515 1608 3546 V
1626 3514 1816 3548 administri
1837 3515 1918 3548 Pist-
1936 3514 1949 3558 11
1966 3515 2007 3550 31
2033 3514 2208 3557 compescit
2223 3514 2261 3554 V,
2283 3525 2366 3546 corr.
2380 3512 2476 3545 Beck

1405 3559 1416 3602 fl
1440 3559 1483 3592 32
1507 3560 1577 3599 aut]
1600 3559 1670 3592 sint
1690 3560 1743 3593 V¹⁸
1758 3558 1771 3603 ΙΙ
1789 3560 1832 3593 33
1858 3559 2006 3601 quiescet
2021 3559 2139 3600 Krolt]
2162 3557 2222 3600 qui
2243 3557 2349 3590 nescit
2363 3557 2473 3590 VPist.

1405 3604 1417 3644 ΙΙ
1440 3604 1483 3637 35
1514 3606 1547 3636 et
1566 3605 1662 3647 prius
1685 3616 1744 3637 om.
1768 3604 1850 3637 Pisi.
1879 3603 1892 3647 ss
1921 3605 1965 3638 36
1991 3604 2025 3636 et
2048 3615 2108 3637 om.
2131 3602 2213 3636 Piet.
2240 3601 2254 3645 fl
2282 3602 2325 3635 40
2350 3600 2474 3636 multo·

1414 3648 1528 3685 VPist.
1543 3646 1557 3694 u
1575 3647 1778 3684 declaramus
1795 3648 1926 3693 VPise.,
1949 3659 2032 3691 eorr-
2048 3646 2149 3680 Kroll
