2618 4010
153 135 209 166 ΕΤ
238 131 583 166 MANDATORIBUS

152 238 245 269 ιέναι
267 232 499 278 βουλομένους
518 235 596 267 ταῖς
614 229 836 279 ἆγορασίαις’
861 232 1059 273 τηνικαῦτα
1082 231 1142 264 ἐπὶ
1162 231 1232 284 μὲν

151 281 211 323 τῆς
231 276 334 314 εὐδαί
359 290 440 313 ονος
457 275 589 321 ταύτης
609 274 747 313 πόλεως
765 275 801 310 οἱ
822 274 1052 317 ἐνδοξότατοι
1071 276 1132 319 τῆς
1152 288 1231 320 ημε-

149 328 254 373 τέρας
270 293 451 360 πολῗτείας
463 322 631 369 ἄρχοντες
650 320 743 356 κατὰ
763 320 830 364 τὴν
850 319 990 365 ἑκάστῳ
1010 334 1097 356 τετα
1120 325 1234 366 μένην

151 368 250 419 παρὰ
275 382 339 404 του
369 365 482 415 νόμου
511 371 572 402 καὶ
602 365 706 412 ἡμῶν
733 365 992 408 δικαιοδοσίαν,
1023 370 1064 402 ἓν
1119 369 1136 401 ἃ
1157 368 1235 401 ταῖς

150 417 336 463 ἐπαρχίαις
365 413 403 448 οἱ
430 414 509 448 τῶν
533 414 661 447 ἐθνῶν
694 410 882 460 ἡγούμενοι
915 414 1234 459 παρασκευαζέτω-

150 473 231 502 σαν,
259 459 424 507 ἀκριβοῦς
445 456 683 503 διατιμήσεως
702 461 889 505 γινομένης
910 458 988 493 τῶν
1008 457 1236 512 πραγμάτων

150 507 213 540 τοῦ
224 501 528 553 χρεωστήσαντος,
542 502 717 538 δίδοσθαι
730 503 819 548 πρὸς
831 501 1030 550 ἀναλογίαν
1040 516 1104 538 του
1115 506 1236 549 χρέους

150 552 278 593 κτῆσιν
300 547 471 592 ἀκίνητον
493 551 566 583 τοῖς
589 547 794 583 δανεισταῖς
814 547 906 593 μετὰ
930 546 1097 592 τοιαύτης
1120 547 1233 594 ἀσφα-

151 595 262 636 λείας,
293 592 386 648 μεθ’
413 585 451 637 ἧς
472 591 518 628 ἂν
535 591 563 649 ,ὁ
589 592 770 641 χρεώστης
794 592 921 648 δὀῦναι
945 591 1132 638 δυνηθείη.
1185 592 1235 627 Τὰ

419 689 426 699 r

148 700 193 720 τα
221 699 289 730 μεν
321 683 422 719 καλλι

150 729 248 777 παρὰ
271 731 325 774 τῷ
354 729 518 778 χρεώστῃ
547 730 638 779 μετὰ
662 729 730 773 τὴν
753 731 817 764 τοῦ
840 733 959 774 χρέους
983 725 1086 762 λύσιν
1109 732 1233 773 μένειν

131 778 200 819 -ἐᾷ,
249 778 322 809 Καὶ
343 774 410 822 γὰρ
434 774 498 810 οὐκ
522 772 567 810 ἂν
587 776 640 818 εἴη
665 774 816 815 δίκαιον,
839 775 906 809 τὸν
928 770 1041 807 δόντα
1063 775 1131 818 μὲν
1154 787 1234 820 χρυ-

152 825 242 863 σίον,
267 819 393 865 λαβεῖν
417 819 457 855 δὲ
476 824 622 867 χρυσίον
641 817 681 854 οὗ
701 818 910 864 δυνάμενον,
931 814 1011 871 ἀλλ’
1035 815 1233 865 ἀναγκαζό-

518 689 525 698 ι

524 683 616 719 δωσι
643 687 696 729 τῷ
730 683 916 730 δανειστῇ,
948 681 994 717 τά
1025 681 1066 717 δὲ
1094 683 1232 718 ἐλάττω

150 639 189 693 δέ
210 642 272 697 τῆς
295 653 374 674 των
397 652 624 719 πραγέιατων
649 636 783 674 δόσεως
806 650 901 673 εστω
926 639 1093 680 τοιαῦτα,
1125 635 1234 673 ὁποῖα
1250 641 1291 673 10
1306 637 1431 678 ditori,
1468 646 1561 681 quae
1595 646 1679 671 vero

426 698 455 718 ω
510 700 521 719 ι

1239 112 1295 160 27

2135 116 2245 158 Nov.
2275 115 2334 158 IV
2366 119 2389 158 3

1301 229 1459 266 volentes
1484 227 1714 274 emptionem:
1752 230 1837 261 tunc
1870 226 1905 262 in
1931 226 1998 263 hac
2023 225 2165 271 quidem
2184 225 2392 261 felicissima

1305 275 1449 310 civitate
1495 272 1742 318 gloriosissimi
1790 275 1936 307 nostrae
1983 271 2204 316 reipublicae
2254 270 2392 306 iudices

1305 320 1501 356 secundum
1533 317 1725 362 unicuique
1758 327 1967 353 concessam
1998 326 2021 352 a
2052 318 2129 362 lege
2165 320 2200 352 et
2235 327 2258 351 a
2287 316 2392 352 nobis

1304 365 1596 408 iurisdictionem,
1620 362 1660 398 in
1702 362 1868 398 rovinciis
1887 366 2008 398 autem
2026 362 2185 406 gentium
2208 361 2392 407 praesides

1270 415 1289 447 5
1306 411 1542 456 praeparent,
1578 408 1701 445 subt'i
1735 407 1984 443 aestimatione
2015 407 2115 443 facta
2144 417 2264 443 rerum
2294 406 2392 442 debi-

1306 456 1416 498 toris,
1450 454 1530 491 dari
1559 453 1756 490 secundum
1780 453 2016 498 quantitatem
2050 453 2162 488 debiti
2192 452 2393 498 possessio-

1306 511 1387 537 nem
1414 500 1631 538 immobilem
1663 498 1898 535 creditoribus
1931 508 2013 533 cum
2041 498 2107 533 tali
2137 499 2280 534 cautela
2312 508 2394 533 cum

1306 557 1377 592 qua
1395 546 1536 582 debitor
1560 545 1646 580 dare
1669 544 1795 590 possit.
1834 543 1969 579 Rerum
1989 553 2073 579 vero
2091 543 2187 579 datio
2206 544 2252 578 sit
2269 543 2393 579 huius·

1305 591 1416 627 modi:
1448 600 1694 636 quaecumque
1738 589 1857 624 uidem
1872 589 2020 624 meliora
2042 591 2137 630 sunt,
2163 589 2293 624 dentur
2318 599 2393 624 cre-

1712 601 1908 678 deteriora‚
1946 633 2044 679 apud
2079 633 2276 670 debitorem
2311 635 2396 679 post

1305 681 1416 718 debiti
1459 681 1672 717 solutionem
1714 690 1861 715 manere
1904 679 2080 715 sinantur.
2138 679 2283 714 Etenim
2323 690 2395 714 non

1304 727 1372 763 erit
1403 727 1547 771 iustum,
1575 726 1718 761 dantem
1744 725 1885 771 quidem
1917 735 2062 766 aurum,
2091 724 2253 769 recipere
2276 729 2395 759 autem

1305 783 1433 807 aurum
1463 782 1536 807 non
1568 772 1760 815 valentem,
1799 770 1863 806 sed
1894 773 2059 806 coactum
2096 770 2280 815 suscipere
2311 781 2394 815 pos-

1305 819 1499 853 sessionem
1535 816 1766 859 immobilem,
1805 827 1878 852 non
1907 816 1963 851 vel
2001 815 2150 851 meliora
2179 825 2299 850 rerum
2334 815 2394 850 de-

149 879 260 910 μενον
279 864 554 907 καταδέξασθαι
573 867 701 909 κτῆσιν
720 863 899 919 ἀκίνητον,
919 877 968 907 μη
979 862 1024 897 τὰ
1043 866 1133 911 γοῦν
1151 862 1233 897 καλ·
1251 866 1290 900 15
1305 862 1432 898 biteris
1460 862 1664 907 percipere,
1698 864 1735 897 et
1763 871 1830 907 per
1854 861 1924 897 hoc
1954 861 2088 898 habere
2112 861 2395 896 consolationem

151 911 254 946 λίονα
277 912 355 945 τῶν
377 913 442 946 τοῦ
466 909 646 958 χρεώστου
670 920 898 957 πραγματων
922 908 1047 953 λαβεῖν
1069 912 1129 943 καὶ
1149 906 1233 943 ταύ-

149 969 216 999 την
238 958 326 1003 γοῦν
347 954 441 999 ἔχειν
462 954 692 1003 παραψυχήν,
716 950 841 1000 ὅτιπερ
862 955 893 989 εἰ
915 956 975 988 καὶ
1003 958 1148 999 χρυσίον
1171 951 1234 988 οὔκ

149 1001 293 1048 εἴληφεν
324 999 346 1045 ἢ
378 1003 482 1048 ἕτερα
511 1002 591 1036 τῶν
624 1000 804 1046 φέρεσθαι
834 998 1047 1043 δυναμένων
1071 996 1233 1046 πραγμά-

152 1061 236 1088 των,
257 1044 338 1081 ἀλλ’
353 1045 495 1087 ἔξεστιν
516 1044 614 1089 αὐτῷ
636 1046 763 1088 κτῆσιν
782 1043 822 1079 οὗ
844 1042 985 1091 φαύλην
998 1041 1103 1088 ἔχειν.
1128 1042 1234 1079 ’Λλλὰ

1306 908 1407 952 quia,
1441 908 1472 943 si
1503 917 1631 943 aurum
1659 917 1732 943 non
1760 917 1842 943 rece
1868 907 1897 942 it
1929 909 1993 943 aut
2021 906 2119 942 aliud
2149 917 2270 942 rerum
2305 916 2397 951 quae

1304 953 1443 997 portari
1476 955 1645 998 poss-unt,
1682 955 1803 988 tamen
1864 954 1923 988 cet
1959 952 1992 988 ei
2030 952 2295 997 possessionem
2323 962 2396 986 non

1304 997 1467 1033 inutilem
1510 998 1655 1033 habere.
1713 997 1787 1033 Sed
1830 998 1900 1034 hoc
1944 997 2087 1043 quidem
2122 997 2169 1033 sit
2208 997 2397 1032 clementia

1306 1042 1481 1088 quaedam
1518 1043 1616 1078 clara
1651 1043 1757 1087 legis:
1805 1047 2004 1087 agnoscant
2041 1046 2161 1079 autem
2202 1043 2397 1078 creditores

151 1094 256 1127 τοῦτο
278 1094 346 1136 μὲν
370 1091 466 1127 ἔστω
499 1089 766 1137 φιλανθρωπία
794 1102 854 1144 τιςε
871 1088 986 1146 σαφὴς
1014 1092 1079 1144 τοτ’(
1103 1090 1290 1135 νόμου·20
1306 1088 1407 1134 quia,
1444 1088 1514 1123 etsi
1548 1098 1621 1124 non
1656 1088 1750 1124 hanc
1788 1089 2126 1134 conscripsissemus
2162 1088 2292 1134 legem,
2333 1098 2395 1122 ne-

149 1140 429 1183 γινωσκέτωσαν
450 1134 490 1170 δὲ
511 1135 548 1170 οἱ
570 1133 804 1178 δανείζοντες,
826 1147 873 1170 ως
893 1149 960 1170 καν
979 1136 1010 1170 εἰ
1031 1149 1081 1180 μη
1104 1137 1235 1170 τοῦτον

150 1180 360 1229 ἐγράψαμεν
379 1181 446 1216 τὸν
469 1179 592 1226 νόμον,
625 1177 644 1214 ὁ
667 1182 730 1224 τῆς
753 1177 907 1228 ἀνάγκης
931 1178 1031 1228 λόγος
1055 1182 1103 1216 εἰς
1126 1181 1234 1216 τοῦτο

150 1227 192 1262 τὸ
214 1228 360 1274 πρᾶγμα
380 1227 536 1273 περιῆγε.
584 1228 657 1260 Καὶ
676 1225 744 1272 γὰρ
765 1224 828 1260 οὐκ
849 1226 1018 1274 εὐπορῶν
1060 1224 1234 1273 ρημάτων

149 1270 167 1307 ὁ
191 1270 446 1324 δανεισάμᾋενος
468 1269 552 1306 οὐδὲ
574 1268 790 1318 άγοραστῶν
810 1270 961 1316 ἤμελλεν
985 1240 1091 1306 ούδιὲν
1110 1274 1235 1318 ἕτερον

150 1317 321 1365 πράττειν
353 1330 375 1360 η
402 1318 481 1351 τῶν
509 1317 653 1351 οἰκείων
686 1316 920 1360 ἐξίστασθαι,
955 1321 1016 1352 καὶ
1048 1310 1157 1352 αὖθις
1187 1315 1234 1351 τὰ
1247 1318 1289 1351 25
1304 1318 1385 1350 rent
1425 1325 1551 1350 aurum
1570 1314 1776 1368 „percipere
1811 1325 1885 1354 non
1916 1315 2102 1351 valentem.

149 1361 343 1416 πράγματα
362 1360 451 1408 πρὸς
472 1360 539 1396 τὸν
562 1360 755 1415 δανειστὴν
775 1362 921 1398 εἰκότως
941 1361 1067 1416 ἐχώρει
1086 1365 1234 1409 χρυσίον

148 1406 274 1452 λαβεῖν
297 1420 359 1441 ουκ
383 1406 566 1450 ἰσχύοντα.
601 1404 705 1442 Ὡςτε
724 1404 815 1454 ὅπερ
837 1406 930 1453 μεθ’
956 1406 1095 1455 ὕβρεως
1117 1410 1176 1442 καὶ
1195 1407 1235 1448 ἐξ

147 1450 435 1497 ἀποτελέσματος
453 1453 580 1499 πικροῦ
595 1456 807 1497 περιίστατο
821 1452 889 1488 τόν
901 1467 941 1488 τε
954 1452 1149 1497 δανειστὴν
1167 1449 1234 1487 τόν

145 1511 187 1533 τε
215 1496 413 1544 χρεώστην,
442 1499 549 1532 τοῦτο
578 1495 674 1542 ἡμεῖς
697 1496 978 1553 φιλανθρώπως
999 1513 1039 1534 τε
1070 1495 1144 1544 ἅμα
1173 1501 1234 1533 καὶ

1306 1133 1485 1169 cessitatis
1509 1133 1603 1168 ratio
1629 1133 1675 1168 ad
1698 1133 1767 1169 hoc
1796 1143 1943 1169 causam
1968 1134 2191 1179 perduceret.
2240 1133 2279 1169 Si
2303 1133 2396 1168 enim

1304 1189 1377 1214 non
1402 1178 1449 1214 sit
1472 1177 1622 1215 idoneus
1656 1178 1891 1224 pecuniarum
1915 1179 2056 1215 debitor
2079 1190 2146 1215 nec
2170 1179 2265 1215 ullus
2297 1189 2396 1224 emp-

1304 1227 1373 1268 tor,
1413 1223 1503 1259 nihil
1540 1223 1639 1259 aliud
1677 1224 1842 1260 facturus
1883 1228 1960 1259 erat
1996 1235 2102 1270 quam
2140 1224 2296 1279 propriis
2338 1234 2396 1259 ce-

1305 1269 1406 1313 dere,
1452 1272 1488 1304 et
1522 1279 1648 1305 rursus
1690 1279 1747 1305 res
1791 1269 1838 1305 ad
1879 1270 2091 1305 creditorem
2134 1274 2262 1306 mento
2300 1269 2395 1305 veni-

2160 1315 2397 1360 Quamobrem

1304 1360 1400 1405 quod
1425 1371 1506 1395 cum
1529 1360 1662 1409 imuria
1686 1363 1723 1396 et
1754 1359 1887 1396 affectu
1918 1360 2049 1397 acerbo
2082 1361 2295 1406 perduceret
2319 1371 2395 1396 cre-

1305 1406 1454 1442 ditorem
1487 1407 1524 1441 et
1554 1405 1771 1450 debitorem,
1806 1405 1877 1441 hoc
1909 1415 1975 1442 nos
2006 1406 2200 1441 clementer
2230 1406 2335 1441 simul
2361 1411 2398 1441 et

1303 1451 1466 1495 legaliter
1497 1450 1702 1487 decidentes
1734 1454 1771 1487 et
1807 1450 2011 1487 infelicibus
2042 1451 2265 1488 debitoribus
2295 1452 2396 1487 auxi-

1304 1496 1435 1532 liamur
1458 1498 1495 1532 et
1518 1496 1658 1532 acerbis
1676 1496 1911 1533 creditoribus
1929 1507 2002 1532 non
2026 1497 2281 1550 apparebimus
2306 1497 2397 1538 duri,

146 1544 396 1588 νομοθετικῶς
419 1541 619 1588 διελόμενοι
642 1546 702 1598 xa}
726 1546 800 1578 τοῖς
827 1558 892 1587 mv
914 1556 1018 1588 ηκυσι
1037 1543 1235 1599 χρεώσταις
1248 1545 1290 1578 30
1305 1552 1451 1578 causam
1476 1539 1527 1578 eis
1555 1541 1770 1588 deputantes
1795 1541 1841 1578 ad
1863 1552 1988 1588 quam,
2015 1553 2045 1579 s1
2070 1546 2321 1588 permanerent
2343 1543 2396 1577 in-

145 1588 358 1634 βοηθοῦμεν
377 1591 436 1622 καὶ
455 1592 529 1623 τοῖς
544 1601 773 1634 πικροτατοις
791 1590 869 1624 τῶν
910 1592 1090 1625 ανειστῶν
1111 1602 1175 1624 ουκ
1188 1586 1234 1624 ἂν

147 1637 345 1690 φανείημεν
371 1632 546 1675 δύςκολοι,
574 1635 722 1680 πρᾶγμα
747 1631 866 1669 αὐτοῖς
890 1634 1163 1677 ἐπιτάττοντες,
1187 1635 1235 1669 εἰς

146 1677 246 1726 ὅπερ,
269 1680 301 1713 εἰ
324 1677 509 1724 διέμειναν
532 1676 783 1722 ἀπειθοῦντες,
811 1678 958 1716 πάντως
977 1677 1023 1716 ἂν
1047 1681 1234 1726 ἀφίκοντο.

148 1726 193 1759 Εἰ
222 1727 389 1781 μέντοιγε
419 1722 438 1759 ὁ
472 1722 662 1779 δανειστὴς
686 1723 824 1779 ἕταιμός
854 1727 933 1780 ἐστι
964 1724 1237 1781 παρασκευάσαι

1304 1587 1545 1630 oboedientes,
1565 1589 1687 1623 tamen
1707 1587 1822 1624 modis
1844 1588 2010 1623 omnibus
2031 1588 2250 1624 advenirent.
2277 1588 2314 1624 Si
2326 1588 2395 1624 ita-

1304 1643 1373 1678 que
1397 1632 1553 1668 creditor
1583 1636 1735 1678 paratus
1759 1637 1816 1669 est
1848 1643 2067 1679 praeparare
2097 1634 2275 1679 quendam
2298 1644 2396 1679 emp-

1304 1682 1437 1722 torem,
1481 1678 1732 1714 necessitatem
1768 1678 1903 1714 habere
1942 1679 2139 1715 debitorem
2174 1679 2243 1715 hoc
2279 1689 2396 1724 agere,

1304 1723 1537 1769 praebentem
1560 1723 1767 1760 huiusmodi
1792 1724 1994 1760 cautionem
2018 1725 2168 1760 arbitrio
2192 1725 2396 1768 iudicantis,

146 1768 229 1806 τινὰ
241 1769 308 1805 τὸν
326 1768 544 1814 ωνούμενον,
561 1770 719 1816 ανάγκην
734 1783 829 1813 εχειν
845 1785 912 1806 τον
924 1784 946 1813 χ
969 1784 1111 1814 εωστην
1127 1772 1236 1805 τοῦτο
1249 1772 1290 1805 35
1306 1769 1449 1814 qualem
1475 1769 1676 1805 omnimodo
1697 1773 1753 1806 est
1773 1770 1859 1805 dare
1882 1770 2078 1815 possibilis.
2116 1769 2283 1815 Undique
2303 1771 2397 1806 enim

147 1814 334 1861 πράττειν,
359 1813 510 1850 διδόντα
533 1817 708 1858 τοιαύτην
728 1813 928 1862 ἀσφάλειαν
974 1820 1147 1861 οκιμασίᾳ
1169 1817 1233 1851 τοῦ

147 1859 375 1914 δικάζοντος,
410 1857 544 1896 ὁποίαν
566 1857 658 1896 ὅλως
680 1864 758 1896 εστὶ
783 1859 910 1896 δοῦναι
938 1860 1099 1897 δυνατός.
1147 1874 1238 1896 παν-

146 1906 310 1949 ταχοθεν
329 1902 515 1960 γάριοῧτω
534 1907 613 1941 τῶν
637 1905 842 1941 δανειστῶν
863 1910 1095 1954 προνοητέον,
1121 1904 1169 1942 ais
1188 1905 1237 1951 μὴ

148 1954 167 1987 1
212 1950 293 1986 τοὺς
324 1962 507 1999 χρεώστας
535 1953 693 1998 βαρῦναι
723 1950 910 1993 καθάπαξ.
958 1951 1162 1997 Δανειστὴν
1195 1950 1236 1986 δὲ

1304 1815 1358 1850 ita
1388 1814 1625 1894 creditoribus
1655 1815 1913 1861 providendum
1938 1818 2009 1860 est,
2042 1818 2084 1852 ut
2112 1825 2186 1852 non
2218 1816 2396 1853 debitores

1306 1870 1439 1905 graven
1457 1870 1512 1896 ur.

1303 1952 1324 1986 1
1370 1951 1422 1986 Et
1459 1951 1626 1987 absolute
1662 1950 1876 1987 creditorem
1910 1951 2094 1997 ponimus,
2138 1952 2305 1997 antiquas
2340 1963 2395 1988 se-

147 1997 311 2050 τίθεμεν,
341 1993 602 2052 τοῖςκάρχαίοις
632 1994 917 2032 ἀκολουθοῦντες
938 1997 1075 2043 νόμοις,
1110 1996 1232 2034 πάντα
1245 2000 1288 2034 40
1304 1999 1455 2042 (luentes
1480 1996 1595 2041 leges,
1628 2006 1784 2039 omnem,
1819 1997 1879 2042 qui
1904 1997 2082 2033 actionem
2111 1998 2246 2034 habere
2270 2001 2397 2034 contra

146 2055 213 2076 τον
241 2041 387 2089 ἀγωγην
416 2055 512 2085 εχειν
542 2041 635 2076 κατά
666 2053 763 2077 τινος
792 2039 1002 2088 δυνάμενον,
1035 2044 1066 2077 εἰ
1094 2046 1154 2078 καὶ
1183 2042 1233 2088 μὴ

147 2084 322 2132 δάνεισμα
343 2085 385 2121 τὸ
405 2100 527 2133 πεπρα
550 2090 672 2130 με’νον,
694 2085 774 2121 ἀλλ’
798 2085 923 2135 ἕτερόν
941 2101 979 2122 τι
1000 2087 1233 2135 συνάλλαγμα

147 2130 384 2176 καθεστήκοι”
421 2130 487 2175 δηλ
536 2131 557 2176 ὴ
579 2134 658 2167 τῶν
679 2131 1005 2180 ἀργυροπρατικῶν
1028 2131 1232 2180 ἀντιφωνή·

147 2189 243 2212 σεων
273 2175 333 2212 διὰ
360 2175 403 2212 τὸ
435 2175 610 2232 χρῆσιμον
640 2179 719 2213 τῶν
745 2177 1053 2226 συναλλαγμάτων
1077 2181 1137 2214 ἐπὶ
1169 2180 1233 2223 τῆς

146 2223 214 2256 νῦν
236 2223 427 2267 μενουσῶν
453 2223 597 2264 τάξεως.

1302 2042 1456 2086 aliquem
1482 2045 1621 2087 potest,
1654 2042 1740 2078 licet
1770 2053 1843 2078 non
1868 2041 2110 2080 sit'mutuum
2140 2046 2300 2088 gestum,
2333 2043 2396 2079 sed

1302 2087 1394 2122 alter
1431 2087 1577 2132 quidam
1613 2091 1821 2124 contractus
1859 2087 2043 2124 consistat.
2100 2089 2395 2134 Argentariorum

1303 2132 1442 2212 quipp}
1460 2132 1733 2214 sponsiimibusd
1747 2135 1897 2215 propter
1927 2133 2120 2170 utilitatem
2145 2138 2395 2170 contractuum

1302 2189 1339 2212 1n
1365 2189 1407 2213 or
1431 2188 1491 2213 1ne
1516 2189 1571 2213 mo
1600 2188 1686 2214 erno
1736 2189 1854 2214 urani
1882 2189 1935 2214 us.

147 2335 318 2372 accedere
341 2335 522 2371 volentes:
558 2340 642 2370 tunc
660 2336 698 2370 in
719 2335 789 2370 hac
812 2336 956 2381 quidem
976 2336 1191 2380 felicissima
1216 2335 1361 2371 civitate
1380 2336 1638 2382 qloriosissimi
1658 2336 1881 2382 reipublicae
1902 2343 2054 2372 nostrae
2077 2348 2137 2372 ma
2164 2338 2317 2374 istratus
2339 2350 2393 2374 se-

147 2380 302 2416 cundum
322 2379 608 2415 iurisdictionem
626 2380 820 2425 unicuique
838 2391 862 2415 a
881 2380 959 2427 leqe
983 2384 1019 2415 et
1037 2379 1142 2415 nobis
1161 2383 1349 2422 statutam,
1367 2380 1407 2415 in
1451 2380 1626 2416 revinciis
1646 2391 1732 2416 vero
1744 2381 1974 2428 populorum
2021 2382 2122 2418 raesi
2147 2394 2195 2425 es,
2218 2388 2394 2419 accurata

147 2436 268 2460 rerum
290 2424 464 2460 debitoris
485 2425 736 2460 aestimatione
757 2425 881 2470 facta,
906 2424 1147 2460 creditoribus
1192 2435 1236 2459 ro
1255 2428 1341 2460 rata
1364 2391 1478 2460 debziti
1500 2425 1772 2472 possessionem
1795 2425 1850 2461 rei
1868 2426 1976 2461 immo
2001 2426 2062 2461 ilis
2085 2427 2244 2463 dandam
2265 2433 2395 2464 curent

148 2481 227 2505 cum
246 2480 290 2505 ea
310 2470 477 2505 cautione
496 2480 606 2515 quam
625 2468 767 2505 debitor
786 2473 981 2515 praestare
994 2469 1127 2516 possit.
1195 2469 1272 2505 atio
1297 2480 1382 2505 vero
1403 2480 1526 2505 rerum
1545 2469 1707 2505 dationis
1728 2470 1813 2506 talis
1833 2471 1892 2512 sit,
1926 2475 1968 2506 ut
1991 2481 2085 2517 quae
2107 2472 2276 2509 meliores
2294 2478 2392 2516 sunt,

147 2525 210 2550 eas
234 2514 295 2550 det
317 2513 507 2556 creditori,
532 2514 732 2550 deteriores
754 2525 839 2550 vero
870 2514 991 2550 soluto
1015 2514 1134 2551 debito
1156 2514 1258 2562 apud
1289 2514 1486 2550 debitorem
1516 2526 1665 2551 manere
1690 2515 1798 2551 sinat.
1847 2515 1975 2562 Neque
2005 2518 2099 2552 enim
2128 2518 2262 2553 iustum
2286 2524 2390 2562 esset,

147 2560 210 2639 qui
232 2558 333 2595 dedit
349 2559 563 2606 pecuniam,
599 2559 762 2606 recipere
786 2570 869 2595 vero
890 2559 1089 2606 pecuniam
1116 2559 1260 2606 nequit,
1292 2559 1359 2595 secl
1379 2571 1456 2596 rem
1482 2559 1698 2596 immobilem
1727 2561 1894 2608 accipere
1920 2562 2082 2608 coqitur,
2114 2574 2194 2598 eum
2223 2574 2298 2599 non
2320 2575 2391 2601 me-

160 2605 257 2640 iores
285 2608 382 2642 certe
408 2614 468 2639 res
495 2603 670 2639 debitoris
697 2604 883 2657 accipere,
910 2608 1021 2651 atque
1041 2603 1111 2640 boc
1135 2604 1263 2640 saltem
1283 2605 1460 2640 solacium
1485 2604 1618 2641 babere
1671 2605 1763 2648 uod,
1796 2607 1864 2641 etsi
1917 2607 2083 2642 ecuniam
2108 2619 2184 2644 non
2209 2610 2393 2657 acceperit

146 2661 261 2696 neque
281 2648 357 2684 alia
378 2659 504 2684 eorum
525 2659 619 2695 quae
637 2660 772 2685 moveri
788 2655 961 2696 possunt,
986 2653 1027 2685 at
1042 2649 1308 2696 possessionem
1322 2661 1397 2685 non
1417 2650 1521 2686 vilem
1535 2650 1570 2686 ei
1588 2649 1636 2686 ha
1660 2661 1720 2686 ere
1742 2650 1833 2687 licet.
1867 2617 1987 2698 Agitque
2006 2651 2096 2688 baec
2115 2653 2258 2700 quidem
2277 2656 2391 2691 mani-

146 2695 244 2739 festa
265 2693 512 2730 benevolentia
532 2693 623 2740 leqis
634 2693 703 2736 sit,·
722 2694 939 2741 intelleqant
958 2706 1042 2731 vero
1064 2694 1274 2737 creditores,
1296 2695 1364 2730 etsi
1382 2694 1476 2730 banc
1495 2695 1610 2742 leqem
1630 2706 1703 2731 non
1724 2696 2005 2742 scripsissemus,
2027 2698 2251 2734 necessitatis
2272 2703 2391 2736 tamen

146 2739 324 2774 rationem
355 2750 414 2774 res
442 2750 484 2775 eo
506 2740 625 2785 fuisse
640 2739 916 2786 perducturam.
965 2739 1060 2775 Nam
1088 2739 1229 2775 debitor
1255 2743 1301 2775 et¹
1311 2740 1472 2786 pecunia
1492 2744 1529 2776 et
1555 2741 1780 2788 emptoribus
1802 2741 1997 2778 destitutus
2015 2743 2070 2778 nil
2097 2743 2200 2779 aliud
2215 2746 2391 2791 facturus

145 2787 227 2820 erat
244 2783 317 2819 nisi
342 2787 384 2820 ut
403 2783 507 2819 bonis
529 2784 607 2819 suis
626 2784 779 2828 cederet,
804 2796 935 2832 resque
955 2785 1085 2820 iterum
1106 2785 1155 2820 ad
1178 2784 1391 2820 creditorem
1415 2795 1493 2821 esse
1508 2789 1681 2822 venturas
1705 2797 1780 2833 par
1801 2790 1892 2830 erat,
1918 2788 1982 2833 qui
1994 2788 2193 2840 pecuniam
2216 2792 2390 2837 consequi

146 2840 220 2864 non
231 2832 395 2876 poterat.
435 2828 560 2872 Quare
579 2829 680 2875 quod
700 2840 780 2865 cum
801 2830 1018 2866 contumelia
1038 2834 1075 2866 et
1094 2829 1224 2865 acerbo
1245 2834 1373 2865 eventu
1396 2834 1468 2865 tam
1489 2830 1665 2866 creditori
1685 2842 1795 2877 quam
1818 2831 1975 2868 debitori
1998 2834 2210 2877 immineret,
2235 2834 2389 2872 humane

144 2878 181 2910 et
204 2879 246 2910 ut
267 2874 512 2920 leqislatorem
538 2874 640 2910 decet
664 2874 927 2922 distinquentes
958 2879 996 2911 et
1019 2874 1229 2921 infelicibus
1257 2874 1480 2911 debitoribus
1503 2876 1751 2911 succurrimus
1778 2888 1845 2914 neo
1873 2878 2117 2914 acerbissimis
2147 2879 2389 2917 creditoribus

145 2919 228 2955 duri
259 2918 468 2962 videbimur,
506 2930 582 2955 rem
618 2919 671 2955 eis
705 2920 929 2967 imperantes
966 2919 1016 2956 ad
1051 2930 1177 2966 quam,
1214 2920 1247 2955 si
1283 2920 1322 2955 in
1360 2920 1564 2957 recusando
1595 2922 1865 2967 perstitissent,
1905 2924 2051 2960 omnino
2084 2927 2302 2972 perventuri
2335 2938 2386 2962 es-

145 2967 232 3000 sent.
278 2963 320 2999 Si
339 2968 457 2999 tamen
477 2964 639 3000 creditor
658 2970 855 3012 emptorem
876 2965 1055 3011 quendam
1071 2976 1280 3012 procurare
1296 2969 1459 3012 paratus
1478 2966 1537 3009 sit,
1560 2965 1701 3002 debitor
1718 2977 1863 3004 necesse
1882 2967 2017 3004 habeat
2041 2969 2080 3005 id
2105 2971 2252 3016 facere,
2281 2971 2388 3007 talem

145 3009 349 3044 cautionem
378 3009 532 3045 arbitrio
558 3009 690 3045 iudicis
709 3010 962 3057 praestiturus
987 3021 1096 3056 quam
1119 3011 1263 3046 omnino
1288 3014 1485 3057 praestare
1505 3012 1655 3058 poterit.
1704 3011 1757 3048 Ab
1780 3013 1878 3048 omni
1903 3014 1996 3049 enim
2017 3019 2128 3061 parte
2148 3015 2388 3052 creditoribus

144 3056 163 3089 1
210 3054 263 3089 ita
277 3054 545 3100 providendum
566 3058 637 3097 est,
669 3066 715 3090 ne
735 3054 915 3091 debitores
934 3056 1060 3107 utique
1082 3059 1291 3101 qraventur.
1386 3055 1607 3092 Creditorem
1628 3061 1748 3093 autem
1770 3059 1942 3105 antiquas
1961 3061 2076 3095 secuti
2095 3060 2193 3107 leqes
2212 3072 2292 3097 eum
2312 3066 2386 3097 sta-

146 3099 296 3140 tuimus,
331 3100 546 3145 quicumque
576 3100 755 3136 actionem
785 3105 914 3136 contra
942 3100 1099 3146 aliquem
1132 3100 1264 3143 babere
1288 3104 1432 3146 potest,
1465 3101 1550 3137 licet
1574 3112 1648 3137 non
1673 3102 1722 3137 sit
1749 3107 1911 3139 mutuum
1942 3105 2043 3151 quod
2072 3110 2192 3141 actum
2220 3111 2290 3149 est,
2322 3107 2387 3142 sed

145 3144 240 3178 (ilius
264 3143 410 3223 quidam
434 3148 661 3196 contractus:
691 3145 986 3192 arqentariorum
1006 3145 1143 3182 scilicet
1162 3146 1368 3182 constitutis
1391 3150 1550 3193 propter
1572 3146 1765 3183 utilitatem
1790 3152 2040 3185 contractuum
2066 3151 2104 3185 in
2129 3161 2171 3186 eo
2199 3151 2264 3197 qui
2289 3163 2386 3187 nunc

145 3194 199 3224 est
222 3199 266 3224 or
291 3199 350 3224 ine
368 3200 560 3224 mansuris.

194 3293 208 3324 1
247 3293 308 3324 ἐπὶ
333 3304 391 3323 om.
417 3292 468 3324 La
498 3290 510 3333 Ιί
534 3293 555 3325 4
591 3290 702 3336 παρὰ]
735 3289 805 3326 ὑπὸ
833 3292 962 3334 Procli„
995 3294 1105 3336 Epan.
1141 3293 1153 3338 ΙΙ
1177 3291 1228 3328 δι-
1298 3296 1378 3328 haec
1402 3296 1435 3328 R
1467 3291 1620 3337 (ταύτην
1649 3295 1722 3336 Gr.)
1751 3295 1764 3340 ΙΙ
1794 3298 1833 3332 16
1856 3298 1982 3341 recepit
2013 3298 2061 3339 V]
2093 3297 2214 3340 recipit
2238 3299 2270 3331 R
2294 3299 2382 3343 vuly.

144 3332 332 3368 καιοδοσία
347 3337 376 3369 L
393 3335 405 3380 ΙΙ
425 3339 443 3369 5
469 3335 610 3377 ἐθνῶν]
625 3333 803 3380 θεμάτων
817 3337 945 3380 ΡνοεΙι.,
963 3338 1074 3380 Epan.
1095 3338 1106 3381 ΙΙ
1127 3342 1161 3373 11
1183 3338 1228 3373 τὰ

146 3388 219 3413 ante
241 3381 310 3425 μὲν
334 3394 393 3414 οηι.
420 3381 617 3414 Haloander
634 3380 647 3426 ΙΙ
666 3384 706 3416 16
738 3382 816 3415 τῶν
838 3393 879 3416 τε
901 3381 1121 3427 χρεώστωνῖ
1144 3385 1190 3418 L¹
1215 3385 1229 3429 ss

144 3423 261 3458 ταύτα
284 3426 316 3459 L
347 3425 359 3470 ΙΙ
389 3427 431 3459 22
465 3422 484 3458 ὁ
507 3426 569 3468 τῆς
587 3446 630 3450 -
648 3427 754 3473 περιῆ
778 3439 795 3459 ε
819 3439 878 3460 om.
903 3428 935 3462 L
963 3428 975 3472 fl
1005 3430 1049 3463 24
1081 3427 1227 3473 ἔμελλεν

145 3467 255 3511 ιιὴδὲν
267 3471 299 3503 L
315 3470 327 3514 ΙΙ
347 3472 389 3505 32
413 3470 445 3504 εἰ
460 3484 518 3503 om.
534 3471 581 3504 L¹
597 3470 614 3515 st
629 3473 671 3506 39
695 3484 741 3505 κα
774 3468 886 3513 άπαξ]
906 3475 1110 3517 sequentibus
1122 3476 1228 3509 iunxit

145 3526 164 3550 ς
179 3516 191 3557 ΙΙ
209 3517 252 3549 40
276 3512 574 3549 ἀκολουθοῦνταῖ
595 3516 644 3550 L¹

189 3573 209 3605 2
238 3571 525 3614 *gloriosissimae
554 3571 567 3617 ΙΙ
595 3575 616 3607 4
650 3575 775 3614 autem]
809 3574 944 3616 quidem
974 3575 1008 3609 V
1033 3575 1045 3619 ΙΙ
1072 3579 1092 3611 5
1129 3587 1225 3620 prae-

145 3619 300 3658 pararent
322 3617 357 3651 R
384 3617 397 3657 ΙΙ
426 3620 446 3652 6
481 3618 625 3651 debitam
656 3617 724 3663 Vll
754 3619 773 3652 7
810 3629 886 3652 oum
916 3621 994 3662 qua]
1031 3631 1131 3663 quam
1163 3622 1224 3665 Vll

145 3662 165 3694 8
189 3660 262 3695 dari
293 3662 328 3696 V
384 3664 423 3697 11
450 3662 581 3696 sinatur
612 3662 692 3708 1⁷¹ss
717 3664 757 3698 12
781 3673 901 3697 aurum
925 3677 983 3699 om.
1016 3666 1047 3699 V
1068 3665 1081 3711 ΙΙ
1102 3668 1139 3701 13
1164 3677 1223 3700 ua-

145 3704 234 3739 lente
255 3706 307 3741 R*
335 3705 342 3751 Ι
382 3708 571 3751 possionem
596 3709 629 3742 R
658 3708 672 3753 ss
705 3709 744 3743 15
782 3719 842 3752 per
873 3711 936 3743 hoo
971 3711 1007 3745 V
1024 3712 1126 3756 vulq]
1164 3722 1224 3755 per

1297 3339 2381 3430 stetissetis?egi-eff&2¹⁷..22t02111ef211r2

1296 3432 1349 3463 tor
1378 3431 1492 3471 ageret
1523 3430 1557 3465 R
1593 3433 1721 3473 emptor
1751 3431 1797 3465 sit
1826 3433 1912 3477 vulq.
1942 3432 1954 3475 ΙΙ
1985 3434 2028 3466 26
2065 3435 2153 3474 cum]
2191 3444 2266 3467 eum
2298 3400 2382 3479 V¹pss

1296 3476 1414 3508 effectu
1428 3476 1472 3515 R]
1496 3474 1618 3509 affeetu
1639 3477 1704 3510 VT
1721 3477 1809 3520 vulq.
1829 3476 1842 3522 ΙΙ
1856 3477 2077 3520 perducerent
2095 3478 2162 3512 VT
2173 3478 2186 3523 ss
2203 3480 2245 3513 29
2270 3479 2380 3512 acerbi

1305 3520 1381 3554 173²
1399 3519 1411 3564 ss
1428 3519 1500 3552 dari
1523 3520 1631 3554 RVT
1650 3522 1693 3555 al.
1711 3520 1724 3565 ΙΙ
1743 3522 1774 3554 ei
1805 3522 1837 3555 V
1851 3520 1864 3566 ΙΙ
1881 3524 1919 3556 31
1950 3522 2126 3556 adueniret
2155 3524 2190 3557 V
2202 3522 2215 3569 ΙΙ
2231 3525 2273 3559 33
2298 3525 2380 3558 haec

1295 3566 1326 3598 R
1343 3564 1355 3609 ΙΙ
1375 3567 1416 3599 35
1442 3565 1579 3598 omnino
1599 3566 1632 3600 T
1645 3565 1656 3610 ΙΙ
1671 3565 1839 3610 possibilis
1859 3567 1997 3608 RV¹T1
2018 3567 2173 3611 possibile
2194 3568 2244 3603 V²
2267 3570 2380 3615 only-11

1295 3612 1337 3644 39
1362 3611 1419 3650 Et]
1444 3609 1491 3643 Vt
1519 3610 1554 3643 V
1571 3612 1660 3645 rubr.
1686 3613 1785 3652 (corr.
1818 3611 1882 3651 V³)
1913 3610 1919 3656 Ι
1957 3614 1998 3646 42
2019 3612 2117 3647 aliter
2148 3614 2180 3647 V
2198 3613 2212 3659 ΙΙ
2243 3614 2378 3657 quidam

1293 3656 1326 3691 R
1337 3656 1381 3696 V]
1395 3654 1541 3707 'qu-idem
1554 3656 1641 3700 vulq.
1660 3655 1673 3700 ΙΙ
1689 3656 1842 3691 consistit
1853 3657 1887 3691 R
1941 3656 1954 3702 ss
1970 3659 2236 3701 argentariorum
2255 3660 2378 3702 quippe

1292 3699 1526 3742 sponsionibus
1548 3702 1654 3745 suppl.
1689 3700 1740 3735 17²
1764 3703 1797 3735 in
1820 3709 1906 3747 spat.
1931 3715 2003 3738 uae.

2058 3771 2106 3805 4*
