2618 4010
263 116 368 161 Nov.
399 116 520 160 XVII
549 120 589 160 4.
618 119 644 159 5
1334 112 1410 161 120
1898 130 1958 163 ns
1986 130 2218 164 mmmmm
2246 130 2494 166 eumenum

261 226 355 272 πλὴν
389 228 422 263 εἰ
454 226 504 273 μὴ
544 218 651 262 ’θεῖον
685 224 859 275 ἡμέτερον
893 227 1147 277 πραγματικὸν
1183 225 1342 261 δείκνυσι
1410 237 1482 263 non
1519 227 1691 272 respicias
1723 238 1804 266 eum
1832 229 1902 267 nisi
1937 241 2076 268 sacram
2105 235 2265 268 nostram
2301 231 2494 278 pragmati-

260 271 378 309 τύπον
403 271 493 320 ὑπὲρ
521 271 662 308 τούτων
692 275 949 320 γεγραμμένον.
994 277 1055 308 καὶ
1085 269 1168 307 τότε
1191 284 1241 327 γε
1269 270 1342 316 μὴν
1411 281 1491 308 cam
1514 273 1680 309 ostendat
1702 273 1854 310 formam
1883 285 1949 321 pro
1977 276 2048 313 hoc
2071 277 2262 323 scriptam3
2294 281 2382 313 tnnc
2415 287 2494 313 sus-

262 317 345 365 δέξῃ
367 319 436 362 μὲν
458 316 526 352 τὸν
546 318 713 366 τοιοῦτον
734 316 862 360 τύπον,
890 316 932 352 οὐ
991 316 1035 362 ἠν
1062 331 1099 352 τι
1131 316 1274 371 πράξεις
1303 316 1343 358 ἐξ
1411 317 1522 363 οἰρίεε
1545 317 1688 362 quidem
1710 319 1818 355 talem
1834 319 1996 366 formam,
2020 333 2092 358 non
2113 326 2232 358 autem
2252 321 2387 367 aliquid
2410 332 2493 367 ages

263 363 382 405 αὐτοῦ,
406 365 494 409 πρὶν
516 359 562 397 ἂν
587 363 636 398 εἰς
659 359 746 408 ἡμᾶς
770 362 928 409 μηνύσας
976 366 1122 410 ευτέραν
1146 359 1342 442 mezconi·
1411 373 1456 398 ex
1485 372 1544 406 ea,
1575 366 1767 409 antequam
1798 364 1845 400 ad
1874 376 1941 402 nos
1977 367 2148 404 nuntians
2172 367 2367 403 secundam
2390 377 2494 412 prae-

263 411 280 444 1
327 421 404 443 των
428 407 631 456 ἐπιτροπὴν
649 405 826 456 ἡμετέραν
850 407 1067 455 προςλάβοις.
1156 405 1218 442 'Al
1245 406 1254 416 ³
1284 410 1343 442 καὶ
1379 409 1433 444 51
1480 407 1678 452 ceptionem
1708 413 1866 445 nostram
1900 412 2087 458 suscipias.
2192 413 2262 448 Sed
2296 412 2402 448 etiam
2429 423 2494 458 pro

263 454 324 496 τῆς
354 451 538 499 ἀφθονίας
566 453 645 488 τῶν
676 452 893 497 ἐπιτηδείων
924 457 983 488 καί
1011 454 1090 488 τῶν
1116 454 1236 500 ἔργων
1265 453 1344 488 τῶν
1412 453 1577 488 ubertate
1599 454 1885 491 necessariorum
1908 458 1945 492 et
1966 467 2113 503 operum
2141 457 2323 493 civitatum
2347 457 2494 502 diligen-

263 496 406 534 πῦλεων
429 496 643 547 ἐπιμελήσῃ,
666 499 952 546 παρασκευάζων
979 501 1018 532 εκ
1040 499 1118 533 τῶν
1142 496 1341 533 πολιτικῶν
1410 497 1497 532 tiam
1518 497 1687 543 habebis,
1710 509 1910 544 procurans
1940 511 1983 537 ex
2006 502 2167 538 civilibus
2190 503 2351 548 pecuniis
2374 507 2496 548 patres

264 540 457 589 χρημάτων
481 541 608 579 αὐτοὺς
630 540 694 579 ἅτε
717 547 875 599 πατέρας
902 543 948 578 τοὶ
971 540 1243 590 ἀναγκαιότατα
1263 544 1341 577 τῶν
1411 552 1502 587 quae
1525 543 1628 579 valde
1646 545 1851 581 necessaria
1867 549 1952 582 sunt
1966 557 2113 592 operum
2131 547 2251 584 facere
2273 552 2310 583 et
2331 548 2495 593 pontium

264 591 382 635 ἔργων
404 591 522 624 ποιεῖν
544 592 605 624 καὶ
625 591 793 637 γεφυρῶν
811 593 941 634 ομοίως
959 591 1019 622 καὶ
1044 584 1144 623 ὁδῶν
1167 591 1227 642 {cai
1249 586 1340 632 λιμέ-
1412 588 1573 624 simfliter
1607 592 1644 624 et
1675 589 1811 625 viarum
1838 592 1875 626 et
1901 594 2087 644 portuum,
2122 592 2160 628 in
2191 593 2320 638 quibus
2353 593 2496 628 omnino

264 647 351 676 νων,
376 635 416 668 ἐν
438 633 489 670 οἷς
514 631 605 670 ὅλως
635 635 703 669 εἰσὶ
726 632 851 669 τόποις
874 636 934 677 τῆς
964 636 1136 680 ἐπαρχίας
1165 644 1203 676 ης
1228 631 1343 680 ἄρχεις
1359 637 1397 668 10
1413 635 1496 669 sunt
1519 633 1607 669 locis
1632 635 1838 680 provinciae
1862 646 1920 671 cui
1946 637 2125 682 praesides
2149 642 2291 683 portus,
2316 641 2353 674 et
2376 648 2496 673 muro-

265 678 411 724 λιμένες,
434 682 494 714 καὶ
517 681 649 723 τειχῶν
669 679 935 724 ἐπιμελεῖσθαι·
958 681 1017 712 καὶ
1036 679 1072 713 εἴ
1089 692 1126 713 τι
1149 675 1242 714 ὅλως
1265 680 1342 712 ἐστὶ
1413 689 1491 714 rum
1515 689 1636 714 curam
1661 680 1810 725 habere3
1847 683 1884 716 et
1912 681 2083 726 quidquid
2105 683 2248 719 omnino
2273 686 2329 719 est
2351 683 2496 728 publico

264 725 319 768 τῷ
343 722 505 770 δημοσίῳ
537 729 597 759 καὶ
627 729 704 760 ταῖς
728 723 854 760 πόλεσι
880 726 1073 770 συμφέρον,
1103 721 1280 771 βουλεύσῃ
1303 737 1343 757 τε
1412 727 1448 759 et
1470 723 1671 761 civitatibus
1695 726 1793 766 utile,
1819 729 1854 761 et
1877 726 2049 770 cogitabis
2065 730 2102 762 et
2115 727 2229 764 facies
2247 733 2283 764 et
2299 728 2494 764 nuntiabis.

263 769 289 804 2
310 769 375 816 (e)
418 773 479 805 καὶ
502 768 646 817 πράξεις
668 773 726 804 καὶ
749 769 925 815 μηνύσεις.
984 766 1102 810 “Egere
1126 767 1166 803 δὲ
1187 765 1342 804 ὑπακού·
1412 769 1436 804 2
1481 769 1639 805 Habebis
1671 775 1791 806 autem
1823 771 2053 808 oboedientes
2084 772 2150 808 tibi
2180 775 2217 808 et
2249 774 2310 818 qui
2341 775 2378 809 in
2410 783 2492 818 pro·

264 813 369 850 οντάς
391 826 449 850 σοι
471 819 532 850 καὶ
551 815 632 850 τοὺς
655 814 746 850 κατὰ
765 814 831 858 τὴν
855 816 1031 862 ἐπαρχίαν
1055 811 1282 861 στρατιώτας
1303 815 1345 848 ἐν
1412 814 1529 850 vincia
1553 818 1638 851 sunt
1661 816 1810 859 milites,
1841 817 1879 851 in
1904 817 2033 862 quibus
2066 827 2186 853 eorum
2209 829 2299 863 opus
2329 819 2495 853 habueris

264 858 314 894 οἷς
337 857 383 895 ἂν
407 858 530 895 αὐτῶν
551 860 692 915 χρῄζοις
715 861 763 895 εἰς
791 857 991 907 ὑπουργίαν
1021 857 1176 894 δικαίαν.
1224 857 1283 894 οὓς
1312 859 1344 893 εἰ
1360 864 1398 895 15
1413 859 1459 895 ad
1476 860 1710 896 ministerium
1726 861 1877 896 iustum:
1904 873 1992 906 quos
2010 862 2040 898 si
2053 861 2294 907 delinquentes
2307 863 2495 904 inveneris,

265 903 558 951 πλημμελοῦντας
589 917 718 952 ευροις,
756 903 954 949 ὑποθήσεις
984 906 1229 951 σωφρονισμῷ
1261 907 1342 951 πρέ·
1413 905 1566 949 subponi
1599 906 1823 950 castigationi
1858 907 1999 943 decenti
2023 907 2169 952 insuper
2201 908 2270 954 (et)
2294 919 2338 944 ex
2363 908 2496 944 emolu·

265 963 385 992 ποντι,
408 954 468 985 καὶ
481 951 570 994 πρός
579 963 621 996 γε
642 954 680 986 ἐκ
702 952 779 985 τῶν
804 949 982 994 σιτήσεων
1002 947 1126 985 αὐτῶν
1148 949 1190 985 τὸ
1217 950 1344 985 ἱκανὸν
1412 949 1539 986 mentis
1572 961 1694 987 eorum
1716 952 1885 988 satisfieri
1907 953 2014 988 laesis
2038 953 2262 998 procurabis.

265 996 438 1042 γενέσθαι
461 999 534 1030 τοῖς
557 994 779 1039 ἠδικημένοις
802 995 1095 1043 παρασκευάσεις.

1265 1120 1421 1156 CAPUT
1447 1120 1490 1158 V.

310 1193 371 1245 (ξ’)
417 1197 467 1234 Οὐ
496 1197 733 1246 συγχωρησεις
763 1195 804 1232 δὲ
837 1201 1045 1256 προνομίοις
1078 1201 1153 1234 τισὶ
1184 1199 1346 1245 χρῆσθαι
1459 1199 1542 1236 Non
1605 1200 1762 1237 ermittes
1799 1200 1992 1246 privilegiis
2025 1200 2202 1246 aliquibus
2234 1201 2287 1236 uti
2318 1204 2496 1241 nocentes.

264 1245 345 1279 τοὺς
360 1241 582 1286 ἀδικοῦντας,
602 1241 683 1278 ἀλλ’
702 1245 815 1278 έκεῖνο
835 1257 950 1289 μονον
967 1241 1087 1279 αὐτοῖς
1100 1245 1149 1279 εἰς
1166 1244 1346 1289 βοήθειαν
1359 1248 1401 1280 20
1414 1245 1477 1281 sed
1500 1211 1602 1282 illati)
1613 1246 1728 1282 solum
1751 1245 1803 1282 eis
1826 1247 1865 1282 in
1884 1246 2055 1281 auxilium
2079 1246 2304 1289 observabis,
2331 1251 2371 1282 ut
2394 1247 2495 1283 undi-

266 1287 428 1336 φυλάξεις
458 1288 500 1324 τὸ
525 1286 764 1332 πανταχόθεν
793 1288 978 1336 καθαροὺς
1007 1291 1086 1324 τῶν
1110 1291 1346 1337 ἐπαγομένων
1414 1301 1483 1371 fluo
1506 1292 1587 1336 puri
1610 1292 1738 1327 horum
1762 1301 1853 1336 quae
1877 1291 1928 1326 eis
1961 1291 2164 1327 inferuntur
2187 1292 2258 1345 ζεῦ)
2281 1291 2417 1328 innoxii
2447 1293 2496 1328 vi-

265 1339 324 1370 καὶ
347 1332 567 1369 ἀνευθύνους
591 1335 760 1380 φανῆναι.
809 1333 944 1369 Φόνους
968 1333 1008 1369 δὲ
1028 1338 1087 1370 καὶ
1133 1339 1263 1378 οιχείας
1286 1339 1346 1370 καὶ
1439 1341 1578 1373 eantur.
1627 1337 1827 1372 Homicidia
1850 1340 1970 1372 autem
1993 1339 2029 1372 et
2052 1337 2230 1373 adulteria
2254 1337 2497 1382 virginumque

266 1381 469 1427 παρθένων
505 1378 665 1428 ἁρπαγὰς
700 1383 759 1414 καὶ
796 1377 945 1426 ἐφόδους
978 1384 1039 1415 καὶ
1074 1378 1097 1414 ά
1123 1385 1214 1414 ικίας
1249 1377 1345 1415 οὕτω
1414 1381 1630 1426 direptiones
1662 1386 1699 1417 et
1733 1382 1934 1418 invasiones
1971 1385 2007 1417 et
2041 1383 2292 1435 oppressiones
2326 1382 2380 1418 ita
2414 1393 2495 1418 cum

264 1425 355 1471 μετὰ
377 1424 619 1473 σφοδρότητος
641 1424 851 1474 μετελεύσῃ,
886 1423 1049 1468 κολάζων
1077 1424 1158 1460 τούς
1187 1422 1345 1474 ἁμαρτά·
1413 1427 1634 1463 vehementia
1656 1427 1830 1471 corriges,
1854 1427 2006 1472 puniens
2031 1427 2275 1473 delinquentes
2299 1427 2494 1464 secundum

265 1482 395 1506 νοντας
417 1470 510 1505 κατὰ
531 1470 613 1505 τοὺς
639 1468 826 1525 ἡμετέρους
848 1470 992 1516 νόμους,
1023 1468 1071 1505 ὠς
1093 1471 1138 1519 τῇ
1161 1468 1246 1506 κατ’
1273 1469 1343 1505 ὀλί-
1358 1474 1399 1507 25
1411 1476 1554 1508 nostras
1569 1472 1674 1517 leges,
1700 1477 1739 1507 ut
1762 1472 1934 1518 paulatim
1949 1471 2163 1518 supplicium
2181 1473 2272 1509 alios
2296 1483 2418 1509 omnes
2439 1473 2494 1509 sa-

267 1520 283 1552 1
330 1529 409 1563 γων
428 1520 585 1563 τιμωρία
607 1528 688 1551 τους
710 1515 834 1551 ἄλλους
854 1513 1019 1551 ἅπαντας
1042 1514 1185 1559 σώζειν.
1267 1515 1343 1552 Μά-
1411 1519 1432 1553 1
1480 1517 1552 1552 ciat
1575 1518 1703 1554 salvos.
1796 1517 1995 1562 Praecipue
2025 1528 2108 1553 vero
2139 1518 2311 1554 officiales
2334 1520 2417 1554 tuos
2440 1528 2495 1554 re-

266 1560 371 1597 λιστα
393 1559 434 1596 δὲ
463 1562 541 1596 τῶν
563 1561 760 1602 ταξεωτῶν
781 1563 860 1597 τῶν
884 1563 1017 1597 σαυτοῦ
1048 1561 1249 1608 κρατήσεις,
1282 1559 1345 1596 οὐκ
1412 1562 1561 1605 tinebis,
1585 1574 1658 1598 non
1681 1563 1888 1608 permittens
1911 1573 1973 1598 eos
1997 1563 2177 1599 subiectos
2202 1568 2345 1599 nostros
2373 1563 2495 1608 impel-

266 1609 374 1653 ἐφιεὶς
397 1604 517 1642 αὐτοῖς
539 1605 620 1641 τοὺς
642 1604 815 1650 ὑπηκόους
837 1606 918 1641 τοὺς
940 1603 1127 1655 ἡμετέρους
1151 1605 1345 1650 λεηλατεῖν,
1412 1607 1503 1650 lere,
1534 1618 1649 1654 neque
1680 1613 1719 1643 ut
1749 1608 1938 1644 videantur
1967 1608 2108 1653 quidem
2136 1609 2287 1645 subiecti
2312 1609 2395 1652 tibi,
2431 1619 2495 1654 pro

265 1650 349 1687 οὐδὲ
376 1650 494 1687 δοκεῖν
518 1654 587 1696 μὲν
607 1650 786 1699 ἄρχεσθαι
806 1651 907 1698 παρὰ
938 1653 1020 1694 σοῦ,
1050 1656 1128 1687 ταῖς
1158 1651 1347 1696 ἀληθείαις
1413 1653 1562 1689 veritate
1581 1657 1699 1690 autem
1720 1658 1804 1689 tuae
1826 1654 1987 1700 praesint
2009 1653 2190 1689 voluntati.

265 1698 290 1734 2
335 1695 376 1732 δὲ
407 1699 470 1742 τῆς
503 1699 566 1742 σῆς
599 1696 721 1742 α”ρχειν
751 1695 906 1745 γνώμης.
1007 1696 1182 1732 Σπεὺσεις
1216 1696 1256 1732 δὲ
1286 1701 1346 1732 καὶ
1359 1698 1438 1734 302
1485 1699 1690 1734 Festinabis
1715 1700 1822 1735 etiam
1846 1699 2087 1735 consiliarium
2107 1702 2144 1734 et
2161 1699 2372 1744 quicumque
2388 1698 2497 1734 fuerit

266 1741 446 1791 πάρεδρον
468 1746 529 1777 καὶ
557 1743 593 1777 εἴ
610 1747 664 1777 τίς
687 1744 764 1777 ἐστι
788 1745 866 1778 τῶν
888 1747 973 1789 περί
994 1755 1035 1778 σε
1059 1741 1257 1788 λαμβάνειν
1284 1741 1344 1777 ἄν·
1414 1744 1510 1779 circa
1531 1748 1569 1780 te
1591 1755 1771 1780 assumere
1790 1745 1905 1780 virum
1932 1744 2102 1789 optimum
2127 1748 2163 1780 et
2190 1755 2320 1790 purum
2340 1744 2496 1789 undique

266 1787 334 1835 δρα
356 1787 513 1835 χρηστὸν
530 1791 590 1823 καὶ
608 1788 708 1822 καθα
734 1787 862 1823 εύοντα
880 1787 1119 1831 πανταχόθεν
1134 1791 1194 1822 καὶ
1218 1785 1343 1835 ἄρκού-
1413 1793 1450 1824 et
1481 1792 1686 1826 contentum
1715 1790 1772 1825 his
1804 1799 1896 1835 quae
1927 1799 1949 1824 a
1972 1789 2060 1825 fisco
2090 1789 2232 1825 dantur.
2284 1789 2336 1825 Et
2363 1789 2394 1825 Si
2417 1789 2496 1834 quis

264 1846 374 1878 μενον
397 1837 470 1869 τοῖς
493 1832 592 1880 παρὰ
619 1834 684 1868 τοῦ
711 1802 898 1888 §quactum
944 1837 1004 1868 καὶ
1034 1834 1069 1868 εἴ
1094 1836 1137 1880 γε’
1163 1845 1218 1868 τις
1248 1832 1341 1880 παρ’
1413 1838 1556 1879 praeter
1580 1845 1680 1880 spem
1699 1835 1894 1871 accesserit
1917 1838 1953 1870 et
1975 1845 2047 1870 non
2070 1835 2248 1871 inveneris
2270 1844 2351 1870 eum
2375 1836 2495 1870 custo-

266 1877 412 1914 ἐλπίδας
441 1881 593 1926 γένοιτο,
630 1881 689 1913 καὶ
724 1892 788 1922 ουχ
819 1876 934 1926 εὕροις
969 1876 1081 1913 αὐτὸν
1113 1876 1344 1924 φυλάττοντά
1413 1879 1567 1915 dientem
1597 1881 1663 1915 tibi
1695 1880 1799 1916 fidem
1830 1881 1977 1923 iustam,
2015 1880 2116 1915 illum
2157 1880 2297 1926 quidem
2328 1880 2495 1925 expelles,

265 1937 322 1958 σοι
356 1928 482 1960 πίστιν
515 1922 672 1966 δικαίαν,
711 1923 777 1958 τὸν
811 1926 878 1969 μὲν
908 1921 1113 1965 ἀπελάσεις,
1156 1924 1267 1970 ἑτέρῳ
1304 1922 1345 1958 δὲ
1357 1927 1397 1959 35
1412 1924 1483 1960 alio
1508 1935 1590 1960 vero
1615 1926 1727 1961 uteris
1753 1925 1973 1967 consiliario,
2007 1925 2118 1970 legem
2150 1930 2187 1961 et
2217 1925 2390 1962 iustitiam
2414 1935 2495 1961 eum

265 1967 376 2018 χρήσῃ
398 1967 568 2018 παρέδρῳ
590 1969 657 2004 ’τὸν
679 1968 793 2013 νόμον
814 1972 875 2003 καὶ
892 1968 935 2004 τὸ
955 1967 1095 2003 δίκαιον
1115 1967 1206 2013 μετὰ
1226 1969 1343 2003 καθἀ·

265 2094 407 2120 sacram
427 2087 590 2120 nostram
603 2082 875 2130 praqmaticam
890 2083 1112 2118 sanctionem
1134 2082 1303 2119 ostendat
1325 2083 1370 2118 de
1390 2082 1447 2119 his
1463 2083 1663 2130 sem'ptam;
1686 2093 1730 2118 ac
1751 2087 1837 2118 tunc
1857 2083 2001 2129 quidem
2019 2084 2196 2131 suscipies
2213 2084 2319 2121 talem
2338 2084 2494 2120 sanctio-

266 2141 346 2167 nem
368 2140 434 2166 nec
456 2140 541 2165 vero
563 2129 758 2175 quicquam
780 2138 831 2164 ea:
853 2138 897 2163 ea
921 2139 1020 2180 aqes,
1046 2133 1238 2174 antequam
1262 2139 1303 2164 re
1326 2127 1431 2163 nobis
1453 2128 1622 2164 nuntiata
1644 2128 1840 2164 secundum
1855 2133 2089 2175 praeceptum
2113 2133 2277 2164 nostrum
2301 2130 2492 2181 acceperis.

266 2177 286 2211 1
333 2174 407 2211 Sed
426 2179 462 2210 et
481 2175 610 2220 copiae
631 2183 754 2209 rerum
776 2183 1063 2208 necessariarum
1086 2177 1123 2208 et
1142 2184 1293 2220 operum
1314 2173 1512 2209 civitatium
1534 2173 1682 2209 studeas
1706 2184 1891 2220 curesque,
1915 2179 1957 2209 ut
1975 2185 2025 2209 ex
2053 2173 2217 2209 civilibus
2233 2175 2400 2221 pecuniis
2423 2174 2498 2221 ipsi

263 2224 391 2267 patres
417 2219 616 2255 civitatium
639 2229 683 2254 ea
706 2228 801 2264 quae
822 2218 982 2254 maxime
1005 2218 1211 2254 necessaria
1235 2222 1322 2253 sunt
1343 2229 1457 2265 opera
1477 2219 1674 2264 perficiant
1695 2223 1732 2254 et
1746 2218 1918 2265 pontium
1940 2218 2107 2254 similiter
2129 2223 2165 2255 et
2187 2219 2327 2254 viarum
2350 2223 2385 2254 et
2402 2230 2493 2266 por-

267 2270 366 2301 tuum
389 2266 441 2309 (in
463 2263 746 2311 quibuscumque
767 2263 911 2299 omnino
935 2263 1025 2298 locis
1046 2263 1268 2309 provinciae,
1292 2263 1351 2298 cui
1399 2273 1513 2305 raees,
1531 2266 1666 2309 portus
1689 2267 1786 2307 sunt)
1806 2267 1843 2298 et
1861 2275 2047 2299 murorum
2066 2269 2363 2343 curamlqeranu
2385 2268 2494 2310 atque

265 2311 290 2346 2
334 2311 369 2346 si
397 2310 487 2356 quid
517 2309 663 2346 omnino
687 2308 781 2354 fisco
810 2312 846 2343 et
873 2308 1079 2344 civitatibus
1107 2307 1196 2343 utile
1226 2311 1298 2350 est,
1329 2308 1343 2342 i
1397 2311 1435 2343 et
1461 2308 1665 2343 consideres
1690 2312 1726 2344 et
1751 2319 1844 2354 aqas
1867 2313 1903 2343 et
1925 2309 2077 2344 nunties.
2232 2308 2354 2345 abebis
2374 2314 2493 2345 autem

265 2355 394 2391 milites
416 2366 560 2402 quoque
584 2353 647 2400 qui
667 2353 706 2388 in
718 2352 916 2400 provincia
935 2357 1022 2389 sunt
1038 2352 1271 2388 oboedientes
1295 2352 1358 2388 tibi
1381 2353 1420 2388 in
1444 2352 1725 2399 quibuscumque
1747 2353 1793 2388 iis
1812 2353 1863 2388 ad
1879 2353 2013 2389 iustum
2035 2353 2272 2389 ministerium
2297 2353 2495 2400 indiqebis;

265 2411 357 2447 quos
378 2400 440 2436 ubi
462 2400 709 2452 delinquentes
731 2394 1021 2445 deprehenderis,
1051 2402 1087 2434 et
1106 2398 1201 2433 casti
1225 2398 1342 2434 ationi
1363 2397 1516 2434 subicies
1531 2398 1763 2434 convenienti
1785 2402 1822 2434 et
1843 2398 1993 2446 insuper
2015 2403 2058 2434 ut
2078 2409 2129 2435 ex
2153 2399 2317 2445 ipsorum
2339 2399 2495 2434 annonis

264 2445 422 2491 satisfiat
442 2445 489 2481 iis
511 2455 573 2492 qui
597 2443 769 2480 iniuriam
785 2444 893 2491 passi
915 2448 1018 2486 sunt,
1041 2443 1194 2491 provide
1217 2443 1259 2491 is.

397 2513 441 2550 V.
489 2513 566 2550 Nec
580 2523 664 2550 vero
681 2511 837 2559 patieris
848 2511 1056 2559 privileqiis
1078 2511 1165 2547 ullis
1180 2512 1233 2547 uti
1253 2522 1316 2547 eos
1333 2511 1397 2558 qui
1409 2510 1580 2546 iniuriam
1599 2511 1741 2557 facturi
1756 2511 1842 2555 sint,
1865 2510 1930 2548 sed
1947 2511 2042 2547 illud
2057 2511 2174 2547 solum
2193 2511 2232 2547 in
2252 2510 2493 2548 adiumentum

266 2571 388 2595 eorum
408 2558 551 2602 tenebis,
574 2563 617 2594 ut
630 2558 675 2593 ab
697 2559 797 2593 omni
808 2561 920 2604 parte
936 2557 1028 2603 puri
1051 2556 1096 2593 ab
1119 2557 1177 2600 iis,
1203 2567 1357 2602 quorum
1375 2556 1643 2598 insimulantur,
1670 2561 1706 2592 et
1724 2557 1887 2592 insontes
1898 2556 2113 2603 probentur.
2148 2555 2356 2592 Homicidia
2375 2561 2493 2592 autem

266 2610 301 2641 et
319 2604 501 2641 adulteria
520 2607 557 2640 et
579 2603 759 2650 viryinum
781 2606 912 2649 raptus
931 2606 967 2638 et
989 2601 1193 2637 invasiones
1214 2606 1250 2637 et
1272 2601 1526 2648 oppressiones
1545 2612 1626 2636 cum
1645 2602 1835 2637 severitate
1853 2602 1906 2637 ita
1923 2612 2034 2648 perse
2060 2603 2157 2636 ueris
2177 2601 2424 2647 delinquentes
2440 2612 2493 2638 se-

266 2652 286 2686 1
331 2649 486 2686 cundum
509 2653 657 2685 nostras
677 2648 774 2694 leqes
790 2646 992 2695 puniendo,
1018 2651 1058 2682 ut
1078 2657 1282 2693 paucorum
1301 2658 1369 2693 sup
1398 2645 1481 2681 licio
1504 2646 1668 2692 reliquos
1684 2657 1806 2682 omnes
1822 2657 1950 2682 serves.
2041 2645 2194 2692 nprimis
2208 2656 2292 2682 vero
2312 2646 2494 2692 officiales

268 2700 350 2731 tuos
371 2694 552 2731 coercebis
574 2705 639 2730 nec
657 2693 843 2741 permittes
865 2691 922 2734 iis,
946 2696 989 2727 ut
1009 2691 1174 2727 subditos
1191 2696 1339 2727 nostros
1361 2658 1572 2738 ‹gt-spolient,
1596 2702 1712 2737 neque
1731 2696 1773 2726 ut
1791 2691 1982 2727 videantur
2001 2702 2024 2726 a
2043 2696 2075 2726 te
2097 2691 2188 2743 reqi,
2209 2702 2250 2727 rc
2269 2701 2356 2727 vera
2374 2695 2491 2727 autem

266 2741 291 2776 2
336 2744 435 2776 tuum
458 2739 648 2776 consilium
671 2742 812 2791 repant.
907 2737 1062 2784 Operam
1086 2748 1171 2773 vero
1196 2736 1319 2779 dabis,
1343 2740 1385 2772 ut
1406 2736 1513 2772 etiam
1537 2746 1754 2772 assessorem
1778 2740 1814 2772 et
1835 2737 1870 2771 si
1891 2736 1973 2782 quis
1995 2736 2089 2771 alius
2119 2747 2218 2771 circa
2243 2741 2277 2771 te
2297 2736 2357 2779 sit,
2378 2736 2494 2789 eliqas

267 2786 381 2822 virum
404 2785 535 2821 bonum
559 2789 596 2820 et
617 2795 712 2820 omna
737 2794 789 2820 ex
804 2787 917 2830 parte
939 2783 1121 2830 inteqrum
1151 2786 1186 2818 et
1217 2786 1422 2818 contentum
1445 2781 1492 2816 iis
1523 2792 1618 2827 quae
1639 2792 1663 2816 a
1684 2781 1775 2826 fisco
1798 2780 1943 2817 dantur.
1990 2782 2044 2817 Ac
2070 2781 2103 2816 si
2134 2781 2216 2828 quis
2247 2792 2267 2817 e
2322 2783 2494 2817 eetauom·

269 2836 351 2867 tuae
379 2831 501 2878 impar
529 2829 686 2867 evaserit
707 2840 858 2875 eumque
881 2828 1086 2875 reppereris
1106 2827 1215 2873 fidem
1240 2827 1304 2863 tibi
1331 2827 1464 2862 iustam
1491 2837 1566 2862 non
1591 2837 1748 2869 servare,
1779 2826 1880 2862 illum
1903 2825 2047 2872 quidem
2070 2826 2244 2874 expelles,
2321 2826 2351 2862 'o
2374 2831 2491 2863 autem

312 2944 333 2978 2
351 2939 479 2984 τύπον]
498 2940 539 2976 τὸ
554 2942 600 2976 L¹
615 2943 628 2985 ΙΙ
646 2937 765 2975 τούτω
780 2942 810 2974 L
827 2942 890 2974 hoc
903 2953 923 2977 ς
937 2940 949 2982 ΙΙ
967 2936 1051 2974 τότε
1069 2952 1110 2996 γε
1125 2941 1228 2982 LBc]
1248 2938 1290 2974 τό
1306 2953 1347 2987 γε
1414 2946 1432 2977 5
1465 2942 1622 2985 suscipies
1646 2941 1694 2975 R¹
1721 2940 1734 2987 fl
1765 2943 1782 2974 7
1817 2940 1984 2983 civilibus]
2016 2928 2125 2974 Elibu
2155 2941 2205 2976 V¹
2235 2940 2292 2985 (al.
2318 2951 2358 2974 ex
2380 2940 2488 2973 cuius-

269 2989 314 3022 M
328 2987 342 3034 ΙΙ
361 2991 379 3022 3
405 2987 444 3028 ἐξ
467 3001 525 3021 om.
551 2988 614 3021 M‘
629 2986 642 3031 ΙΙ
666 2990 686 3021 4
711 2983 878 3019 δεύτεοον
903 2986 950 3019 L¹
977 2985 989 3030 ΙΙ
1010 2981 1100 3032 ὑπερ
1120 2983 1264 3019 τούτων
1288 2999 1346 3019 om.
1411 2987 1495 3021 libet
1513 2989 1558 3032 ql.
1572 2987 1719 3030 Accurs.)
1735 2986 1748 3031 Ι
1765 2988 1886 3030 patres]
1907 2990 2016 3029 partes
2033 2987 2061 3020 Ο
2082 2986 2138 3026 (al.
2158 2988 2269 3029 partes
2283 2985 2346 3028 1⁷⁸)
2363 2985 2412 3029 118
2432 2996 2487 3018 ne-

269 3032 354 3078 '5118
379 3030 506 3067 αὐτοὺς
527 3028 591 3067 ἅτε
614 3017 829 3076 πατέραςΜ
843 3029 926 3065 τοὺς
949 3027 1013 3064 ἅτε
1035 3032 1193 3078 πατέρας
1207 3031 1243 3064 Β
1267 3028 1348 3064 τοὺς
1413 3033 1551 3066 cessarie
1572 3032 1690 3077 V²119
1712 3034 1881 3075 portuum]
1903 3032 2048 3074 portium
2071 3031 2121 3064 12¹
2136 3030 2149 3076 ΙΙ
2171 3033 2212 3066 10
2237 3031 2390 3074 *portusJ
2413 3041 2488 3074 por-

269 3080 365 3115 πατέ
385 3089 425 3113 ας
448 3079 511 3119 Le,
539 3077 617 3112 τῶν
640 3075 784 3111 πόλεων
805 3078 883 3111 add.
905 3090 930 3110 ι.
954 3089 983 3112 υ.
1005 3076 1054 3110 L²
1085 3078 1207 3119 (patres
1231 3076 1347 3108 civita·
1413 3082 1574 3120 tuumque
1598 3079 1670 3119 (om.
1687 3077 1743 3119 0¹,
1762 3079 1918 3120 portuum
1936 3076 1994 3118 0²)
2015 3078 2094 3110 libri
2107 3075 2178 3155 {bil
2204 3079 2254 3110 est
2275 3076 2456 3110 omninoR
2477 3074 2490 3120 ΙΙ

268 3128 340 3158 tum
376 3125 441 3165 ul.,·
454 3127 496 3168 cs.
511 3124 710 3165 Cod.1‚4‚26
724 3127 831 3165 §9,12.
848 3124 980 3164 10‚44,3
992 3126 1007 3162 §
1020 3130 1050 3160 13
1065 3134 1135 3155 nov.
1149 3121 1354 3155 CXXVIII
1413 3122 1549 3166 publico
1563 3123 1611 3156 Β)
1628 3122 1642 3166 ΙΙ
1660 3124 1701 3157 12
1723 3123 1757 3155 et
1780 3121 1952 3164 cogitabis]
1978 3124 2011 3155 et
2031 3134 2090 3156 om.
2153 3120 2167 3166 ΙΙ
2189 3123 2227 3155 15
2251 3121 2489 3154 ministrer-ium

269 3184 295 3204 c.
313 3171 378 3212 16).
418 3170 497 3213 Leq.
522 3165 646 3202 αὐταῖς
668 3166 748 3201 τοὺς
768 3168 935 3212 πατέρας,
955 3168 1007 3200 vel
1028 3165 1110 3200 τούς
1134 3163 1257 3200 αὐτῶν
1280 3178 1347 3199 πα·
1417 3169 1448 3201 R
1473 3168 1486 3213 ΙΙ
1516 3169 1627 3210 *quos
1650 3168 1691 3210 si]
1715 3167 1832 3210 quodsi
1856 3167 1933 3200 libri
1960 3165 1972 3211 ΙΙ
2003 3169 2044 3201 16
2067 3167 2088 3189 *
2101 3165 2243 3209 subponi
2265 3165 2487 3208 castigationi]

268 3215 395 3293 τέραῗ
410 3215 423 3259 Ι
441 3217 462 3249 9
487 3214 871 3292 ποιεῖνἘΒςΞπονῙεέν
885 3211 960 3298 111Ιὲ
974 3214 1012 3245 10
1025 3225 1073 3290 εἷ.
1098 3206 1190 3291 ὅέιές
1205 3210 1295 3299 ῖηεῖ
1312 3223 1349 3289 ξι
1414 3213 1475 3291 sitrb
1495 3214 1597 3292 ἕᾶῃέἱ
1630 3213 1846 3292 osis7tig¹atipiisig
1864 3213 1952 3290 ¹1.in
1957 3212 1984 3277 ιΙΙ
1991 3255 2004 3302 ¹¹
2014 3212 2148 3291 ‹liegentg
2142 3211 2206 3289 ηιξ
2206 3211 2361 3290 ttgptgfflzi
2375 3210 2489 3295 17ίζτ1]

270 3273 378 3339 ἵξιτας
391 3259 473 3349 {¹¹}
488 3270 720 3351 iesvffifpffgm
736 3257 810 3336 τόΙῒς
828 3257 1149 3345 ἥδζιγριῖειὸῑιῗὲἷνοιςΙ,Βο
1165 3267 1238 3346 urps)
1263 3269 1348 3346 ?tgo-
1415 3269 1526 3337 incias
1540 3271 1588 3336 ‘R‘
1624 3257 1629 3302 Ι
1661 3301 1674 3348 ΙΙ
1693 3268 1984 3337 2083ὺτεοζτιιαδίε
1996 3301 2031 3335 R
2047 3301 2060 3345 fl
2075 3267 2125 3342 ui]
2147 3304 2180 3334 et
2198 3301 2245 3334 R·
2255 3299 2304 3334 1⁷⁸
2317 3264 2487 3351 agi-gari

269 3353 408 3393 νομίων
431 3351 463 3384 L
478 3349 491 3395 ΙΙ
510 3351 553 3385 24
576 3345 807 3396 σφοδρότατα
831 3348 862 3380 L
881 3347 893 3391 ΙΙ
910 3349 951 3381 25
977 3343 1059 3380 κατ’
1084 3342 1217 3393 ὀλίγων
1234 3347 1268 3380 Β
1292 3349 1348 3390 (cs.
1415 3362 1474 3382 om.
1490 3347 1541 3382 R¹
1569 3346 1582 3392 ΙΙ
1609 3351 1643 3381 et
1669 3349 1747 3382 add.
1773 3349 1859 3392 vuly.
1889 3347 1902 3389 ΙΙ
1929 3349 1971 3381 22
1999 3347 2212 3389 iurgiumque
2233 3345 2267 3379 V
2328 3345 2371 3397 222.
2394 3353 2486 3376 inva-

272 3408 341 3427 nov.
355 3396 475 3429 XXX
491 3407 518 3429 c.
534 3397 571 3429 11
589 3397 670 3438 pr.)]
688 3391 769 3427 κατ’
792 3389 913 3438 ὀλίγον
928 3393 1021 3428 MLc
1037 3392 1050 3436 ΙΙ
1067 3394 1110 3426 26
1133 3394 1302 3437 τιμωρίᾳ]
1327 3387 1349 3434 ἡ
1415 3394 1524 3426 siones
1547 3396 1580 3426 et
1603 3395 1673 3435 eet]
1698 3403 1756 3426 nes
1779 3395 1813 3427 et
1828 3411 1872 3417 ——
1890 3393 1934 3426 24
1955 3392 2134 3434 delinquen
2155 3390 2262 3434 suppl.
2348 3401 2382 3422 m
2401 3396 2486 3431 spat.

271 3443 426 3484 τιμωρία
450 3441 481 3474 L
504 3441 562 3482 (cs.
588 3442 620 3481 ς)
643 3439 656 3483 ΙΙ
683 3441 724 3474 30
752 3435 907 3484 γνώμης]
932 3434 1053 3481 νόμοις
1078 3436 1169 3480 Μ”ΙΙ
1193 3433 1234 3470 δὲ
1258 3437 1348 3478 ΜΒ]
1414 3451 1485 3472 vac.
1515 3437 1529 3482 Ι]
1559 3439 1602 3472 24
1631 3438 1786 3483 corriges]
1818 3437 1946 3478 corrige
1971 3438 2002 3470 R
2037 3435 2201 3477 corrigere
2229 3433 2309 3468 VO·
2331 3432 2345 3477 ΙΙ
2369 3442 2486 3466 secun-

272 3482 339 3529 γὰρ
361 3486 391 3517 L
412 3499 469 3519 om.
495 3498 514 3522 ς
534 3484 548 3527 Ι]
573 3487 617 3519 34
640 3480 704 3526 οὐχ
727 3482 829 3530 εὗρεν
852 3483 884 3516 L
909 3483 922 3526 ΙΙ
950 3485 992 3517 36
1016 3481 1208 3527 καθαρῶν]
1233 3481 1349 3515 καθἀ-
1414 3483 1505 3523 dum]
1529 3493 1586 3515 sn
1613 3483 1712 3524 (aeti)
1735 3484 1783 3517 V¹
1809 3482 1823 3527 n
1851 3483 1894 3517 25
1925 3481 2009 3515 alios
2030 3480 2131 3524 only]
2159 3489 2218 3531 ,⁸⁰⁸
2245 3480 2277 3520 (e
2300 3490 2339 3511 esc
2361 3489 2382 3510 ο
2404 3490 2485 3512 corr.

274 3527 344 3573 ρῶς
366 3530 397 3562 L
1414 3529 1461 3569 R)
1482 3528 1617 3562 RVTO
1633 3528 1645 3580 Ι]
1664 3531 1705 3563 27
1730 3528 1899 3571 pertinens
1926 3528 1970 3560 0¹
1996 3526 2009 3569 ΙΙ
2031 3526 2073 3560 28
2095 3523 2245 3575 subiectu
2264 3522 2344 3567 13⁰1]
2362 3524 2405 3556 29
2430 3533 2485 3574 vo-

1413 3572 1550 3614 luntati]
1575 3575 1717 3607 ueritate
1737 3573 1785 3606 R·
1811 3572 1946 3606 ueritati
1960 3569 2011 3605 R’
2032 3568 2047 3615 Ι
2068 3570 2111 3604 30
2133 3567 2260 3601 ruerint
2280 3567 2342 3611 71]
2367 3569 2405 3601 31
2434 3578 2485 3600 ιιι-

1414 3628 1527 3651 rorum
1550 3618 1679 3652 VR²O¹
1703 3617 1718 3663 Ι
1747 3619 1789 3652 32
1825 3619 2049 3660 contemptum
2069 3613 2130 3647 VO
2157 3612 2172 3657 Ι
2198 3611 2279 3655 quid
2303 3612 2336 3647 R
2358 3613 2445 3658 vuly.
2474 3612 2487 3659 ΙΙ

318 3664 339 3697 2
362 3664 556 3706 scripturam
577 3665 625 3698 7ι
647 3664 661 3709 ΙΙ
686 3664 844 3708 suscipies
868 3663 928 3704 13¹1
959 3663 1141 3705 suscipiens
1165 3662 1215 3696 13²
1224 3662 1315 3696 VTO
1415 3664 1457 3698 35
1482 3662 1576 3696 utilis
1604 3664 1632 3698 0
2336 3696 2339 3697 ⁷

276 3711 295 3743 3
309 3718 384 3751 ages
396 3709 492 3752 vulq]
512 3719 610 3750 agens
625 3710 654 3741 R
667 3710 756 3742 VTO
772 3710 783 3752 ΙΙ
803 3711 822 3743 4
843 3708 1032 3749 secundam]
1051 3708 1091 3741 ad
1103 3706 1278 3741 secundam
1288 3706 1323 3740 7
