2586 3990
254 137 359 182 Nov.
381 136 498 180 CXII
527 138 565 178 2.
595 138 622 179 3

251 259 328 281 των
347 248 406 279 καὶ
422 243 697 288 δαπανημάτων
713 242 863 280 δέκατον
880 247 984 291 μέρος
999 245 1061 288 τῆς
1077 246 1323 300 περιεχομένης

251 292 303 332 τῴ
327 289 459 333 βιβλίῳ
490 288 691 332 ποσότητος
720 287 1012 332 ἀποκαταστήσει
1034 290 1090 332 τῷ
1105 289 1322 324 αιτιαθέντι.

251 336 281 368 εί
305 332 344 367 δὲ
365 334 459 368 εἴποι
489 334 538 378 μὴ
563 331 728 380 εὐπορεῖν
758 335 932 381 ἐγγυητὴν
956 332 1101 377 δοῦναι,
1123 335 1324 376 τηνικαῦτα

251 378 349 423 παρὰ
363 379 416 421 τῷ
433 376 596 425 δικαστῇ,
615 375 702 427 παρ’
718 371 818 424 ᾧπερ
833 377 855 422 ἡ
871 377 1048 414 ὑπόθεσις
1069 377 1190 422 μέλλει
1205 377 1323 430 ἐξετά-

251 423 393 465 ζεσθαι,
412 423 489 457 τῶν
504 421 528 456 οἱ

249 469 358 502 τοῦτο
391 464 481 503 αὐτὸ
513 436 871 513 ὸζαβεβαιωσασθαι,
903 471 963 501 καὶ
993 480 1108 502 ουτως
1138 467 1323 511 ἐνώμοτον

251 511 364 547 αὑτὸν
386 512 606 548 ἐκτίθεσθαι
625 511 820 560 ὁμολογίαν
844 516 903 547 καὶ
923 509 973 546 δι’
988 509 1096 556 αὐτῆς
1118 509 1212 564 ὅπερ
1227 509 1322 547 ἂνω-

249 559 271 594 1
317 559 411 603 τέρω
427 557 564 602 εἴρηται
583 556 812 605 ὁμολογῆσαι.
871 558 902 592 εἰ
922 555 962 591 δὲ
976 557 1025 601 μὴ
1042 558 1159 591 ταῦτα
1173 555 1322 591 ἅπαντα

249 601 354 655 κατὰ,
373 602 439 637 τὸν
470 604 657 657 εἰρημένον
680 603 861 650 πραχθείη
884 601 1035 655 τρόπον,
1066 599 1238 646 οὐδεμίαν
1255 602 1323 636 τὸν

1318 130 1402 179 526

2112 141 2117 144 ’
2142 147 2202 178 DE
2228 144 2461 177 Lmolosls

1390 243 1482 278 mine
1513 243 1684 279 decimam
1714 247 1851 290 partem
1881 244 1959 281 eius
1989 245 2196 291 quantitatis
2250 253 2318 279 uae
2339 243 2458 279 libello

1392 287 1594 324 continetur
1623 288 1765 332 pulsato
1795 289 1968 326 restituet.
2013 291 2051 326 Si
2079 294 2198 326 autem
2255 289 2264 296 '
2291 288 2359 325 erit
2387 298 2460 324 non

1393 333 1505 368 valere
1528 332 1773 368 fideiussorem
1795 333 1895 375 dare,
1926 335 2012 371 tunc
2041 335 2136 380 apud
2164 334 2316 370 iudicem
2345 343 2368 370 ε.
2413 343 2459 368 uo

1391 387 1503 413 causa.
1531 377 1767 413 examinanda.
1797 381 1853 412 est
1885 379 2018 415 sanctis
2073 379 2240 425 repositis
2271 344 2460 422 evangeiiis

554 427 621 457 ίων
636 421 852 479 εὐαγγελίων
876 426 1121 476 προκειμένων
1141 419 1192 457 δι’
1216 420 1321 468 ὅρκου
1358 427 1377 458 5
1390 432 1455 466 per
1477 426 1738 458 sacramentum
1762 422 1830 458 hoc
1853 422 1968 467 ipsum
1991 423 2037 460 ad
2052 425 2162 466 ‘rmet,
2194 429 2230 460 et
2251 424 2302 459 sic
2324 423 2458 458 iurato-

1390 467 1478 502 rism
1503 468 1701 503 cautionem
1724 472 1878 512 exponat
1900 470 1936 502 et
1957 478 2021 513 per
2035 478 2113 504 eam
2133 470 2223 505 haec
2247 477 2338 513 quae
2355 476 2460 512 supe-

1390 511 1464 547 rius
1488 511 1586 548 dicta
1610 516 1693 547 sunt
1715 511 1935 557 profiteatur.

1391 559 1413 593 1
1460 556 1497 592 Si
1525 567 1608 593 vero
1640 567 1712 592 non
1741 557 1830 592 haec
1862 556 1979 592 omnia
2012 567 2104 602 quae
2132 558 2369 603 praediximus
2405 566 2459 593 se-

1392 601 1544 637 cundum
1575 602 1772 638 antelatum
1802 602 1944 640 modum
1971 603 2226 646 processerint,
2256 603 2460 638 nullatenus

249 648 466 700 ἐναγομενον
489 648 681 693 απόκρισιν
704 650 759 691 τῷ
775 650 972 694 έκβιβαστῃ
991 647 1221 690 ποιήσασθαι
1242 659 1321 692 συγ·
1338 650 1378 682 10
1391 647 1572 726 §uitiatum
1605 657 1814 692 responsum
1849 647 1970 681 faeere
2007 648 2188 683 executori
2221 647 2458 684 concedimus.

248 704 441 736 χωρουμεν.
490 693 520 727 εἰ
541 690 581 726 δὲ
599 693 698 738 παρὰ
721 693 788 735 τὴν
807 692 1121 737 μνημονευθεῖσαν
1141 689 1323 726 διατύπω-

249 748 309 770 σιν
330 735 353 779 ἢ
375 738 453 771 τῶν
476 735 659 771 δικαστῶν
680 748 734 771 τις
765 735 786 780 ἢ
808 735 830 780 ἡ
854 736 955 778 τάξις
979 734 1088 771 αὐτοῦ
1118 735 1142 780 ἢ
1170 734 1322 779 ὁςτιςδή-

249 794 339 816 ποτε
368 782 445 816 τῶν
476 783 705 827 έκβιβαστῶν
735 779 945 826 ὑπομνῆσαί
972 795 1057 816 τινα
1085 780 1270 826 τολμήσει,
1301 778 1320 815 ὁ

248 828 316 870 μὲν
331 824 499 870 δικαστὴς
513 830 574 861 καὶ
589 825 611 870 ἡ
627 827 726 868 τάξις
743 824 851 862 αὐτοῦ
869 823 940 860 ἀνὰ
958 825 1043 860 δέκα
1058 828 1188 871 χρυσοῦ
1203 825 1324 872 λίτρας

1426 701 1482 727 am
1513 692 1543 727 si
1577 692 1668 727 citra
1698 695 1926 727 memoratam
1957 690 2221 736 dispositionem
2248 696 2312 728 sut
2334 691 2460 736 aliquis

1390 736 1548 772 iudicum
1577 740 1641 772 aut
1665 735 1823 772 officium
1852 736 1928 772 eius
1952 736 2006 771 vel
2029 736 2174 789 quilibet
2203 741 2372 773 executor
2395 736 2459 773 ali·

1391 791 1495 826 quem
1518 781 1703 817 convenire
1726 781 2014 826 praesumpserit,
2038 781 2143 817 iudex
2163 781 2301 827 quidem
2323 785 2360 817 et
2379 781 2459 818 offi-

1391 826 1485 862 cium
1508 826 1583 862 eius
1609 826 1779 862 denarum
1801 826 1972 862 librarum
1993 826 2071 861 auri
2089 835 2241 871 poenam
2259 826 2460 869 sustinebit,

249 871 380 914 ποινὴν
403 872 548 919 εἰςπραχ
593 873 749 915 ’σονται,
779 869 888 906 αὐτὸς
916 870 955 905 δὲ
977 870 998 905 ὁ
1024 871 1238 916 ἐκβιβαστὴς
1261 872 1323 914 τῆς
1338 872 1467 916 15ipse
1490 873 1609 906 autem
1633 875 1804 907 executor
1833 871 1964 916 negotii
1995 875 2031 906 et
2062 870 2350 907 confiscationem
2373 880 2461 906 suae

249 914 458 951 ὑποθέσεως
492 920 552 951 καὶ
606 917 748 960 ημεύσει
779 914 1079 960 ὑποβληθὴσεται
1114 919 1173 950 καὶ
1205 916 1323 961 ἐξορία

249 965 461 996 πενταετίας
483 959 808 1007 κατακριθήσεται,
837 963 900 1004 τῆς
923 962 1050 1004 ποινῆς
1073 959 1241 1005 δηλονότι
1262 962 1324 1004 τῆς

249 1007 288 1040 ἐκ
310 1007 374 1040 τοῦ
405 1005 518 1051 νόμου
547 1004 768 1053 ἁρμοζούσης
795 1004 954 1050 κινδύνῳ
985 1007 1051 1041 τοῦ
1075 1006 1166 1040 κατὰ
1196 1005 1324 1053 καιρὸν

249 1049 485 1092 ένδοξοτάτου
503 1051 667 1104 κόμητος.
676 1052 753 1105 τῷν
774 1052 893 1086 θείων
915 1050 1021 1096 ἡμῶν
1044 1050 1238 1097 πριβάτων
1261 1052 1324 1085 εἰς·

1391 916 1610 952 substantiae
1634 916 1789 960 patietur
1815 918 1852 952 et
1874 916 1978 951 exilio
2002 915 2255 961 quinquennali
2278 915 2460 952 damnabi-

1391 966 1460 1002 tur,
1484 971 1602 1006 poena
1624 961 1791 997 videlicet
1812 971 1856 996 ex
1875 961 1943 996 hac
1965 961 2042 1005 lege
2062 963 2281 1006 competente
2304 960 2461 1006 periculo

1391 1006 1456 1041 viri
1479 1005 1655 1049 magnifici
1678 1017 1744 1051 pro
1762 1010 1920 1050 tempore
1944 1005 2083 1042 comitis
2106 1015 2225 1041 rerum
2246 1006 2461 1050 privatarum

1393 1051 1564 1095 exigenda
1601 1054 1636 1085 et
1670 1052 1784 1087 nostri
1816 1051 1893 1086 fisci
1932 1050 2064 1086 viribus
2101 1050 2296 1086 inferenda.
2349 1050 2461 1086 Omne

248 1108 387 1139 πραττο
415 1099 494 1139 ε’νης
525 1100 585 1130 καὶ
607 1109 679 1150 acy(
693 1099 854 1143 ημετέρῳ
887 1100 1005 1142 φίσκῳ
1036 1097 1322 1151 1εἰς’κομιιὲομένης.
1337 1099 1379 1132 20
1393 1099 1511 1131 autem
1535 1095 1758 1140 dispendium
1782 1096 1875 1141 quod
1897 1096 2060 1141 pulsatus
2083 1106 2128 1131 ex
2147 1095 2216 1131 hae
2231 1095 2462 1131 conventione

249 1143 351 1175 πᾶσα
405 1143 422 1174 ὲ
452 1144 561 1186 ζημία
591 1139 637 1185 ἦν
661 1154 690 1195 ο,
707 1141 886 1176 αἰτιαθεὶς
917 1143 955 1175 ἐκ
978 1153 1109 1184 ταυτης
1139 1153 1201 1184 της
1224 1141 1324 1186 παρὰ

1392 1144 1534 1186 praeter
1556 1145 1715 1176 tenorem
1738 1146 1881 1177 nostrae
1910 1141 1997 1185 legis
2021 1141 2119 1176 facta
2142 1150 2330 1186 perpessus
2353 1140 2462 1176 fuerit

248 1186 317 1229 τὴν
333 1184 487 1230 δύναμιν
509 1187 574 1220 τοῦ
594 1198 775 1233 παροντος
798 1186 911 1229 νόμου
934 1184 1126 1229 μεθοδείας
1149 1183 1324 1233 ὑπομείνῃ
1392 1196 1435 1221 ex
1466 1185 1629 1230 petitoris
1662 1186 1864 1222 substantia.
1894 1187 2035 1231 pulsato
2066 1186 2282 1222 resarcietur
2304 1185 2461 1230 periculo

249 1232 288 1264 ἐκ
318 1232 381 1274 τῆς
402 1228 523 1265 οὐσίας
545 1232 610 1265 τοῦ
634 1232 822 1278 ἐνάγοντος
850 1232 903 1275 τῷ
928 1232 1122 1274 έναχθέντι
1145 1231 1323 1276 θεραπευ-
1391 1230 1528 1274 iudicis,
1554 1230 1655 1266 cuius
1678 1231 1723 1266 ab
1747 1235 1938 1267 executore
1961 1231 2122 1266 detentus
2147 1233 2219 1273 est,
2243 1240 2308 1266 nec
2331 1240 2402 1265 non
2425 1233 2462 1265 et

249 1275 406 1318 θήσεται
436 1274 592 1319 κινδύνῳ
623 1277 687 1310 τοῦ
712 1274 880 1310 δικαστοῦ
912 1268 1051 1311 οὗτινος
1074 1273 1146 1311 ὑπὸ
1179 1277 1244 1310 τοῦ
1268 1277 1323 1309 ex·
1391 1276 1500 1311 officii
1522 1276 1616 1321 quod
1639 1275 1714 1311 eius
1737 1275 1954 1312 iussionibus
1979 1275 2215 1318 obsecundat,
2242 1279 2283 1311 ut
2305 1274 2462 1319 undique

248 1322 427 1376 βιβαστοῦ
447 1321 659 1365 συνεσχέθη,
682 1319 724 1355 οὗ
744 1321 817 1365 μὴν
833 1318 922 1355 ἀλλὰ
944 1324 1004 1355 καὶ
1027 1322 1089 1365 τῆς
1106 1322 1241 1362 τάξεως
1264 1321 1325 1364 τῆς
1338 1323 1379 1356 25
1393 1324 1515 1356 nostro
1542 1320 1691 1365 imperio
1715 1330 1869 1366 superna
1891 1321 2076 1357 maiestate
2101 1321 2306 1363 [divinitate]
2340 1319 2462 1356 crediti

249 1366 350 1409 αυτῷ
374 1366 603 1410 πειθομένης,
627 1364 715 1400 ὥςτε
734 1366 970 1409 πανταχόθεν
991 1366 1075 1401 τοὺς
1092 1367 1145 1409 τῷ
1162 1364 1322 1411 ἡμετέρῳ
1391 1376 1457 1410 pro
1478 1375 1545 1401 sua
1566 1366 1798 1402 indemnitate
1820 1366 2007 1402 laetentur.
2056 1365 2191 1402 Causas
2207 1374 2289 1401 vero
2312 1374 2403 1409 quae
2418 1374 2462 1400 ex

249 1409 372 1456 κράτει
407 1411 505 1456 παρὰ
537 1413 598 1454 τῆς
633 1411 786 1446 ἄνωθεν
823 1412 934 1456 ῥοπῆς
967 1411 1324 1446 καταπιστευθέντας
1394 1421 1570 1447 consensu
1585 1410 1769 1456 utriusque
1784 1412 1896 1457 partis
1910 1411 1949 1446 in
1962 1411 2094 1446 iudicio
2109 1414 2294 1446 moventur
2312 1420 2334 1445 a
2346 1419 2463 1455 poena

250 1452 419 1500 ἀβλαβεῖς
435 1455 677 1502 φυλαχθῆναι.
720 1457 784 1491 Τὰς
802 1454 842 1491 δὲ
860 1454 959 1492 δίκας
974 1456 1039 1490 τὰς
1053 1456 1146 1490 κατὰ
1162 1459 1323 1490 συναίνε-
1391 1456 1498 1492 huius
1523 1456 1785 1493 constitutionis
1807 1457 1938 1492 liberas
1960 1466 2039 1491 esse
2063 1456 2283 1491 decernimus
2309 1459 2347 1490 et
2369 1454 2463 1490 sicut

249 1513 310 1535 σιν
324 1502 491 1546 ἑκατέρου
506 1505 631 1547 μέρους
649 1503 690 1536 ἐν
705 1499 924 1548 δικαστηρίῳ
943 1504 1152 1544 κινουμένας
1166 1502 1230 1544 τῆς
1245 1513 1324 1535 ποι·
1393 1501 1471 1538 aliis
1493 1501 1627 1538 nostris
1651 1502 1853 1538 continetur
1874 1501 2191 1538 constitutionibus
2213 1500 2404 1536 terminati.

249 1547 312 1589 νῆς
341 1547 405 1590 τῆς
438 1547 482 1593 τῇ
513 1545 675 1594 παρούσῃ
708 1544 870 1587 διατάξει
904 1548 1104 1593 ἐγκειμένης
1137 1544 1326 1590 ἐλευθέρας
1338 1548 1379 1581 30

249 1590 342 1625 εἶναι
371 1591 597 1635 θεσπίζομεν
626 1595 687 1626 καὶ
717 1591 820 1626 καθὰ
850 1594 927 1626 ταῖς
957 1590 1081 1625 ἄλλαις
1110 1588 1216 1635 ἡμῶν
1247 1588 1326 1625 δια·-

250 1635 374 1677 τάξεσι
397 1640 597 1683 περιέχεται
621 1634 902 1672 διατυποῦσθαι.

1228 1747 1383 1784 CAPUT
1405 1747 1470 1783 111.

316 1817 455 1852 Πασῶν
485 1814 526 1851 δὲ
553 1817 631 1850 τῶν
654 1814 873 1851 ὑποθέσεων
902 1814 945 1850 τὸ
971 1819 1080 1861 πέρας
1110 1814 1323 1860 βουλόμενοι
1458 1814 1622 1851 Omnium
1645 1825 1728 1851 vero
1761 1824 1947 1850 causarum
1975 1815 2083 1850 finem
2113 1815 2270 1851 volentes
2303 1814 2463 1850 celeriter

250 1861 436 1906 συντόμως
453 1864 618 1907 προϊέναι
635 1864 695 1895 καὶ
710 1864 787 1895 ταῖς
803 1863 952 1896 ἐκείνων
971 1864 1204 1906 πανουργίαις
1220 1862 1323 1894 έναν·
1389 1860 1574 1905 provenire
1609 1863 1645 1896 et
1674 1860 1817 1896 illorum
1851 1860 2129 1904 malignitatibus
2163 1860 2366 1901 obviamus,
2403 1861 2463 1905 qui

249 1906 450 1952 τιούμεθα,
491 1907 594 1952 οἵπερ
630 1907 812 1953 έναγωγὰς
843 1905 959 1950 μόνον
991 1907 1245 1952 προτιθέασιν,
1280 1902 1322 1940 οὗ
1336 1908 1377 1941 35
1389 1905 1633 1940 tantummodo
1664 1907 1869 1950 proponunt
1900 1905 2076 1948 actiones,
2111 1906 2238 1941 nolunt
2260 1909 2378 1941 autem
2402 1915 2461 1941 us-

249 1951 446 1997 βούλονται
467 1950 508 1986 δὲ
528 1955 630 1996 μέχρι
653 1954 805 1998 πέρατος
833 1952 894 1994 τῆς
925 1949 1021 1994 δίκης
1050 1950 1199 1986 ταύταις
1221 1950 1322 1991 ἐπεξ-
1390 1960 1458 1994 que
1480 1950 1526 1985 ad
1545 1950 1651 1985 finem
1675 1959 1839 1986 exercere
1862 1950 2048 1993 iudicium,
2074 1950 2232 1986 dicentes
2255 1950 2365 1994 legem
2385 1959 2463 1986 esse

251 2001 358 2039 ιε’ναι,
382 1997 543 2043 λέγοντες
566 1995 680 2041 νόμον
703 1996 795 2030 εἶναι
818 1996 885 2030 τὸν
909 1994 1164 2040 διαγορεύοντα
1186 1993 1322 2038 μηδένα
1389 2005 1482 2040 quae
1505 1995 1663 2031 decernit
1685 1995 1860 2031 neminem
1885 1995 2048 2040 compelli
2072 1996 2231 2031 actiones
2255 2005 2340 2031 suas
2363 2005 2462 2030 exer-

249 2044 314 2077 τὰς
334 2043 463 2077 οἰκείας
485 2041 668 2088 ἐναγωγὰς
691 2038 966 2087 ἀναγκάζεσθαι
990 2040 1126 2075 ἄκοντα
1149 2038 1322 2087 έγγυμνά-
1390 2050 1470 2076 cere
1489 2040 1678 2076 nolentem.
1724 2040 1775 2075 Et
1793 2040 1887 2076 hanc
1903 2039 2011 2085 igitur
2027 2041 2237 2086 pravitatem
2261 2041 2463 2086 extinguere

250 2090 334 2131 ζειν.
380 2091 441 2121 καὶ
463 2087 599 2130 ταύτην
631 2089 756 2120 τοίνυν
784 2085 853 2129 τὴν
876 2089 1099 2132 πανουργίαν
1123 2082 1327 2129 ἀποσβέσαι

319 2180 359 2213 15
372 2190 419 2220 sq.
444 2185 660 2221 arqumentum
684 2184 813 2210 notatur
835 2171 927 2209 Ῥοπ.
954 2176 1007 2217 28,
1028 2183 1071 2209 15.

249 2278 371 2304 sarum
394 2265 535 2302 nomine
554 2265 726 2301 decimam
774 2267 887 2300 artem
908 2263 1123 2310 quantitatis
1145 2273 1239 2310 quae
1262 2262 1382 2299 libello
1407 2263 1610 2299 continetur
1634 2265 1803 2299 accusato
1827 2273 1904 2299 esse
1918 2263 2174 2299 restituturum.
2210 2261 2350 2307 Quodsi
2367 2264 2465 2302 dicat

249 2325 288 2349 se
303 2312 446 2359 copiam
461 2322 536 2346 non
552 2310 683 2346 habere
702 2310 732 2356 fi
757 2309 951 2345 eiussorem
969 2307 1093 2351 dandi,
1119 2312 1191 2344 tum
1211 2308 1312 2355 apud
1327 2307 1479 2343 iudicem
1503 2308 1603 2355 apud
1625 2319 1728 2360 quem
1745 2318 1856 2343 causa
1875 2307 2117 2344 examinanda
2138 2311 2191 2344 est
2207 2309 2344 2344 sanctis
2358 2321 2463 2346 evan-

249 2358 354 2404 qeliis
370 2355 575 2404 propositis
597 2354 832 2390 iureiurando
854 2353 895 2389 id
915 2354 1033 2400 ipsum
1055 2353 1252 2398 confirmet,
1277 2356 1386 2406 atque
1407 2354 1461 2389 ita
1483 2354 1695 2388 iuratortam
1718 2354 1919 2389 cautionem
1939 2352 2106 2389 exhibeat
2128 2357 2164 2389 et
2179 2364 2248 2400 per
2270 2365 2348 2389 eam
2371 2366 2464 2400 quae

249 2405 271 2439 1
314 2413 429 2449 supra
451 2401 548 2437 dicta
569 2404 654 2436 sunt
668 2400 875 2447 promittat.
956 2397 999 2434 Si
1015 2409 1099 2434 vero
1121 2398 1210 2433 haec
1233 2408 1354 2434 omnia
1368 2397 1562 2434 secundum
1578 2397 1808 2445 praedictum
1831 2398 1976 2434 modum
1999 2402 2080 2434 acta
2096 2408 2168 2434 non
2184 2399 2267 2441 sint,
2284 2400 2462 2445 permitti-

249 2458 328 2484 mus
355 2451 395 2483 ut
425 2446 562 2482 nullum
589 2456 675 2480 reus
696 2444 886 2481 eoeecutori
908 2454 1120 2490 responsum
1143 2442 1211 2479 det.
1259 2442 1395 2486 Quodsi
1423 2447 1550 2478 contra
1574 2443 1843 2489 dispositionem
1865 2442 1971 2478 modo
1994 2447 2224 2479 memoratam
2254 2443 2311 2479 vel
2332 2444 2464 2490 aliquis

249 2504 300 2530 ex
317 2491 495 2528 iudicibus
517 2490 573 2526 vel
595 2490 757 2536 officium
781 2489 859 2525 eius
877 2489 934 2525 vel
949 2488 1065 2535 quivis
1082 2493 1257 2524 executor
1277 2487 1470 2524 admonere
1487 2487 1641 2534 aliquem
1665 2498 1776 2523 ausus
1793 2488 1850 2530 sit,
1874 2499 1897 2523 a
1916 2487 2033 2524 iudice
2050 2489 2126 2524 eius
2151 2498 2196 2524 ue
2212 2488 2338 2534 officio
2355 2488 2463 2524 dena-

249 2548 330 2573 rum
353 2537 525 2572 librarum
549 2536 632 2571 auri
647 2545 774 2582 poena
796 2534 976 2580 exiyetur,
999 2534 1078 2580 ipse
1101 2537 1219 2568 autem
1238 2537 1413 2569 executor
1428 2533 1503 2568 litis
1518 2532 1609 2569 adeo
1631 2533 1870 2579 publicationi
1890 2532 2065 2568 bonorum
2087 2544 2131 2568 su
2154 2532 2280 2569 icietur
2301 2536 2338 2569 et
2360 2534 2463 2580 quin-

250 2582 422 2629 quennali
444 2580 557 2617 exilio
581 2579 823 2621 damnabitur,
845 2583 887 2614 ut
902 2589 1026 2625 poena
1049 2578 1211 2614 videlicet
1233 2589 1283 2614 ex
1302 2577 1381 2624 leqe
1403 2579 1569 2624 irrogata
1586 2577 1753 2624 periculo
1779 2577 2029 2624 qloriosissimi
2050 2588 2122 2624 pro
2148 2582 2306 2624 tempore
2328 2578 2465 2614 comitis

249 2637 438 2664 sacrarum
459 2629 665 2661 nostrarum
688 2635 809 2660 rerum
823 2624 1056 2671 privatarum
1079 2623 1253 2669 eoeiqatur
1278 2627 1315 2660 et
1339 2623 1431 2668 fisco
1462 2626 1588 2658 nostro
1621 2622 1814 2669 inferatur.
1864 2621 1974 2659 Omne
1999 2628 2119 2658 autem
2149 2623 2336 2666 damnum,
2367 2623 2466 2670 quod

251 2676 442 2709 accusatus
463 2681 513 2707 cx
536 2669 605 2706 ltac
628 2669 860 2705 conventione
882 2672 1009 2704 contra
1024 2668 1233 2714 praesentis
1255 2667 1346 2714 leqis
1366 2672 1521 2704 tenorem
1542 2668 1649 2714 facta
1668 2678 1801 2715 passus
1829 2667 1894 2711 sit,
1924 2678 1974 2703 ex
2003 2667 2205 2703 substantia
2236 2668 2371 2704 actoris
2400 2679 2464 2705 reo

250 2718 428 2753 sarcietur
445 2715 611 2762 periculo
635 2714 766 2750 iudicis
788 2714 890 2749 cuius
914 2713 957 2749 ab
981 2717 1174 2749 executore
1204 2712 1367 2749 detentus
1389 2717 1458 2756 est,
1493 2723 1558 2748 nec
1588 2723 1660 2748 non
1682 2712 1800 2758 officii
1821 2711 1920 2759 quod
1939 2712 1973 2747 ei
1997 2711 2215 2758 obsequitur,
2251 2716 2291 2748 ut
2314 2713 2377 2759 qui
2392 2724 2463 2760 po-

252 2762 384 2799 tentiae
413 2765 559 2797 nostrae
588 2771 611 2795 a
640 2769 777 2795 summo
807 2759 951 2794 numine
982 2758 1110 2793 crediti
1137 2761 1221 2793 sunt
1248 2758 1406 2804 undique
1436 2756 1619 2793 indemnes
1644 2762 1839 2794 serventur.
1884 2755 1983 2793 Lites
2000 2767 2085 2792 vero
2103 2767 2196 2803 quae
2218 2767 2268 2793 ex
2289 2767 2464 2793 consensu

252 2808 438 2853 utriusque
454 2805 578 2853 partis
600 2805 637 2839 in
661 2803 794 2840 iudicio
817 2807 1004 2839 moventur
1026 2814 1049 2838 a
1069 2813 1191 2849 poena
1222 2804 1260 2838 in
1275 2803 1465 2850 praesenti
1495 2802 1749 2839 constitutione
1771 2802 1965 2850 proposita
1988 2800 2119 2837 liberas
2139 2811 2215 2837 esse
2237 2806 2272 2837 et
2295 2801 2461 2848 quemad«

252 2851 395 2889 modum
419 2850 546 2887 ceteris
568 2848 883 2885 constitutionibus
905 2848 1041 2884 nostris
1064 2847 1266 2884 continetur
1288 2848 1435 2894 disponi
1456 2847 1646 2884 sancimus.

386 2896 450 2932 ΙΙΙ.
500 2895 585 2932 Cum
609 2898 726 2930 autem
749 2894 903 2929 omnium
927 2903 1119 2928 causarum
1139 2892 1248 2938 finem
1270 2893 1432 2929 celeriter
1447 2891 1649 2940 procedere
1671 2892 1829 2934 velimus,
1853 2890 1998 2927 illorum
2019 2901 2162 2937 quoque
2182 2890 2378 2936 fraudibus
2400 2890 2461 2926 ad-

252 2953 446 2984 versamur,
471 2941 536 2987 qui
557 2938 800 2975 tantummodo
825 2939 983 2973 actiones
1003 2941 1217 2985 proponunt
1238 2948 1303 2974 nec
1326 2943 1442 2974 tamen
1465 2948 1528 2974 eas
1549 2948 1663 2983 usque
1685 2937 1735 2973 ad
1748 2937 1856 2983 finem
1876 2935 1950 2971 litis
1963 2935 2135 2988 persequi
2149 2934 2283 2978 volunt,
2308 2935 2463 2972 dicentes

253 2988 366 3034 leqem
394 2997 470 3022 esse
502 2995 596 3031 quae
626 2988 751 3020 caveat
780 2994 824 3019 ne
854 2983 936 3029 quis
965 2982 1127 3019 actiones
1155 2993 1243 3018 suas
1264 2993 1434 3019 exercerc
1462 2983 1595 3019 invitus
1623 2987 1785 3028 coqatur.
1832 2980 1938 3016 Hanc
1962 2982 2075 3027 iqitur
2095 2979 2264 3026 fraudem
2294 2991 2374 3016 cum
2397 2992 2461 3016 ex-

1393 3073 1496 3106 latum
1518 3073 1567 3106 V¹
1585 3073 1598 3116 11
1614 3072 1808 3115 processerit
1831 3070 1908 3115 T¹fl
1935 3072 1975 3105 10
1999 3080 2188 3113 responsum
2214 3083 2272 3104 om.
2294 3071 2343 3104 V¹
2359 3070 2373 3114 fl
2389 3081 2462 3104 exe-

1393 3119 1512 3159 cutori]
1539 3128 1733 3151 *ooo-noos
1754 3117 1815 3159 V¹,
1831 3129 1889 3150 om.
1903 3115 1979 3158 1³¹1}
1998 3118 2036 3150 11
2061 3116 2087 3148 Bi
2103 3116 2198 3156 citra]
2225 3129 2263 3146 σε
2280 3115 2367 3148 citur
2378 3116 2427 3149 13²
2450 3117 2463 3159 11

1393 3167 1431 3196 ut
1445 3163 1568 3205 aliquis
1582 3163 1630 3196 Β*
1648 3162 1661 3206 11
1681 3163 1721 3197 12
1735 3161 1887 3204 quilibet]
1903 3161 2024 3202 quibus
2038 3160 2085 3193 T¹
2111 3160 2222 3202 quiuis
2235 3159 2286 3194 Τ2
2299 3162 2312 3203 11
2330 3159 2463 3194 eioutor

1395 3208 1451 3252 ΤΙΙ
1477 3210 1519 3243 14
1543 3208 1714 3242 denarium
1736 3206 1796 3250 ΥΕ
1824 3208 1862 3240 17
1883 3207 2000 3249 poena]
2026 3218 2088 3236 0·-
2112 3206 2160 3238 R¹
2177 3206 2190 3249 11
2207 3216 2246 3239 ex
2269 3205 2342 3247 buc]
2367 3208 2400 3238 et
2422 3215 2461 3239 ex

1393 3254 1454 3286 hac
1470 3252 1525 3298 711
1552 3255 1591 3287 21
1618 3254 1749 3295 praeter
1767 3250 1817 3286 V²
1832 3253 1864 3285 in
1881 3263 1946 3284 ναε.
1971 3251 1984 3294 11
2008 3250 2093 3283 facta
2117 3251 2314 3291 Zachariae]
2338 3250 2459 3283 fautum

1391 3299 1511 3338 (sactus
1531 3298 1593 3340 13⁸)
1620 3299 1697 3332 libri
1755 3297 1798 3331 22
1819 3295 1954 3338 petitori
1977 3296 2025 3329 V¹
2049 3294 2063 3339 11
2085 3295 2351 3337 res(?)sartietur
2374 3294 2408 3328 T
2415 3294 2424 3315 ¹
2448 3293 2461 3337 1

1394 3345 1436 3377 24
1459 3343 1603 3376 inesibus
1624 3342 1680 3386 Vn
1696 3352 1717 3376 ο
1791 3341 1919 3374 undant
1937 3341 1970 3374 T
1977 3340 1987 3360 ¹
2003 3340 2016 3383 11
2034 3342 2076 3374 25
2096 3350 2238 3384 superna
2256 3340 2325 3380 eut-1
2345 3337 2403 3390 jus
2415 3357 2458 3363 —

1393 3398 1506 3421 causas
1527 3400 1590 3421 scr.
1607 3387 1657 3421 Β*
1673 3389 1705 3422 in
1721 3399 1787 3421 ras.
1802 3388 1819 3421 1
1837 3398 1946 3420 vasus
1970 3385 1983 3429 11
2006 3386 2188 3426 maiestate]
2211 3387 2270 3418 tun
2290 3385 2458 3416 maiestate

321 3078 343 3110 4
364 3072 456 3119 παρ’
483 3065 584 3117 ᾧπερ
607 3086 665 3107 om.
679 3074 745 3107 111⁰
761 3073 774 3116 11
789 3070 908 3116 μέλλει
932 3071 1169 3114 ἐξετάζεσθαι
1190 3069 1213 3115 ἦ
1237 3069 1325 3106 ὑπό-

254 3122 358 3157 θεσις
371 3121 419 3155 B·
434 3132 462 3154 v.
478 3121 499 3152 l.
517 3119 530 3163 11
546 3117 835 3165 έκγυμνάζεσθαι
848 3118 879 3151 L
896 3118 909 3161 ΙΙ
925 3119 946 3151 6
971 3113 1085 3151 αὖτὸν
1103 3119 1164 3159 13⁶,
1180 3130 1238 3151 om.
1252 3117 1303 3151 B!
1314 3117 1327 3161 11

255 3164 535 3211 βεβαιώσασθαι
553 3165 637 3198 LB⁶
655 3163 668 3203 11
683 3165 704 3198 9
720 3159 892 3206 οὐδεμίαν
910 3162 988 3195 τῶν
1004 3163 1036 3196 L
1053 3163 1066 3206 11
1086 3165 1126 3197 10
1138 3160 1328 3196 ποιεῖσθαι

257 3214 288 3246 L
312 3211 460 3254 ποιῆσαι
481 3210 531 3243 B!
550 3209 563 3246 ΙΙ
590 3210 630 3242 13
646 3204 817 3259 τολμήσοι
829 3207 876 3240 Μ
883 3208 896 3251 Η
924 3209 965 3242 14
980 3205 1101 3259 λίτρας
1115 3207 1245 3259 χρυσοᾷ
1262 3207 1304 3259 Β·
1315 3207 1327 3249 11

259 3259 299 3291 19
324 3253 570 3295 ἐνδοξοτάτου]
593 3253 762 3295 magnifici
783 3251 829 3297 ς11
847 3251 998 3296 κόμητος
1017 3263 1080 3294 της
1100 3252 1204 3286 θείας
1223 3264 1327 3295 ημων

256 3303 460 3357 περιουσίας
480 3300 516 3333 Β
545 3299 676 3332 comitis
697 3308 818 3353 rerum*
831 3298 1034 3352 privutarum
1059 3309 1078 3333 ς
1090 3298 1152 3351 Iul.
1171 3298 1185 3341 11
1208 3298 1250 3332 20
1272 3297 1325 3330 τῶ

256 3358 416 3425 ξ’ῗῖῖἴ
436 3342 828 3431 Ῐὲἔᾷίωαῇαέἔιςτὶ
854 3339 1328 3430 W‘sstffltssfflsffssl'

258 3433 447 3489 ὑπέμεινεν
459 3434 517 3473 Bt,
541 3430 714 3506 ὑπομένυῖ
727 3434 890 3511 Sgrlimyfr
914 3433 927 3476 11
953 3433 1004 3512 ἳὲ
1018 3431 1165 3511 σᾶύιὲεστιν
1188 3430 1266 3476 L‘fl
1285 3433 1323 3465 31
1394 3433 1463 3510 ΊῘζΙΙΙ
1492 3432 1687 3513 {isvilrilli'tarzz⁸
1695 3432 2064 3511 {zlffifflmggevviffi
2077 3426 2458 3508 Ξῗίλαέξαιοῃιῃῖΐέῗῗέ

259 3480 358 3513 καθα
376 3481 446 3513 ML
454 3480 511 3520 B‘]
534 3478 632 3512 καθα
659 3479 693 3511 B
723 3478 736 3521 u
819 3479 946 3520 νυμον]
1000 3490 1018 3510 ⁰
1043 3501 1051 3509 Ι
1095 3503 1104 3520 ’
1379 3477 1483 3555 aeuotoni·
1496 3488 1656 3556 iudiciiin
1668 3521 1848 3555 deseruerit
1858 3476 2004 3560 (dederiti¹
2007 3521 2053 3561 R)
2065 3497 2170 3552 RTo’·
2183 3529 2283 3569 guar-q.
2294 3518 2344 3557 (ez
2356 3518 2433 3558 Iul.)
2446 3518 2459 3561 11

1393 3567 1547 3600 Omnium
1568 3568 1673 3609 Beck]
1702 3567 1839 3600 Omnem
1863 3567 1940 3599 libri
1958 3566 1971 3609 11
1997 3566 2040 3599 34
2061 3571 2234 3614 proyenire
2253 3561 2359 3602 Beck]
2384 3573 2457 3604 per-

1393 3611 1507 3644 uenire
1532 3614 1609 3646 libri
1621 3612 1634 3656 11
1660 3613 1704 3647 36
1725 3611 1886 3644 iudicium
1904 3611 2004 3654 vulp]
2027 3606 2139 3642 iuditii
2161 3606 2266 3639 RVT
2286 3605 2298 3648 ΙΙ
2324 3608 2363 3658 37
2377 3618 2456 3658 ‘me—

1392 3656 1580 3743 Ξὲἶξηίἰξί*
1603 3656 1809 3702 apneminem
1836 3657 1887 3690 T‘⁸
1903 3654 1917 3702 Ι
1931 3661 2078 3688 exemero
2099 3660 2174 3685 suns
2198 3650 2231 3684 T
2243 3650 2255 3695 11
2273 3652 2315 3685 38
2340 3654 2455 3696 igitur]

327 3612 347 3644 2
370 3612 514 3653 pulssuto
536 3611 593 3656 Vl]
612 3612 763 3645 restituet
782 3611 844 3654 13²]
868 3612 1017 3645 restituit
1031 3611 1125 3645 R²V
1141 3610 1327 3646 restituerit

265 3655 314 3687 T¹
349 3657 501 3688 restituat
526 3656 674 3700 T²vul9⁷
700 3656 713 3700 11
743 3658 762 3690 5
787 3656 930 3689 affirmat
957 3655 1038 3700 T¹fl
1067 3658 1086 3690 7
1110 3656 1327 3698 profiteantur

267 3698 381 3741 T¹118
404 3701 635 3742 praediximus]
661 3711 819 3734 numus
841 3701 919 3744 13¹1]
941 3703 961 3736 9
985 3700 1179 3741 antelatum]
1205 3710 1326 3734 nne-
