2618 4010
258 108 365 153 Nov.
395 109 538 153 XVIH
570 112 607 153 7.
637 111 663 152 8

257 216 298 254 οὗ
322 218 500 266 πράξειεν,
532 217 620 254 ἀλλὰ
644 218 945 265 διεσκεδασμόνην
968 218 1082 256 οὕτως
1111 222 1171 254 καὶ
1200 221 1241 254 ἐν
1261 222 1336 256 τοῖς

257 263 437 299 πλείστοις
459 262 664 311 ἀμάρτνρον
688 262 903 313 ὑπογραφὴν
926 265 1132 309 ποιήσαιτο,
1156 265 1247 300 ἴστω
1270 279 1334 321 μη·

257 308 319 343 δὲν
342 311 518 344 ἐντεῦθεν
541 313 614 344 τοῖς
633 313 740 346 παισὶ
759 310 929 357 παρέξων
949 309 1084 357 ὄφελος,
1103 307 1183 344 ἀλλ’
1207 306 1255 345 ὠς
1278 323 1334 346 ου-

257 353 358 390 δενός
408 357 577 399 ενομένσυ
601 352 851 410 διαιρήσονται
881 355 950 399 τὴν
977 354 1106 391 οὐσίαν
1136 353 1174 389 οἱ
1199 353 1334 398 παῖδες,

1336 106 1416 154 134

1906 127 1965 158 DE
1993 128 2186 159 TRIENTE
2213 129 2272 160 m*
2300 129 2481 162 SEMISSE

1403 230 1563 266 sparsam
1580 222 1633 275 sic
1649 225 1686 258 et
1701 223 1908 278 plerumque
1923 226 2001 262 sino
2016 226 2218 263 testimonio
2242 227 2478 275 subscriptio·

1402 276 1483 302 nem
1507 266 1648 309 fecerit,
1678 271 1769 304 sciat
1791 269 1880 307 mlul
1901 270 1987 307 hinc
2010 271 2092 308 filiis
2119 282 2198 308 sese
2255 273 2478 310 raebiturum

1403 311 1587 363 utilitatis,
1619 312 1682 365 sed
1705 314 1806 365 quasi
1829 314 1917 354 nihil
1946 316 1995 352 sit
2027 317 2182 361 factum,
2252 317 2371 354 vident
2394 318 2480 354 sub-

1403 358 1571 391 stantiam
1598 356 1679 400 filu,
1710 360 1867 396 incertas
1889 363 1926 396 et
1952 361 2158 408 plerumque
2180 362 2257 398 sine
2279 363 2480 399 testimonio

256 403 333 434 ταῖς
354 397 378 434 ἀ
403 397 496 443 ἡλοις
518 402 579 434 καὶ
607 403 701 435 κατὰ
730 414 772 437 το
804 400 975 437 πλεῖστον
997 399 1223 454 ἱἀμαρτύρως
1250 414 1334 448 γρα-
1370 406 1390 437 5
1405 401 1685 447 conscriptiones
1716 414 1790 439 non
1817 409 2024 484 sequentes,
2054 416 2170 453 neque
2192 407 2369 444 iudicibus
2394 418 2479 444 cau-

256 447 339 490 φαῒς
361 442 425 479 οὐκ
445 440 735 489 ἀκολουθοῦντες,
759 443 843 482 οὐδὲ
865 448 943 481 τῶν
965 459 1033 489 την
1056 443 1240 480 verdinense
1262 459 1334 494 κρι-

255 487 400 524 νόντων
424 486 495 534 (οὓς
518 489 563 535 δὴ
585 492 650 526 τοῦ
672 491 828 528 familiae
852 490 1082 528 erciscundae
1105 489 1277 525 καλοῦσιν
1300 490 1337 526 οἱ

255 534 359 589 νρμοι
378 533 564 578 δικαστάς)
586 537 745 572 ἕπεσθαι
763 537 902 572 τούτοις
918 533 1232 590 ἀναγκαζομένων.
1272 538 1337 571 Δεῖ

1401 455 1476 526 lsae,
1502 457 1591 526 qtlilos
1615 447 1751 502 iudices
1776 449 1860 484 fami
1875 459 1932 502 iae
1953 449 2219 506 herciscundae
2233 453 2329 498 leges
2353 463 2400 505 ap
2428 453 2477 488 el-

1402 495 1796 575 affluentius?
1821 494 1943 574 iffi.
1967 495 2392 588 2‘21'1‘1'51‘5211‘55232121912‘1'11‘
2400 508 2478 578 135?

253 593 323 627 γαρ
342 584 511 627 προνοεῖν
533 579 578 616 ἇκ
601 583 689 627 ιβῶς
709 584 770 626 τῆς
792 583 871 617 τῶν
892 579 1038 616 παίδων
1055 580 1252 628 ασφαλείας
1274 584 1334 615 καὶ
1402 581 1496 625 nire,
1528 582 1625 618 aliud
1655 584 1722 619 sub
1754 594 1875 620 errore
1903 584 2117 630 relinquere,
2151 587 2248 632 quod
2281 587 2479 624 difficilium

254 624 308 681 ,uir¹
326 624 370 661 τὸ
392 627 460 671 μὲν
482 623 582 673 ἆσφα
615 628 769 670 'geo-901⁶,
800 626 842 661 τὸ
868 624 907 660 δὲ
934 624 1221 670 καταλιμπάνειν
1244 625 1547 672 nia-10iusuper
1570 630 1606 664 et
1629 628 1884 671 insolubilium,
1909 630 2036 666 crebro
2058 632 2165 667 etiam
2190 633 2337 668 erimina
2360 633 2477 669 feren-

256 683 431 715 νωμενον,
463 669 736 720 δυςκολωτέρων
758 675 813 707 ἔτι
836 674 895 705 καὶ
924 669 1068 705 ἀλύτων
1098 669 1266 707 πολλάκις
1295 670 1336 706 δὲ

1402 672 1492 707 tium
1516 683 1707 709 causarum
1736 675 1961 710 occasionem
1985 680 2152 720 praestet.
2200 677 2254 713 De
2277 679 2476 715 successio-

1403 717 1507 754 nibus
1530 718 1651 764 itaque
1675 723 1711 755 et
1734 719 1777 755 de
1802 719 2054 756 collationibus
2077 724 2115 756 et
2137 722 2229 767 aliis,
2257 733 2350 768 quae
2373 733 2477 769 prae-

255 718 315 750 καὶ
338 717 387 752 εἰς
409 715 614 796 ἐῖικλὴματα
635 719 823 774 ᾳζερουσῶν
844 717 974 750 αἰτιῶν
993 713 1160 764 ἀφορμὴν
1183 715 1333 770 παρεχρ-

253 774 419 842 mbae
440 806 563 843 ἄλλων
586 822 664 843 των
687 810 959 854 προειρημένων
981 809 1083 854 μέχρι
1107 806 1212 842 τοῦδε
1235 821 1334 843 νενο-

252 850 491 897 μοθετήσθω.
1350 855 1391 888 15

458 765 513 808 ερὶ
534 765 603 808 μὲν
623 776 690 817 ρυν
719 760 901 804 διαδοχῶν
933 774 973 796 τε
1003 764 1063 795 καὶ
1092 774 1335 810 συνεισφορων
1404 762 1501 799 dicta
1524 769 1618 806 sunt,
1643 775 1757 810 usque
1779 765 1817 801 in
1841 765 1910 801 hoc
1934 766 2111 802 sancitum
2135 767 2192 803 sit.

1223 966 1380 1003 CAPUT
1406 967 1503 1003 VIII.

1448 1035 1611 1071 Studium
1633 1045 1716 1072 vero
1740 1036 2010 1080 malivolentiae,
2036 1038 2131 1084 quod
2154 1038 2196 1074 fit
2218 1041 2264 1076 ab
2289 1039 2479 1084 aliquibus,

254 1092 331 1113 νων
363 1078 503 1123 σπουδὴ
531 1077 727 1127 ἀναγκαῖον
752 1093 838 1123 ημιν
866 1081 1013 1122 ἐποίησε
1043 1093 1111 1123 την
1133 1081 1197 1114 τοῦ
1221 1078 1333 1125 δήμου
1403 1081 1644 1117 necessarium
1661 1082 1764 1117 nobis
1781 1082 1867 1118 fecit
1882 1084 1997 1127 plebis
2011 1084 2128 1119 denuo
2143 1084 2399 1129 legislationem
2417 1095 2480 1131 ap-

254 1122 367 1158 πάλαι
399 1125 626 1169 νομοθεσίαν
655 1122 928 1167 ἀποδέξασθαι,
959 1122 1005 1168 ἢν
1036 1122 1097 1159 διά
1128 1137 1226 1160 τινος
1255 1127 1333 1160 τῶν
1403 1127 1573 1171 probare,
1605 1137 1713 1171 quam
1736 1137 1800 1172 per
1824 1128 2000 1172 quendam
2024 1140 2170 1165 suorum
2194 1129 2344 1174 protulit
2367 1130 2480 1166 tribu·

253 1170 395 1203 οἰκείων
417 1172 442 1204 ἔ
459 1181 552 1217 ραψε
585 1167 786 1214 δημάρχων,
819 1169 886 1213 τὴν
916 1172 980 1204 τοῦ
1008 1168 1201 1205 Ἀκουιλίου
1230 1182 1331 1217 προς·
1402 1182 1538 1214 norum,
1563 1182 1654 1216 quae
1677 1173 1812 1218 Aquilii
1835 1175 2133 1218 nuncupationem
2157 1175 2202 1210 ab
2226 1175 2287 1210 illo
2313 1185 2416 1211 susce
2442 1175 2480 1219 it,

253 1228 317 1261 ηγο
340 1218 401 1249 ίαν
424 1183 462 1256 ἐξ
485 1217 622 1250 ἐκείνου
645 1213 855 1259 δεξαμένην,
887 1212 980 1250 καθ’
1006 1213 1051 1259 ἣν
1081 1216 1121 1256 ἐξ
1151 1215 1333 1263 ἀρνήσεως
1347 1220 1388 1252 20
1402 1217 1596 1253 secundum
1621 1228 1727 1263 quam
1756 1215 1838 1262 pro'
1852 1219 2088 1263 abnegatione
2115 1220 2317 1265 duplicibus
2349 1186 2478 1256 subge-

254 1259 318 1294 διπ
342 1263 395 1294 αῖς
417 1257 577 1305 ὑπέβαλε
600 1264 677 1295 ταῖς
708 1258 908 1307 εῖςπράξεσι
931 1259 1012 1296 τοὺς
1039 1258 1266 1308 ἀγνωμονεῖν
1293 1275 1333 1296 τε
1401 1263 1465 1298 bat
1487 1262 1735 1299 exactionibus
1759 1263 2007 1299 malevolentes
2032 1268 2069 1300 et
2101 1265 2278 1309 abnegare
2301 1268 2477 1310 temptan-

253 1308 312 1339 καὶ
331 1302 527 1352 ἀρνεῖσθαι
551 1309 809 1352 πειρωμένους·
834 1302 926 1341 ὅπου
946 1318 985 1353 γε
1006 1304 1050 1349 δὴ
1070 1309 1130 1340 καὶ
1151 1305 1257 1341 ἄλλαι
1280 1321 1330 1341 τι·
1401 1311 1474 1352 tes3
1506 1308 1568 1343 ubi
1598 1307 1705 1343 etiam
1737 1308 1828 1343 aliae
1859 1309 2032 1354 quaedam
2065 1311 2224 1346 actiones
2253 1310 2300 1346 ad
2331 1310 2481 1346 eundem

253 1353 309 1385 νὲς
330 1347 468 1398 ἀγωγαὶ
497 1364 525 1386 π
548 1350 586 1386 ὸς
608 1350 676 1395 τὴν
701 1348 814 1395 αὐτὴν
845 1348 1020 1398 ὥρμησαν
1043 1350 1157 1392 τάξιν.
1202 1349 1282 1386 ἀλλ’
1310 1349 1332 1395 ἡ
1402 1356 1592 1398 coaptatae
1625 1355 1710 1388 sunt
1741 1354 1910 1389 ordinem.
1960 1354 2031 1390 Sed
2055 1356 2225 1400 paulatim
2257 1358 2385 1400 putata
2408 1356 2479 1391 cle-

253 1394 345 1430 κατὰ
365 1395 495 1443 μικρὸν
523 1365 680 1431 δοκοῦσα
711 1395 979 1444 φιλανθρωπία
1009 1395 1141 1440 λέληθε
1164 1395 1231 1439 τὴν
1254 1398 1331 1431 τῶν
1400 1399 1534 1433 mentia
1557 1398 1667 1434 oblita
1697 1402 1753 1433 est
1776 1399 1975 1443 iniquorum
2009 1400 2166 1435 enutrire
2197 1400 2478 1436 malivolentiam.

253 1446 509 1489 πονηροτέρων
539 1439 804 1489 ἀγνωμοσύνην
827 1442 1052 1488 ἐκθρέψασα.
1101 1440 1166 1476 Διὸ
1196 1440 1241 1486 δὴ
1272 1445 1331 1476 καὶ
1346 1446 1386 1478 25
1402 1443 1639 1487 Quamobrem
1664 1444 1770 1478 etiam
1795 1444 1896 1479 nobis
1929 1446 2166 1480 necessarium
2195 1446 2309 1481 visum
2339 1449 2395 1482 est
2426 1446 2479 1481 in·

253 1483 337 1531 ἡμῖν
359 1484 563 1534 ἀναγκαίως
585 1485 708 1528 ἔδοξεν
731 1489 826 1529 ἔχειν
849 1486 911 1521 τὰς
929 1485 1099 1533 ἀπρεπεῖς
1123 1500 1162 1521 τε
1186 1491 1246 1521 καὶ
1270 1486 1332 1522 οὐκ
1402 1489 1570 1524 decentes
1600 1493 1636 1524 et
1667 1491 1790 1533 turpes
1822 1490 2077 1534 abnegationes
2107 1490 2312 1535 praedictae
2343 1501 2480 1536 poenae

253 1530 471 1577 εὐσχήμονας
486 1534 564 1567 τῶν
577 1530 765 1577 ἀρνήσεων
781 1534 826 1580 τῇ
846 1533 1000 1579 ῥηθείσῃ
1015 1534 1034 1575 ζ
1057 1534 1193 1577 μιῶσαι
1210 1534 1331 1579 ποινῇ.
1405 1534 1578 1570 subicere.
1615 1534 1653 1570 Si
1672 1534 1767 1569 enim
1789 1535 1979 1578 protulerit
1997 1536 2124 1580 aliquis
2143 1536 2368 1580 scripturam,
2393 1536 2482 1571 alter

255 1578 300 1611 Εἰ
321 1577 389 1624 γὰρ
410 1576 627 1625 προφέροιτό
650 1590 748 1612 τινος
770 1577 967 1624 συγγραφή,
992 1575 1011 1612 ὁ
1057 1580 1073 1612 ἑ
1097 1575 1210 1621 αὐτὴν
1234 1578 1332 1624 ἐξαρ-
1403 1583 1522 1614 autem
1546 1590 1624 1615 eam
1648 1579 1844 1623 negaverit,
1877 1591 1957 1615 cum
1987 1581 2125 1616 litteras
2150 1581 2226 1616 eius
2257 1581 2399 1626 habeat,
2429 1581 2480 1616 ita

253 1625 352 1657 νοῖτο
372 1626 432 1657 καὶ
454 1625 571 1658 ταῦτα
587 1622 780 1670 γράμματα
799 1626 950 1665 ἔχουσαν
967 1620 1088 1665 αὐτοῦ,
1114 1623 1161 1658 ὠς
1179 1622 1332 1670 ἀναγκα-
1403 1629 1443 1659 ut
1463 1625 1711 1661 necessitatem
1733 1625 1892 1669 patiatur
1909 1629 2010 1660 actor
2027 1636 2156 1662 causas
2180 1626 2256 1671 pati
2279 1626 2375 1662 circa
2422 1636 2478 1662 ro-

253 1667 394 1711 σθῆναι
416 1667 483 1703 τὸν
507 1667 689 1703 διώκοντα
713 1667 907 1715 πράγματα
936 1667 1128 1713 ὑπομεῖναι
1160 1672 1241 1716 περὶ
1266 1667 1333 1711 τὴν
1347 1674 1388 1705 30
1404 1670 1584 1706 bationem
1615 1670 1708 1713 eius,
1742 1674 1805 1704 aut
1833 1670 1971 1706 litteras
1997 1671 2136 1716 quidem
2167 1671 2357 1717 suscipiat,
2410 1671 2480 1707 ‘cat

253 1711 430 1748 σύστασιν
454 1711 577 1757 αὐτῆς,
602 1710 624 1757 ἢ
647 1711 692 1748 τὰ
715 1716 781 1758 μὲν
805 1713 998 1760 γράμματα
1022 1711 1177 1757 δέχοιτο,
1210 1712 1334 1760 φήσειε
1402 1720 1521 1751 autem
1545 1726 1618 1751 non
1641 1715 1797 1751 solutum
1821 1715 1976 1751 debitum
2002 1717 2086 1758 sibi,
2117 1720 2154 1752 et
2184 1716 2389 1762 probaverit
2410 1717 2479 1752 hoc

253 1755 294 1792 δὲ
322 1758 372 1803 μὴ
401 1758 703 1804 καταβεβλῆσθαι
735 1758 777 1793 τὸ
807 1762 904 1806 χρέος
937 1755 1053 1803 αὐτῷ,
1088 1762 1148 1793 καὶ
1180 1763 1313 1793 συσταί
1401 1760 1565 1805 legitimis
1589 1761 1703 1796 modis
1722 1763 1837 1796 actor:
1861 1761 2191 1797 condemnationem
2208 1762 2378 1798 adversus
2399 1772 2479 1797 eum

252 1800 371 1847 τούτῳ
389 1808 550 1849 νομίμοις
568 1802 716 1851 τρόποις
732 1801 926 1838 ὁδιώκων·
950 1803 1017 1846 τὴν
1036 1802 1236 1847 καταδίκην
1247 1818 1316 1838 κατ
1402 1806 1579 1850 duplicem
1601 1807 1638 1841 in
1661 1808 1814 1851 utroque
1839 1816 1927 1841 casu
1957 1807 2034 1842 fieri
2065 1808 2260 1852 sancimus;
2291 1818 2365 1843 non
2419 1807 2479 1842 uia

254 1846 363 1883 αὐτοῦ
388 1847 586 1885 διπλασίαν
609 1846 670 1895 ἐφ’
697 1849 864 1896 ἑκατέρου
889 1849 1049 1893 θέματος
1070 1849 1244 1897 γίνεσθαι
1267 1849 1331 1884 θε-
1401 1851 1637 1887 amarioribus
1673 1851 1810 1894 legibus
1843 1851 2071 1896 delectamur,
2103 1852 2166 1888 sed
2190 1852 2274 1898 quia
2303 1852 2383 1888 lites
2396 1819 2477 1888 qho-

253 1895 447 1939 σπίζομεν·
481 1893 545 1948 οὐχ
567 1891 624 1929 ὅτι
647 1897 721 1929 τοῖς
751 1898 973 1941 πικροτέροις
995 1895 1073 1928 τῶν
1101 1894 1227 1939 νόμων
1250 1892 1329 1936 ἧδό-
1343 1898 1385 1930 35
1398 1907 1478 1931 rum
1498 1896 1652 1933 minores
1674 1896 1857 1938 efficimus,
1880 1899 2055 1942 quatenus
2072 1898 2200 1934 timore
2217 1907 2356 1944 poenae
2371 1897 2478 1934 citius

252 1939 371 1982 μεθα,
400 1937 480 1975 ἀλλ’
506 1937 564 1975 ὅτι
593 1938 656 1974 τὰς
678 1937 780 1974 δίκας
803 1938 863 1974 διὰ
887 1938 1031 1974 τούτων
1055 1937 1222 1974 ἐλάττους
1245 1937 1332 1974 ἀπο-

253 1983 441 2029 τελοῦμεν·
478 1982 566 2020 ὦςτε
599 1985 653 2029 τῷ
689 1983 761 2019 δέει
792 1986 853 2028 τῆς
884 1985 1009 2028 ποινῆς
1040 1984 1183 2019 θᾶττον
1207 1980 1335 2018 αὐτοὺς

297 1029 343 1067 ‘H
374 1032 413 1068 δὲ
446 1037 529 1081 περὶ
565 1033 632 1077 τὴν
661 1032 922 1088 ἀγνωμοσύνην
952 1037 1123 1089 γινομένη
1154 1034 1254 1081 παρά
1281 1048 1333 1070 τι·

301 2079 340 2112 13
372 2080 426 2111 Πε
449 2079 461 2110 l
486 2077 555 2120 μὲν
577 2073 758 2118 διαδοχῶν
780 2095 824 2100 -
846 2078 887 2110 27
914 2083 1023 2110 extant
1046 2074 1121 2116 ΒΣ,
1146 2078 1188 2111 28
1210 2072 1294 2110 Ἐὰν
1318 2078 1535 2122 προφέροιτο
1559 2096 1602 2101 -
1626 2090 1653 2109 c.
1678 2077 1740 2110 IX
1760 2079 1945 2121 προτέροις
1973 2079 2069 2110 ἔστω
2093 2079 2183 2120 (136,
2208 2081 2240 2117 6)
2267 2079 2303 2112 Β
2323 2080 2377 2120 23,
2397 2087 2420 2118 ¹,
2441 2086 2478 2113 ⁶2

253 2124 341 2165 (inde
352 2136 378 2157 c.
395 2124 429 2157 V
443 2123 544 2156 IIB‘
560 2136 595 2166 p.
606 2123 671 2156 682
685 2122 801 2162 Zacb.,
826 2123 896 2155 item
918 2123 1036 2165 capitis
1051 2122 1144 2155 VIII
1158 2129 1327 2155 extremam
1342 2130 1468 2165 partem
1490 2121 1536 2154 Εἰ
1557 2118 1595 2154 δὲ
1616 2123 1675 2154 καὶ
1693 2123 1783 2162 (135,
1800 2123 1856 2163 28)
1873 2146 1881 2155 .
1895 2146 1903 2154 .
1917 2147 1926 2156 .
1945 2130 1974 2155 et
1995 2135 2021 2155 e.
2034 2123 2096 2155 IX
2112 2125 2227 2166 repetit
2239 2121 2299 2156 ΒΣ
2313 2125 2367 2165 22,
2381 2131 2405 2164 1,
2419 2127 2477 2165 75).

253 2168 498 2258 Ancgzgmlglg
500 2180 666 2246 :belz-1223
685 2167 1279 2255 ἵηΑΖίίἶῖᾖέΖξεῧνξινὲςῆΖ-οἶἒξ,
1296 2174 1339 2201 12.
1358 2175 1406 2206 13;
1433 2167 1638 2210 Epanayoqe
1663 2168 1717 2209 28,
1742 2174 1863 2201 13—15.
1910 2180 1939 2200 v.
1963 2169 2095 2203 21—28
2119 2171 2295 2202 summatim
2321 2171 2479 2212 excerpsit

251 2308 287 2340 et
308 2303 506 2339 maaeimam
523 2306 672 2348 partem
693 2300 840 2336 testibus
859 2299 1067 2336 destitutam
1089 2300 1390 2347 conscriptionem
1412 2300 1555 2346 fecerit,
1579 2300 1674 2336 sciat
1692 2311 1731 2336 se
1750 2300 1842 2336 nibil
1859 2301 1944 2338 inde
1965 2301 2133 2338 utilitatis
2153 2301 2275 2338 liberis
2290 2303 2476 2350 praebitu-

250 2360 350 2384 rum:
382 2347 448 2384 sed
463 2345 619 2400 perinde
642 2356 687 2381 ac
708 2346 742 2381 si
764 2344 857 2381 nihil
879 2350 1000 2381 actum
1023 2349 1134 2388 esset,
1167 2345 1270 2380 liberi
1290 2345 1529 2381 substantiam
1553 2344 1728 2388 divident,
1759 2346 1919 2382 incertas
1941 2350 1978 2382 et
1992 2346 2210 2399 plerumque
2231 2348 2309 2384 sine
2332 2349 2479 2386 testibus

248 2395 374 2441 factas
397 2393 611 2439 scriptiones
634 2402 709 2426 non
740 2390 854 2427 secuti
860 2403 876 2433 ;
907 2401 972 2426 nec
1000 2390 1118 2436 maqis
1139 2390 1203 2436 qui
1226 2390 1271 2426 de
1293 2401 1405 2425 causa
1431 2389 1597 2427 iudicant
1626 2394 1729 2436 (quos
1749 2390 1885 2427 iudices
1911 2391 2080 2438 familtae
2098 2391 2354 2429 herciscundae
2384 2393 2416 2430 le
2441 2406 2480 2430 es

250 2442 394 2483 vocant)
416 2438 500 2474 illas
521 2437 626 2484 sequi
644 2440 832 2483 coqentur.
877 2434 1023 2471 Etenim
1048 2438 1219 2471 accurate
1243 2446 1336 2482 pros
1362 2434 1541 2471 iciendum
1561 2438 1616 2471 est
1637 2436 1825 2472 securitati
1848 2435 2054 2478 liberorum,
2079 2447 2194 2483 neque
2213 2436 2316 2473 aliud
2337 2439 2401 2484 qui

250 2483 479 2521 muniendum
503 2482 607 2518 aliud
627 2491 712 2518 vero
733 2481 772 2516 in
794 2492 920 2517 errore
942 2480 1227 2527 relinquendum,
1252 2492 1323 2527 quo
1375 2480 1626 2526 diffieilior-um
1644 2481 1751 2516 etiam
1771 2485 1808 2517 et
1831 2481 2143 2535 inexplicabilium
2164 2482 2352 2518 criminum
2370 2494 2478 2530 quae-

251 2541 320 2576 que
346 2540 456 2576 saepe
485 2527 577 2564 adeo
604 2527 854 2563 accusationes
883 2531 1051 2562 moveant
1077 2526 1220 2573 copiam
1244 2526 1432 2573 praebeat.
1480 2525 1536 2561 De
1556 2526 1841 2562 successionibus
1867 2526 1981 2573 ἰθεῖαν
2003 2530 2038 2562 et
2061 2527 2316 2564 collationibus
2337 2534 2374 2565 et
2394 2529 2478 2566 reli-

251 2575 344 2622 quis,
369 2574 413 2610 de
463 2573 567 2610 uibus
589 2583 704 2619 supra
728 2571 862 2607 dictum
886 2575 949 2613 est,
973 2570 1148 2607 hactenus
1170 2572 1348 2607 sancitum
1372 2575 1460 2607 esto.
1952 2617 1960 2624 .
2005 2617 2014 2624 ·

385 2585 483 2655 Vffi.
531 2617 697 2654 Malitiae
715 2628 799 2654 vero
821 2616 979 2652 studium
999 2616 1100 2663 quod
1119 2627 1142 2652 a
1163 2616 1376 2662 quibusdam
1395 2620 1590 2652 exercetur
1606 2617 1853 2652 necessitatem
1874 2616 1978 2652 nobis
1999 2617 2173 2664 imposuit
2191 2618 2366 2664 antiquae
2387 2618 2479 2667 leqis

250 2678 274 2702 a
329 2665 405 2702 lebe
432 2665 531 2701 latae
563 2661 874 2710 comprobandae,
904 2673 1013 2708 quam
1040 2662 1189 2708 scripsit
1211 2673 1283 2708 per
1308 2673 1420 2697 unum
1448 2672 1499 2698 ex
1527 2661 1681 2698 tribunis
1708 2661 1804 2704 suis,
1835 2661 2004 2708 Aquiliae
2033 2662 2177 2698 nomine
2207 2662 2252 2698 ab
2284 2662 2348 2699 illo
2364 2675 2478 2711 prae-

251 2712 289 2748 di
305 2723 383 2754 am,
414 2721 484 2757 per
506 2719 616 2756 quam
639 2719 689 2744 ex
711 2707 931 2787 infitiatione
953 2707 1056 2753 dupli
1085 2707 1277 2742 exactioni
1296 2707 1448 2743 subiecit
1469 2717 1532 2743 eos
1547 2707 1625 2787 ‘qui
1650 2706 1828 2759 malitiose
1858 2717 1968 2753 aqere
1998 2711 2035 2743 et
2060 2707 2214 2760 infitiari
2236 2714 2478 2760 concretarum

251 2755 543 2804 quandoquidem
571 2753 679 2790 etiam
712 2753 808 2788 aiae
838 2751 1016 2798 quaedam
1046 2753 1208 2788 actiones
1238 2752 1288 2788 ad
1319 2751 1470 2788 eundem
1503 2763 1547 2788 or
1571 2763 1665 2788 inem
1698 2751 1857 2787 directae
1889 2754 1982 2787 sunt.
2029 2752 2139 2798 Atqui
2202 2753 2354 2789 aulatam
2384 2764 2477 2801 quae

251 2801 438 2839 videbatur
462 2799 668 2836 humanitas
697 2796 959 2845 improbiorum
987 2797 1170 2833 bominum
1197 2797 1373 2833 malitiam
1401 2797 1493 2833 clam
1519 2797 1678 2833 enutriit.
1731 2796 1935 2843 Propterea
1966 2797 2073 2833 etiam
2105 2808 2152 2833 no
2176 2809 2209 2833 is
2238 2800 2477 2836 necessarium

251 2847 364 2884 visum
388 2850 444 2883 est
464 2845 658 2881 indecoras
680 2847 717 2880 et
732 2853 869 2890 parum
894 2842 1068 2886 honestas
1093 2842 1332 2888 infitiationes
1351 2853 1474 2896 poena
1493 2842 1598 2878 modo
1617 2841 1714 2879 dicta
1732 2852 1907 2878 coercere.
1951 2840 2094 2878 Etenim
2117 2842 2149 2878 si
2169 2843 2272 2879 cuius
2292 2844 2476 2891 scriptura

250 2893 478 2940 proseratur,
508 2890 570 2926 ille
593 2899 678 2926 vero
700 2898 779 2924 eam
803 2888 988 2940 infitietur,
1017 2887 1157 2924 etiamsi
1180 2888 1322 2923 litteras
1344 2887 1459 2935 ipsius
1483 2887 1684 2930 contineat,
1715 2887 1768 2923 ita
1795 2891 1836 2923 ut
1865 2890 1970 2923 actor
1996 2887 2047 2923 ad
2067 2898 2146 2923 eam
2161 2888 2394 2936 probandam
2417 2901 2475 2926 ne-

252 2937 355 2985 qotia
381 2936 503 2972 subire
526 2938 693 2982 coqutur,
716 2933 791 2969 sive
815 2933 956 2969 litteras
980 2932 1123 2979 quidem
1145 2937 1335 2979 aqnoscat,
1359 2937 1466 2980 neqet
1488 2944 1572 2969 vero
1596 2932 1753 2969 debitum
1774 2931 1843 2968 sibi
1862 2931 2021 2968 solutum
2046 2943 2141 2976 esse,
2167 2938 2208 2969 at
2233 2944 2278 2969 ue
2298 2933 2339 2970 id
2360 2934 2477 2982 ipsum

253 2986 358 3020 actor
380 2981 550 3028 leqitimis
572 2978 690 3015 modis
710 2979 859 3025 probet:
879 2978 1078 3021 sancimus,
1103 2983 1146 3013 ut
1166 2982 1323 3024 utroque
1346 2988 1435 3014 casu
1455 2977 1641 3014 damnatio
1663 2977 1835 3014 adversus
1858 2988 1938 3014 eum
1963 2977 2001 3012 in
2020 2976 2169 3024 duplum
2218 2982 2258 3014 at
2263 2991 2280 3022 ;
2307 2990 2380 3014 non
2403 2991 2475 3027 quo

252 3026 497 3064 acerbioribus
517 3024 655 3072 leqibus
678 3023 904 3066 delectemur,
934 3023 1000 3059 sed
1022 3023 1109 3070 quia
1132 3022 1201 3059 boc
1224 3022 1331 3059 modo
1355 3022 1472 3059 litium
1495 3034 1682 3059 numerum
1706 3023 1922 3058 minuemus:
1953 3026 1991 3058 ut
2014 3027 2108 3059 metu
2128 3034 2272 3071 poenae
2294 3023 2401 3060 citius
2422 3025 2478 3061 illi

298 3122 319 3155 6
341 3115 583 3152 ἀκολουθῖτος
606 3116 653 3149 L¹
678 3115 691 3159 11
709 3117 726 3147 '1
758 3110 816 3148 οὓς
842 3112 885 3157 δὴ
908 3117 981 3148 τοῖς
1007 3115 1082 3158 (τῆς
1106 3115 1167 3157 L2)
1190 3115 1332 3149 τοῦ-των

254 3162 430 3211 φαμιλίαν
460 3159 644 3214 (φαμιλίας
667 3160 729 3202 L2)
761 3158 972 3193 ἐκκαλοῦσιν
995 3160 1027 3214 ‘L
1053 3159 1065 3204 11
1088 3161 1109 3216 1,)
1139 3157 1333 3213 πρὸσνοεῖν

256 3211 330 3255 [ΆΙΙ
351 3211 392 3244 14
420 3205 741 3264 νενρμοθετσησθαγι
765 3206 812 3258 [2²
827 3205 850 3260 11
878 3207 915 3239 16
928 3218 976 3248 sq.
1005 3207 1046 3238 H
1064 3201 1104 3260 δε
1124 3223 1171 3230 -
1194 3203 1333 3248 σπουδη

254 3270 312 3291 om.
324 3255 387 3311 ⁸Lu
409 3257 446 3288 17
472 3263 669 3306 αναγκαιον
692 3263 763 3303 ουν,
780 3263 864 3293 ημιν
878 3251 909 3284 L
927 3249 940 3295 11
962 3251 999 3284 18
1023 3247 1136 3304 παλαι
1156 3251 1241 3292 ML]
1262 3263 1332 3304 ,ota-

256 3300 360 3334 λων
387 3295 444 3367 ,²³²
470 3299 579 3378 {5⁰⁸9
600 3293 1333 3386 tatami?{2¹⁴¹‚22W133ff1l‘322

255 3343 449 3423 {maioni
473 3390 519 3423 L*
547 3355 633 3432 ἶπες
653 3381 736 3420 ἀλλ’
759 3381 791 3428 ἡ]
815 3340 904 3419 «iam
926 3382 985 3419 ΒΣ
1012 3384 1026 3430 ιι
1054 3387 1107 3439 24,
1124 3383 1277 3419 uinea
1300 3387 1332 3419 1:

257 3431 549 3512 ⁴÷²f²⁹⁷2¹³²2<⁶
589 3428 945 3518 trinitatis!
968 3429 1336 3510 {affati-tiis

258 3480 417 3608 Ξηῖἵηῗ
432 3479 514 3556 κῃ(ιῇ
541 3489 872 3611 ἒςὲτῇνξέαἶαδίκην
893 3517 1083 3554 διπλάσιον
1102 3520 1153 3554 ΒΓ
1163 3520 1177 3565 11
1203 3522 1246 3555 34
1269 3520 1332 3554 θέ-

258 3578 368 3613 ματος
408 3569 529 3612 μέρους
732 3579 767 3599 ια
787 3579 844 3600 om.
865 3576 885 3602 ς·

306 3661 324 3694 1
348 3658 407 3698 sic]
430 3657 485 3690 hie
511 3659 556 3690 R¹
574 3658 623 3700 112
647 3660 727 3698 sese]
752 3668 819 3690 esse
839 3655 895 3701 V}
914 3658 934 3692 3
958 3656 1113 3689 diuidant
1132 3657 1187 3701 Vn
1206 3659 1226 3691 5
1254 3666 1332 3690 oon·

260 3703 465 3747 scriptiones]
498 3701 688 3735 uoluntates
710 3702 765 3743 (al.
791 3701 1050 3745 conscriptiones
1074 3701 1125 3735 Β,
1148 3714 1174 3735 ε.
1195 3702 1240 3744 υ.)
1263 3701 1298 3735 R
1318 3699 1333 3746 11

1401 3125 1514 3147 causas
1526 3114 1576 3149 R³
1590 3113 1603 3160 11
1621 3117 1642 3149 6
1666 3114 1923 3148 herciscundede
1944 3114 1998 3159 Vss
2018 3117 2037 3148 7
2063 3115 2183 3148 etenim
2196 3115 2289 3160 RTn
2308 3118 2327 3151 8
2348 3115 2477 3150 cautela

1410 3160 1467 3203 Vn
1482 3160 1613 3193 munire
1629 3161 1736 3204 suppl.
1758 3159 1812 3194 1⁷²
1831 3161 1864 3194 in
1881 3173 1898 3194 ε
1924 3167 1966 3193 at.
1986 3172 2069 3203 vac„
2090 3170 2226 3194 munere
2237 3160 2272 3194 R
2289 3160 2302 3204 11
2320 3162 2357 3195 11
2384 3171 2475 3194 oeca-

1400 3205 1492 3239 sione
1513 3205 1562 3239 V¹
1579 3204 1592 3250 11
1613 3206 1653 3239 12
1673 3205 1712 3238 de
1724 3218 1782 3239 om.
1795 3206 1880 3250 vuly.
1930 3207 1971 3239 16
1994 3207 2080 3239 rubr.
2097 3206 2134 3239 Si
2147 3205 2223 3247 quis
2232 3205 2395 3248 prolatam
2407 3215 2475 3239 ma-

1400 3261 1481 3283 num
1493 3260 1585 3283 suam
1598 3252 1697 3292 negat
1708 3250 1743 3283 R
1755 3263 1817 3294 my.
1831 3250 1845 3294 Ι
1865 3252 1903 3285 17
1918 3250 2136 3283 necessarium
2153 3251 2198 3292 V]
2217 3251 2430 3284 necessariam
2443 3250 2475 3284 R

1399 3297 1488 3340 vuly.
1507 3295 1520 3340 11
1540 3297 1577 3329 18
1598 3297 1708 3337 quam]
1731 3294 1889 3337 quando?
1909 3295 1957 3329 1⁷²
1973 3296 1986 3338 11
2005 3295 2179 3337 quamdam
2198 3295 2247 3329 Β*
2296 3296 2335 3329 19
2354 3304 2474 3336 aquae-

1399 3340 1440 3374 lii
1460 3341 1493 3374 V
1511 3339 1665 3382 Aquiliae
1693 3342 1777 3384 vulq.
1801 3339 1814 3385 11
1847 3338 1919 3381 ino]
1944 3340 2011 3374 alio
2034 3343 2109 3382 (aoo
2134 3340 2196 3382 12¹)
2218 3339 2253 3373 R
2308 3340 2350 3373 20
2377 3339 2473 3372 sude-

1400 3385 1458 3419 bat
1477 3385 1511 3419 V
1525 3384 1538 3430 11
1555 3384 1717 3419 subdebat
1734 3385 1959 3419 exactionibus
1976 3385 2137 3419 subdebat
2154 3383 2379 3418 exactionibus
2391 3384 2472 3417 sub·

1400 3430 1499 3464 debat
1521 3429 1758 3464 maleuolentes
1782 3431 1830 3464 Β*
1852 3429 1866 3475 11
1890 3432 1933 3465 22
1961 3431 2118 3471 actiones]
2139 3428 2194 3462 uel
2219 3428 2365 3461 actiones
2386 3429 2472 3461 aoei-

1399 3476 1527 3519 pientes
1547 3474 1596 3519 Vl
1622 3477 1664 3510 23
1688 3478 1802 3519 coapta
1821 3478 1899 3509 sunt
1927 3477 1967 3516 (s.
1990 3489 2020 3511 υ.
2042 3485 2081 3509 oo
2219 3474 2285 3506 tem
2307 3476 2387 3506 sunt
2409 3474 2472 3515 12²)

1399 3520 1461 3564 ΒΙΙ
1480 3522 1522 3554 24
1547 3520 1596 3553 *ο
1620 3521 1692 3563 lita]
1714 3520 1825 3554 oblata
1843 3522 1921 3555 libri
1965 3523 2006 3556 25
2030 3518 2124 3554 nobi·
2141 3530 2199 3552 om.
2222 3516 2277 3562 V·
2295 3519 2337 3553 28
2361 3520 2472 3551 autem

1400 3577 1459 3599 on.
1481 3565 1513 3598 V
1534 3564 1547 3609 11
1576 3575 1651 3598 oum
1680 3566 1760 3599 haee
1787 3565 1915 3599 litteras
1992 3566 2005 3644 11
2031 3566 2072 3600 31
2101 3564 2212 3596 nutem
2234 3572 2302 3595 non
2325 3562 2471 3596 solutum

1399 3622 1458 3644 on.
1479 3609 1528 3643 R·
1557 3610 1570 3655 11
1598 3613 1631 3644 et
1654 3623 1713 3645 om.
1741 3610 1789 3645 V¹
1819 3611 1834 3655 Ι
1867 3613 1909 3646 32
1932 3610 2024 3653 dup'
2115 3606 2272 3659 aduersus
2294 3616 2369 3641 oum
2394 3609 2426 3641 R
2459 3607 2473 3653 11

1400 3664 1475 3689 enm
1500 3667 1559 3688 om.
1587 3655 1638 3688 1⁷²
1667 3654 1680 3700 Ι
1705 3656 1750 3691 34
1779 3664 1800 3687 a
1820 3655 2000 3689 maioribus
2019 3652 2056 3688 R
2087 3652 2267 3685 maioribus
2298 3653 2469 3696 (maio'bus

1407 3699 1470 3742 17¹)
1493 3699 1548 3743 Vn
1565 3710 1677 3734 eornm
1701 3699 1751 3734 R'
1772 3701 1860 3740 vulo.
1878 3699 1948 3744 1135
1973 3698 2171 3732 minoi-umes
2190 3698 2263 3739 (eie)
2287 3697 2337 3731 12¹
