2612 4016
231 165 307 209 Ed.
329 167 431 209 XIII
466 166 526 206 19.
547 166 600 206 20
1289 157 1372 204 790
1780 171 1840 202 DE
1869 168 1986 203 mum
2016 170 2430 205 Amxfflnnmomm

1193 303 1351 340 CAPUT
1373 303 1469 338 XIX.

352 382 473 418 Ὅπως
504 382 543 417 δὲ
572 379 617 416 ἂν
646 380 736 427 μηδὲ
764 382 930 416 ἐνταῦθα
961 378 1108 423 δοιήμέν
1136 393 1210 415 τινι
1233 380 1416 424 τεχνάζειν
1438 378 1530 425 μηδὲ
1552 379 1702 416 πλείονα
1725 378 1895 423 δαπάνην
1918 377 2118 425 βούλεσθαι
2141 384 2258 416 ποιεῖν
2280 379 2302 424 ἢ
2327 380 2431 416 ἐλάτ-

223 441 313 464 τονα
344 427 460 471 λέγειν
490 429 559 469 τὴν
590 425 808 471 εἰσκομιδὴν,
840 429 900 458 καὶ
931 427 1040 459 τοῦτο
1070 422 1308 468 διοικούμενοι
1338 426 1594 471 προσηκόντως
1623 426 1669 472 τῇ
1693 423 1907 480 ἱποκειμένῃ
1925 422 2118 472 ἀπογραφῇ
2139 423 2235 469 τῷδε
2258 427 2311 469 τῷ
2336 427 2430 470 θείῳ

222 474 323 518 νόμῳ
350 474 460 517 σαφὲς
488 471 771 514 κατεστήσαμεν,
799 468 1025 512 δηλώσαντες
1048 468 1160 504 πόσος
1178 473 1246 514 μέν
1269 471 1371 505 ἐστιν
1395 469 1414 504 ὁ
1436 469 1561 505 κανὼν
1584 469 1741 513 [ὁπόσος]
1766 466 1786 504 ὁ
1811 468 1960 512 ανήκων
1981 470 2029 503 εἰς
2050 469 2092 504 τὸ
2117 467 2346 516 δικαστήριον
2369 472 2432 514 τῆς

223 518 284 557 σῖς
312 516 484 562 ὑπεροχῆς
514 519 574 550 καὶ
605 517 643 548 ἐκ
674 516 752 549 τῶν
782 516 980 558 εἰρημένων
1011 515 1195 559 ἐπαρχιῶν
1225 528 1265 548 τε
1297 518 1357 549 καὶ
1379 513 1509 549 τόπων
1532 514 1827 559 εἰσκομιζόμενος,
1851 516 1889 548 ἐκ
1912 514 1974 557 τῆς
1997 511 2140 558 Λιβύης
2163 512 2269 559 αὐτῆς
2287 518 2346 548 καὶ
2366 517 2430 549 τοῦ

222 559 419 606 Μαρεώτου
442 564 502 594 καὶ
525 561 590 594 τοῦ
616 558 836 594 Μενελαΐτου
859 561 922 601 τῆς
946 557 1096 602 πόλεως,
1119 559 1219 593 πόσα
1243 557 1282 593 δὲ
1305 560 1351 594 τὰ
1367 557 1620 604 δαπανήματα,
1644 555 1737 605 ἅπερ
1752 558 1934 612 προσῆκόν
1948 560 2049 593 ἐστιν
2068 559 2243 593 ἐντεῦθεν
2256 560 2430 606 γίνεσθαι
2455 563 2474 595 5

223 610 308 649 περί
329 618 368 639 τε
390 605 470 639 τοὺς
492 604 666 649 ἄρχοντας
688 607 747 638 καὶ
770 603 832 638 τὰς
855 603 974 643 τάξεις
997 606 1057 637 καὶ
1079 603 1125 637 τὰ
1147 602 1318 647 σολέμνια
1341 608 1425 649 περί
1445 617 1483 638 τε
1506 602 1574 647 τὴν
1597 604 1737 650 τροφὴν
1754 617 1832 638 των
1855 603 2157 646 καθωσιωμένων
2180 606 2429 648 στρατιωτῶν.

223 652 287 685 τοῦ
318 662 364 685 πε
388 649 557 694 ιβλέπτσυ
588 647 847 695 αὐγουσταλίου
879 646 1065 683 παντελῶς
1088 645 1259 692 οὐδεμίαν
1278 650 1419 691 ἔχοντος
1441 652 1635 692 μετουσίαν
1657 647 1741 683 οὐδὲ
1763 650 1825 692 τῆς
1849 645 1959 682 αὐτοῦ
1983 646 2116 687 τάξεως
2138 648 2228 694 πρὸς
2250 649 2318 684 τὸν
2340 649 2430 695 εἰρη-

221 697 332 738 μένον
363 663 472 729 §nixa
503 692 581 735 ἤτοι
610 692 675 728 τὰς
704 691 996 739 ὑποτεταγμένας
1027 689 1128 735 αὐτῷ
1160 694 1330 739 ἐπαρχίας
1353 706 1393 727 τε
1412 697 1472 727 καὶ
1496 692 1615 728 πόλεις
1637 696 1697 727 καὶ
1721 691 1864 735 τόπους,
1888 689 1971 726 οὐδὲ
1994 690 2101 726 ἄλλου
2123 694 2201 727 τῶν
2224 694 2431 736 ἐπιχωρίων

224 737 415 783 ἀρχόντων
438 737 549 783 τινός,
572 736 662 772 ἀλλὰ
686 735 796 772 αὐτοῦ
820 740 885 772 τοῦ
909 736 1150 783 περιβλέπτου
1175 735 1299 772 δουκὸς
1321 741 1381 771 καὶ
1405 739 1469 772 τοῦ
1491 738 1554 781 τῆς
1571 737 1729 782 Λιβύων
1752 736 1939 773 πολιτικοῦ
1963 735 2133 780 ἄρχοντος
2155 738 2298 780 ἔχοντος
2309 740 2432 773 πᾶσαν

223 785 388 824 ἐξουσίαν
413 784 499 838 (ἐνὶ
527 786 600 818 τοῖς
630 784 824 826 εἰρημένοις
853 782 979 816 τόποις
1006 780 1201 826 χρημάτων
1231 795 1271 817 τε
1300 785 1420 817 ἕνεκεν
1443 786 1503 816 καὶ
1527 782 1762 829 ἐγκλημάτων
1785 785 1845 816 καὶ
1868 780 2052 826 δημοσίων
2074 781 2306 830 εἰσπράξεων,
2337 779 2432 817 ὥστε
2456 787 2495 819 10

222 832 346 872 μέντοι
373 827 442 863 τὸν
473 841 630 873 αρχοντα
662 828 729 862 τὸν
760 828 820 862 ἐπὶ
844 827 984 871 Λιβύης
1015 823 1233 862 ὑποκεῖσθαι
1262 828 1316 870 τῷ
1349 826 1579 872 περιβλέπτῳ
1605 826 1715 870 δουκί,
1747 830 1808 861 καὶ
1831 825 1971 861 πάντας
1993 826 2073 861 τοὺς
2095 826 2159 861 τὰς
2183 824 2293 861 αὐτὰς
2315 826 2433 871 χώρας

223 874 409 908 οἰκοῦντας
440 871 622 918 κτήτορας,
652 871 705 918 ἐφ’
740 871 791 906 οἷς
814 875 1015 915 κέκτηνται,
1045 874 1105 905 καὶ
1129 871 1211 906 τοὺς
1234 870 1378 906 τούτων
1402 871 1602 918 οἰκήτορας·
1639 873 1670 906 εἰ
1692 870 1762 917 γὰρ
1786 874 1846 905 καὶ
1870 873 1910 905 ἐν
1934 869 2056 905 ἄλλαις
2079 872 2264 916 ἐπαρχίαις
2285 872 2431 915 οἰκοῦσι,

223 921 413 960 κέκτηνται
442 915 482 951 δὲ
511 915 583 953 ὑπὸ
607 915 672 951 τὰς
694 917 879 963 εἰρημένας
902 914 1024 950 πόλεις
1046 913 1068 958 ἢ
1094 916 1236 958 τόπους,
1255 915 1305 951 οἷς
1328 918 1347 949 ἑ
1375 918 1521 959 ἕστηκεν
1544 914 1565 951 ὁ
1589 915 1823 961 περίβλεπτος
1848 914 1942 956 δούξ,
1969 918 2029 949 καὶ
2052 914 2197 950 τούτους
2220 915 2349 960 ὁμοίως
2373 917 2431 950 ἐπὶ

223 965 300 996 ταῖς
331 960 516 1006 δημοσίαις
546 961 778 1006 εἰσπράξεσιν
809 961 1028 996 ὑποκεῖσθαι
1058 958 1157 1004 αὐτῷ
1182 959 1336 1005 βουλόμε
1370 974 1404 1004 α,
1428 961 1477 996 ώς
1501 962 1707 1007 παῤῥησίαν
1731 961 1823 1003 ἔχειν
1846 964 1906 995 καὶ
1930 962 2127 1004 ἐκπέμπειν
2147 961 2282 1006 (πρὸς)
2305 957 2432 995 αὐτοὺς

223 1009 282 1040 καὶ
306 1004 474 1042 ἀπαιτεῖν
497 1010 556 1040 καὶ
581 1006 704 1042 πάντα
729 1006 915 1052 πράττειν,
939 1003 1061 1040 ὁπόσα
1087 1002 1107 1039 ὁ
1133 1007 1195 1049 τῆς
1218 1004 1438 1051 εἰσπράξεως
1459 1005 1629 1050 βούλεται
1652 1005 1796 1050 τρόπος.
2459 1008 2498 1042 15

1201 1127 1358 1165 CAPUT
1383 1128 1462 1164 XX.

356 1205 500 1250 Ἐπειδὴ
533 1204 573 1240 δέ
603 1209 663 1240 καὶ
693 1206 732 1240 αἱ
761 1206 863 1240 θεῖαι
895 1201 999 1249 ἦμῶν
1030 1205 1236 1250 largitiones
1266 1208 1304 1241 ἐκ
1335 1209 1411 1242 τῶν
1443 1208 1628 1251 ἐπαρχιῶν
1659 1206 1803 1241 τούτων
1829 1208 1889 1240 καὶ
1921 1205 2052 1242 τόπων
2074 1207 2152 1242 τῶν
2173 1205 2436 1241 ὑπακουόντων

224 1254 277 1295 τῷ
308 1252 483 1296 εἰρημένω
513 1252 575 1286 τοῦ
607 1251 770 1295 Λιβυκοῦ
803 1249 942 1294 λιμιτοῦ
977 1248 1080 1284 δουκί
1107 1263 1191 1285 τινα
1221 1253 1447 1295 κομίζονται,
1477 1249 1575 1295 ἡμεῖς
1607 1250 1646 1286 δὲ
1675 1250 1744 1293 τὴν
1774 1252 1856 1294 ἴσην
1887 1255 1947 1286 καὶ
1977 1247 2107 1295 ὁμοίαν
2137 1254 2196 1286 καὶ
2228 1250 2283 1286 ἐπ’
2316 1250 2436 1286 αὐτοῖς

225 1295 401 1343 φροντίδα
432 1295 657 1339 ποιούμεθα,
683 1295 910 1339 θεσπίζομεν
939 1293 1007 1329 τὸν
1037 1296 1223 1341 εἰρημένον
1252 1299 1314 1339 τῆς
1345 1296 1486 1341 Λιβύης
1517 1299 1576 1330 καὶ
1605 1297 1670 1330 τοῦ
1705 1296 1905 1341 Μαρεώτου
1935 1299 1995 1330 καὶ
2026 1297 2090 1330 τοῦ
2125 1293 2346 1331 Μενελαΐτου
2373 1297 2435 1340 τῆς

226 1341 361 1377 πόλεως
391 1344 464 1381 (καὶ
494 1341 613 1375 ταῦτα
641 1339 710 1387 γὰρ
741 1339 841 1383 αὐτῷ
872 1338 1163 1385 προσεθήκαμεν)
1193 1340 1282 1383 [τὸν]
1315 1340 1554 1388 περίβλεπτον
1585 1339 1697 1375 δοῦκα
1726 1344 1786 1374 καὶ
1817 1340 1885 1375 τὸν
1913 1342 1976 1384 τῆς
1999 1342 2169 1386 ἐπαρχίας
2192 1340 2350 1385 ἄρχοντα
2375 1343 2436 1374 καὶ

225 1387 293 1430 τὴν
318 1385 416 1430 αὐτῷ
442 1385 667 1429 πειθομένην
690 1383 794 1425 τάξιν
817 1382 977 1429 κινδύνῳ
1001 1386 1121 1429 οἰκείῳ
1144 1386 1212 1440 την
1235 1388 1313 1421 τῶν
1342 1386 1633 1431 largitionalicchv
1656 1384 1850 1431 χρημάτων
1875 1385 2063 1432 εἴσπραξιν
2086 1386 2274 1420 ποιεῖσθαι
2296 1387 2374 1420 τῶν
2397 1387 2435 1420 ἐκ
2459 1390 2501 1422 20

226 1432 380 1466 πάντων
402 1432 480 1465 τῶν
500 1430 698 1476 εἰρημένων
722 1427 853 1465 τόπων
878 1427 1135 1475 ὀφειλομένων,
1159 1427 1254 1465 ω’στε
1278 1431 1370 1465 κατὰ
1393 1429 1572 1476 μηδεμίαν
1587 1428 1748 1476 ἔλλειψιν
1763 1433 1882 1465 ταῦτα
1896 1430 1988 1465 καθ’
2008 1432 2159 1465 ἕκαστον
2174 1432 2250 1466 ἔτος
2265 1428 2434 1476 εἰσπράτ-

225 1476 358 1511 τεσθαι
381 1479 440 1509 καὶ
460 1476 714 1519 ἐκπέμπεσθαι
737 1472 821 1521 παρ’
847 1472 967 1509 αὐτῶν
987 1475 1046 1510 ἐπὶ
1068 1473 1138 1518 τὴν
1156 1473 1422 1521 Ἀλεξανδρέων
1444 1478 1504 1509 καὶ
1528 1473 1803 1521 παραδίδοσθαι
1819 1476 1873 1518 τῷ
1898 1474 1990 1510 κατὰ
2013 1474 2139 1520 καιρὸν
2162 1477 2200 1509 ἐκ
2218 1476 2296 1510 τῶν
2310 1475 2435 1510 καθω-

225 1523 416 1564 σιωμένων
450 1518 666 1555 παλατίνων
700 1520 972 1565 ἐπιτρεπομένῳ
1007 1519 1074 1563 τὴν
1108 1521 1172 1554 τοῦ
1207 1525 1449 1567 πραιποσίτου
1485 1519 1646 1565 πληροῦν
1680 1522 1792 1554 ἐκεῖσε
1825 1523 1957 1574 χρείαν.
2005 1521 2202 1564 ἐπαμύνειν
2235 1533 2275 1554 τε
2307 1517 2435 1555 αὐτοὺς

225 1563 365 1599 εἰδότας
401 1563 449 1600 ώς
479 1565 526 1599 εἰς
556 1563 623 1599 τὸν
654 1562 778 1599 αὐτῶν
807 1563 989 1598 ἐλεύσεται
1015 1562 1193 1608 κίνδυνον,
1223 1568 1387 1601 τουτέστι
1418 1566 1482 1600 τοῦ
1513 1578 1553 1600 τε
1576 1563 1634 1599 ἀεὶ
1657 1562 1778 1600 δουκὸς
1801 1578 1866 1600 του
1890 1578 1930 1600 τε
1955 1562 2125 1610 ἄρχοντος
2144 1565 2221 1599 τῶν
2244 1577 2284 1600 τε
2306 1565 2434 1599 πειθο-

224 1613 347 1654 μένων
379 1608 497 1644 αὖτοῖς
528 1608 681 1652 τάξεων,
705 1610 736 1643 εἰ
758 1608 808 1653 μὴ
832 1610 975 1644 τούτων
999 1610 1092 1645 πᾶσι
1115 1610 1356 1656 προνοὴσειαν
1379 1609 1542 1656 τρόποις·
1574 1607 1793 1654 ἀμυνόντων
1812 1610 1860 1644 εἰς
1882 1611 1990 1644 τοῦτο
2014 1612 2074 1643 καὶ
2096 1610 2173 1644 τῶν
2197 1611 2435 1654 στρατιωτῶν
2459 1614 2501 1647 25

225 1658 284 1688 καὶ
315 1651 440 1688 αὐτῶν
467 1652 767 1696 κινδυνευόντων,
796 1654 827 1688 εἰ
844 1654 893 1698 μὴ
918 1653 1151 1698 ἑπαμὺναιεν,
1179 1654 1311 1690 ταύτας
1331 1652 1534 1699 ὑποστῆναι
1556 1654 1620 1689 τάς
1643 1653 1782 1698 ποινάς,
1804 1650 1920 1700 ἅσπερ
1943 1653 2176 1698 ἐπεθήκαμεν
2197 1657 2258 1689 καὶ
2280 1657 2352 1690 τοῖς
2375 1656 2435 1690 ἐπὶ

225 1700 286 1741 τῆς
314 1696 577 1742 Ἀλεξανδρέων
607 1701 667 1732 καὶ
697 1700 865 1744 ἑκατέρας
895 1698 1086 1745 Αἰγύπτου
1114 1699 1334 1743 καθημένοις
1365 1700 1619 1746 στρατιώταις,
1650 1699 1681 1734 εἰ
1709 1698 1758 1743 μὴ
1789 1702 1849 1733 καὶ
1881 1696 1983 1733 αὐτοὶ
2013 1700 2055 1734 τὸ
2088 1700 2236 1746 πρᾶγμα
2265 1700 2328 1742 τῆς
2359 1700 2436 1742 ἰ’σης

227 1740 422 1782 ἀξιώσειαν
453 1741 651 1788 φροντίδος.
698 1740 783 1776 οὐδὲ
814 1742 919 1788 λόγου
950 1741 1050 1777 τινός
1079 1745 1139 1778 ἐπὶ
1161 1747 1238 1778 ταῖς
1257 1744 1546 1789 largitionalicazs
1571 1745 1700 1778 αἰτίαις
1723 1745 1822 1788 παρὰ
1845 1743 1909 1779 τὰς
1932 1744 2144 1789 ἑμπροσθεν
2167 1742 2436 1791 διηγορευμένας

228 1788 341 1821 αἰτίας
371 1787 598 1831 παρέχεσθαι
628 1785 826 1830 δυναμένου
855 1790 930 1821 τισὶ
956 1787 1056 1832 παρὰ
1084 1787 1234 1833 γνώμην
1263 1790 1341 1823 τῶν
1370 1789 1674 1832 καθωσιωμένων
1704 1786 1918 1822 παλατίνων
1948 1791 2010 1829 τῆς
2032 1789 2213 1832 εἰρημένης
2235 1786 2344 1833 ἀρχῆς
2365 1786 2436 1833 (ἢ)

226 1832 303 1866 τῶν
337 1829 454 1865 ἄλλως
489 1829 737 1875 στελλομένων
772 1832 832 1866 ἐπὶ
867 1832 911 1878 τῇ
946 1833 1024 1865 τῶν
1054 1831 1346 1876 largitionalica‘w
1377 1831 1561 1875 δημοσίων
1591 1832 1777 1877 εἰσπράξει
1810 1832 1908 1877 παρὰ
1933 1833 1998 1866 τοῦ
2030 1833 2123 1866 κατὰ
2155 1832 2280 1878 καιρὸν
2312 1830 2436 1866 αὐτῶν
2459 1832 2501 1864 30

228 1875 409 1922 ἄρχοντος,
440 1872 532 1909 ἀλλὰ
562 1879 622 1909 καὶ
652 1874 760 1909 ἔνδον
791 1875 868 1910 τῶν
891 1872 1041 1910 ἀσύλων
1062 1880 1209 1921 χωρίων
1231 1877 1294 1919 τῆς
1313 1875 1528 1923 εἰσπράξεως
1550 1879 1747 1923 γινομένης,
1771 1879 1831 1910 καὶ
1853 1877 1931 1912 τῶν
1954 1875 2077 1911 ἄλλων
2101 1873 2280 1911 ἁπάντων
2303 1873 2435 1921 ὁμοίως

359 2040 457 2076 XIX.
510 2038 555 2075 Ut
583 2042 702 2075 autem
734 2050 779 2075 ne
808 2038 867 2074 hic
898 2039 1041 2085 quidem
1064 2040 1318 2085 permittamus
1349 2040 1518 2086 cuiquam
1548 2040 1753 2077 machinari
1778 2051 1866 2077 neve
1891 2041 2088 2088 impensam
2119 2043 2291 2078 maiorem
2311 2043 2438 2089 facere

227 2085 315 2122 velle
337 2090 402 2121 aut
424 2085 601 2134 minorem
620 2083 739 2119 dicere
761 2083 970 2127 illationem,
994 2084 1100 2119 etiam
1120 2083 1188 2120 hoc
1211 2085 1461 2121 convenienter
1489 2085 1719 2132 disponentes
1742 2085 1983 2138 descriptione
2005 2086 2088 2122 huic
2109 2097 2237 2123 sacrae
2260 2087 2332 2133 leqi
2353 2088 2435 2124 sub-

227 2131 317 2166 iecta
343 2129 495 2176 planum
547 2137 691 2170 ecimus,
723 2127 1011 2163 demonstrantes
1031 2132 1188 2180 quantus
1209 2129 1257 2165 sit
1280 2140 1399 2165 canon
1422 2129 1597 2166 tribunali
1619 2134 1702 2166 tuae
1724 2130 1954 2167 sublimitatis
1976 2134 2180 2177 competens
2202 2135 2240 2169 et
2259 2142 2311 2168 ex
2332 2131 2439 2170 dictis

221 2174 422 2221 provinciis
452 2178 488 2209 et
532 2173 606 2208 ocis
635 2172 890 2218 conferendus,
921 2183 971 2209 ex
994 2172 1111 2219 Libya
1134 2175 1216 2220 ipsa
1240 2178 1275 2210 et
1298 2173 1467 2210 Mareota
1489 2178 1526 2210 et
1546 2173 1744 2211 Menelaita
1765 2175 1863 2219 urbe,
1893 2180 2121 2222 quantaeque
2143 2176 2325 2222 impensae
2347 2188 2439 2223 quas

227 2220 310 2256 hinc
332 2218 497 2254 convenit
515 2217 599 2262 fieri
621 2222 656 2253 et
679 2218 716 2253 in
739 2217 876 2253 iudices
897 2221 933 2253 et
956 2217 1084 2263 officia
1107 2223 1143 2254 et
1164 2218 1354 2254 sollemnia
1373 2223 1409 2254 et
1432 2219 1469 2254 in
1493 2220 1622 2256 victum
1642 2219 1850 2256 devotorum
1873 2220 2035 2256 militum.
2082 2219 2298 2267 Spectabilis
2319 2226 2437 2258 autem

226 2263 438 2309 Auqustalis
467 2262 604 2298 nullam
627 2263 773 2298 omnino
798 2262 1079 2298 communionem
1105 2262 1234 2299 habeat
1253 2274 1319 2300 nec
1341 2263 1419 2298 eius
1441 2264 1606 2309 officium
1629 2275 1709 2301 cum
1732 2264 1830 2300 dicto
1854 2264 1944 2300 duce
1966 2265 2041 2302 sive
2088 2265 2257 2302 rovinciis
2280 2270 2316 2302 et
2338 2267 2436 2303 urbi-

226 2309 293 2344 bus
319 2312 355 2344 et
386 2308 474 2343 locis
503 2308 539 2344 ei
565 2307 743 2350 subiectis,
773 2318 890 2353 neque
921 2306 1016 2342 alius
1039 2307 1230 2353 quisquam
1248 2308 1531 2355 provincialium
1555 2308 1723 2351 iudicum,
1746 2309 1812 2345 sed
1832 2309 1910 2356 ipse
1932 2315 2033 2356 spect
2081 2310 2139 2346 ilis
2161 2309 2241 2346 dux
2263 2314 2298 2346 et
2321 2311 2437 2347 civilis

226 2353 378 2400 Libqum
409 2352 522 2388 iudex
551 2362 690 2387 omnem
713 2355 931 2398 potestatem
962 2351 1093 2388 habeat
1121 2354 1158 2388 in
1189 2352 1296 2388 dictis
1328 2353 1417 2388 locis
1447 2353 1485 2387 in
1541 2354 1736 2390 ecuniariis
1759 2355 1879 2390 causis
1902 2358 1939 2390 et
1959 2354 2206 2391 criminalibus
2225 2359 2262 2391 et
2311 2355 2436 2392 ublicis

227 2397 487 2439 exactionibus,
518 2396 572 2432 ita
603 2400 721 2433 tamen
750 2400 791 2432 ut
819 2396 933 2433 iudex
955 2396 1094 2443 Libyae
1114 2397 1304 2443 spectabili
1327 2397 1411 2433 duci
1432 2397 1497 2434 sub
1524 2398 1596 2434 itus
1617 2399 1665 2434 sit
1686 2402 1722 2435 et
1744 2409 1865 2434 omnes
1887 2399 1951 2444 qui
1972 2399 2062 2435 istas
2084 2400 2248 2446 reqiones
2295 2399 2436 2437 abitant

225 2452 450 2489 possessores
479 2440 604 2487 quoad
628 2442 874 2487 possessiones
902 2452 996 2492 suas·
1018 2452 1141 2477 earum
1169 2453 1214 2478 ue
1235 2441 1374 2477 incolas
1380 2456 1394 2485 ;
1418 2453 1501 2477 nam
1524 2443 1631 2479 etiam
1655 2443 1688 2478 si
1710 2443 1748 2478 in
1771 2443 1855 2479 aliis
1875 2443 2073 2490 provinciis
2096 2443 2268 2487 habitent,
2287 2455 2430 2497 posses-

226 2488 346 2522 siones
375 2490 494 2522 autem
525 2485 682 2522 habeant
711 2486 749 2521 in
779 2486 886 2523 dictis·
914 2485 1062 2522 urbibus
1081 2491 1118 2522 et
1154 2486 1230 2522 ocis
1252 2486 1382 2533 quibus
1403 2487 1609 2534 spectabilis
1632 2488 1711 2524 dux
1731 2488 1945 2534 praefectus
1968 2492 2032 2531 est,
2052 2488 2160 2525 etiam
2182 2487 2250 2524 hos
2271 2489 2435 2526 similiter

225 2532 264 2567 in
279 2531 438 2578 publicis
458 2531 711 2567 exactionibus
733 2530 767 2566 ei
788 2531 973 2567 subiacere
995 2530 1169 2574 volumus,
1193 2535 1234 2567 ut
1256 2535 1292 2567 et
1313 2531 1363 2567 ad
1384 2542 1447 2568 eos
1469 2532 1608 2569 mittere
1630 2536 1666 2569 et
1687 2533 1836 2579 exiqere
1853 2533 1975 2579 possit
1995 2537 2030 2569 et
2048 2532 2168 2569 omnia
2181 2533 2309 2578 facere
2325 2544 2434 2580 quae-

226 2586 365 2622 cunque
387 2575 592 2611 exactionis
614 2575 741 2611 modus
762 2575 935 2622 postulat.

358 2620 438 2656 XX.
485 2619 664 2663 Quoniam
693 2630 778 2657 vero
809 2620 918 2656 etiam
947 2630 1077 2657 sacrae
1105 2624 1254 2657 nostrae
1282 2620 1340 2656 lar
1366 2621 1497 2657 itiones
1524 2632 1575 2658 ex
1596 2620 1655 2658 his
1669 2622 1870 2668 provinciis
1893 2625 1929 2658 et
1952 2621 2050 2664 locis,
2074 2631 2168 2667 quae
2189 2621 2287 2658 dicto
2308 2619 2435 2669 Libyci

227 2665 455 2716 limitis-duci
473 2668 618 2711 parent,
641 2664 817 2701 nonnulla
838 2665 1054 2711 percipiunt,
1078 2668 1114 2701 et
1136 2676 1203 2701 nos
1226 2632 1413 2711 aequalem
1435 2670 1471 2701 et
1492 2665 1643 2702 similem
1665 2666 1773 2702 etiam
1796 2666 1870 2702 illis
1893 2676 2018 2702 curam
2041 2665 2287 2712 impendimus,
2316 2667 2433 2702 sanci-

226 2720 305 2744 mus
327 2709 460 2746 dictum
482 2708 619 2756 Libyae
641 2713 676 2745 et
699 2709 886 2746 Mareotae
908 2714 944 2745 et
967 2708 1183 2746 Menelaitae
1212 2710 1312 2746 urbis
1343 2713 1439 2752 (nam
1469 2710 1559 2746 haec
1581 2720 1726 2757 quoque
1752 2710 1808 2746 illi
1830 2710 2037 2753 adiecimus)
2058 2710 2286 2757 spectabilem
2309 2710 2433 2747 ducem

227 2758 263 2790 et
280 2753 493 2800 provinciae
515 2753 665 2790 iudicem
685 2758 721 2790 et
744 2754 908 2800 officium
931 2754 964 2789 ei
985 2765 1122 2800 parens
1138 2755 1296 2802 proprio
1315 2754 1481 2800 periculo
1505 2755 1791 2801 larqitionalium
1811 2755 2046 2802 pecuniarum
2068 2755 2294 2791 exactionem
2307 2755 2435 2800 facere

227 2809 460 2844 quaecunque
489 2809 539 2835 ex
568 2798 732 2834 omnibus
762 2799 869 2834 dictis
900 2798 991 2834 locis
1020 2798 1204 2841 debentur,
1237 2802 1278 2835 ut
1302 2800 1380 2835 sine
1409 2799 1482 2835 ullo
1513 2799 1660 2845 defectu
1690 2798 1779 2836 haec
1809 2800 2004 2844 quotannis
2030 2798 2229 2843 exiqantur
2256 2803 2292 2834 et
2315 2803 2432 2835 trans-

227 2843 414 2878 mittantur
443 2843 488 2878 ab
519 2844 570 2879 eis
601 2843 651 2878 ad
680 2843 799 2878 urbem
824 2843 1157 2879 Alexandrinorum
1192 2843 1455 2889 tradanturque
1486 2844 1522 2880 ei
1552 2854 1602 2880 ex
1631 2842 1768 2880 devotis
1791 2843 1989 2890 palatinis,
2021 2843 2080 2878 cui
2104 2847 2178 2879 tum
2209 2843 2432 2879 commissum

226 2887 343 2931 suerit
372 2891 413 2922 ut
443 2887 516 2922 illic
540 2888 748 2934 praepositi
778 2899 924 2923 munere
951 2887 1143 2934 funqatur.
1190 2887 1240 2924 Et
1268 2887 1352 2923 illos
1383 2888 1564 2924 auxilium
1593 2888 1697 2934 ferre
1724 2888 1876 2924 scientes
1903 2887 1975 2923 sibi
2001 2887 2166 2934 periculo
2187 2887 2286 2933 fore,
2317 2887 2359 2923 id
2379 2891 2433 2923 est

227 2931 311 2966 duci
341 2932 405 2976 qui
430 2943 574 2977 quoque
605 2937 763 2979 tempore
791 2933 911 2978 fuerit
942 2936 979 2968 et
1008 2932 1119 2968 iudici
1147 2937 1184 2968 et
1214 2932 1350 2978 officiis
1380 2933 1431 2968 eis
1456 2932 1684 2979 parentibus,
1713 2932 1786 2968 nisi
1818 2932 1875 2968 his
1895 2932 2003 2968 rebus
2026 2931 2187 2968 omnibus
2209 2931 2324 2968 modis
2344 2943 2431 2978 pro-

227 2975 381 3011 viderint
389 2988 404 3018 ;
433 2987 535 3022 opem
567 2975 651 3012 huic
677 2977 732 3013 rei
751 2976 955 3021 ferentibus
977 2977 1084 3013 etiam
1107 2977 1278 3014 militibus
1299 2977 1390 3023 ipsis
1413 2988 1556 3029 quoque
1576 2977 1777 3024 periculum
1800 2976 2043 3019 subeuntibus,
2066 2975 2099 3012 si
2121 2986 2225 3022 opem
2247 2986 2320 3012 non
2345 2976 2432 3012 tule-

226 3020 311 3062 rint,
341 3020 481 3056 easdem
510 3021 713 3056 sustinendi
738 3032 888 3068 poenas,
917 3032 1010 3067 quas
1040 3022 1275 3068 imposuimus
1306 3021 1413 3058 etiam
1448 3021 1621 3058 militibus
1653 3022 1692 3057 in
1726 3022 1815 3058 urbe
1842 3020 2175 3062 Alexandrinorum
2208 3024 2244 3057 et
2276 3024 2361 3056 utra
2388 3031 2433 3057 ue

230 3065 391 3115 Aeqypto
421 3065 634 3109 constitutis,
665 3066 735 3101 nisi
759 3070 795 3102 et
817 3066 888 3112 ipsi
907 3067 1052 3112 neqotio
1075 3067 1261 3112 aequalem
1284 3075 1408 3103 curam
1431 3066 1664 3103 admoverint.
1700 3066 1777 3102 Nec
1796 3066 1934 3112 poterit
1955 3066 2145 3111 quisquam
2167 3063 2276 3112 λόγον
2298 3065 2336 3101 in
2373 3076 2431 3101 ar-

226 3108 459 3153 qationalibus
490 3109 604 3145 titulis
661 3114 783 3146 raeter
813 3121 945 3146 causas
975 3121 1068 3156 quas
1095 3121 1209 3157 supra
1238 3110 1475 3157 exposuimus
1506 3111 1675 3157 cuiquam
1705 3110 1794 3147 dare
1816 3111 1938 3146 invitis
1959 3110 2098 3146 devotis
2114 3109 2293 3156 palatinis
2314 3108 2432 3145 dictae

228 3152 549 3189 administrationis
577 3165 618 3190 ve
660 3155 723 3197 eis,
755 3155 819 3200 qui
842 3158 1039 3202 praeterea
1067 3155 1117 3190 ad
1143 3155 1370 3202 publicorum
1401 3154 1688 3200 larqitionalium
1727 3155 1952 3191 exactionem
1985 3154 2176 3190 mittuntur
2209 3153 2253 3189 ab
2289 3164 2331 3190 eo
2367 3154 2430 3200 qui

229 3200 312 3231 tunc
341 3197 432 3242 ipsis
453 3202 604 3243 praeest
611 3210 626 3240 ‚·
655 3199 720 3234 sed
747 3199 855 3235 etiam
887 3201 985 3235 intra
1008 3199 1112 3245 asyla
1134 3200 1280 3237 exactio
1301 3200 1375 3244 fiet,
1399 3203 1435 3235 et
1455 3199 1598 3245 reliqua
1621 3200 1742 3235 omnia
1762 3199 1927 3236 similiter
1949 3199 1987 3234 in
2010 3197 2126 3245 Libya
2149 3201 2185 3235 et
2207 3197 2373 3234 Mareota
2395 3202 2432 3234 et

274 3362 293 3394 3
322 3360 444 3413 κανὼν
458 3359 624 3414 ηὸπόσοσ,
642 3360 682 3396 δὲ
711 3361 764 3406 (δὲ
787 3365 934 3407 deletum)
958 3362 978 3398 ὁ
1003 3365 1053 3405 M,
1079 3366 1185 3399 delevi
1205 3361 1294 3400 ὁπό-
1354 3362 1434 3399 'riae
1455 3363 1469 3409 ΙΙ
1499 3363 1589 3409 πρὸς
1613 3366 1691 3399 add.
1715 3365 1883 3410 Aqylaeus
1911 3364 1924 3409 n
1954 3367 1994 3399 17
2019 3362 2166 3408 λιβυκοῦ
2192 3363 2267 3406 Μθ,
2290 3361 2428 3407 λιβικοῦ

230 3415 289 3438 σος
297 3417 310 3445 ,-
329 3416 500 3440 οπωσουν
519 3419 581 3450 pro
606 3408 740 3442 οπόσος
763 3404 783 3441 ό
809 3410 958 3450 (debebat
981 3404 1001 3442 ό
1019 3406 1091 3452 ὁπ.)
1107 3410 1296 3443 Zachariae
1364 3409 1409 3443 Μ
1414 3407 1429 3430 ¹²
1444 3409 1458 3453 fl
1475 3407 1618 3452 λιμιτοῦ
1642 3412 1696 3451 (το
1721 3411 1754 3443 in
1777 3411 1858 3452 ras.)
1882 3409 1929 3443 Μ
1936 3410 1949 3451 ll
1966 3405 2128 3442 δουκικοῦ
2153 3408 2203 3450 Μ,
2227 3421 2309 3442 corr.
2330 3409 2428 3442 Osen-

228 3447 284 3499 ΙΙ”6
316 3452 400 3493 περί
427 3462 466 3482 τε
497 3451 575 3503 τοῦ.
593 3449 763 3504 ἄρχοντος
788 3453 838 3494 Μ,
871 3456 956 3505 περί
984 3465 1024 3487 τε
1047 3453 1131 3487 τοὺς
1152 3451 1296 3488 τούτων
1365 3456 1507 3498 bru‘qqen
1531 3453 1544 3496 ΙΙ
1575 3456 1616 3488 19
1639 3452 1709 3500 γὰρ
1734 3450 1834 3508 αὐτ-,ᾤ
1853 3454 2036 3508 ζΑρμίιιειιε]
2062 3454 2237 3506 παραυταῖ
2255 3449 2428 3504 ‚MJL‘th

230 3494 1006 3583 ffma,3⁶¹ffiffs‘tzsszzvezhzzfflte
1020 3499 1071 3575 t}
1087 3511 1154 3576 5323
1171 3500 1297 3588 ἑξεῖ,
1363 3497 1435 3585 εἰς)
1452 3496 1908 3586 Ἧςῗτύᾈόἰθεῑτῑί
1924 3496 2427 3584 Ξεὲίὲντῑῐῃζὲῗέωιξῑῖιῑ

234 3582 254 3612 9
278 3578 458 3632 ᾅρχοντος.
469 3582 623 3632 Mucorr.
650 3582 835 3618 Zachariae
866 3584 879 3627 ΙΙ
908 3586 971 3618 τοῦ
1000 3568 1071 3628 τῆς,
1086 3587 1204 3628 Kroll]
1233 3587 1296 3629 τῆς
1364 3587 1414 3629 M,
1439 3589 1566 3621 correxi
1585 3587 1598 3629 ll
1624 3589 1667 3621 26
1690 3568 1812 3622 αὐτῶν
1837 3567 2032 3626 Zachariae]
2057 3585 2134 3618 τῶν
2157 3584 2204 3617 Μ
2219 3583 2232 3627 fl
2248 3550 2425 3624 {glai-gi-

235 3633 298 3654 του
323 3625 372 3675 Ag
395 3636 459 3657 του
483 3637 561 3658 των
583 3627 748 3670 Ayylaeus
770 3628 887 3671 υιι19.ΙΙ
907 3631 948 3662 10
969 3630 1009 3662 ἐν
1032 3631 1110 3664 add.
1129 3631 1181 3674 Ay
1206 3632 1296 3664 laeus
1363 3631 1552 3664 tionalioats
1577 3631 1623 3664 M
1643 3631 1656 3673 ΙΙ
1684 3633 1727 3666 29
1744 3627 1768 3673 ἢ
1790 3630 1868 3665 τῶν
1891 3628 2007 3663 ἄλλως
2030 3627 2214 3662 Zachariae
2237 3628 2276 3661 cl.
2293 3628 2428 3673 786,11}

235 3665 248 3709 ΙΙ
273 3667 309 3698 1¹
338 3678 494 3708 ἄρχοντα
519 3667 714 3710 Zachariae]
737 3670 783 3703 τὰ
807 3672 854 3705 Μ
863 3672 875 3715 ΙΙ
895 3674 935 3708 14
960 3670 1142 3716 δημοσίων
1197 3676 1295 3709 acha·
1363 3675 1441 3710 τῶν
1463 3671 1562 3709 ὅλωσ
1585 3676 1630 3708 Μ
1642 3679 1656 3720 ΙΙ
1671 3676 1714 3710 30
1732 3673 2014 3720 laryitionalicw‘n
2030 3672 2079 3708 M
