<?xml version="1.0" encoding="UTF-8"?>
<!DOCTYPE html PUBLIC "-//W3C//DTD XHTML 1.0 Transitional//EN"
    "http://www.w3.org/TR/xhtml1/DTD/xhtml1-transitional.dtd">
<html xmlns="http://www.w3.org/1999/xhtml" xml:lang="en" lang="en">
 <head>
  <title>
</title>
<meta http-equiv="Content-Type" content="text/html;charset=utf-8" />
  <meta name='ocr-system' content='tesseract 3.04.00' />
  <meta name='ocr-capabilities' content='ocr_page ocr_carea ocr_par ocr_line ocrx_word'/>
</head>
<body>
  <div class='ocr_page' id='page_1' title='image "./corpusiuriscivil03krueuoft_0709.png"; bbox 0 0 2580 3984; ppageno 0'>
   <div class='ocr_carea' id='block_1_1' title="bbox 143 141 779 176">
    <p class='ocr_par' dir='ltr' id='par_1_1' title="bbox 143 141 779 176">
     <span class='ocr_line' id='line_1_1' title="bbox 143 141 779 176; baseline -0.003 0"><span class='ocrx_word' id='word_1_1' title='bbox 143 143 325 176; x_wconf 61' lang='lat' dir='ltr'><strong>umus:</strong></span> <span class='ocrx_word' id='word_1_2' title='bbox 346 142 457 175; x_wconf 73' lang='lat' dir='ltr'><strong>mol</strong></span> <span class='ocrx_word' id='word_1_3' title='bbox 475 141 779 175; x_wconf 59' lang='lat' dir='ltr'><strong>BERVAQQRRM</strong></span> 
     </span>
    </p>
   </div>
   <div class='ocr_carea' id='block_1_2' title="bbox 143 239 1227 662">
    <p class='ocr_par' dir='ltr' id='par_1_2' title="bbox 143 239 1227 662">
     <span class='ocr_line' id='line_1_2' title="bbox 143 239 1225 287; baseline -0.001 -9"><span class='ocrx_word' id='word_1_4' title='bbox 143 254 204 280; x_wconf 70' lang='lat' dir='ltr'><strong>uc</strong></span> <span class='ocrx_word' id='word_1_5' title='bbox 220 244 288 287; x_wconf 73' lang='grc' dir='ltr'><strong><em>,τῆς</em></strong></span> <span class='ocrx_word' id='word_1_6' title='bbox 308 244 480 287; x_wconf 59' lang='grc' dir='ltr'><strong><em>ἐπαρχίας</em></strong></span> <span class='ocrx_word' id='word_1_7' title='bbox 507 246 569 277; x_wconf 79' lang='grc' dir='ltr'><strong>καὶ</strong></span> <span class='ocrx_word' id='word_1_8' title='bbox 592 244 655 286; x_wconf 81' lang='grc' dir='ltr'><strong><em>τῆς</em></strong></span> <span class='ocrx_word' id='word_1_9' title='bbox 679 239 790 278; x_wconf 71' lang='grc' dir='ltr'><strong><em>αὐτοῦ</em></strong></span> <span class='ocrx_word' id='word_1_10' title='bbox 815 242 951 284; x_wconf 75' lang='grc' dir='ltr'><strong><em>τάξεως</em></strong></span> <span class='ocrx_word' id='word_1_11' title='bbox 979 241 1225 287; x_wconf 73' lang='grc' dir='ltr'><strong><em>βοηθούντων</em></strong></span> 
     </span>
     <span class='ocr_line' id='line_1_3' title="bbox 145 286 1223 335; baseline 0 -12"><span class='ocrx_word' id='word_1_12' title='bbox 145 286 256 332; x_wconf 60' lang='grc' dir='ltr'><strong><em>αὐτῷ.</em></strong></span> <span class='ocrx_word' id='word_1_13' title='bbox 294 286 395 323; x_wconf 65' lang='grc' dir='ltr'><strong><em>,εἰδὲ</em></strong></span> <span class='ocrx_word' id='word_1_14' title='bbox 414 290 476 323; x_wconf 75' lang='grc' dir='ltr'><strong>καὶ</strong></span> <span class='ocrx_word' id='word_1_15' title='bbox 497 289 592 323; x_wconf 84' lang='grc' dir='ltr'><strong><em>κατὰ</em></strong></span> <span class='ocrx_word' id='word_1_16' title='bbox 616 290 680 323; x_wconf 80' lang='grc' dir='ltr'><strong>τοῦ</strong></span> <span class='ocrx_word' id='word_1_17' title='bbox 702 287 873 333; x_wconf 79' lang='grc' dir='ltr'><strong><em>ἄρχοντος</em></strong></span> <span class='ocrx_word' id='word_1_18' title='bbox 895 288 1006 331; x_wconf 65' lang='grc' dir='ltr'><strong><em>τυχὸν</em></strong></span> <span class='ocrx_word' id='word_1_19' title='bbox 1029 300 1223 335; x_wconf 76' lang='grc' dir='ltr'><strong><em>κατηγορη-</em></strong></span> 
     </span>
     <span class='ocr_line' id='line_1_4' title="bbox 145 332 1224 380; baseline -0.002 -10"><span class='ocrx_word' id='word_1_20' title='bbox 145 334 277 369; x_wconf 68' lang='grc' dir='ltr'><strong><em>θέντος</em></strong></span> <span class='ocrx_word' id='word_1_21' title='bbox 306 346 354 370; x_wconf 79' lang='grc' dir='ltr'><strong><em>πε</em></strong></span> <span class='ocrx_word' id='word_1_22' title='bbox 440 334 479 380; x_wconf 58' lang='lat' dir='ltr'><strong>J,</strong></span> <span class='ocrx_word' id='word_1_23' title='bbox 508 336 711 376; x_wconf 71' lang='grc' dir='ltr'><strong><em>,τηνικαῦτα</em></strong></span> <span class='ocrx_word' id='word_1_24' title='bbox 741 332 931 377; x_wconf 73' lang='grc' dir='ltr'><strong><em>κελεύομεν</em></strong></span> <span class='ocrx_word' id='word_1_25' title='bbox 963 336 1023 367; x_wconf 76' lang='grc' dir='ltr'><strong>καὶ</strong></span> <span class='ocrx_word' id='word_1_26' title='bbox 1051 333 1120 378; x_wconf 78' lang='grc' dir='ltr'><strong>τὴν</strong></span> <span class='ocrx_word' id='word_1_27' title='bbox 1149 336 1224 373; x_wconf 75' lang='grc' dir='ltr'><strong><em>ἐπι-</em></strong></span> 
     </span>
     <span class='ocr_line' id='line_1_5' title="bbox 143 376 1225 426; baseline 0 -11"><span class='ocrx_word' id='word_1_28' title='bbox 143 379 278 425; x_wconf 75' lang='grc' dir='ltr'><strong><em>χώριον</em></strong></span> <span class='ocrx_word' id='word_1_29' title='bbox 306 378 414 420; x_wconf 67' lang='grc' dir='ltr'><strong><em>ααξιν</em></strong></span> <span class='ocrx_word' id='word_1_30' title='bbox 448 377 638 426; x_wconf 77' lang='grc' dir='ltr'><em>ὑπουργεῖν</em></span> <span class='ocrx_word' id='word_1_31' title='bbox 670 377 781 422; x_wconf 73' lang='grc' dir='ltr'><strong><em>αὐτῷ.</em></strong></span> <span class='ocrx_word' id='word_1_32' title='bbox 829 376 947 424; x_wconf 75' lang='grc' dir='ltr'><strong><em>ὥςπερ</em></strong></span> <span class='ocrx_word' id='word_1_33' title='bbox 977 377 1017 413; x_wconf 79' lang='grc' dir='ltr'><strong>δὲ</strong></span> <span class='ocrx_word' id='word_1_34' title='bbox 1038 378 1225 424; x_wconf 74' lang='grc' dir='ltr'><strong>κωλύομεν</strong></span> 
     </span>
     <span class='ocr_line' id='line_1_6' title="bbox 145 422 1225 470; baseline -0.001 -10"><span class='ocrx_word' id='word_1_35' title='bbox 145 424 392 470; x_wconf 58' lang='lat' dir='ltr'><strong>‘mmmdcc</strong></span> <span class='ocrx_word' id='word_1_36' title='bbox 413 425 606 470; x_wconf 68' lang='grc' dir='ltr'><strong><em>γενέσθαι,</em></strong></span> <span class='ocrx_word' id='word_1_37' title='bbox 629 422 728 459; x_wconf 64' lang='grc' dir='ltr'><strong><em>οὕτω</em></strong></span> <span class='ocrx_word' id='word_1_38' title='bbox 747 424 815 459; x_wconf 83' lang='grc' dir='ltr'><strong>τὸν</strong></span> <span class='ocrx_word' id='word_1_39' title='bbox 832 426 954 460; x_wconf 77' lang='grc' dir='ltr'><strong><em>πάντα</em></strong></span> <span class='ocrx_word' id='word_1_40' title='bbox 978 422 1148 462; x_wconf 78' lang='grc' dir='ltr'><strong><em>κίνδυνον</em></strong></span> <span class='ocrx_word' id='word_1_41' title='bbox 1171 438 1225 459; x_wconf 79' lang='grc' dir='ltr'><strong><em>κε-</em></strong></span> 
     </span>
     <span class='ocr_line' id='line_1_7' title="bbox 145 469 1226 515; baseline 0.001 -11"><span class='ocrx_word' id='word_1_42' title='bbox 145 469 291 515; x_wconf 74' lang='grc' dir='ltr'><strong><em>λεύομεν</em></strong></span> <span class='ocrx_word' id='word_1_43' title='bbox 321 471 416 512; x_wconf 68' lang='grc' dir='ltr'><strong><em>ἔχειν</em></strong></span> <span class='ocrx_word' id='word_1_44' title='bbox 442 469 528 504; x_wconf 59' lang='grc' dir='ltr'><strong><em>τοὺς</em></strong></span> <span class='ocrx_word' id='word_1_45' title='bbox 560 470 638 504; x_wconf 87' lang='grc' dir='ltr'><strong>τῶν</strong></span> <span class='ocrx_word' id='word_1_46' title='bbox 658 471 843 515; x_wconf 77' lang='grc' dir='ltr'><strong><em>ἐπαρχιῶν</em></strong></span> <span class='ocrx_word' id='word_1_47' title='bbox 866 469 1042 514; x_wconf 79' lang='grc' dir='ltr'><strong><em>ἄρχοντας</em></strong></span> <span class='ocrx_word' id='word_1_48' title='bbox 1072 473 1133 505; x_wconf 75' lang='grc' dir='ltr'><strong>καὶ</strong></span> <span class='ocrx_word' id='word_1_49' title='bbox 1157 471 1226 514; x_wconf 84' lang='grc' dir='ltr'><strong>τὴν</strong></span> 
     </span>
     <span class='ocr_line' id='line_1_8' title="bbox 146 511 1226 563; baseline 0.001 -14"><span class='ocrx_word' id='word_1_50' title='bbox 146 512 269 550; x_wconf 77' lang='grc' dir='ltr'><strong><em>αὐτῶν</em></strong></span> <span class='ocrx_word' id='word_1_51' title='bbox 298 514 415 556; x_wconf 75' lang='grc' dir='ltr'><strong><em>τάξιν,</em></strong></span> <span class='ocrx_word' id='word_1_52' title='bbox 447 511 535 550; x_wconf 55' lang='lat' dir='ltr'><strong>nic-n</strong></span> <span class='ocrx_word' id='word_1_53' title='bbox 567 513 745 563; x_wconf 75' lang='grc' dir='ltr'><strong>φροντίδα</strong></span> <span class='ocrx_word' id='word_1_54' title='bbox 768 517 957 551; x_wconf 76' lang='grc' dir='ltr'><strong><em>ποιεῖσθαι</em></strong></span> <span class='ocrx_word' id='word_1_55' title='bbox 988 517 1050 558; x_wconf 72' lang='grc' dir='ltr'><strong><em>τῆς</em></strong></span> <span class='ocrx_word' id='word_1_56' title='bbox 1080 528 1120 550; x_wconf 88' lang='grc' dir='ltr'><strong>τε</strong></span> <span class='ocrx_word' id='word_1_57' title='bbox 1147 517 1226 550; x_wconf 81' lang='grc' dir='ltr'><strong>τῶν</strong></span> 
     </span>
     <span class='ocr_line' id='line_1_9' title="bbox 145 556 1227 604; baseline 0.001 -9"><span class='ocrx_word' id='word_1_58' title='bbox 145 558 330 604; x_wconf 76' lang='grc' dir='ltr'><strong>δημοσίων</strong></span> <span class='ocrx_word' id='word_1_59' title='bbox 360 556 521 595; x_wconf 77' lang='grc' dir='ltr'><strong><em>ἀνύσεως</em></strong></span> <span class='ocrx_word' id='word_1_60' title='bbox 550 562 613 604; x_wconf 73' lang='grc' dir='ltr'><strong><em>τῆς</em></strong></span> <span class='ocrx_word' id='word_1_61' title='bbox 642 573 681 596; x_wconf 84' lang='grc' dir='ltr'><strong>τε</strong></span> <span class='ocrx_word' id='word_1_62' title='bbox 711 560 788 595; x_wconf 71' lang='grc' dir='ltr'><strong>τῶν</strong></span> <span class='ocrx_word' id='word_1_63' title='bbox 813 560 943 595; x_wconf 87' lang='grc' dir='ltr'><strong><em>τόπων</em></strong></span> <span class='ocrx_word' id='word_1_64' title='bbox 971 560 1227 596; x_wconf 73' lang='grc' dir='ltr'><strong><em>καταστάσεως</em></strong></span> 
     </span>
     <span class='ocr_line' id='line_1_10' title="bbox 143 603 1226 662; baseline 0.001 -23"><span class='ocrx_word' id='word_1_65' title='bbox 143 608 204 639; x_wconf 79' lang='grc' dir='ltr'><strong>καὶ</strong></span> <span class='ocrx_word' id='word_1_66' title='bbox 225 606 290 640; x_wconf 78' lang='grc' dir='ltr'><strong><em>τοῦ</em></strong></span> <span class='ocrx_word' id='word_1_67' title='bbox 315 606 440 641; x_wconf 81' lang='grc' dir='ltr'><strong><em>πᾶσαν</em></strong></span> <span class='ocrx_word' id='word_1_68' title='bbox 464 603 610 641; x_wconf 60' lang='lat' dir='ltr'><strong>deantur</strong></span> <span class='ocrx_word' id='word_1_69' title='bbox 637 609 697 640; x_wconf 75' lang='grc' dir='ltr'><strong>καὶ</strong></span> <span class='ocrx_word' id='word_1_70' title='bbox 720 605 863 662; x_wconf 48' lang='grc' dir='ltr'><strong><em>βλάβην</em></strong></span> <span class='ocrx_word' id='word_1_71' title='bbox 886 603 1131 642; x_wconf 78' lang='grc' dir='ltr'><strong><em>ἀναστέλλειν.</em></strong></span> <span class='ocrx_word' id='word_1_72' title='bbox 1179 608 1226 640; x_wconf 79' lang='grc' dir='ltr'><strong>Εἰ</strong></span> 
     </span>
    </p>
   </div>
   <div class='ocr_carea' id='block_1_3' title="bbox 1212 126 1297 175">
    <p class='ocr_par' dir='ltr' id='par_1_3' title="bbox 1212 126 1297 175">
     <span class='ocr_line' id='line_1_11' title="bbox 1212 126 1297 175; baseline 0 0"><span class='ocrx_word' id='word_1_73' title='bbox 1212 126 1297 175; x_wconf 73' lang='grc'><strong>679</strong></span> 
     </span>
    </p>
   </div>
   <div class='ocr_carea' id='block_1_4' title="bbox 1887 128 2368 175">
    <p class='ocr_par' dir='ltr' id='par_1_4' title="bbox 1887 128 2368 175">
     <span class='ocr_line' id='line_1_12' title="bbox 1887 128 2368 175; baseline -0.008 0"><span class='ocrx_word' id='word_1_74' title='bbox 1887 130 1996 175; x_wconf 83' lang='lat' dir='ltr'><strong>Nov.</strong></span> <span class='ocrx_word' id='word_1_75' title='bbox 2027 128 2243 174; x_wconf 78' lang='lat' dir='ltr'>CXXXIV</span> <span class='ocrx_word' id='word_1_76' title='bbox 2274 130 2312 172; x_wconf 86' lang='lat'><strong>2.</strong></span> <span class='ocrx_word' id='word_1_77' title='bbox 2344 130 2368 171; x_wconf 89' lang='grc'>3</span> 
     </span>
    </p>
   </div>
   <div class='ocr_carea' id='block_1_5' title="bbox 1291 239 2374 423">
    <p class='ocr_par' dir='ltr' id='par_1_5' title="bbox 1291 239 2374 423">
     <span class='ocr_line' id='line_1_13' title="bbox 1293 239 2372 293; baseline -0.002 -15"><span class='ocrx_word' id='word_1_78' title='bbox 1293 242 1454 288; x_wconf 82' lang='lat' dir='ltr'><strong>impleat,</strong></span> <span class='ocrx_word' id='word_1_79' title='bbox 1484 241 1601 278; x_wconf 80' lang='lat' dir='ltr'><strong>iudice</strong></span> <span class='ocrx_word' id='word_1_80' title='bbox 1623 241 1825 293; x_wconf 61' lang='lat' dir='ltr'><strong>provinciae</strong></span> <span class='ocrx_word' id='word_1_81' title='bbox 1854 252 1935 277; x_wconf 88' lang='lat' dir='ltr'><strong>eum</strong></span> <span class='ocrx_word' id='word_1_82' title='bbox 1965 244 2002 278; x_wconf 86' lang='lat' dir='ltr'><strong>et</strong></span> <span class='ocrx_word' id='word_1_83' title='bbox 2024 241 2101 277; x_wconf 88' lang='lat' dir='ltr'><strong>eius</strong></span> <span class='ocrx_word' id='word_1_84' title='bbox 2125 240 2245 277; x_wconf 84' lang='lat' dir='ltr'><strong>officio</strong></span> <span class='ocrx_word' id='word_1_85' title='bbox 2270 239 2372 276; x_wconf 82' lang='lat' dir='ltr'><strong>adiu-</strong></span> 
     </span>
     <span class='ocr_line' id='line_1_14' title="bbox 1291 286 2372 334; baseline -0.003 -10"><span class='ocrx_word' id='word_1_86' title='bbox 1291 291 1407 324; x_wconf 86' lang='lat' dir='ltr'><strong>vante.</strong></span> <span class='ocrx_word' id='word_1_87' title='bbox 1455 288 1494 323; x_wconf 90' lang='lat' dir='ltr'><strong>Si</strong></span> <span class='ocrx_word' id='word_1_88' title='bbox 1516 297 1601 323; x_wconf 72' lang='lat' dir='ltr'><strong>vero</strong></span> <span class='ocrx_word' id='word_1_89' title='bbox 1623 290 1661 323; x_wconf 82' lang='lat' dir='ltr'><strong>&#39;et</strong></span> <span class='ocrx_word' id='word_1_90' title='bbox 1683 290 1812 323; x_wconf 87' lang='lat' dir='ltr'><strong>contra</strong></span> <span class='ocrx_word' id='word_1_91' title='bbox 1834 287 1951 334; x_wconf 83' lang='lat' dir='ltr'><strong>ipsum</strong></span> <span class='ocrx_word' id='word_1_92' title='bbox 1973 286 2125 324; x_wconf 84' lang='lat' dir='ltr'><strong>iudicem</strong></span> <span class='ocrx_word' id='word_1_93' title='bbox 2148 287 2241 323; x_wconf 85' lang='lat' dir='ltr'><strong>forte</strong></span> <span class='ocrx_word' id='word_1_94' title='bbox 2263 294 2372 322; x_wconf 72' lang='lat' dir='ltr'><strong>accu-</strong></span> 
     </span>
     <span class='ocr_line' id='line_1_15' title="bbox 1294 331 2374 377; baseline -0.002 -8"><span class='ocrx_word' id='word_1_95' title='bbox 1294 337 1410 369; x_wconf 82' lang='lat' dir='ltr'><strong>satum</strong></span> <span class='ocrx_word' id='word_1_96' title='bbox 1445 333 1727 376; x_wconf 71' lang='lat' dir='ltr'><strong>transmittatur,</strong></span> <span class='ocrx_word' id='word_1_97' title='bbox 1767 335 1853 368; x_wconf 86' lang='lat' dir='ltr'><strong>tunc</strong></span> <span class='ocrx_word' id='word_1_98' title='bbox 1887 332 2049 369; x_wconf 88' lang='lat' dir='ltr'><strong>iubemus</strong></span> <span class='ocrx_word' id='word_1_99' title='bbox 2089 336 2124 367; x_wconf 86' lang='lat' dir='ltr'><strong>et</strong></span> <span class='ocrx_word' id='word_1_100' title='bbox 2157 331 2374 377; x_wconf 73' lang='lat' dir='ltr'><strong>provinciale</strong></span> 
     </span>
     <span class='ocr_line' id='line_1_16' title="bbox 1293 376 2374 423; baseline -0.003 -8"><span class='ocrx_word' id='word_1_101' title='bbox 1293 379 1452 415; x_wconf 85' lang='lat' dir='ltr'><strong>officium</strong></span> <span class='ocrx_word' id='word_1_102' title='bbox 1483 377 1651 414; x_wconf 88' lang='lat' dir='ltr'><strong>oboedire</strong></span> <span class='ocrx_word' id='word_1_103' title='bbox 1673 379 1716 414; x_wconf 85' lang='lat' dir='ltr'><strong>ei.</strong></span> <span class='ocrx_word' id='word_1_104' title='bbox 1763 378 2067 423; x_wconf 78' lang='lat' dir='ltr'><strong>Quemadmodum</strong></span> <span class='ocrx_word' id='word_1_105' title='bbox 2090 378 2183 413; x_wconf 89' lang='lat' dir='ltr'><strong>enim</strong></span> <span class='ocrx_word' id='word_1_106' title='bbox 2207 376 2374 422; x_wconf 86' lang='lat' dir='ltr'><strong>prohibe-</strong></span> 
     </span>
    </p>
   </div>
   <div class='ocr_carea' id='block_1_6' title="bbox 1260 422 2372 468">
    <p class='ocr_par' dir='ltr' id='par_1_6' title="bbox 1260 422 2372 468">
     <span class='ocr_line' id='line_1_17' title="bbox 1260 422 2372 468; baseline -0.004 -7"><span class='ocrx_word' id='word_1_107' title='bbox 1260 428 1371 461; x_wconf 88' lang='lat' dir='ltr'><strong>5mus</strong></span> <span class='ocrx_word' id='word_1_108' title='bbox 1402 424 1472 460; x_wconf 90' lang='lat' dir='ltr'><strong>loci</strong></span> <span class='ocrx_word' id='word_1_109' title='bbox 1501 428 1699 462; x_wconf 84' lang='lat' dir='ltr'><strong>servatores</strong></span> <span class='ocrx_word' id='word_1_110' title='bbox 1723 423 1897 468; x_wconf 73' lang='lat' dir='ltr'><strong>fieri,&#39;ita</strong></span> <span class='ocrx_word' id='word_1_111' title='bbox 1919 433 2023 461; x_wconf 89' lang='lat' dir='ltr'><strong>omne</strong></span> <span class='ocrx_word' id='word_1_112' title='bbox 2053 424 2250 468; x_wconf 85' lang='lat' dir='ltr'><strong>periculum</strong></span> <span class='ocrx_word' id='word_1_113' title='bbox 2272 422 2372 458; x_wconf 85' lang='lat' dir='ltr'><strong>iube-</strong></span> 
     </span>
    </p>
   </div>
   <div class='ocr_carea' id='block_1_7' title="bbox 1292 467 2374 652">
    <p class='ocr_par' dir='ltr' id='par_1_7' title="bbox 1292 467 2374 652">
     <span class='ocr_line' id='line_1_18' title="bbox 1292 467 2373 509; baseline -0.003 -3"><span class='ocrx_word' id='word_1_114' title='bbox 1292 481 1371 506; x_wconf 89' lang='lat' dir='ltr'><strong>mus</strong></span> <span class='ocrx_word' id='word_1_115' title='bbox 1395 470 1527 506; x_wconf 87' lang='lat' dir='ltr'><strong>habere</strong></span> <span class='ocrx_word' id='word_1_116' title='bbox 1550 470 1686 505; x_wconf 90' lang='lat' dir='ltr'><strong>iudices</strong></span> <span class='ocrx_word' id='word_1_117' title='bbox 1735 469 1973 504; x_wconf 82' lang='lat' dir='ltr'><strong>rovinciarum</strong></span> <span class='ocrx_word' id='word_1_118' title='bbox 1998 473 2033 504; x_wconf 89' lang='lat' dir='ltr'><strong>et</strong></span> <span class='ocrx_word' id='word_1_119' title='bbox 2056 478 2178 504; x_wconf 89' lang='lat' dir='ltr'><strong>eorum</strong></span> <span class='ocrx_word' id='word_1_120' title='bbox 2201 467 2373 509; x_wconf 87' lang='lat' dir='ltr'><strong>officium,</strong></span> 
     </span>
     <span class='ocr_line' id='line_1_19' title="bbox 1293 514 2373 560; baseline -0.003 -9"><span class='ocrx_word' id='word_1_121' title='bbox 1293 519 1333 551; x_wconf 90' lang='lat' dir='ltr'><strong>ut</strong></span> <span class='ocrx_word' id='word_1_122' title='bbox 1352 515 1622 552; x_wconf 85' lang='lat' dir='ltr'><strong>sollicitudinem</strong></span> <span class='ocrx_word' id='word_1_123' title='bbox 1646 515 1783 550; x_wconf 80' lang='lat' dir='ltr'><strong>faciant</strong></span> <span class='ocrx_word' id='word_1_124' title='bbox 1805 520 1878 551; x_wconf 82' lang='lat' dir='ltr'><strong>tam</strong></span> <span class='ocrx_word' id='word_1_125' title='bbox 1893 514 2119 560; x_wconf 86' lang='lat' dir='ltr'><strong>publicarum</strong></span> <span class='ocrx_word' id='word_1_126' title='bbox 2143 514 2373 549; x_wconf 82' lang='lat' dir='ltr'><strong>exactionum</strong></span> 
     </span>
     <span class='ocr_line' id='line_1_20' title="bbox 1293 559 2374 607; baseline -0.003 -11"><span class='ocrx_word' id='word_1_127' title='bbox 1293 571 1398 607; x_wconf 88' lang='lat' dir='ltr'><strong>quam</strong></span> <span class='ocrx_word' id='word_1_128' title='bbox 1421 561 1581 597; x_wconf 87' lang='lat' dir='ltr'><strong>locorum</strong></span> <span class='ocrx_word' id='word_1_129' title='bbox 1605 560 1744 606; x_wconf 85' lang='lat' dir='ltr'><strong>quietis,</strong></span> <span class='ocrx_word' id='word_1_130' title='bbox 1770 561 1806 595; x_wconf 85' lang='lat' dir='ltr'><strong>et</strong></span> <span class='ocrx_word' id='word_1_131' title='bbox 1821 564 1861 595; x_wconf 87' lang='lat' dir='ltr'><strong>ut</strong></span> <span class='ocrx_word' id='word_1_132' title='bbox 1881 560 1993 596; x_wconf 91' lang='lat' dir='ltr'><strong>omnis</strong></span> <span class='ocrx_word' id='word_1_133' title='bbox 2014 559 2189 595; x_wconf 85' lang='lat' dir='ltr'><strong>iniustitia</strong></span> <span class='ocrx_word' id='word_1_134' title='bbox 2212 563 2249 594; x_wconf 87' lang='lat' dir='ltr'><strong>et</strong></span> <span class='ocrx_word' id='word_1_135' title='bbox 2262 559 2374 594; x_wconf 89' lang='lat' dir='ltr'><strong>laesio</strong></span> 
     </span>
     <span class='ocr_line' id='line_1_21' title="bbox 1294 604 2373 652; baseline -0.003 -10"><span class='ocrx_word' id='word_1_136' title='bbox 1294 606 1544 652; x_wconf 85' lang='lat' dir='ltr'><strong>suspendatur.</strong></span> <span class='ocrx_word' id='word_1_137' title='bbox 1593 606 1633 640; x_wconf 91' lang='lat' dir='ltr'><strong>In</strong></span> <span class='ocrx_word' id='word_1_138' title='bbox 1657 605 1785 650; x_wconf 90' lang='lat' dir='ltr'><strong>quibus</strong></span> <span class='ocrx_word' id='word_1_139' title='bbox 1809 614 1891 641; x_wconf 87' lang='lat' dir='ltr'><strong>vero</strong></span> <span class='ocrx_word' id='word_1_140' title='bbox 1915 605 2106 651; x_wconf 85' lang='lat' dir='ltr'><strong>provinciis</strong></span> <span class='ocrx_word' id='word_1_141' title='bbox 2130 608 2194 640; x_wconf 85' lang='lat' dir='ltr'><strong>ant</strong></span> <span class='ocrx_word' id='word_1_142' title='bbox 2216 604 2373 640; x_wconf 87' lang='lat' dir='ltr'><strong>vindices</strong></span> 
     </span>
    </p>
   </div>
   <div class='ocr_carea' id='block_1_8' title="bbox 144 648 2373 705">
    <p class='ocr_par' dir='ltr' id='par_1_8' title="bbox 144 648 2373 705">
     <span class='ocr_line' id='line_1_22' title="bbox 144 648 2373 705; baseline 0 -22"><span class='ocrx_word' id='word_1_143' title='bbox 144 648 185 684; x_wconf 74' lang='grc' dir='ltr'><strong>δὲ</strong></span> <span class='ocrx_word' id='word_1_144' title='bbox 199 651 240 684; x_wconf 67' lang='grc' dir='ltr'><strong>ἐν</strong></span> <span class='ocrx_word' id='word_1_145' title='bbox 255 653 333 685; x_wconf 83' lang='grc' dir='ltr'><strong><em>ταῖς</em></strong></span> <span class='ocrx_word' id='word_1_146' title='bbox 348 652 534 696; x_wconf 73' lang='grc' dir='ltr'><strong><em>ἐπαρχίαις</em></strong></span> <span class='ocrx_word' id='word_1_147' title='bbox 556 650 578 695; x_wconf 87' lang='grc' dir='ltr'><em>ἢ</em></span> <span class='ocrx_word' id='word_1_148' title='bbox 601 649 756 696; x_wconf 74' lang='grc' dir='ltr'><strong><em>βίνὸιειες</em></strong></span> <span class='ocrx_word' id='word_1_149' title='bbox 779 665 800 694; x_wconf 92' lang='grc' dir='ltr'><strong><em>η</em></strong></span> <span class='ocrx_word' id='word_1_150' title='bbox 822 649 1033 694; x_wconf 73' lang='grc' dir='ltr'><strong><em>ἐκλήπτοοές</em></strong></span> <span class='ocrx_word' id='word_1_151' title='bbox 1057 653 1125 686; x_wconf 81' lang='grc' dir='ltr'><strong><em>εἰσι</em></strong></span> <span class='ocrx_word' id='word_1_152' title='bbox 1147 653 1225 686; x_wconf 82' lang='grc' dir='ltr'><strong>τῶν</strong></span> <span class='ocrx_word' id='word_1_153' title='bbox 1242 656 1280 688; x_wconf 82' lang='lat'><strong>10</strong></span> <span class='ocrx_word' id='word_1_154' title='bbox 1293 656 1356 687; x_wconf 84' lang='lat' dir='ltr'><strong>aut</strong></span> <span class='ocrx_word' id='word_1_155' title='bbox 1378 651 1576 705; x_wconf 73' lang='lat' dir='ltr'><strong>ecleptores</strong></span> <span class='ocrx_word' id='word_1_156' title='bbox 1601 655 1685 686; x_wconf 79' lang='lat' dir='ltr'><strong>sunt</strong></span> <span class='ocrx_word' id='word_1_157' title='bbox 1707 650 1902 692; x_wconf 76' lang='lat' dir='ltr'><strong>fiscalium,</strong></span> <span class='ocrx_word' id='word_1_158' title='bbox 1926 654 1961 685; x_wconf 85' lang='lat' dir='ltr'><strong>et</strong></span> <span class='ocrx_word' id='word_1_159' title='bbox 1981 660 2071 695; x_wconf 81' lang='lat' dir='ltr'><strong>opus</strong></span> <span class='ocrx_word' id='word_1_160' title='bbox 2096 650 2287 685; x_wconf 76' lang='lat' dir='ltr'><strong>habuerim</strong></span> <span class='ocrx_word' id='word_1_161' title='bbox 2309 649 2373 684; x_wconf 80' lang='lat' dir='ltr'><strong>ali-</strong></span> 
     </span>
    </p>
   </div>
   <div class='ocr_carea' id='block_1_9' title="bbox 144 684 1226 878">
    <p class='ocr_par' dir='ltr' id='par_1_9' title="bbox 144 684 1226 878">
     <span class='ocr_line' id='line_1_23' title="bbox 144 684 1226 741; baseline 0.001 -11"><span class='ocrx_word' id='word_1_162' title='bbox 144 693 339 739; x_wconf 78' lang='grc' dir='ltr'><strong><em>δημοσίων,</em></strong></span> <span class='ocrx_word' id='word_1_163' title='bbox 360 699 420 730; x_wconf 77' lang='grc' dir='ltr'><strong>καὶ</strong></span> <span class='ocrx_word' id='word_1_164' title='bbox 437 694 603 740; x_wconf 77' lang='grc' dir='ltr'><strong><em>δεηθῶσί</em></strong></span> <span class='ocrx_word' id='word_1_165' title='bbox 615 708 712 732; x_wconf 80' lang='grc' dir='ltr'><strong><em>τινος</em></strong></span> <span class='ocrx_word' id='word_1_166' title='bbox 726 697 910 741; x_wconf 70' lang='grc' dir='ltr'><strong><em>βοηθείας,</em></strong></span> <span class='ocrx_word' id='word_1_167' title='bbox 934 684 1123 740; x_wconf 75' lang='grc' dir='ltr'><strong><em>κελεύομεν</em></strong></span> <span class='ocrx_word' id='word_1_168' title='bbox 1143 698 1226 731; x_wconf 67' lang='grc' dir='ltr'><strong><em>τοὺς</em></strong></span> 
     </span>
     <span class='ocr_line' id='line_1_24' title="bbox 144 739 1226 786; baseline 0 -11"><span class='ocrx_word' id='word_1_169' title='bbox 144 739 319 786; x_wconf 73' lang='grc' dir='ltr'><strong><em>ἄρχοντας</em></strong></span> <span class='ocrx_word' id='word_1_170' title='bbox 336 742 420 776; x_wconf 79' lang='grc' dir='ltr'><strong><em>,τῶν</em></strong></span> <span class='ocrx_word' id='word_1_171' title='bbox 440 743 624 786; x_wconf 72' lang='grc' dir='ltr'><strong><em>ἐπαρχιῶν</em></strong></span> <span class='ocrx_word' id='word_1_172' title='bbox 647 745 707 776; x_wconf 74' lang='grc' dir='ltr'><strong>καὶ</strong></span> <span class='ocrx_word' id='word_1_173' title='bbox 728 742 793 777; x_wconf 74' lang='grc' dir='ltr'><strong><em>τὰς</em></strong></span> <span class='ocrx_word' id='word_1_174' title='bbox 816 742 931 783; x_wconf 77' lang='grc' dir='ltr'><strong><em>τάξεις</em></strong></span> <span class='ocrx_word' id='word_1_175' title='bbox 954 739 1077 777; x_wconf 78' lang='grc' dir='ltr'><strong><em>αι’τῶν</em></strong></span> <span class='ocrx_word' id='word_1_176' title='bbox 1100 743 1226 777; x_wconf 80' lang='grc' dir='ltr'><strong><em>πᾶσαν</em></strong></span> 
     </span>
     <span class='ocr_line' id='line_1_25' title="bbox 144 783 1224 833; baseline 0.001 -13"><span class='ocrx_word' id='word_1_177' title='bbox 144 787 321 831; x_wconf 84' lang='grc' dir='ltr'><strong><em>σύναρσιν</em></strong></span> <span class='ocrx_word' id='word_1_178' title='bbox 343 790 404 821; x_wconf 79' lang='grc' dir='ltr'><strong>καὶ</strong></span> <span class='ocrx_word' id='word_1_179' title='bbox 428 785 591 830; x_wconf 82' lang='grc' dir='ltr'><strong><em>σπουδὴν</em></strong></span> <span class='ocrx_word' id='word_1_180' title='bbox 614 784 734 822; x_wconf 77' lang='grc' dir='ltr'><strong><em>αὐτοῖς</em></strong></span> <span class='ocrx_word' id='word_1_181' title='bbox 757 787 984 833; x_wconf 81' lang='grc' dir='ltr'><strong><em>συνειςάγειν,</em></strong></span> <span class='ocrx_word' id='word_1_182' title='bbox 1009 783 1097 822; x_wconf 61' lang='grc' dir='ltr'><strong><em>ὥστε</em></strong></span> <span class='ocrx_word' id='word_1_183' title='bbox 1117 784 1224 831; x_wconf 80' lang='grc' dir='ltr'><strong><em>ἀνεμ-</em></strong></span> 
     </span>
     <span class='ocr_line' id='line_1_26' title="bbox 144 830 1225 878; baseline 0 -12"><span class='ocrx_word' id='word_1_184' title='bbox 144 830 325 867; x_wconf 77' lang='grc' dir='ltr'><strong><em>ποδίστως</em></strong></span> <span class='ocrx_word' id='word_1_185' title='bbox 347 832 415 875; x_wconf 76' lang='grc' dir='ltr'><strong>τὴν</strong></span> <span class='ocrx_word' id='word_1_186' title='bbox 430 835 508 867; x_wconf 82' lang='grc' dir='ltr'><strong>τῶν</strong></span> <span class='ocrx_word' id='word_1_187' title='bbox 524 831 706 877; x_wconf 81' lang='grc' dir='ltr'><strong><em>δημοσίων</em></strong></span> <span class='ocrx_word' id='word_1_188' title='bbox 730 832 911 878; x_wconf 76' lang='grc' dir='ltr'><strong><em>εἴεπραξιν</em></strong></span> <span class='ocrx_word' id='word_1_189' title='bbox 935 836 1107 877; x_wconf 78' lang='grc' dir='ltr'><strong><em>προϊέναι.</em></strong></span> <span class='ocrx_word' id='word_1_190' title='bbox 1152 836 1225 867; x_wconf 76' lang='grc' dir='ltr'><strong>Καὶ</strong></span> 
     </span>
    </p>
   </div>
   <div class='ocr_carea' id='block_1_10' title="bbox 1293 695 2375 878">
    <p class='ocr_par' dir='ltr' id='par_1_10' title="bbox 1293 695 2375 878">
     <span class='ocr_line' id='line_1_27' title="bbox 1294 695 2375 743; baseline -0.004 -10"><span class='ocrx_word' id='word_1_191' title='bbox 1294 697 1389 743; x_wconf 85' lang='lat' dir='ltr'><strong>quod</strong></span> <span class='ocrx_word' id='word_1_192' title='bbox 1417 697 1650 738; x_wconf 78' lang='lat' dir='ltr'><strong>adiutorium,</strong></span> <span class='ocrx_word' id='word_1_193' title='bbox 1685 696 1847 731; x_wconf 88' lang='lat' dir='ltr'><strong>iubemus</strong></span> <span class='ocrx_word' id='word_1_194' title='bbox 1876 695 2013 732; x_wconf 89' lang='lat' dir='ltr'><strong>iudices</strong></span> <span class='ocrx_word' id='word_1_195' title='bbox 2044 695 2307 741; x_wconf 88' lang='lat' dir='ltr'><strong>provinciarum</strong></span> <span class='ocrx_word' id='word_1_196' title='bbox 2339 698 2375 729; x_wconf 88' lang='lat' dir='ltr'><strong>et</strong></span> 
     </span>
     <span class='ocr_line' id='line_1_28' title="bbox 1294 740 2374 779; baseline -0.004 -1"><span class='ocrx_word' id='word_1_197' title='bbox 1294 743 1413 778; x_wconf 82' lang='lat' dir='ltr'><strong>officia</strong></span> <span class='ocrx_word' id='word_1_198' title='bbox 1448 752 1568 779; x_wconf 90' lang='lat' dir='ltr'><strong>eorum</strong></span> <span class='ocrx_word' id='word_1_199' title='bbox 1603 751 1707 778; x_wconf 86' lang='lat' dir='ltr'><strong>omne</strong></span> <span class='ocrx_word' id='word_1_200' title='bbox 1741 741 1914 776; x_wconf 87' lang='lat' dir='ltr'><strong>solacium</strong></span> <span class='ocrx_word' id='word_1_201' title='bbox 1949 743 1986 776; x_wconf 91' lang='lat' dir='ltr'><strong>et</strong></span> <span class='ocrx_word' id='word_1_202' title='bbox 2016 740 2172 778; x_wconf 88' lang='lat' dir='ltr'><strong>studium</strong></span> <span class='ocrx_word' id='word_1_203' title='bbox 2207 740 2259 776; x_wconf 81' lang='lat' dir='ltr'><strong>eis</strong></span> <span class='ocrx_word' id='word_1_204' title='bbox 2289 749 2374 775; x_wconf 91' lang='lat' dir='ltr'><strong>con-</strong></span> 
     </span>
     <span class='ocr_line' id='line_1_29' title="bbox 1293 785 2375 832; baseline -0.003 -9"><span class='ocrx_word' id='word_1_205' title='bbox 1293 788 1403 830; x_wconf 81' lang='lat' dir='ltr'><strong>ferre,</strong></span> <span class='ocrx_word' id='word_1_206' title='bbox 1439 792 1480 824; x_wconf 91' lang='lat' dir='ltr'><strong>ut</strong></span> <span class='ocrx_word' id='word_1_207' title='bbox 1513 787 1590 823; x_wconf 86' lang='lat' dir='ltr'><strong>sine</strong></span> <span class='ocrx_word' id='word_1_208' title='bbox 1623 787 1873 832; x_wconf 88' lang='lat' dir='ltr'><strong>impedimento</strong></span> <span class='ocrx_word' id='word_1_209' title='bbox 1907 785 2082 821; x_wconf 79' lang='lat' dir='ltr'><strong>fiscalium</strong></span> <span class='ocrx_word' id='word_1_210' title='bbox 2117 785 2255 821; x_wconf 84' lang='lat' dir='ltr'><strong>exactio</strong></span> <span class='ocrx_word' id='word_1_211' title='bbox 2291 794 2375 830; x_wconf 89' lang='lat' dir='ltr'><strong>pro-</strong></span> 
     </span>
     <span class='ocr_line' id='line_1_30' title="bbox 1294 829 2375 878; baseline -0.004 -9"><span class='ocrx_word' id='word_1_212' title='bbox 1294 834 1409 870; x_wconf 80' lang='lat' dir='ltr'><strong>cedat.</strong></span> <span class='ocrx_word' id='word_1_213' title='bbox 1456 832 1508 869; x_wconf 79' lang='lat' dir='ltr'><strong>Et</strong></span> <span class='ocrx_word' id='word_1_214' title='bbox 1541 842 1664 868; x_wconf 87' lang='lat' dir='ltr'><strong>omnes</strong></span> <span class='ocrx_word' id='word_1_215' title='bbox 1699 841 1792 878; x_wconf 87' lang='lat' dir='ltr'><strong>quae</strong></span> <span class='ocrx_word' id='word_1_216' title='bbox 1825 835 1944 867; x_wconf 87' lang='lat' dir='ltr'><strong>motae</strong></span> <span class='ocrx_word' id='word_1_217' title='bbox 1978 831 2113 866; x_wconf 84' lang='lat' dir='ltr'><strong>fuerint</strong></span> <span class='ocrx_word' id='word_1_218' title='bbox 2150 831 2223 866; x_wconf 85' lang='lat' dir='ltr'><strong>sive</strong></span> <span class='ocrx_word' id='word_1_219' title='bbox 2255 829 2375 866; x_wconf 85' lang='lat' dir='ltr'><strong>civiles</strong></span> 
     </span>
    </p>
   </div>
   <div class='ocr_carea' id='block_1_11' title="bbox 145 875 2375 923">
    <p class='ocr_par' dir='ltr' id='par_1_11' title="bbox 145 875 2375 923">
     <span class='ocr_line' id='line_1_31' title="bbox 145 875 2375 923; baseline -0 -12"><span class='ocrx_word' id='word_1_220' title='bbox 145 877 263 912; x_wconf 76' lang='grc' dir='ltr'><strong><em>πάσας</em></strong></span> <span class='ocrx_word' id='word_1_221' title='bbox 295 875 335 911; x_wconf 73' lang='grc' dir='ltr'><strong>δὲ</strong></span> <span class='ocrx_word' id='word_1_222' title='bbox 358 878 422 912; x_wconf 84' lang='grc' dir='ltr'><strong><em>τὰς</em></strong></span> <span class='ocrx_word' id='word_1_223' title='bbox 442 881 650 922; x_wconf 74' lang='grc' dir='ltr'><strong><em>κινουμένας</em></strong></span> <span class='ocrx_word' id='word_1_224' title='bbox 680 878 751 913; x_wconf 79' lang='grc' dir='ltr'><strong><em>εἴτε</em></strong></span> <span class='ocrx_word' id='word_1_225' title='bbox 773 878 989 923; x_wconf 75' lang='grc' dir='ltr'><strong><em>χρηματικὰς</em></strong></span> <span class='ocrx_word' id='word_1_226' title='bbox 1011 878 1082 913; x_wconf 76' lang='grc' dir='ltr'><strong><em>εἴτε</em></strong></span> <span class='ocrx_word' id='word_1_227' title='bbox 1105 878 1280 923; x_wconf 56' lang='lat' dir='ltr'><strong>synar-15</strong></span> <span class='ocrx_word' id='word_1_228' title='bbox 1295 879 1366 914; x_wconf 80' lang='lat' dir='ltr'><strong>sive</strong></span> <span class='ocrx_word' id='word_1_229' title='bbox 1391 877 1590 914; x_wconf 78' lang='lat' dir='ltr'><strong>criminales</strong></span> <span class='ocrx_word' id='word_1_230' title='bbox 1621 887 1749 913; x_wconf 85' lang='lat' dir='ltr'><strong>causas</strong></span> <span class='ocrx_word' id='word_1_231' title='bbox 1781 879 1817 913; x_wconf 90' lang='lat' dir='ltr'><strong>et</strong></span> <span class='ocrx_word' id='word_1_232' title='bbox 1848 879 2090 921; x_wconf 80' lang='lat' dir='ltr'><strong>competentes</strong></span> <span class='ocrx_word' id='word_1_233' title='bbox 2115 875 2375 922; x_wconf 72' lang='lat' dir='ltr'><strong>provinciarum</strong></span> 
     </span>
    </p>
   </div>
   <div class='ocr_carea' id='block_1_12' title="bbox 144 919 1226 1059">
    <p class='ocr_par' dir='ltr' id='par_1_12' title="bbox 144 919 1226 1059">
     <span class='ocr_line' id='line_1_32' title="bbox 144 919 1226 978; baseline 0.001 -22"><span class='ocrx_word' id='word_1_234' title='bbox 144 923 298 966; x_wconf 80' lang='grc' dir='ltr'><strong><em>ματικὰς</em></strong></span> <span class='ocrx_word' id='word_1_235' title='bbox 321 919 514 977; x_wconf 64' lang='grc' dir='ltr'><strong><em>ὑπερθέσεις</em></strong></span> <span class='ocrx_word' id='word_1_236' title='bbox 535 927 595 958; x_wconf 78' lang='grc' dir='ltr'><strong>καὶ</strong></span> <span class='ocrx_word' id='word_1_237' title='bbox 611 921 835 970; x_wconf 76' lang='grc' dir='ltr'><strong><em>ἁρμοζούσας</em></strong></span> <span class='ocrx_word' id='word_1_238' title='bbox 857 927 931 958; x_wconf 78' lang='grc' dir='ltr'><strong><em>τοῖς</em></strong></span> <span class='ocrx_word' id='word_1_239' title='bbox 949 924 1027 958; x_wconf 78' lang='grc' dir='ltr'><strong>τῶν</strong></span> <span class='ocrx_word' id='word_1_240' title='bbox 1043 925 1226 978; x_wconf 79' lang='grc' dir='ltr'><strong><em>ἐπαρχιῶν</em></strong></span> 
     </span>
     <span class='ocr_line' id='line_1_33' title="bbox 145 965 1225 1015; baseline 0.001 -14"><span class='ocrx_word' id='word_1_241' title='bbox 145 966 314 1012; x_wconf 77' lang='grc' dir='ltr'><strong><em>ἄρχουσιν</em></strong></span> <span class='ocrx_word' id='word_1_242' title='bbox 339 969 465 1003; x_wconf 60' lang='lat' dir='ltr'><strong>amous</strong></span> <span class='ocrx_word' id='word_1_243' title='bbox 487 970 728 1015; x_wconf 64' lang='grc' dir='ltr'><strong><em>ἐπιτρέπομεν</em></strong></span> <span class='ocrx_word' id='word_1_244' title='bbox 752 971 882 1012; x_wconf 81' lang='grc' dir='ltr'><strong><em>ζητεῖν,</em></strong></span> <span class='ocrx_word' id='word_1_245' title='bbox 912 965 1001 1003; x_wconf 65' lang='grc' dir='ltr'><strong><em>ὥστε</em></strong></span> <span class='ocrx_word' id='word_1_246' title='bbox 1024 966 1153 1004; x_wconf 71' lang='grc' dir='ltr'><strong><em>αὐτους</em></strong></span> <span class='ocrx_word' id='word_1_247' title='bbox 1175 970 1225 1003; x_wconf 80' lang='grc' dir='ltr'><strong><em>οἰ-</em></strong></span> 
     </span>
     <span class='ocr_line' id='line_1_34' title="bbox 145 1010 1226 1059; baseline 0.002 -13"><span class='ocrx_word' id='word_1_248' title='bbox 145 1016 231 1056; x_wconf 74' lang='grc' dir='ltr'><strong><em>κείῳ</em></strong></span> <span class='ocrx_word' id='word_1_249' title='bbox 260 1010 423 1057; x_wconf 74' lang='grc' dir='ltr'><strong><em>κινδύνῳ</em></strong></span> <span class='ocrx_word' id='word_1_250' title='bbox 454 1015 588 1049; x_wconf 83' lang='grc' dir='ltr'><strong><em>ταύτας</em></strong></span> <span class='ocrx_word' id='word_1_251' title='bbox 619 1014 799 1057; x_wconf 65' lang='grc' dir='ltr'><strong><em>ἐξετάζειν</em></strong></span> <span class='ocrx_word' id='word_1_252' title='bbox 837 1018 896 1048; x_wconf 71' lang='grc' dir='ltr'><strong>καὶ</strong></span> <span class='ocrx_word' id='word_1_253' title='bbox 926 1013 1082 1059; x_wconf 79' lang='grc' dir='ltr'><strong><em>νόμιμον</em></strong></span> <span class='ocrx_word' id='word_1_254' title='bbox 1118 1018 1226 1059; x_wconf 72' lang='grc' dir='ltr'><strong><em>πέρας</em></strong></span> 
     </span>
    </p>
   </div>
   <div class='ocr_carea' id='block_1_13' title="bbox 147 1056 1226 1104">
    <p class='ocr_par' dir='ltr' id='par_1_13' title="bbox 147 1056 1226 1104">
     <span class='ocr_line' id='line_1_35' title="bbox 147 1056 1226 1104; baseline 0.002 -12"><span class='ocrx_word' id='word_1_255' title='bbox 147 1056 271 1093; x_wconf 70' lang='grc' dir='ltr'><strong><em>αὐταῖς</em></strong></span> <span class='ocrx_word' id='word_1_256' title='bbox 301 1059 497 1093; x_wconf 65' lang='grc' dir='ltr'><strong><em>ἐπιθεῖναι.</em></strong></span> <span class='ocrx_word' id='word_1_257' title='bbox 545 1060 642 1104; x_wconf 79' lang='grc' dir='ltr'><strong><em>Πρὸς</em></strong></span> <span class='ocrx_word' id='word_1_258' title='bbox 665 1061 805 1094; x_wconf 71' lang='grc' dir='ltr'><strong><em>τούτοις</em></strong></span> <span class='ocrx_word' id='word_1_259' title='bbox 827 1059 1014 1103; x_wconf 70' lang='grc' dir='ltr'><strong><em>κελεύομεν</em></strong></span> <span class='ocrx_word' id='word_1_260' title='bbox 1044 1060 1125 1094; x_wconf 78' lang='grc' dir='ltr'><strong><em>τοὺς</em></strong></span> <span class='ocrx_word' id='word_1_261' title='bbox 1148 1061 1226 1094; x_wconf 76' lang='grc' dir='ltr'><strong>τῶν</strong></span> 
     </span>
    </p>
   </div>
   <div class='ocr_carea' id='block_1_14' title="bbox 1294 920 2376 1060">
    <p class='ocr_par' dir='ltr' id='par_1_14' title="bbox 1294 920 2376 1060">
     <span class='ocr_line' id='line_1_36' title="bbox 1294 920 2375 1003; baseline -0.004 -43"><span class='ocrx_word' id='word_1_262' title='bbox 1294 925 1471 960; x_wconf 86' lang='lat' dir='ltr'><strong>iudicibus</strong></span> <span class='ocrx_word' id='word_1_263' title='bbox 1506 924 1602 969; x_wconf 82' lang='lat' dir='ltr'><strong>ipsos</strong></span> <span class='ocrx_word' id='word_1_264' title='bbox 1637 923 1799 958; x_wconf 89' lang='lat' dir='ltr'><strong>iubemus</strong></span> <span class='ocrx_word' id='word_1_265' title='bbox 1835 922 2029 1003; x_wconf 48' lang='lat' dir='ltr'><strong>inquirere,</strong></span> <span class='ocrx_word' id='word_1_266' title='bbox 2067 925 2108 958; x_wconf 90' lang='lat' dir='ltr'><strong>ut</strong></span> <span class='ocrx_word' id='word_1_267' title='bbox 2141 921 2193 957; x_wconf 90' lang='lat' dir='ltr'><strong>illi</strong></span> <span class='ocrx_word' id='word_1_268' title='bbox 2227 920 2375 967; x_wconf 88' lang='lat' dir='ltr'><strong>proprio</strong></span> 
     </span>
     <span class='ocr_line' id='line_1_37' title="bbox 1294 966 2375 1015; baseline -0.004 -9"><span class='ocrx_word' id='word_1_269' title='bbox 1294 970 1454 1015; x_wconf 85' lang='lat' dir='ltr'><strong>periculo</strong></span> <span class='ocrx_word' id='word_1_270' title='bbox 1485 969 1549 1004; x_wconf 86' lang='lat' dir='ltr'><strong>has</strong></span> <span class='ocrx_word' id='word_1_271' title='bbox 1581 968 1777 1005; x_wconf 87' lang='lat' dir='ltr'><strong>discutiant</strong></span> <span class='ocrx_word' id='word_1_272' title='bbox 1811 971 1846 1003; x_wconf 86' lang='lat' dir='ltr'><strong>et</strong></span> <span class='ocrx_word' id='word_1_273' title='bbox 1890 967 2068 1012; x_wconf 84' lang='lat' dir='ltr'><strong>egitimum</strong></span> <span class='ocrx_word' id='word_1_274' title='bbox 2104 967 2210 1003; x_wconf 85' lang='lat' dir='ltr'><strong>finem</strong></span> <span class='ocrx_word' id='word_1_275' title='bbox 2240 967 2290 1003; x_wconf 88' lang='lat' dir='ltr'><strong>eis</strong></span> <span class='ocrx_word' id='word_1_276' title='bbox 2322 966 2375 1001; x_wconf 85' lang='lat' dir='ltr'><strong>in-</strong></span> 
     </span>
     <span class='ocr_line' id='line_1_38' title="bbox 1294 1011 2376 1060; baseline -0.004 -9"><span class='ocrx_word' id='word_1_277' title='bbox 1294 1019 1440 1060; x_wconf 85' lang='lat' dir='ltr'><strong>ponant.</strong></span> <span class='ocrx_word' id='word_1_278' title='bbox 1489 1014 1538 1050; x_wconf 90' lang='lat' dir='ltr'><strong>Su</strong></span> <span class='ocrx_word' id='word_1_279' title='bbox 1567 1024 1605 1050; x_wconf 91' lang='lat' dir='ltr'><strong>er</strong></span> <span class='ocrx_word' id='word_1_280' title='bbox 1634 1014 1723 1049; x_wconf 84' lang='lat' dir='ltr'><strong>haec</strong></span> <span class='ocrx_word' id='word_1_281' title='bbox 1754 1013 1917 1049; x_wconf 91' lang='lat' dir='ltr'><strong>iubemus</strong></span> <span class='ocrx_word' id='word_1_282' title='bbox 1948 1013 2210 1059; x_wconf 83' lang='lat' dir='ltr'><strong>provinciarum</strong></span> <span class='ocrx_word' id='word_1_283' title='bbox 2240 1011 2376 1047; x_wconf 84' lang='lat' dir='ltr'><strong>iudices</strong></span> 
     </span>
    </p>
   </div>
   <div class='ocr_carea' id='block_1_15' title="bbox 1295 1058 2375 1106">
    <p class='ocr_par' dir='ltr' id='par_1_15' title="bbox 1295 1058 2375 1106">
     <span class='ocr_line' id='line_1_39' title="bbox 1295 1058 2375 1106; baseline -0.003 -10"><span class='ocrx_word' id='word_1_284' title='bbox 1295 1071 1375 1096; x_wconf 85' lang='lat' dir='ltr'><strong>mox</strong></span> <span class='ocrx_word' id='word_1_285' title='bbox 1409 1059 1504 1106; x_wconf 86' lang='lat' dir='ltr'><strong>quod</strong></span> <span class='ocrx_word' id='word_1_286' title='bbox 1552 1060 1646 1095; x_wconf 83' lang='lat' dir='ltr'><strong>uturi</strong></span> <span class='ocrx_word' id='word_1_287' title='bbox 1678 1061 1764 1095; x_wconf 87' lang='lat' dir='ltr'><strong>sunt</strong></span> <span class='ocrx_word' id='word_1_288' title='bbox 1787 1058 1929 1103; x_wconf 79' lang='lat' dir='ltr'><strong>cingula</strong></span> <span class='ocrx_word' id='word_1_289' title='bbox 1952 1058 2145 1104; x_wconf 81' lang='lat' dir='ltr'><strong>suscipere,</strong></span> <span class='ocrx_word' id='word_1_290' title='bbox 2177 1058 2249 1094; x_wconf 84' lang='lat' dir='ltr'><strong>sive</strong></span> <span class='ocrx_word' id='word_1_291' title='bbox 2272 1067 2375 1103; x_wconf 87' lang='lat' dir='ltr'><strong>prae·</strong></span> 
     </span>
    </p>
   </div>
   <div class='ocr_carea' id='block_1_16' title="bbox 146 1102 2376 1162">
    <p class='ocr_par' dir='ltr' id='par_1_16' title="bbox 146 1102 2376 1162">
     <span class='ocr_line' id='line_1_40' title="bbox 146 1102 2376 1162; baseline 0 -26"><span class='ocrx_word' id='word_1_292' title='bbox 146 1104 329 1149; x_wconf 79' lang='grc' dir='ltr'><strong><em>έπαρχιῶν</em></strong></span> <span class='ocrx_word' id='word_1_293' title='bbox 350 1102 542 1150; x_wconf 65' lang='grc' dir='ltr'><strong><em>ἄρχοντας,</em></strong></span> <span class='ocrx_word' id='word_1_294' title='bbox 566 1104 674 1159; x_wconf 57' lang='grc' dir='ltr'><strong><em>ἡνίκα</em></strong></span> <span class='ocrx_word' id='word_1_295' title='bbox 696 1104 858 1162; x_wconf 44' lang='grc' dir='ltr'><strong><em>μτέλλοιεν</em></strong></span> <span class='ocrx_word' id='word_1_296' title='bbox 889 1106 954 1159; x_wconf 55' lang='grc' dir='ltr'><strong>τας</strong></span> <span class='ocrx_word' id='word_1_297' title='bbox 976 1102 1087 1150; x_wconf 71' lang='grc' dir='ltr'><strong><em>ἀρχὰς</em></strong></span> <span class='ocrx_word' id='word_1_298' title='bbox 1109 1118 1223 1160; x_wconf 64' lang='grc' dir='ltr'><strong><em>παρα-</em></strong></span> <span class='ocrx_word' id='word_1_299' title='bbox 1240 1108 1413 1141; x_wconf 66' lang='grc'><strong>20580188</strong></span> <span class='ocrx_word' id='word_1_300' title='bbox 1445 1106 1518 1142; x_wconf 72' lang='lat' dir='ltr'><strong>sive</strong></span> <span class='ocrx_word' id='word_1_301' title='bbox 1550 1106 1716 1141; x_wconf 72' lang='lat' dir='ltr'><strong>tbsentefl</strong></span> <span class='ocrx_word' id='word_1_302' title='bbox 1747 1104 1835 1147; x_wconf 72' lang='lat' dir='ltr'><strong>sint,</strong></span> <span class='ocrx_word' id='word_1_303' title='bbox 1869 1105 2046 1140; x_wconf 68' lang='lat' dir='ltr'><strong>cautelam</strong></span> <span class='ocrx_word' id='word_1_304' title='bbox 2076 1102 2280 1149; x_wconf 74' lang='lat' dir='ltr'><strong>impendere</strong></span> <span class='ocrx_word' id='word_1_305' title='bbox 2302 1105 2376 1138; x_wconf 76' lang='lat' dir='ltr'><strong>tam</strong></span> 
     </span>
    </p>
   </div>
   <div class='ocr_carea' id='block_1_17' title="bbox 144 1147 1226 1342">
    <p class='ocr_par' dir='ltr' id='par_1_17' title="bbox 144 1147 1226 1342">
     <span class='ocr_line' id='line_1_41' title="bbox 144 1147 1223 1197; baseline 0.002 -15"><span class='ocrx_word' id='word_1_306' title='bbox 144 1147 357 1193; x_wconf 76' lang='grc' dir='ltr'><strong><em>λαμβάνειν,</em></strong></span> <span class='ocrx_word' id='word_1_307' title='bbox 389 1149 460 1184; x_wconf 82' lang='grc' dir='ltr'><strong><em>εἴτε</em></strong></span> <span class='ocrx_word' id='word_1_308' title='bbox 490 1162 668 1196; x_wconf 82' lang='grc' dir='ltr'><strong><em>παροντες</em></strong></span> <span class='ocrx_word' id='word_1_309' title='bbox 697 1163 790 1185; x_wconf 88' lang='grc' dir='ltr'><strong><em>ωσιν</em></strong></span> <span class='ocrx_word' id='word_1_310' title='bbox 814 1151 883 1184; x_wconf 84' lang='grc' dir='ltr'><strong><em>εἴτε</em></strong></span> <span class='ocrx_word' id='word_1_311' title='bbox 908 1150 1082 1193; x_wconf 78' lang='grc' dir='ltr'><strong><em>απόντες,</em></strong></span> <span class='ocrx_word' id='word_1_312' title='bbox 1112 1162 1223 1197; x_wconf 81' lang='grc' dir='ltr'><strong><em>ασφα-</em></strong></span> 
     </span>
     <span class='ocr_line' id='line_1_42' title="bbox 145 1192 1224 1250; baseline 0.002 -23"><span class='ocrx_word' id='word_1_313' title='bbox 145 1192 246 1228; x_wconf 85' lang='grc' dir='ltr'><strong><em>λειαν</em></strong></span> <span class='ocrx_word' id='word_1_314' title='bbox 270 1194 543 1240; x_wconf 77' lang='grc' dir='ltr'><strong><em>προςκαθιστᾶν</em></strong></span> <span class='ocrx_word' id='word_1_315' title='bbox 574 1197 618 1241; x_wconf 79' lang='grc' dir='ltr'><strong><em>τῇ</em></strong></span> <span class='ocrx_word' id='word_1_316' title='bbox 643 1209 683 1230; x_wconf 84' lang='grc' dir='ltr'><strong>τε</strong></span> <span class='ocrx_word' id='word_1_317' title='bbox 707 1196 925 1240; x_wconf 79' lang='grc' dir='ltr'><strong><em>έπαρχότητι</em></strong></span> <span class='ocrx_word' id='word_1_318' title='bbox 958 1199 1017 1229; x_wconf 79' lang='grc' dir='ltr'><strong>καὶ</strong></span> <span class='ocrx_word' id='word_1_319' title='bbox 1043 1199 1120 1231; x_wconf 72' lang='grc' dir='ltr'><strong><em>ταῖς</em></strong></span> <span class='ocrx_word' id='word_1_320' title='bbox 1144 1193 1224 1250; x_wconf 63' lang='grc' dir='ltr'><strong><em>ᾖμε-</em></strong></span> 
     </span>
     <span class='ocr_line' id='line_1_43' title="bbox 145 1238 1226 1293; baseline 0.003 -20"><span class='ocrx_word' id='word_1_321' title='bbox 145 1242 262 1293; x_wconf 74' lang='grc' dir='ltr'><strong><em>τέραις</em></strong></span> <span class='ocrx_word' id='word_1_322' title='bbox 281 1238 500 1286; x_wconf 80' lang='grc' dir='ltr'><strong><em>λαργιτίοσιν</em></strong></span> <span class='ocrx_word' id='word_1_323' title='bbox 522 1244 581 1274; x_wconf 84' lang='grc' dir='ltr'><strong>καὶ</strong></span> <span class='ocrx_word' id='word_1_324' title='bbox 601 1242 653 1284; x_wconf 76' lang='grc' dir='ltr'><strong><em>τῷ</em></strong></span> <span class='ocrx_word' id='word_1_325' title='bbox 673 1239 802 1286; x_wconf 74' lang='grc' dir='ltr'><strong><em>κόμητι</em></strong></span> <span class='ocrx_word' id='word_1_326' title='bbox 826 1243 903 1276; x_wconf 83' lang='grc' dir='ltr'><strong>τῶν</strong></span> <span class='ocrx_word' id='word_1_327' title='bbox 920 1241 1114 1286; x_wconf 79' lang='grc' dir='ltr'><strong><em>πριβάτων</em></strong></span> <span class='ocrx_word' id='word_1_328' title='bbox 1136 1244 1226 1287; x_wconf 67' lang='lat' dir='ltr'><strong>vnde</strong></span> 
     </span>
     <span class='ocr_line' id='line_1_44' title="bbox 145 1286 1226 1342; baseline 0.002 -23"><span class='ocrx_word' id='word_1_329' title='bbox 145 1298 241 1337; x_wconf 50' lang='lat' dir='ltr'><strong>‘scov-</strong></span> <span class='ocrx_word' id='word_1_330' title='bbox 256 1286 493 1339; x_wconf 56' lang='grc' dir='ltr'><strong><em>εἰςαγομένων</em></strong></span> <span class='ocrx_word' id='word_1_331' title='bbox 523 1287 717 1342; x_wconf 64' lang='grc' dir='ltr'><strong><em>χρημᾴτων</em></strong></span> <span class='ocrx_word' id='word_1_332' title='bbox 752 1286 885 1334; x_wconf 75' lang='grc' dir='ltr'><strong><em>ἑκάστῃ</em></strong></span> <span class='ocrx_word' id='word_1_333' title='bbox 920 1290 997 1322; x_wconf 77' lang='grc' dir='ltr'><strong>τῶν</strong></span> <span class='ocrx_word' id='word_1_334' title='bbox 1027 1288 1226 1332; x_wconf 73' lang='grc' dir='ltr'><strong><em>εἰρημένων</em></strong></span> 
     </span>
    </p>
   </div>
   <div class='ocr_carea' id='block_1_18' title="bbox 1294 1147 2378 1333">
    <p class='ocr_par' dir='ltr' id='par_1_18' title="bbox 1294 1147 2378 1333">
     <span class='ocr_line' id='line_1_45' title="bbox 1294 1147 2378 1197; baseline -0.004 -10"><span class='ocrx_word' id='word_1_335' title='bbox 1294 1152 1541 1197; x_wconf 75' lang='lat' dir='ltr'><strong>praefecturae</strong></span> <span class='ocrx_word' id='word_1_336' title='bbox 1582 1160 1689 1196; x_wconf 89' lang='lat' dir='ltr'><strong>quam</strong></span> <span class='ocrx_word' id='word_1_337' title='bbox 1729 1149 1861 1185; x_wconf 89' lang='lat' dir='ltr'><strong>nostris</strong></span> <span class='ocrx_word' id='word_1_338' title='bbox 1898 1149 2145 1195; x_wconf 73' lang='lat' dir='ltr'><strong>largitionibus</strong></span> <span class='ocrx_word' id='word_1_339' title='bbox 2187 1153 2223 1184; x_wconf 86' lang='lat' dir='ltr'><strong>et</strong></span> <span class='ocrx_word' id='word_1_340' title='bbox 2259 1147 2378 1184; x_wconf 87' lang='lat' dir='ltr'><strong>comiti</strong></span> 
     </span>
     <span class='ocr_line' id='line_1_46' title="bbox 1294 1194 2376 1243; baseline -0.002 -11"><span class='ocrx_word' id='word_1_341' title='bbox 1294 1198 1509 1243; x_wconf 84' lang='lat' dir='ltr'><strong>privatarum</strong></span> <span class='ocrx_word' id='word_1_342' title='bbox 1541 1206 1605 1241; x_wconf 90' lang='lat' dir='ltr'><strong>pro</strong></span> <span class='ocrx_word' id='word_1_343' title='bbox 1636 1195 1829 1231; x_wconf 82' lang='lat' dir='ltr'><strong>inferendis</strong></span> <span class='ocrx_word' id='word_1_344' title='bbox 1861 1195 2020 1241; x_wconf 84' lang='lat' dir='ltr'><strong>pecuniis</strong></span> <span class='ocrx_word' id='word_1_345' title='bbox 2052 1194 2246 1240; x_wconf 75' lang='lat' dir='ltr'><strong>unIcuique</strong></span> <span class='ocrx_word' id='word_1_346' title='bbox 2272 1203 2376 1239; x_wconf 76' lang='lat' dir='ltr'><strong>prae-</strong></span> 
     </span>
     <span class='ocr_line' id='line_1_47' title="bbox 1295 1240 2376 1286; baseline -0.003 -8"><span class='ocrx_word' id='word_1_347' title='bbox 1295 1244 1470 1278; x_wconf 86' lang='lat' dir='ltr'><strong>dictarum</strong></span> <span class='ocrx_word' id='word_1_348' title='bbox 1507 1242 1733 1286; x_wconf 78' lang='lat' dir='ltr'><strong>dignitatum,</strong></span> <span class='ocrx_word' id='word_1_349' title='bbox 1770 1251 1850 1276; x_wconf 90' lang='lat' dir='ltr'><strong>cum</strong></span> <span class='ocrx_word' id='word_1_350' title='bbox 1881 1240 1949 1276; x_wconf 86' lang='lat' dir='ltr'><strong>etsi</strong></span> <span class='ocrx_word' id='word_1_351' title='bbox 1981 1250 2052 1276; x_wconf 90' lang='lat' dir='ltr'><strong>non</strong></span> <span class='ocrx_word' id='word_1_352' title='bbox 2085 1243 2250 1282; x_wconf 80' lang='lat' dir='ltr'><strong>caveant,</strong></span> <span class='ocrx_word' id='word_1_353' title='bbox 2286 1241 2376 1275; x_wconf 84' lang='lat' dir='ltr'><strong>tam-</strong></span> 
     </span>
     <span class='ocr_line' id='line_1_48' title="bbox 1295 1286 2377 1333; baseline -0.002 -11"><span class='ocrx_word' id='word_1_354' title='bbox 1295 1297 1400 1333; x_wconf 87' lang='lat' dir='ltr'><strong>quam</strong></span> <span class='ocrx_word' id='word_1_355' title='bbox 1430 1287 1604 1323; x_wconf 69' lang='lat' dir='ltr'><strong>facientes</strong></span> <span class='ocrx_word' id='word_1_356' title='bbox 1635 1286 1810 1322; x_wconf 85' lang='lat' dir='ltr'><strong>cautelam</strong></span> <span class='ocrx_word' id='word_1_357' title='bbox 1839 1286 1890 1321; x_wconf 88' lang='lat' dir='ltr'><strong>ita</strong></span> <span class='ocrx_word' id='word_1_358' title='bbox 1914 1286 2076 1322; x_wconf 83' lang='lat' dir='ltr'><strong>iubemus</strong></span> <span class='ocrx_word' id='word_1_359' title='bbox 2106 1295 2168 1322; x_wconf 87' lang='lat' dir='ltr'><strong>eos</strong></span> <span class='ocrx_word' id='word_1_360' title='bbox 2196 1289 2231 1321; x_wconf 87' lang='lat' dir='ltr'><strong>et</strong></span> <span class='ocrx_word' id='word_1_361' title='bbox 2255 1294 2377 1321; x_wconf 85' lang='lat' dir='ltr'><strong>eorum</strong></span> 
     </span>
    </p>
   </div>
   <div class='ocr_carea' id='block_1_19' title="bbox 146 1328 2378 1387">
    <p class='ocr_par' dir='ltr' id='par_1_19' title="bbox 146 1328 2378 1387">
     <span class='ocr_line' id='line_1_49' title="bbox 146 1328 2378 1387; baseline 0 -23"><span class='ocrx_word' id='word_1_362' title='bbox 146 1328 279 1384; x_wconf 65' lang='grc' dir='ltr'><strong><em>ιξρχων,</em></strong></span> <span class='ocrx_word' id='word_1_363' title='bbox 303 1332 507 1384; x_wconf 48' lang='lat' dir='ltr'><strong>andrunnun</strong></span> <span class='ocrx_word' id='word_1_364' title='bbox 534 1346 583 1375; x_wconf 88' lang='grc' dir='ltr'><strong>μη</strong></span> <span class='ocrx_word' id='word_1_365' title='bbox 609 1331 901 1387; x_wconf 71' lang='grc' dir='ltr'><strong><em>ασφαλίσωνται,</em></strong></span> <span class='ocrx_word' id='word_1_366' title='bbox 933 1331 982 1366; x_wconf 75' lang='grc' dir='ltr'><strong>ὠς</strong></span> <span class='ocrx_word' id='word_1_367' title='bbox 1006 1334 1226 1375; x_wconf 69' lang='grc' dir='ltr'><strong><em>ποιήσαντας</em></strong></span> <span class='ocrx_word' id='word_1_368' title='bbox 1239 1335 1281 1368; x_wconf 82' lang='lat'><strong>25</strong></span> <span class='ocrx_word' id='word_1_369' title='bbox 1295 1333 1416 1369; x_wconf 73' lang='lat' dir='ltr'><strong>officia</strong></span> <span class='ocrx_word' id='word_1_370' title='bbox 1439 1333 1624 1369; x_wconf 87' lang='lat' dir='ltr'><strong>subiacere</strong></span> <span class='ocrx_word' id='word_1_371' title='bbox 1644 1331 1839 1385; x_wconf 76' lang='lat' dir='ltr'><strong>praedictis</strong></span> <span class='ocrx_word' id='word_1_372' title='bbox 1863 1332 2106 1375; x_wconf 80' lang='lat' dir='ltr'><strong>dignitatibus.</strong></span> <span class='ocrx_word' id='word_1_373' title='bbox 2153 1331 2194 1366; x_wconf 93' lang='lat' dir='ltr'><strong>ln</strong></span> <span class='ocrx_word' id='word_1_374' title='bbox 2209 1330 2278 1366; x_wconf 89' lang='lat' dir='ltr'><strong>illis</strong></span> <span class='ocrx_word' id='word_1_375' title='bbox 2294 1340 2378 1366; x_wconf 84' lang='lat' dir='ltr'><strong>vero</strong></span> 
     </span>
    </p>
   </div>
   <div class='ocr_carea' id='block_1_20' title="bbox 145 1374 1226 1569">
    <p class='ocr_par' dir='ltr' id='par_1_20' title="bbox 145 1374 1226 1569">
     <span class='ocr_line' id='line_1_50' title="bbox 146 1374 1225 1421; baseline 0.004 -13"><span class='ocrx_word' id='word_1_376' title='bbox 146 1387 193 1409; x_wconf 92' lang='grc' dir='ltr'><strong>ασ</strong></span> <span class='ocrx_word' id='word_1_377' title='bbox 223 1374 349 1410; x_wconf 83' lang='grc' dir='ltr'><strong><em>α’λειαν</em></strong></span> <span class='ocrx_word' id='word_1_378' title='bbox 388 1389 485 1411; x_wconf 80' lang='grc' dir='ltr'><strong><em>ουτω</em></strong></span> <span class='ocrx_word' id='word_1_379' title='bbox 513 1376 705 1421; x_wconf 70' lang='grc' dir='ltr'><strong><em>κελειόμεν</em></strong></span> <span class='ocrx_word' id='word_1_380' title='bbox 741 1378 870 1412; x_wconf 59' lang='grc' dir='ltr'><strong><em>αυτούς</em></strong></span> <span class='ocrx_word' id='word_1_381' title='bbox 907 1381 967 1411; x_wconf 79' lang='grc' dir='ltr'><strong>καὶ</strong></span> <span class='ocrx_word' id='word_1_382' title='bbox 1002 1377 1067 1412; x_wconf 72' lang='grc' dir='ltr'><strong>τὰς</strong></span> <span class='ocrx_word' id='word_1_383' title='bbox 1102 1375 1225 1413; x_wconf 71' lang='grc' dir='ltr'><strong><em>αὐτῶν</em></strong></span> 
     </span>
     <span class='ocr_line' id='line_1_51' title="bbox 146 1389 1224 1468; baseline 0.003 -13"><span class='ocrx_word' id='word_1_384' title='bbox 146 1389 262 1462; x_wconf 57' lang='grc' dir='ltr'><strong><em>τάξεις</em></strong></span> <span class='ocrx_word' id='word_1_385' title='bbox 293 1419 511 1456; x_wconf 70' lang='grc' dir='ltr'><strong><em>ὑποκεῖσθαι</em></strong></span> <span class='ocrx_word' id='word_1_386' title='bbox 542 1426 620 1457; x_wconf 79' lang='grc' dir='ltr'><strong><em>ταῖς</em></strong></span> <span class='ocrx_word' id='word_1_387' title='bbox 650 1425 849 1468; x_wconf 71' lang='grc' dir='ltr'><strong><em>εἰρημέναις</em></strong></span> <span class='ocrx_word' id='word_1_388' title='bbox 880 1420 1011 1467; x_wconf 78' lang='grc' dir='ltr'><strong><em>ἀρχαῖς.</em></strong></span> <span class='ocrx_word' id='word_1_389' title='bbox 1058 1420 1117 1458; x_wconf 76' lang='grc' dir='ltr'><strong>Ἑν</strong></span> <span class='ocrx_word' id='word_1_390' title='bbox 1141 1426 1224 1458; x_wconf 74' lang='grc' dir='ltr'><strong><em>ἐκεί-</em></strong></span> 
     </span>
     <span class='ocr_line' id='line_1_52' title="bbox 145 1464 1226 1513; baseline 0.004 -14"><span class='ocrx_word' id='word_1_391' title='bbox 145 1477 223 1500; x_wconf 89' lang='grc' dir='ltr'><strong><em>ναις</em></strong></span> <span class='ocrx_word' id='word_1_392' title='bbox 256 1464 297 1500; x_wconf 76' lang='grc' dir='ltr'><strong>δι’</strong></span> <span class='ocrx_word' id='word_1_393' title='bbox 327 1470 404 1501; x_wconf 73' lang='grc' dir='ltr'><strong><em>ταῖς</em></strong></span> <span class='ocrx_word' id='word_1_394' title='bbox 434 1469 620 1512; x_wconf 68' lang='grc' dir='ltr'><strong><em>ἐπαρχίαις</em></strong></span> <span class='ocrx_word' id='word_1_395' title='bbox 655 1472 715 1502; x_wconf 74' lang='grc' dir='ltr'><strong>καὶ</strong></span> <span class='ocrx_word' id='word_1_396' title='bbox 744 1467 873 1504; x_wconf 77' lang='grc' dir='ltr'><strong><em>πόλεσι</em></strong></span> <span class='ocrx_word' id='word_1_397' title='bbox 903 1468 1115 1513; x_wconf 69' lang='grc' dir='ltr'><strong><em>βουλόμεθα</em></strong></span> <span class='ocrx_word' id='word_1_398' title='bbox 1144 1468 1226 1503; x_wconf 67' lang='grc' dir='ltr'><strong>τοὶς</strong></span> 
     </span>
     <span class='ocr_line' id='line_1_53' title="bbox 146 1510 1225 1569; baseline 0.005 -25"><span class='ocrx_word' id='word_1_399' title='bbox 146 1510 321 1565; x_wconf 75' lang='grc' dir='ltr'><strong><em>ἄρχοντας</em></strong></span> <span class='ocrx_word' id='word_1_400' title='bbox 348 1511 609 1558; x_wconf 67' lang='grc' dir='ltr'><strong><em>ὀγκινδυνεύειν</em></strong></span> <span class='ocrx_word' id='word_1_401' title='bbox 644 1511 825 1569; x_wconf 39' lang='lat' dir='ltr'><strong>&amp;niptris</strong></span> <span class='ocrx_word' id='word_1_402' title='bbox 854 1515 932 1548; x_wconf 80' lang='grc' dir='ltr'><strong>τῶν</strong></span> <span class='ocrx_word' id='word_1_403' title='bbox 954 1512 1140 1557; x_wconf 74' lang='grc' dir='ltr'><strong><em>δημοσίων</em></strong></span> <span class='ocrx_word' id='word_1_404' title='bbox 1163 1515 1225 1549; x_wconf 70' lang='grc' dir='ltr'><strong><em>εἰς·</em></strong></span> 
     </span>
    </p>
   </div>
   <div class='ocr_carea' id='block_1_21' title="bbox 146 1557 1283 1614">
    <p class='ocr_par' dir='ltr' id='par_1_21' title="bbox 146 1557 1283 1614">
     <span class='ocr_line' id='line_1_54' title="bbox 146 1557 1283 1614; baseline 0.004 -23"><span class='ocrx_word' id='word_1_405' title='bbox 146 1557 326 1601; x_wconf 79' lang='grc' dir='ltr'><strong><em>πραξεως,</em></strong></span> <span class='ocrx_word' id='word_1_406' title='bbox 360 1560 400 1592; x_wconf 77' lang='grc' dir='ltr'><strong>ἐν</strong></span> <span class='ocrx_word' id='word_1_407' title='bbox 422 1558 475 1592; x_wconf 80' lang='lat' dir='ltr'><strong>alc</strong></span> <span class='ocrx_word' id='word_1_408' title='bbox 496 1558 587 1602; x_wconf 78' lang='grc' dir='ltr'><strong><em>μήτε</em></strong></span> <span class='ocrx_word' id='word_1_409' title='bbox 610 1571 825 1603; x_wconf 86' lang='grc' dir='ltr'><strong><em>σκρινιαριοι</em></strong></span> <span class='ocrx_word' id='word_1_410' title='bbox 849 1560 938 1613; x_wconf 59' lang='grc' dir='ltr'><strong><em>μήτε</em></strong></span> <span class='ocrx_word' id='word_1_411' title='bbox 961 1557 1116 1603; x_wconf 81' lang='grc' dir='ltr'><strong><em>βίνδικες</em></strong></span> <span class='ocrx_word' id='word_1_412' title='bbox 1138 1559 1227 1614; x_wconf 59' lang='grc' dir='ltr'><strong><em>μήτε</em></strong></span> <span class='ocrx_word' id='word_1_413' title='bbox 1241 1563 1283 1595; x_wconf 85' lang='grc'><strong>30</strong></span> 
     </span>
    </p>
   </div>
   <div class='ocr_carea' id='block_1_22' title="bbox 145 1602 1226 1691">
    <p class='ocr_par' dir='ltr' id='par_1_22' title="bbox 145 1602 1226 1691">
     <span class='ocr_line' id='line_1_55' title="bbox 145 1602 1226 1649; baseline 0.002 -13"><span class='ocrx_word' id='word_1_414' title='bbox 145 1603 261 1649; x_wconf 64' lang='grc' dir='ltr'><strong><em>ἕτεροί</em></strong></span> <span class='ocrx_word' id='word_1_415' title='bbox 281 1614 375 1638; x_wconf 73' lang='grc' dir='ltr'><strong><em>τινες</em></strong></span> <span class='ocrx_word' id='word_1_416' title='bbox 403 1603 475 1638; x_wconf 73' lang='grc' dir='ltr'><strong><em>εἶεν</em></strong></span> <span class='ocrx_word' id='word_1_417' title='bbox 503 1602 585 1648; x_wconf 74' lang='grc' dir='ltr'><strong><em>ἰδίῳ</em></strong></span> <span class='ocrx_word' id='word_1_418' title='bbox 610 1604 768 1648; x_wconf 77' lang='grc' dir='ltr'><strong><em>κινδύνῳ</em></strong></span> <span class='ocrx_word' id='word_1_419' title='bbox 793 1607 861 1647; x_wconf 81' lang='grc' dir='ltr'><strong>τὴν</strong></span> <span class='ocrx_word' id='word_1_420' title='bbox 882 1611 1081 1648; x_wconf 81' lang='grc' dir='ltr'><strong><em>απαίτησιν</em></strong></span> <span class='ocrx_word' id='word_1_421' title='bbox 1104 1618 1226 1640; x_wconf 83' lang='grc' dir='ltr'><strong><em>ποιου-</em></strong></span> 
     </span>
     <span class='ocr_line' id='line_1_56' title="bbox 145 1660 255 1691; baseline -0.009 -10"><span class='ocrx_word' id='word_1_422' title='bbox 145 1660 255 1691; x_wconf 78' lang='grc' dir='ltr'><strong><em>μενοι.</em></strong></span> 
     </span>
    </p>
   </div>
   <div class='ocr_carea' id='block_1_23' title="bbox 1295 1375 2379 1552">
    <p class='ocr_par' dir='ltr' id='par_1_23' title="bbox 1295 1375 2379 1552">
     <span class='ocr_line' id='line_1_57' title="bbox 1295 1375 2379 1424; baseline -0.004 -10"><span class='ocrx_word' id='word_1_423' title='bbox 1295 1378 1487 1424; x_wconf 85' lang='lat' dir='ltr'><strong>provinciis</strong></span> <span class='ocrx_word' id='word_1_424' title='bbox 1520 1382 1555 1414; x_wconf 83' lang='lat' dir='ltr'><strong>et</strong></span> <span class='ocrx_word' id='word_1_425' title='bbox 1587 1377 1790 1413; x_wconf 81' lang='lat' dir='ltr'><strong>civitatibus</strong></span> <span class='ocrx_word' id='word_1_426' title='bbox 1824 1377 1984 1413; x_wconf 86' lang='lat' dir='ltr'><strong>volumus</strong></span> <span class='ocrx_word' id='word_1_427' title='bbox 2018 1377 2153 1414; x_wconf 87' lang='lat' dir='ltr'><strong>iudices</strong></span> <span class='ocrx_word' id='word_1_428' title='bbox 2183 1375 2379 1424; x_wconf 83' lang='lat' dir='ltr'><strong>periclitari</strong></span> 
     </span>
     <span class='ocr_line' id='line_1_58' title="bbox 1295 1420 2379 1469; baseline -0.004 -9"><span class='ocrx_word' id='word_1_429' title='bbox 1295 1435 1360 1469; x_wconf 80' lang='lat' dir='ltr'><strong>pro</strong></span> <span class='ocrx_word' id='word_1_430' title='bbox 1390 1423 1572 1460; x_wconf 79' lang='lat' dir='ltr'><strong>fiscalibus</strong></span> <span class='ocrx_word' id='word_1_431' title='bbox 1609 1427 1644 1458; x_wconf 86' lang='lat' dir='ltr'><strong>et</strong></span> <span class='ocrx_word' id='word_1_432' title='bbox 1674 1422 1783 1467; x_wconf 82' lang='lat' dir='ltr'><strong>exigi,</strong></span> <span class='ocrx_word' id='word_1_433' title='bbox 1819 1422 1855 1458; x_wconf 90' lang='lat' dir='ltr'><strong>in</strong></span> <span class='ocrx_word' id='word_1_434' title='bbox 1889 1423 2018 1467; x_wconf 86' lang='lat' dir='ltr'><strong>quibus</strong></span> <span class='ocrx_word' id='word_1_435' title='bbox 2053 1431 2168 1468; x_wconf 87' lang='lat' dir='ltr'><strong>neque</strong></span> <span class='ocrx_word' id='word_1_436' title='bbox 2202 1420 2379 1458; x_wconf 84' lang='lat' dir='ltr'><strong>scriniarii</strong></span> 
     </span>
     <span class='ocr_line' id='line_1_59' title="bbox 1296 1466 2379 1515; baseline -0.003 -10"><span class='ocrx_word' id='word_1_437' title='bbox 1296 1480 1408 1515; x_wconf 82' lang='lat' dir='ltr'><strong>neque</strong></span> <span class='ocrx_word' id='word_1_438' title='bbox 1438 1469 1593 1505; x_wconf 75' lang='lat' dir='ltr'><strong>vindices</strong></span> <span class='ocrx_word' id='word_1_439' title='bbox 1628 1478 1744 1514; x_wconf 86' lang='lat' dir='ltr'><strong>neque</strong></span> <span class='ocrx_word' id='word_1_440' title='bbox 1774 1468 1835 1504; x_wconf 85' lang='lat' dir='ltr'><strong>aiii</strong></span> <span class='ocrx_word' id='word_1_441' title='bbox 1866 1468 2010 1514; x_wconf 83' lang='lat' dir='ltr'><strong>quidam</strong></span> <span class='ocrx_word' id='word_1_442' title='bbox 2039 1468 2186 1515; x_wconf 85' lang='lat' dir='ltr'><strong>proprio</strong></span> <span class='ocrx_word' id='word_1_443' title='bbox 2219 1466 2379 1513; x_wconf 87' lang='lat' dir='ltr'><strong>periculo</strong></span> 
     </span>
     <span class='ocr_line' id='line_1_60' title="bbox 1296 1514 1688 1552; baseline -0.003 -1"><span class='ocrx_word' id='word_1_444' title='bbox 1296 1516 1516 1552; x_wconf 81' lang='lat' dir='ltr'><strong>exactionem</strong></span> <span class='ocrx_word' id='word_1_445' title='bbox 1539 1514 1688 1551; x_wconf 80' lang='lat' dir='ltr'><strong>faciunt.</strong></span> 
     </span>
    </p>
   </div>
   <div class='ocr_carea' id='block_1_24' title="bbox 1136 1741 1381 1778">
    <p class='ocr_par' dir='ltr' id='par_1_24' title="bbox 1136 1741 1381 1778">
     <span class='ocr_line' id='line_1_61' title="bbox 1136 1741 1381 1778; baseline 0.008 -2"><span class='ocrx_word' id='word_1_446' title='bbox 1136 1741 1292 1777; x_wconf 77' lang='lat' dir='ltr'>CAPUT</span> <span class='ocrx_word' id='word_1_447' title='bbox 1316 1741 1381 1778; x_wconf 73' lang='grc' dir='ltr'><strong>ΙΙΙ.</strong></span> 
     </span>
    </p>
   </div>
   <div class='ocr_carea' id='block_1_25' title="bbox 143 1812 1228 1913">
    <p class='ocr_par' dir='ltr' id='par_1_25' title="bbox 143 1812 1228 1913">
     <span class='ocr_line' id='line_1_62' title="bbox 213 1812 1228 1862; baseline 0.004 -13"><span class='ocrx_word' id='word_1_448' title='bbox 213 1819 284 1850; x_wconf 77' lang='grc' dir='ltr'><strong>Καὶ</strong></span> <span class='ocrx_word' id='word_1_449' title='bbox 315 1818 422 1852; x_wconf 70' lang='grc' dir='ltr'><strong><em>τοῦτο</em></strong></span> <span class='ocrx_word' id='word_1_450' title='bbox 450 1815 491 1851; x_wconf 74' lang='grc' dir='ltr'><strong><em>δι’</em></strong></span> <span class='ocrx_word' id='word_1_451' title='bbox 522 1812 637 1859; x_wconf 68' lang='grc' dir='ltr'><strong><em>ἢλθεν</em></strong></span> <span class='ocrx_word' id='word_1_452' title='bbox 668 1818 714 1851; x_wconf 75' lang='grc' dir='ltr'><strong><em>είς</em></strong></span> <span class='ocrx_word' id='word_1_453' title='bbox 746 1817 856 1862; x_wconf 75' lang='grc' dir='ltr'><strong><em>ἡμᾶς,</em></strong></span> <span class='ocrx_word' id='word_1_454' title='bbox 887 1815 935 1855; x_wconf 78' lang='grc' dir='ltr'><strong>ὥς</strong></span> <span class='ocrx_word' id='word_1_455' title='bbox 965 1830 1057 1854; x_wconf 80' lang='grc' dir='ltr'><strong><em>τινες</em></strong></span> <span class='ocrx_word' id='word_1_456' title='bbox 1087 1821 1164 1854; x_wconf 74' lang='grc' dir='ltr'><strong>τῶν</strong></span> <span class='ocrx_word' id='word_1_457' title='bbox 1189 1822 1228 1854; x_wconf 69' lang='lat' dir='ltr'><strong>dv</strong></span> 
     </span>
     <span class='ocr_line' id='line_1_63' title="bbox 143 1859 1226 1913; baseline 0.005 -17"><span class='ocrx_word' id='word_1_458' title='bbox 143 1865 221 1896; x_wconf 79' lang='grc' dir='ltr'><strong><em>ταῖς</em></strong></span> <span class='ocrx_word' id='word_1_459' title='bbox 236 1864 421 1907; x_wconf 68' lang='grc' dir='ltr'><strong><em>ἐπαρχίαις</em></strong></span> <span class='ocrx_word' id='word_1_460' title='bbox 443 1859 632 1910; x_wconf 74' lang='grc' dir='ltr'><strong><em>ἀρχόντων</em></strong></span> <span class='ocrx_word' id='word_1_461' title='bbox 654 1860 767 1897; x_wconf 73' lang='grc' dir='ltr'><strong><em>οὕτως</em></strong></span> <span class='ocrx_word' id='word_1_462' title='bbox 783 1861 921 1908; x_wconf 76' lang='grc' dir='ltr'><strong><em>ἀσεβῶς</em></strong></span> <span class='ocrx_word' id='word_1_463' title='bbox 942 1868 1115 1912; x_wconf 64' lang='grc' dir='ltr'><strong><em>φέρονται</em></strong></span> <span class='ocrx_word' id='word_1_464' title='bbox 1139 1878 1226 1913; x_wconf 78' lang='grc' dir='ltr'><strong><em>προ-</em></strong></span> 
     </span>
    </p>
   </div>
   <div class='ocr_carea' id='block_1_26' title="bbox 1296 1816 2380 1912">
    <p class='ocr_par' dir='ltr' id='par_1_26' title="bbox 1296 1816 2380 1912">
     <span class='ocr_line' id='line_1_64' title="bbox 1356 1816 2380 1866; baseline 0 -13"><span class='ocrx_word' id='word_1_465' title='bbox 1356 1819 1403 1853; x_wconf 75' lang='lat' dir='ltr'><strong>Et</strong></span> <span class='ocrx_word' id='word_1_466' title='bbox 1428 1819 1494 1855; x_wconf 90' lang='lat' dir='ltr'><strong>hoc</strong></span> <span class='ocrx_word' id='word_1_467' title='bbox 1518 1819 1679 1865; x_wconf 84' lang='lat' dir='ltr'><strong>pervenit</strong></span> <span class='ocrx_word' id='word_1_468' title='bbox 1708 1819 1756 1856; x_wconf 80' lang='lat' dir='ltr'><strong>ad</strong></span> <span class='ocrx_word' id='word_1_469' title='bbox 1779 1829 1863 1863; x_wconf 86' lang='lat' dir='ltr'><strong>nos,</strong></span> <span class='ocrx_word' id='word_1_470' title='bbox 1896 1818 1990 1866; x_wconf 87' lang='lat' dir='ltr'><strong>quod</strong></span> <span class='ocrx_word' id='word_1_471' title='bbox 2014 1818 2158 1866; x_wconf 87' lang='lat' dir='ltr'><strong>quidam</strong></span> <span class='ocrx_word' id='word_1_472' title='bbox 2207 1816 2380 1854; x_wconf 82' lang='lat' dir='ltr'><strong>rovincia-</strong></span> 
     </span>
     <span class='ocr_line' id='line_1_65' title="bbox 1296 1862 2380 1912; baseline -0.001 -11"><span class='ocrx_word' id='word_1_473' title='bbox 1296 1875 1373 1901; x_wconf 87' lang='lat' dir='ltr'><strong>rum</strong></span> <span class='ocrx_word' id='word_1_474' title='bbox 1409 1864 1545 1902; x_wconf 83' lang='lat' dir='ltr'><strong>iudices</strong></span> <span class='ocrx_word' id='word_1_475' title='bbox 1581 1865 1631 1900; x_wconf 78' lang='lat' dir='ltr'><strong>ita</strong></span> <span class='ocrx_word' id='word_1_476' title='bbox 1666 1862 1786 1911; x_wconf 82' lang='lat' dir='ltr'><strong>inique</strong></span> <span class='ocrx_word' id='word_1_477' title='bbox 1820 1868 1931 1912; x_wconf 80' lang='lat' dir='ltr'><strong>agunt</strong></span> <span class='ocrx_word' id='word_1_478' title='bbox 1963 1864 2154 1904; x_wconf 77' lang='lat' dir='ltr'><strong>occasione</strong></span> <span class='ocrx_word' id='word_1_479' title='bbox 2203 1874 2380 1907; x_wconf 87' lang='lat' dir='ltr'><strong>ucrorum,</strong></span> 
     </span>
    </p>
   </div>
   <div class='ocr_carea' id='block_1_27' title="bbox 214 1955 1888 2044">
    <p class='ocr_par' dir='ltr' id='par_1_27' title="bbox 214 1955 1888 2044">
     <span class='ocr_line' id='line_1_66' title="bbox 279 1955 1336 1999; baseline 0.002 -12"><span class='ocrx_word' id='word_1_480' title='bbox 279 1967 310 1988; x_wconf 82' lang='grc' dir='ltr'><strong>ν.</strong></span> <span class='ocrx_word' id='word_1_481' title='bbox 330 1955 469 1991; x_wconf 79' lang='grc'><strong>19-27</strong></span> <span class='ocrx_word' id='word_1_482' title='bbox 491 1966 642 1987; x_wconf 69' lang='lat' dir='ltr'><strong>summam</strong></span> <span class='ocrx_word' id='word_1_483' title='bbox 667 1956 742 1988; x_wconf 71' lang='lat' dir='ltr'><strong>Am.</strong></span> <span class='ocrx_word' id='word_1_484' title='bbox 769 1963 914 1999; x_wconf 78' lang='lat' dir='ltr'><strong>repetunt</strong></span> <span class='ocrx_word' id='word_1_485' title='bbox 933 1957 1096 1999; x_wconf 71' lang='lat' dir='ltr'><strong>paratitlo</strong></span> <span class='ocrx_word' id='word_1_486' title='bbox 1122 1958 1197 1989; x_wconf 68' lang='lat' dir='ltr'><strong>Aa».</strong></span> <span class='ocrx_word' id='word_1_487' title='bbox 1220 1959 1258 1990; x_wconf 85' lang='lat'><strong>15</strong></span> <span class='ocrx_word' id='word_1_488' title='bbox 1279 1962 1336 1995; x_wconf 68' lang='lat'><strong>§2</strong></span> 
     </span>
     <span class='ocr_line' id='line_1_67' title="bbox 214 1999 1888 2044; baseline 0.001 -13"><span class='ocrx_word' id='word_1_489' title='bbox 214 2012 239 2031; x_wconf 83' lang='lat' dir='ltr'><strong>c.</strong></span> <span class='ocrx_word' id='word_1_490' title='bbox 267 1999 328 2032; x_wconf 88' lang='lat'><strong>111</strong></span> <span class='ocrx_word' id='word_1_491' title='bbox 349 2001 391 2032; x_wconf 81' lang='lat' dir='ltr'><strong>in.</strong></span> <span class='ocrx_word' id='word_1_492' title='bbox 415 2011 566 2032; x_wconf 72' lang='lat' dir='ltr'><strong>summam</strong></span> <span class='ocrx_word' id='word_1_493' title='bbox 590 2000 664 2032; x_wconf 71' lang='lat' dir='ltr'><strong>Atlu.</strong></span> <span class='ocrx_word' id='word_1_494' title='bbox 691 2008 837 2043; x_wconf 82' lang='lat' dir='ltr'><strong>repetunt</strong></span> <span class='ocrx_word' id='word_1_495' title='bbox 857 2003 1020 2043; x_wconf 76' lang='lat' dir='ltr'><strong>paratitlo</strong></span> <span class='ocrx_word' id='word_1_496' title='bbox 1045 2002 1120 2034; x_wconf 66' lang='lat' dir='ltr'><strong>Aah.</strong></span> <span class='ocrx_word' id='word_1_497' title='bbox 1143 2003 1156 2035; x_wconf 87' lang='grc'><strong>1</strong></span> <span class='ocrx_word' id='word_1_498' title='bbox 1179 2006 1195 2039; x_wconf 66' lang='lat'>5</span> <span class='ocrx_word' id='word_1_499' title='bbox 1211 2009 1244 2041; x_wconf 75' lang='grc'><strong>4,</strong></span> <span class='ocrx_word' id='word_1_500' title='bbox 1267 2003 1443 2044; x_wconf 76' lang='lat' dir='ltr'><strong>respiciunt</strong></span> <span class='ocrx_word' id='word_1_501' title='bbox 1464 2003 1626 2044; x_wconf 64' lang='lat' dir='ltr'><strong>paratitlo</strong></span> <span class='ocrx_word' id='word_1_502' title='bbox 1651 2003 1672 2032; x_wconf 81' lang='grc'><strong>6</strong></span> <span class='ocrx_word' id='word_1_503' title='bbox 1691 2006 1705 2040; x_wconf 61' lang='grc' dir='ltr'><strong><em>ἦ</em></strong></span> <span class='ocrx_word' id='word_1_504' title='bbox 1723 2010 1745 2034; x_wconf 88' lang='grc'><strong>1.</strong></span> <span class='ocrx_word' id='word_1_505' title='bbox 1771 2003 1812 2035; x_wconf 84' lang='grc'><strong>20</strong></span> <span class='ocrx_word' id='word_1_506' title='bbox 1831 2006 1846 2040; x_wconf 68' lang='grc' dir='ltr'><strong>θ</strong></span> <span class='ocrx_word' id='word_1_507' title='bbox 1862 2010 1888 2035; x_wconf 76' lang='grc'><strong>4.</strong></span> 
     </span>
    </p>
   </div>
   <div class='ocr_carea' id='block_1_28' title="bbox 144 2087 1090 2135">
    <p class='ocr_par' dir='ltr' id='par_1_28' title="bbox 144 2087 1090 2135">
     <span class='ocr_line' id='line_1_68' title="bbox 144 2087 1090 2135; baseline 0 -12"><span class='ocrx_word' id='word_1_508' title='bbox 144 2088 353 2135; x_wconf 79' lang='lat' dir='ltr'><strong>provinciae</strong></span> <span class='ocrx_word' id='word_1_509' title='bbox 376 2092 412 2122; x_wconf 89' lang='lat' dir='ltr'><strong>et</strong></span> <span class='ocrx_word' id='word_1_510' title='bbox 435 2087 562 2132; x_wconf 78' lang='lat' dir='ltr'><strong>officio</strong></span> <span class='ocrx_word' id='word_1_511' title='bbox 586 2088 662 2123; x_wconf 86' lang='lat' dir='ltr'><strong>eius</strong></span> <span class='ocrx_word' id='word_1_512' title='bbox 686 2089 802 2133; x_wconf 87' lang='lat' dir='ltr'><strong>ipsum</strong></span> <span class='ocrx_word' id='word_1_513' title='bbox 827 2088 1090 2124; x_wconf 79' lang='lat' dir='ltr'><strong>adiuvantibus.</strong></span> 
     </span>
    </p>
   </div>
   <div class='ocr_carea' id='block_1_29' title="bbox 1139 2088 2380 2133">
    <p class='ocr_par' dir='ltr' id='par_1_29' title="bbox 1139 2088 2380 2133">
     <span class='ocr_line' id='line_1_69' title="bbox 1139 2088 2380 2133; baseline 0.001 -10"><span class='ocrx_word' id='word_1_514' title='bbox 1139 2088 1272 2130; x_wconf 80' lang='lat' dir='ltr'><strong>Quodsi</strong></span> <span class='ocrx_word' id='word_1_515' title='bbox 1296 2089 1402 2122; x_wconf 75' lang='lat' dir='ltr'><strong>etiam</strong></span> <span class='ocrx_word' id='word_1_516' title='bbox 1428 2094 1555 2122; x_wconf 84' lang='lat' dir='ltr'><strong>contra</strong></span> <span class='ocrx_word' id='word_1_517' title='bbox 1574 2088 1782 2133; x_wconf 79' lang='lat' dir='ltr'><strong>praesidem</strong></span> <span class='ocrx_word' id='word_1_518' title='bbox 1811 2088 1915 2132; x_wconf 83' lang='lat' dir='ltr'><strong>sorte</strong></span> <span class='ocrx_word' id='word_1_519' title='bbox 1938 2093 2146 2125; x_wconf 82' lang='lat' dir='ltr'><strong>accusatum</strong></span> <span class='ocrx_word' id='word_1_520' title='bbox 2170 2090 2300 2125; x_wconf 82' lang='lat' dir='ltr'><strong>missus</strong></span> <span class='ocrx_word' id='word_1_521' title='bbox 2322 2091 2380 2131; x_wconf 81' lang='lat' dir='ltr'><strong>sit,</strong></span> 
     </span>
    </p>
   </div>
   <div class='ocr_carea' id='block_1_30' title="bbox 146 2130 2384 2409">
    <p class='ocr_par' dir='ltr' id='par_1_30' title="bbox 146 2130 2384 2409">
     <span class='ocr_line' id='line_1_70' title="bbox 147 2130 2381 2184; baseline 0 -15"><span class='ocrx_word' id='word_1_522' title='bbox 147 2139 219 2170; x_wconf 84' lang='lat' dir='ltr'><strong>tum</strong></span> <span class='ocrx_word' id='word_1_523' title='bbox 245 2133 405 2169; x_wconf 84' lang='lat' dir='ltr'><strong>iubemus</strong></span> <span class='ocrx_word' id='word_1_524' title='bbox 430 2131 657 2178; x_wconf 77' lang='lat' dir='ltr'><strong>provinciale</strong></span> <span class='ocrx_word' id='word_1_525' title='bbox 688 2142 832 2177; x_wconf 84' lang='lat' dir='ltr'><strong>quoque</strong></span> <span class='ocrx_word' id='word_1_526' title='bbox 863 2133 1027 2178; x_wconf 80' lang='lat' dir='ltr'><strong>officium</strong></span> <span class='ocrx_word' id='word_1_527' title='bbox 1059 2132 1113 2167; x_wconf 86' lang='lat' dir='ltr'><strong>illi</strong></span> <span class='ocrx_word' id='word_1_528' title='bbox 1144 2142 1336 2178; x_wconf 88' lang='lat' dir='ltr'><strong>apparere.</strong></span> <span class='ocrx_word' id='word_1_529' title='bbox 1386 2130 1690 2174; x_wconf 82' lang='lat' dir='ltr'><strong>Quemadmodum</strong></span> <span class='ocrx_word' id='word_1_530' title='bbox 1714 2137 1831 2167; x_wconf 84' lang='lat' dir='ltr'><strong>autem</strong></span> <span class='ocrx_word' id='word_1_531' title='bbox 1857 2131 2093 2184; x_wconf 75' lang='lat' dir='ltr'><strong>prohibemus</strong></span> <span class='ocrx_word' id='word_1_532' title='bbox 2117 2135 2308 2179; x_wconf 77' lang='lat' dir='ltr'><strong>quominus</strong></span> <span class='ocrx_word' id='word_1_533' title='bbox 2331 2135 2381 2171; x_wconf 83' lang='lat' dir='ltr'><strong>vi-</strong></span> 
     </span>
     <span class='ocr_line' id='line_1_71' title="bbox 146 2177 2380 2224; baseline 0 -10"><span class='ocrx_word' id='word_1_534' title='bbox 146 2179 239 2215; x_wconf 79' lang='lat' dir='ltr'><strong>carii</strong></span> <span class='ocrx_word' id='word_1_535' title='bbox 258 2179 371 2223; x_wconf 84' lang='lat' dir='ltr'><strong>fiant,</strong></span> <span class='ocrx_word' id='word_1_536' title='bbox 402 2178 454 2212; x_wconf 76' lang='lat' dir='ltr'><strong>ita</strong></span> <span class='ocrx_word' id='word_1_537' title='bbox 479 2187 582 2212; x_wconf 84' lang='lat' dir='ltr'><strong>omne</strong></span> <span class='ocrx_word' id='word_1_538' title='bbox 609 2177 810 2223; x_wconf 80' lang='lat' dir='ltr'><strong>perieulum</strong></span> <span class='ocrx_word' id='word_1_539' title='bbox 839 2177 1028 2224; x_wconf 76' lang='lat' dir='ltr'><strong>praesides</strong></span> <span class='ocrx_word' id='word_1_540' title='bbox 1052 2178 1326 2224; x_wconf 80' lang='lat' dir='ltr'><strong>provinciarum</strong></span> <span class='ocrx_word' id='word_1_541' title='bbox 1358 2187 1551 2222; x_wconf 75' lang='lat' dir='ltr'><strong>eorumque</strong></span> <span class='ocrx_word' id='word_1_542' title='bbox 1585 2177 1749 2222; x_wconf 83' lang='lat' dir='ltr'><strong>officium</strong></span> <span class='ocrx_word' id='word_1_543' title='bbox 1773 2183 1949 2214; x_wconf 76' lang='lat' dir='ltr'><strong>sustinere</strong></span> <span class='ocrx_word' id='word_1_544' title='bbox 1980 2178 2159 2219; x_wconf 81' lang='lat' dir='ltr'><strong>iubemus,</strong></span> <span class='ocrx_word' id='word_1_545' title='bbox 2196 2183 2234 2214; x_wconf 86' lang='lat' dir='ltr'><strong>ut</strong></span> <span class='ocrx_word' id='word_1_546' title='bbox 2257 2184 2293 2215; x_wconf 88' lang='lat' dir='ltr'><strong>et</strong></span> <span class='ocrx_word' id='word_1_547' title='bbox 2314 2191 2380 2216; x_wconf 83' lang='lat' dir='ltr'><strong>ex-</strong></span> 
     </span>
     <span class='ocr_line' id='line_1_72' title="bbox 147 2220 2384 2274; baseline -0 -14"><span class='ocrx_word' id='word_1_548' title='bbox 147 2223 286 2261; x_wconf 80' lang='lat' dir='ltr'><strong>actioni</strong></span> <span class='ocrx_word' id='word_1_549' title='bbox 320 2221 535 2267; x_wconf 63' lang='lat' dir='ltr'><strong>tributorum</strong></span> <span class='ocrx_word' id='word_1_550' title='bbox 574 2227 610 2258; x_wconf 87' lang='lat' dir='ltr'><strong>et</strong></span> <span class='ocrx_word' id='word_1_551' title='bbox 644 2220 805 2259; x_wconf 81' lang='lat' dir='ltr'><strong>locorum</strong></span> <span class='ocrx_word' id='word_1_552' title='bbox 836 2223 1023 2260; x_wconf 81' lang='lat' dir='ltr'><strong>securitati</strong></span> <span class='ocrx_word' id='word_1_553' title='bbox 1057 2228 1091 2259; x_wconf 88' lang='lat' dir='ltr'><strong>et</strong></span> <span class='ocrx_word' id='word_1_554' title='bbox 1122 2222 1222 2260; x_wconf 76' lang='lat' dir='ltr'><strong>anmi</strong></span> <span class='ocrx_word' id='word_1_555' title='bbox 1248 2222 1404 2258; x_wconf 76' lang='lat' dir='ltr'><strong>inim-lae</strong></span> <span class='ocrx_word' id='word_1_556' title='bbox 1432 2220 1636 2267; x_wconf 83' lang='lat' dir='ltr'><strong>damnoque</strong></span> <span class='ocrx_word' id='word_1_557' title='bbox 1667 2222 1895 2274; x_wconf 82' lang='lat' dir='ltr'><strong>reprimendo</strong></span> <span class='ocrx_word' id='word_1_558' title='bbox 1932 2233 2055 2259; x_wconf 87' lang='lat' dir='ltr'><strong>euram</strong></span> <span class='ocrx_word' id='word_1_559' title='bbox 2085 2222 2292 2262; x_wconf 71' lang='lat' dir='ltr'><strong>adhibeant.</strong></span> <span class='ocrx_word' id='word_1_560' title='bbox 2339 2224 2384 2261; x_wconf 77' lang='lat' dir='ltr'><strong>Si</strong></span> 
     </span>
     <span class='ocr_line' id='line_1_73' title="bbox 148 2266 2381 2315; baseline 0 -10"><span class='ocrx_word' id='word_1_561' title='bbox 148 2280 231 2306; x_wconf 84' lang='lat' dir='ltr'><strong>vero</strong></span> <span class='ocrx_word' id='word_1_562' title='bbox 263 2269 300 2304; x_wconf 80' lang='lat' dir='ltr'><strong>in</strong></span> <span class='ocrx_word' id='word_1_563' title='bbox 329 2267 529 2315; x_wconf 83' lang='lat' dir='ltr'><strong>provinciis</strong></span> <span class='ocrx_word' id='word_1_564' title='bbox 558 2267 613 2303; x_wconf 85' lang='lat' dir='ltr'><strong>vel</strong></span> <span class='ocrx_word' id='word_1_565' title='bbox 642 2267 798 2305; x_wconf 69' lang='lat' dir='ltr'><strong>vindices</strong></span> <span class='ocrx_word' id='word_1_566' title='bbox 826 2266 881 2304; x_wconf 84' lang='lat' dir='ltr'><strong>vel</strong></span> <span class='ocrx_word' id='word_1_567' title='bbox 909 2273 1123 2314; x_wconf 76' lang='lat' dir='ltr'><strong>exceptores</strong></span> <span class='ocrx_word' id='word_1_568' title='bbox 1154 2267 1367 2305; x_wconf 79' lang='lat' dir='ltr'><strong>tributorum</strong></span> <span class='ocrx_word' id='word_1_569' title='bbox 1398 2272 1500 2308; x_wconf 73' lang='lat' dir='ltr'><strong>suut,</strong></span> <span class='ocrx_word' id='word_1_570' title='bbox 1532 2267 1630 2312; x_wconf 81' lang='lat' dir='ltr'><strong>iique</strong></span> <span class='ocrx_word' id='word_1_571' title='bbox 1661 2267 1784 2313; x_wconf 73' lang='lat' dir='ltr'><strong>aliquo</strong></span> <span class='ocrx_word' id='word_1_572' title='bbox 1814 2267 1958 2304; x_wconf 83' lang='lat' dir='ltr'><strong>auxilio</strong></span> <span class='ocrx_word' id='word_1_573' title='bbox 1981 2267 2189 2313; x_wconf 72' lang='lat' dir='ltr'><strong>indiqeam,</strong></span> <span class='ocrx_word' id='word_1_574' title='bbox 2221 2269 2381 2307; x_wconf 83' lang='lat' dir='ltr'><strong>iubemus</strong></span> 
     </span>
     <span class='ocr_line' id='line_1_74' title="bbox 146 2312 2380 2361; baseline 0.001 -12"><span class='ocrx_word' id='word_1_575' title='bbox 146 2313 334 2361; x_wconf 73' lang='lat' dir='ltr'><strong>praesides</strong></span> <span class='ocrx_word' id='word_1_576' title='bbox 360 2313 631 2360; x_wconf 80' lang='lat' dir='ltr'><strong>provinciarum</strong></span> <span class='ocrx_word' id='word_1_577' title='bbox 660 2323 855 2358; x_wconf 84' lang='lat' dir='ltr'><strong>eorumque</strong></span> <span class='ocrx_word' id='word_1_578' title='bbox 886 2312 1014 2358; x_wconf 76' lang='lat' dir='ltr'><strong>officia</strong></span> <span class='ocrx_word' id='word_1_579' title='bbox 1039 2323 1183 2349; x_wconf 73' lang='lat' dir='ltr'><strong>,omnem</strong></span> <span class='ocrx_word' id='word_1_580' title='bbox 1213 2323 1361 2359; x_wconf 78' lang='lat' dir='ltr'><strong>operam</strong></span> <span class='ocrx_word' id='word_1_581' title='bbox 1391 2312 1619 2357; x_wconf 75' lang='lat' dir='ltr'><strong>studiumque</strong></span> <span class='ocrx_word' id='word_1_582' title='bbox 1654 2312 1698 2348; x_wconf 84' lang='lat' dir='ltr'><strong>iis</strong></span> <span class='ocrx_word' id='word_1_583' title='bbox 1727 2312 1908 2357; x_wconf 79' lang='lat' dir='ltr'><strong>conferre,</strong></span> <span class='ocrx_word' id='word_1_584' title='bbox 1946 2317 1986 2348; x_wconf 90' lang='lat' dir='ltr'><strong>ut</strong></span> <span class='ocrx_word' id='word_1_585' title='bbox 2014 2313 2093 2349; x_wconf 80' lang='lat' dir='ltr'><strong>sine</strong></span> <span class='ocrx_word' id='word_1_586' title='bbox 2128 2314 2380 2360; x_wconf 81' lang='lat' dir='ltr'><strong>impedimento</strong></span> 
     </span>
     <span class='ocr_line' id='line_1_75' title="bbox 150 2357 2380 2409; baseline 0.001 -15"><span class='ocrx_word' id='word_1_587' title='bbox 150 2359 364 2401; x_wconf 68' lang='lat' dir='ltr'><strong>tributorum</strong></span> <span class='ocrx_word' id='word_1_588' title='bbox 388 2358 534 2397; x_wconf 80' lang='lat' dir='ltr'><strong>exactio</strong></span> <span class='ocrx_word' id='word_1_589' title='bbox 550 2357 742 2404; x_wconf 82' lang='lat' dir='ltr'><strong>procedat.</strong></span> <span class='ocrx_word' id='word_1_590' title='bbox 790 2359 908 2403; x_wconf 80' lang='lat' dir='ltr'><strong>Atque</strong></span> <span class='ocrx_word' id='word_1_591' title='bbox 932 2369 1054 2396; x_wconf 82' lang='lat' dir='ltr'><strong>omnes</strong></span> <span class='ocrx_word' id='word_1_592' title='bbox 1077 2368 1171 2404; x_wconf 84' lang='lat' dir='ltr'><strong>quae</strong></span> <span class='ocrx_word' id='word_1_593' title='bbox 1192 2363 1380 2409; x_wconf 67' lang='lat' dir='ltr'><strong>mouentur</strong></span> <span class='ocrx_word' id='word_1_594' title='bbox 1402 2357 1475 2394; x_wconf 82' lang='lat' dir='ltr'><strong>sive</strong></span> <span class='ocrx_word' id='word_1_595' title='bbox 1494 2357 1729 2403; x_wconf 62' lang='lat' dir='ltr'><strong>pecuniarias</strong></span> <span class='ocrx_word' id='word_1_596' title='bbox 1757 2357 1832 2393; x_wconf 83' lang='lat' dir='ltr'><strong>sive</strong></span> <span class='ocrx_word' id='word_1_597' title='bbox 1855 2357 2059 2393; x_wconf 78' lang='lat' dir='ltr'><strong>criminales</strong></span> <span class='ocrx_word' id='word_1_598' title='bbox 2082 2368 2213 2395; x_wconf 79' lang='lat' dir='ltr'><strong>causas</strong></span> <span class='ocrx_word' id='word_1_599' title='bbox 2229 2360 2380 2407; x_wconf 85' lang='lat' dir='ltr'><strong>provin-</strong></span> 
     </span>
    </p>
   </div>
   <div class='ocr_carea' id='block_1_31' title="bbox 147 2400 599 2500">
    <p class='ocr_par' dir='ltr' id='par_1_31' title="bbox 147 2400 599 2500">
     <span class='ocr_line' id='line_1_76' title="bbox 148 2400 599 2457; baseline -0.007 -17"><span class='ocrx_word' id='word_1_600' title='bbox 148 2400 536 2457; x_wconf 42' lang='lat' dir='ltr'><strong>ciarum-praesidibus</strong></span> <span class='ocrx_word' id='word_1_601' title='bbox 559 2413 599 2446; x_wconf 71' lang='lat' dir='ltr'><strong>oo</strong></span> 
     </span>
     <span class='ocr_line' id='line_1_77' title="bbox 147 2450 560 2500; baseline -0.005 -16"><span class='ocrx_word' id='word_1_602' title='bbox 147 2450 256 2495; x_wconf 79' lang='lat' dir='ltr'><strong>finem</strong></span> <span class='ocrx_word' id='word_1_603' title='bbox 280 2459 334 2491; x_wconf 64' lang='lat' dir='ltr'><strong>‚ns</strong></span> <span class='ocrx_word' id='word_1_604' title='bbox 364 2452 560 2500; x_wconf 75' lang='lat' dir='ltr'><strong>imponant.</strong></span> 
     </span>
    </p>
   </div>
   <div class='ocr_carea' id='block_1_32' title="bbox 661 2402 2381 2501">
    <p class='ocr_par' dir='ltr' id='par_1_32' title="bbox 661 2402 2381 2501">
     <span class='ocr_line' id='line_1_78' title="bbox 661 2402 2381 2450; baseline 0.002 -12"><span class='ocrx_word' id='word_1_605' title='bbox 661 2407 795 2439; x_wconf 83' lang='lat' dir='ltr'><strong>etentes</strong></span> <span class='ocrx_word' id='word_1_606' title='bbox 818 2413 879 2441; x_wconf 81' lang='lat' dir='ltr'><strong>cos</strong></span> <span class='ocrx_word' id='word_1_607' title='bbox 902 2403 1085 2449; x_wconf 73' lang='lat' dir='ltr'><strong>inquirere</strong></span> <span class='ocrx_word' id='word_1_608' title='bbox 1101 2413 1363 2449; x_wconf 76' lang='lat' dir='ltr'><strong>praecipimus,</strong></span> <span class='ocrx_word' id='word_1_609' title='bbox 1388 2407 1427 2437; x_wconf 82' lang='lat' dir='ltr'><strong>ut</strong></span> <span class='ocrx_word' id='word_1_610' title='bbox 1444 2402 1514 2448; x_wconf 82' lang='lat' dir='ltr'><strong>ipsi</strong></span> <span class='ocrx_word' id='word_1_611' title='bbox 1537 2412 1603 2445; x_wconf 76' lang='lat' dir='ltr'><strong>suo</strong></span> <span class='ocrx_word' id='word_1_612' title='bbox 1619 2402 1788 2447; x_wconf 84' lang='lat' dir='ltr'><strong>periculo</strong></span> <span class='ocrx_word' id='word_1_613' title='bbox 1812 2413 1875 2439; x_wconf 86' lang='lat' dir='ltr'><strong>eas</strong></span> <span class='ocrx_word' id='word_1_614' title='bbox 1895 2403 2105 2439; x_wconf 76' lang='lat' dir='ltr'><strong>examinent</strong></span> <span class='ocrx_word' id='word_1_615' title='bbox 2127 2408 2163 2440; x_wconf 89' lang='lat' dir='ltr'><strong>et</strong></span> <span class='ocrx_word' id='word_1_616' title='bbox 2185 2405 2381 2450; x_wconf 76' lang='lat' dir='ltr'><strong>quitimum</strong></span> 
     </span>
     <span class='ocr_line' id='line_1_79' title="bbox 668 2446 2381 2501; baseline 0.002 -18"><span class='ocrx_word' id='word_1_617' title='bbox 668 2454 810 2484; x_wconf 84' lang='lat' dir='ltr'><strong>aeterea</strong></span> <span class='ocrx_word' id='word_1_618' title='bbox 845 2447 1004 2485; x_wconf 83' lang='lat' dir='ltr'><strong>iubemus</strong></span> <span class='ocrx_word' id='word_1_619' title='bbox 1037 2446 1223 2495; x_wconf 77' lang='lat' dir='ltr'><strong>praesides</strong></span> <span class='ocrx_word' id='word_1_620' title='bbox 1250 2447 1546 2501; x_wconf 75' lang='lat' dir='ltr'><strong>provinciarum,</strong></span> <span class='ocrx_word' id='word_1_621' title='bbox 1582 2447 1644 2485; x_wconf 81' lang='lat' dir='ltr'><strong>ubi</strong></span> <span class='ocrx_word' id='word_1_622' title='bbox 1678 2447 1915 2499; x_wconf 58' lang='lat' dir='ltr'><strong>magistratus</strong></span> <span class='ocrx_word' id='word_1_623' title='bbox 1949 2449 2153 2495; x_wconf 84' lang='lat' dir='ltr'><strong>suscepturi</strong></span> <span class='ocrx_word' id='word_1_624' title='bbox 2181 2449 2273 2493; x_wconf 86' lang='lat' dir='ltr'><strong>sint,</strong></span> <span class='ocrx_word' id='word_1_625' title='bbox 2307 2450 2381 2488; x_wconf 82' lang='lat' dir='ltr'><strong>sive</strong></span> 
     </span>
    </p>
   </div>
   <div class='ocr_carea' id='block_1_33' title="bbox 147 2492 2381 2590">
    <p class='ocr_par' dir='ltr' id='par_1_33' title="bbox 147 2492 2381 2590">
     <span class='ocr_line' id='line_1_80' title="bbox 148 2492 2381 2541; baseline 0.001 -11"><span class='ocrx_word' id='word_1_626' title='bbox 148 2498 358 2541; x_wconf 71' lang='lat' dir='ltr'><strong>praesentes</strong></span> <span class='ocrx_word' id='word_1_627' title='bbox 381 2497 454 2529; x_wconf 78' lang='lat' dir='ltr'><strong>sint</strong></span> <span class='ocrx_word' id='word_1_628' title='bbox 476 2494 549 2529; x_wconf 85' lang='lat' dir='ltr'><strong>sive</strong></span> <span class='ocrx_word' id='word_1_629' title='bbox 564 2492 738 2534; x_wconf 79' lang='lat' dir='ltr'><strong>absentes,</strong></span> <span class='ocrx_word' id='word_1_630' title='bbox 762 2498 797 2528; x_wconf 90' lang='lat' dir='ltr'><strong>et</strong></span> <span class='ocrx_word' id='word_1_631' title='bbox 813 2493 1077 2540; x_wconf 81' lang='lat' dir='ltr'><strong>praefecturae</strong></span> <span class='ocrx_word' id='word_1_632' title='bbox 1100 2498 1135 2529; x_wconf 87' lang='lat' dir='ltr'><strong>et</strong></span> <span class='ocrx_word' id='word_1_633' title='bbox 1158 2492 1411 2539; x_wconf 79' lang='lat' dir='ltr'><strong>larqitionibus</strong></span> <span class='ocrx_word' id='word_1_634' title='bbox 1435 2492 1570 2529; x_wconf 86' lang='lat' dir='ltr'><strong>nostris</strong></span> <span class='ocrx_word' id='word_1_635' title='bbox 1590 2496 1626 2527; x_wconf 91' lang='lat' dir='ltr'><strong>et</strong></span> <span class='ocrx_word' id='word_1_636' title='bbox 1648 2497 1768 2528; x_wconf 79' lang='lat' dir='ltr'><strong>comm</strong></span> <span class='ocrx_word' id='word_1_637' title='bbox 1792 2503 1912 2529; x_wconf 84' lang='lat' dir='ltr'><strong>rerum</strong></span> <span class='ocrx_word' id='word_1_638' title='bbox 1933 2493 2161 2540; x_wconf 80' lang='lat' dir='ltr'><strong>privatarum</strong></span> <span class='ocrx_word' id='word_1_639' title='bbox 2177 2496 2381 2533; x_wconf 81' lang='lat' dir='ltr'><strong>cautionem</strong></span> 
     </span>
     <span class='ocr_line' id='line_1_81' title="bbox 147 2536 2381 2590; baseline 0.001 -15"><span class='ocrx_word' id='word_1_640' title='bbox 147 2545 337 2587; x_wconf 76' lang='lat' dir='ltr'><strong>praestare</strong></span> <span class='ocrx_word' id='word_1_641' title='bbox 357 2549 428 2586; x_wconf 89' lang='lat' dir='ltr'><strong>pro</strong></span> <span class='ocrx_word' id='word_1_642' title='bbox 446 2536 613 2590; x_wconf 68' lang='lat' dir='ltr'><strong>pecuniis</strong></span> <span class='ocrx_word' id='word_1_643' title='bbox 636 2537 834 2590; x_wconf 39' lang='lat' dir='ltr'><strong>uuicuique.</strong></span> <span class='ocrx_word' id='word_1_644' title='bbox 845 2537 1116 2585; x_wconf 80' lang='lat' dir='ltr'><strong>praedictorum</strong></span> <span class='ocrx_word' id='word_1_645' title='bbox 1132 2538 1417 2584; x_wconf 34' lang='lat' dir='ltr'><strong>smaqistratuum</strong></span> <span class='ocrx_word' id='word_1_646' title='bbox 1442 2537 1659 2582; x_wconf 83' lang='lat' dir='ltr'><strong>inserendis,</strong></span> <span class='ocrx_word' id='word_1_647' title='bbox 1689 2547 1769 2573; x_wconf 85' lang='lat' dir='ltr'><strong>cum</strong></span> <span class='ocrx_word' id='word_1_648' title='bbox 1793 2537 1933 2575; x_wconf 71' lang='lat' dir='ltr'><strong>etiamsi</strong></span> <span class='ocrx_word' id='word_1_649' title='bbox 1956 2548 2031 2576; x_wconf 87' lang='lat' dir='ltr'><strong>non</strong></span> <span class='ocrx_word' id='word_1_650' title='bbox 2054 2539 2231 2583; x_wconf 69' lang='lat' dir='ltr'><strong>caverint,</strong></span> <span class='ocrx_word' id='word_1_651' title='bbox 2262 2544 2381 2578; x_wconf 87' lang='lat' dir='ltr'><strong>tamen</strong></span> 
     </span>
    </p>
   </div>
   <div class='ocr_carea' id='block_1_34' title="bbox 151 2582 888 2635">
    <p class='ocr_par' dir='ltr' id='par_1_34' title="bbox 151 2582 888 2635">
     <span class='ocr_line' id='line_1_82' title="bbox 151 2582 888 2635; baseline -0.003 -14"><span class='ocrx_word' id='word_1_652' title='bbox 151 2591 333 2630; x_wconf 84' lang='lat' dir='ltr'><strong>tamquam</strong></span> <span class='ocrx_word' id='word_1_653' title='bbox 356 2589 524 2622; x_wconf 69' lang='lat' dir='ltr'><strong>cautione</strong></span> <span class='ocrx_word' id='word_1_654' title='bbox 541 2582 724 2635; x_wconf 67' lang='lat' dir='ltr'><strong>praestita</strong></span> <span class='ocrx_word' id='word_1_655' title='bbox 740 2589 888 2630; x_wconf 78' lang='lat' dir='ltr'><strong>pariter</strong></span> 
     </span>
    </p>
   </div>
   <div class='ocr_carea' id='block_1_35' title="bbox 948 2582 2379 2638">
    <p class='ocr_par' dir='ltr' id='par_1_35' title="bbox 948 2582 2379 2638">
     <span class='ocr_line' id='line_1_83' title="bbox 948 2582 2379 2638; baseline 0.002 -19"><span class='ocrx_word' id='word_1_656' title='bbox 948 2595 1010 2620; x_wconf 86' lang='lat' dir='ltr'><strong>sos</strong></span> <span class='ocrx_word' id='word_1_657' title='bbox 1025 2593 1219 2631; x_wconf 79' lang='lat' dir='ltr'><strong>eorumque</strong></span> <span class='ocrx_word' id='word_1_658' title='bbox 1234 2582 1361 2628; x_wconf 69' lang='lat' dir='ltr'><strong>officia</strong></span> <span class='ocrx_word' id='word_1_659' title='bbox 1383 2582 1873 2635; x_wconf 69' lang='lat' dir='ltr'><strong>praedictismaqistratibm</strong></span> <span class='ocrx_word' id='word_1_660' title='bbox 1892 2583 2073 2620; x_wconf 84' lang='lat' dir='ltr'><strong>obnoxios</strong></span> <span class='ocrx_word' id='word_1_661' title='bbox 2091 2595 2167 2622; x_wconf 83' lang='lat' dir='ltr'><strong>esse</strong></span> <span class='ocrx_word' id='word_1_662' title='bbox 2183 2585 2379 2638; x_wconf 66' lang='lat' dir='ltr'><strong>iubeamus.</strong></span> 
     </span>
    </p>
   </div>
   <div class='ocr_carea' id='block_1_36' title="bbox 150 2627 2381 2767">
    <p class='ocr_par' dir='ltr' id='par_1_36' title="bbox 150 2627 2381 2767">
     <span class='ocr_line' id='line_1_84' title="bbox 150 2627 2381 2681; baseline 0 -14"><span class='ocrx_word' id='word_1_663' title='bbox 150 2629 196 2667; x_wconf 84' lang='lat' dir='ltr'><strong>ln</strong></span> <span class='ocrx_word' id='word_1_664' title='bbox 230 2630 303 2666; x_wconf 80' lang='lat' dir='ltr'><strong>illis</strong></span> <span class='ocrx_word' id='word_1_665' title='bbox 332 2634 451 2681; x_wconf 38' lang='lat' dir='ltr'><strong>aut-em</strong></span> <span class='ocrx_word' id='word_1_666' title='bbox 464 2674 471 2681; x_wconf 41' lang='grc'>1</span> <span class='ocrx_word' id='word_1_667' title='bbox 473 2629 677 2681; x_wconf 75' lang='lat' dir='ltr'><strong>provinciis</strong></span> <span class='ocrx_word' id='word_1_668' title='bbox 706 2634 741 2680; x_wconf 75' lang='lat' dir='ltr'><strong>et</strong></span> <span class='ocrx_word' id='word_1_669' title='bbox 772 2628 908 2667; x_wconf 85' lang='lat' dir='ltr'><strong>civitati</strong></span> <span class='ocrx_word' id='word_1_670' title='bbox 933 2640 974 2664; x_wconf 85' lang='lat' dir='ltr'><strong>us</strong></span> <span class='ocrx_word' id='word_1_671' title='bbox 991 2628 1191 2681; x_wconf 30' lang='lat' dir='ltr'><strong>‘praesides</strong></span> <span class='ocrx_word' id='word_1_672' title='bbox 1219 2628 1434 2680; x_wconf 49' lang='lat' dir='ltr'><strong>periclitari</strong></span> <span class='ocrx_word' id='word_1_673' title='bbox 1454 2627 1498 2663; x_wconf 86' lang='lat' dir='ltr'><strong>de</strong></span> <span class='ocrx_word' id='word_1_674' title='bbox 1520 2627 1712 2678; x_wconf 71' lang='lat' dir='ltr'><strong>exactione</strong></span> <span class='ocrx_word' id='word_1_675' title='bbox 1736 2628 1950 2680; x_wconf 61' lang='lat' dir='ltr'><strong>tributorum</strong></span> <span class='ocrx_word' id='word_1_676' title='bbox 1974 2629 2155 2672; x_wconf 85' lang='lat' dir='ltr'><strong>volumus,</strong></span> <span class='ocrx_word' id='word_1_677' title='bbox 2187 2641 2226 2666; x_wconf 86' lang='lat' dir='ltr'><strong>m</strong></span> <span class='ocrx_word' id='word_1_678' title='bbox 2250 2631 2381 2678; x_wconf 80' lang='lat' dir='ltr'><strong>quibus</strong></span> 
     </span>
     <span class='ocr_line' id='line_1_85' title="bbox 150 2672 2071 2721; baseline -0.001 -10"><span class='ocrx_word' id='word_1_679' title='bbox 150 2686 264 2721; x_wconf 81' lang='lat' dir='ltr'><strong>neque</strong></span> <span class='ocrx_word' id='word_1_680' title='bbox 286 2675 468 2715; x_wconf 63' lang='lat' dir='ltr'><strong>scriniarii</strong></span> <span class='ocrx_word' id='word_1_681' title='bbox 492 2685 606 2719; x_wconf 77' lang='lat' dir='ltr'><strong>neque</strong></span> <span class='ocrx_word' id='word_1_682' title='bbox 620 2673 786 2713; x_wconf 61' lang='lat' dir='ltr'><strong>,vendices</strong></span> <span class='ocrx_word' id='word_1_683' title='bbox 809 2684 924 2720; x_wconf 86' lang='lat' dir='ltr'><strong>neque</strong></span> <span class='ocrx_word' id='word_1_684' title='bbox 947 2674 1010 2710; x_wconf 82' lang='lat' dir='ltr'><strong>alu</strong></span> <span class='ocrx_word' id='word_1_685' title='bbox 1036 2674 1097 2709; x_wconf 79' lang='lat' dir='ltr'><strong>ulli</strong></span> <span class='ocrx_word' id='word_1_686' title='bbox 1120 2674 1197 2710; x_wconf 80' lang='lat' dir='ltr'><strong>sint</strong></span> <span class='ocrx_word' id='word_1_687' title='bbox 1218 2684 1279 2720; x_wconf 79' lang='lat' dir='ltr'><strong>qui</strong></span> <span class='ocrx_word' id='word_1_688' title='bbox 1298 2684 1456 2720; x_wconf 74' lang='lat' dir='ltr'><strong>proprio</strong></span> <span class='ocrx_word' id='word_1_689' title='bbox 1476 2672 1642 2719; x_wconf 69' lang='lat' dir='ltr'><strong>periculo</strong></span> <span class='ocrx_word' id='word_1_690' title='bbox 1667 2678 1894 2710; x_wconf 77' lang='lat' dir='ltr'><strong>exactionem</strong></span> <span class='ocrx_word' id='word_1_691' title='bbox 1916 2674 2071 2720; x_wconf 83' lang='lat' dir='ltr'><strong>faciant.</strong></span> 
     </span>
     <span class='ocr_line' id='line_1_86' title="bbox 283 2716 2380 2767; baseline 0.002 -13"><span class='ocrx_word' id='word_1_692' title='bbox 283 2719 348 2759; x_wconf 83' lang='lat'>111.</span> <span class='ocrx_word' id='word_1_693' title='bbox 396 2717 471 2758; x_wconf 87' lang='lat' dir='ltr'><strong>Sed</strong></span> <span class='ocrx_word' id='word_1_694' title='bbox 492 2717 561 2756; x_wconf 69' lang='lat' dir='ltr'><strong>hoc</strong></span> <span class='ocrx_word' id='word_1_695' title='bbox 584 2730 726 2766; x_wconf 81' lang='lat' dir='ltr'><strong>quoque</strong></span> <span class='ocrx_word' id='word_1_696' title='bbox 749 2718 799 2754; x_wconf 86' lang='lat' dir='ltr'><strong>ad</strong></span> <span class='ocrx_word' id='word_1_697' title='bbox 821 2730 889 2756; x_wconf 86' lang='lat' dir='ltr'><strong>nos</strong></span> <span class='ocrx_word' id='word_1_698' title='bbox 906 2720 1090 2766; x_wconf 82' lang='lat' dir='ltr'><strong>pervenit,</strong></span> <span class='ocrx_word' id='word_1_699' title='bbox 1121 2718 1315 2763; x_wconf 80' lang='lat' dir='ltr'><strong>nonnullos</strong></span> <span class='ocrx_word' id='word_1_700' title='bbox 1337 2729 1461 2753; x_wconf 88' lang='lat' dir='ltr'><strong>eorum</strong></span> <span class='ocrx_word' id='word_1_701' title='bbox 1485 2718 1551 2763; x_wconf 82' lang='lat' dir='ltr'><strong>qui</strong></span> <span class='ocrx_word' id='word_1_702' title='bbox 1570 2716 1608 2752; x_wconf 86' lang='lat' dir='ltr'><strong>in</strong></span> <span class='ocrx_word' id='word_1_703' title='bbox 1623 2718 1830 2764; x_wconf 80' lang='lat' dir='ltr'><strong>prom&#39;neiis</strong></span> <span class='ocrx_word' id='word_1_704' title='bbox 1845 2719 2106 2766; x_wconf 61' lang='lat' dir='ltr'><strong>¹magistratum</strong></span> <span class='ocrx_word' id='word_1_705' title='bbox 2128 2723 2262 2767; x_wconf 64' lang='lat' dir='ltr'><strong>gerunt</strong></span> <span class='ocrx_word' id='word_1_706' title='bbox 2287 2721 2380 2759; x_wconf 86' lang='lat' dir='ltr'><strong>adeo</strong></span> 
     </span>
    </p>
   </div>
   <div class='ocr_carea' id='block_1_37' title="bbox 150 2817 1233 3586">
    <p class='ocr_par' dir='ltr' id='par_1_37' title="bbox 150 2817 1233 3586">
     <span class='ocr_line' id='line_1_87' title="bbox 218 2817 1229 2864; baseline -0.002 -9"><span class='ocrx_word' id='word_1_707' title='bbox 218 2823 238 2855; x_wconf 85' lang='lat'>2</span> <span class='ocrx_word' id='word_1_708' title='bbox 261 2824 321 2854; x_wconf 84' lang='grc' dir='ltr'><strong>καὶ</strong></span> <span class='ocrx_word' id='word_1_709' title='bbox 352 2835 410 2855; x_wconf 85' lang='lat' dir='ltr'><strong>om.</strong></span> <span class='ocrx_word' id='word_1_710' title='bbox 435 2822 466 2855; x_wconf 87' lang='lat' dir='ltr'><em>L</em></span> <span class='ocrx_word' id='word_1_711' title='bbox 496 2822 508 2863; x_wconf 92' lang='grc' dir='ltr'><strong>ΙΙ</strong></span> <span class='ocrx_word' id='word_1_712' title='bbox 538 2819 629 2856; x_wconf 82' lang='grc' dir='ltr'><strong><em>κατὰ</em></strong></span> <span class='ocrx_word' id='word_1_713' title='bbox 652 2822 730 2862; x_wconf 77' lang='grc' dir='ltr'><strong><em>τοῦ]</em></strong></span> <span class='ocrx_word' id='word_1_714' title='bbox 766 2825 882 2854; x_wconf 86' lang='lat' dir='ltr'><strong>contra</strong></span> <span class='ocrx_word' id='word_1_715' title='bbox 905 2823 1014 2864; x_wconf 78' lang='lat' dir='ltr'><strong>ipsum</strong></span> <span class='ocrx_word' id='word_1_716' title='bbox 1036 2823 1072 2861; x_wconf 78' lang='lat' dir='ltr'><strong>(i.</strong></span> <span class='ocrx_word' id='word_1_717' title='bbox 1094 2833 1120 2853; x_wconf 80' lang='lat' dir='ltr'><strong>e.</strong></span> <span class='ocrx_word' id='word_1_718' title='bbox 1144 2817 1229 2853; x_wconf 78' lang='grc' dir='ltr'><strong><em>κατ’</em></strong></span> 
     </span>
     <span class='ocr_line' id='line_1_88' title="bbox 150 2862 1170 2911; baseline -0.001 -11"><span class='ocrx_word' id='word_1_719' title='bbox 150 2864 262 2902; x_wconf 75' lang='grc' dir='ltr'><strong><em>αὐτοῦ</em></strong></span> <span class='ocrx_word' id='word_1_720' title='bbox 286 2867 349 2901; x_wconf 72' lang='grc' dir='ltr'><strong><em>τοῦ</em></strong></span> <span class='ocrx_word' id='word_1_721' title='bbox 360 2867 389 2908; x_wconf 63' lang='lat' dir='ltr'><strong>i)</strong></span> <span class='ocrx_word' id='word_1_722' title='bbox 415 2879 434 2903; x_wconf 79' lang='grc' dir='ltr'><strong><em>ς</em></strong></span> <span class='ocrx_word' id='word_1_723' title='bbox 458 2870 470 2909; x_wconf 90' lang='grc' dir='ltr'><strong>ΙΙ</strong></span> <span class='ocrx_word' id='word_1_724' title='bbox 494 2868 516 2900; x_wconf 84' lang='grc'>4</span> <span class='ocrx_word' id='word_1_725' title='bbox 540 2862 675 2911; x_wconf 73' lang='grc' dir='ltr'><strong><em>ὥσπερ]</em></strong></span> <span class='ocrx_word' id='word_1_726' title='bbox 699 2865 734 2909; x_wconf 82' lang='grc' dir='ltr'><strong>β’</strong></span> <span class='ocrx_word' id='word_1_727' title='bbox 753 2867 784 2899; x_wconf 92' lang='lat' dir='ltr'><em>L</em></span> <span class='ocrx_word' id='word_1_728' title='bbox 808 2868 841 2900; x_wconf 79' lang='lat' dir='ltr'><strong>in</strong></span> <span class='ocrx_word' id='word_1_729' title='bbox 866 2880 968 2910; x_wconf 67' lang='grc' dir='ltr'><strong><em>τηαν-9.</em></strong></span> <span class='ocrx_word' id='word_1_730' title='bbox 992 2867 1004 2909; x_wconf 88' lang='grc' dir='ltr'><strong>ΙΙ</strong></span> <span class='ocrx_word' id='word_1_731' title='bbox 1034 2877 1170 2907; x_wconf 79' lang='grc' dir='ltr'><strong><em>τοποτη</em></strong></span> 
     </span>
     <span class='ocr_line' id='line_1_89' title="bbox 150 2908 1231 2954; baseline -0.001 -10"><span class='ocrx_word' id='word_1_732' title='bbox 150 2912 213 2944; x_wconf 78' lang='grc' dir='ltr'><strong><em>τὰς</em></strong></span> <span class='ocrx_word' id='word_1_733' title='bbox 238 2908 423 2954; x_wconf 73' lang='grc' dir='ltr'><strong><em>κωλύομεν</em></strong></span> <span class='ocrx_word' id='word_1_734' title='bbox 448 2912 478 2944; x_wconf 90' lang='lat' dir='ltr'><em>L</em></span> <span class='ocrx_word' id='word_1_735' title='bbox 507 2912 520 2954; x_wconf 87' lang='grc' dir='ltr'><strong>ΙΙ</strong></span> <span class='ocrx_word' id='word_1_736' title='bbox 551 2913 567 2944; x_wconf 86' lang='lat'><strong>&#39;1</strong></span> <span class='ocrx_word' id='word_1_737' title='bbox 593 2923 632 2944; x_wconf 78' lang='grc' dir='ltr'><strong>τε</strong></span> <span class='ocrx_word' id='word_1_738' title='bbox 662 2924 720 2944; x_wconf 82' lang='grc' dir='ltr'><strong><em>οηι.</em></strong></span> <span class='ocrx_word' id='word_1_739' title='bbox 746 2911 778 2943; x_wconf 91' lang='lat' dir='ltr'><em>L</em></span> <span class='ocrx_word' id='word_1_740' title='bbox 805 2911 817 2954; x_wconf 90' lang='grc' dir='ltr'><strong>ΙΙ</strong></span> <span class='ocrx_word' id='word_1_741' title='bbox 847 2913 867 2946; x_wconf 87' lang='grc'>9</span> <span class='ocrx_word' id='word_1_742' title='bbox 890 2908 1143 2943; x_wconf 78' lang='grc' dir='ltr'><strong><em>καταστέλλειν</em></strong></span> <span class='ocrx_word' id='word_1_743' title='bbox 1220 2910 1231 2954; x_wconf 91' lang='grc' dir='ltr'><strong>ΙΙ</strong></span> 
     </span>
     <span class='ocr_line' id='line_1_90' title="bbox 150 2953 1232 2999; baseline 0 -11"><span class='ocrx_word' id='word_1_744' title='bbox 150 2957 196 2988; x_wconf 74' lang='grc' dir='ltr'><strong>Εἰ</strong></span> <span class='ocrx_word' id='word_1_745' title='bbox 220 2953 260 2990; x_wconf 73' lang='grc' dir='ltr'><strong>δὲ</strong></span> <span class='ocrx_word' id='word_1_746' title='bbox 284 2957 323 2989; x_wconf 75' lang='grc' dir='ltr'><strong>ἐν</strong></span> <span class='ocrx_word' id='word_1_747' title='bbox 346 2959 423 2990; x_wconf 85' lang='grc' dir='ltr'><strong><em>ταῖς</em></strong></span> <span class='ocrx_word' id='word_1_748' title='bbox 446 2957 640 2999; x_wconf 74' lang='grc' dir='ltr'><strong><em>ἐπαρχίαις]</em></strong></span> <span class='ocrx_word' id='word_1_749' title='bbox 670 2956 711 2988; x_wconf 90' lang='lat' dir='ltr'><strong>In</strong></span> <span class='ocrx_word' id='word_1_750' title='bbox 732 2956 854 2997; x_wconf 85' lang='lat' dir='ltr'><strong>quibus</strong></span> <span class='ocrx_word' id='word_1_751' title='bbox 878 2967 954 2989; x_wconf 86' lang='lat' dir='ltr'><strong>vero</strong></span> <span class='ocrx_word' id='word_1_752' title='bbox 975 2955 1156 2999; x_wconf 83' lang='lat' dir='ltr'><strong>provinciis</strong></span> <span class='ocrx_word' id='word_1_753' title='bbox 1179 2967 1199 2992; x_wconf 71' lang='grc' dir='ltr'><em>ς</em></span> <span class='ocrx_word' id='word_1_754' title='bbox 1221 2957 1232 2998; x_wconf 80' lang='grc' dir='ltr'><strong>ΙΙ</strong></span> 
     </span>
     <span class='ocr_line' id='line_1_91' title="bbox 154 2998 1233 3044; baseline -0.002 -9"><span class='ocrx_word' id='word_1_755' title='bbox 154 3003 194 3035; x_wconf 74' lang='lat' dir='ltr'><strong>lt)</strong></span> <span class='ocrx_word' id='word_1_756' title='bbox 214 2998 475 3043; x_wconf 12' lang='lat' dir='ltr'><strong>sstvdaxestLl</strong></span> <span class='ocrx_word' id='word_1_757' title='bbox 500 2998 631 3043; x_wconf 63' lang='grc' dir='ltr'><strong><em>ἔκδικοι</em></strong></span> <span class='ocrx_word' id='word_1_758' title='bbox 652 3001 784 3041; x_wconf 54' lang='lat' dir='ltr'><strong>Almam,</strong></span> <span class='ocrx_word' id='word_1_759' title='bbox 803 3002 841 3035; x_wconf 90' lang='lat' dir='ltr'><em>B</em></span> <span class='ocrx_word' id='word_1_760' title='bbox 868 3001 880 3044; x_wconf 87' lang='grc' dir='ltr'><strong>ΙΙ</strong></span> <span class='ocrx_word' id='word_1_761' title='bbox 914 3004 950 3034; x_wconf 90' lang='grc'><strong>11</strong></span> <span class='ocrx_word' id='word_1_762' title='bbox 978 3003 1048 3041; x_wconf 79' lang='grc' dir='ltr'><strong><em>καὶ]</em></strong></span> <span class='ocrx_word' id='word_1_763' title='bbox 1073 2998 1198 3034; x_wconf 68' lang='grc' dir='ltr'><strong><em>κᾶν-Δ</em></strong></span> <span class='ocrx_word' id='word_1_764' title='bbox 1222 3002 1233 3043; x_wconf 88' lang='grc' dir='ltr'><strong>ΙΙ</strong></span> 
     </span>
     <span class='ocr_line' id='line_1_92' title="bbox 155 3043 1231 3090; baseline 0.001 -11"><span class='ocrx_word' id='word_1_765' title='bbox 155 3047 194 3079; x_wconf 87' lang='grc'><strong>13</strong></span> <span class='ocrx_word' id='word_1_766' title='bbox 219 3044 397 3088; x_wconf 82' lang='grc' dir='ltr'><strong><em>σύναρσιν</em></strong></span> <span class='ocrx_word' id='word_1_767' title='bbox 409 3046 490 3085; x_wconf 90' lang='lat' dir='ltr'><strong>LB]</strong></span> <span class='ocrx_word' id='word_1_768' title='bbox 516 3044 736 3088; x_wconf 82' lang='grc' dir='ltr'><strong><em>συνάρμοσιν</em></strong></span> <span class='ocrx_word' id='word_1_769' title='bbox 750 3045 796 3079; x_wconf 80' lang='grc' dir='ltr'><em>Μ</em></span> <span class='ocrx_word' id='word_1_770' title='bbox 804 3046 817 3088; x_wconf 91' lang='grc' dir='ltr'><strong>ΙΙ</strong></span> <span class='ocrx_word' id='word_1_771' title='bbox 835 3043 1057 3090; x_wconf 80' lang='grc' dir='ltr'><strong><em>συνεισάγειν</em></strong></span> <span class='ocrx_word' id='word_1_772' title='bbox 1070 3046 1128 3088; x_wconf 89' lang='lat' dir='ltr'><strong>M]</strong></span> <span class='ocrx_word' id='word_1_773' title='bbox 1142 3057 1231 3080; x_wconf 65' lang='grc' dir='ltr'><strong><em>,συν-</em></strong></span> 
     </span>
     <span class='ocr_line' id='line_1_93' title="bbox 152 3087 1232 3179; baseline -0.001 -9"><span class='ocrx_word' id='word_1_774' title='bbox 152 3093 298 3170; x_wconf 57' lang='lat' dir='ltr'><strong>iffi?</strong></span> <span class='ocrx_word' id='word_1_775' title='bbox 311 3090 358 3168; x_wconf 55' lang='grc' dir='ltr'><strong>οἶ.</strong></span> <span class='ocrx_word' id='word_1_776' title='bbox 388 3087 603 3177; x_wconf 52' lang='grc' dir='ltr'><strong>’ἷσῇνῖἓνῖἷ</strong></span> <span class='ocrx_word' id='word_1_777' title='bbox 626 3090 640 3168; x_wconf 62' lang='grc' dir='ltr'><strong>Ι]</strong></span> <span class='ocrx_word' id='word_1_778' title='bbox 665 3092 713 3168; x_wconf 59' lang='lat' dir='ltr'><strong>if}-</strong></span> <span class='ocrx_word' id='word_1_779' title='bbox 731 3089 803 3179; x_wconf 59' lang='lat'><strong>{⁷51</strong></span> <span class='ocrx_word' id='word_1_780' title='bbox 823 3090 1127 3171; x_wconf 56' lang='lat'><strong>’‘1‘&#39;32‘222‘332&#39;2</strong></span> <span class='ocrx_word' id='word_1_781' title='bbox 1147 3090 1232 3179; x_wconf 54' lang='lat'>{⁹21⁰</span> 
     </span>
     <span class='ocr_line' id='line_1_94' title="bbox 151 3148 1233 3225; baseline 0 -11"><span class='ocrx_word' id='word_1_782' title='bbox 151 3180 243 3214; x_wconf 82' lang='grc' dir='ltr'><strong><em>εἰσὶν</em></strong></span> <span class='ocrx_word' id='word_1_783' title='bbox 255 3181 292 3214; x_wconf 82' lang='grc' dir='ltr'><strong>,Β</strong></span> <span class='ocrx_word' id='word_1_784' title='bbox 307 3180 320 3223; x_wconf 92' lang='grc' dir='ltr'><strong>ΙΙ</strong></span> <span class='ocrx_word' id='word_1_785' title='bbox 338 3148 675 3224; x_wconf 56' lang='grc' dir='ltr'><strong><em>22.προσκαθισἰ;ἔν</em></strong></span> <span class='ocrx_word' id='word_1_786' title='bbox 691 3181 780 3221; x_wconf 88' lang='grc' dir='ltr'><strong>ΜΒ]</strong></span> <span class='ocrx_word' id='word_1_787' title='bbox 806 3180 1062 3225; x_wconf 80' lang='grc' dir='ltr'><strong><em>προκαθιστᾶν</em></strong></span> <span class='ocrx_word' id='word_1_788' title='bbox 1075 3182 1106 3214; x_wconf 87' lang='lat' dir='ltr'><em>L</em></span> <span class='ocrx_word' id='word_1_789' title='bbox 1120 3182 1204 3225; x_wconf 76' lang='lat' dir='ltr'><strong>vulq-</strong></span> <span class='ocrx_word' id='word_1_790' title='bbox 1220 3180 1233 3225; x_wconf 85' lang='grc' dir='ltr'><strong>ΙΙ</strong></span> 
     </span>
     <span class='ocr_line' id='line_1_95' title="bbox 152 3222 1230 3279; baseline 0 -20"><span class='ocrx_word' id='word_1_791' title='bbox 152 3227 196 3259; x_wconf 80' lang='grc'><strong>23</strong></span> <span class='ocrx_word' id='word_1_792' title='bbox 210 3223 435 3270; x_wconf 77' lang='grc' dir='ltr'><strong><em>λαργιτιόαιν</em></strong></span> <span class='ocrx_word' id='word_1_793' title='bbox 449 3227 497 3266; x_wconf 75' lang='lat' dir='ltr'><strong>L]</strong></span> <span class='ocrx_word' id='word_1_794' title='bbox 513 3223 736 3279; x_wconf 62' lang='lat' dir='ltr'><strong>Zapya‘rloow</strong></span> <span class='ocrx_word' id='word_1_795' title='bbox 752 3224 862 3271; x_wconf 79' lang='grc' dir='ltr'><strong><em>ἤγουν</em></strong></span> <span class='ocrx_word' id='word_1_796' title='bbox 878 3222 1065 3269; x_wconf 80' lang='grc' dir='ltr'><strong><em>ὑπεροχαῖς</em></strong></span> <span class='ocrx_word' id='word_1_797' title='bbox 1078 3226 1120 3259; x_wconf 89' lang='lat' dir='ltr'><em>M</em></span> <span class='ocrx_word' id='word_1_798' title='bbox 1134 3236 1230 3270; x_wconf 74' lang='grc' dir='ltr'><strong><em>,παρ-</em></strong></span> 
     </span>
     <span class='ocr_line' id='line_1_96' title="bbox 153 3268 1232 3317; baseline 0 -14"><span class='ocrx_word' id='word_1_799' title='bbox 153 3273 247 3311; x_wconf 84' lang='grc' dir='ltr'><strong><em>οχαῖς</em></strong></span> <span class='ocrx_word' id='word_1_800' title='bbox 268 3271 304 3304; x_wconf 87' lang='grc' dir='ltr'><em>Β</em></span> <span class='ocrx_word' id='word_1_801' title='bbox 334 3270 346 3313; x_wconf 91' lang='grc' dir='ltr'><strong>ΙΙ</strong></span> <span class='ocrx_word' id='word_1_802' title='bbox 375 3271 453 3303; x_wconf 81' lang='grc' dir='ltr'><strong>τῶν</strong></span> <span class='ocrx_word' id='word_1_803' title='bbox 476 3273 683 3314; x_wconf 79' lang='grc' dir='ltr'><strong><em>πριβατων]</em></strong></span> <span class='ocrx_word' id='word_1_804' title='bbox 714 3271 776 3312; x_wconf 85' lang='grc' dir='ltr'><strong><em>τῆς</em></strong></span> <span class='ocrx_word' id='word_1_805' title='bbox 798 3268 911 3313; x_wconf 77' lang='grc' dir='ltr'><strong><em>ἰδικῆς</em></strong></span> <span class='ocrx_word' id='word_1_806' title='bbox 934 3271 1198 3317; x_wconf 68' lang='grc' dir='ltr'><strong><em>περιουσίαςΒ</em></strong></span> <span class='ocrx_word' id='word_1_807' title='bbox 1219 3270 1232 3315; x_wconf 84' lang='grc' dir='ltr'><strong>ΙΙ</strong></span> 
     </span>
     <span class='ocr_line' id='line_1_97' title="bbox 153 3314 1230 3360; baseline -0.001 -11"><span class='ocrx_word' id='word_1_808' title='bbox 153 3317 195 3349; x_wconf 83' lang='grc'><strong>24</strong></span> <span class='ocrx_word' id='word_1_809' title='bbox 220 3317 474 3360; x_wconf 78' lang='grc' dir='ltr'><strong><em>συναγομένων</em></strong></span> <span class='ocrx_word' id='word_1_810' title='bbox 498 3317 528 3349; x_wconf 89' lang='lat' dir='ltr'><em>L</em></span> <span class='ocrx_word' id='word_1_811' title='bbox 554 3316 566 3358; x_wconf 92' lang='grc' dir='ltr'><strong>ΙΙ</strong></span> <span class='ocrx_word' id='word_1_812' title='bbox 592 3317 634 3350; x_wconf 83' lang='grc'><strong>25</strong></span> <span class='ocrx_word' id='word_1_813' title='bbox 659 3314 879 3358; x_wconf 81' lang='grc' dir='ltr'><strong><em>ποιήσαντας</em></strong></span> <span class='ocrx_word' id='word_1_814' title='bbox 903 3316 1100 3356; x_wconf 75' lang='lat' dir='ltr'><strong>Zachariae]</strong></span> <span class='ocrx_word' id='word_1_815' title='bbox 1130 3314 1230 3358; x_wconf 83' lang='grc' dir='ltr'><strong><em>ποιή-</em></strong></span> 
     </span>
     <span class='ocr_line' id='line_1_98' title="bbox 153 3356 1210 3405; baseline 0.002 -12"><span class='ocrx_word' id='word_1_816' title='bbox 153 3370 280 3394; x_wconf 83' lang='grc' dir='ltr'><strong><em>σαντες</em></strong></span> <span class='ocrx_word' id='word_1_817' title='bbox 301 3362 379 3394; x_wconf 75' lang='lat' dir='ltr'><strong>libri</strong></span> <span class='ocrx_word' id='word_1_818' title='bbox 393 3361 408 3403; x_wconf 90' lang='grc' dir='ltr'><strong>ΙΙ</strong></span> <span class='ocrx_word' id='word_1_819' title='bbox 423 3362 463 3395; x_wconf 80' lang='grc'><strong>27</strong></span> <span class='ocrx_word' id='word_1_820' title='bbox 486 3357 621 3405; x_wconf 73' lang='grc' dir='ltr'><strong><em>ἀρχαῖς]</em></strong></span> <span class='ocrx_word' id='word_1_821' title='bbox 646 3362 830 3405; x_wconf 81' lang='grc' dir='ltr'><strong><em>ἐπαρχίαις</em></strong></span> <span class='ocrx_word' id='word_1_822' title='bbox 847 3356 966 3405; x_wconf 81' lang='grc' dir='ltr'><strong><em>ἀρχαῖς</em></strong></span> <span class='ocrx_word' id='word_1_823' title='bbox 982 3361 1060 3405; x_wconf 67' lang='lat' dir='ltr'><strong>Lflu</strong></span> <span class='ocrx_word' id='word_1_824' title='bbox 1079 3362 1121 3395; x_wconf 83' lang='lat'><strong>29</strong></span> <span class='ocrx_word' id='word_1_825' title='bbox 1140 3358 1210 3395; x_wconf 74' lang='grc' dir='ltr'><strong>ὑπὲ</strong></span> 
     </span>
     <span class='ocr_line' id='line_1_99' title="bbox 152 3402 1232 3451; baseline 0.001 -13"><span class='ocrx_word' id='word_1_826' title='bbox 152 3406 214 3447; x_wconf 68' lang='grc' dir='ltr'><strong><em>τῆς</em></strong></span> <span class='ocrx_word' id='word_1_827' title='bbox 231 3406 306 3439; x_wconf 82' lang='grc' dir='ltr'><strong>τῶν</strong></span> <span class='ocrx_word' id='word_1_828' title='bbox 323 3402 509 3448; x_wconf 84' lang='grc' dir='ltr'><strong><em>δημοσίων</em></strong></span> <span class='ocrx_word' id='word_1_829' title='bbox 525 3403 749 3450; x_wconf 80' lang='grc' dir='ltr'><strong><em>εἰςπράξεως]</em></strong></span> <span class='ocrx_word' id='word_1_830' title='bbox 774 3417 834 3449; x_wconf 89' lang='lat' dir='ltr'><strong>pro</strong></span> <span class='ocrx_word' id='word_1_831' title='bbox 849 3406 1018 3441; x_wconf 81' lang='lat' dir='ltr'><strong>fiscalibus</strong></span> <span class='ocrx_word' id='word_1_832' title='bbox 1033 3410 1066 3438; x_wconf 90' lang='lat' dir='ltr'><strong>et</strong></span> <span class='ocrx_word' id='word_1_833' title='bbox 1081 3406 1170 3449; x_wconf 80' lang='lat' dir='ltr'><strong>exigi</strong></span> <span class='ocrx_word' id='word_1_834' title='bbox 1185 3420 1204 3443; x_wconf 81' lang='grc' dir='ltr'><em>ς</em></span> <span class='ocrx_word' id='word_1_835' title='bbox 1228 3407 1232 3451; x_wconf 87' lang='grc' dir='ltr'><strong><em>Ι</em></strong></span> 
     </span>
     <span class='ocr_line' id='line_1_100' title="bbox 153 3448 1229 3496; baseline 0.001 -12"><span class='ocrx_word' id='word_1_836' title='bbox 153 3453 195 3484; x_wconf 82' lang='lat'><strong>30</strong></span> <span class='ocrx_word' id='word_1_837' title='bbox 220 3450 269 3483; x_wconf 64' lang='grc' dir='ltr'><strong><em>οἷς·</em></strong></span> <span class='ocrx_word' id='word_1_838' title='bbox 295 3452 324 3483; x_wconf 94' lang='lat' dir='ltr'><em>L</em></span> <span class='ocrx_word' id='word_1_839' title='bbox 342 3449 355 3493; x_wconf 88' lang='grc' dir='ltr'><strong>ΙΙ</strong></span> <span class='ocrx_word' id='word_1_840' title='bbox 379 3448 497 3493; x_wconf 71' lang='grc' dir='ltr'><strong><em>*μηδὲ</em></strong></span> <span class='ocrx_word' id='word_1_841' title='bbox 514 3448 667 3493; x_wconf 74' lang='grc' dir='ltr'><strong><em>-,μηδὲ</em></strong></span> <span class='ocrx_word' id='word_1_842' title='bbox 691 3470 733 3475; x_wconf 90' lang='lat'><em>—</em></span> <span class='ocrx_word' id='word_1_843' title='bbox 751 3448 841 3494; x_wconf 76' lang='grc' dir='ltr'><strong><em>μηδὲ</em></strong></span> <span class='ocrx_word' id='word_1_844' title='bbox 854 3452 942 3486; x_wconf 67' lang='lat' dir='ltr'><strong>,libri</strong></span> <span class='ocrx_word' id='word_1_845' title='bbox 956 3451 969 3496; x_wconf 87' lang='grc' dir='ltr'><strong>ΙΙ</strong></span> <span class='ocrx_word' id='word_1_846' title='bbox 985 3448 1152 3495; x_wconf 77' lang='grc' dir='ltr'><strong><em>βίνδικες]</em></strong></span> <span class='ocrx_word' id='word_1_847' title='bbox 1177 3452 1229 3485; x_wconf 78' lang='grc' dir='ltr'><strong>ἔκ-</strong></span> 
     </span>
     <span class='ocr_line' id='line_1_101' title="bbox 153 3493 1231 3540; baseline 0.002 -13"><span class='ocrx_word' id='word_1_848' title='bbox 153 3493 244 3528; x_wconf 79' lang='grc' dir='ltr'><strong><em>δικοι</em></strong></span> <span class='ocrx_word' id='word_1_849' title='bbox 266 3496 304 3530; x_wconf 68' lang='grc' dir='ltr'><strong>,Β</strong></span> <span class='ocrx_word' id='word_1_850' title='bbox 322 3496 390 3538; x_wconf 81' lang='grc' dir='ltr'><strong>ΙΙ31</strong></span> <span class='ocrx_word' id='word_1_851' title='bbox 417 3496 499 3538; x_wconf 83' lang='grc' dir='ltr'><strong><em>τὴν]</em></strong></span> <span class='ocrx_word' id='word_1_852' title='bbox 520 3496 599 3530; x_wconf 84' lang='grc' dir='ltr'><strong>τῶν</strong></span> <span class='ocrx_word' id='word_1_853' title='bbox 615 3497 665 3530; x_wconf 80' lang='lat' dir='ltr'><strong>L⁰</strong></span> <span class='ocrx_word' id='word_1_854' title='bbox 680 3496 753 3540; x_wconf 80' lang='grc'>1133</span> <span class='ocrx_word' id='word_1_855' title='bbox 777 3496 824 3529; x_wconf 71' lang='grc' dir='ltr'><strong>εἰς</strong></span> <span class='ocrx_word' id='word_1_856' title='bbox 842 3497 930 3537; x_wconf 81' lang='grc' dir='ltr'><strong>ΜΒ]</strong></span> <span class='ocrx_word' id='word_1_857' title='bbox 955 3494 1003 3530; x_wconf 77' lang='grc' dir='ltr'><strong>ὠς</strong></span> <span class='ocrx_word' id='word_1_858' title='bbox 1018 3498 1049 3530; x_wconf 91' lang='lat' dir='ltr'><em>L</em></span> <span class='ocrx_word' id='word_1_859' title='bbox 1066 3497 1083 3540; x_wconf 88' lang='grc' dir='ltr'><strong>ΙΙ</strong></span> <span class='ocrx_word' id='word_1_860' title='bbox 1096 3498 1140 3531; x_wconf 83' lang='grc'><strong>34</strong></span> <span class='ocrx_word' id='word_1_861' title='bbox 1154 3499 1231 3531; x_wconf 78' lang='grc' dir='ltr'><strong><em>ταῖς</em></strong></span> 
     </span>
     <span class='ocr_line' id='line_1_102' title="bbox 153 3539 962 3586; baseline 0 -12"><span class='ocrx_word' id='word_1_862' title='bbox 153 3541 234 3582; x_wconf 85' lang='lat' dir='ltr'><strong>LB]</strong></span> <span class='ocrx_word' id='word_1_863' title='bbox 259 3555 317 3574; x_wconf 86' lang='lat' dir='ltr'><strong>om.</strong></span> <span class='ocrx_word' id='word_1_864' title='bbox 332 3542 378 3575; x_wconf 65' lang='lat' dir='ltr'><strong>st!</strong></span> <span class='ocrx_word' id='word_1_865' title='bbox 390 3542 403 3583; x_wconf 90' lang='grc' dir='ltr'><strong>ΙΙ</strong></span> <span class='ocrx_word' id='word_1_866' title='bbox 418 3543 585 3586; x_wconf 77' lang='grc' dir='ltr'><strong><em>φέροντες</em></strong></span> <span class='ocrx_word' id='word_1_867' title='bbox 609 3542 651 3574; x_wconf 89' lang='grc' dir='ltr'><em>Μ</em></span> <span class='ocrx_word' id='word_1_868' title='bbox 663 3542 676 3584; x_wconf 91' lang='grc' dir='ltr'><strong>ΙΙ</strong></span> <span class='ocrx_word' id='word_1_869' title='bbox 694 3539 892 3586; x_wconf 83' lang='grc' dir='ltr'><strong><em>προφάσεις</em></strong></span> <span class='ocrx_word' id='word_1_870' title='bbox 915 3543 962 3575; x_wconf 84' lang='grc' dir='ltr'><em>Μ</em></span> 
     </span>
    </p>
   </div>
   <div class='ocr_carea' id='block_1_38' title="bbox 159 3605 407 3615">
    <p class='ocr_par' dir='ltr' id='par_1_38' title="bbox 159 3605 407 3615">
     <span class='ocr_line' id='line_1_103' title="bbox 159 3605 407 3615; baseline 0 369"><span class='ocrx_word' id='word_1_871' title='bbox 159 3605 407 3615; x_wconf 95' lang='lat' dir='ltr'><strong> </strong></span> 
     </span>
    </p>
   </div>
   <div class='ocr_carea' id='block_1_39' title="bbox 153 3631 1231 3767">
    <p class='ocr_par' dir='ltr' id='par_1_39' title="bbox 153 3631 1231 3767">
     <span class='ocr_line' id='line_1_104' title="bbox 200 3631 1231 3677; baseline 0.001 -12"><span class='ocrx_word' id='word_1_872' title='bbox 200 3632 216 3665; x_wconf 88' lang='grc'><strong>1</strong></span> <span class='ocrx_word' id='word_1_873' title='bbox 227 3631 403 3674; x_wconf 58' lang='lat' dir='ltr'><strong>misphat</strong></span> <span class='ocrx_word' id='word_1_874' title='bbox 420 3632 546 3676; x_wconf 74' lang='lat' dir='ltr'><strong>Tvuly.</strong></span> <span class='ocrx_word' id='word_1_875' title='bbox 563 3631 576 3675; x_wconf 92' lang='grc' dir='ltr'><strong>ΙΙ</strong></span> <span class='ocrx_word' id='word_1_876' title='bbox 593 3631 737 3667; x_wconf 89' lang='lat' dir='ltr'><strong>iudicem</strong></span> <span class='ocrx_word' id='word_1_877' title='bbox 755 3634 772 3664; x_wconf 86' lang='lat' dir='ltr'><strong><em>b</em></strong></span> <span class='ocrx_word' id='word_1_878' title='bbox 798 3632 895 3665; x_wconf 86' lang='lat' dir='ltr'><strong>iudex</strong></span> <span class='ocrx_word' id='word_1_879' title='bbox 911 3645 932 3664; x_wconf 84' lang='grc' dir='ltr'><strong><em>υ</em></strong></span> <span class='ocrx_word' id='word_1_880' title='bbox 949 3632 961 3675; x_wconf 91' lang='grc' dir='ltr'><strong>ΙΙ</strong></span> <span class='ocrx_word' id='word_1_881' title='bbox 980 3635 1066 3673; x_wconf 88' lang='lat' dir='ltr'><strong>eum]</strong></span> <span class='ocrx_word' id='word_1_882' title='bbox 1077 3633 1160 3665; x_wconf 79' lang='lat' dir='ltr'><strong>‚eius</strong></span> <span class='ocrx_word' id='word_1_883' title='bbox 1181 3635 1198 3666; x_wconf 85' lang='grc' dir='ltr'>ὁ</span> <span class='ocrx_word' id='word_1_884' title='bbox 1219 3632 1231 3677; x_wconf 89' lang='grc' dir='ltr'><strong>ΙΙ</strong></span> 
     </span>
     <span class='ocr_line' id='line_1_105' title="bbox 153 3674 1230 3722; baseline 0.001 -13"><span class='ocrx_word' id='word_1_885' title='bbox 153 3674 202 3708; x_wconf 76' lang='lat' dir='ltr'><strong>eis</strong></span> <span class='ocrx_word' id='word_1_886' title='bbox 220 3676 268 3709; x_wconf 81' lang='grc' dir='ltr'><strong>Τι</strong></span> <span class='ocrx_word' id='word_1_887' title='bbox 284 3674 301 3719; x_wconf 85' lang='grc' dir='ltr'>Ι</span> <span class='ocrx_word' id='word_1_888' title='bbox 315 3677 457 3713; x_wconf 75' lang='lat' dir='ltr'><strong>offitium</strong></span> <span class='ocrx_word' id='word_1_889' title='bbox 479 3677 512 3710; x_wconf 88' lang='lat' dir='ltr'><em>R</em></span> <span class='ocrx_word' id='word_1_890' title='bbox 527 3676 541 3721; x_wconf 69' lang='grc' dir='ltr'>Ι</span> <span class='ocrx_word' id='word_1_891' title='bbox 559 3678 580 3710; x_wconf 90' lang='grc'><strong>2</strong></span> <span class='ocrx_word' id='word_1_892' title='bbox 602 3678 675 3718; x_wconf 82' lang='lat' dir='ltr'><strong>*etl</strong></span> <span class='ocrx_word' id='word_1_893' title='bbox 699 3678 780 3712; x_wconf 86' lang='lat' dir='ltr'><strong>haec</strong></span> <span class='ocrx_word' id='word_1_894' title='bbox 800 3678 869 3719; x_wconf 80' lang='lat' dir='ltr'><strong>(hic</strong></span> <span class='ocrx_word' id='word_1_895' title='bbox 882 3678 927 3719; x_wconf 86' lang='lat' dir='ltr'><strong>R)</strong></span> <span class='ocrx_word' id='word_1_896' title='bbox 953 3679 1030 3712; x_wconf 77' lang='lat' dir='ltr'><strong>libri</strong></span> <span class='ocrx_word' id='word_1_897' title='bbox 1045 3677 1058 3722; x_wconf 79' lang='grc' dir='ltr'><strong>ΙΙ</strong></span> <span class='ocrx_word' id='word_1_898' title='bbox 1081 3680 1101 3712; x_wconf 86' lang='grc'>3</span> <span class='ocrx_word' id='word_1_899' title='bbox 1125 3682 1230 3711; x_wconf 81' lang='lat' dir='ltr'><strong>trans-</strong></span> 
     </span>
     <span class='ocr_line' id='line_1_106' title="bbox 153 3720 1228 3767; baseline 0.004 -15"><span class='ocrx_word' id='word_1_900' title='bbox 153 3720 300 3754; x_wconf 85' lang='lat' dir='ltr'><strong>mittitur</strong></span> <span class='ocrx_word' id='word_1_901' title='bbox 313 3723 345 3756; x_wconf 78' lang='lat' dir='ltr'><em>R</em></span> <span class='ocrx_word' id='word_1_902' title='bbox 368 3723 640 3761; x_wconf 73' lang='lat' dir='ltr'><strong>transmittantur</strong></span> <span class='ocrx_word' id='word_1_903' title='bbox 653 3725 670 3757; x_wconf 82' lang='lat' dir='ltr'>b</span> <span class='ocrx_word' id='word_1_904' title='bbox 680 3736 700 3756; x_wconf 87' lang='grc' dir='ltr'><strong><em>υ</em></strong></span> <span class='ocrx_word' id='word_1_905' title='bbox 717 3722 730 3767; x_wconf 90' lang='grc' dir='ltr'><strong>ΙΙ</strong></span> <span class='ocrx_word' id='word_1_906' title='bbox 747 3722 981 3767; x_wconf 82' lang='lat' dir='ltr'><strong>prouintialem</strong></span> <span class='ocrx_word' id='word_1_907' title='bbox 998 3725 1016 3757; x_wconf 82' lang='grc' dir='ltr'>ὁ</span> <span class='ocrx_word' id='word_1_908' title='bbox 1040 3722 1077 3757; x_wconf 85' lang='lat' dir='ltr'><strong>in</strong></span> <span class='ocrx_word' id='word_1_909' title='bbox 1092 3724 1228 3766; x_wconf 82' lang='lat' dir='ltr'><strong>prouin-</strong></span> 
     </span>
    </p>
   </div>
   <div class='ocr_carea' id='block_1_40' title="bbox 1296 2819 2381 3768">
    <p class='ocr_par' dir='ltr' id='par_1_40' title="bbox 1301 2819 2357 2865">
     <span class='ocr_line' id='line_1_107' title="bbox 1301 2819 2357 2865; baseline 0.005 -13"><span class='ocrx_word' id='word_1_910' title='bbox 1301 2819 1417 2852; x_wconf 75' lang='lat' dir='ltr'><strong>cialem</strong></span> <span class='ocrx_word' id='word_1_911' title='bbox 1430 2832 1450 2851; x_wconf 83' lang='grc' dir='ltr'>υ</span> <span class='ocrx_word' id='word_1_912' title='bbox 1465 2819 1478 2864; x_wconf 85' lang='grc' dir='ltr'><strong>ΙΙ</strong></span> <span class='ocrx_word' id='word_1_913' title='bbox 1495 2822 1518 2853; x_wconf 80' lang='grc'>4</span> <span class='ocrx_word' id='word_1_914' title='bbox 1530 2821 1572 2860; x_wconf 83' lang='lat' dir='ltr'><strong>ei]</strong></span> <span class='ocrx_word' id='word_1_915' title='bbox 1591 2826 1622 2852; x_wconf 85' lang='lat' dir='ltr'><strong>et</strong></span> <span class='ocrx_word' id='word_1_916' title='bbox 1637 2834 1657 2853; x_wconf 88' lang='grc' dir='ltr'><strong><em>υ</em></strong></span> <span class='ocrx_word' id='word_1_917' title='bbox 1674 2823 1686 2863; x_wconf 88' lang='grc' dir='ltr'><strong>ΙΙ</strong></span> <span class='ocrx_word' id='word_1_918' title='bbox 1705 2825 1724 2855; x_wconf 79' lang='lat'>5</span> <span class='ocrx_word' id='word_1_919' title='bbox 1737 2821 1848 2854; x_wconf 89' lang='lat' dir='ltr'><strong>locum</strong></span> <span class='ocrx_word' id='word_1_920' title='bbox 1865 2822 1885 2852; x_wconf 81' lang='grc' dir='ltr'><strong>ὁ</strong></span> <span class='ocrx_word' id='word_1_921' title='bbox 1901 2822 1914 2865; x_wconf 75' lang='grc' dir='ltr'>Ι</span> <span class='ocrx_word' id='word_1_922' title='bbox 1931 2822 2110 2856; x_wconf 75' lang='lat' dir='ltr'><strong>seruatoris</strong></span> <span class='ocrx_word' id='word_1_923' title='bbox 2123 2825 2140 2855; x_wconf 84' lang='grc' dir='ltr'>ὁ</span> <span class='ocrx_word' id='word_1_924' title='bbox 2161 2824 2323 2857; x_wconf 78' lang='lat' dir='ltr'><strong>seruatori</strong></span> <span class='ocrx_word' id='word_1_925' title='bbox 2335 2837 2357 2858; x_wconf 86' lang='lat' dir='ltr'><strong><em>v</em></strong></span> 
     </span>
    </p>

    <p class='ocr_par' dir='ltr' id='par_1_41' title="bbox 1296 2825 2381 3768">
     <span class='ocr_line' id='line_1_108' title="bbox 1300 2825 2381 2915; baseline 0.006 -18"><span class='ocrx_word' id='word_1_926' title='bbox 1300 2874 1412 2897; x_wconf 88' lang='lat' dir='ltr'><strong>omnes</strong></span> <span class='ocrx_word' id='word_1_927' title='bbox 1437 2867 1454 2897; x_wconf 86' lang='lat' dir='ltr'><em>b</em></span> <span class='ocrx_word' id='word_1_928' title='bbox 1487 2875 1615 2899; x_wconf 91' lang='lat' dir='ltr'><strong>omnem</strong></span> <span class='ocrx_word' id='word_1_929' title='bbox 1637 2878 1657 2898; x_wconf 88' lang='lat' dir='ltr'><strong><em>v</em></strong></span> <span class='ocrx_word' id='word_1_930' title='bbox 1674 2867 1687 2909; x_wconf 86' lang='grc' dir='ltr'><strong>ΙΙ</strong></span> <span class='ocrx_word' id='word_1_931' title='bbox 1712 2866 1831 2899; x_wconf 80' lang='lat' dir='ltr'><strong>habere</strong></span> <span class='ocrx_word' id='word_1_932' title='bbox 1854 2866 2005 2900; x_wconf 86' lang='lat' dir='ltr'><strong>iubemus</strong></span> <span class='ocrx_word' id='word_1_933' title='bbox 2027 2868 2061 2900; x_wconf 90' lang='lat' dir='ltr'><strong><em>V</em></strong></span> <span class='ocrx_word' id='word_1_934' title='bbox 2079 2870 2090 2909; x_wconf 92' lang='grc' dir='ltr'><strong>ΙΙ</strong></span> <span class='ocrx_word' id='word_1_935' title='bbox 2115 2870 2135 2902; x_wconf 90' lang='grc'>6</span> <span class='ocrx_word' id='word_1_936' title='bbox 2159 2868 2304 2903; x_wconf 88' lang='lat' dir='ltr'><strong>iudicem</strong></span> <span class='ocrx_word' id='word_1_937' title='bbox 2328 2873 2346 2903; x_wconf 83' lang='lat' dir='ltr'><strong><em>b</em></strong></span> <span class='ocrx_word' id='word_1_938' title='bbox 2368 2825 2381 2915; x_wconf 74' lang='grc' dir='ltr'><strong>ΙΙ</strong></span> 
     </span>
     <span class='ocr_line' id='line_1_109' title="bbox 1301 2908 2380 2957; baseline 0.006 -15"><span class='ocrx_word' id='word_1_939' title='bbox 1301 2913 1319 2943; x_wconf 82' lang='grc'>7</span> <span class='ocrx_word' id='word_1_940' title='bbox 1339 2912 1376 2942; x_wconf 87' lang='lat' dir='ltr'><strong>ut</strong></span> <span class='ocrx_word' id='word_1_941' title='bbox 1395 2922 1455 2943; x_wconf 85' lang='lat' dir='ltr'><strong>om.</strong></span> <span class='ocrx_word' id='word_1_942' title='bbox 1470 2911 1488 2942; x_wconf 86' lang='lat' dir='ltr'><strong><em>b</em></strong></span> <span class='ocrx_word' id='word_1_943' title='bbox 1503 2908 1516 2954; x_wconf 86' lang='grc' dir='ltr'><strong>ΙΙ</strong></span> <span class='ocrx_word' id='word_1_944' title='bbox 1535 2910 1635 2942; x_wconf 79' lang='lat' dir='ltr'><strong>faciat</strong></span> <span class='ocrx_word' id='word_1_945' title='bbox 1653 2913 1671 2944; x_wconf 85' lang='lat' dir='ltr'><strong><em>b</em></strong></span> <span class='ocrx_word' id='word_1_946' title='bbox 1689 2912 1702 2955; x_wconf 95' lang='grc' dir='ltr'><strong>ΙΙ</strong></span> <span class='ocrx_word' id='word_1_947' title='bbox 1719 2912 1738 2945; x_wconf 88' lang='lat'>8</span> <span class='ocrx_word' id='word_1_948' title='bbox 1756 2911 1903 2944; x_wconf 79' lang='lat' dir='ltr'><strong>locatum</strong></span> <span class='ocrx_word' id='word_1_949' title='bbox 1923 2915 1941 2945; x_wconf 84' lang='lat' dir='ltr'><strong><em>b</em></strong></span> <span class='ocrx_word' id='word_1_950' title='bbox 1952 2926 1973 2946; x_wconf 82' lang='grc' dir='ltr'>υ</span> <span class='ocrx_word' id='word_1_951' title='bbox 1991 2912 2004 2957; x_wconf 88' lang='grc' dir='ltr'><strong>ΙΙ</strong></span> <span class='ocrx_word' id='word_1_952' title='bbox 2020 2913 2142 2955; x_wconf 84' lang='lat' dir='ltr'><strong>quietis</strong></span> <span class='ocrx_word' id='word_1_953' title='bbox 2155 2914 2261 2955; x_wconf 84' lang='lat' dir='ltr'><strong>Beck]</strong></span> <span class='ocrx_word' id='word_1_954' title='bbox 2286 2916 2380 2957; x_wconf 87' lang='lat' dir='ltr'><strong>quie-</strong></span> 
     </span>
     <span class='ocr_line' id='line_1_110' title="bbox 1300 2954 2380 3002; baseline 0.006 -15"><span class='ocrx_word' id='word_1_955' title='bbox 1300 2958 1366 2987; x_wconf 87' lang='lat' dir='ltr'><strong>tem</strong></span> <span class='ocrx_word' id='word_1_956' title='bbox 1385 2954 1490 2988; x_wconf 82' lang='lat' dir='ltr'><strong>RVT</strong></span> <span class='ocrx_word' id='word_1_957' title='bbox 1517 2956 1628 2997; x_wconf 87' lang='lat' dir='ltr'><strong>quiete</strong></span> <span class='ocrx_word' id='word_1_958' title='bbox 1653 2958 1671 2989; x_wconf 80' lang='lat' dir='ltr'><strong><em>b</em></strong></span> <span class='ocrx_word' id='word_1_959' title='bbox 1701 2956 1850 2998; x_wconf 88' lang='lat' dir='ltr'><strong>quietum</strong></span> <span class='ocrx_word' id='word_1_960' title='bbox 1874 2970 1894 2989; x_wconf 85' lang='lat' dir='ltr'><strong><em>v</em></strong></span> <span class='ocrx_word' id='word_1_961' title='bbox 1911 2957 1924 3000; x_wconf 90' lang='grc' dir='ltr'><strong>ΙΙ</strong></span> <span class='ocrx_word' id='word_1_962' title='bbox 1941 2960 1980 2990; x_wconf 91' lang='lat' dir='ltr'><strong>ut</strong></span> <span class='ocrx_word' id='word_1_963' title='bbox 2003 2961 2037 2991; x_wconf 81' lang='lat' dir='ltr'><strong>et</strong></span> <span class='ocrx_word' id='word_1_964' title='bbox 2059 2970 2080 2991; x_wconf 84' lang='grc' dir='ltr'><strong>υ</strong></span> <span class='ocrx_word' id='word_1_965' title='bbox 2095 2960 2107 3001; x_wconf 89' lang='grc' dir='ltr'><strong>ΙΙ</strong></span> <span class='ocrx_word' id='word_1_966' title='bbox 2126 2970 2237 2992; x_wconf 84' lang='lat' dir='ltr'><strong>omnes</strong></span> <span class='ocrx_word' id='word_1_967' title='bbox 2262 2962 2280 2992; x_wconf 85' lang='lat' dir='ltr'><em>b</em></span> <span class='ocrx_word' id='word_1_968' title='bbox 2295 2961 2345 2993; x_wconf 86' lang='lat' dir='ltr'><strong>T¹</strong></span> <span class='ocrx_word' id='word_1_969' title='bbox 2368 2961 2380 3002; x_wconf 92' lang='grc' dir='ltr'><strong>ΙΙ</strong></span> 
     </span>
     <span class='ocr_line' id='line_1_111' title="bbox 1300 2999 2379 3047; baseline 0.005 -15"><span class='ocrx_word' id='word_1_970' title='bbox 1300 2999 1484 3033; x_wconf 82' lang='lat' dir='ltr'><strong>iniustitiae</strong></span> <span class='ocrx_word' id='word_1_971' title='bbox 1509 3002 1526 3034; x_wconf 83' lang='grc' dir='ltr'>ὁ</span> <span class='ocrx_word' id='word_1_972' title='bbox 1543 3001 1555 3044; x_wconf 85' lang='grc' dir='ltr'><strong>ΙΙ</strong></span> <span class='ocrx_word' id='word_1_973' title='bbox 1581 3001 1664 3033; x_wconf 80' lang='lat' dir='ltr'><strong>lesos</strong></span> <span class='ocrx_word' id='word_1_974' title='bbox 1685 3001 1739 3044; x_wconf 83' lang='grc' dir='ltr'><strong>υΙΙ</strong></span> <span class='ocrx_word' id='word_1_975' title='bbox 1761 3004 1780 3036; x_wconf 86' lang='grc'>9</span> <span class='ocrx_word' id='word_1_976' title='bbox 1805 3002 1931 3035; x_wconf 85' lang='lat' dir='ltr'><strong>iudices</strong></span> <span class='ocrx_word' id='word_1_977' title='bbox 1955 3002 2017 3046; x_wconf 75' lang='lat' dir='ltr'><strong>Ru</strong></span> <span class='ocrx_word' id='word_1_978' title='bbox 2044 3005 2085 3037; x_wconf 86' lang='lat'><strong>10</strong></span> <span class='ocrx_word' id='word_1_979' title='bbox 2110 3003 2336 3047; x_wconf 85' lang='lat' dir='ltr'><strong>haecleptores</strong></span> <span class='ocrx_word' id='word_1_980' title='bbox 2361 3007 2379 3038; x_wconf 82' lang='lat' dir='ltr'><strong><em>b</em></strong></span> 
     </span>
     <span class='ocr_line' id='line_1_112' title="bbox 1300 3045 2378 3092; baseline 0.005 -15"><span class='ocrx_word' id='word_1_981' title='bbox 1300 3045 1550 3088; x_wconf 79' lang='lat' dir='ltr'><strong>hecliptoresV</strong></span> <span class='ocrx_word' id='word_1_982' title='bbox 1568 3045 1743 3088; x_wconf 84' lang='lat' dir='ltr'><strong>ecliptores</strong></span> <span class='ocrx_word' id='word_1_983' title='bbox 1763 3047 1797 3079; x_wconf 88' lang='lat' dir='ltr'><em>R</em></span> <span class='ocrx_word' id='word_1_984' title='bbox 1830 3047 2016 3089; x_wconf 82' lang='lat' dir='ltr'><strong>exdiptores</strong></span> <span class='ocrx_word' id='word_1_985' title='bbox 2042 3049 2074 3081; x_wconf 85' lang='lat' dir='ltr'><em>T</em></span> <span class='ocrx_word' id='word_1_986' title='bbox 2100 3049 2162 3082; x_wconf 88' lang='lat' dir='ltr'><strong>hoc</strong></span> <span class='ocrx_word' id='word_1_987' title='bbox 2185 3047 2324 3082; x_wconf 85' lang='lat' dir='ltr'><strong>lectores</strong></span> <span class='ocrx_word' id='word_1_988' title='bbox 2346 3061 2378 3092; x_wconf 83' lang='lat' dir='ltr'><strong>v,</strong></span> 
     </span>
     <span class='ocr_line' id='line_1_113' title="bbox 1300 3091 2378 3136; baseline 0.006 -14"><span class='ocrx_word' id='word_1_989' title='bbox 1300 3093 1467 3124; x_wconf 79' lang='lat' dir='ltr'><strong>exactores</strong></span> <span class='ocrx_word' id='word_1_990' title='bbox 1482 3103 1507 3124; x_wconf 78' lang='grc' dir='ltr'><strong><em>ε.</em></strong></span> <span class='ocrx_word' id='word_1_991' title='bbox 1520 3103 1552 3123; x_wconf 87' lang='lat' dir='ltr'><strong>v.</strong></span> <span class='ocrx_word' id='word_1_992' title='bbox 1565 3094 1671 3124; x_wconf 77' lang='lat' dir='ltr'><strong>adscr.</strong></span> <span class='ocrx_word' id='word_1_993' title='bbox 1691 3091 1739 3124; x_wconf 80' lang='lat'><strong>1⁷³</strong></span> <span class='ocrx_word' id='word_1_994' title='bbox 1756 3092 1768 3133; x_wconf 95' lang='grc' dir='ltr'><strong>ΙΙ</strong></span> <span class='ocrx_word' id='word_1_995' title='bbox 1785 3091 1852 3124; x_wconf 79' lang='lat' dir='ltr'><strong>sint</strong></span> <span class='ocrx_word' id='word_1_996' title='bbox 1873 3092 1904 3124; x_wconf 90' lang='lat' dir='ltr'><em>V</em></span> <span class='ocrx_word' id='word_1_997' title='bbox 1915 3092 1928 3135; x_wconf 89' lang='grc' dir='ltr'><strong>ΙΙ</strong></span> <span class='ocrx_word' id='word_1_998' title='bbox 1946 3092 2101 3126; x_wconf 85' lang='lat' dir='ltr'><strong>habuerit</strong></span> <span class='ocrx_word' id='word_1_999' title='bbox 2122 3095 2140 3126; x_wconf 85' lang='lat' dir='ltr'><em>b</em></span> <span class='ocrx_word' id='word_1_1000' title='bbox 2151 3106 2172 3125; x_wconf 87' lang='grc' dir='ltr'><strong><em>υ</em></strong></span> <span class='ocrx_word' id='word_1_1001' title='bbox 2190 3094 2203 3136; x_wconf 93' lang='grc' dir='ltr'><strong>ΙΙ</strong></span> <span class='ocrx_word' id='word_1_1002' title='bbox 2221 3096 2259 3128; x_wconf 92' lang='grc'><strong>11</strong></span> <span class='ocrx_word' id='word_1_1003' title='bbox 2279 3094 2378 3127; x_wconf 88' lang='lat' dir='ltr'><strong>habe-</strong></span> 
     </span>
     <span class='ocr_line' id='line_1_114' title="bbox 1299 3134 2378 3181; baseline 0.006 -14"><span class='ocrx_word' id='word_1_1004' title='bbox 1299 3146 1370 3168; x_wconf 85' lang='lat' dir='ltr'><strong>mus</strong></span> <span class='ocrx_word' id='word_1_1005' title='bbox 1395 3137 1412 3168; x_wconf 85' lang='lat' dir='ltr'><em>b</em></span> <span class='ocrx_word' id='word_1_1006' title='bbox 1425 3148 1445 3167; x_wconf 89' lang='grc' dir='ltr'><strong>υ</strong></span> <span class='ocrx_word' id='word_1_1007' title='bbox 1462 3134 1475 3178; x_wconf 90' lang='grc' dir='ltr'><strong>ΙΙ</strong></span> <span class='ocrx_word' id='word_1_1008' title='bbox 1491 3135 1634 3168; x_wconf 85' lang='lat' dir='ltr'><strong>iudicem</strong></span> <span class='ocrx_word' id='word_1_1009' title='bbox 1653 3136 1685 3167; x_wconf 91' lang='lat' dir='ltr'><strong><em>V</em></strong></span> <span class='ocrx_word' id='word_1_1010' title='bbox 1699 3135 1711 3180; x_wconf 82' lang='lat' dir='ltr'>ss</span> <span class='ocrx_word' id='word_1_1011' title='bbox 1738 3137 1778 3170; x_wconf 87' lang='lat'><strong>12</strong></span> <span class='ocrx_word' id='word_1_1012' title='bbox 1799 3146 1911 3169; x_wconf 90' lang='lat' dir='ltr'><strong>omnes</strong></span> <span class='ocrx_word' id='word_1_1013' title='bbox 1936 3139 1986 3170; x_wconf 84' lang='lat' dir='ltr'><strong>bv</strong></span> <span class='ocrx_word' id='word_1_1014' title='bbox 2003 3137 2016 3180; x_wconf 84' lang='grc' dir='ltr'><strong>ΙΙ</strong></span> <span class='ocrx_word' id='word_1_1015' title='bbox 2033 3139 2066 3170; x_wconf 89' lang='lat' dir='ltr'><strong>et</strong></span> <span class='ocrx_word' id='word_1_1016' title='bbox 2089 3150 2148 3172; x_wconf 81' lang='grc' dir='ltr'><strong><em>οηι.</em></strong></span> <span class='ocrx_word' id='word_1_1017' title='bbox 2161 3140 2211 3171; x_wconf 84' lang='lat' dir='ltr'><strong>bv</strong></span> <span class='ocrx_word' id='word_1_1018' title='bbox 2227 3139 2239 3181; x_wconf 88' lang='grc' dir='ltr'><strong>ΙΙ</strong></span> <span class='ocrx_word' id='word_1_1019' title='bbox 2261 3141 2301 3173; x_wconf 89' lang='grc'><strong>13</strong></span> <span class='ocrx_word' id='word_1_1020' title='bbox 2325 3139 2378 3173; x_wconf 85' lang='lat' dir='ltr'><strong>in-</strong></span> 
     </span>
     <span class='ocr_line' id='line_1_115' title="bbox 1298 3181 2378 3229; baseline 0.004 -16"><span class='ocrx_word' id='word_1_1021' title='bbox 1298 3181 1522 3223; x_wconf 87' lang='lat' dir='ltr'><strong>pedimentum</strong></span> <span class='ocrx_word' id='word_1_1022' title='bbox 1546 3182 1565 3211; x_wconf 85' lang='lat' dir='ltr'><em>b</em></span> <span class='ocrx_word' id='word_1_1023' title='bbox 1588 3181 1600 3224; x_wconf 87' lang='grc' dir='ltr'><strong>ΙΙ</strong></span> <span class='ocrx_word' id='word_1_1024' title='bbox 1628 3182 1668 3215; x_wconf 81' lang='grc'><strong>14</strong></span> <span class='ocrx_word' id='word_1_1025' title='bbox 1693 3181 1751 3222; x_wconf 87' lang='lat' dir='ltr'><strong>qui</strong></span> <span class='ocrx_word' id='word_1_1026' title='bbox 1772 3181 1804 3214; x_wconf 92' lang='lat' dir='ltr'><strong><em>V</em></strong></span> <span class='ocrx_word' id='word_1_1027' title='bbox 1822 3191 1904 3223; x_wconf 88' lang='lat' dir='ltr'><strong>quos</strong></span> <span class='ocrx_word' id='word_1_1028' title='bbox 1927 3195 1948 3214; x_wconf 93' lang='grc' dir='ltr'>υ</span> <span class='ocrx_word' id='word_1_1029' title='bbox 1969 3181 1982 3227; x_wconf 85' lang='grc' dir='ltr'><strong>ΙΙ</strong></span> <span class='ocrx_word' id='word_1_1030' title='bbox 2006 3184 2096 3215; x_wconf 87' lang='lat' dir='ltr'><strong>mota</strong></span> <span class='ocrx_word' id='word_1_1031' title='bbox 2118 3185 2135 3216; x_wconf 83' lang='lat' dir='ltr'><em>b</em></span> <span class='ocrx_word' id='word_1_1032' title='bbox 2165 3186 2269 3217; x_wconf 83' lang='lat' dir='ltr'><strong>morte</strong></span> <span class='ocrx_word' id='word_1_1033' title='bbox 2294 3184 2342 3217; x_wconf 79' lang='lat' dir='ltr'><strong>R·</strong></span> <span class='ocrx_word' id='word_1_1034' title='bbox 2366 3184 2378 3229; x_wconf 86' lang='grc' dir='ltr'><strong>[Ι</strong></span> 
     </span>
     <span class='ocr_line' id='line_1_116' title="bbox 1303 3226 2378 3271; baseline 0.003 -12"><span class='ocrx_word' id='word_1_1035' title='bbox 1303 3229 1341 3260; x_wconf 85' lang='grc'><strong>15</strong></span> <span class='ocrx_word' id='word_1_1036' title='bbox 1367 3235 1479 3258; x_wconf 83' lang='lat' dir='ltr'><strong>causas</strong></span> <span class='ocrx_word' id='word_1_1037' title='bbox 1503 3227 1566 3266; x_wconf 84' lang='grc' dir='ltr'><strong>ὁυ]</strong></span> <span class='ocrx_word' id='word_1_1038' title='bbox 1598 3236 1696 3258; x_wconf 87' lang='lat' dir='ltr'><strong>cause</strong></span> <span class='ocrx_word' id='word_1_1039' title='bbox 1719 3226 1918 3270; x_wconf 77' lang='lat' dir='ltr'><strong>RVTvulq.</strong></span> <span class='ocrx_word' id='word_1_1040' title='bbox 1943 3226 2005 3270; x_wconf 76' lang='lat' dir='ltr'><strong>flet</strong></span> <span class='ocrx_word' id='word_1_1041' title='bbox 2029 3240 2088 3261; x_wconf 83' lang='lat' dir='ltr'><strong>om.</strong></span> <span class='ocrx_word' id='word_1_1042' title='bbox 2106 3230 2124 3261; x_wconf 87' lang='lat' dir='ltr'><strong><em>b</em></strong></span> <span class='ocrx_word' id='word_1_1043' title='bbox 2147 3228 2160 3271; x_wconf 90' lang='grc' dir='ltr'><strong>ΙΙ</strong></span> <span class='ocrx_word' id='word_1_1044' title='bbox 2188 3230 2227 3262; x_wconf 88' lang='grc'><strong>16</strong></span> <span class='ocrx_word' id='word_1_1045' title='bbox 2251 3229 2378 3263; x_wconf 86' lang='lat' dir='ltr'><strong>iudices</strong></span> 
     </span>
     <span class='ocr_line' id='line_1_117' title="bbox 1303 3270 2377 3316; baseline 0.004 -13"><span class='ocrx_word' id='word_1_1046' title='bbox 1303 3272 1345 3303; x_wconf 66' lang='grc' dir='ltr'><strong>Ιέ1</strong></span> <span class='ocrx_word' id='word_1_1047' title='bbox 1364 3270 1376 3313; x_wconf 90' lang='grc' dir='ltr'><strong>ΙΙ</strong></span> <span class='ocrx_word' id='word_1_1048' title='bbox 1398 3271 1434 3304; x_wconf 80' lang='grc'><strong>17</strong></span> <span class='ocrx_word' id='word_1_1049' title='bbox 1461 3271 1541 3303; x_wconf 81' lang='lat' dir='ltr'><strong>haec</strong></span> <span class='ocrx_word' id='word_1_1050' title='bbox 1564 3283 1585 3304; x_wconf 87' lang='grc' dir='ltr'><strong>ν</strong></span> <span class='ocrx_word' id='word_1_1051' title='bbox 1600 3272 1613 3313; x_wconf 85' lang='grc' dir='ltr'><strong>ΙΙ</strong></span> <span class='ocrx_word' id='word_1_1052' title='bbox 1631 3271 1788 3303; x_wconf 81' lang='lat' dir='ltr'><strong>discutiat</strong></span> <span class='ocrx_word' id='word_1_1053' title='bbox 1813 3274 1829 3304; x_wconf 86' lang='lat' dir='ltr'><em>b</em></span> <span class='ocrx_word' id='word_1_1054' title='bbox 1843 3284 1863 3303; x_wconf 92' lang='grc' dir='ltr'><strong><em>υ</em></strong></span> <span class='ocrx_word' id='word_1_1055' title='bbox 1879 3272 1892 3315; x_wconf 86' lang='grc' dir='ltr'><strong>ΙΙ</strong></span> <span class='ocrx_word' id='word_1_1056' title='bbox 1909 3272 2007 3306; x_wconf 88' lang='lat' dir='ltr'><strong>finem</strong></span> <span class='ocrx_word' id='word_1_1057' title='bbox 2025 3273 2078 3313; x_wconf 64' lang='lat' dir='ltr'><strong>&gt;eis</strong></span> <span class='ocrx_word' id='word_1_1058' title='bbox 2100 3273 2250 3316; x_wconf 80' lang='lat' dir='ltr'><strong>imponat</strong></span> <span class='ocrx_word' id='word_1_1059' title='bbox 2273 3287 2294 3307; x_wconf 89' lang='lat' dir='ltr'><em>v</em></span> <span class='ocrx_word' id='word_1_1060' title='bbox 2329 3275 2377 3308; x_wconf 84' lang='lat' dir='ltr'><strong>eis</strong></span> 
     </span>
     <span class='ocr_line' id='line_1_118' title="bbox 1299 3316 2378 3362; baseline 0.006 -14"><span class='ocrx_word' id='word_1_1061' title='bbox 1299 3317 1464 3358; x_wconf 79' lang='lat' dir='ltr'><strong>inponant</strong></span> <span class='ocrx_word' id='word_1_1062' title='bbox 1485 3316 1583 3348; x_wconf 87' lang='lat' dir='ltr'><strong>finem</strong></span> <span class='ocrx_word' id='word_1_1063' title='bbox 1599 3316 1630 3349; x_wconf 89' lang='lat' dir='ltr'><strong><em>V</em></strong></span> <span class='ocrx_word' id='word_1_1064' title='bbox 1643 3316 1655 3359; x_wconf 94' lang='grc' dir='ltr'><strong>ΙΙ</strong></span> <span class='ocrx_word' id='word_1_1065' title='bbox 1676 3318 1716 3350; x_wconf 87' lang='grc'><strong>18</strong></span> <span class='ocrx_word' id='word_1_1066' title='bbox 1736 3316 1827 3357; x_wconf 79' lang='lat' dir='ltr'><strong>haee]</strong></span> <span class='ocrx_word' id='word_1_1067' title='bbox 1852 3319 1963 3355; x_wconf 82' lang='lat' dir='ltr'><strong>autem</strong></span> <span class='ocrx_word' id='word_1_1068' title='bbox 1980 3318 2057 3352; x_wconf 83' lang='lat' dir='ltr'><strong>add.</strong></span> <span class='ocrx_word' id='word_1_1069' title='bbox 2072 3318 2106 3352; x_wconf 87' lang='grc' dir='ltr'><em>Τ</em></span> <span class='ocrx_word' id='word_1_1070' title='bbox 2112 3320 2195 3361; x_wconf 69' lang='lat' dir='ltr'><strong>vulo.</strong></span> <span class='ocrx_word' id='word_1_1071' title='bbox 2214 3319 2226 3362; x_wconf 95' lang='grc' dir='ltr'><strong>ΙΙ</strong></span> <span class='ocrx_word' id='word_1_1072' title='bbox 2248 3321 2286 3354; x_wconf 85' lang='grc'><strong>19</strong></span> <span class='ocrx_word' id='word_1_1073' title='bbox 2301 3330 2378 3354; x_wconf 86' lang='lat' dir='ltr'><strong>mox</strong></span> 
     </span>
     <span class='ocr_line' id='line_1_119' title="bbox 1299 3361 2376 3407; baseline 0.006 -15"><span class='ocrx_word' id='word_1_1074' title='bbox 1299 3361 1386 3402; x_wconf 89' lang='lat' dir='ltr'><strong>quod</strong></span> <span class='ocrx_word' id='word_1_1075' title='bbox 1400 3361 1488 3401; x_wconf 63' lang='lat'><strong>[2¹22]</strong></span> <span class='ocrx_word' id='word_1_1076' title='bbox 1514 3371 1588 3393; x_wconf 91' lang='lat' dir='ltr'><strong>mox</strong></span> <span class='ocrx_word' id='word_1_1077' title='bbox 1612 3361 1746 3402; x_wconf 87' lang='lat' dir='ltr'><strong>quidem</strong></span> <span class='ocrx_word' id='word_1_1078' title='bbox 1766 3375 1786 3394; x_wconf 90' lang='lat' dir='ltr'><em>v</em></span> <span class='ocrx_word' id='word_1_1079' title='bbox 1809 3372 1884 3394; x_wconf 87' lang='lat' dir='ltr'><strong>mox</strong></span> <span class='ocrx_word' id='word_1_1080' title='bbox 1905 3362 1964 3404; x_wconf 90' lang='lat' dir='ltr'><strong>qui</strong></span> <span class='ocrx_word' id='word_1_1081' title='bbox 1984 3361 2033 3396; x_wconf 67' lang='grc' dir='ltr'><strong>Ιί2</strong></span> <span class='ocrx_word' id='word_1_1082' title='bbox 2042 3363 2104 3396; x_wconf 90' lang='lat' dir='ltr'><strong>VT</strong></span> <span class='ocrx_word' id='word_1_1083' title='bbox 2117 3362 2130 3407; x_wconf 84' lang='grc' dir='ltr'><strong>ΙΙ</strong></span> <span class='ocrx_word' id='word_1_1084' title='bbox 2146 3364 2299 3406; x_wconf 89' lang='lat' dir='ltr'><strong>cingulos</strong></span> <span class='ocrx_word' id='word_1_1085' title='bbox 2324 3368 2342 3399; x_wconf 87' lang='lat' dir='ltr'><strong><em>b</em></strong></span> <span class='ocrx_word' id='word_1_1086' title='bbox 2365 3366 2376 3407; x_wconf 91' lang='grc' dir='ltr'><strong>ΙΙ</strong></span> 
     </span>
     <span class='ocr_line' id='line_1_120' title="bbox 1299 3406 2369 3451; baseline 0.005 -13"><span class='ocrx_word' id='word_1_1087' title='bbox 1299 3409 1335 3439; x_wconf 89' lang='grc'><strong>21</strong></span> <span class='ocrx_word' id='word_1_1088' title='bbox 1356 3406 1597 3448; x_wconf 80' lang='lat' dir='ltr'><strong>praefectorum</strong></span> <span class='ocrx_word' id='word_1_1089' title='bbox 1617 3419 1637 3438; x_wconf 88' lang='grc' dir='ltr'><strong><em>υ</em></strong></span> <span class='ocrx_word' id='word_1_1090' title='bbox 1661 3407 1843 3448; x_wconf 79' lang='lat' dir='ltr'><strong>perfectum</strong></span> <span class='ocrx_word' id='word_1_1091' title='bbox 1860 3410 1908 3439; x_wconf 88' lang='lat' dir='ltr'><strong>est</strong></span> <span class='ocrx_word' id='word_1_1092' title='bbox 1926 3408 1957 3440; x_wconf 93' lang='lat' dir='ltr'><em>T</em></span> <span class='ocrx_word' id='word_1_1093' title='bbox 1964 3407 1976 3428; x_wconf 85' lang='lat'><strong>¹</strong></span> <span class='ocrx_word' id='word_1_1094' title='bbox 1994 3407 2006 3451; x_wconf 89' lang='grc' dir='ltr'><strong>ΙΙ</strong></span> <span class='ocrx_word' id='word_1_1095' title='bbox 2023 3411 2133 3450; x_wconf 85' lang='lat' dir='ltr'><strong>quam]</strong></span> <span class='ocrx_word' id='word_1_1096' title='bbox 2155 3419 2252 3450; x_wconf 86' lang='lat' dir='ltr'><strong>quam</strong></span> <span class='ocrx_word' id='word_1_1097' title='bbox 2269 3411 2305 3443; x_wconf 88' lang='lat' dir='ltr'><strong>in</strong></span> <span class='ocrx_word' id='word_1_1098' title='bbox 2321 3423 2342 3443; x_wconf 90' lang='lat' dir='ltr'><strong><em>v</em></strong></span> <span class='ocrx_word' id='word_1_1099' title='bbox 2364 3410 2369 3451; x_wconf 98' lang='grc' dir='ltr'><strong><em>Ι</em></strong></span> 
     </span>
     <span class='ocr_line' id='line_1_121' title="bbox 1298 3451 2369 3500; baseline 0.004 -16"><span class='ocrx_word' id='word_1_1100' title='bbox 1298 3451 1478 3484; x_wconf 80' lang='lat' dir='ltr'><strong>lesionibus</strong></span> <span class='ocrx_word' id='word_1_1101' title='bbox 1497 3463 1518 3483; x_wconf 89' lang='lat' dir='ltr'><em>v</em></span> <span class='ocrx_word' id='word_1_1102' title='bbox 1534 3451 1545 3494; x_wconf 91' lang='grc' dir='ltr'><strong>ΙΙ</strong></span> <span class='ocrx_word' id='word_1_1103' title='bbox 1564 3452 1691 3483; x_wconf 86' lang='lat' dir='ltr'><strong>comitis</strong></span> <span class='ocrx_word' id='word_1_1104' title='bbox 1710 3454 1726 3483; x_wconf 84' lang='lat' dir='ltr'><em>b</em></span> <span class='ocrx_word' id='word_1_1105' title='bbox 1753 3452 1898 3484; x_wconf 87' lang='lat' dir='ltr'><strong>commiti</strong></span> <span class='ocrx_word' id='word_1_1106' title='bbox 1920 3453 1983 3486; x_wconf 88' lang='lat' dir='ltr'><strong>VT</strong></span> <span class='ocrx_word' id='word_1_1107' title='bbox 1995 3453 2007 3496; x_wconf 92' lang='grc' dir='ltr'><strong>ΙΙ</strong></span> <span class='ocrx_word' id='word_1_1108' title='bbox 2025 3454 2066 3487; x_wconf 92' lang='grc'><strong>22</strong></span> <span class='ocrx_word' id='word_1_1109' title='bbox 2087 3453 2294 3496; x_wconf 82' lang='lat' dir='ltr'><strong>priuatorum</strong></span> <span class='ocrx_word' id='word_1_1110' title='bbox 2314 3456 2346 3489; x_wconf 84' lang='lat' dir='ltr'><em>T</em></span> <span class='ocrx_word' id='word_1_1111' title='bbox 2364 3455 2369 3500; x_wconf 87' lang='grc' dir='ltr'><strong><em>Ι</em></strong></span> 
     </span>
     <span class='ocr_line' id='line_1_122' title="bbox 1299 3495 2375 3542; baseline 0.006 -14"><span class='ocrx_word' id='word_1_1112' title='bbox 1299 3496 1414 3529; x_wconf 88' lang='lat' dir='ltr'><strong>unicui</strong></span> <span class='ocrx_word' id='word_1_1113' title='bbox 1439 3497 1471 3529; x_wconf 91' lang='lat' dir='ltr'><em>T</em></span> <span class='ocrx_word' id='word_1_1114' title='bbox 1479 3495 1490 3516; x_wconf 92' lang='lat'><strong>¹</strong></span> <span class='ocrx_word' id='word_1_1115' title='bbox 1506 3496 1518 3538; x_wconf 84' lang='grc' dir='ltr'><strong>ΙΙ</strong></span> <span class='ocrx_word' id='word_1_1116' title='bbox 1536 3499 1725 3538; x_wconf 79' lang='lat' dir='ltr'><strong>praetorum</strong></span> <span class='ocrx_word' id='word_1_1117' title='bbox 1747 3510 1767 3529; x_wconf 83' lang='grc' dir='ltr'><strong>ν</strong></span> <span class='ocrx_word' id='word_1_1118' title='bbox 1785 3497 1798 3538; x_wconf 94' lang='grc' dir='ltr'><strong>ΙΙ</strong></span> <span class='ocrx_word' id='word_1_1119' title='bbox 1823 3498 1864 3530; x_wconf 88' lang='grc'><strong>23</strong></span> <span class='ocrx_word' id='word_1_1120' title='bbox 1889 3496 2085 3539; x_wconf 85' lang='lat' dir='ltr'><strong>dignitatem</strong></span> <span class='ocrx_word' id='word_1_1121' title='bbox 2110 3501 2128 3531; x_wconf 85' lang='lat' dir='ltr'><em>b</em></span> <span class='ocrx_word' id='word_1_1122' title='bbox 2146 3500 2158 3542; x_wconf 88' lang='grc' dir='ltr'><strong>ΙΙ</strong></span> <span class='ocrx_word' id='word_1_1123' title='bbox 2177 3501 2219 3533; x_wconf 83' lang='grc'><strong>24</strong></span> <span class='ocrx_word' id='word_1_1124' title='bbox 2243 3501 2291 3533; x_wconf 84' lang='lat' dir='ltr'><strong>ita</strong></span> <span class='ocrx_word' id='word_1_1125' title='bbox 2315 3514 2375 3535; x_wconf 87' lang='lat' dir='ltr'><strong>om.</strong></span> 
     </span>
     <span class='ocr_line' id='line_1_123' title="bbox 1300 3541 2375 3590; baseline 0.006 -16"><span class='ocrx_word' id='word_1_1126' title='bbox 1300 3542 1331 3574; x_wconf 89' lang='lat' dir='ltr'><em>T</em></span> <span class='ocrx_word' id='word_1_1127' title='bbox 1339 3541 1349 3561; x_wconf 90' lang='lat'>¹</span> <span class='ocrx_word' id='word_1_1128' title='bbox 1371 3541 1383 3584; x_wconf 91' lang='grc' dir='ltr'><strong>ΙΙ</strong></span> <span class='ocrx_word' id='word_1_1129' title='bbox 1407 3542 1448 3575; x_wconf 87' lang='grc'><strong>25</strong></span> <span class='ocrx_word' id='word_1_1130' title='bbox 1469 3541 1594 3574; x_wconf 79' lang='lat' dir='ltr'><strong>offitias</strong></span> <span class='ocrx_word' id='word_1_1131' title='bbox 1619 3545 1636 3574; x_wconf 85' lang='lat' dir='ltr'><strong><em>b</em></strong></span> <span class='ocrx_word' id='word_1_1132' title='bbox 1660 3542 1672 3585; x_wconf 90' lang='grc' dir='ltr'><strong>ΙΙ</strong></span> <span class='ocrx_word' id='word_1_1133' title='bbox 1698 3542 1875 3585; x_wconf 83' lang='lat' dir='ltr'><strong>praedictis</strong></span> <span class='ocrx_word' id='word_1_1134' title='bbox 1898 3543 1996 3576; x_wconf 83' lang='lat' dir='ltr'><strong>dictis</strong></span> <span class='ocrx_word' id='word_1_1135' title='bbox 2021 3543 2241 3585; x_wconf 82' lang='lat' dir='ltr'><strong>dignitatibus</strong></span> <span class='ocrx_word' id='word_1_1136' title='bbox 2267 3548 2285 3579; x_wconf 84' lang='lat' dir='ltr'><strong><em>b</em></strong></span> <span class='ocrx_word' id='word_1_1137' title='bbox 2302 3545 2315 3590; x_wconf 90' lang='grc' dir='ltr'><strong>ΙΙ</strong></span> <span class='ocrx_word' id='word_1_1138' title='bbox 2332 3547 2375 3580; x_wconf 83' lang='grc'><strong>26</strong></span> 
     </span>
     <span class='ocr_line' id='line_1_124' title="bbox 1296 3586 2375 3634; baseline 0.006 -15"><span class='ocrx_word' id='word_1_1139' title='bbox 1296 3586 1480 3629; x_wconf 83' lang='lat' dir='ltr'><strong>prouinciis</strong></span> <span class='ocrx_word' id='word_1_1140' title='bbox 1491 3605 1534 3611; x_wconf 90' lang='lat'><strong>—</strong></span> <span class='ocrx_word' id='word_1_1141' title='bbox 1548 3588 1591 3620; x_wconf 85' lang='lat'><strong>29</strong></span> <span class='ocrx_word' id='word_1_1142' title='bbox 1603 3588 1807 3620; x_wconf 81' lang='lat' dir='ltr'><strong>exactionem</strong></span> <span class='ocrx_word' id='word_1_1143' title='bbox 1830 3600 1893 3621; x_wconf 72' lang='lat' dir='ltr'><strong>scr.</strong></span> <span class='ocrx_word' id='word_1_1144' title='bbox 1904 3588 1956 3621; x_wconf 69' lang='lat'><strong>12²</strong></span> <span class='ocrx_word' id='word_1_1145' title='bbox 1974 3590 2007 3622; x_wconf 83' lang='lat' dir='ltr'><strong>in</strong></span> <span class='ocrx_word' id='word_1_1146' title='bbox 2025 3602 2088 3622; x_wconf 76' lang='lat' dir='ltr'><strong>ras.</strong></span> <span class='ocrx_word' id='word_1_1147' title='bbox 2105 3590 2124 3623; x_wconf 89' lang='grc'><strong>2</strong></span> <span class='ocrx_word' id='word_1_1148' title='bbox 2145 3602 2197 3623; x_wconf 86' lang='lat' dir='ltr'><strong>vv.</strong></span> <span class='ocrx_word' id='word_1_1149' title='bbox 2221 3590 2234 3634; x_wconf 93' lang='grc' dir='ltr'><strong>ΙΙ</strong></span> <span class='ocrx_word' id='word_1_1150' title='bbox 2262 3590 2375 3634; x_wconf 78' lang='lat' dir='ltr'><strong>digni-</strong></span> 
     </span>
     <span class='ocr_line' id='line_1_125' title="bbox 1297 3630 2375 3679; baseline 0.006 -15"><span class='ocrx_word' id='word_1_1151' title='bbox 1297 3632 1421 3665; x_wconf 83' lang='lat' dir='ltr'><strong>tatibus</strong></span> <span class='ocrx_word' id='word_1_1152' title='bbox 1445 3630 1524 3675; x_wconf 83' lang='grc' dir='ltr'><strong><em>ὁυΙΙ</em></strong></span> <span class='ocrx_word' id='word_1_1153' title='bbox 1543 3634 1583 3665; x_wconf 82' lang='grc'><strong>27</strong></span> <span class='ocrx_word' id='word_1_1154' title='bbox 1609 3643 1666 3674; x_wconf 85' lang='lat' dir='ltr'><strong>per</strong></span> <span class='ocrx_word' id='word_1_1155' title='bbox 1686 3633 1716 3665; x_wconf 87' lang='lat' dir='ltr'><em>T</em></span> <span class='ocrx_word' id='word_1_1156' title='bbox 1724 3633 1734 3653; x_wconf 87' lang='lat'>¹</span> <span class='ocrx_word' id='word_1_1157' title='bbox 1752 3632 1765 3675; x_wconf 87' lang='grc' dir='ltr'><strong>ΙΙ</strong></span> <span class='ocrx_word' id='word_1_1158' title='bbox 1781 3632 1978 3666; x_wconf 85' lang='lat' dir='ltr'><strong>ficiscalibus</strong></span> <span class='ocrx_word' id='word_1_1159' title='bbox 2003 3634 2035 3667; x_wconf 89' lang='lat' dir='ltr'><em>T</em></span> <span class='ocrx_word' id='word_1_1160' title='bbox 2049 3633 2062 3678; x_wconf 89' lang='grc' dir='ltr'><strong>ΙΙ</strong></span> <span class='ocrx_word' id='word_1_1161' title='bbox 2077 3638 2195 3677; x_wconf 90' lang='lat' dir='ltr'><strong>neque]</strong></span> <span class='ocrx_word' id='word_1_1162' title='bbox 2219 3635 2247 3668; x_wconf 84' lang='lat' dir='ltr'><strong>si</strong></span> <span class='ocrx_word' id='word_1_1163' title='bbox 2268 3646 2375 3679; x_wconf 85' lang='lat' dir='ltr'><strong>neque</strong></span> 
     </span>
     <span class='ocr_line' id='line_1_126' title="bbox 1300 3676 2374 3726; baseline 0.005 -15"><span class='ocrx_word' id='word_1_1164' title='bbox 1300 3677 1350 3711; x_wconf 71' lang='grc' dir='ltr'><strong>Τ1</strong></span> <span class='ocrx_word' id='word_1_1165' title='bbox 1374 3677 1387 3721; x_wconf 92' lang='grc' dir='ltr'><strong>ΙΙ</strong></span> <span class='ocrx_word' id='word_1_1166' title='bbox 1409 3678 1453 3711; x_wconf 84' lang='grc'><strong>28</strong></span> <span class='ocrx_word' id='word_1_1167' title='bbox 1479 3676 1603 3710; x_wconf 83' lang='lat' dir='ltr'><strong>iudices</strong></span> <span class='ocrx_word' id='word_1_1168' title='bbox 1628 3678 1661 3711; x_wconf 85' lang='lat' dir='ltr'><strong><em>R</em></strong></span> <span class='ocrx_word' id='word_1_1169' title='bbox 1687 3678 1700 3721; x_wconf 92' lang='grc' dir='ltr'><strong>ΙΙ</strong></span> <span class='ocrx_word' id='word_1_1170' title='bbox 1726 3679 1768 3712; x_wconf 84' lang='grc'><strong>29</strong></span> <span class='ocrx_word' id='word_1_1171' title='bbox 1793 3678 2004 3712; x_wconf 86' lang='lat' dir='ltr'><strong>exactionum</strong></span> <span class='ocrx_word' id='word_1_1172' title='bbox 2028 3679 2046 3709; x_wconf 85' lang='lat' dir='ltr'><strong><em>b</em></strong></span> <span class='ocrx_word' id='word_1_1173' title='bbox 2065 3680 2077 3723; x_wconf 86' lang='grc' dir='ltr'><strong>ΙΙ</strong></span> <span class='ocrx_word' id='word_1_1174' title='bbox 2100 3680 2225 3714; x_wconf 81' lang='lat' dir='ltr'><strong>faciant</strong></span> <span class='ocrx_word' id='word_1_1175' title='bbox 2246 3694 2269 3715; x_wconf 85' lang='lat' dir='ltr'><strong><em>v</em></strong></span> <span class='ocrx_word' id='word_1_1176' title='bbox 2293 3682 2306 3726; x_wconf 86' lang='grc' dir='ltr'><strong>ΙΙ</strong></span> <span class='ocrx_word' id='word_1_1177' title='bbox 2331 3684 2374 3716; x_wconf 86' lang='grc'><strong>33</strong></span> 
     </span>
     <span class='ocr_line' id='line_1_127' title="bbox 1298 3723 2061 3768; baseline 0.004 -13"><span class='ocrx_word' id='word_1_1178' title='bbox 1298 3723 1377 3756; x_wconf 82' lang='lat' dir='ltr'><strong>haec</strong></span> <span class='ocrx_word' id='word_1_1179' title='bbox 1399 3735 1421 3755; x_wconf 86' lang='lat' dir='ltr'><strong><em>v</em></strong></span> <span class='ocrx_word' id='word_1_1180' title='bbox 1439 3723 1451 3767; x_wconf 87' lang='grc' dir='ltr'><strong>ΙΙ</strong></span> <span class='ocrx_word' id='word_1_1181' title='bbox 1467 3723 1567 3764; x_wconf 90' lang='lat' dir='ltr'><strong>quod]</strong></span> <span class='ocrx_word' id='word_1_1182' title='bbox 1592 3723 1723 3765; x_wconf 84' lang='lat' dir='ltr'><strong>quidem</strong></span> <span class='ocrx_word' id='word_1_1183' title='bbox 1749 3723 1797 3756; x_wconf 69' lang='lat'><strong>13¹</strong></span> <span class='ocrx_word' id='word_1_1184' title='bbox 1813 3723 1826 3768; x_wconf 87' lang='grc' dir='ltr'><strong>ΙΙ</strong></span> <span class='ocrx_word' id='word_1_1185' title='bbox 1850 3725 1893 3758; x_wconf 83' lang='grc'><strong>34</strong></span> <span class='ocrx_word' id='word_1_1186' title='bbox 1917 3726 2018 3767; x_wconf 83' lang='lat' dir='ltr'><strong>agant</strong></span> <span class='ocrx_word' id='word_1_1187' title='bbox 2040 3737 2061 3757; x_wconf 89' lang='lat' dir='ltr'><em>v</em></span> 
     </span>
    </p>
   </div>
  </div>
 </body>
</html>
