2618 4010
108 137 168 176 mii
196 141 333 176 Akme

103 242 265 290 φάβριξι,
289 243 369 279 τοὺς
385 241 426 278 δὲ
442 245 480 289 ἐρ
505 244 696 288 αζομένους
715 241 762 277 τὰ
780 238 876 279 ὅπλα
899 242 1026 288 μηδενὶ
1050 241 1183 291 πιπρά-

101 301 201 323 σκειν
230 286 369 336 ἰδιώτῃ.
423 256 505 322 ἀλλχ
531 286 616 323 οὐδὲ
639 288 720 322 τοὺς
749 289 791 323 ἐν
813 293 886 324 τοῖς
909 288 1080 337 ἀριθμοῖς
1102 301 1183 339 συγ-

102 333 402 381 καταλεγομόνους
425 332 663 376 ὁπλοποιούς,
695 330 755 369 οὓς
777 337 837 368 καὶ
862 332 1099 370 δεπουτάτους
1120 348 1182 368 κα-

102 378 219 421 λοῦσι,
244 379 325 414 τοὺς
344 378 443 427 παρὰ
462 380 525 413 τοῦ
549 376 720 423 δημοσίου
750 382 1001 425 κομιζομένους
1028 379 1183 424 σιτήσεις

103 426 353 481 συγχωροῦμεν
368 423 587 471 ἐργάζεσθαι
603 423 626 467 ἤ
641 438 715 459 τινι
732 426 949 472 πιπράσκειν
966 422 1075 469 ὅπλα,
1093 423 1183 459 ἀλλὰ

100 483 218 514 μονον
233 468 471 514 ἐπιμέλεσθαι
490 471 569 504 τῶν
584 466 711 504 ὅπλων
734 472 814 505 τῶν
837 472 1077 516 στρατιωτῶν
1105 471 1183 505 τῶν

101 517 142 548 έν
164 517 237 549 τοῖς
260 512 430 561 ἀριθμοῖς
454 514 752 562 καταλεγομένων
776 517 816 550 ἐν
835 515 885 551 οἷς
908 512 1182 564 στρατεύονται·

101 561 131 594 εἰ
167 557 210 594 δέ
240 573 278 594 τι
313 563 397 594 νέον
432 561 757 604 κατασκευάσουσι,
795 562 904 596 τοῦτο
940 562 1182 608 ἀφαιρεῖσθαι

101 602 190 652 παρ’
217 602 342 640 αὐτῶν
364 609 425 639 καὶ
449 607 489 639 ἐν
511 607 565 649 τῷ
594 607 690 650 θείῳ
724 603 830 651 ἡμῶν
861 607 1089 663 εἰςφεζρεσθαι
1119 605 1181 652 ἆρ-

1182 122 1263 177 415

1849 130 1957 175 NOV.
1983 128 2189 174 LXXXV
2224 133 2330 173 1-3

1254 246 1313 278 tur
1338 242 1561 287 fabricensii3
1592 251 1653 278 eos
1673 244 1792 278 autem
1817 243 1875 288 qui
1902 244 2098 288 operantur
2123 251 2224 277 arma
2242 240 2333 277 nulli

1253 288 1404 324 vendere
1427 289 1578 343 privato.
1628 287 1699 323 Sed
1723 298 1837 333 neque
1869 288 1929 333 qui
1960 288 1998 323 in
2018 287 2174 323 numeris
2204 286 2332 322 statuti

1252 337 1335 370 sunt
1356 333 1632 376 armificatores,
1665 343 1755 378 quos
1783 334 1890 368 etiam
1920 333 2112 379 deputatos
2135 332 2330 378 appellant,

1252 379 1313 425 qui
1337 379 1381 415 de
1405 379 1493 415 fisco
1517 388 1682 415 annonas
1706 379 1899 423 accipiunt,
1929 378 2164 424 permittimus
2189 377 2330 423 operari

1220 429 1239 461 5
1252 428 1316 461 aut
1338 424 1447 460 alicui
1467 424 1622 461 vendere
1642 433 1760 466 arma,
1793 424 1855 459 sed
1878 424 1993 460 solum
2024 422 2242 468 diligentiam
2264 423 2329 458 ha-

1251 471 1335 506 bere
1358 480 1538 505 armorum
1561 469 1690 505 milites
1712 469 1750 504 in
1772 470 1926 505 numeris
1951 468 2165 505 constitutos
2193 468 2231 503 in
2275 467 2328 503 ui-

1251 516 1319 552 bus
1350 516 1524 559 militant3
1571 515 1601 550 si
1631 524 1714 551 vero
1745 525 1875 550 novum
1906 514 2040 559 aliquid
2070 513 2226 554 faciunt,
2286 523 2330 549 oc

1251 560 1385 597 auferri
1408 561 1454 596 ab
1478 560 1529 595 eis
1560 563 1598 595 et
1619 560 1657 595 in
1681 570 1785 595 sacro
1816 563 1940 595 nostro
1963 558 2090 594 inferri
2111 560 2328 594 armamento

1250 606 1476 643 adiciendum
1498 604 1548 640 ibi
1570 605 1739 650 repositis
1763 604 1917 650 publicis
1942 604 2062 639 armis.

99 653 271 694 μαμέντῳ
304 650 646 704 π’ροςτεθησόμενον
681 655 754 686 τοῖς
789 654 901 687 ἐκεῖσε
935 654 1182 696 αποκειμένοις
1197 655 1238 686 10

102 693 284 739 δημοσίοις
307 695 441 731 οπλοις.

1099 774 1256 810 CAPUT
1282 774 1328 809 Π.

145 828 250 864 Αὐτὸ
277 829 317 864 δὲ
339 833 448 866 τοῦτο
471 830 669 878 φυλάττειν
700 828 912 876 βουλόμεθα
943 834 1003 865 καὶ
1032 830 1115 865 τοὺς
1143 832 1184 865 έν

99 878 173 910 τοῖς
201 875 361 923 τάγμασι
392 879 469 911 τῶν
498 877 803 924 βαλλιστραρίων,
838 874 899 911 οὓς
929 876 1023 911 κατὰ
1054 874 1182 922 διαφό-

101 933 181 976 ρους
204 919 510 967 συνεστησάμεθα
534 920 673 964 πόλεις,
705 920 880 963 τάξαντες
909 923 950 956 ἐν
973 919 1094 956 αὐτοῖς
1122 924 1182 955 καὶ

1296 830 1375 865 Hoc
1399 830 1517 864 autem
1542 829 1733 865 observare
1755 828 1922 864 volumus
1940 829 1983 864 et
2007 838 2068 864 eos
2092 827 2153 873 qui
2175 827 2212 862 in
2236 826 2331 862 ordi-

1251 875 1356 911 nibus
1387 874 1650 910 balistariorum
1675 876 1775 917 sunt,
1807 883 1897 918 quos
1927 883 1992 918 per
2015 874 2173 909 diversas
2203 872 2331 908 statui-

1251 931 1329 956 mus
1355 919 1532 963 civitates,
1565 920 1773 956 ordinantes
1798 929 1859 955 eos
1890 923 1927 954 et
1949 929 2051 954 arma
2074 919 2193 953 facere
2217 918 2331 954 scien-

101 978 183 1000 τους
213 964 310 1002 ὅπλα
341 968 621 1010 κατασκευάζειν
651 965 809 1002 εἰδότας·
845 963 934 1001 ὦςτε
964 970 1024 1001 καὶ
1051 963 1182 1001 αὖτοὺς
1198 970 1237 1002 15
1250 969 1322 1009 tes,
1359 969 1400 1000 ut
1430 968 1467 1000 et
1500 965 1570 1010 ipsi
1606 965 1684 1000 8018.
1717 965 1863 1010 publica
1898 975 1998 1000 arma
2031 966 2070 1001 in
2101 962 2332 999 armamentis

101 1011 198 1055 μόνα
228 1012 275 1047 τὰ
301 1010 460 1057 δημόσια
492 1009 589 1048 ὅπλα
620 1015 667 1047 τὰ
690 1014 732 1046 ἐν
754 1015 832 1047 ταῖς
854 1010 1041 1056 δημοσίαις
1072 1010 1181 1047 ὁπλο-

102 1057 234 1100 θήκαις
268 1055 420 1102 ἑκάστης
451 1055 591 1094 πόλεως
623 1055 843 1101 ἀποκείμενα
875 1058 1112 1103 ἐπανορθοῦν
1141 1070 1182 1092 τε

102 1106 161 1135 καὶ
189 1103 378 1138 άνανεοῦν.
427 1104 457 1137 εἰ
482 1102 521 1138 δὲ
551 1107 614 1137 καί
642 1117 677 1138 τι
708 1106 793 1138 νέον
823 1099 940 1139 ὅπλον
965 1102 1183 1137 κατασκευά-

103 1159 215 1190 σουσι,
238 1150 349 1183 τοῦτο
372 1147 505 1192 ὁμοίως
528 1151 588 1183 καὶ
613 1145 715 1182 αὐτοὶ
739 1149 787 1182 εἰς
809 1148 878 1192 τὴν
899 1150 977 1183 τῶν
999 1146 1185 1192 δημοσίων

103 1190 232 1228 ὅπλων
255 1197 515 1240 παρεχέτωσαν
539 1191 711 1240 φυλακήν,
735 1197 796 1228 καὶ
811 1192 940 1239 μηδενὶ
962 1194 1075 1241 ἑτέρῳ
1092 1206 1184 1229 παν·
1199 1195 1241 1228 20

102 1238 212 1274 τελῶς
235 1243 553 1285 πιπρασκέτωσαν.

1250 1011 1405 1056 publicis
1436 1011 1718 1055 uniuscuiusque
1751 1010 1903 1046 civitatis
1931 1009 2118 1045 recondita
2152 1009 2333 1053 corrigant

1250 1060 1360 1101 atque
1382 1059 1561 1091 renovent.
1612 1056 1650 1091 Si
1680 1055 1742 1102 qui
1771 1065 1855 1091 vero
1887 1066 2019 1092 novum
2049 1054 2184 1100 aliquid
2215 1064 2332 1090 armo-

1252 1113 1330 1137 rum
1352 1101 1598 1143 instruxerint,
1632 1102 1701 1136 hoc
1725 1101 1888 1137 similiter
1916 1105 1954 1137 et
1975 1100 2047 1146 ipsi
2069 1100 2164 1135 inter
2187 1099 2334 1145 publica

1253 1157 1353 1183 arma
1371 1150 1557 1193 praestent
1579 1150 1617 1182 et
1639 1147 1726 1182 nulli
1750 1147 1854 1182 alteri
1877 1146 2022 1192 penitus
2042 1146 2210 1182 vendant.

1081 1317 1240 1354 CAPUT
1269 1317 1334 1354 111.

155 1373 265 1407 Τοῦτο
290 1371 330 1407 δὲ
352 1371 673 1421 παραφυλάξουσιν
691 1374 728 1409 οἱ
751 1376 791 1409 έν
806 1377 879 1408 τοῖς
894 1373 1184 1420 βαλλιστραρίοις

103 1416 384 1464 καταλεγόμενοι
417 1417 577 1463 κινδύνῳ
608 1421 685 1454 τῶν
716 1423 888 1465 πατέρων
917 1421 995 1454 τῶν
1026 1418 1184 1462 πόλεων,

103 1460 168 1519 ὑφ’
194 1461 254 1497 οὓς
279 1461 409 1499 αὐτούς
435 1478 475 1500 τε
498 1465 580 1500 τοὺς
630 1464 898 1512 αλλιστραρίους
922 1464 1101 1510 ἐτάξαμεν
1123 1468 1184 1500 καὶ

1298 1373 1378 1409 Hoc
1402 1383 1545 1419 quoque
1566 1372 1773 1409 custodiant
1804 1373 1865 1419 qui
1886 1372 1924 1408 in
1948 1371 2144 1408 balistariis
2171 1371 2336 1417 deputati

1254 1421 1340 1455 sunt
1362 1419 1522 1464 periculo
1546 1420 1690 1464 patrum
1715 1418 1913 1462 civitatum,
1937 1418 2005 1454 sub
2025 1418 2155 1463 quibus
2178 1420 2216 1453 et
2234 1418 2334 1463 ipsos

1253 1464 1461 1501 balistarios
1487 1464 1679 1500 statuimus
1711 1467 1748 1500 et
1777 1464 2003 1509 publicorum
2032 1465 2335 1499 armamentorum

102 1522 171 1552 την
205 1510 282 1543 τῶν
317 1507 503 1565 ᾇημοσίων
537 1509 589 1545 «in
635 1510 764 1564 &nuniz
806 1508 1015 1555 ἐπιμέλειάν
1048 1524 1089 1546 τε
1123 1514 1184 1545 καὶ
1198 1513 1240 1546 25
1254 1510 1471 1563 diligentiam
1503 1512 1612 1554 atque
1636 1509 1833 1545 custodiam
1858 1509 2124 1545 constituimus:
2157 1511 2334 1553 quatenus

104 1553 366 1599 παραφυλακην
397 1554 679 1612 κατεστήσαμεν.
732 1567 821 1591 ωςτε
852 1556 888 1589 εἴ
910 1567 1007 1591 τινες
1037 1559 1184 1602 φανεῖεν

103 1598 125 1642 ἢ
148 1596 365 1634 ὃεπουτάτοι
398 1599 419 1644 ἢ
448 1605 681 1648 φαβρικησιοι
716 1599 1044 1646 ὃιαπιπράσκοντες
1075 1599 1184 1644 ὅπλα,

103 1641 368 1693 προνοήσουσιν
392 1646 532 1681 οἱκατὰ
557 1646 675 1681 τόπον
699 1645 868 1693 ἄρχοντες
890 1651 1081 1693 τιμωρίαις
1103 1647 1185 1682 τοὺς

102 1689 284 1724 τοιούτους
314 1688 547 1735 ὑποβάλλειν,
579 1692 669 1738 πρὸς
700 1694 754 1747 τῷ
787 1696 847 1726 καὶ
877 1691 924 1727 τοὶ
953 1689 1051 1727 ὅπλα
1084 1693 1184 1739 παρὰ

102 1736 178 1770 τῶν
194 1736 312 1770 ταῦτα
333 1733 552 1782 ὠνουμένων
575 1751 791 1782 τιμημάτων
814 1740 921 1792 ,χωρὶς
941 1735 1183 1784 ἀφαιρεῖσθαι
1196 1740 1239 1774 30

104 1783 162 1814 καὶ
194 1779 419 1815 ἐκδικεῖσθαι
453 1784 506 1826 τῷ
540 1781 711 1827 δημοσίῳ.
759 1796 899 1827 ταυτην
932 1787 1057 1818 τοίνυν
1092 1784 1191 1830 παρὰ

49 1866 51 1868 ¹
103 1827 167 1860 τοῦ
189 1824 498 1874 διακυβερνιῆντος
521 1826 614 1873 ἡμᾶς
638 1828 730 1863 θεοῦ
752 1827 928 1873 λαβόντες
950 1829 1020 1873 τὴν
1044 1830 1191 1864 ἔννοιαν

1254 1556 1285 1592 si
1308 1567 1370 1601 qui
1400 1555 1466 1590 visi
1488 1554 1622 1591 fuerint
1654 1558 1718 1590 aut
1741 1555 1904 1601 deputati
1934 1558 1999 1590 aut
2019 1554 2227 1608 fabricensii
2250 1564 2334 1589 ven-

1255 1601 1377 1654 dentes
1401 1611 1519 1644 arma,
1551 1601 1764 1653 provideant
1794 1610 1860 1646 per
1889 1600 1971 1637 loca
1993 1600 2150 1654 iudlces·
2163 1610 2223 1635 eos
2248 1610 2333 1644 sup-

1252 1646 1917 1773 {istst⁵2233‘3r3551’32f222ffl22
1937 1646 2333 1744 ’ξαξίῗεὲῗιῄίῗιῑὲἓὲἶ

1289 1748 1357 1774 ane
1389 1737 1498 1783 igitur
1530 1737 1755 1782 gubernante
1791 1747 1857 1772 nos
1889 1736 1956 1773 deo
1990 1737 2240 1782 cogitatmnem
2270 1745 2336 1782 per

159 1931 189 1950 υ.
205 1919 248 1951 24
273 1925 490 1961 aryumentum
515 1932 554 1953 ex
577 1914 793 1963 Ath.'repeeit
817 1921 872 1953 lib.
897 1923 980 1964 περὶ
1003 1917 1196 1967 διαφόρων
1220 1916 1529 1965 ἀναγνωσμάτων
1553 1919 1576 1963 ξ
1592 1920 1632 1953 21
1655 1931 1690 1962 p.
1707 1920 1771 1952 198
1793 1918 1985 1952 Heimbaclz.

105 2017 199 2052 quae
221 2006 392 2042 dicuntur
415 2007 639 2052 referuntur,
664 2008 730 2054 qui
750 2018 834 2043 vero
859 2019 963 2043 arma
983 2008 1230 2053 fabricantur,
1254 2018 1299 2042 ne
1320 2018 1365 2042 ea
1388 2006 1455 2042 ulli
1475 2006 1622 2053 privato
1646 2006 1814 2043 vendant.
1861 2005 1937 2042 Sed
1953 2017 2000 2043 ne
2019 2018 2083 2043 eos
2106 2006 2248 2053 quidem
2273 2007 2336 2054 qui

105 2054 144 2087 in
167 2052 325 2087 numeris
355 2063 430 2087 una
458 2056 691 2087 recensentur
720 2064 902 2088 armorum
934 2053 1103 2098 artifices,
1133 2063 1226 2099 quos
1257 2052 1366 2088 etiam
1398 2052 1594 2098 deputatos
1623 2055 1774 2094 vocant,
1807 2053 1873 2098 qui
1894 2063 1917 2087 a
1938 2052 2027 2097 fisco
2052 2063 2219 2088 annonas
2242 2053 2335 2088 acci-

102 2098 229 2142 piunt,
254 2097 498 2143 permittimus
529 2107 632 2131 arma
658 2097 841 2143 fabricari
871 2098 928 2133 vel
957 2098 1125 2144 cuiquam
1156 2097 1320 2139 vendere,
1351 2097 1418 2132 sed
1449 2097 1697 2132 tantummodo
1728 2108 1859 2132 curare
1889 2109 1992 2133 arma
2021 2098 2172 2133 militum
2204 2098 2267 2144 qui
2296 2098 2336 2133 in

106 2142 264 2177 numeris
286 2145 517 2177 recensentur
547 2142 586 2176 in
609 2142 738 2187 quibus
766 2143 839 2189 ipsi
862 2142 1039 2183 militant,·
1073 2144 1105 2178 si
1128 2142 1217 2188 quid
1247 2152 1332 2178 vero
1363 2143 1450 2178 novi
1478 2142 1724 2187 confecerint,
1760 2141 1829 2178 hoc
1857 2142 1903 2178 ab
1934 2143 1980 2178 iis
2010 2143 2207 2189 auferatur
2236 2147 2274 2179 et
2297 2143 2336 2179 in

107 2198 251 2222 sacrum
271 2192 432 2221 nostrum
457 2188 774 2222 armamentarium
798 2187 983 2232 inferatur
1007 2189 1119 2222 armis
1137 2187 1296 2233 publicis
1319 2187 1368 2222 ibi
1391 2187 1562 2232 repositis
1585 2187 1826 2222 adiciendum.

211 2274 215 2278 ι
242 2231 287 2266 II.
339 2231 418 2266 Hoc
440 2231 559 2277 ipsum
583 2236 701 2267 autem
725 2243 787 2267 eos
810 2243 954 2278 quoque
977 2234 1040 2278 qui
1064 2233 1101 2266 in
1126 2231 1313 2266 ordinibus
1336 2231 1640 2267 ballistrariorum
1663 2236 1751 2267 sunt
1773 2232 1965 2268 observare
1987 2233 2163 2276 volumus,
2186 2244 2279 2280 quos
2296 2233 2336 2269 in

109 2277 263 2312 diversis
285 2275 433 2312 urbibus
456 2276 720 2318 constituimus,
752 2288 825 2323 quo
850 2278 888 2312 in
911 2277 1038 2312 ordine
1067 2277 1177 2312 etiam
1201 2286 1386 2312 armorum
1416 2276 1720 2321 fabricandorum
1737 2277 1882 2323 peritos
1903 2277 2168 2323 disposuimus:
2201 2283 2242 2314 ut
2263 2278 2336 2325 ipsi

109 2333 251 2368 quoque
273 2321 353 2357 sola
370 2321 522 2368 publica
544 2332 648 2356 arma
670 2322 709 2356 in
729 2321 888 2368 publicis
911 2322 1084 2367 citiusque
1106 2321 1206 2368 urbis
1229 2321 1521 2356 armamentariis
1543 2322 1705 2367 reposita
1729 2326 1903 2368 reparent
1922 2327 1955 2357 et
1975 2327 2157 2359 renovent.
2199 2322 2337 2366 Quodsi

109 2367 209 2414 quod
236 2377 367 2403 novum
398 2377 583 2401 armorum
614 2377 728 2412 qenus
758 2366 1004 2411 confecerint,
1039 2367 1080 2401 id
1108 2366 1275 2401 similiter
1303 2365 1377 2412 ipsi
1405 2376 1550 2411 quoque
1584 2366 1623 2400 in
1647 2366 1882 2413 publicorum
1917 2378 2102 2403 armorum
2133 2368 2335 2404 custodiam

111 2412 270 2454 tradant,
294 2422 381 2448 neve
403 2411 468 2446 ulli
491 2411 636 2446 omnino
662 2411 726 2446 alii
750 2411 916 2447 vendant.

243 2457 307 2492 111.
362 2456 445 2492 Hoc
468 2461 587 2492 autem
611 2456 851 2492 observabunt
880 2457 908 2491 ii
939 2458 1003 2503 qui
1033 2458 1129 2492 inter
1153 2455 1401 2491 ballistrarios
1423 2461 1656 2491 recensentur
1677 2456 1841 2502 periculo
1863 2461 2013 2503 patrum
2037 2458 2239 2501 civitatum,
2269 2458 2335 2494 sub

108 2503 238 2549 quibus
254 2506 289 2538 et
303 2502 405 2549 ipsos
421 2502 664 2538 ballistran'os
689 2501 935 2537 ordinavimus
957 2506 991 2537 et
1009 2502 1241 2549 publicorum
1263 2501 1628 2536 armamentariorum
1652 2511 1778 2536 curam
1798 2506 1834 2537 et
1849 2501 2051 2537 custodiam
2072 2504 2333 2539 constituimus.

110 2548 241 2594 Itaque
270 2549 306 2583 si
327 2547 391 2593 qui
410 2547 483 2582 sint
513 2546 567 2583 vel
589 2546 758 2599 deputati
786 2547 842 2583 vet
861 2547 1087 2593 fabricenses
1118 2547 1181 2593 qui
1204 2545 1362 2581 vendant
1384 2556 1504 2588 arma,
1536 2546 1773 2592 maqistratus
1804 2547 1870 2592 qui
1898 2546 1950 2582 ibi
1979 2551 2065 2583 sunt
2095 2559 2245 2595 operam
2269 2548 2333 2584 da-

109 2595 215 2635 bunt,
248 2597 290 2628 ut
312 2592 518 2628 huiusmodi
539 2591 699 2628 hommes
720 2592 851 2639 poenis
871 2593 1062 2635 subiciant,
1090 2595 1350 2639 praeterquam
1373 2590 1474 2639 quod
1496 2601 1599 2626 arma
1623 2592 1668 2627 ab
1692 2592 1739 2626 iis
1761 2592 1827 2637 qui
1844 2603 1888 2628 ea
1908 2596 2085 2635 emerunt,
2115 2593 2193 2629 sine
2210 2595 2335 2641 pretio

109 2639 327 2684 auferentur
349 2643 384 2673 et
403 2638 493 2683 fisco
517 2637 808 2675 vindicabuntur.
856 2637 940 2673 Hoc
962 2638 1076 2684 iqitur
1107 2636 1257 2674 consilio
1282 2647 1306 2670 a
1329 2635 1396 2671 deo
1430 2638 1494 2682 qui
1526 2647 1594 2672 nos
1623 2636 1801 2682 qubernat
1832 2641 1979 2684 accepto
2009 2649 2079 2685 per
2107 2643 2335 2685 praesentem

154 2731 174 2763 2
197 2726 278 2762 τοὺς
292 2729 498 2769 Haloander]
515 2730 588 2762 τοῖς
604 2728 688 2761 LB⁸
712 2728 725 2772 11
751 2726 1115 2774 συγκαταλεγομένους
1129 2729 1190 2769 La]

109 2771 470 2820 συγκαταλεγομένοις
495 2772 554 2815 12⁶,
588 2771 882 2819 καταλεγομένοις
908 2775 956 2807 B⁸
985 2775 997 2817 11
1033 2775 1052 2808 3
1084 2771 1190 2808 ὁπλο-

110 2817 232 2853 ποιοὺς
247 2815 305 2852 οὓς
322 2820 392 2861 Me]
417 2814 475 2852 οὓς
499 2814 714 2853 ὁπλοποιοὺς
739 2820 821 2852 LB⁸
837 2819 849 2863 11
867 2816 1081 2855 ὃιποτάτους
1101 2818 1190 2852 MB⁸

110 2862 348 2899 ὃαιποτάτους
360 2865 391 2897 L
407 2866 419 2906 11
438 2866 458 2898 6
470 2863 598 2907 μόνων
611 2865 652 2903 L,
666 2877 696 2896 v.
711 2865 731 2897 l.
750 2865 796 2897 Βει
824 2864 837 2906 11
851 2864 975 2897 milites
991 2866 1026 2896 in
1042 2865 1191 2897 numeris

110 2911 309 2943 constitutos
333 2908 380 2954 ς11
405 2909 682 2954 στρατιωτικῶν
707 2910 737 2942 L
760 2910 772 2952 11
798 2909 876 2942 τῶν
901 2922 958 2943 om.
972 2910 1015 2950 L,
1035 2923 1064 2942 υ.
1079 2910 1098 2942 l.
1115 2910 1163 2942 Βε
1178 2908 1189 2950 11

112 2957 153 2989 13
170 2954 355 3009 πράγμασι
372 2955 403 2988 L
419 2954 432 2998 11
449 2952 722 3000 βαλιστραρίων
738 2955 769 2987 L
789 2952 1058 2998 βαλλισταρίων
1073 2956 1158 2998 vuly.

114 3003 155 3035 14
171 3000 211 3032 ἐν
227 3001 345 3032 αυτοῖς
360 2999 415 3040 M]
441 3001 480 3031 ἐν
501 2999 637 3032 ἑαυτοῖς
650 3001 681 3032 L
707 3010 761 3032 eos
779 3011 798 3036 ς
816 2999 828 3044 11
847 3002 886 3034 17
901 2997 1120 3042 ὑποκείμενα
1136 3001 1167 3033 L

114 3046 154 3079 18
179 3040 252 3077 εἰδὲ
274 3047 352 3085 καί]
376 3045 405 3078 si
429 3044 488 3086 qui
509 3055 586 3076 vero
607 3057 626 3080 ς
643 3044 656 3087 11
675 3046 715 3079 19
740 3045 788 3078 εἰς
801 3065 842 3069 —
857 3047 899 3078 20
913 3043 1083 3088 φυλακήν]
1102 3046 1190 3077 inter

111 3089 246 3133 publiea
269 3099 360 3121 arma
379 3091 548 3131 praestent
573 3102 592 3125 ς
608 3089 620 3133 11
647 3090 689 3123 22
710 3087 986 3134 βαλλισταριόις,
1012 3092 1055 3124 24
1067 3088 1190 3132 βαλλι-

112 3137 275 3178 σταρίους
290 3135 376 3177 vulq.
401 3131 683 3179 (βαλλιστράριοι
707 3137 800 3168 etiam
820 3136 907 3176 Am,
941 3133 1189 3180 βαλλιστάριοι

115 3181 249 3220 Τῆεοά.,
262 3179 341 3219 Iul.)
358 3178 373 3222 11
390 3179 431 3211 26
445 3177 706 3224 παραφυλακὴν
719 3181 776 3221 Μ]
789 3178 949 3223 φυλακὴν
961 3181 992 3212 L
1010 3179 1023 3224 11
1039 3179 1075 3213 εἴ
1084 3182 1189 3221 τινες]

112 3225 150 3258 οἵ
169 3234 263 3258 τινες
288 3223 362 3267 L²H
389 3225 429 3257 27
455 3220 645 3257 ὃιποτάτοι
670 3225 715 3257 Μ
743 3221 934 3258 ὃιπότατοι
958 3226 990 3258 L
1017 3226 1029 3268 fl
1060 3228 1189 3270 φαβρι-

111 3266 228 3312 κήσιοι
252 3270 458 3310 Haloander]
495 3271 718 3315 φαβρικίσιοι
743 3270 787 3303 Μ
817 3272 1078 3315 φραβικίνσιοι,
1108 3284 1134 3303 s.
1158 3284 1186 3304 v,

112 3312 305 3349 ὁπλοποιοὶ
322 3314 353 3347 L
370 3314 632 3359 (φαβρικησίοις
647 3315 736 3356 Am,
761 3316 1011 3359 φαβρικένσιοι
1026 3316 1161 3358 Theoti.)
1179 3315 1190 3360 11

114 3362 156 3395 28
175 3359 256 3393 τοὺς
275 3357 467 3401 τοιούτους]
491 3370 545 3392 eos
568 3371 588 3395 ς
602 3360 614 3402 11
641 3360 679 3392 31
708 3360 824 3393 ταῦτα
848 3360 927 3403 Lssu
952 3359 1051 3406 παρὰ
1074 3360 1137 3394 τοῦ
1161 3370 1190 3395 et

114 3406 155 3439 32
177 3402 351 3449 λαβόντες
374 3418 432 3438 om.
446 3415 466 3441 ς
494 3404 506 3447 fl
533 3405 575 3438 32
599 3404 843 3449 κυβερνῶντος
867 3406 898 3438 L

1259 2736 1426 2759 armorum
1444 2725 1566 2759 habere
1588 2740 1627 2760 υτ
1643 2725 1656 2771 11
1673 2728 1694 2760 6
1718 2727 1865 2760 numeris
1886 2727 1946 2769 V³J
1968 2738 2107 2762 numero
2124 2729 2236 2763 RTvz
2265 2741 2332 2764 nu*

1268 2772 1315 2804 V²
1332 2771 1344 2814 11
1364 2773 1382 2804 7
1399 2770 1566 2804 militatur
1582 2772 1632 2805 R¹
1648 2772 1660 2816 11
1679 2773 1760 2805 haee
1783 2785 1804 2805 v
1820 2772 1832 2816 11
1851 2774 1870 2807 8
1895 2773 2019 2806 inferre
2037 2786 2077 2806 vz
2102 2774 2229 2808 auferri
2249 2777 2302 2809 Ta
2324 2777 2337 2820 11

1258 2818 1408 2849 armante
1423 2817 1469 2859 (in
1482 2817 1562 2857 ras.)
1583 2817 1617 2850 V
1631 2818 1812 2851 armatorio
1828 2818 1862 2850 R
1885 2817 1897 2859 11
1925 2820 1944 2852 9
1969 2818 2190 2852 addicendum
2205 2820 2254 2854 12¹
2278 2821 2334 2854 ad-

1259 2861 1449 2894 diciendum
1470 2860 1522 2894 122
1549 2861 1562 2904 11
1593 2862 1651 2894 ubi
1674 2862 1746 2895 ΕΤ
1774 2862 1787 2907 11
1816 2864 1857 2897 12
1881 2863 1956 2896 Ηοο
1979 2865 2080 2909 ναῖς]
2118 2865 2173 2897 hie
2204 2867 2336 2900 RVTz

1258 2907 1313 2939 Sic
1331 2919 1352 2939 υ
1370 2905 1383 2950 11
1399 2908 1458 2938 aut
1472 2919 1490 2939 z
1503 2906 1518 2950 11
1532 2907 1719 2949 observare]
1741 2908 1803 2940 hoc
1819 2919 1951 2942 seruare
1972 2908 2030 2953 VH
2050 2912 2090 2944 13
2103 2909 2336 2944 balistatorum

1259 2953 1327 2986 ΕΤ
1346 2951 1610 2985 balistratorium
1631 2953 1681 2986 1⁷¹
1717 2952 1964 2986 balistratorum
1994 2954 2045 2987 V³
2078 2954 2275 2989 balistorum
2299 2970 2336 2990 υτ

1257 2996 1521 3030 ballistariorum
1535 2998 1621 3042 vulf.
1640 2997 1654 3042 11
1669 3007 1753 3039 quos
1769 3011 1827 3031 om.
1844 2999 1900 3043 Vn
1916 3000 2063 3033 diuersas
2073 3010 2133 3043 per
2147 3014 2165 3034 z
2179 3000 2193 3046 11
2214 3003 2256 3036 14
2269 3004 2334 3043 eos]

1257 3043 1346 3075 inter
1370 3052 1425 3075 eos
1446 3042 1541 3075 Beck
1558 3041 1571 3086 11
1598 3044 1639 3076 15
1663 3045 1702 3075 ut
1726 3045 1770 3085 et]
1796 3046 1829 3075 et
1852 3056 1909 3078 om.
1929 3044 1984 3077 Rv
2001 3044 2014 3088 11
2038 3046 2111 3088 ipsa
2133 3058 2154 3079 υ
2170 3046 2184 3089 11
2207 3047 2335 3090 publici

1257 3098 1348 3121 arma
1359 3100 1380 3120 υ
1397 3098 1467 3130 cap.
1480 3097 1573 3120 arma
1584 3100 1602 3119 2
1617 3098 1708 3120 arma
1719 3088 1854 3131 publica
1868 3089 1900 3121 T
1910 3088 1921 3133 11
1933 3091 2091 3124 armentis
2102 3090 2153 3136 Vfl
2169 3092 2210 3125 16
2222 3092 2335 3134 publi-

1257 3144 1311 3166 cos
1330 3146 1348 3166 z
1368 3132 1380 3176 11
1405 3133 1652 3174 unuseuiusque
1677 3133 1726 3165 R¹
1751 3133 1763 3176 11
1788 3133 1970 3166 recondant
1993 3135 2042 3167 R¹
2067 3138 2079 3180 11
2104 3137 2248 3178 corrigat
2269 3150 2290 3170 υ
2320 3136 2335 3181 11

1260 3181 1298 3212 17
1313 3181 1485 3210 remouent
1497 3177 1590 3210 R¹vz
1606 3177 1619 3221 11
1636 3188 1758 3210 novum
1773 3179 1879 3219 Beck]
1896 3189 2002 3212 unum
2019 3180 2115 3214 VTvz
2130 3186 2191 3214 nui
2202 3183 2259 3224 (=
2271 3192 2335 3215 nu-

1257 3223 1353 3266 meri)
1367 3224 1398 3256 R
1417 3222 1429 3267 11
1448 3224 1488 3256 18
1504 3223 1701 3256 instruxerit
1721 3223 1808 3264 libri,
1826 3236 1908 3257 corr.
1922 3225 2007 3268 vulq.
2028 3225 2040 3268 11
2056 3227 2129 3267 hoe]
2153 3227 2214 3259 hos
2228 3227 2279 3260 R¹
2302 3228 2336 3260 et

1257 3270 1337 3301 haee
1351 3269 1384 3302 T
1396 3267 1409 3312 11
1427 3270 1459 3300 et
1482 3267 1547 3309 ipsi
1562 3269 1665 3308 Beck]
1690 3270 1723 3301 et
1745 3268 1827 3310 ipsis
1850 3268 1964 3312 RTvz,
1981 3282 2039 3305 om.
2058 3270 2113 3314 1711
2134 3273 2176 3305 19
2186 3272 2335 3304 uendent-

1264 3313 1322 3358 Vss
1340 3314 1382 3347 22
1396 3314 1535 3355 quisque
1551 3327 1567 3346 z
1584 3312 1598 3356 11
1614 3313 1683 3355 qui]
1706 3314 1795 3355 quod
1809 3326 1829 3347 v
1845 3313 1859 3357 11
1875 3313 2073 3347 balistrariis
2093 3315 2127 3348 V
2139 3316 2336 3350 ballistariis

1256 3360 1344 3403 vuly.
1364 3358 1376 3402 11
1404 3360 1446 3392 23
1472 3359 1551 3391 sunt
1575 3358 1725 3400 deputati
1747 3371 1786 3391 ve
1801 3357 1813 3403 11
1837 3369 1936 3402 super
1959 3359 1993 3392 R
2016 3358 2029 3403 11
2056 3360 2188 3403 quibus]
2211 3361 2333 3397 eiuita-

1256 3405 1328 3438 tum
1353 3404 1474 3445 quibus
1496 3403 1548 3436 Ra
1577 3402 1590 3447 11
1618 3404 1661 3436 24
1684 3403 1891 3437 balistrarios
1922 3404 1956 3438 V
1983 3404 2186 3439 balistarios
2209 3408 2298 3452 vulq-
2320 3407 2335 3451 Ι

1256 3449 1479 3492 publicorum]
1505 3450 1579 3491 post
1600 3459 1781 3491 paucorum
1799 3463 1818 3482 z
1840 3449 1854 3493 11
1878 3459 2045 3483 armorum
2071 3451 2104 3483 T
2123 3451 2136 3494 11
2159 3453 2201 3486 25
2226 3454 2339 3486 eustos

1257 3495 1345 3527 diam
1365 3507 1423 3527 om.
1438 3507 1456 3527 v
1480 3494 1493 3537 11
1523 3494 1565 3527 26
1583 3493 1666 3526 iussi
1685 3494 1736 3527 Rz
1759 3495 1813 3527 nsi
1836 3507 1857 3527 υ
1886 3493 1898 3538 11
1926 3494 2077 3536 deputati
2096 3499 2175 3530 sunt
2195 3500 2258 3530 aut
2271 3497 2304 3531 17
2319 3497 2335 3542 11

1257 3541 1317 3574 aut
1330 3552 1391 3573 om.
1405 3551 1423 3571 z
1441 3539 1453 3582 11
1478 3539 1669 3572 fabricentii
1689 3539 1777 3581 libri,
1802 3552 1883 3573 corr.
1897 3540 1999 3583 vul9.;
2024 3539 2223 3576 fabrioenses
2239 3543 2335 3577 Beck

1258 3586 1315 3629 (cf.
1329 3586 1375 3618 ad
1386 3597 1416 3617 υ.
1426 3587 1453 3627 1)
1466 3584 1477 3627 11
1490 3586 1531 3618 27
1545 3594 1637 3616 arma
1652 3597 1710 3618 om.
1729 3585 1763 3618 V
1773 3584 1785 3628 11
1801 3584 1977 3627 prouideat
1993 3599 2011 3618 z
2026 3585 2038 3628 11
2058 3586 2100 3620 28
2120 3589 2152 3621 et
2167 3588 2303 3631 insuper
2316 3601 2335 3622 z

1258 3633 1291 3664 et
1313 3630 1448 3672 insuper
1472 3631 1505 3662 et
1525 3642 1547 3662 v
1562 3628 1575 3673 11
1594 3630 1640 3662 eis
1665 3629 1723 3673 Τ11
1739 3632 1950 3672 comparatur
1973 3644 1990 3663 z
2005 3629 2019 3675 11
2046 3632 2089 3665 29
2111 3633 2235 3666 auserit
2255 3636 2290 3666 at
2309 3643 2337 3673 a

1257 3674 1392 3719 publico
1404 3689 1421 3708 z
1437 3674 1450 3718 11
1468 3675 1509 3709 30
1523 3674 1748 3718 gubernantes
1761 3674 1830 3708 RT
1835 3675 1884 3709 1⁷³
1899 3674 2139 3718 gubernantem
2151 3691 2172 3711 v
2189 3677 2202 3723 11
2212 3678 2332 3721 ¹magni·

1257 3720 1383 3754 tionem
1405 3733 1427 3754 υ
1929 3742 1932 3748 ·
2122 3746 2124 3749 .
2156 3754 2157 3761 ,

161 3497 176 3528 1
192 3494 382 3527 fabricemii
395 3495 497 3538 vulo]
515 3494 707 3527 fabrioentii
720 3495 802 3527 RTz
818 3493 1018 3528 fabricennii
1035 3495 1070 3527 V
1083 3495 1188 3532 fabri-

116 3540 202 3572 eonii
220 3552 250 3581 v,
274 3539 474 3574 fabricemea
494 3540 598 3579 Beck,
624 3552 707 3582 quae
721 3541 835 3583 forma
859 3542 892 3573 in
908 3552 996 3583 seqq.
1020 3542 1191 3583 respondet

115 3596 231 3627 yraeeo
244 3583 414 3631 φάβρικες
423 3586 515 3627 (416,
526 3593 551 3619 4.
560 3592 604 3619 ιο.
614 3593 656 3618 15.
668 3592 713 3619 37.
732 3587 809 3626 417,
821 3592 866 3619 24.
884 3586 1120 3625 418,2.12.17);
1133 3587 1193 3619 sed

116 3630 159 3672 cf.
174 3641 201 3662 υ.
213 3636 247 3663 26
265 3629 278 3673 11
301 3633 411 3663 autem
427 3643 515 3664 onan
527 3629 543 3673 11
562 3640 651 3663 arma
668 3629 767 3671 nulli]
789 3632 918 3663 anna-nt
933 3629 961 3662 li
981 3630 1030 3663 Β*
1054 3630 1191 3676 ιε1ιι1111

115 3686 137 3706 v
155 3672 204 3717 112
225 3674 264 3706 in
288 3687 345 3708 om.
361 3676 393 3709 T
406 3675 418 3719 11
434 3676 579 3709 muneris
593 3676 624 3708 R
651 3688 734 3706 un
758 3676 808 3709 V¹
826 3675 873 3717 113
890 3675 1116 3710 firmiani-,ores
1139 3675 1157 3710 'z
1180 3677 1190 3719 11

118 3720 209 3761 quos]
234 3721 282 3752 set
304 3733 321 3753 z
345 3720 358 3759 11
386 3723 405 3755 5
430 3724 488 3754 aut
511 3721 632 3765 οηι.υ11
660 3720 763 3754 alieni
786 3734 807 3754 v
826 3720 842 3766 11
873 3720 1049 3763 diligentia
1073 3721 1106 3755 T
1114 3721 1155 3755 ¹v
1178 3721 1190 3766 11
