2586 3990
249 146 352 188 Nov.
384 146 496 188 CVII
529 148 599 186 1-
611 149 635 188 3

245 254 268 298 ἧ
290 259 350 288 καὶ
373 254 592 298 ἐλευθερίας,
623 257 682 286 καὶ
705 255 821 287 ταῦτα
851 256 963 296 οἰκεία
992 256 1080 296 χειρὶ
1106 251 1317 299 γραφόμενα

245 298 416 353 λεγόμενά
444 311 484 332 τε
514 298 614 343 παρὰ
644 298 720 331 τῶν
745 295 1012 342 διατιθεμένων
1035 299 1097 331 ἐπὶ
1127 298 1205 331 τῶν
1225 310 1315 343 μαρ-

243 357 374 388 τυρων,
406 341 454 376 ὠς
478 339 626 377 ἅπαντα
650 342 772 387 ἐφεξῆς
795 343 842 376 τὰ
866 345 906 376 ἐν
936 343 980 389 τῇ
1004 340 1226 376 διατυπώσει
1247 346 1316 376 κεί-

242 401 333 432 μενα
358 385 460 422 αὐτοὶ
483 390 543 421 καὶ
559 390 724 433 ἔγραψαν
746 391 807 421 καὶ
825 386 1019 432 βούλονται
1042 389 1197 432 κρατεῖν,
1221 389 1317 422 ἔστω

243 431 378 476 ἰσχυρά,
401 430 513 474 μηδὲν
536 430 779 476 έλαττοὺμενιι
802 434 840 466 ἐκ
863 434 927 467 τοῦ
952 430 1071 466 δοκεῖν
1087 433 1141 466 ,ἐν
1171 431 1317 477 χάρταις

241 475 451 524 γεγράφθαι
481 476 549 520 τὴν
581 475 710 520 λοιπὴν
741 477 992 524 παρατήρησιν
1022 477 1099 510 τῶν
1125 474 1317 520 διαθηκῶν

241 522 290 577 μή
315 519 509 564 δεξάμενα,
533 519 621 556 ἀλλὰ
637 523 758 565 τούτῳ
781 521 898 566 μόνον
916 520 1160 556 διαλλαττέτω
1179 522 1232 564 τῷ
1249 521 1317 565 τὴν

243 569 352 601 αυτοῖι
377 565 499 608 δεξιάν
522 580 561 601 τε
584 570 643 601 καὶ
666 565 834 614 γλῶτταν
857 569 950 610 ἔχειν
976 567 1046 610 τὴν
1069 567 1192 601 πᾶσαν
1213 566 1318 610 ἰσχὺν

242 613 294 654 τῷ
319 611 430 660 χάρτῃ
455 615 709 656 παρεχομένην.

1751 158 1811 188 ΒΕ
1838 146 2141 189 ΤΕεΤΑΜΕΝΤιέ
2169 156 2457 188 INPERFECTIS

1384 253 1473 288 haec
1501 252 1648 298 propria
1676 253 1811 298 scripta
1838 264 1946 291 manu
1975 256 2140 301 dictaque
2175 265 2197 289 a
2226 253 2458 290 testatoribus

1383 307 1505 333 coram
1527 297 1694 340 testibus,
1718 298 1885 342 quoniam
1906 301 2024 336 omnia
2047 303 2304 345 consequenter
2325 299 2362 334 in
2385 299 2456 335 dis-

1384 342 1561 387 positione
1589 341 1708 387 posita
1736 342 1805 395 ipsi
1827 345 1864 378 et
1886 345 2106 390 scripserunt
2129 348 2166 381 et
2186 345 2308 381 volunt
2331 344 2457 388 valere,

1384 387 1456 422 sint
1476 387 1587 427 firma,
1611 386 1699 422 nihil
1717 387 1908 424 minuenda
1927 398 1968 425 eo
1988 390 2081 436 quod
2101 390 2286 426 videantur
2304 389 2342 424 in
2359 391 2458 424 carta

1351 435 1371 467 5
1385 432 1519 476 scripta
1554 431 1725 476 reliquam
1756 432 2036 470 observationem
2066 438 2357 470 testamentorum
2387 444 2458 469 non

1384 476 1633 521 suscipientia,
1669 476 1731 512 sed
1761 476 1830 512 hoc
1861 478 1975 513 solum
2009 479 2220 522 inmutetur,
2256 479 2350 524 quod
2382 479 2458 514 eius

1383 532 1511 601 {napus
1534 524 1572 557 et
1593 521 1713 566 lingua
1736 521 1844 557 habet
1866 532 2005 559 omnem
2026 524 2189 560 virtutem
2213 528 2333 561 cartae
2355 533 2457 569 prae·

1409 578 1422 601 ι
1461 577 1506 603 m.

1234 723 1390 759 CAPUT
1411 723 1456 760 11.

309 794 381 824 Καὶ
404 791 503 836 εἴπερ
526 793 627 835 μέχρι
650 788 811 833 τελευτῆς
833 792 964 834 μείνειε
988 791 1095 824 τοῦτο
1121 790 1162 824 τὸ
1186 792 1315 835 σχῆμα,
1334 795 1372 827 10
1430 792 1479 826 Et
1494 791 1524 827 si
1542 791 1683 835 quidem
1702 800 1814 836 usque
1833 790 1879 826 ad
1896 794 2042 825 mortem
2058 794 2199 826 maneat
2218 792 2286 828 hoc
2307 794 2457 836 schema,

241 832 355 870 οὐδεὶς
384 832 535 882 ὕστερον
559 835 704 879 παρέξει
733 838 946 880 μαρτυρίας,
978 832 1025 869 ὠς
1049 833 1236 879 ἠβουλήθη
1259 849 1316 870 τυ-

241 881 306 924 χὸν
334 881 403 924 τὴν
426 880 609 923 τοιαύτηνΙ
621 879 770 926 γνώμην
794 877 946 923 ἀμεῖψαι
970 878 992 923 ἢ
1015 879 1209 921 ἐναλλάξαι
1232 879 1255 924 ἥ
1278 894 1316 915 τι

241 927 384 960 τοιοῦτο
401 927 560 969 ποιῆσαι,
577 918 606 968 ᾦ
622 938 663 971 γε
679 925 764 968 ἐξῆν
781 923 863 970 διαρ
889 925 969 968 ἧξαι
986 925 1028 959 τὸ
1044 923 1242 971 γενόμενον
1257 930 1317 960 καὶ

242 972 367 1025 ἑτέραν
387 970 616 1026 ποιήσασθαι
631 969 803 1014 βούλησιν
820 938 1001 1012 δηλοῦσαν
1023 970 1092 1013 τὴν
1107 970 1318 1005 τελευταίαν

1386 836 1505 872 nullus
1529 840 1656 881 postea
1679 836 1830 871 deducet
1851 839 1979 877 testes,
2005 835 2087 880 quia
2109 836 2218 871 voluit
2239 836 2332 873 forte
2353 838 2458 873 talem

1384 882 1600 917 voluntatem
1633 886 1771 916 mutare
1802 883 1866 915 aut
1897 885 2101 916 convertere
2130 885 2193 916 aut
2225 882 2356 927 aliquid
2389 884 2459 918 tale

1383 927 1513 968 facere,
1540 927 1597 961 cui
1621 926 1721 961 licuit
1743 935 1907 970 rumpere
1931 925 2025 971 quod
2050 926 2185 961 factum
2208 931 2273 968 est,
2297 930 2333 962 et
2356 927 2459 963 aliam

1383 972 1502 1007 facere
1532 972 1747 1006 voluntatem
1777 971 2015 1006 declarantem
2047 971 2239 1016 perfectam
2275 972 2349 1007 eius
2380 982 2459 1007 sen-

242 1029 535 1071 “vwvyssfflll'l‘j’
559 1030 605 1058 ην
628 1015 790 1069 προήκει
811 1018 964 1059 κρατεῖν.
1005 1018 1112 1050 τοῦτο
1135 1016 1204 1061 γὰρ
1224 1018 1315 1062 ἑφίε-
1334 1020 1371 1052 15
1385 1016 1550 1059 tentiam,
1582 1026 1688 1061 quam
1720 1016 1887 1069 coulpetit
1910 1017 2037 1051 valere.
2082 1016 2160 1051 Hoc
2183 1017 2275 1051 enim
2299 1017 2461 1052 concedi-

241 1075 308 1104 μεν
324 1074 423 1104 αυτῳ
444 1074 619 1106 πράττειν
640 1073 728 1093 αυτο
747 1061 858 1094 τοῦτο.
871 1061 987 1106 ῥητῶς
1003 1062 1316 1106 ἐπισημαινομένῳ

242 1108 302 1140 ἐπὶ
319 1110 497 1150 παρουσίᾳ
521 1103 714 1150 μαρτύρων
737 1104 850 1147 ἑπτά,
875 1104 923 1139 ὥς
943 1108 1003 1138 καὶ
1019 1110 1217 1149 πεποίηταί
1232 1120 1317 1140 τινα

241 1150 414 1194 τοιαύτην
437 1141 620 1195 βούλησιν,
651 1147 692 1184 οὐ
715 1150 787 1195 μὴν
810 1153 955 1196 κρατεῖν
978 1147 1093 1194 αὐτὴν
1117 1153 1170 1185 ἔτι
1193 1150 1316 1196 βούλε-

241 1209 320 1238 ται,
345 1193 426 1230 ἀλλ’
441 1197 568 1241 ἑτέραν
592 1195 831 1249 ποιήσασθαι.
880 1198 939 1229 καὶ
958 1197 1075 1229 ταῦτα
1099 1195 1122 1239 ἢ
1145 1198 1185 1230 ἐν
1200 1195 1318 1239 τελείᾳ

1385 1073 1463 1096 mus
1487 1062 1519 1096 ei
1541 1071 1656 1106 agere,
1682 1061 1749 1096 hoc
1772 1072 1888 1106 1psum
1904 1061 2096 1106 expressim
2117 1060 2373 1104 significantem
2395 1063 2461 1098 sub

1385 1107 1587 1152 praesentia
1618 1107 1762 1142 testium
1793 1108 1946 1152 septem,
1978 1107 2061 1151 quia
2091 1106 2158 1141 etsi
2177 1107 2264 1142 fecit
2286 1107 2463 1151 quandam

1385 1152 1492 1187 talem
1513 1153 1742 1193 voluntatem,
1762 1162 1835 1186 non
1853 1155 1971 1186 tamen
1984 1152 2101 1186 valere
2120 1162 2196 1186 eam
2215 1152 2364 1187 ulterius
2377 1152 2462 1194 vult,

1387 1197 1448 1232 sed
1471 1207 1595 1232 rursus
1624 1197 1699 1231 vult
1720 1197 1825 1231 aliam
1849 1196 1977 1232 facere.
2022 1197 2071 1231 Et
2094 1197 2186 1232 hanc
2210 1203 2273 1231 aut
2296 1198 2330 1232 in
2356 1201 2462 1232 testa—

243 1239 402 1288 διαθήκῃ
437 1245 586 1276 ποιείτω
622 1253 745 1275 παντα
779 1241 825 1274 τὰ
858 1241 934 1274 τῶν
965 1238 1157 1294 διαθηιξῲν
1193 1241 1319 1296 ἐχρύσῃ
1334 1245 1376 1276 20
1388 1248 1506 1277 mento
1531 1242 1688 1286 perfecto
1712 1242 1823 1277 faciat
1846 1242 1963 1276 omnia
1993 1245 2285 1277 testamentorum
2310 1242 2463 1278 habente

242 1285 424 1331 σύμβολα,
448 1284 471 1329 ἢ
495 1288 534 1319 έν
558 1283 709 1332 ἀγράφῳ
733 1284 851 1328 τελείᾳ
873 1284 1050 1330 βουλήσει,
1074 1298 1162 1320 coste
1185 1289 1232 1321 ἐπ
1265 1289 1319 1332 ε’γ-

241 1331 367 1378 γράφῳ
393 1330 415 1374 ἢ
439 1328 592 1378 ἀγράφῳ
617 1330 784 1375 βουλήσει
814 1329 932 1365 δοκεῖν
965 1327 1076 1365 αὐτὸν
1100 1330 1319 1374 τελευτῆσαι,

242 1378 320 1411 τῶν
349 1380 537 1423 προτέρων
568 1373 712 1420 ἀκύρων
742 1377 781 1409 ἐκ
811 1377 871 1419 τῆς
894 1373 1058 1420 δευτέρας
1087 1373 1198 1410 αὐτοῦ
1226 1377 1318 1411 κατὰ

243 1422 312 1465 τὴν
327 1421 470 1456 τελείαν
494 1419 678 1465 διαθήκην
701 1418 723 1464 ἢ
746 1419 919 1465 βούλησιν
946 1419 1203 1457 διατυπώσεως
1224 1435 1319 1468 γινο-

242 1480 375 1511 μενων.

1388 1288 1506 1332 signa,
1537 1290 1600 1322 aut
1630 1287 1668 1322 in
1699 1296 1770 1322 non
1800 1286 1935 1331 scripta
1965 1286 2125 1331 perfecta
2151 1287 2330 1322 voluntate
2352 1287 2462 1322 videri

1388 1342 1469 1367 eum
1504 1332 1710 1367 defunctum
1746 1342 1842 1375 esse,
1882 1332 2059 1377 prioribus
2094 1332 2241 1367 infirmis
2275 1332 2383 1368 factis
2420 1343 2462 1368 ex

1388 1378 1546 1412 secunda
1574 1377 1650 1413 eius
1681 1377 1873 1412 secundum
1900 1377 2098 1422 perfectum
2130 1379 2378 1412 testamentum
2401 1380 2464 1412 aut

1387 1423 1602 1458 voluntatem
1627 1422 1866 1467 dispositione.
2234 1472 2249 1490 ⁸

1237 1579 1393 1615 CAPUT
1416 1580 1479 1615 ΙΙΙ.

299 1643 442 1689 Ἐπειδὴ
459 1643 499 1680 δὲ
513 1646 617 1690 ἴσμεν
632 1646 733 1680 τινὰς
747 1644 910 1690 νεμήσεις
933 1649 1163 1689 ποιουμένους
1186 1647 1320 1690 μεταξὺ

244 1693 321 1725 τῶν
337 1692 480 1725 οἰκείων
495 1689 642 1725 παίδων
658 1694 718 1724 καὶ
734 1691 1071 1737 παρασκευάζοντας
1093 1689 1220 1726 αὐτοὺς
1235 1692 1319 1726 ταύ-

243 1747 322 1771 ταις
352 1733 586 1782 ὑπογράφειν,
617 1739 678 1770 καὶ
707 1737 750 1770 τὸ
775 1738 918 1771 τοιοῦτο
947 1737 1066 1791 σχῆμα
1089 1738 1319 1792 προςιέμὶεθα.

1433 1647 1524 1690 Quia
1543 1657 1624 1682 vero
1638 1646 1798 1683 novimus
1816 1646 1955 1691 aliquos
1972 1646 2160 1682 divisiones
2181 1646 2353 1682 facientes
2371 1647 2465 1683 inter

1387 1693 1550 1737 proprios
1574 1692 1664 1728 tilios
1689 1695 1725 1727 et
1747 1696 2001 1737 praeparantes
2022 1702 2082 1726 eos
2099 1692 2152 1727 his
2171 1692 2405 1735 subscribere,
2430 1696 2466 1727 et

1387 1740 1456 1772 hoc
1486 1738 1631 1772 schema
1663 1737 1894 1782 suscepimus.
1943 1737 1980 1771 Si
2010 1737 2088 1781 quis
2120 1737 2212 1771 enim
2237 1737 2358 1772 dividit
2382 1747 2463 1782 pro-

244 1782 276 1817 εἰ
305 1782 372 1828 γὰρ
403 1779 564 1826 διαυέμοι
595 1792 649 1819 τις
678 1781 725 1815 τὰ
748 1782 860 1815 οἰκεῖα
884 1795 1078 1828 πραγματα
1109 1785 1169 1815 καὶ
1193 1782 1321 1816 amoos
1387 1782 1486 1827 prias
1516 1793 1573 1818 res
1603 1786 1640 1818 et
1667 1782 1765 1826 ipsos
1795 1782 1887 1818 filios
1918 1791 2070 1816 evocans
2100 1781 2209 1816 saciat
2242 1782 2465 1818 subscribere

243 1825 327 1862 τοὺς
365 1824 496 1861 παῖδας
533 1825 855 1881 πρρςκαλεσάμενος
890 1824 1074 1870 ποιήσειεν
1109 1825 1320 1881 ὑπογράψαι
1334 1831 1375 1862 30
1389 1828 1618 1863 divisionibus
1641 1827 1746 1871 ipsis,
1779 1830 1815 1862 et
1838 1830 1936 1862 ratas
1960 1837 2020 1862 eas
2043 1826 2219 1869 iudicare,
2246 1830 2283 1862 et
2306 1828 2463 1871 profiteri

243 1874 322 1906 ταῖς
343 1869 533 1916 νεμήσεσιν
557 1874 696 1913 amate,
721 1875 781 1905 καὶ
805 1875 924 1914 κυρίας
945 1871 1078 1906 ταύτας
1099 1870 1320 1919 ἡγησασθαι,

245 1920 304 1951 καὶ
324 1915 543 1963 ὁμολογῆσαι
565 1917 683 1950 ταῦτα
698 1916 791 1950 κατὰ
808 1918 940 1951 τοῦτον
964 1918 1058 1959 ἔχειν
1081 1918 1149 1951 τὸν
1171 1916 1322 1962 τρόπον,

312 2021 385 2052 cap.
410 2006 455 2041 II
475 2009 519 2041 in.
543 2009 747 2041 summarium
772 2008 868 2041 habet
890 2009 937 2040 Βς
964 2008 995 2040 Δ
1014 2009 1066 2049 13,
1079 2016 1112 2042 37
1135 2021 1170 2052 p.
1189 2010 1253 2043 210
1271 2009 1374 2042 Zack.

1387 1873 1478 1908 haec
1502 1872 1698 1908 secundum
1721 1873 1816 1907 hunc
1839 1871 1971 1907 habere
1994 1871 2154 1915 modum,
2186 1872 2232 1907 sit
2254 1875 2289 1907 et
2312 1872 2381 1908 hoc
2404 1874 2462 1907 fir-

245 2107 337 2149 vult‚
366 2105 456 2142 baec
486 2116 630 2152 quoque
660 2106 694 2140 si
714 2106 875 2152 propria
907 2117 1015 2141 manu
1046 2106 1252 2142 scribantur
1283 2111 1391 2152 atque
1421 2118 1542 2143 coram
1575 2108 1722 2144 testibus
1750 2120 1773 2143 a
1797 2108 2025 2143 testatoribus
2048 2109 2253 2154 affirmetur
2282 2121 2321 2145 se
2343 2113 2464 2146 omnia

244 2152 412 2198 deinceps
435 2161 529 2197 qnae
550 2151 590 2185 in
613 2151 669 2185 dis
697 2151 850 2186 ositione
872 2156 998 2186 extent
1020 2156 1055 2186 et
1077 2152 1263 2197 scripsisse
1293 2156 1328 2187 e't
1350 2153 1470 2187 valere
1500 2153 1600 2196 velle,
1631 2153 1752 2188 valida
1780 2153 1862 2196 sint,
1891 2164 1977 2189 neve
2004 2153 2078 2188 ullo
2107 2154 2213 2189 modo
2237 2155 2466 2200 infirmentur

240 2202 440 2244 propterea
463 2195 563 2241 quod
583 2196 622 2230 in
645 2206 664 2230 c

737 2196 782 2231 tis
804 2196 878 2231 scri
907 2200 943 2231 ta
964 2207 1040 2232 esse
1064 2196 1254 2232 videantur
1276 2207 1341 2232 nec
1364 2197 1505 2244 reliqua
1530 2203 1818 2234 testamentorum
1841 2198 2079 2250 sollemnitate
2099 2199 2269 2245 praedita
2292 2201 2375 2242 siut,
2400 2201 2465 2237 sed

245 2253 286 2278 eo
312 2240 556 2278 tantummodo
581 2240 766 2286 differant,
790 2252 861 2287 quo
910 2240 1044 2276 dextra
1067 2247 1103 2276 et
1125 2242 1250 2288 linqua
1273 2242 1350 2277 eius
1375 2248 1523 2278 utantur
1547 2254 1639 2289 quae
1663 2254 1800 2279 omnem
1825 2254 1893 2278 mm
1917 2242 2064 2279 chartae
2082 2249 2257 2291 praestet.

363 2286 409 2322 11.
458 2285 510 2322 Et
531 2286 564 2321 si
586 2286 729 2332 quidem
752 2297 865 2338 usque
888 2286 937 2321 ad
959 2291 1109 2322 mortem
1133 2285 1220 2322 Ilaec
1241 2287 1368 2333 forma
1386 2290 1643 2334 permanserit,
1676 2299 1778 2324 nemo
1799 2293 1928 2334 postea
1945 2289 2152 2335 testimonia
2175 2289 2372 2331 exhibebit,
2404 2301 2463 2326 vo-

248 2333 356 2367 luisse
377 2332 479 2378 forte
502 2331 603 2366 illum
627 2330 799 2366 eiusmodi
825 2331 1043 2367 voluntatem
1066 2336 1286 2367 commutare
1315 2338 1380 2367 aut
1404 2341 1609 2369 convertere
1632 2339 1697 2369 aut
1719 2333 1892 2369 eiusmodi
1915 2333 2055 2379 aliquid
2075 2335 2217 2378 facere,
2249 2335 2384 2381 quippe
2407 2337 2464 2370 cui

246 2378 388 2413 licuerit
411 2376 450 2412 id
471 2376 570 2422 quod
612 2382 731 2411 actum
755 2380 834 2412 erat
857 2387 1024 2422 rumpere
1046 2381 1080 2411 et
1103 2376 1213 2412 aliam
1237 2377 1454 2413 voluntatem
1474 2379 1601 2423 facere
1616 2378 1855 2414 declarantem
1873 2378 2033 2413 ultimam
2049 2379 2125 2413 eius
2145 2381 2354 2415 sententiam
2372 2391 2465 2426 quae

246 2423 363 2459 valere
385 2421 522 2458 debeat.

609 2431 652 2456 oc
674 2421 768 2456 enim
791 2422 826 2457 ei
847 2432 957 2474 aqere
973 2422 1235 2468 permittimus,
1264 2423 1296 2457 si
1326 2422 1366 2457 id
1387 2423 1505 2468 ipsum
1528 2423 1661 2459 diserte
1685 2424 1938 2469 praesentibus
1959 2429 2093 2469 septem
2118 2424 2264 2459 testibus
2291 2425 2463 2472 clesiqnet,

245 2479 284 2504 se
307 2466 481 2502 eiusmodi
505 2466 721 2502 voluntatem
745 2466 818 2501 iam
840 2466 982 2512 quidem
1004 2467 1136 2512 fecisse
1159 2478 1224 2502 nec
1248 2472 1365 2503 tamen
1389 2469 1544 2514 amplius
1567 2469 1686 2505 valere
1709 2469 1807 2510 velle,
1831 2468 1895 2504 sed
1917 2469 2027 2503 aliam
2048 2469 2187 2515 facere.
2235 2470 2353 2515 Atque
2375 2471 2463 2506 lzacc

246 2518 310 2548 aut
332 2513 371 2547 in
388 2512 559 2558 perfecto
585 2515 796 2547 testamento
826 2512 945 2557 saciat
976 2511 1075 2557 quod
1104 2523 1226 2548 omnes
1257 2517 1550 2549 testamentorum
1580 2519 1687 2549 notas
1710 2513 1850 2556 babeat,
1883 2518 1949 2549 aut
1972 2515 2008 2548 in
2032 2525 2106 2549 non
2136 2515 2271 2561 scripta
2294 2516 2465 2567 perfecta

246 2558 446 2600 voluntate,
480 2562 522 2592 ut
543 2557 681 2602 scripta
704 2561 768 2592 aut
791 2567 865 2592 non
888 2556 1028 2603 scripta
1051 2557 1236 2593 voluntate
1258 2558 1385 2593 relicta
1409 2558 1602 2604 defunctus
1625 2570 1700 2594 esse
1722 2559 1898 2601 videatur,
1925 2559 2113 2605 prioribus
2137 2570 2186 2595 ex
2207 2560 2366 2596 secunda
2389 2572 2465 2596 etus

246 2603 484 2650 dispositione
502 2613 573 2649 per
597 2605 842 2637 testamentum
866 2602 922 2637 vel
944 2601 1161 2638 voluntatem
1182 2603 1384 2649 perfectam
1409 2604 1523 2639 irritis
1540 2604 1663 2650 factis.

358 2647 422 2683 111.

471 2646 649 2690 Quoniam
672 2651 790 2682 autem
813 2647 945 2682 scimus
965 2647 1161 2682 nonnullos
1180 2648 1372 2683 divisiones
1391 2649 1520 2694 facere
1551 2649 1645 2684 inter
1674 2649 1806 2685 liberos
1827 2659 1914 2684 suos
1938 2653 1974 2684 et
1996 2659 2127 2684 curare
2159 2655 2199 2684 ut
2229 2650 2286 2685 illi
2306 2649 2362 2686 bis
2383 2650 2464 2686 sub-

246 2693 418 2734 scribant,
440 2691 614 2728 eiusmodi
633 2702 705 2737 quo
732 2702 776 2727 ue
790 2691 955 2743 formam
979 2692 1208 2728 admittimus.
1257 2694 1351 2728 Nam
1370 2693 1403 2728 si
1421 2695 1503 2740 quis
1518 2705 1577 2730 res
1592 2705 1678 2729 suas
1694 2693 1831 2729 dividat
1854 2694 2016 2740 ipsisque
2038 2694 2159 2730 liberis
2179 2696 2305 2730 accitis
2323 2695 2463 2784 elsfciut

247 2743 288 2774 ut
301 2737 537 2774 divisionibus
554 2738 643 2783 ipsis
657 2747 700 2772 su
723 2737 885 2772 scribant
903 2747 1036 2783 easque
1051 2741 1153 2773 ratas
1171 2737 1328 2774 habeant
1347 2745 1455 2784 atque
1471 2739 1559 2775 lzaec
1574 2739 1769 2774 secundum
1787 2738 1882 2774 hunc
1901 2738 2043 2774 modum
2064 2750 2103 2773 se
2121 2738 2251 2774 babere
2271 2751 2337 2775 con
2369 2746 2464 2775 tean-

297 2855 311 2886 1
330 2848 353 2894 ἢ
368 2853 439 2891 καὶ]
459 2852 520 2883 καὶ
536 2863 595 2883 om.
609 2850 722 2883 Procli.
732 2863 763 2882 v.
774 2850 806 2889 l.‚
819 2850 928 2894 Epan.
939 2861 958 2886 ς
975 2850 987 2893 11
1003 2850 1215 2896 γραφόμενα
1235 2853 1325 2895 χειρὶ

248 2898 280 2931 L
299 2897 412 2930 Procli.
425 2908 443 2932 ς
459 2898 472 2938 11
490 2897 509 2929 5
529 2891 676 2939 χάρταις
690 2895 762 2928 ML
771 2895 893 2938 Epan]
913 2893 1025 2941 χάρτῃ
1043 2896 1156 2929 Procli.
1169 2907 1188 2932 ς
1204 2895 1217 2938 11
1234 2897 1254 2930 6
1265 2908 1325 2947 γε·

247 2942 316 2988 γρά
348 2954 385 2974 αι
405 2942 436 2974 L
455 2942 466 2981 ΙΙ
483 2943 501 2974 “1
525 2937 728 2983 δεξαμένοις
741 2940 849 2983 Εραη.
870 2940 882 2983 11
897 2939 1016 2982 τούτῳ
1031 2941 1193 2983 LEpan.]
1219 2952 1325 2973 τουτο

250 2988 295 3022 AI
334 2988 418 3019 roch.
432 2997 452 3022 ς
468 2985 481 3030 11
497 2982 625 3029 μόνον]
649 2986 716 3028 μὲν
737 2986 769 3018 L
785 2986 798 3028 11
816 2982 1059 3018 διαλλαττέτω
1077 2987 1149 3019 ML
1173 2985 1324 3019 immute-

248 3037 305 3065 tur
329 3034 360 3074 ς]
385 3028 611 3064 διαταττέτω
638 3030 752 3063 Procli.
771 3031 880 3084 Epon.
906 3033 993 3073 quod
1017 3044 1078 3064 non
1102 3038 1184 3065 recte
1203 3032 1326 3074 probat

250 3078 436 3111 Zachariae
465 3076 478 3120 11
504 3076 556 3118 τῷ
584 3076 749 3119 LEpan.]
773 3088 815 3108 το
842 3077 884 3108 M
895 3075 1010 3109 Proch.
1026 3088 1045 3112 ς
1074 3075 1086 3120 11
1114 3077 1133 3110 8
1157 3073 1326 3119 γλῶσσαν

251 3123 366 3156 Procli.
393 3125 406 3164 11
434 3122 526 3162 ἐχειν
550 3134 607 3153 om.
623 3121 654 3153 L
677 3120 689 3164 11
722 3123 762 3154 10
786 3121 926 3164 *μείνοι
953 3121 1023 3154 ML
1039 3121 1153 3154 Procli.
1179 3121 1287 3164 Epan.
1315 3119 1326 3164 11

249 3167 367 3209 τούτῳ
393 3167 445 3208 τῷ
470 3163 626 3209 σχήματι
651 3166 953 3208 Proch.pler·1·quen
977 3168 1014 3199 11
1042 3165 1195 3211 παράξει
1209 3166 1324 3199 Proch.

247 3213 406 3256 plerique,
430 3211 538 3254 Epnn.
553 3223 572 3247 ς
595 3212 607 3253 11
632 3222 747 3255 μαρτυ
772 3213 833 3243 ίαν
852 3210 968 3243 Proch.
983 3223 1011 3244 υ.
1027 3212 1047 3244 l.
1070 3211 1083 3254 11
1107 3208 1326 3253 βουληθέντι

250 3259 291 3298 (v.
307 3258 326 3289 Ι.
343 3253 599 3300 βουληθέντος)
619 3256 735 3288 Procli.
750 3223 770 3299 {5
786 3256 826 3289 13
850 3253 1042 3300 γινόμενον
1066 3257 1097 3289 L
1116 3260 1129 3299 11
1147 3258 1189 3290 14
1211 3253 1326 3289 τελευ-

250 3303 370 3343 ταίαν]
395 3301 573 3344 perfectam
597 3302 618 3334 i.
640 3311 665 3333 ε.
690 3298 830 3334 τελείαν
855 3312 874 3336 ς
895 3300 908 3343 11
935 3302 975 3335 16
999 3299 1327 3343 ἐπισημαινόμενον

252 3348 302 3379 L⁰
320 3349 332 3386 11
349 3349 389 3380 17
415 3344 508 3379 ἑπτὰ
531 3346 576 3379 M
577 3357 596 3382 ς
614 3346 692 3386 (Iul.
704 3346 780 3379 Ath.
798 3346 830 3378 T
828 3347 944 3387 heod.)]
976 3345 1069 3379 ἑπτα
1093 3343 1116 3388 ἢ
1136 3348 1196 3379 καὶ
1219 3346 1327 3379 πέντε

252 3392 283 3424 L
298 3392 413 3425 Procli.
430 3391 554 3434 Epan.;
578 3391 736 3435 yles-sema
753 3392 792 3426 vin
812 3390 970 3424 Prochiro
983 3391 1113 3425 Basilii
1127 3392 1270 3425 additum
1289 3403 1327 3423 ex

253 3437 389 3469 eiusdem
414 3437 618 3480 imperatoris
641 3436 860 3469 constitutione
884 3437 916 3469 in
931 3436 1052 3470 Leonis
1077 3437 1202 3470 novella
1219 3436 1259 3470 41
1283 3436 1325 3469 ci-

254 3488 321 3513 tata
353 3482 455 3525 repeti
480 3488 586 3525 potest
616 3482 730 3524 (ipsam
763 3481 883 3514 Leonis
919 3481 1076 3514 novellam
1101 3483 1229 3525 sontem
1260 3492 1327 3514 me

255 3532 410 3559 statuerat
426 3527 576 3559 Cuiacius
593 3526 638 3558 ad
653 3525 733 3568 Diy.
748 3526 801 3567 28,
815 3534 839 3567 1,
850 3527 906 3567 21),
929 3528 1044 3559 rectius
1066 3527 1326 3570 interpretamen-

256 3576 317 3602 tum
341 3572 387 3602 ad
413 3570 489 3603 cod.
514 3572 546 3610 6,
564 3577 608 3610 23,
623 3578 654 3604 31
679 3571 803 3613 rqferas
829 3572 840 3613 11
862 3572 922 3603 καὶ
946 3583 1004 3605 om.
1023 3571 1154 3609 Procli.;
1179 3572 1239 3615 leq.
1258 3566 1327 3604 κᾶν

257 3624 295 3645 ez
317 3613 358 3649 e?
377 3613 390 3657 11
412 3616 506 3655 τινα]
537 3615 604 3656 τὴν
629 3615 743 3648 ΡνοεΙι.
767 3615 877 3657 Eymn.
895 3615 908 3655 11
937 3616 977 3650 19
1001 3611 1082 3649 ἀλλ’
1109 3615 1248 3660 ἑτέραν]
1270 3614 1327 3648 ned

258 3667 371 3689 rursus
386 3658 459 3690 vult
473 3659 572 3691 aliam
589 3672 608 3695 ς
629 3660 642 3702 11
666 3659 782 3693 ταῦτα
799 3658 834 3702 ἢ]
851 3660 967 3694 ταῦτα
981 3661 1050 3703 μὲν
1067 3657 1089 3702 ἢ
1103 3661 1218 3694 ΡνοοΙι.
1240 3661 1326 3693 hanc

258 3704 291 3741 (ι’.
302 3715 327 3734 e.
341 3700 488 3743 ταύτην)
510 3707 569 3735 aut
592 3716 610 3738 ς
627 3703 640 3741 11
662 3705 704 3737 20
721 3702 864 3746 ἐχούσης
882 3705 911 3737 L
929 3704 942 3748 11
966 3706 1003 3738 21
1017 3718 1064 3749 eq.
1078 3700 1174 3738 ὥστε
1188 3724 1227 3729 -
1242 3706 1323 3748 βου·

1391 2850 1490 2894 λήσει
1516 2866 1573 2885 om.
1588 2853 1646 2888 Le
1663 2852 1675 2895 11
1701 2853 1743 2885 22
1767 2849 1790 2894 ἢ
1813 2848 1963 2898 ἀγράφῳ
1987 2847 2154 2895 βουλήσει
2178 2852 2223 2884 M
2230 2852 2352 2895 Epora]
2381 2855 2463 2895 βου-

1394 2895 1491 2939 λήσει
1506 2894 1528 2939 ἢ
1542 2893 1689 2942 ἀγράφῳ
1702 2898 1818 2931 Procli.
1832 2902 1844 2941 11
1857 2899 1896 2931 24
1914 2893 2170 2930 διατυπώσεως
2183 2897 2299 2930 Proch.
2313 2898 2421 2940 Epan.
2433 2900 2463 2939 ς]

1392 2938 1652 2976 διατυπώσεων
1668 2943 1738 2976 ML
1755 2942 1766 2984 ΙΙ
1786 2943 1828 2976 26
1845 2943 2070 2984 ποιουμένων
2084 2942 2130 2974 L¹
2148 2941 2161 2984 11
2178 2942 2219 2975 28
2245 2940 2286 2975 τὸ
2309 2943 2464 2984 τοιοῦτο]

1392 2988 1455 3019 hoc
1479 3000 1497 3024 ς
1523 2987 1536 3031 11
1565 2987 1796 3031 προςιέμεθα]
1831 2990 2031 3029 suscepimus
2051 2998 2070 3022 ς
2098 2987 2111 3029 Ι1
2142 2988 2184 3020 29
2209 2983 2382 3031 διανέμοι]
2413 2988 2463 3020 di-

1391 3032 1476 3064 vidit
1499 3044 1518 3068 ς
1540 3031 1553 3076 11
1583 3035 1622 3066 31
1639 3046 1685 3076 sq.
1708 3029 1924 3078 ὁμολογῆσαι
1947 3034 2006 3065 καὶ
2029 3029 2240 3076 ἡγήσασθαι
2266 3033 2295 3066 L

1439 3124 1453 3155 1
1481 3121 1571 3154 dicta
1594 3132 1678 3163 quae
1705 3121 1784 3165 T¹fl
1807 3132 1827 3154 a
1846 3121 2076 3154 testationibus
2106 3122 2136 3154 T
2153 3121 2165 3163 11
2191 3123 2210 3155 2
2235 3121 2386 3162 testibus]
2410 3131 2463 3154 co-

1391 3177 1459 3199 ram
1484 3167 1596 3200 omnia
1616 3167 1755 3199 testibus
1779 3167 1855 3200 add.
1869 3166 1920 3199 R‘
1938 3165 1951 3210 11
1966 3170 2223 3208 consequentem
2244 3167 2350 3199 R¹V¹
2367 3166 2380 3210 11
2397 3166 2462 3199 dis-

1392 3212 1590 3255 positionem
1612 3212 1662 3245 17⁰
1691 3212 1703 3256 11
1731 3214 1750 3246 3
1776 3211 1904 3252 volunt]
1936 3210 2117 3244 uoluerunt
2143 3212 2174 3244 T
2205 3211 2352 3244 uoluerit
2375 3210 2422 3244 Β*
2451 3209 2463 3254 11

1393 3268 1524 3290 manere
1546 3257 1600 3300 Vll
1620 3259 1637 3291 4
1652 3258 1702 3290 sin
1718 3256 1796 3300 R¹fl
1813 3256 1938 3289 nichilo
1952 3256 1985 3288 R
2008 3256 2246 3290 nichilominus
2266 3255 2322 3299 1711
2337 3265 2375 3288 ea
2390 3255 2437 3288 R·
2452 3256 2463 3298 l!

1393 3304 1412 3335 6
1429 3302 1603 3335 inmitetur
1622 3301 1670 3335 T⁶
1689 3302 1701 3346 11
1719 3305 1736 3336 7
1754 3301 1872 3335 habeat
1886 3302 1916 3334 R
1931 3300 1944 3345 11
1962 3301 2054 3333 omni
2076 3302 2202 3334 uirtute
2221 3300 2270 3335 Τἰ
2314 3299 2462 3343 praebita

1396 3348 1444 3380 T‘
1465 3347 1476 3391 ΙΙ
1496 3349 1591 3390 lisq.
1610 3347 1819 3380 uoluntatem
1835 3345 1932 3379 talem
1957 3346 1989 3379 T
2001 3346 2013 3389 11
2035 3349 2074 3380 12
2098 3350 2156 3379 aut
2177 3346 2283 3388 aliqui
2303 3346 2316 3385 J
2339 3346 2378 3376 ut
2399 3344 2459 3376 ali-

1393 3392 1472 3433 quid
1494 3392 1543 3425 R¹
1567 3391 1580 3435 11
1608 3393 1647 3426 13
1670 3402 1788 3435 rupere
1813 3391 1864 3425 Τι
1886 3389 1899 3434 11
1924 3390 1991 3423 alia
2017 3392 2064 3424 T·
2087 3391 2099 3436 11
2130 3393 2168 3426 14
2192 3391 2261 3423 eius
2343 3388 2460 3421 sectam

1401 3436 1454 3479 Vll
1478 3438 1515 3471 18
1529 3439 1652 3478 tamen]
1669 3439 1714 3469 tffi
1732 3437 1768 3475 V,
1782 3436 1899 3470 om.R¹
1917 3435 1930 3479 11
1945 3447 2014 3469 eam
2030 3436 2141 3470 ualere
2154 3398 2461 3510 Tvuly.5J=1terius

1392 3480 1476 3522 vult]
1501 3481 1574 3515 'vult
1598 3495 1656 3515 om.
1679 3481 1735 3526 Vn
1754 3483 1794 3516 19
1815 3482 1894 3514 liaeo
1912 3481 2005 3515 Beck
2023 3482 2036 3526 11
2059 3483 2101 3515 20
2119 3478 2265 3524 profecto
2333 3478 2345 3521 11
2364 3479 2402 3512 21
2424 3479 2460 3511 in

1392 3529 1471 3566 non]
1503 3527 1603 3560 immo
1625 3527 1674 3560 V²
1701 3526 1713 3571 11
1744 3525 1927 3567 voluntate]
1962 3530 2000 3559 ut
2023 3526 2146 3567 scripta
2175 3522 2225 3556 vel
2248 3532 2315 3554 non
2339 3525 2462 3566 scripta

1392 3570 1562 3604 voluntate
1582 3573 1665 3605 addi
1679 3572 1746 3605 vult
1759 3571 1850 3604 Beck
1866 3572 1936 3611 (sed
1947 3572 1988 3615 qf.
2003 3571 2050 3604 σά
2063 3570 2120 3603 Gr.
2132 3569 2170 3602 21
2183 3569 2244 3610 eq.)
2263 3566 2275 3610 11
2292 3568 2335 3601 24
2352 3569 2460 3612 dispo-

1391 3616 1544 3648 sitionem
1567 3616 1622 3660 Vn
1640 3617 1682 3650 26
1703 3616 1832 3658 aliquas
1854 3615 1910 3659 Τ1Ι
1928 3616 1969 3650 27
1988 3615 2042 3648 hio
2059 3613 2117 3654 Tu
2140 3613 2183 3646 28
2207 3612 2295 3644 enim
2319 3626 2376 3647 om.
2402 3614 2434 3646 V

1392 3660 1518 3693 dividat
1531 3663 1614 3703 vulq.
1633 3662 1645 3705 11
1663 3662 1706 3695 29
1721 3670 1905 3693 conuocans
1922 3658 1979 3703 ΤΙ
1993 3660 2036 3693 30
2052 3656 2131 3699 ipsi·
2150 3669 2206 3690 om.
2224 3657 2255 3690 T
2266 3657 2278 3700 11
2297 3657 2367 3691 eius
2383 3659 2433 3692 T¹

1357 3736 1359 3745 ,
1392 3705 1538 3738 indicare
1561 3707 1616 3748 Vss
1636 3707 1675 3740 31
1701 3706 1792 3746 haee]
1818 3705 1879 3737 hoo
1903 3704 1937 3737 T
