2580 4022
289 173 363 215 Ed.
382 174 478 214 vm
506 185 568 226 pr.
594 175 609 212 1

803 302 857 309 ...—

336 379 512 432 ΠΕΡΙ
561 377 703 431 ΤΟΥ
751 313 1113 430 BllKAPIOY
1162 375 1307 428 ΤΗΣ

619 454 1024 508 ΠΟΝΤΙΚΗΣ.

285 544 322 580 Ὁ
357 543 465 580 αὐτὸς
498 543 665 589 βασιλεὺς
694 545 829 588 Βάσσῳ
865 545 919 586 τῷ
953 541 1177 586 ἐνδοξοτάτῳ
1211 540 1356 589 ἐπάρχῳ

586 591 661 624 τῶν
686 588 793 633 ἱερῶν
815 591 1061 634 πραιτωρίων.

352 669 655 713 (Hecataeum.)
700 668 817 711 Ἡμεῖς
846 669 913 711 μὲν
943 665 1065 700 ἀσκεῖν
1087 666 1150 700 τὰς
1173 665 1358 700 πολιτικὰς

283 714 391 758 αρχάς
422 716 499 747 ταῖς
527 713 619 746 κατὰ
651 712 720 755 τὴν
752 711 934 753 Ποντικὴν
967 699 1143 752 διοίκησιν
1174 712 1358 755 ἐπαρχίαις

283 761 494 800 νομίσαντες
525 757 592 792 τὸν
620 755 771 791 ἄνωθεν
804 758 1078 799 ἑπινενοημένον
1106 752 1183 789 κατ’
1207 757 1358 789 ἐκείνους

283 801 364 836 τοὺς
393 801 527 836 τόπους
557 801 725 846 βικοὶριον
748 802 841 835 κατὰ
865 801 931 835 τὸν
955 802 995 835 ἐν
1017 802 1116 844 μέσῳ
1141 801 1272 834 τοῦτον
1296 801 1356 834 ἐπ-

1336 163 1421 210 768

2185 182 2244 211 DE
2272 181 2493 213 PONTIOAE

1900 311 1998 348 VIII.
2243 312 2352 348 Auth.
2370 312 2495 348 CXXI.

1498 378 1591 427 DE
1638 378 2122 430 REVOCATIONE
2169 380 2430 432 VIOARII

1789 456 2145 507 PONTIOAE.

1724 543 1822 579 niem
1846 545 1936 589 Aug.
1960 544 2122 590 Eugenio
2145 557 2204 591 pp.

1491 664 1772 710 (Praefatio.)
1806 665 1883 701 Nos
1908 666 2048 710 quidem
2074 666 2240 702 sufficere
2264 667 2381 703 civiles
2402 667 2496 703 ordi-

1427 711 1589 745 nationes
1614 710 1710 745 circa
1734 711 1919 746 Ponticam
1946 712 2125 746 dioecesin
2149 712 2339 755 provinciis
2364 713 2496 747 consti-

1428 756 1578 794 tuentes,
1600 755 1753 799 desuper
1775 764 1839 799 per
1860 756 1939 800 ipsa
1962 755 2042 790 loca
2058 756 2228 790 vicarium
2244 757 2281 791 in
2296 757 2409 792 medio
2428 758 2497 791 hoc

1427 799 1670 834 consensimus
1703 802 1881 844 tempore,
1916 800 2047 835 nemini
2081 810 2220 843 eorum,
2254 810 2344 846 quae
2373 804 2498 845 postea

284 850 446 900 ἐσχομεν(
461 845 605 891 χρόνον,
636 845 741 880 οἰδὲν
767 848 844 880 τῶν
867 843 1020 890 ὕστερον
1041 848 1247 891 γενομένων
1270 840 1356 889 παρ’
1372 849 1413 881 10
1426 844 1524 879 facta
1555 848 1640 879 sunt
1670 844 1716 879 ab
1748 845 1815 885 eis,
1848 844 2052 889 delinquere
2083 848 2277 890 sperantes.
2324 845 2394 881 Sed
2418 856 2498 880 mox

284 891 408 925 αὐτῶν
425 891 756 936 αμαρτηθὴσεσθαι
772 889 1074 936 προςδοκήσαντες
1085 900 1092 909 ·
1117 887 1193 923 ἀλλ’
1212 891 1358 932 ἐπείπερ

284 936 322 976 ἐξ
339 933 461 970 αὐτῶν
477 939 638 982 ἔγνωμεν
654 938 731 970 τῶν
746 934 984 981 πραγμάτων,
1008 932 1056 968 ὠς
1072 933 1198 979 ἄνδρες
1221 935 1358 968 οἰκοῦσι

282 981 346 1014 τὰς
380 982 550 1027 ἐπαρχίας
581 978 715 1015 ταύτας
746 979 924 1027 λῃστείαις
954 993 994 1014 τε
1025 983 1083 1013 καὶ
1117 981 1241 1025 φόνοις
1261 980 1357 1013 ἐντε-

283 1026 488 1072 θραμμένοι
511 1029 572 1059 καὶ
595 1023 726 1071 ἄνδρας
743 1023 1036 1071 ὁπλοφοροῦντας
1052 1021 1106 1058 ἆεὶ
1123 1021 1358 1068 ἀθροίζοντες

1426 893 1467 924 ut
1497 889 1542 924 ab
1574 889 1661 933 ipsis
1695 889 1922 932 cognovimus
1954 900 2090 933 rerum,
2127 890 2221 934 quod
2245 890 2310 926 viri
2333 890 2499 925 habitant

1425 934 1625 978 provincias
1650 935 1715 969 has
1739 934 1935 969 latrociniis
1955 940 1990 969 et
2012 935 2210 970 homicidiis
2229 935 2337 970 dediti
2353 938 2388 970 et
2404 936 2498 970 viros

1426 979 1533 1013 armis
1556 981 1696 1013 utentes
1717 989 1854 1023 semper
1871 979 2085 1023 colligentes,
2111 984 2146 1014 et
2161 980 2331 1014 adversus
2347 980 2496 1014 invicem

1425 1024 1607 1059 utentibus
1639 1024 1693 1058 his
1723 1023 1910 1067 diffugiunt
1940 1034 2030 1068 quae
2061 1034 2125 1069 pro
2156 1024 2211 1059 his
2246 1027 2329 1059 sunt
2352 1034 2497 1069 poenas,

283 1073 342 1103 καὶ
365 1067 635 1124 κατ’(ἄλλήλων
658 1069 1102 1124 χρώμενοιχκαὶὶτοιῖτοις,
1127 1067 1359 1115 διαφεύγουσι
1374 1073 1413 1105 15
1426 1073 1464 1103 ut
1488 1068 1690 1121 provincias
1714 1071 1861 1112 mutent,
1893 1071 1931 1104 in
1955 1069 2082 1113 quibus
2111 1070 2329 1114 delinquunt,
2362 1070 2499 1104 nemine

282 1128 322 1148 'rs
352 1115 415 1149 τὰς
445 1117 536 1159 υπὲρ
566 1115 708 1149 τοτ’των
741 1126 868 1149 ποινας
897 1128 949 1156 τῳ
982 1126 1042 1148 τας
1066 1116 1235 1159 ἐπαρχίας
1259 1112 1355 1157 ἀμεί-

281 1164 373 1203 βειν,
399 1162 439 1193 ἐν
469 1159 523 1194 αἷς
553 1159 835 1205 ἁμαρτήσουσιν,
867 1156 1011 1193 οὐδενὸς
1040 1161 1116 1193 τῶν
1150 1160 1356 1203 ἐπιχωρίων

282 1202 470 1249 ἀρχόντων
505 1205 574 1247 τὴν
610 1204 866 1248 ἑπιδεὸομένην
901 1205 1023 1248 χώραν
1060 1205 1242 1247 ἐκβαίνειν
1276 1202 1353 1237 τολ-

280 1253 431 1303 μῷντος,
457 1248 504 1283 αἱς
525 1246 691 1284 πολλάκις
714 1252 780 1293 μὲν
801 1246 893 1293 ἡμᾶς
915 1247 1048 1302 ἄνᾷρας
1064 1250 1245 1294 ἐκπέμψαι
1261 1249 1354 1282 κατὰ

1425 1113 1692 1159 provincialium
1715 1113 1872 1148 iudicum
1895 1114 2062 1149 traditam
2083 1114 2152 1149 sibi
2167 1114 2384 1158 provinciam
2402 1115 2499 1149 exire

1424 1162 1690 1202 praesumente,
1722 1161 1762 1193 ut
1784 1158 1989 1193 multotiens
2014 1159 2154 1203 quidem
2179 1168 2244 1194 nos
2267 1159 2361 1194 viros
2388 1159 2495 1194 desti-

1423 1212 1547 1238 nemus
1579 1203 1625 1237 ad
1656 1204 1875 1247 provinciam
1896 1206 1931 1238 et
1952 1213 2097 1247 gravare
2122 1204 2285 1248 expensis
2305 1203 2498 1248 publicum,

1426 1261 1470 1279 m
1485 1261 1500 1278 »ν
1526 1257 1608 1282 vero
1640 1248 1719 1291 plus
1752 1248 1859 1290 nihil,
1890 1258 1961 1283 non
1994 1252 2182 1292 praesente
2207 1248 2431 1283 ordinatione
2455 1248 2499 1283 de

284 1307 352 1337 την
370 1292 492 1339 χώραν
515 1298 574 1327 καὶ
595 1296 752 1350 βαρζιναι
774 1295 919 1349 μιοθοῖς
942 1307 984 1327 το
1004 1292 1194 1346 ῥημόυσιον,
1218 1293 1355 1349 ἶτρᾶξαι
1368 1296 1410 1328 20
1423 1296 1637 1338 praeparato
1666 1292 1810 1327 iuvante
1841 1295 1877 1328 et
1906 1292 2109 1328 huiusmodi
2133 1293 2270 1328 inlicita
2301 1292 2497 1328 auferente.

282 1337 322 1372 δὲ
352 1338 462 1374 πλέον
492 1337 610 1381 οὐδέν,
640 1353 689 1382 μη
721 1350 903 1382 παρουσης
932 1336 1038 1384 ἆρχης
1068 1349 1129 1379 της
1153 1338 1192 1378 ἐξ
1212 1342 1353 1382 ετοίμου

281 1382 490 1462 §mysteriave
514 1387 573 1417 καὶ
595 1383 642 1418 τοὶ
657 1385 811 1418 τοιαῦτα
825 1385 902 1417 τῶν
917 1381 1167 1427 ἅτοπημάτων
1184 1378 1354 1417 ἀναστελ-

303 1439 416 1472 ovone,

1294 1471 1451 1509 CAPUT
1473 1472 1503 1509 Ι.

349 1539 558 1586 σννείδομεν
581 1537 881 1576 ἀνακαλέσασθαι
897 1539 966 1583 τὴν
980 1540 1045 1575 τοῦ
1062 1543 1226 1594 βικαριόυ
1242 1539 1356 1575 πάλιν

1494 1538 1737 1574 Praevidimus
1768 1547 1937 1575 revocare
1966 1539 2090 1575 vicarii
2119 1540 2247 1576 iterum
2280 1539 2498 1585 dignitatem,

280 1585 403 1631 ἀρχήν,
435 1590 495 1619 καὶ
524 1586 599 1640 τὸνἢ
623 1588 689 1630 μὲν
718 1588 782 1629 τῆς
810 1584 991 1620 Γαλατίας
1021 1597 1166 1638 nomme
1196 1584 1355 1630 ἄρχοντα
1369 1587 1411 1620 25
1426 1586 1462 1619 et
1493 1594 1572 1619 eum
1605 1584 1762 1629 quidem,
1794 1585 1854 1635 qui
1886 1585 2020 1628 primae
2039 1585 2202 1620 Galatiae
2232 1585 2398 1630 princeps
2433 1588 2499 1629 est,

279 1629 392 1675 μηδὲν
421 1633 544 1677 ἕτερον
576 1645 598 1675 η
628 1630 816 1665 πολιτικὸν
840 1628 1003 1676 (μόνον)
1026 1643 1185 1674 αρχοντα
1208 1630 1355 1675 (εἶναι),

281 1675 383 1709 καθόὶ
404 1674 582 1720 πρότερον
603 1668 660 1718 ἦν,
685 1679 771 1720 πρὶν
796 1673 893 1719 ἡμεῖς
914 1675 982 1717 τὴν
997 1676 1061 1708 τοῦ
1077 1678 1241 1719 βικαριόυ
1259 1687 1355 1719 περι-

284 1719 425 1753 ελόντες
453 1718 567 1764 ἀρχὴν
599 1719 683 1762 ἀξίᾳ
713 1732 753 1754 τε
783 1723 844 1753 καὶ
877 1720 1014 1762 σιτήσει
1040 1721 1179 1762 μείζονι
1203 1719 1271 1753 τὸν
1294 1722 1355 1754 ἐπὶ

282 1765 344 1807 τῆς
367 1763 510 1842 πρώτης
526 1764 705 1798 Γαλατίας
730 1763 950 1817 ἐτιμήσαμεν
970 1763 1146 1808 ἄρχοντα·
1166 1763 1233 1798 τὸν
1253 1762 1355 1807 βικά-

1423 1629 1511 1664 nihil
1545 1629 1644 1664 aliud
1678 1629 1747 1664 nisi
1779 1629 1914 1664 c1vi1em
1950 1630 2196 1666 tantummodo
2227 1630 2379 1666 iudicem
2411 1640 2500 1671 esse,

1425 1674 1619 1709 secundum
1656 1675 1749 1717 quod
1782 1673 1917 1717 pridem
1941 1677 2036 1717 erat,
2066 1675 2270 1727 priusquam
2290 1685 2356 1710 nos
2379 1675 2502 1711 vicarii

1425 1719 1645 1754 auferremus
1668 1718 2021 1761 administrationem,
2046 1720 2186 1763 dlgnam
2202 1724 2238 1755 et
2253 1720 2402 1755 annonis
2418 1720 2499 1765 plu-

1424 1763 1522 1798 rimis
1546 1763 1618 1807 ille,
1649 1763 1710 1808 qui
1739 1764 1876 1807 primae
1898 1764 2059 1799 Galatiae
2083 1765 2278 1800 honoratus
2303 1767 2358 1800 est
2380 1765 2497 1807 iudex,

417 1811 434 1841 ἑ
458 1808 570 1843 πάλιν
601 1809 794 1851 ἐπιστῆσαι
824 1818 957 1842 πασαις
985 1811 1062 1841 ταῖς
1094 1809 1156 1860 τῆς
1179 1809 1356 1850 Ποντικῆς
1369 1810 1412 1842 30
1425 1808 1594 1842 vicarium
1633 1818 1714 1842 vero
1750 1808 1877 1842 iterum
1911 1808 2097 1843 instituere
2131 1809 2294 1844 omnibus
2329 1809 2499 1844 Ponticae

306 1822 362 1843 ιον

282 1822 490 1897 §lacunosum
514 1856 707 1898 ἐπαρχίαις,
730 1849 817 1887 ὥςτε
842 1849 955 1886 αὐτὸν
978 1851 1046 1886 τὸν
1062 1865 1180 1887 τοπον
1194 1851 1356 1897 πληροῦν

280 1896 371 1944 (οὗ)
393 1899 456 1942 τῆς
481 1899 722 1944 ἐπαρχότητος
744 1896 868 1942 μόνης,
892 1895 983 1931 ἀλλὰ
1004 1900 1065 1931 καὶ
1085 1898 1150 1931 τοῦ
1172 1895 1359 1937 ἐνδοξοτά-

1425 1852 1630 1887 dioeceseos
1646 1852 1848 1896 provinciis,
1873 1853 1913 1886 ut
1935 1853 2053 1896 ipsum
2075 1854 2194 1888 locum
2213 1867 2229 1884 α
2242 1867 2258 1885 0
2271 1867 2288 1884 ι
2306 1863 2378 1889 non
2393 1863 2497 1898 prae-

1428 1896 1589 1932 fecturae
1605 1896 1726 1939 solius,
1743 1897 1806 1932 sed
1823 1896 1927 1932 etiam
1943 1897 2186 1941 gloriosissimi
2201 1898 2360 1942 magistri
2377 1908 2498 1934 sacro-

415 1989 479 2022 Ed.
502 1989 595 2023 VIII
617 1989 741 2022 Graece
766 1996 853 2022 extat
877 1989 909 2022 in
934 1988 987 2029 M,
1012 1987 1134 2022 Latine
1154 1989 1187 2022 in
1211 1989 1311 2022 Anth.
1338 1989 1471 2023 CXXI.

1337 2149 1446 2187 VIII.

662 2250 667 2256 ·
703 2218 806 2270 DE
857 2217 1216 2270 PONTICAE
1268 2218 1359 2269 DI
1360 2218 1719 2271 OEOESEOS

1777 2218 1854 2271 VI
1852 2218 2025 2270 CARI
2025 2218 2079 2270 0.

728 2295 828 2332 Idem
853 2295 1061 2343 Imperator
1086 2297 1204 2332 Basso
1228 2296 1492 2342 ploriosissimo
1509 2298 1706 2344 praefecto
1729 2308 1836 2334 sacro
1855 2298 2060 2344 praetorio.

415 2364 671 2410 Praefatio.
719 2363 799 2398 Nos
830 2363 972 2409 quidem
1002 2363 1173 2409 sufficere
1196 2363 1315 2399 civiles
1338 2365 1574 2411 maqistratus
1595 2364 1771 2401 Ponticae
1795 2364 1997 2401 dioeceseos
2012 2364 2214 2411 provinciis
2236 2364 2309 2399 rati
2330 2364 2414 2400 olim
2437 2376 2502 2402 ex-

281 2411 478 2456 coqitatum
510 2410 582 2444 illis
613 2409 702 2444 locis
733 2409 908 2445 vicarium
939 2409 978 2443 in
1009 2409 1125 2444 medio
1158 2407 1227 2444 hoc
1258 2412 1324 2443 tem
1354 2420 1416 2444 ore
1438 2409 1673 2451 inhibuimus,
1705 2409 1797 2444 nihil
1820 2421 1960 2452 eorum,
1993 2420 2086 2455 quae
2108 2413 2236 2454 postea
2259 2409 2303 2444 ab
2328 2410 2374 2444 iis
2394 2412 2501 2456 facta

279 2459 375 2496 sunt,
405 2459 593 2501 peccatum
624 2454 670 2489 iri
702 2457 947 2499 expectantes.
995 2453 1068 2488 Sed
1098 2453 1310 2498 quandoque·
1336 2464 1389 2487 em
1420 2465 1469 2489 ecc
1499 2455 1589 2500 ipsis
1619 2455 1726 2490 rebus
1748 2456 1990 2500 coynovimus,
2014 2455 2111 2490 viros
2135 2453 2299 2490 habitare
2323 2454 2390 2489 has
2410 2466 2499 2501 pro-

280 2500 418 2534 vincias
442 2499 643 2535 latrociniis
665 2503 701 2534 et
724 2498 892 2534 caedibus
915 2498 1110 2533 innutritos
1133 2504 1166 2533 et
1190 2499 1252 2544 qui
1276 2499 1374 2533 viros
1396 2509 1537 2544 semper
1560 2503 1780 2545 conqreqent
1802 2505 1964 2534 armatos
1979 2499 2095 2545 iisque
2111 2499 2283 2534 adversus
2296 2509 2335 2534 se
2351 2503 2501 2535 utantur

279 2549 314 2580 et
343 2555 483 2590 poenas
513 2544 690 2590 defuqere
715 2554 787 2589 pro
819 2543 875 2578 his
906 2543 1118 2578 constitutas
1149 2543 1294 2578 mutatis
1325 2545 1533 2587 provinciis,
1564 2545 1602 2578 in
1627 2538 1755 2589 quibus
1778 2544 1945 2579 delicturi
1968 2548 2064 2585 sunt,
2085 2543 2363 2589 provincialium
2387 2546 2499 2590 Μαρί-

279 2593 460 2624 stratuum
482 2589 583 2623 nullo
608 2599 658 2623 eoe
683 2588 1033 2667 tradita-provincia
1057 2587 1180 2633 eqredi
1204 2587 1367 2629 audente,
1393 2588 1444 2623 ita
1468 2593 1507 2623 ut
1530 2599 1637 2635 saepe
1660 2589 1758 2624 viros
1782 2590 1818 2624 in
1841 2589 2066 2635 provinciam
2089 2588 2310 2624 emiserimus
2326 2592 2362 2624 et
2373 2589 2500 2633 fiscum

854 2644 864 2667 ι

279 2634 450 2680 expensis
478 2633 758 2679 yravaverimns,
789 2644 826 2668 nt

279 2679 365 2714 lium
386 2679 491 2723 ferre
513 2682 549 2713 et
571 2678 774 2713 istiusmodi
793 2677 936 2723 slaqitia
959 2679 1156 2728 reprimere
1176 2681 1311 2728 posset,

868 2634 882 2667 l
911 2643 995 2667 vero
1020 2632 1301 2678 profecerimus,
1330 2643 1408 2667 cum
1430 2638 1577 2678 praesto
1598 2644 1671 2668 non
1695 2637 1787 2669 esset
1809 2633 2055 2679 maqistratus,
2079 2634 2142 2679 qui
2157 2636 2369 2679 promptum
2385 2635 2499 2669 auxi-

413 2723 443 2759 Ι.
492 2724 604 2759 visum
637 2727 691 2758 est
720 2733 892 2758 revocare
921 2723 1049 2758 iterum
1077 2723 1204 2757 vicarii
1233 2721 1485 2767 maqistratnm
1516 2725 1552 2758 et
1577 2720 1742 2758 Galatiae
1771 2722 1913 2768 primae
1937 2721 2145 2768 praesidem
2176 2721 2268 2756 nihil
2286 2721 2390 2757 aliud
2411 2733 2499 2765 esse,

279 2768 350 2803 nisi
372 2767 508 2803 civilem
535 2771 672 2803 tantum
695 2767 860 2808 iudicem,
884 2767 979 2802 sicut
1001 2771 1084 2801 ante
1107 2771 1197 2809 erat,
1213 2767 1432 2812 priusquam
1455 2777 1523 2802 nos
1544 2766 1687 2802 sublato
1711 2767 1839 2803 vicarii
1857 2767 2073 2812 mayistratu
2090 2765 2266 2811 diqnitate
2280 2777 2499 2812 annonaque

278 2813 416 2848 maiore
435 2814 579 2858 primae
603 2811 769 2847 Galatiae
789 2812 992 2858 praesidem
1017 2811 1291 2853 honoravimus,·
1318 2811 1490 2846 vicarium
1518 2815 1637 2847 autem
1661 2812 1778 2847 denuo
1803 2811 1966 2846 omnibus
1990 2810 2163 2845 Ponticae
2187 2811 2390 2847 dioeceseos
2405 2823 2499 2856 pro-

279 2857 405 2893 vinciis
432 2857 643 2903 praeficere,
673 2859 713 2891 ut
745 2856 862 2892 locum
892 2857 1042 2903 expleat
1071 2866 1146 2891 non
1180 2856 1292 2892 solius
1319 2857 1591 2901 praefecturae,
1622 2857 1688 2892 sed
1717 2857 1824 2892 etiam
1847 2855 2102 2901 ylariosissimi
2122 2855 2288 2901 mayistri
2311 2866 2498 2891 sacrorum

325 3027 346 3059 2
371 3027 467 3059 inser.
492 3025 532 3057 de
555 3024 763 3057 revocatione
782 3023 900 3056 vicarii
916 3024 1076 3057 Ponticae
1093 3035 1112 3060 ς
1130 3022 1143 3068 ss
1159 3025 1180 3058 4
1203 3021 1351 3066 Βάσσῳ]

279 3071 433 3112 Eugenio
450 3081 470 3106 ς
491 3071 545 3113 (cf.
559 3069 747 3102 Zachariae
770 3070 882 3102 anecd.
898 3070 961 3103 261
978 3067 1030 3105 λς’
1049 3070 1235 3111 Theophan.
1251 3069 1327 3110 235,
1341 3077 1352 3102 ι

280 3117 319 3148 de
337 3116 441 3156 Boor,
466 3115 557 3158 apud
579 3125 669 3157 quem
688 3126 717 3146 a.
736 3114 800 3147 545
817 3109 889 3147 ἀπὸ
911 3111 1080 3157 ἐπάρχων
1096 3121 1229 3147 vocatur
1244 3114 1352 3157 Enye-

279 3162 362 3202 πίας)
379 3160 391 3203 ΙΙ
410 3162 431 3194 4
454 3156 605 3202 ὑπάρχῳ
624 3158 668 3191 Μ
679 3157 691 3201 ΙΙ
711 3159 730 3192 8
754 3158 1031 3201 ἐπινενοημένιόν
1048 3171 1106 3191 om.
1125 3169 1144 3194 ς
1160 3158 1172 3201 11
1190 3159 1352 3198 ἐκείνους]

278 3205 352 3248 ipsa
376 3216 394 3241 ς
411 3205 423 3248 ΙΙ
441 3206 461 3239 9
493 3204 701 3246 ἐπέσχομεν]
729 3203 1003 3244 οοιιειοηείιηυειῗ)
1029 3215 1057 3239 ς.
1109 3204 1161 3245 Cf.
1178 3216 1248 3236 nov.
1268 3203 1359 3236 VIII

280 3263 306 3283 c.
324 3251 343 3283 3
363 3250 375 3292 ΙΙ
399 3252 440 3284 10
464 3245 581 3291 οὐδὲν]
607 3247 732 3281 nemini
755 3259 775 3283 ς
793 3247 804 3291 ΙΙ
821 3244 904 3293 παρ’
933 3244 1057 3281 αὐτῶν
1081 3261 1140 3281 om.
1165 3259 1184 3284 ς
1200 3247 1212 3292 ΙΙ
1235 3249 1274 3281 13
1295 3250 1355 3280 καὶ

280 3292 402 3337 φόνοις
419 3313 461 3318 —-
482 3297 523 3328 15
550 3290 728 3338 χρώμενοι
761 3305 820 3325 om.
844 3293 920 3331 Ma,
953 3294 1060 3336 suppl.
1088 3294 1121 3326 in
1153 3305 1255 3336 marq.
1280 3291 1352 3325 M¹’.

279 3339 465 3372 Nonnullae
501 3339 627 3372 litterae
664 3338 809 3370 abscisae
842 3344 932 3378 sunt,
970 3350 1051 3380 quas
1083 3338 1172 3370 uncis
1207 3338 1352 3370 includo:

280 3382 593 3426 ἐντεθ[ρα]μμε’νοι
605 3400 650 3406 -
663 3379 982 3426 [ὁπλο]φοροῦντας
991 3400 1034 3405 -—
1043 3379 1090 3422 [ἆ]
1095 3381 1303 3425 θ’ροίζοντες
1312 3400 1354 3406 —-

279 3424 370 3468 κ[ατ’
388 3425 564 3469 ἀλλήλῙων
582 3426 595 3470 11
619 3429 659 3460 15
684 3428 743 3458 καὶ
768 3427 829 3459 del.
855 3427 1042 3459 Zachariae
1066 3426 1237 3459 utentibus
1259 3426 1312 3459 his
1335 3437 1355 3462 ς

280 3471 291 3514 ΙΙ
315 3473 356 3505 20
390 3471 525 3515 πρᾶξαι
549 3484 607 3504 om.
629 3482 648 3507 ς
678 3470 690 3514 ΙΙ
718 3471 760 3503 26
789 3468 902 3512 μόνον
932 3478 961 3504 et
984 3469 1077 3503 εἶναι
1100 3472 1251 3514 supplevi
1273 3481 1311 3503 ex
1335 3482 1354 3506 ς

281 3517 336 3558 (cs.
363 3519 439 3557 771,
456 3520 484 3558 3)
509 3516 521 3558 ss
546 3518 587 3550 27
614 3512 869 3560 περιελθόντες
892 3516 938 3549 Μ
955 3515 967 3559 ΙΙ
994 3517 1035 3549 28
1057 3511 1155 3557 ἀξίᾳ]
1175 3515 1309 3557 dignam
1335 3526 1370 3551 ς’-

278 3559 291 3603 ll
307 3562 348 3594 31
365 3559 526 3604 πληροῦν
543 3574 600 3594 om.
616 3571 636 3596 ς
654 3561 666 3603 ΙΙ
683 3561 724 3594 32
739 3555 781 3592 οὗ
799 3571 836 3593 ex
850 3571 869 3596 ς
881 3562 987 3604 suppl.
1003 3561 1200 3601 Zachariae,
1216 3559 1266 3603 μὴ
1281 3567 1353 3593 ante

280 3601 348 3636 τὸν
371 3603 486 3638 τόπον
510 3606 587 3637 add.
613 3617 680 3638 cum
704 3605 885 3647 Scrimyero
903 3606 989 3649 vulq-

330 3692 343 3724 1
378 3668 548 3725 fielium
581 3706 637 3726 om.
663 3693 737 3734 RT,
769 3694 863 3726 habet
884 3693 918 3726 V
934 3700 962 3726 et
983 3693 1100 3726 Pistor.
1123 3696 1155 3735 fi
1174 3694 1232 3726 62²*
1264 3695 1352 3727 cuius

1423 3024 1570 3057 lectiones
1587 3024 1717 3056 enotavi
1730 3023 1865 3056 selectas
1881 3023 2025 3064 (contulit
2044 3023 2250 3066 C'hiappelli).
2268 3022 2281 3066 ΙΙ
2299 3024 2318 3056 2
2335 3024 2423 3056 rubr.
2438 3036 2496 3057 om.

1430 3068 1467 3109 V,
1482 3068 1676 3101 const.VIII
1686 3087 1729 3092 —
1742 3067 1781 3100 de
1796 3068 2018 3100 renonacione
2033 3067 2152 3100 uicarii
2167 3067 2335 3109 pontifice.
2349 3067 2401 3112 Rs.
2415 3068 2496 3102 Pist-

1421 3112 1432 3156 ΙΙ
1446 3114 1466 3145 6
1489 3112 1692 3145 sufficienter
1708 3110 1756 3146 Vt·
1769 3113 1852 3146 Pist.
1869 3112 1881 3156 ΙΙ
1902 3115 1920 3145 7
1944 3112 2133 3155 pontificatu
2145 3112 2373 3155 Vpontificem
2389 3113 2470 3146 Pist.
2485 3111 2497 3158 ΙΙ

1422 3157 1577 3190 diocesim
1598 3158 1632 3191 V
1649 3157 1789 3190 docesim
1810 3158 1894 3191 Pist.
1917 3156 1930 3192 ll
1956 3158 1975 3190 8
1999 3167 2058 3200 per
2083 3170 2140 3190 om.
2154 3157 2235 3190 Pist.
2253 3157 2265 3201 ΙΙ
2283 3159 2304 3192 9
2329 3157 2496 3190 consensi·

1422 3213 1494 3235 mus
1511 3203 1557 3244 V]
1583 3202 1800 3235 concessimus
1818 3202 1899 3235 Pist.
1920 3202 2173 3244 contempsimus
2190 3202 2285 3235 Beck
2301 3201 2314 3246 ss
2334 3204 2374 3236 10
2391 3201 2432 3234 ab
2447 3202 2495 3234 eis

1422 3260 1479 3280 om.
1502 3248 1540 3289 V,
1564 3247 1605 3279 ab
1626 3247 1696 3279 eius
1720 3247 1799 3280 Pist.
1820 3245 1832 3290 ss
1849 3246 2076 3287 derelinquere
2098 3246 2153 3288 Vn
2170 3256 2301 3288 sperare
2325 3247 2405 3280 Pist.
2420 3247 2432 3289 ΙΙ
2453 3248 2491 3280 11

1422 3292 1487 3333 ipsi
1507 3292 1586 3325 Pist.
1604 3291 1617 3335 ss
1638 3293 1677 3325 12
1702 3291 1760 3323 has
1775 3291 1961 3323 latrociniis
1978 3292 2071 3331 Pisi]
2089 3291 2296 3324 alotrociniis
2316 3291 2373 3334 Vss
2389 3290 2493 3322 domi-

1422 3336 1517 3368 cidiis
1542 3337 1623 3369 Pist.
1642 3336 1654 3379 ΙΙ
1685 3337 1724 3370 13
1751 3338 1784 3369 et
1806 3336 1961 3368 adversus
1980 3335 2097 3377 Kroll]
2122 3336 2162 3368 ad
2186 3334 2391 3368 aduersarios
2412 3334 2493 3367 Vet

1421 3381 1612 3413 aduersario
1638 3381 1720 3413 Pisi.
1739 3380 1751 3424 ΙΙ
1771 3382 1813 3414 14
1835 3382 1914 3412 sunt
1934 3380 1980 3421 V]
2008 3383 2088 3413 sunt
2106 3382 2144 3412 ut
2166 3381 2245 3413 Pis-t.
2262 3379 2276 3422 ΙΙ
2295 3381 2335 3414 15
2357 3379 2491 3411 mittent

1429 3426 1482 3458 Va
1499 3425 1512 3468 ΙΙ
1529 3425 1694 3458 neminem
1714 3426 1742 3458 V
1753 3426 1848 3467 Pisi,
1872 3437 1954 3458 corr.
1971 3425 2065 3458 Beck
2082 3425 2094 3468 ΙΙ
2113 3426 2154 3458 16
2177 3423 2299 3456 tradita
2315 3425 2384 3465 (om.
2400 3421 2489 3454 iudi-

1421 3474 1508 3510 cum)
1530 3471 1612 3503 Pist.
1644 3469 1656 3510 ΙΙ
1684 3470 1871 3512 provincias
1895 3469 2025 3510 exigere
2049 3470 2271 3512 presumentes
2295 3468 2375 3500 Pist.
2405 3466 2417 3508 ΙΙ
2449 3469 2488 3500 17

1422 3515 1554 3555 quidem
1575 3515 1621 3555 V]
1653 3514 1725 3547 dem
1750 3515 1830 3548 Pist.
1864 3513 1876 3558 ΙΙ
1911 3515 1950 3548 18
1975 3524 1995 3546 a
2018 3513 2188 3557 prouintia
2208 3512 2242 3544 V
2257 3521 2276 3543 a
2305 3509 2490 3553 prouinciis

1422 3560 1503 3592 Pist.
1529 3559 1541 3601 ΙΙ
1569 3561 1609 3593 19
1633 3559 1707 3592 uiro
1729 3559 1764 3592 V
1780 3558 1791 3603 ΙΙ
1818 3560 2025 3602 presumente
2049 3559 2131 3591 Pist.
2149 3557 2162 3599 ΙΙ
2179 3558 2220 3589 20
2241 3555 2348 3606 indita
2372 3555 2453 3605 IJist.
2478 3555 2490 3601 Η

1422 3605 1463 3637 25
1489 3603 1607 3636 calatia
1624 3603 1680 3643 Vn
1698 3605 1739 3638 28
1763 3604 1948 3636 auferemus
1970 3602 2085 3635 VPist.
2103 3601 2116 3644 ΙΙ
2132 3602 2190 3633 aut
2211 3600 2489 3633 ministrationem

1429 3648 1479 3682 V¹
1494 3649 1587 3690 Pisi,
1611 3650 1646 3680 at
1670 3661 1708 3681 ex
1731 3650 1789 3680 aut
1804 3648 1852 3680 V2
1869 3647 1882 3689 ss
1898 3648 1940 3680 29
1964 3646 2024 3678 illo
2039 3646 2074 3679 V
2088 3644 2163 3677 illos
2181 3643 2263 3676 Pisi.
2281 3641 2295 3686 ΙΙ
2311 3643 2353 3677 30
2375 3645 2488 3686 ponti-

1421 3693 1491 3726 ficis
1514 3693 1678 3726 dioceseos
1698 3693 1809 3727 VPist.
1828 3695 1840 3735 ss
1858 3692 1900 3725 32
1924 3690 2022 3723 etiam
2040 3689 2086 3729 V]
2110 3689 2142 3721 et
2161 3687 2242 3720 Pist.
