2586 3990
151 127 457 161 COGNOSCITUR
486 128 725 160 SECUNDUM
755 128 884 162 ILLAS

118 231 120 233 ’
150 228 220 262 εἴτε
250 226 326 262 ἰ’δια
356 230 426 271 ἔχει
456 228 528 262 εἴτε
558 227 605 262 τὰ
636 228 701 262 τοῦ
725 229 765 263 ἐν
789 227 1015 273 αἰχμαλωσίᾳ
1039 232 1227 274 κρατουμέ-

150 286 224 314 νου,
248 271 372 316 ἐπειδὴ
397 274 436 307 ἐν
458 276 531 307 τοῖς
554 273 748 316 εἰρημένοις
772 270 889 308 ἅπασι
907 278 980 308 τοῖς
1004 272 1094 320 ὑπὲρ
1118 274 1226 319 ἄναρ-

151 317 285 364 ρύσεως
319 316 559 363 αἰχμαλώτων
594 316 767 353 δίδοσθαι
803 317 826 363 ἢ
856 313 1121 354 ἀναλίσκεσθαι
1157 317 1227 354 δει-

150 366 334 408 κνυμένοις
363 363 410 398 τὰ
440 365 592 397 τοιαῦτα
616 363 897 411 συναλλάγματα
926 362 974 398 αἷς
1002 365 1100 411 παρὰ
1124 375 1227 410 προς-

150 409 253 444 ιόπου
278 405 503 449 αὗτεξουσίου
534 412 594 443 καὶ
616 408 751 444 τελείας
774 407 910 453 ἡλικίας
933 408 1036 444 ὄντος
1057 409 1228 457 γινόμενα

150 457 282 499 βέβαια
303 452 396 488 εἶναι
418 451 760 498 παρακελευόμεθα·
786 453 938 499 μηδενὸς
953 458 1026 489 τοῖς
1046 455 1134 499 μετὰ
1151 456 1228 489 τῶν

150 498 328 533 τοιούτων
345 497 550 543 προςιόπων
574 501 634 533 ἐπὶ
651 503 728 533 ταῖς
743 500 1067 544 μνημονευθείσαις
1088 501 1228 542 αἰτίαις,

150 542 319 589 καθάπερ
343 543 498 587 εἴρηται,
523 543 804 579 συναλλάττουσι
827 548 1066 590 προκρίματος
1088 548 1227 592 γινομέ-

149 601 222 631 νου,
251 586 412 634 ἀνάγκην
429 587 564 633 δηλαδὴ
590 592 732 633 ἔχοντος
754 591 819 624 τοῦ
839 591 878 624 ἐκ
900 592 962 633 τῆς
985 589 1228 633 αἰχμαλωσίας

1210 114 1290 162 541

2068 120 2176 164 Nov.
2208 120 2321 166 CXV
2351 122 2376 163 3

1296 229 1466 273 ponendi,
1497 228 1570 265 sive
1592 227 1707 274 ipsius
1731 230 1897 275 propriae
1927 231 1999 266 sint
2029 231 2102 267 sive
2125 232 2221 267 illius
2253 233 2314 277 qui
2337 232 2374 268 in

1298 275 1502 319 captivitate
1526 274 1714 316 detinetur,
1737 275 1903 319 quoniam
1926 275 1963 311 in
1984 276 2175 321 praedictis
2201 278 2376 320 omnibus

1297 330 1389 364 quae
1418 330 1483 364 pro
1509 319 1728 365 captivorum
1752 319 1994 373 redemptione
2024 322 2108 357 data
2137 323 2196 357 vel
2219 333 2376 368 expensa

1296 365 1556 409 probabuntur,
1590 366 1796 400 contractus
1821 365 2022 401 hulusmodi
2045 370 2225 419 tamquam
2248 378 2270 403 a
2293 378 2375 413 per-

1264 412 1385 445 5sona
1414 420 1502 445 suae
1533 410 1720 455 potestatis
1754 414 1789 445 et
1820 410 1852 446 le
1875 410 1995 446 itimae
2026 414 2153 448 aetatis
2178 414 2293 449 factos
2324 413 2376 448 ita

1296 455 1417 490 firmos
1441 465 1520 490 esse
1543 455 1777 498 decernimus,
1802 466 1851 490 nu
1867 456 1900 491 lo
1918 457 1967 491 eis
1992 457 2051 501 qui
2075 467 2154 492 cum
2171 457 2375 494 huiusmodi

1297 500 1457 544 personis
1495 500 1532 535 in
1566 501 1768 536 memoratis
1803 501 1920 536 causis
1958 513 2027 546 quo
2064 503 2285 546 praedictum
2320 508 2376 539 est

1297 546 1401 581 modo
1426 548 1682 581 contraxerunt
1711 545 1928 590 praeiudicio
1960 548 2180 591 generando:
2218 549 2373 584 necessi-

1297 592 1406 626 tatem
1430 591 1566 626 scilicet
1588 590 1743 626 habente
1774 601 1816 626 eo
1849 591 1909 635 qui
1932 601 1976 627 ex
2001 592 2207 636 captivitate
2230 594 2375 629 redierit

149 635 432 679 ἐπανερχομένου
448 635 494 669 τὰ
511 636 663 669 τοιαῦτα
687 634 966 681 συναλλάγματα
985 638 1118 679 βέβαια
1134 631 1226 680 ἡγεῖ·
1242 637 1283 669 10
1297 636 1386 671 tales
1419 638 1624 671 contractus
1655 638 1753 671 ratos
1786 636 1919 673 habere
1951 641 1987 671 et
2018 637 2068 672 eis
2093 639 2276 683 tamquam
2299 639 2373 675 suis

148 678 242 712 σθαι
265 682 325 712 καὶ
348 680 489 714 τούτοις
513 678 560 713 ais
584 678 686 714 ἰδίοις
710 677 918 726 ὀφλήμασιν
941 680 1141 722 ἐνέχεσθαι.

147 725 194 759 14
237 724 273 757 εἴ
287 735 342 758 τις
365 726 403 758 ἐκ
419 727 496 759 τῶν
511 725 842 773 μνημονευθέντων
865 728 1004 772 γονέων
1028 721 1226 770 ὀρθόδοξος

147 768 324 814 ὑπάρχων
349 770 525 812 αἴσθηται
556 770 624 805 τὸν
648 768 739 805 ἴδιον
763 768 877 805 παῖδα
906 768 929 813 ἢ
953 767 1084 804 παῖδας
1106 770 1155 813 μὴ
1180 770 1226 803 εἶ·

147 828 208 848 ναι
231 815 295 857 τῆς
317 815 512 858 καθολικῆς
535 819 690 851 πίστεως
720 814 811 859 μηδὲ
834 817 873 849 ἐν
893 816 937 861 τῇ
962 812 1147 862 ἃγιωτάτῃ
1171 816 1225 848 ἐκ-

1296 681 1424 716 debitis
1448 680 1607 725 obligari.

1295 726 1342 761 14
1387 726 1425 761 Si
1445 726 1524 771 quis
1545 725 1588 761 de
1607 725 1798 771 praedictis
1819 727 2028 771 parentibus
2047 728 2269 764 orthodoxus
2288 739 2372 764 con-

1295 771 1441 806 stitutus
1472 771 1624 807 senserit
1654 782 1758 806 suum
1789 771 1901 806 filium
1937 773 1992 808 vel
2028 773 2159 810 liberos
2192 784 2264 809 non
2296 784 2374 809 esse

1295 816 1494 852 catholicae
1518 816 1600 851 fidei
1628 827 1695 852 nec
1718 817 1755 851 in
1780 822 2012 853 sacrosancta
2042 818 2194 853 ecclesia
2218 829 2372 854 commu-

147 858 274 902 κλησίᾳ
295 863 494 902 κοινωνεῖν,
527 862 567 895 έν
589 853 613 908 ᾗ
636 859 771 915 πάντες
800 860 837 895 οἱ
863 860 1133 913 μακαριώτατοι
1158 872 1224 895 πα-
1241 863 1282 895 15
1295 862 1425 903 nicare,
1449 861 1485 896 in
1507 871 1575 906 qua
1592 871 1713 897 omnes
1733 862 1926 898 beatissimi
1947 863 2174 907 patriarchae
2198 874 2271 899 una
2290 875 2371 900 con-

147 906 311 950 τριάρχαι
341 907 407 949 μιᾷ
438 910 619 950 συμπνοίᾳ
648 909 708 939 καὶ
731 910 883 950 ομονοίᾳ
912 919 984 948 την
1015 902 1227 950 ὀρθοτάτην

148 954 274 985 πίστιν
296 950 538 995 κηρύσσουσιν
560 953 619 985 καὶ
643 950 706 984 τὰς
723 949 826 997 ἁγίας
847 954 1021 995 τέσσαρας
1045 948 1226 992 συνόδους,

146 995 214 1038 τὴν
239 996 279 1028 ἐν
295 998 431 1038 Ninaia
454 999 514 1029 καὶ
536 996 604 1039 τὴν
627 995 1074 1030 ἐνΚωνσταντινουπόλει
1097 993 1164 1038 τήν
1187 1008 1227 1029 τε

147 1042 187 1074 έν
209 1038 346 1095 Ἐφέσῳ
371 1040 521 1095 πραέτην
544 1044 602 1075 καὶ
626 1041 695 1084 τὴν
719 1043 758 1075 ἐν
780 1038 1002 1084 Χαλκηδόνι,
1027 1040 1222 1085 περιπτύσ-

1295 907 1490 951 spiratione
1515 910 1549 942 et
1569 907 1761 943 concordia
1783 907 1888 943 fidem
1911 909 2143 944 rectissimam
2167 909 2374 954 praedicare

1296 956 1331 986 et
1355 954 1499 988 sanctas
1547 954 1693 988 uattuor
1717 952 1882 998 synodos,
1907 953 2102 989 Nicaenam
2122 954 2371 990 Constantino-

1295 996 1490 1041 politanam
1546 998 1744 1042 'phesinam
1779 999 1928 1043 primam
1963 1001 2001 1034 et
2036 999 2372 1041 calchedonensem‚

1292 1042 1459 1086 amplecti
1475 1052 1537 1078 seu
1554 1043 1706 1078 recitare
1721 1046 1928 1087 noscuntur,
1952 1059 2081 1076 *uu*
2107 1044 2287 1080 licentiam
2307 1056 2372 1090 pro

147 1086 406 1138 caedat-nyovv
423 1085 882 1141 avaatqswywpauoth,
907 1089 967 1119 καὶ
987 1084 1224 1129 ὃιαμείνωσιν
1239 1088 1281 1121 20
1294 1087 1362 1122 hac
1383 1088 1534 1123 maxime
1559 1098 1670 1123 causa
1693 1088 1852 1133 ingratos
1877 1100 1939 1125 eos
1969 1094 2005 1125 et
2026 1090 2221 1126 exheredes
2244 1090 2283 1125 in
2306 1101 2372 1126 suo

147 1130 182 1164 οἱ
198 1143 356 1164 τοιουτοι
377 1129 500 1166 παῖδες
523 1132 563 1165 ἐν
586 1144 630 1178 τῃ
655 1133 746 1178 αυτῇ
770 1129 942 1174 ἀπιστίᾳ,
975 1128 1122 1176 δίδομεν
1152 1134 1225 1165 τοῖς

147 1173 271 1209 αὐτῶν
294 1178 459 1221 γονεῦσιν
488 1174 614 1210 ἄδειαν
638 1174 728 1221 ὑπὲρ
752 1177 882 1219 ταύτης
904 1175 1062 1220 μάλιστα
1085 1177 1148 1219 τῆς
1171 1177 1225 1210 αἰ·-

146 1225 224 1255 τιάς
254 1217 463 1267 ἀχαρίστους
495 1221 623 1255 αὐτοὺς
652 1224 712 1255 καὶ
741 1219 814 1257 ἀπὸ
846 1219 1082 1267 κληρονόμων
1111 1223 1150 1255 ἐν
1178 1222 1226 1268 τῇ

147 1264 222 1309 ἰδίᾳ
244 1279 267 1312 γ
290 1265 397 1312 άφειν
420 1264 589 1314 διαθήκῃ.
636 1269 697 1300 καὶ
720 1268 828 1301 τοῦτο
851 1269 917 1310 μὲν
941 1269 1001 1301 ἐπὶ
1017 1264 1225 1309 ἀχαριστίας

147 1313 245 1354 αἰτίᾳ
262 1279 288 1345 δ
409 1310 417 1320 ’

146 1360 218 1390 τοῖς
237 1353 454 1402 ὀρθοδόξοις
473 1360 684 1402 παρέχοντες
704 1355 901 1401 κελεύομεν,
922 1356 1032 1399 caiam
1048 1356 1224 1403 φυλαττο-

145 1405 267 1446 μένων
297 1402 374 1435 τῶν
396 1401 522 1446 νόμων
552 1403 629 1436 τῶν
652 1399 720 1445 ἤδη
744 1405 826 1448 περὶ
849 1403 926 1437 τῶν
949 1401 1072 1436 ἄλλων
1095 1402 1223 1449 αἱρετι-

146 1448 222 1481 κῶν
246 1447 546 1492 προενεχθέντων
575 1450 634 1481 καὶ
665 1450 746 1493 περὶ
774 1446 856 1482 τοὺς
879 1447 1143 1493 Νεστοριανοὺς
1166 1450 1226 1481 καὶ

146 1492 227 1526 τοὺς
256 1489 466 1547 Ἀκεφάλους
500 1493 616 1526 ταῦτα
650 1490 921 1548 φυλάττεσθαι,
957 1490 1044 1526 dicre
1075 1493 1111 1526 εἴ
1136 1505 1227 1528 ποτε

1294 1132 1451 1167 scribere
1474 1135 1700 1168 testamento.
1749 1134 1797 1169 Et
1819 1134 1888 1169 hoc
1918 1135 2056 1180 quidem
2088 1146 2153 1180 pro
2184 1135 2372 1180 ingratitu-

1294 1177 1386 1212 dinis
1412 1187 1521 1212 causa
1545 1178 1772 1214 decrevimus.
1814 1180 2022 1215 Generalem
2046 1184 2166 1215 autem
2184 1181 2371 1226 providen-

1294 1223 1379 1257 tiam
1399 1223 1519 1258 liberis
1540 1223 1724 1258 catholicis
1746 1224 1945 1260 deferentes
1962 1226 2135 1268 iubemus,
2158 1226 2265 1262 salvis
2286 1226 2372 1271 legi-

1294 1268 1361 1303 bus
1394 1278 1485 1313 quae
1515 1267 1586 1302 iam
1619 1268 1662 1302 de
1686 1268 1766 1303 aliis
1798 1269 1986 1306 haereticis
2019 1274 2104 1306 sunt
2126 1271 2305 1315 prolatae.
2336 1275 2373 1306 et

285 1323 551 1356 ιετυπωσαμεν·
589 1311 733 1358 γενικὴν
758 1310 797 1346 δὲ
821 1312 1000 1357 πρόνοιαν
1022 1314 1095 1346 τοῖς
1119 1315 1225 1347 παισὶ
1239 1315 1280 1347 25
1295 1313 1391 1348 circa
1412 1313 1647 1348 Nestorianos
1672 1318 1707 1348 et
1727 1315 1802 1349 Ace
1829 1314 1930 1349 halos
1955 1316 2044 1350 haec
2068 1316 2260 1357 observari,
2285 1321 2324 1351 ut
2341 1316 2373 1351 si

1294 1358 1435 1402 quando
1455 1362 1620 1403 parentes
1644 1358 1778 1394 inventi
1818 1360 1935 1394 uerint
1959 1361 2030 1396 sive
2048 1361 2194 1397 Iudaico
2214 1361 2372 1396 Nestorii

1293 1404 1407 1440 furori
1423 1403 1531 1439 dediti
1551 1403 1623 1439 sive
1638 1404 1901 1449 Acephalorum
1922 1406 2177 1452 amplectentes
2196 1406 2372 1442 insaniam

145 1541 259 1583 γονεῖς
288 1537 471 1582 ευρεθεῖεν
502 1538 573 1572 εἴτε
602 1539 662 1592 τῇ)
684 1536 849 1585 Ιουδαϊκῇ
881 1541 1078 1582 Νεστορίου
1111 1541 1226 1582 μανίᾳ
1239 1540 1282 1573 30

146 1580 368 1627 ἐκδεδομένοι
392 1582 463 1616 εἴτε
478 1582 547 1625 τὴν
563 1583 640 1616 τῶν
656 1583 862 1629 Ακεφάλων
880 1582 1011 1618 ἄνοιαν
1032 1594 1229 1629 περιπτυσ-

210 1674 230 1716 §
258 1675 298 1708 14
328 1686 479 1707 summam
500 1682 647 1717 praestat
669 1674 802 1708 Nomoc.
826 1675 929 1708 XIV
947 1676 993 1708 tit.
1018 1677 1068 1716 10,
1084 1683 1111 1716 8,
1142 1676 1215 1718 ipsa
1245 1677 1343 1708 verba
1372 1673 1408 1708 εἴ
1426 1684 1479 1708 τις
1510 1675 1549 1707 ἐκ
1571 1675 1649 1709 τῶν
1675 1695 1716 1700 —·
1742 1678 1819 1719 543,
1832 1685 1864 1711 18
1890 1675 2172 1721 φυλαττομένων
2206 1680 2374 1723 adscripta

143 1726 218 1751 sunt
241 1720 274 1752 in
299 1718 479 1752 Nemee-‘¹⁷¹¹
504 1720 524 1752 l.
549 1732 576 1753 c.
608 1720 676 1761 (ubi
699 1721 817 1753 citatur
843 1722 893 1763 βι.
920 1717 966 1752 λε’
991 1719 1070 1754 τῶν
1091 1718 1294 1764 βασιλικῶν
1317 1723 1362 1753 τί.
1384 1718 1414 1762 η’
1441 1731 1488 1752 κε.
1514 1718 1578 1762 λη’,
1611 1720 1708 1754 ἔνθα
1732 1719 1773 1754 ιε’
1800 1722 1920 1755 αἰτίαν
1943 1721 2222 1769 ἐξηρεδατίωνος
2245 1720 2372 1758 ἀποδί-

145 1761 282 1805 δωσιν).
306 1782 351 1788 --
375 1764 591 1797 Summarium
615 1765 691 1798 Ath.
716 1767 870 1808 repetitur
893 1767 927 1799 in
946 1766 1116 1809 paratinis
1139 1766 1214 1799 Ath.
1230 1767 1250 1800 3
1273 1771 1288 1805 §
1307 1774 1331 1799 7.

141 1851 291 1899 piqnori
315 1851 488 1898 obliqare,
511 1852 586 1888 sive
603 1853 778 1900 proprias
800 1852 906 1889 babet
927 1854 1002 1889 sive
1024 1854 1101 1889 eius
1125 1855 1188 1900 qui
1210 1854 1248 1888 in
1273 1853 1483 1900 captivitate
1507 1853 1700 1897 detinetur,
1726 1856 1897 1901 quoniam
1921 1856 1959 1890 in
1983 1857 2028 1892 iis
2052 1865 2146 1902 qaae
2169 1857 2266 1892 dicta
2289 1862 2374 1893 sunt

145 1897 318 1940 omnibus,
350 1909 443 1944 qaae
473 1909 544 1943 pro
566 1898 812 1945 redemptione
844 1900 1069 1950 captivorum
1101 1899 1184 1934 dari
1207 1899 1263 1935 vel
1286 1899 1447 1945 expendi
1467 1898 1679 1945 probentur,
1711 1900 1887 1936 eiusmodi
1908 1905 2115 1937 contractas
2145 1906 2326 1948 tamquam
2350 1915 2374 1938 a

140 1953 299 1989 persona
321 1943 379 1977 sai
401 1943 492 1978 iaris
515 1946 549 1978 et
564 1944 758 1990 perfectae
781 1948 913 1979 aetatis
933 1944 1058 1990 factos
1078 1945 1205 1989 firmos
1228 1955 1305 1980 esse
1323 1944 1504 1986 iubemus;
1527 1948 1569 1980 at
1588 1944 1726 1980 nultum
1750 1946 1797 1980 iis
1820 1946 1886 1991 qui
1907 1957 1986 1981 cum
2007 1947 2185 1983 eiusmodi
2204 1948 2374 1994 personis

144 1988 182 2022 in
205 1988 409 2022 memoratis
432 1989 563 2030 causis,
585 1990 693 2024 sicuti
717 1989 850 2024 dictam
873 1994 942 2032 est,
977 1989 1212 2032 contrahant,
1235 1990 1499 2041 praeiudicium
1519 1990 1604 2034 fiat,
1639 2000 1718 2024 cam
1741 1991 1879 2026 scilicet
1901 2003 1980 2026 eum
2006 1993 2072 2037 qai
2092 2003 2141 2028 ex
2164 1994 2373 2039 captivitate

145 2032 270 2067 redeat
292 2042 433 2067 necesse
455 2033 502 2067 sit
525 2033 699 2068 eiusmodi
723 2037 930 2069 contractus
952 2039 1054 2069 ratos
1077 2034 1209 2070 babere
1232 2035 1346 2080 iisque
1372 2039 1443 2069 tam
1471 2045 1554 2069 uam
1571 2036 1740 2086 propriis
1763 2035 1890 2072 debitis
1914 2037 2079 2083 obtiqari.

144 2078 191 2113 14
236 2075 278 2111 Si
301 2078 383 2122 qais
405 2087 454 2112 ex
471 2078 674 2123 praedictis
691 2078 906 2123 parentibus
929 2089 1009 2113 cum
1034 2078 1265 2115 orthodoxas
1287 2080 1335 2114 sit
1356 2079 1445 2114 intel
1458 2080 1577 2114 exerit
1596 2080 1713 2123 filium
1737 2091 1841 2115 saum
1867 2081 1924 2117 vel
1941 2082 2041 2126 filios
2063 2081 2264 2118 catholicae
2285 2083 2373 2128 fidei

146 2133 218 2158 non
242 2132 318 2158 esse
348 2132 463 2167 neque
485 2123 733 2157 sanctissimae
757 2123 925 2158 ecclesiae
949 2125 1197 2159 communione
1220 2125 1288 2167 ati,
1321 2124 1359 2157 in
1383 2134 1455 2169 qua
1486 2135 1607 2159 omnes
1638 2124 1834 2160 beatissimi
1890 2126 2095 2162 atriarchae
2125 2139 2199 2163 una
2229 2128 2372 2174 conspi-

146 2168 286 2202 ratione
310 2170 343 2202 et
367 2167 562 2202 concordia
583 2168 817 2202 rectissimam
845 2168 953 2212 fidem
981 2168 1197 2213 praedicant
1225 2173 1260 2203 et
1283 2174 1455 2214 quattuor
1478 2173 1605 2203 sancta
1629 2170 1800 2211 concilia,
1870 2171 2034 2206 icaenum
2058 2176 2094 2207 et
2119 2172 2371 2208 Constantino-

144 2212 346 2258 politanum
371 2216 407 2246 et
431 2210 652 2257 Ephesinam
674 2213 830 2258 primum
853 2217 889 2247 et
913 2212 1200 2250 Chalcedonense
1223 2213 1393 2259 amplecti
1414 2213 1487 2247 sive
1503 2213 1635 2257 efferre
1658 2218 1915 2259 aqnoscantar‚
1941 2220 2050 2262 atque
2070 2217 2246 2252 eiusmodi
2269 2218 2371 2253 liberi

145 2259 183 2292 in
206 2256 329 2292 eadem
353 2256 564 2301 infidelitate
583 2262 831 2303 perseverent,
855 2258 1072 2303 parentibus
1106 2268 1231 2292 eorum
1259 2261 1473 2303 potestatem
1504 2257 1632 2292 damas
1656 2263 1815 2304 propter
1844 2259 1939 2294 banc
1962 2261 2192 2307 potissimam
2224 2273 2371 2298 causam

146 2304 312 2348 inqratos
335 2312 398 2336 eos
421 2306 456 2336 et
479 2302 676 2337 exheredes
699 2302 737 2336 in
762 2307 970 2338 testamento
995 2313 1060 2337 suo
1082 2302 1271 2337 scribendi.
1319 2304 1436 2347 Atque
1460 2301 1529 2337 hoc
1560 2303 1701 2347 quidem
1732 2303 1776 2339 de
1799 2304 2074 2350 inqratitadinis
2103 2317 2214 2341 causa
2238 2308 2370 2343 consti-

147 2349 300 2388 taimas;
334 2347 538 2392 qeneralem
561 2351 678 2382 autem
702 2357 826 2382 caram
851 2347 972 2382 tiberis
996 2347 1215 2382 orthodoxis
1238 2346 1437 2382 adhibituri
1459 2346 1630 2387 iubemus,
1662 2347 1773 2384 salvis
1794 2351 1946 2384 servatis
1968 2350 2107 2395 teqibas
2129 2362 2224 2396 qaae
2248 2352 2291 2387 de
2314 2363 2370 2388 ce-

147 2393 233 2429 teris
255 2391 445 2427 haereticis
467 2392 540 2426 iam
556 2392 732 2438 prolatae
754 2396 838 2427 sant
869 2393 976 2427 etiam
1001 2392 1044 2427 cle
1068 2392 1300 2427 Nestorianis
1322 2397 1357 2427 et
1381 2391 1575 2437 Aceplzalis
1604 2391 1694 2428 haee
1717 2393 1918 2429 observari:
1950 2396 2000 2430 ita
2024 2400 2080 2439 ut,
2110 2397 2143 2431 si
2171 2397 2275 2442 forte
2299 2409 2370 2444 pa-

146 2445 265 2473 rentes
285 2436 602 2483 deprehendantur
620 2438 693 2472 sive
710 2435 863 2472 Iudaico
881 2437 1043 2472 Nestorii
1060 2437 1187 2482 furori
1204 2437 1316 2472 dediti
1334 2437 1408 2472 sive
1423 2436 1690 2483 Acephaloram
1710 2438 1919 2474 dementiam
1940 2440 2102 2486 amplexi
2120 2446 2155 2476 et
2167 2446 2370 2488 propterea

194 2530 208 2561 1
235 2527 307 2568 ἔχοι
332 2528 381 2560 Βε
401 2540 432 2560 υ.
450 2528 481 2569 L,
499 2527 555 2560 Pr.
571 2529 634 2570 Ep.
646 2529 690 2570 (ς)
707 2527 719 2571 11
737 2529 757 2561 2
778 2528 829 2569 ἐν]
855 2528 915 2561 ἐπὶ
931 2529 961 2560 A
981 2529 992 2571 11
1014 2530 1035 2562 4
1058 2527 1117 2569 τὰ]
1143 2525 1222 2568 ἢτοι

146 2572 192 2605 τὰ
210 2573 241 2606 Α
261 2576 271 2613 11
298 2575 317 2606 5
342 2569 469 2614 ὅντως,
493 2585 523 2604 υ.
541 2574 561 2606 l.
584 2568 682 2606 οὕτω
701 2574 748 2606 13⁸
763 2574 774 2616 11
792 2571 969 2618 γενόμενα
985 2574 1015 2606 Α
1034 2574 1086 2606 Pr.
1105 2574 1117 2616 11
1135 2575 1155 2607 6
1169 2585 1223 2605 κε-

147 2617 293 2661 λεύομεν
307 2619 338 2650 A
357 2617 369 2655 ΙΙ
384 2620 457 2650 τοῖς
473 2630 531 2651 om.
546 2618 596 2651 B⁸
611 2631 640 2650 v.
657 2620 675 2651 l.
701 2619 758 2651 Pr.
773 2631 802 2650 v.
815 2620 834 2651 l.
851 2618 864 2661 11
884 2620 903 2652 8
916 2615 1224 2651 συναλλάττουσιν

144 2671 217 2706 post
229 2658 451 2707 ’προσώπων
464 2665 509 2702 (7)
535 2664 606 2696 coll.
621 2664 650 2695 A
666 2663 679 2706 11
697 2665 718 2697 9
735 2658 874 2708 ἀνάγκη
887 2664 935 2696 L¹
951 2666 962 2705 11
982 2660 1152 2705 δηλονότι
1165 2664 1196 2696 A
1212 2662 1224 2707 11

149 2711 188 2741 12
202 2707 242 2741 ιε’
256 2721 357 2750 marq.
371 2708 401 2740 A
414 2707 426 2752 11
436 2707 780 2751 μνημονευθέντων]
804 2708 1002 2753 εἰρημένων
1015 2710 1064 2742 Βδ
1083 2709 1094 2751 11
1114 2710 1153 2742 14
1167 2711 1222 2741 πί-

146 2754 269 2794 στεως]
286 2750 469 2795 ἐκκλησίας
484 2756 638 2787 πίστεως
654 2755 700 2786 La
725 2752 908 2796 ἐκκλησίας
923 2756 983 2786 καὶ
1001 2756 1156 2787 πίστεως
1168 2756 1198 2786 Α
1210 2752 1222 2797 11

146 2799 185 2831 ἐν
203 2798 249 2843 τῇ
270 2794 457 2843 ἁγιωτάτῃ
474 2796 640 2840 ἐκκλησίᾳ
657 2812 713 2831 οηι,
727 2799 769 2838 A,
795 2800 834 2832 ἐν
849 2813 906 2832 om.
918 2798 1059 2833 Numam
1076 2798 1087 2842 11
1110 2800 1149 2832 16
1166 2794 1223 2843 ὅρ-

146 2839 398 2885 θοδοξοτάτην
423 2845 479 2876 Pr.
495 2844 609 2877 Nom.d
625 2845 637 2886 11
665 2846 704 2877 17
727 2844 914 2888 κηρύττειν
939 2843 1140 2887 (κηρύσσειν
1154 2844 1223 2882 Pr.)

145 2889 176 2921 A
190 2889 245 2921 Pr.
262 2889 325 2930 Ep.
339 2901 358 2924 ς
382 2888 394 2931 11
418 2890 591 2932 τέσσαρας
606 2890 675 2921 MA
685 2891 715 2929 ς]
740 2889 833 2922 ἑπτὰ
855 2890 885 2921 L
901 2890 956 2922 Pr.
971 2890 1035 2932 Ep.
1049 2888 1189 2922 Nomfim
1212 2891 1222 2930 11

149 2934 188 2967 18
213 2935 284 2973 καὶ]
310 2946 367 2965 om.
382 2934 409 2965 A
422 2945 451 2974 ς,
477 2933 628 2977 πρώτην
640 2935 696 2966 Pr.
710 2934 773 2976 Ep.
792 2934 804 2976 11
823 2930 1222 2973 Κωνσταντινουπόλει]

147 2973 298 3020 πρώτην
311 2979 388 3010 add.
400 2978 456 3010 Pr.
468 2979 530 3020 Ep.
549 2978 561 3021 11
579 2990 618 3011 τε
638 2992 694 3011 om.
708 2979 766 3015 Ας
777 2979 835 3012 Pr.
846 2980 910 3022 Ep.
927 2979 940 3022 11
961 2981 1001 3012 19
1015 2980 1073 3010 καὶ
1095 2992 1153 3011 om.
1165 2979 1222 3011 Pr.

140 3021 241 3065 -κΕρ11
266 3020 486 3063 Χαλκηδόνι]
510 3020 704 3064 καλχηδόνι
717 3023 858 3064 Νοιη.’”,
882 3023 950 3066 τὴν
970 3024 1009 3056 ἐν
1027 3026 1222 3056 Κωνσταν-

146 3066 350 3100 τινουπόλει
367 3064 547 3111 δευτέραν,
572 3064 739 3101 &sacrm
761 3071 819 3101 καὶ
842 3068 911 3110 τὴν
934 3069 973 3102 ἐν
990 3071 1223 3101 Κωνσταντι-

146 3108 317 3145 νουπόλει
335 3114 463 3155 τρίτην
484 3111 537 3151 (τὸ
556 3110 734 3157 δεύτερον,
757 3112 826 3155 τὴν
846 3109 927 3146 κατ’
947 3109 1060 3155 αὐτὴν
1076 3112 1143 3154 τὴν
1159 3116 1224 3156 βα-

147 3153 267 3189 σιλίδα
290 3155 399 3190 πόλιν
423 3154 695 3201 ἀθροισθεῖσαν
719 3157 760 3190 τὸ
783 3161 907 3202 τρίτον
938 3157 991 3199 [τὸ
1017 3161 1140 3202 τρίτον
1165 3171 1222 3191 om.

148 3201 273 3243 Nema]
294 3201 457 3243 Nom.dm)‚
476 3204 536 3234 καὶ
552 3201 620 3244 τὴν
636 3203 676 3235 ἐν
689 3204 825 3245 Ninaia
839 3203 883 3236 τὸ
901 3200 1066 3247 δεύτερον
1079 3205 1155 3236 add.
1169 3204 1222 3236 Pr.

147 3248 211 3289 Ep.
226 3246 368 3281 Nomflm
393 3246 404 3287 11
433 3249 475 3280 20
500 3245 720 3291 διαμένωσιν
740 3248 798 3281 Pr.
829 3245 1074 3290 διαμείνουσιν
1096 3247 1156 3291 Α’11
1182 3249 1223 3282 22

147 3290 273 3325 ἄδειαν
293 3305 350 3325 om.
364 3293 414 3324 Aa
429 3291 442 3336 11
463 3293 502 3325 23
525 3288 599 3325 ἀπὸ
622 3291 857 3337 κληρονόμων
872 3294 953 3334 MA]
979 3288 1223 3338 οἷποκληρονό-

146 3346 230 3380 μους
243 3337 339 3370 LPr.
351 3337 493 3370 Nom.dm
513 3333 731 3382 ἆποκλήρους
744 3339 808 3381 Ep.
822 3337 834 3383 11
847 3339 887 3371 ἐν
900 3351 958 3371 om.
969 3339 1000 3371 L
1019 3337 1031 3382 11
1048 3340 1091 3371 24
1105 3338 1222 3380 τοῦτο]

139 3382 264 3414 ’ταῦτα
274 3382 316 3422 Α,
331 3382 387 3415 Pr.
397 3383 545 3426 plerique
567 3384 622 3426 (cf.
637 3385 682 3416 ad
701 3385 732 3425 ς)
753 3383 764 3426 11
791 3384 863 3424 ἐπὶ]
888 3385 969 3427 περὶ
984 3384 1038 3417 Pr.
1051 3385 1198 3426 plerique
1212 3384 1223 3428 11

148 3429 189 3460 25
214 3427 344 3460 αἰτίαις
370 3429 397 3459 Α
434 3426 481 3460 τὰ
506 3427 605 3460 αἴτια
630 3428 685 3460 Pr.
701 3428 849 3472 plerique
875 3428 888 3473 11
916 3431 990 3462 τοῖς
1015 3423 1223 3473 ὄρθοδόξοις

148 3475 251 3505 παισὶ
271 3473 299 3505 A
319 3474 330 3514 11
356 3473 398 3505 26
423 3470 545 3514 σῴων]
570 3465 635 3506 οὖν
653 3474 684 3506 L
701 3473 714 3517 11
738 3475 778 3507 27
795 3473 873 3507 τῶν
893 3471 1019 3517 νόμων
1043 3474 1120 3506 τῶν
1144 3471 1223 3517 ἤδη]

149 3517 224 3549 τῶν
236 3514 303 3559 ἤδη
320 3513 446 3561 νόμων
458 3519 487 3550 A
500 3518 511 3562 11
523 3516 645 3551 ἄλλων
659 3531 715 3551 om.
728 3519 783 3551 Pr.
795 3518 806 3562 11
821 3517 1010 3562 αἱρετικῶν
1022 3517 1223 3563 προεξενεχ-

148 3561 336 3595 θέντωνΑ
361 3563 662 3608 προενεχθέντων
678 3562 870 3607 αἱρετικῶν
894 3564 1031 3597 Nom.d²⁷1
1059 3565 1071 3608 11
1099 3565 1140 3599 28
1164 3567 1224 3597 καὶ

148 3605 241 3648 τοὺς]
266 3606 346 3640 τοὺς
371 3621 428 3641 om.
449 3609 479 3641 A
510 3610 521 3652 11
551 3610 592 3642 29
617 3609 734 3642 ταῦτα
754 3628 798 3634 -
820 3610 860 3644 31
888 3607 1223 3653 περιπτυσσόμενοι]

149 3647 314 3685 (ὁςαύτως
346 3649 386 3686 δὲ
413 3656 474 3686 καὶ
498 3656 579 3696 περὶ
610 3652 692 3687 τοὺς
716 3653 912 3697 ἶακωβίτας
942 3657 1000 3686 καὶ
1024 3652 1223 3697 μονοθελή-

148 3706 211 3729 τας
225 3698 284 3729 καὶ
301 3697 546 3742 εἰκονομάχους
569 3701 629 3731 καὶ
648 3694 732 3732 ὅσαι
747 3697 852 3732 ἄλλαι
870 3698 1018 3745 αἱρέσεις
1039 3699 1105 3732 εἰσὶ
1126 3699 1223 3744 παρὰ

1290 2527 1354 2569 τῆς
1369 2524 1565 2569 καθολικῆς
1579 2529 1639 2559 καὶ
1654 2523 1891 2571 ἀποστολικῆς
1915 2527 2098 2572 ἐκκλησίας
2121 2526 2370 2576 ἅποκηρυσσό-

1290 2584 1414 2614 μεναι,
1444 2571 1476 2604 εἰ
1498 2572 1542 2614 (εἰ
1567 2585 1624 2605 om.
1650 2586 1680 2605 v.
1707 2574 1742 2614 l.)
1770 2575 1830 2606 καὶ
1853 2572 2003 2609 ταύταις
2035 2575 2246 2621 φωραθεῖεν
2275 2589 2371 2611 τινες

1291 2615 1509 2660 ἐνεχόμενοι,
1534 2616 1578 2650 τὰ
1603 2613 1695 2651 αὐτὰ
1716 2620 1798 2663 περὶ
1822 2618 1967 2652 τούτους
1990 2616 2156 2654 ἅπαντας
2179 2618 2369 2666 ἇπαραβά-

1290 2672 1362 2695 τως
1385 2660 1654 2706 φυλάττεσθαι·
1678 2658 1773 2696 ὥστε
1797 2663 1834 2696 εἴ
1852 2676 1940 2698 ποτε
1961 2667 2076 2711 γονεῖς
2099 2663 2280 2710 εὑρεθεῖεν
2303 2669 2369 2711 μιᾷ

1290 2707 1367 2740 τῶν
1390 2703 1705 2753 ἆπηριθμημένων
1728 2706 1902 2753 αἱρέσεων
1926 2707 1948 2752 ἢ
1979 2713 2039 2743 καὶ
2062 2710 2167 2754 ἑτέρᾳ
2190 2715 2265 2745 τινὶ
2288 2712 2369 2746 τού-

1289 2763 1366 2784 των
1383 2751 1620 2798 παραπλησίᾳ
1636 2751 1868 2796 κατεχόμενοι
1885 2755 1940 2788 Pr.
1957 2756 2036 2796 (sim.
2051 2757 2139 2799 Ep.).
2168 2759 2233 2790 Pro
2253 2758 2370 2791 ταῦτα

1290 2798 1396 2830 malim
1417 2793 1534 2830 ταύτὰ
1552 2797 1564 2840 11
1583 2799 1625 2832 30
1652 2799 1861 2844 Νεστορίου]
1886 2800 1950 2833 τοῦ
1974 2802 2206 2846 νεστοριανοῦ
2226 2803 2258 2836 L

1348 2888 1364 2920 1
1390 2886 1463 2919 siue
1485 2887 1590 2929 ipsius
1613 2888 1746 2930 proprie
1760 2889 1842 2928 ΕΤ]
1868 2888 1973 2930 ipsius
1997 2890 2069 2922 siue
2092 2891 2226 2934 proprie
2247 2892 2282 2924 V
2298 2892 2369 2925 siue

1289 2932 1443 2975 propriae
1465 2932 1571 2974 ipsius
1594 2933 1678 2974 val-q.
1707 2932 1719 2976 11
1751 2934 1771 2966 2
1795 2934 1948 2966 omnibus
1972 2936 2068 2976 quae]
2104 2936 2260 2968 omnib-2*
2289 2938 2335 2970 13¹
2359 2937 2370 2980 11

1291 2978 1310 3009 3
1334 2987 1394 3018 pro
1420 2990 1476 3009 om.
1503 2977 1535 3010 V
1557 2976 1569 3019 11
1597 2977 1693 3010 dacta
1717 2978 1765 3010 Β1
1789 2978 1801 3021 11
1829 2989 1931 3020 pensa
1959 2980 1992 3012 V
2014 2980 2026 3022 11
2055 2982 2075 3013 4
2100 2981 2284 3024 probantur
2309 2983 2342 3014 V
2359 2981 2370 3027 11

1290 3021 1494 3062 huiusmodi]
1530 3033 1686 3064 personas
1718 3024 1796 3056 add.
1821 3024 1872 3056 Ra
1903 3023 1915 3067 11
1943 3026 1963 3058 5
1989 3027 2021 3056 et
2049 3024 2218 3067 legitimae
2251 3027 2369 3059 aetatis

1291 3080 1349 3100 om.
1372 3068 1403 3099 V
1420 3067 1432 3110 11
1457 3068 1476 3100 8
1498 3070 1671 3100 traxerunt
1697 3068 1729 3100 T
1737 3068 1747 3087 ²
1784 3069 2011 3101 contraxerint
2034 3072 2119 3113 vulq.
2149 3070 2162 3114 11
2190 3073 2210 3105 9
2235 3071 2294 3113 qui
2318 3075 2368 3113 ex]

1291 3113 1349 3154 qui
1371 3123 1408 3145 ex
1434 3112 1492 3153 qui
1518 3113 1569 3145 Τι’
1585 3111 1597 3156 11
1626 3114 1783 3146 10·ratus
1804 3113 1852 3146 V¹
1874 3115 1886 3155 11
1912 3113 1963 3145 his
1983 3113 2040 3158 Vss
2068 3117 2109 3149 12
2128 3116 2320 3148 orthodoxis
2337 3118 2369 3150 R

1290 3157 1497 3190 orthodoxiis
1519 3157 1552 3190 V
1568 3158 1580 3199 11
1610 3159 1651 3191 13
1675 3157 1780 3189 filium
1805 3168 1901 3190 suum
1928 3159 1961 3191 T
1984 3159 1996 3202 11
2023 3160 2185 3193 catholice
2209 3171 2276 3194 non
2302 3172 2369 3194 esse

1291 3203 1367 3235 fidei
1393 3203 1425 3235 T
1445 3202 1457 3245 11
1489 3203 1529 3236 16
1552 3202 1615 3234 fide
1639 3202 1820 3235 rectissima
1841 3203 1886 3235 V¹
1914 3203 1925 3245 11
1950 3205 2140 3246 praedicare
2155 3206 2241 3246 RV]
2275 3217 2369 3249 prae-

1291 3247 1404 3280 dicant
1430 3248 1462 3280 Τ
1470 3248 1555 3289 valy.
1576 3247 1587 3289 11
1608 3250 1644 3280 17
1663 3248 1814 3280 nicenam
1840 3250 1872 3280 et
1893 3250 2291 3292 constantinopolitanam
2308 3252 2340 3284 T
2357 3250 2369 3295 11

1293 3294 1334 3327 18
1351 3293 1548 3335 ephesenam
1566 3293 1598 3325 R
1623 3292 1789 3324 effesinam
1808 3293 1840 3326 T
1855 3293 2042 3326 effesianam
2062 3296 2095 3327 V
2106 3296 2118 3338 11
2135 3295 2369 3328 calchidonen-

1291 3348 1357 3370 sem
1384 3338 1413 3370 V
1433 3337 1701 3370 calcedonensem
1719 3337 1791 3371 RT
1808 3339 1820 3380 11
1850 3340 1890 3372 19
1915 3339 2051 3372 recitate
2072 3340 2104 3373 V
2125 3340 2137 3383 11
2165 3342 2285 3374 hiatum
2306 3354 2369 3375 non

1292 3390 1403 3416 notant
1420 3384 1497 3416 libri
1502 3395 1509 3421 ;
1535 3383 1746 3425 supplendum
1769 3381 1819 3427 <et
1834 3385 2076 3426 permanserint
2093 3385 2254 3418 eiusmodi
2270 3386 2368 3419 liberi

1291 3429 1325 3460 in
1343 3428 1455 3460 eadem
1470 3427 1677 3468 infidelitate,
1694 3428 1808 3460 damus
1824 3429 2018 3470 parentibus
2033 3429 2163 3474 eorum)
2175 3430 2345 3464 licentiam
2357 3431 2369 3476 11

1290 3473 1471 3514 licentiam]
1492 3473 1612 3505 habeat
1628 3474 1704 3506 add.
1723 3472 1806 3506 V³T
1824 3474 1968 3506 habeant
1989 3476 2066 3508 add.
2079 3476 2167 3518 vulq.
2185 3475 2198 3519 11
2216 3478 2257 3510 20
2271 3487 2369 3510 causa

1291 3518 1431 3550 maxime
1454 3518 1488 3551 R
1511 3518 1522 3560 11
1549 3519 1587 3551 21
1617 3518 1678 3550 hoc
1699 3518 1742 3559 V]
1767 3518 1847 3550 haec
1871 3519 2032 3563 RTvulq.
2059 3521 2072 3561 11
2097 3521 2138 3554 22
2163 3521 2369 3555 decernimus

1295 3565 1326 3597 T
1340 3565 1352 3604 11
1374 3563 1585 3606 prouidentia
1611 3563 1657 3595 R¹
1676 3562 1687 3605 11
1712 3564 1755 3596 23
1779 3563 1888 3604 salvis]
1913 3565 2137 3598 uniuersalius
2163 3567 2196 3599 T
2204 3566 2244 3610 ¹ss
2270 3568 2314 3601 24
2337 3570 2370 3600 et

1292 3609 1391 3650 circa]
1417 3611 1450 3641 et
1473 3621 1532 3641 om.
1546 3608 1579 3640 R
1603 3607 1615 3651 11
1641 3610 1682 3642 25
1707 3608 1900 3651 accephalos
1924 3610 1958 3643 R
1989 3610 2129 3643 acefalos
2149 3611 2216 3655 Vn
2239 3622 2368 3645 conser-

1292 3664 1371 3686 uare
1389 3655 1421 3687 T
1438 3653 1450 3697 11
1477 3655 1519 3687 26
1542 3653 1674 3686 iudaico
1696 3653 1747 3686 V2
1771 3656 1803 3687 in
1825 3667 1890 3687 ras.
1917 3655 1930 3699 11
1951 3656 2097 3689 nestorio
2124 3657 2157 3689 T
2174 3655 2187 3700 11
2212 3657 2252 3690 27
2278 3667 2367 3690 acce-

1292 3699 1466 3743 phalorum
1491 3699 1524 3731 R
1557 3709 1717 3731 *aeterum
1740 3699 1787 3732 V¹
