2580 4022
1308 157 1394 203 754

246 166 352 209 Nov.
374 163 563 208 CLXVII
594 175 653 216 pr.
678 164 697 202 1
2004 176 2250 208 GENERAms
2279 179 2460 210 MAxmA

244 273 391 317 εὔπορος
420 273 490 315 εἴη,
523 268 627 305 οὐδὲν
659 268 887 312 ἐνοχλεῖσθαι
917 268 1000 303 τοὺς
1027 269 1068 303 ἐν
1097 272 1351 313 πρεσβυτέροις
1381 267 1521 314 χρόνοις
1550 268 1614 304 τὰς
1643 268 1782 314 κτήσεις
1811 270 2000 315 ἐσχηκότας
2030 271 2053 316 ἢ
2082 273 2146 308 τὰς
2171 276 2318 310 ἐκείνων
2342 273 2462 311 οὐσίας

243 318 416 368 προςήκει.
464 318 523 349 καὶ
553 316 670 349 ταῦτα
696 316 762 357 μὲν
792 310 907 348 οὕτως
939 311 1182 355 διατετάχθαι.
1230 313 1294 347 τὰς
1318 311 1360 347 δέ
1374 327 1414 359 γε
1437 315 1514 347 τῶν
1535 311 1690 358 ἀπόρων
1714 315 1893 359 ἐπιβολάς,
1917 317 1967 351 οἶς
1991 314 2083 353 ὅλως
2103 320 2298 362 ε’παχθεῖεν
2322 319 2462 354 πολλοῖς

242 369 321 397 οῦσι
352 364 411 394 καὶ
442 363 510 402 τὴν
541 357 656 402 αὐτὴν
687 360 851 401 ἐπέχουσι
882 358 988 398 τάξιν
1021 355 1045 400 ἢ
1075 360 1133 390 καὶ
1162 355 1307 404 ὀλίγοις,
1338 355 1525 404 ἀναλόγως
1555 361 1618 402 τῆς
1648 358 1753 403 οὔσης
1784 358 1866 405 παρ’
1897 359 2016 396 αὐτοῖς
2046 365 2084 397 ἐκ
2115 365 2177 407 τῆς
2204 361 2312 407 αὐτῆς
2343 361 2463 399 οὐσίας

241 403 394 450 εὐπόρου
425 402 581 447 κτήσεως
611 399 706 438 καθ’
730 401 944 446 οἱανδήποτε
974 401 1113 447 τρόπον
1142 403 1326 449 γίνεσθαι,
1353 406 1413 437 καὶ
1444 404 1642 446 τηνικαῦτα
1672 405 1715 438 τὸ
1740 406 1817 439 τῶν
1840 405 2052 441 συντελειῶν
2075 409 2184 454 βάρος
2208 407 2298 454 ὑπὲρ
2321 407 2462 443 τούτων

243 448 361 484 αὐτοῖς
387 449 607 495 ἐπάγεσθαι,
637 446 745 491 ἡνίκα
775 450 834 481 καὶ
865 447 934 490 τὴν
964 446 1103 491 ἄπορον
1134 445 1253 481 αὐτοῖς
1283 449 1410 491 κτῆσιν
1442 445 1627 494 ἀναλόγως
1656 448 1915 494 παραδοθῆναι
1945 456 2117 496 συμβαίη,
2149 451 2172 496 ἢ
2204 450 2266 488 ὅτε
2296 453 2387 498 πρὸς
2417 452 2459 488 τὸ
2486 458 2506 490 5

242 493 466 539 παραλαβεῖν
496 491 631 536 ταύτην
663 491 786 527 αὐτοὺς
813 489 1115 538 ἆπαγορεύσειαν’
1146 491 1218 539 πρὸ
1243 492 1370 527 τούτου
1395 489 1479 527 οὐδὲ
1502 491 1645 528 δίκαιόν
1667 495 1746 528 ἐστί
1767 508 1851 530 τινα
1874 498 1951 530 ταῖς
1974 497 2064 541 ὑπὲρ
2088 499 2228 532 τούτων
2249 498 2463 533 συντελείαις

239 537 481 586 βαρύνεσθαι.

372 581 660 628 (Fautores.)
699 578 802 617 ‘'529st
831 580 1008 627 πρόνοιαν
1039 581 1106 625 τὴν
1137 580 1205 624 σῆν
1237 580 1475 627 λαμπρότητα
1499 583 1728 627 ποιήσασθαι
1753 582 1807 618 δεῖ
1826 586 1943 618 ταῦτα
1966 586 2058 619 κατὰ
2081 587 2212 620 τοῦτον
2235 588 2301 621 τὸν
2325 586 2463 631 τρόπον

239 627 479 670 ἐξετάζεσθαί
507 640 546 662 τε
576 629 634 661 καὶ
666 630 840 670 προϊέναι.
888 627 919 660 εἰ
941 626 1010 672 γὰο
1033 627 1082 669 μὴ
1105 627 1222 660 ταῦτα
1246 626 1559 672 παραφυλαχθείη,
1583 628 1684 662 καθὰ
1708 626 1939 674 διωρίσαμεν,
1963 630 2047 664 ἴσθι
2071 630 2202 673 ποινὴν
2225 629 2298 675 ἅμα
2317 633 2362 675 τῆ
2387 645 2461 667 πει-

239 674 380 720 θομένῃ
413 686 470 707 σοι
506 670 604 715 τάξει
628 668 698 706 ἀνὰ
721 670 806 706 δέκα
823 675 965 728 χρυσίου
989 661 1125 715 λιτρῶν
1149 671 1376 714 καταθήσων
1400 672 1423 715 ἢ
1447 676 1507 706 καὶ
1527 674 1642 718 ἑτέρᾳ,
1667 671 1714 707 αἱς
1738 673 1839 717 εἰκός,
1865 673 2066 719 ἐπιτιμήσει
2089 677 2225 718 μείζονι
2249 667 2459 722 περιπεσού-
2486 683 2525 715 10

238 729 357 763 μενος,
390 715 495 752 οὐδὲν
526 715 637 759 ἡττον
671 718 749 751 τῶν
780 729 855 772 παρ
898 713 1003 760 ἡμῶν
1035 715 1285 762 διωρισμένων
1313 720 1372 751 καὶ
1402 713 1519 752 οὕτως
1549 721 1693 762 κρατεῖν
1724 716 1959 764 ὀφειλόντων.
2006 719 2136 762 ταύτης
2165 720 2233 766 γὰρ
2265 723 2369 756 ἕνεκα
2401 722 2463 765 τῆς

239 764 354 797 αἰτίας
377 766 437 796 καὶ
461 759 664 806 Νικομήδης
688 763 726 796 ἐκ
748 762 810 806 τῆς
833 764 1004 807 ημετέρας
1028 759 1253 796 ἀπέσταλται
1277 761 1420 802 τάξεως.

1305 931 1386 964 ΡΞΖ

238 997 559 1050 ΓΕΝΙΚΟΣ
599 996 960 1049 ΜΕΓΙΣΤΟΣ
998 996 1240 1050 ΤῨΠΟΣ
1279 998 1456 1052 ΠΕΡΙ
1493 997 1636 1050 TOY
1671 997 1817 1050 ΠῼΣ
1848 999 1961 1051 ΔΕΙ
1999 999 2463 1053 ΣΤΕΛΛΕΣΘΑΙ

375 1065 508 1118 Essl
551 1064 818 1116 NOMHE
862 1064 1145 1117 ΒΑΣΣΟΥ
1187 1064 1329 1117 ΤΟΥ
1372 1064 1899 1118 ΕΝΔΟΞΟΤΑΤΟΥ
1946 1066 2314 1119 EIIAPXOY-
2488 1085 2528 1118 15

335 1142 492 1187 Φλάβιος
516 1147 674 1188 Κομίτας
700 1141 884 1188 Θεόδωρος
907 1143 1049 1178 Βάσσος
1073 1142 1108 1177 οἱ
1124 1142 1502 1190 μεγαλοπρεπέστατοι
1527 1145 1676 1187 ἔπαρχοι
1700 1145 1776 1178 τῶν
1802 1144 1909 1190 ἱερῶν
1930 1150 2165 1190 πραιτωρίων
2189 1144 2360 1192 λέγουσιν.

369 1211 666 1257 (Προοίμιον.)
719 1210 767 1244 Τὰ
791 1211 857 1253 μὲν
881 1207 983 1253 ἄλλα,
1015 1206 1085 1243 ὅσα
1110 1208 1322 1254 διετυπώθη
1348 1211 1444 1256 παρὰ
1464 1212 1541 1245 τῶν
1564 1209 1752 1256 ἡμετέρων
1776 1211 1942 1256 θρόνων,
1967 1215 2026 1245 καὶ
2050 1214 2090 1246 ἐν
2110 1215 2239 1246 κοινοῖς
2263 1210 2462 1256 δηλούμενα

232 1255 442 1302 γράμμασιν
473 1254 496 1299 ἢ
527 1259 586 1290 καὶ
620 1254 737 1290 ἄλλοις
791 1258 917 1290 ενικοῖς
946 1255 1073 1290 τύποις
1102 1257 1166 1311 τῆς
1196 1254 1365 1301 ἡμετέρας
1404 1254 1511 1302 ἀρχῆς
1542 1253 1565 1299 ἢ
1589 1260 1670 1301 περὶ
1694 1258 1771 1291 τῶν
1795 1259 2001 1303 ἐπιχωρίων
2025 1253 2215 1302 ἀρχόντων
2239 1261 2299 1291 καὶ
2321 1256 2463 1298 τάξεων

233 1305 294 1335 καὶ
325 1298 419 1335 δ’λως
450 1298 667 1344 ἇπαιτητιῦν
696 1269 967 1346 διαίεγομένοις,
999 1297 1093 1334 καθ’
1121 1314 1166 1335 ον
1198 1302 1327 1335 αὐτοὺς
1359 1299 1432 1335 δέοι
1464 1299 1601 1346 τρόπον
1631 1304 1703 1335 τοῖς
1735 1298 1906 1346 ὑπηκόοις
1938 1302 2216 1347 προςῳέρεσθαι,
2248 1299 2270 1345 ἢ
2295 1306 2377 1347 περὶ
2401 1303 2462 1345 τῆς

233 1348 311 1381 τῶν
334 1343 509 1388 ὑπηκόων
529 1343 652 1381 αὐτῶν
676 1347 716 1380 ἐν
739 1349 812 1380 τοῖς
835 1344 1131 1391 συναλλάγμασιν
1155 1342 1360 1390 ὀρθότητος
1382 1350 1441 1380 καὶ
1464 1348 1526 1389 τῆς
1550 1349 1631 1391 περὶ
1655 1345 1718 1381 τὰς
1741 1345 1895 1391 εὐσεβεῖς
1919 1348 2076 1393 εἰςφορὰς
2090 1345 2371 1393 εὐγνωμοσύνης,
2395 1347 2462 1390 τὴν
2487 1355 2528 1386 20

233 1392 374 1425 ἑαυτῶν
399 1393 491 1434 ἔχειν
516 1391 618 1434 ἰσχὺν
639 1389 853 1437 βουλόμεθα
875 1393 936 1424 καὶ
960 1392 998 1424 ἐκ
1025 1392 1087 1434 τῆς
1110 1389 1290 1436 παρούσης
1313 1392 1418 1435 ἡμῶν
1442 1391 1674 1437 προςτάξεως,
1696 1393 1808 1427 ἐκεῖνο
1832 1391 1871 1426 δὲ
1894 1396 2115 1439 σαφέστερον
2138 1394 2193 1426 ἔτι
2216 1391 2460 1439 προςδιορίσα·

233 1437 326 1470 σθαι
351 1434 426 1471 δεῖν
449 1440 620 1482 ἔγνωμεν.
1502 1467 1505 1470 .

1250 1481 1408 1517 CAPUT
1433 1482 1461 1518 Ι.

369 1549 415 1583 Εἰ
430 1547 501 1604 γάρ
524 1559 578 1583 τις
601 1545 769 1591 ἀκινήτου
792 1548 891 1582 τινὸς
914 1546 1179 1591 αντιλαβέσθαι
1203 1547 1421 1591 σπουδάζων
1446 1547 1592 1594 ἀρχικὰς
1617 1548 1756 1594 ψήφους
1779 1552 1975 1591 πορίσοιτο,
1999 1549 2059 1583 ἐπὶ
2082 1550 2150 1592 μὲν
2172 1550 2235 1592 τῆς
2254 1546 2464 1593 εὐδαίμονος

231 1593 364 1638 ταύτης
387 1592 527 1628 πόλεως
554 1590 695 1639 ἀρκέσει
718 1593 827 1635 τυχὸν
847 1591 869 1636 ἦ
893 1591 994 1634 τάξις
1016 1593 1084 1636 τὴν
1104 1592 1235 1637 σχολὴν
1256 1595 1488 1639 μαρτυροῦσα
1511 1594 1575 1636 τῆς
1596 1595 1673 1628 τῶν
1697 1591 1924 1639 πραγμάτων
1946 1593 2090 1628 τούτων
2113 1595 2229 1637 νομῆς,
2254 1595 2285 1627 εἰ
2304 1598 2363 1628 καὶ
2386 1595 2463 1628 τῶν

367 1673 451 1707 Νου.
474 1673 648 1706 CLXVII
667 1674 700 1706 in
725 1673 908 1705 collectione
932 1673 1102 1705 edictorum
1126 1675 1233 1716 praef.
1247 1681 1353 1716 praet.
1373 1674 1415 1707 24
1430 1673 1600 1707 secundum
1617 1673 1752 1706 indicem
1770 1673 1941 1707 Marciani
1957 1680 1987 1706 et
2002 1673 2145 1707 scholion
2162 1674 2208 1706 ad
2222 1686 2293 1707 nov.
2313 1673 2466 1707 CLXIII

238 1718 362 1751 Graece
386 1725 505 1751 tantum
530 1725 619 1751 extat
643 1719 675 1750 in
700 1718 720 1751 ί.
774 1718 852 1760 Cap.
870 1717 893 1749 I
904 1718 975 1759 suit
1000 1718 1031 1750 in
1056 1717 1092 1750 B
1109 1718 1164 1758 56,
1181 1725 1213 1751 21
1245 1719 1329 1752 unde
1358 1719 1440 1752 libro
1473 1729 1556 1752 nunc
1587 1718 1754 1761 deperdito
1778 1730 1855 1751 usus
1879 1719 1980 1752 edidit
2008 1719 2159 1752 Cuiacius
2183 1731 2290 1762 expos.
2320 1719 2395 1752 137.
2420 1735 2462 1742 -

233 1763 323 1805 Epit.
350 1775 446 1796 anon.
470 1763 573 1796 Bodl.
598 1763 702 1805 (apud
724 1774 813 1804 quem
838 1769 885 1794 est
908 1763 956 1794 ed.
975 1762 1008 1804 2)
1028 1774 1064 1804 p.
1080 1763 1146 1795 266
1170 1762 1273 1796 Zach.

233 1905 374 1942 etiamsi
404 1904 538 1941 multae
569 1903 792 1940 intercedant
821 1903 1072 1940 successiones.
1120 1902 1300 1947 Quamdiu
1323 1904 1415 1940 enim
1437 1903 1681 1951 propinquior
1705 1903 1786 1939 locu
1815 1903 1865 1938 les
1888 1908 1950 1946 est,
1972 1905 2005 1939 ei
2055 1905 2092 1939 ui
2115 1905 2356 1941 anterioribus
2379 1908 2461 1941 tem-

232 1951 382 1996 poribus
409 1950 660 1997 possessiones
692 1949 894 1984 habuerunt
925 1948 981 1984 vel
1012 1948 1157 1984 illorum
1193 1949 1287 1984 bona
1319 1949 1420 1983 nulla
1444 1949 1607 1984 molestia
1631 1948 1736 1993 affici
1786 1948 1898 1985 ebent.
1947 1948 1996 1984 Et
2045 1960 2107 1985 aec
2138 1950 2279 1995 quidem
2309 1950 2361 1985 ita
2389 1951 2462 1986 sint

233 1996 421 2041 disposita.
467 1994 693 2030 Adice-tiones
716 1997 833 2028 autem
857 1993 1043 2034 sterilium,
1074 1993 1346 2038 quibuscunque
1368 1995 1613 2039 imponuntur,
1634 1994 1707 2028 sive
1730 1992 1851 2028 multis
1874 1994 2093 2039 eundemque
2118 1994 2279 2030 ordinem
2302 1994 2461 2031 obtinen-

235 2040 328 2075 tibus
357 2040 431 2075 sive
459 2040 604 2085 paucis,
633 2049 704 2085 pro
735 2037 905 2083 portione
933 2037 1071 2082 fertilis
1088 2038 1343 2083 possessionis,
1376 2048 1468 2083 quae
1489 2037 1649 2083 qualibet
1671 2038 1813 2072 ratione
1837 2039 1938 2084 apud
1959 2050 2020 2074 eos
2042 2050 2091 2074 ex
2114 2039 2236 2074 eadem
2258 2039 2460 2075 substantia

233 2089 296 2126 est,
317 2084 400 2129 sieri
423 2090 532 2129 atque
555 2088 628 2118 tum
654 2081 865 2117 tributorum
890 2092 982 2116 onus
998 2093 1072 2127 pro
1096 2082 1169 2117 iltis
1192 2082 1243 2117 eis
1259 2082 1407 2128 imponi,
1433 2092 1512 2117 cum
1530 2086 1564 2117 et
1579 2082 1715 2117 sterilis
1730 2082 1775 2117 iis
1788 2083 1967 2128 possessio
1978 2094 2052 2129 pro
2061 2085 2235 2129 portione
2252 2084 2387 2120 tradita
2401 2085 2459 2126 sit,

233 2133 297 2165 aut
320 2139 399 2164 cum
422 2139 460 2164 se
481 2139 557 2164 eam
581 2131 794 2173 accepturos
818 2127 1049 2172 neqaverint,·
1069 2131 1177 2162 antea
1200 2127 1331 2162 iustum
1352 2137 1423 2162 non
1447 2130 1499 2162 est
1524 2137 1737 2172 quemquam
1757 2126 1899 2162 tributis
1909 2138 1985 2173 pro
2001 2128 2074 2163 illis
2088 2128 2286 2174 pendendis
2300 2131 2460 2175 qravari.

367 2172 456 2220 Epi
469 2173 508 2208 lo
516 2183 610 2218 qus.
657 2171 778 2215 Quare
802 2170 997 2217 providere
1029 2176 1125 2207 tuam
1156 2172 1358 2207 claritatem
1383 2171 1493 2213 decet,
1526 2175 1566 2207 ut
1590 2170 1679 2207 haec
1702 2171 1769 2207 hoc
1792 2171 1899 2207 modo
1923 2173 2175 2208 examinentur
2198 2177 2234 2209 et
2249 2174 2459 2219 procedant.

232 2217 277 2254 Si
307 2219 399 2254 enim
433 2217 521 2253 haec
552 2228 623 2253 non
658 2217 900 2258 observentur,
932 2217 1026 2252 sicut
1056 2216 1291 2261 definivimus,
1323 2216 1415 2252 scito
1450 2220 1483 2252 te
1505 2227 1579 2251 una
1603 2227 1681 2251 cum
1703 2216 1862 2259 cohorte,
1894 2228 1987 2263 quae
2014 2218 2079 2254 tibi
2097 2221 2214 2264 paret,
2238 2219 2355 2255 decem
2378 2219 2461 2254 auri

232 2263 406 2299 librarum
425 2273 581 2309 poenam
604 2261 807 2297 soluturum
829 2261 885 2297 vel
908 2261 1016 2297 aliam
1038 2262 1201 2306 fortasse
1224 2261 1395 2297 maiorem
1414 2272 1571 2313 poenam
1595 2261 1794 2297 subiturum
1818 2272 1906 2305 esse,
1929 2263 1981 2298 ita
2001 2267 2041 2298 ut
2058 2274 2151 2308 quae
2166 2274 2189 2298 a
2205 2262 2307 2298 nobis
2321 2264 2461 2299 sancita

231 2312 316 2344 sunt
338 2309 445 2344 etiam
468 2308 520 2344 sic
541 2307 659 2343 valere
682 2307 843 2343 debeant.
893 2304 944 2342 Ob
967 2305 1062 2342 hanc
1085 2307 1178 2343 enim
1201 2316 1347 2342 causam
1372 2311 1479 2343 ettam
1503 2306 1718 2342 Nicomedes
1740 2317 1790 2343 ex
1810 2306 1957 2343 cohorte
1979 2312 2105 2344 nostra
2125 2309 2254 2344 missus
2276 2312 2340 2345 cst.

1258 2461 1446 2499 CLXVII.

236 2531 636 2585 GENERALIS
700 2530 993 2582 MAXJMA
1058 2529 1302 2581 FORMA
1372 2530 1710 2590 QUOMODO
1766 2530 2064 2582 DEBEAT
2112 2530 2328 2582 MJTTJ
2377 2532 2465 2583 IN

432 2598 964 2651 POSSESSIONEM
1009 2597 1223 2649 BASSI
1266 2598 1817 2649 GLORIOSISSIMI
1855 2597 2260 2649 PRAEFECTJ.

308 2679 457 2716 Flavius
484 2679 638 2714 Comitas
660 2677 872 2713 Theodorus
897 2677 1038 2712 Bassus
1061 2676 1405 2723 maqnificentissimi
1427 2677 1609 2723 praefecti
1631 2688 1820 2712 sacrorum
1835 2677 2109 2723 praetoriorum
2132 2677 2219 2712 haec
2234 2676 2388 2713 edicunt.

367 2746 625 2792 Praefatio.
673 2744 797 2780 Cetera
829 2743 984 2790 quidem,
1017 2754 1251 2790 quaecunque
1282 2747 1420 2779 statuta
1450 2748 1534 2779 sunt
1565 2755 1588 2779 a
1620 2745 1755 2779 nostris
1784 2744 1927 2780 sedibus
1958 2747 1994 2779 et
2017 2743 2175 2790 publicis
2198 2743 2328 2779 litteris
2348 2745 2460 2779 mani-

230 2793 369 2839 festata
400 2795 465 2828 aut
492 2791 575 2827 aliis
605 2790 833 2836 qeneralibus
864 2789 995 2834 formis
1028 2789 1172 2835 imperii
1196 2789 1323 2830 nostri,
1348 2800 1442 2834 quae
1465 2789 1520 2825 vel
1543 2789 1586 2824 de
1609 2800 1668 2823 ma
1695 2789 1881 2825 istratibus
1900 2788 2189 2835 provincialibus
2211 2792 2245 2823 et
2269 2789 2405 2833 officiis
2426 2793 2462 2824 et

233 2839 378 2873 omnino
401 2836 634 2872 exactoribus
654 2835 861 2881 loquuntur,
886 2833 1183 2880 quemadmodum
1207 2844 1269 2869 eos
1294 2838 1463 2884 oporteat
1486 2844 1564 2869 cum
1588 2835 1652 2870 sub
1679 2834 1738 2869 itis
1761 2844 1881 2879 aqere,
1905 2832 1962 2868 vel
1982 2832 2026 2868 de
2048 2832 2274 2868 subditorum
2303 2834 2341 2867 in
2375 2843 2459 2868 con-

235 2882 408 2918 tractibus
430 2881 658 2927 simplicitate
683 2884 720 2915 et
750 2880 788 2914 in
818 2879 934 2914 sacris
966 2879 1187 2914 illationibus
1214 2879 1412 2925 probitate,
1446 2879 1515 2914 vim
1538 2889 1638 2913 suam
1662 2877 1793 2914 habere
1817 2878 1978 2913 volumus
2001 2878 2108 2913 etiam
2130 2881 2215 2923 post
2236 2881 2460 2923 praesentem

233 2930 394 2963 nostram
418 2925 719 2966 constitutionem,
743 2924 836 2959 illud
857 2935 941 2959 vero
961 2925 1068 2959 etiam
1093 2924 1229 2959 clarius
1252 2923 1395 2968 definiri
1420 2927 1587 2970 oportere
1611 2924 1851 2969 coqnovimus.

367 2972 396 3006 I.
445 2970 486 3005 Si
515 2970 596 3016 quis
625 2970 718 3005 enim
747 2969 956 3004 immobilem
988 2968 1147 3015 aliquam
1176 2979 1251 3004 rem
1282 2967 1554 3014 apprehendere
1585 2969 1734 3015 cupiens
1766 2968 1907 3003 decreta
1938 2966 2067 3002 iudicis
2097 2966 2294 3013 acceperit,
2326 2967 2364 3001 in
2391 2966 2460 3002 hac

231 3017 335 3062 felici
359 3015 500 3051 civitate
524 3014 655 3051 cohors
676 3015 838 3060 fortasse
861 3014 1023 3060 sufficiet
1043 3014 1308 3060 possessionem
1330 3023 1451 3048 rerum
1475 3024 1599 3048 earum
1622 3024 1771 3049 vacuam
1787 3023 1863 3048 esse
1880 3016 2020 3055 testata,
2044 3012 2077 3047 si
2100 3022 2149 3047 ex
2172 3011 2296 3047 vicinis
2318 3022 2461 3057 quoque

281 3176 297 3207 1
321 3169 402 3206 οὐδὲ
420 3185 513 3206 anon.
529 3172 630 3205 Bodl.
646 3171 658 3213 ΙΙ
678 3173 697 3205 2
722 3168 772 3204 οἷς
789 3170 854 3211 ΖΒ]
872 3171 944 3204 τοῖς
958 3171 1047 3212 vulo.
1063 3168 1077 3214 ΙΙ
1096 3168 1276 3211 ἐπαχθε’σι
1293 3170 1314 3212 l,

235 3213 436 3259 ὑπαχθεῖεν
460 3218 507 3258 Β,
532 3215 725 3258 ἑπαχθεῖσι
750 3217 836 3259 vulq.
864 3215 876 3259 ss
902 3217 921 3249 3
947 3211 1031 3258 παρ’
1058 3211 1181 3248 αὐτῶν
1202 3215 1238 3247 Β
1258 3213 1269 3258 ΙΙ
1293 3215 1314 3247 4

235 3260 439 3295 συντελῶνί
456 3261 469 3305 ΙΙ
486 3264 505 3296 5
521 3259 601 3303 τὴν]
617 3260 728 3294 τὸνΒ
746 3260 758 3303 ΙΙ
775 3262 966 3304 συμβαίνει
981 3260 1015 3292 Β
1033 3259 1045 3302 ΙΙ
1063 3262 1083 3294 6
1099 3257 1171 3303 πρὸ
1188 3257 1315 3292 τούτου

235 3308 423 3341 Zachariae
447 3319 484 3340 ex
509 3319 602 3340 anon.
618 3307 719 3339 Bodl.
745 3308 842 3348 (fort.
867 3302 1071 3350 ydpjaddss
1096 3303 1185 3359 πρὸς
1207 3303 1314 3337 τοῦτο

237 3374 292 3407 ιΒ
308 3373 320 3416 ιι
338 3369 444 3407 οὐδὲν
468 3373 504 3406 Β
521 3373 533 3416 ιι
552 3375 571 3407 8
599 3372 740 3413 τοῦτον]
766 3372 874 3405 τοῦτο
894 3372 932 3415 ιιι
953 3374 993 3405 10
1017 3360 1102 3404 λυτρ
1138 3373 1171 3411 (ι.
1198 3384 1224 3404 e.
1257 3369 1314 3404 λι-

238 3419 334 3461 τρας)
352 3419 363 3451 ί
377 3417 389 3457 ΙΙ
408 3417 627 3460 καταθήσαν
644 3419 655 3450 l
669 3418 680 3460 ss
699 3419 759 3450 καὶ
782 3430 841 3450 om.
858 3418 870 3450 l
886 3417 898 3459 11
916 3419 953 3450 11
974 3416 1051 3449 τῶν
1068 3429 1126 3449 om.
1145 3417 1156 3449 l
1171 3416 1183 3459 ΙΙ
1201 3413 1285 3459 ἡμῖν
1303 3417 1315 3449 l

237 3462 249 3506 11
272 3459 365 3495 ὅτως
389 3464 400 3496 l
431 3463 443 3505 ΙΙ
479 3465 519 3496 12
548 3465 668 3496 subscr.
696 3464 790 3495 deest.
815 3462 1046 3495 Demosthenes
1075 3463 1185 3503 praef.
1208 3467 1313 3503 praet.

228 3509 298 3549 suit
323 3520 353 3540 a.
378 3508 557 3542 521-523
582 3515 611 3541 et
632 3508 774 3551 529l30‚·
803 3508 942 3550 primam
968 3508 1019 3540 hic
1043 3507 1112 3539 dici
1130 3508 1311 3548 praefectu-

237 3563 306 3584 ram
334 3553 505 3585 verisimile
535 3560 590 3594 est,
623 3554 772 3596 quoniam
804 3563 866 3584 non
888 3553 1021 3585 additur
1043 3549 1085 3583 τὸ
1110 3547 1279 3593 δεύτερον
1301 3548 1314 3594 Η

240 3596 282 3628 14
312 3599 399 3629 rubr.
431 3595 571 3640 γενικὰς
591 3616 634 3622 -
657 3599 698 3632 15
731 3594 886 3640 ἐπάρχου
912 3597 924 3629 l
946 3597 1012 3630 ind.
1033 3596 1066 3628 L
1098 3596 1170 3638 (qui
1193 3608 1251 3629 om.
1271 3597 1314 3629 14

238 3641 319 3681 περὶ
349 3640 414 3672 τοῦ
439 3649 467 3673 et
489 3643 528 3675 15
553 3642 632 3684 τοῦ)
652 3643 719 3676 ind.
745 3642 794 3682 M
816 3643 898 3685 περὶ
922 3640 985 3674 τοῦ
1003 3659 1042 3664 --
1056 3638 1193 3682 βάσσου
1217 3652 1311 3673 anon.

240 3683 354 3723 Rode„
386 3687 467 3727 περὶ
490 3686 554 3717 τοῦ
571 3706 605 3710 -
624 3686 733 3728 νομῆς
757 3689 843 3719 rubr.
874 3687 908 3718 Β
931 3683 1069 3730 γενικὸς
1097 3685 1207 3717 τύπος
1231 3686 1310 3728 περὶ

1384 3159 1495 3202 νομῆς
1518 3159 1596 3192 πῶς
1620 3155 1675 3191 δεῖ
1696 3156 1912 3191 στέλλεσθαι
1939 3157 1987 3190 εἰς
2010 3153 2125 3200 αὐτὴν
2148 3155 2295 3189 Βάσσου
2319 3158 2460 3198 (βίσσου

1385 3206 1467 3246 cod.)
1492 3205 1556 3237 τοῦ
1581 3201 1816 3242 ἑνδοξοτάτου
1834 3201 2027 3257 ὑπςάρχου>
2043 3204 2110 3235 ind.
2127 3202 2276 3245 Reqinae
2291 3201 2460 3242 (‚‚additur

1387 3251 1516 3282 Βίσσου
1542 3248 1604 3282 τοῦ
1629 3245 1863 3287 ἐνδοξοτάτου
1881 3246 2039 3281 υπάτουίί
2058 3247 2182 3288 Ouiae.)
2196 3243 2334 3291 γενικὰς
2348 3243 2460 3280 τύπος

1383 3296 1464 3336 περὶ
1487 3294 1596 3336 νομῆς
1618 3295 1765 3338 γραφεὶς
1787 3290 1890 3335 βάσῳ
1913 3292 1965 3334 τῷ
1992 3289 2217 3332 ἐνδοξοτάτῳ
2243 3292 2310 3323 ind.
2336 3292 2369 3323 Τ
2367 3292 2458 3324 heod-

1381 3336 1392 3382 ΙΙ
1418 3340 1458 3372 15
1491 3335 1652 3381 ὑπάρχου
1677 3340 1689 3371 ί
1711 3339 1796 3382 vutq.
1823 3339 1835 3379 {l
1859 3340 1899 3371 16
1928 3336 2086 3371 κάσσοςί
2110 3338 2122 3379 ΙΙ
2148 3336 2276 3378 aliquid
2300 3337 2458 3369 turbatum

1382 3390 1427 3416 est
1434 3394 1448 3423 ,·
1471 3380 1491 3415 ό
1508 3381 1888 3428 μεγαλοπρεπέστατος
1903 3385 2056 3426 ἔπαρχος
2073 3407 2079 3413 .
2098 3405 2106 3413 .
2123 3405 2131 3413 .
2151 3377 2242 3424 λέγει
2260 3380 2456 3418 Heimbach3

1382 3429 1440 3460 sed
1458 3435 1540 3461 recte
1557 3435 1659 3461 monet
1675 3428 1862 3461 Zachariae
1874 3435 1949 3470 post
1962 3428 2159 3470 praefectum
2172 3426 2339 3468 principes
2354 3425 2460 3466 officii

1382 3480 1639 3506 commemoratos
1662 3474 1770 3515 fuisse
1800 3473 1909 3505 videri
1947 3473 2001 3515 (cf
2025 3473 2100 3511 753,
2118 3473 2158 3511 4).
2192 3469 2204 3512 ΙΙ
2239 3471 2277 3502 17
2307 3470 2388 3511 περὶ
2413 3468 2456 3510 ΖΗ

1381 3513 1582 3559 δηλούμενα
1602 3518 1722 3557 Krotl]
1748 3514 1924 3559 δηλοῦντα
1946 3517 1964 3556 l,
1991 3513 2168 3549 δοκοῦντα
2192 3514 2316 3547 Heimb.
2342 3513 2456 3555 vulq.ss

1382 3564 1424 3595 20
1449 3559 1639 3604 οἰθότητες
1657 3563 1670 3595 ί
1684 3562 1696 3605 ΙΙ
1715 3563 1754 3595 21
1784 3559 2011 3608 προστάξεως
2035 3561 2132 3604 υιιί9.]
2157 3554 2338 3594 ἆστᾶξεωέ
2355 3557 2367 3587 l
2381 3557 2392 3599 H
2413 3558 2455 3589 22

1381 3606 1406 3637 ἔ
1423 3608 1561 3648 νομενί
1590 3607 1602 3650 ss
1636 3608 1678 3640 23
1706 3606 1759 3639 Εἴ
1783 3616 1836 3639 τις
1867 3603 2037 3648 ἀκινήτου
2069 3607 2129 3638 inc.
2157 3602 2190 3634 Β
2221 3601 2234 3642 ΙΙ
2265 3603 2455 3652 πορίσαιτό

1382 3618 1559 3684 ἦείιηὸασῆ
1579 3652 1591 3694 ΙΙ
1609 3653 1651 3685 24
1671 3651 1779 3693 νομῆς
1802 3647 1946 3684 τούτων
1963 3651 1997 3683 Β
2013 3649 2025 3693 fl
2043 3648 2075 3681 εἰ
2099 3658 2191 3680 anon.
2216 3645 2324 3685 30le
2350 3658 2371 3687 η
2398 3645 2455 3679 ΖΒ

1380 3694 1392 3737 ΙΙ
1414 3698 1473 3728 καὶ
1498 3696 1535 3728 ἐκ
1560 3696 1636 3729 τῶν
1661 3709 1754 3729 anon.
1782 3696 1882 3728 Bodl.
