2618 4010
220 158 327 203 Nov.
357 159 479 202 XXV
509 162 547 202 4.
580 163 604 201 5

219 268 264 312 δὴ
282 268 344 303 τὰς
364 268 643 313 συνειθισμένας
662 270 938 316 ἐπιφερομένους
958 266 1173 314 προςτάξεις,
1194 269 1299 314 αἴπερ

219 313 349 359 πρώην
367 315 407 346 ἐκ
427 314 505 347 τῶν
525 314 604 347 σῶν
622 311 807 361 προῄεσαν
823 311 976 370 θρόνων
994 313 1203 357 πορθοῦσαι
1220 313 1302 347 τοὺς

220 363 259 392 έν
278 355 486 405 μετριότητι
513 359 653 400 ζῶντας
677 362 737 392 καὶ
758 360 1016 394 ἐπιταττουσαι
1037 359 1128 392 ποτὲ
1144 358 1212 401 μὲν
1231 370 1299 391 τει-

219 404 296 446 χῶν
319 402 514 445 ἐπισκευάς,
537 405 627 438 ποτὲ
651 402 691 437 δὲ
714 400 814 438 ὁδῶν
838 402 1046 446 ἐπιμελείας,
1080 403 1170 436 ποτὲ
1193 399 1232 435 δὲ
1255 402 1300 436 εἰ·

1299 140 1382 203 200

2124 172 2183 204 DE
2212 170 2447 203 PRAETORE

1370 272 1474 303 sueta
1505 266 1735 321 circumferre
1765 274 1974 316 praecepta,
2011 280 2103 315 quae
2135 270 2271 316 pridem
2300 281 2345 306 ex
2377 271 2449 306 tuis

1370 312 1616 357 procedebant
1646 312 1792 348 sedibus
1823 316 2002 350 vastantia
2033 315 2100 350 sub
2130 315 2376 351 mediocritate
2399 316 2450 350 vi-

1370 361 1492 392 ventes
1523 360 1561 391 et
1590 357 1846 409 praecipientia
1876 359 2067 404 aliquando
2097 360 2237 405 quidem
2269 371 2452 395 murorum

1371 401 1643 444 instructiones,
1676 401 1867 445 ahquando
1898 408 2017 439 autem
2048 404 2215 439 itinerum
2240 404 2453 448 diligentias,

220 447 404 502 xovoevfe
427 450 487 502 καὶ
509 450 678 495 γεφυρῶν
702 451 762 483 καὶ
787 447 945 492 λιμένων
969 449 1029 480 καὶ
1055 443 1172 480 ὁλκῶν
1196 444 1300 490 ὃημο-
1339 451 1358 481 5
1373 445 1565 490 aliquando
1590 456 1674 482 vero
1698 447 1891 490 imaginum
1914 449 2146 502 pontiumque
2170 452 2207 484 et
2225 454 2394 494 portuum
2417 453 2454 483 et

221 497 312 526 σίων
335 503 562 534 ανανεωσεις,
595 497 655 527 καὶ
683 490 813 528 τόπων
843 490 959 534 δῆθεν
990 489 1173 535 δημοσίων
1197 488 1301 536 ἀφαι-

221 539 333 581 ρέσεις
361 539 420 570 καὶ
449 537 656 582 οἰκημάτων
689 535 737 571 ὥς
765 536 827 571 οὐκ
860 539 899 569 ἐν
924 536 1043 569 δέοντι
1071 537 1303 570 κτισθέντων

221 581 479 628 καταστροφάς,
500 586 558 616 καὶ
581 586 685 628 ἔτερα
706 582 850 616 τούτων
868 584 923 615 ἔτι
943 580 1197 634 προχειρότερα
1216 580 1303 625 πρὸς

221 631 478 671 συκοφαντίαν.
523 625 603 662 ἀλλ’
633 625 739 661 αὐτὸς
761 630 829 671 μὲν
853 624 980 659 τούτου
1005 637 1193 667 ποιησεται
1219 624 1303 668 πρό-

1372 491 1566 525 formarum
1607 494 1644 525 et
1678 490 1897 526 thermarum
1936 499 2183 529 renovationes
2223 498 2259 529 et
2294 495 2453 529 locorum

1373 535 1476 580 quasi
1514 535 1741 580 publicorum
1778 536 1994 578 ablationes,
2032 538 2274 574 aedificiorum
2313 549 2453 583 quoque

1372 584 1553 624 tamquam
1571 591 1642 615 non
1661 583 1864 624 opportuno
1881 580 1961 617 loco
1978 582 2234 618 fabricatorum
2254 583 2453 618 subversio-

1374 635 1448 666 nes,
1473 627 1511 659 et
1529 625 1601 659 alia
1625 625 1753 660 horum
1777 626 1895 660 adhuc
1918 626 2043 670 peiora
2062 628 2105 662 ad
2127 628 2349 663 calumniam.
2384 627 2453 662 Sed

221 683 328 706 νοιαν
351 672 527 717 πράττων
551 669 700 706 ἅπαντα
725 675 850 715 ζημία,-
872 674 989 714 χωρίς.
1033 671 1064 703 εἰ
1089 668 1128 703 δὲ
1152 668 1302 703 συνίδοι·
1323 669 1450 714 10ipse
1481 670 1622 722 quidem
1658 670 1764 704 huius
1797 670 1910 705 faciet
1944 671 2196 715 providentiam
2227 683 2336 716 agens
2373 673 2453 707 uni-

221 729 289 760 μεν
323 713 419 760 ἡμεῖς
450 720 509 750 καὶ
539 719 880 770 μείζονοςιέποψίας
907 713 1054 749 δεῖσθαι
1077 714 1119 748 τὸ
1144 717 1302 767 πρᾶγμα,

225 762 318 815 θείῳ
343 775 584 816 πραχματικῳ
609 762 825 807 χρησυμεῦα
849 759 966 802 τύπῳ,
999 757 1042 793 ὃν
1066 758 1110 802 δὴ
1134 763 1193 792 καὶ
1217 771 1305 805 προς

221 819 290 862 την
321 818 390 849 σην
421 820 544 852 αρχην,
579 820 610 840 ει
642 805 857 849 συνίδοιμεν,
889 808 1184 849 καταπέμψομεν,
1216 803 1299 838 κατ’

223 849 336 885 αυτόν
358 864 399 885 τε
422 854 481 884 καὶ
507 853 618 906 ἑτέρῳ
641 854 714 904 τινὶ
739 850 877 892 ταύτην
902 846 1131 903 ποιήσασθαι
1157 849 1223 892 τὴν
1248 847 1303 891 ζὴ-

1373 725 1476 750 versa
1496 725 1573 750 sine
1595 715 1734 750 damno.
1779 714 1817 749 Si
1837 725 1920 750 vero
1942 717 2227 760 perspexerimus
2246 728 2310 752 nos
2329 716 2453 752 maiori

1374 760 1480 794 etiam
1513 759 1737 804 inspectione
1769 770 1871 804 egere
1902 770 2068 801 causam,
2100 771 2204 797 sacra
2236 761 2455 807 pragmatica

1375 804 1507 839 utimur
1527 804 1652 845 forma,
1678 814 1783 848 quam
1805 804 1967 839 videlicet
1988 805 2094 839 etiam
2118 806 2164 841 ad
2182 811 2281 841 tuum
2303 808 2454 845 culmen,

1374 849 1406 884 si
1430 850 1729 893 perspexerimus,
1762 849 1963 894 dirigemus,
1997 851 2191 885 secundum
2221 862 2326 896 quam
2349 861 2454 895 prae-

222 907 340 938 τησιν.
388 893 511 930 Οὕτως
543 907 763 930 αναπνευσει
796 896 885 929 ποτὲ
916 907 958 927 το
991 907 1159 936 υπηκοον,
1192 891 1306 928 οὕτως
1323 898 1360 930 15
1377 894 1545 938 cipiomus
1578 895 1684 928 etiam
1709 894 1778 929 alio
1805 894 1959 939 cuipiam
1990 894 2085 929 hanc
2114 895 2233 930 facere
2255 895 2454 940 inquisitio-

222 939 448 983 ἀνθήσουσιν
481 934 589 974 αὖθις
619 940 659 974 αἱ
681 938 800 974 πόλεις
824 942 884 972 καὶ
909 938 1052 981 αὔξησις
1074 942 1148 973 τοῖς
1169 940 1306 972 οἰκοῦσι

223 982 357 1019 ταύτας
388 982 436 1019 ὠς
467 984 616 1027 πλείστη
648 984 848 1031 γενήσεται,
881 987 941 1016 καὶ
972 981 1012 1017 οὐ
1045 983 1107 1018 τὰς
1131 982 1307 1025 πατρίδας

224 1027 492 1084 ἀποφεῄξονται
516 1028 687 1074 καθάπερ
712 1042 748 1062 τι
769 1030 846 1062 τῶν
867 1027 1139 1074 φοβερωτάτων
1162 1026 1223 1062 διὰ
1241 1028 1307 1071 τὴν

225 1088 302 1108 των
333 1074 522 1120 αρχὺντων
553 1079 683 1108 κακίαν
715 1075 825 1107 οἰκεῖν
857 1074 898 1107 ἐν
929 1077 1003 1107 τοῖς
1035 1074 1176 1108 ἑαυτῶν
1207 1072 1306 1107 εὐλα-

224 1118 403 1164 βούμενοι.

1376 949 1466 973 nem.
1516 939 1574 974 Sic
1598 940 1828 983 respirabunt
1858 939 2047 983 aliquando
2082 940 2242 983 subiecti,
2276 940 2327 975 sic
2350 940 2455 975 flore-

1376 985 1466 1018 bunt
1486 983 1602 1018 denuo
1624 984 1786 1018 civitates
1808 988 2105 1029 augmentumque
2127 985 2374 1020 habitantibus
2395 995 2455 1019 eas

1376 1029 1568 1073 plurimum
1591 1029 1663 1070 fiet,
1698 1031 1734 1063 et
1756 1039 1830 1063 non
1879 1029 1989 1064 atrias
2014 1029 2183 1063 deserunt
2205 1030 2303 1064 velut
2323 1029 2456 1073 aliquid

1378 1074 1587 1108 terribilium
1624 1077 1771 1118 propter
1802 1040 1958 1108 iutiicum
1996 1075 2187 1119 nequitiam
2222 1074 2389 1109 habitare.
2420 1075 2457 1109 in

1322 1123 1363 1154 20
1377 1118 1531 1163 propriis
1560 1119 1804 1154 formidantes.

1231 1231 1387 1266 CAPUT
1412 1231 1455 1266 V.

283 1301 346 1332 Δεῖ
376 1302 497 1333 τοίνυν
525 1297 593 1343 τὴν
625 1299 693 1342 σὴν
724 1296 903 1345 ’ὗπεροχὴν
934 1296 1068 1333 εἰδέναι
1097 1298 1165 1341 τὴν
1196 1297 1308 1343 ἀρχὴν

226 1342 373 1398 ταύτην,
380 1348 471 1388 μίαν
492 1341 694 1396 τὸιλοιπόν,
717 1342 802 1378 ἀλλ’
826 1342 865 1378 οὗ
888 1342 1021 1386 διπλῆν
1041 1344 1306 1377 καθεστῶσαν·

226 1401 316 1423 were
350 1402 496 1423 απαντα
531 1389 650 1423 οπόσα
686 1388 728 1423 τὸ
765 1386 1093 1442 δημόσιονὶἑδιζδου
1129 1387 1308 1434 πρότερον

227 1436 377 1482 ἑκατέρᾳ
406 1434 485 1487 τῶν
515 1430 646 1480 ἀρχῶν,
669 1436 785 1467 ταῦτα
811 1448 903 1468 κατα
924 1448 992 1487 την
1012 1436 1307 1480 υποτεταγμένην

1431 1298 1582 1343 Oportet
1606 1303 1724 1334 autem
1760 1303 1859 1333 tuam
1883 1299 2129 1334 celsitudinem
2160 1300 2252 1335 scire
2279 1300 2458 1344 cingulum

1376 1343 1446 1378 hoc
1480 1354 1590 1378 unum
1621 1344 1665 1379 de
1698 1346 1817 1379 cetero
1850 1347 1886 1378 et
1917 1354 1988 1379 non
2021 1346 2067 1380 du
2096 1347 2153 1380 lex
2184 1355 2274 1387 esse,
2310 1345 2459 1388 ideoque

1377 1397 1468 1432 quae
1488 1387 1598 1423 fiscus
1620 1389 1729 1423 dabat
1750 1389 1849 1433 prius
1871 1389 2012 1433 utrique
2033 1400 2055 1424 a
2080 1390 2343 1432 ministrationi,
2369 1390 2458 1424 haec

1378 1433 1571 1467 secundum
1597 1433 1792 1468 subiectam
1824 1433 2100 1486 descriptionem
2130 1435 2214 1469 huic
2245 1445 2369 1469 sacrae
2395 1445 2457 1469 no-

225 1477 443 1529 ἀπογραφην
465 1477 561 1522 τῷδε
582 1480 643 1532 μιῇ
667 1479 760 1522 θείῳ
794 1477 899 1522 ἡμῶν
929 1491 1036 1532 νομιζ
1055 1476 1183 1512 δώσεις
1208 1475 1305 1520 αὐτῷ
1321 1480 1363 1512 25
1378 1481 1474 1512 strae
1496 1478 1565 1519 legi
1590 1478 1691 1513 dabis
1716 1478 1749 1513 ei
1773 1482 1809 1513 et
1833 1479 1892 1522 qui
1918 1489 2015 1513 circa
2039 1489 2118 1513 eum
2142 1484 2227 1514 sunt
2250 1483 2286 1514 et
2306 1479 2382 1514 eius
2404 1479 2457 1513 of-

227 1527 287 1558 καὶ
315 1528 388 1558 τοῖς
420 1523 513 1569 αμφ’
546 1525 659 1557 αυτὸν
690 1528 750 1557 καὶ
780 1525 824 1571 τῇ
856 1537 907 1577 γεκ
930 1537 1037 1557 αυτου
1063 1521 1174 1564 τάξει,
1206 1522 1308 1557 καθὰ

226 1571 248 1605 1
293 1572 354 1602 καὶ
376 1571 479 1621 μεχρι
504 1569 570 1602 νῦν
593 1566 743 1603 ἐδίδοτο.
794 1572 866 1602 Καὶ
891 1583 912 1611 η
935 1571 1013 1602 τῶν
1038 1566 1223 1612 δημοσίων
1247 1568 1307 1602 εἴς-

228 1613 357 1660 πραξις
373 1627 472 1657 αυτῳ
494 1626 534 1647 τε
552 1616 767 1648 ἐπικείσεται
785 1617 845 1647 καὶ
862 1619 935 1647 τοῖς
955 1613 1189 1657 πειθομένοις
1209 1610 1308 1656 αὐτῷ

229 1661 509 1711 πραιτωριανοῖς
538 1658 745 1699 ταξεώταις,
780 1657 827 1692 τὰ
851 1656 1049 1703 παράσημά
1079 1671 1119 1691 τε
1143 1658 1311 1703 ἑκατέρας

1377 1522 1470 1560 ficio,
1497 1524 1589 1557 sicut
1612 1523 1786 1558 hactenus
1812 1523 1974 1558 dabatur.

1379 1569 1401 1603 1
1457 1567 1724 1612 Fiscaliumque
1756 1568 1895 1603 exactio
1933 1571 1969 1603 et
1998 1568 2009 1603 i
2038 1569 2067 1603 si
2098 1569 2293 1604 imminebit
2327 1571 2364 1604 et
2395 1569 2458 1603 ob-

1381 1612 1604 1647 oedientibus
1640 1613 1671 1647 ei
1703 1612 1941 1657 praetorianis
1974 1613 2012 1648 of
2039 1613 2204 1657 cialib1133
2241 1618 2288 1648 et-
2307 1613 2460 1656 insignia

1382 1657 1570 1701 utriusque
1602 1658 1749 1692 habebit
1780 1657 1922 1701 cinguli,
1953 1663 1990 1693 et
2013 1658 2172 1702 quamvis
2202 1658 2272 1693 iam
2297 1658 2459 1693 militaris

229 1705 337 1782 αρέῇς
357 1704 438 1748 ἕξει,
463 1706 523 1736 καὶ
544 1704 575 1737 εἰ
595 1707 654 1736 καὶ
673 1703 720 1736 τὰ
739 1702 897 1758 μάλιστα
920 1701 1179 1748 στρατιωτικός
1200 1705 1310 1743 ἐστιν,
1325 1704 1367 1736 30
1381 1702 1438 1744 sit,
1463 1706 1621 1737 attamen
1646 1707 1683 1737 et
1702 1703 1739 1737 in
1760 1705 1927 1747 argenteo
1950 1703 2111 1737 vehiculo
2132 1704 2336 1747 portabitur
2354 1713 2458 1748 prae-

228 1763 250 1782 α

333 1750 398 1783 οὐν
422 1750 486 1782 ἐπί
508 1761 548 1781 τε
558 1746 707 1802 ,ἀπήνης
730 1750 882 1795 αργυρᾶς
908 1747 1126 1788 καθεδεῖται,
1151 1751 1210 1781 καὶ
1230 1745 1309 1800 ἠχή-

229 1806 331 1827 σεται
356 1791 501 1828 πέλεκυς
526 1807 634 1827 αυτου
656 1799 842 1847 (υπατικης
861 1793 930 1840 γὰρ
950 1793 993 1848 δί’]
1015 1796 1074 1826 καὶ
1095 1794 1203 1826 τοῦτο
1225 1805 1308 1834 συμ-

229 1837 341 1883 βολον
375 1836 504 1884 ἀρχῆς),
542 1835 671 1885 ῥάβδοι
705 1851 745 1872 τε
777 1842 908 1882 ομοίως
939 1851 1048 1871 αυτου
1082 1836 1311 1882 προπομπεύ-

230 1895 345 1924 σουσι,
367 1882 588 1928 θεραπεύσει
604 1896 645 1917 τε
664 1880 775 1917 αὐτὸν
795 1887 854 1916 καὶ
870 1882 912 1916 τὸ
928 1882 1191 1927 στρατιωτικὸν
1213 1879 1312 1916 ἅπαν

1382 1747 1555 1791 cedetque
1579 1748 1741 1791 proxima
1766 1747 1979 1787 (consularis
2004 1757 2156 1792 namque
2183 1751 2239 1783 est
2261 1748 2368 1783 etiam
2392 1748 2460 1783 hoc

1381 1792 1518 1836 signum
1532 1793 1859 1833 administrationis)
1875 1792 2062 1837 fascesque
2081 1793 2244 1828 similiter
2264 1803 2343 1827 eum
2358 1803 2459 1837 prae·

1381 1838 1519 1878 cedent,
1546 1837 1823 1882 procurabitque
1844 1838 1951 1872 etiam
1970 1838 2130 1873 militaris
2150 1848 2276 1873 manus
2297 1838 2461 1872 universa

1380 1882 1415 1916 in
1442 1882 1628 1925 provincia
1659 1881 1850 1923 collocata,
1880 1882 1939 1917 cui
1968 1893 2076 1917 curae
2108 1883 2177 1917 erit
2207 1885 2244 1917 et
2272 1883 2460 1918 latrocinia

229 1927 272 1962 τὸ
303 1927 395 1962 κατὰ
428 1926 497 1970 τὴν
531 1926 655 1974 χώραν
691 1926 898 1974 ἱδρυμένον·
937 1927 966 1971 qb
999 1925 1142 1970 μελήσει
1178 1931 1237 1960 καὶ
1268 1926 1311 1960 τὸ
1327 1930 1368 1961 35
1382 1927 1566 1962 abscidere
1591 1931 1626 1962 et
1650 1927 1755 1962 laesis
1781 1928 1873 1962 ferre
1896 1928 2068 1962 solacium
2098 1930 2135 1962 et
2156 1932 2372 1973 temperatos
2396 1937 2458 1963 no-

231 1971 426 2021 λῃστρικὸν
458 1972 648 2007 ἐκκόπτειν
683 1976 743 2006 καὶ
774 1976 853 2006 τοῖς
880 1970 1122 2016 ἀδικουμένοις
1156 1972 1313 2014 βοηθεῖν
1382 1973 1478 2007 stros
1503 1972 1685 2007 subiectos
1709 1972 1802 2006 inter
1826 1973 2019 2007 alterutros
2043 1973 2170 2007 facere.

229 2022 289 2051 καὶ
310 2016 501 2063 σώφρονας
523 2016 605 2051 τοὺς
625 2014 646 2060 ἡ
674 2021 734 2051 ετέ
753 2030 811 2051 ους
836 2015 1011 2060 ὑπηκόους
1034 2015 1123 2063 πρὸς
1143 2014 1312 2058 ἀλλήλους

230 2063 255 2098 2
311 2060 510 2098 ἀποτελεῖν.
562 2059 644 2096 Ἀλλ
685 2060 726 2096 οὐ
752 2064 769 2095 ὲ
791 2065 865 2096 τοῖς
889 2060 1069 2105 κωμήταις
1093 2059 1311 2108 συγχωρήσει
1381 2061 1406 2095 2
1464 2061 1534 2096 Sed
1565 2071 1680 2106 neque
1713 2062 1868 2097 vicaneis
1900 2062 2082 2106 permittat
2113 2062 2282 2097 adversus
2315 2062 2462 2107 publica

231 2106 320 2153 πρὸς
342 2106 423 2142 τοὺς
442 2106 632 2150 δημοσίους
661 2106 851 2141 ἀνανεύειν
875 2105 1013 2152 φόρους.
1070 2106 1131 2139 Ἐν
1164 2105 1204 2139 δὲ
1234 2109 1312 2140 ταῖς
1381 2107 1556 2141 resultare
1579 2107 1725 2142 tributa.
1775 2107 1871 2141 Inter
1896 2107 2110 2151 spectabiles
2134 2107 2461 2142 administrationes

231 2151 484 2200 περιβλέπτοις
506 2150 628 2199 ἀρχαῖς
650 2155 710 2186 καὶ
734 2149 823 2195 αὕτη
848 2151 1046 2194 τετάξεται,
1070 2154 1130 2184 καὶ
1155 2152 1186 2184 εἰ
1205 2150 1314 2193 τυχὸν
1326 2154 1369 2185 40
1382 2154 1501 2186 autem
1526 2152 1614 2186 haec
1639 2161 1781 2196 quoque
1802 2151 2046 2197 deputabitur,
2070 2152 2155 2187 licet
2174 2152 2325 2187 forsitan
2347 2152 2461 2187 Susci-

230 2242 437 2277 molestiave
460 2240 661 2287 afficiendi,
692 2251 762 2276 neu
785 2241 858 2275 iam
881 2240 1011 2275 solitas
1035 2239 1120 2274 illas
1143 2239 1319 2274 iussiones
1343 2239 1521 2284 afferant,
1551 2251 1646 2285 quae
1671 2241 1753 2275 olim
1779 2252 1828 2276 ex
1851 2240 1995 2276 sedibus
2019 2241 2090 2275 tuis
2107 2240 2358 2294 procedebant
2373 2252 2461 2293 per-

231 2287 377 2322 diturae
399 2297 462 2321 eos
482 2285 546 2331 qui
568 2285 606 2319 in
630 2284 803 2320 mediocri
826 2285 1040 2320 condicione
1059 2283 1234 2325 vivebant,
1259 2293 1340 2318 cum
1363 2284 1471 2318 modo
1496 2295 1618 2320 muros
1641 2285 1745 2330 refici
1766 2285 1872 2320 modo
1896 2285 1974 2320 vias
1993 2296 2128 2327 curare,
2152 2285 2259 2321 modo
2280 2286 2353 2321 ima
2393 2298 2458 2322 nes

231 2336 267 2367 et
280 2336 418 2378 pontes
440 2335 477 2366 et
493 2334 629 2377 portus
652 2335 687 2365 et
710 2341 829 2375 aquae
852 2330 981 2365 ductus
1002 2328 1170 2381 publicos
1192 2328 1364 2364 renovari
1386 2328 1560 2370 iuberent,
1585 2334 1621 2365 et
1641 2330 1723 2365 loca
1743 2335 1925 2376 tamquam
1942 2329 2094 2383 publica
2118 2330 2261 2375 auferri
2281 2335 2317 2366 et
2362 2341 2462 2366 omos

232 2377 341 2423 quasi
368 2387 443 2411 non
466 2386 534 2410 suo
564 2375 645 2410 loco
675 2374 843 2410 conditas
870 2374 1010 2410 destrui
1042 2377 1152 2419 atque
1175 2373 1250 2408 alia
1279 2373 1336 2408 liis
1359 2374 1467 2409 etiam
1490 2375 1539 2408 ad
1562 2374 1779 2410 calumniam
1798 2374 2035 2421 procliviora.
2107 2374 2181 2410 Sed
2202 2375 2216 2410 i
2241 2386 2281 2411 se
2303 2375 2387 2411 huic
2408 2377 2462 2412 rei

233 2432 382 2468 operam
403 2420 504 2455 dabit
527 2424 637 2466 atque
658 2420 779 2455 omnia
796 2420 875 2455 sine
896 2419 1028 2454 damno
1046 2423 1208 2465 peraqet.
1256 2416 1395 2460 Quodsi
1419 2419 1474 2454 vel
1500 2420 1671 2464 qraviore
1693 2419 1917 2466 inspectione
1938 2430 1998 2454 res
2017 2430 2123 2465 eqere
2151 2431 2198 2455 no
2229 2420 2255 2456 ‘s
2274 2420 2462 2462 videbitur,

230 2477 340 2502 sacra
389 2466 594 2512 raqmatica
615 2465 742 2510 forma
767 2469 919 2504 utemur,
951 2475 1059 2509 quam
1080 2463 1222 2509 quidem
1253 2463 1304 2498 ad
1326 2467 1424 2498 tuam
1449 2471 1593 2509 quoque
1614 2465 1906 2510 praefecturam,
1937 2465 1970 2499 si
2020 2465 2183 2507 tacuerit,
2207 2465 2397 2508 mittemus,
2427 2473 2464 2501 et

231 2522 341 2547 secun
371 2522 428 2545 um
452 2521 531 2546 eam
553 2510 660 2545 etiam
684 2509 793 2544 alteri
815 2515 857 2545 ut
875 2509 970 2544 lianc
989 2509 1236 2554 quaestionem
1254 2508 1375 2552 faciat
1393 2509 1706 2555 (praecipiemus).
1756 2508 1817 2544 Sic
1840 2510 1983 2556 respira
2009 2514 2073 2545 unt
2095 2510 2294 2555 aliquando
2313 2506 2460 2552 subditi,

231 2557 285 2592 sic
311 2555 496 2603 florebunt
524 2565 654 2589 rursus
683 2555 845 2590 civitates
877 2558 914 2590 et
942 2555 1198 2589 incrementum
1226 2552 1370 2588 'incolae
1396 2564 1521 2588 earum
1550 2565 1660 2599 quam
1691 2555 1890 2589 maximum
1922 2554 2083 2600 capient,
2125 2565 2191 2590 nec
2221 2555 2293 2590 iam
2314 2556 2463 2601 patrias

233 2607 415 2648 tamquam
439 2611 514 2635 rem
534 2599 693 2635 maxime
717 2599 941 2635 metuendam
950 2599 1116 2679 [uqiena
1143 2609 1222 2632 cum
1244 2609 1315 2644 pro
1347 2602 1400 2633 ter
1421 2598 1697 2644 maqistratuum
1723 2598 1898 2633 malitiam
1921 2599 1960 2633 in
1977 2599 2054 2633 suis
2077 2598 2243 2634 babitare
2259 2605 2459 2635 vereantur.

311 2652 320 2656 ⁴
367 2645 411 2682 V.
473 2645 625 2691 Oportet
647 2644 761 2689 iqitur
784 2648 882 2679 tuam
905 2655 948 2679 su
973 2643 1158 2678 limitatem
1181 2643 1275 2678 scire
1331 2653 1400 2678 unc
1423 2644 1676 2688 maqistratum
1700 2654 1810 2678 unum
1834 2644 1872 2677 in
1899 2648 2086 2689 posterum
2117 2654 2162 2679 ac
2184 2655 2259 2679 non
2283 2644 2462 2690 duplicem

230 2692 400 2737 futurum
422 2701 518 2725 esse:
552 2689 649 2724 unde
672 2689 804 2731 omnia,
837 2699 1083 2734 quaecumque
1105 2688 1219 2732 fiscus
1249 2692 1358 2722 antea
1390 2688 1535 2740 utrique
1566 2687 1800 2734 maqistratui
1822 2687 1943 2730 dabat,
1975 2699 2019 2723 ea
2047 2688 2242 2723 secundum
2265 2688 2461 2724 subiectam

234 2735 318 2771 huic
345 2745 475 2770 sacrae
506 2734 578 2780 leqi
609 2738 758 2769 nostrae
787 2733 1065 2779 descriptionem
1095 2733 1166 2779 ipsi
1195 2732 1311 2778 iisque
1342 2732 1406 2778 qui
1437 2743 1535 2768 circa
1566 2743 1645 2767 eum
1677 2738 1763 2767 sunt
1793 2732 1943 2778 eiusque
1983 2733 2112 2779 officio
2144 2733 2260 2776 dabis,
2290 2734 2460 2779 quemad-

232 2783 255 2817 1
307 2779 451 2815 modum
475 2780 582 2814 etiam
606 2789 720 2824 usque
740 2778 857 2813 adlzuc
877 2778 1068 2813 dabantur.
1138 2776 1369 2812 Tributorum
1393 2788 1537 2823 quoque
1560 2777 1706 2812 exactio
1731 2777 1834 2811 etad
1853 2778 1971 2823 ipsum
1994 2783 2027 2812 ec
2053 2777 2103 2812 ad
2114 2778 2377 2823 praetorianos
2400 2780 2465 2824 qni

233 2826 269 2860 ei
291 2824 487 2860 oboediunt
533 2824 715 2870 officiales
736 2823 951 2869 pertinebit;
982 2822 1195 2868 habebitque
1219 2823 1410 2873 utriusque
1433 2822 1670 2867 maqistratus
1692 2822 1863 2868 insiqnia,
1887 2827 1923 2856 et
1946 2822 2108 2867 quamvis
2121 2823 2352 2868 potissimum
2371 2824 2461 2857 mili—

236 2870 327 2905 turis
353 2869 418 2910 sit,
449 2872 487 2903 at
518 2873 615 2903 certe
645 2878 756 2903 curru
785 2873 958 2914 arqenteo
988 2867 1136 2903 venetur
1170 2871 1204 2902 et
1233 2877 1371 2901 securis
1404 2877 1484 2901 eum
1516 2866 1713 2912 praecedet
1747 2866 1964 2908 (consularis
1998 2867 2091 2901 enim
2127 2867 2321 2912 potestatis
2354 2868 2462 2903 etiam

235 2914 303 2950 Ιιοσ
324 2913 469 2966 siquam
492 2915 560 2955 est)
585 2912 802 2959 pariterque
821 2913 946 2958 fasces
969 2912 1003 2947 ei
1025 2911 1246 2947 sollemniter
1262 2911 1539 2957 praeferentur,
1571 2915 1681 2956 atque
1703 2911 1871 2946 inserviet
1896 2911 1932 2946 ei
1953 2911 2121 2946 universa
2144 2922 2273 2946 manus
2295 2911 2463 2947 militaris

260 2969 330 2994 uae
351 2969 391 2993 m
407 2958 604 3003 provincia
628 2957 809 2992 collocata
833 2961 901 2991 est:
938 2957 996 2991 cui
1019 2956 1161 3002 quidem
1186 2966 1296 2990 curae
1319 2955 1389 2990 erit
1412 2959 1453 2990 ut
1472 2955 1668 2990 latrocinia
1688 2954 1838 2991 excidat
1854 2960 1889 2990 et
1908 2955 2079 2990 iniuriam
2096 2956 2219 3002 passis
2240 2967 2343 3003 opem
2358 2956 2463 3002 ferat

326 3006 364 3038 et
383 3001 548 3037 subditos
570 3006 715 3037 nostros
737 3002 878 3048 quietos
901 3001 995 3036 inter
1017 3011 1057 3037 se
1077 3000 1215 3037 reddat.
1303 2999 1429 3045 Neque
1452 3010 1536 3035 vero
1569 3001 1716 3035 vicanos
1739 2999 1909 3047 patietur
1931 3000 2084 3046 publica
2117 3001 2251 3036 tributa
2282 3011 2460 3036 recusare.

235 3047 339 3083 Inter
356 3049 572 3095 spectabiles
591 3055 709 3086 autem
729 3053 966 3096 maqistratus
986 3053 1063 3095 ipse
1081 3059 1225 3094 quoque
1248 3049 1443 3091 referetur,
1464 3047 1534 3081 etsi
1550 3047 1653 3090 forle
1673 3047 1736 3091 qui
1754 3058 1834 3082 eum
1854 3049 2008 3093 suscipit
2026 3048 2216 3093 diqnitatis
2233 3049 2283 3084 sit
2303 3050 2459 3084 maioris.

277 3140 297 3170 5
320 3133 442 3169 ὁλκῶν
455 3131 652 3178 δημοσίων]
672 3134 850 3166 formarum
865 3137 897 3166 et
910 3135 1111 3166 thermarum
1126 3145 1146 3169 ς
1161 3133 1172 3177 ΙΙ
1193 3136 1208 3165 7
1237 3145 1308 3165 κτι-
1343 3134 1346 3145 “

233 3180 381 3214 θέντων
391 3180 422 3213 L
434 3178 447 3224 ΙΙ
460 3181 480 3214 8
494 3177 757 3223 προχειοότατα
772 3179 802 3211 Β
817 3178 829 3222 ΙΙ
848 3181 868 3212 9
882 3177 1011 3211 τούτου
1023 3179 1065 3211 M
1064 3179 1130 3218 Βς]
1145 3177 1252 3211 τοῦτο
1266 3177 1309 3209 L¹

231 3223 374 3258 τούτων
385 3224 433 3258 L²
447 3225 460 3268 ss
484 3226 522 3258 10
544 3211 760 3265 συνῐδωμεν]
776 3220 997 3266 συνείδωμεν
1011 3219 1236 3265 (συνὴδωμεν
1249 3221 1310 3262 L’)

235 3271 301 3303 LB
313 3271 369 3313 (cf.
379 3271 410 3310 ς)
423 3265 634 3311 συνείδομεν
644 3269 690 3301 Μ
691 3280 697 3305 3
714 3281 776 3300 ser.
787 3264 1017 3310 avvldocptev?
1034 3271 1074 3310 cf.
1086 3268 1166 3301 XX
1176 3267 1225 3300 VI
1231 3269 1263 3306 4,
1275 3274 1284 3298 1
1301 3265 1312 3310 ΙΙ

238 3316 275 3347 13
299 3311 508 3356 συνίδοιμεν
527 3313 609 3354 LB]
632 3310 855 3355 συνείδοιμεν
869 3313 914 3346 Μ
923 3312 936 3356 ΙΙ
953 3309 1034 3345 κατ’
1050 3308 1162 3345 αὐτόν
1178 3323 1219 3344 τε
1239 3311 1310 3343 ML

233 3356 324 3391 κατὰ
343 3356 480 3391 ταύτόν
498 3370 539 3391 τε
550 3358 596 3398 Β,
618 3355 807 3390 κελεύοντα
826 3358 957 3390 lectione
975 3368 995 3393 ς
1012 3356 1192 3390 secundum
1211 3365 1309 3398 quam

232 3403 472 3445 praecipiemus
484 3403 700 3436 commendari
715 3403 836 3435 iniuria
851 3409 944 3443 putat
956 3402 1153 3435 Zachariae.
1179 3401 1313 3434 Videtur

235 3448 389 3480 excidisse
401 3449 505 3481 ἔσται
518 3449 569 3480 vel
580 3444 858 3494 necardkopcevjl
879 3448 919 3479 16
935 3448 995 3479 καὶ
1008 3460 1065 3479 om.
1082 3447 1112 3479 L
1129 3446 1140 3488 ΙΙ
1159 3443 1311 3487 αὔξησιν

235 3490 281 3523 L·
300 3490 365 3531 1121
391 3494 526 3533 τοίνυν]
548 3496 657 3525 autem
677 3503 697 3528 ς’
712 3491 724 3535 ΙΙ
751 3493 793 3525 23
818 3486 967 3525 ἅπαντα
987 3486 1117 3531 ὁπόσα]
1145 3500 1229 3532 quae
1250 3502 1270 3526 ς
1300 3489 1312 3528 Ι]

235 3536 278 3567 25
301 3530 513 3589 ὑπογραφὴν
529 3538 561 3570 Β
580 3538 592 3580 ΙΙ
607 3538 651 3571 26
675 3532 740 3581 ἀφ’
757 3532 869 3569 αὑτὸν
885 3537 927 3568 Μ
937 3535 950 3579 ΙΙ
968 3537 1010 3570 28
1019 3549 1066 3579 sq.
1092 3536 1311 3569 ἐπικείσεται

235 3596 275 3602 --
293 3577 487 3622 παράσημα
507 3593 547 3613 τε
567 3595 625 3617 om.
642 3582 683 3614 M
698 3582 710 3624 ΙΙ
727 3582 771 3615 30
790 3582 850 3613 καὶ
869 3579 901 3613 εἰ
920 3582 980 3612 καὶ
1001 3581 1045 3621 L]
1070 3582 1131 3613 καὶ
1149 3579 1182 3612 εἰ
1201 3579 1280 3613 ΜΒ
1298 3578 1311 3622 ΙΙ

236 3624 275 3655 31
303 3620 451 3664 ἀπήνης]
471 3638 496 3656 s.
510 3638 537 3656 v.
559 3622 741 3671 καθέδρας
763 3625 803 3659 M
825 3624 838 3669 fl
862 3626 903 3658 32
930 3620 1039 3657 αὐτοῦ
1058 3638 1115 3658 om.
1131 3636 1151 3661 e
1168 3623 1181 3667 ΙΙ
1205 3625 1312 3658 ’τοῦτο

235 3666 284 3708 Β]
307 3667 414 3700 τοῦτο
438 3666 480 3700 τὸ
501 3670 570 3702 ML
587 3670 600 3713 fl
616 3667 820 3713 σύμβουλον
838 3670 868 3703 L
884 3669 897 3713 ΙΙ
916 3671 957 3703 33
983 3666 1109 3713 ῥάνδοι
1131 3669 1177 3703 L·
1196 3668 1208 3713 ΙΙ
1225 3680 1309 3733 arneo-

1008 3710 1025 3722 ‘l

235 3708 458 3756 πομπεύουσι
483 3713 521 3744 Μ
536 3713 548 3755 ΙΙ
565 3715 607 3747 38
630 3717 790 3757 κομίταις
812 3714 887 3757 L¹fl
913 3716 956 3747 40
981 3717 1083 3757 αντη]
1109 3710 1191 3748 αὖτι
1216 3714 1247 3747 L

1430 3137 1442 3166 l
1470 3133 1598 3175 pridem
1627 3134 1671 3174 T]
1696 3133 1828 3174 quidem
1852 3134 1882 3165 V
1901 3132 1913 3176 ΙΙ
1937 3135 1957 3166 5
1981 3137 2114 3176 portum
2139 3132 2193 3178 Vss
2218 3137 2239 3167 6
2262 3137 2296 3168 et
2315 3135 2458 3168 therma·

1379 3188 1452 3210 rum
1478 3178 1699 3220 (theymarum
1722 3178 1768 3218 V)
1800 3178 1997 3210 secludenda
2021 3180 2169 3211 videntur
2191 3178 2203 3222 ΙΙ
2232 3179 2458 3212 reuocationes

1388 3222 1422 3254 V
1441 3223 1453 3264 ΙΙ
1485 3224 1502 3254 7
1526 3221 1710 3255 ablationes
1736 3222 1839 3263 Beck]
1864 3222 2087 3255 habitationes
2120 3223 2183 3255 VT
2212 3224 2224 3264 ΙΙ
2252 3233 2382 3265 quoque
2407 3223 2455 3263 T]

1380 3279 1438 3299 om.
1462 3266 1545 3299 Val.
1563 3265 1575 3309 ΙΙ
1595 3269 1614 3300 9
1639 3267 1764 3309 peiora]
1791 3267 1850 3311 leq.
1867 3267 2049 3308 proniora?
2066 3267 2078 3311 ΙΙ
2099 3269 2139 3300 10
2165 3268 2264 3300 huius
2284 3267 2382 3300 faciet
2407 3267 2454 3307 T]

1379 3311 1481 3343 faciat
1492 3311 1593 3343 huius
1615 3311 1648 3344 V
1660 3311 1672 3354 ΙΙ
1691 3314 1728 3345 11
1752 3312 2015 3354 prospexerimus
2034 3313 2112 3345 libri
2128 3312 2139 3349 ΙΙ
2155 3312 2252 3344 etiam
2265 3311 2382 3343 maiori
2398 3311 2431 3343 T
2445 3311 2457 3353 ΙΙ

1384 3357 1422 3389 12
1441 3356 1624 3397 pramatica
1640 3356 1694 3399 Vll
1717 3358 1756 3390 13
1777 3358 1909 3388 utemur
1929 3358 2014 3399 vulq.
2033 3356 2045 3400 ΙΙ
2067 3359 2104 3390 15
2126 3355 2185 3389 alii
2205 3356 2288 3396 vulo.
2307 3354 2320 3394 fl
2337 3355 2377 3388 18
2398 3354 2454 3387 de-

1379 3402 1489 3432 serent
1509 3401 1594 3443 vuly.
1614 3400 1626 3442 ΙΙ
1643 3402 1685 3434 23
1710 3401 1826 3442 utique
1848 3401 1879 3433 V
1893 3400 1905 3443 ΙΙ
1921 3402 1963 3434 27
1987 3401 2050 3443 ipsi
2073 3401 2117 3442 T]
2137 3401 2208 3442 ipsa
2233 3398 2286 3474 VK!
2303 3398 2453 3450 immine-

1380 3445 1437 3477 bat
1469 3444 1502 3477 V
1527 3445 1737 3478 inminebant
1762 3446 1794 3479 T
1816 3444 1828 3483 ΙΙ
1859 3446 1901 3479 28
1933 3446 1980 3478 eis
2006 3446 2038 3479 T
2062 3446 2074 3487 ΙΙ
2101 3447 2139 3479 31
2174 3453 2271 3476 oonso
2286 3454 2351 3475 am
2386 3444 2418 3476 V

1380 3490 1477 3522 etiam
1502 3491 1535 3522 in
1560 3502 1626 3522 ras.
1661 3490 1695 3522 V
1714 3489 1727 3533 ΙΙ
1757 3491 1799 3524 33
1827 3489 2122 3532 *protam-abitque]
2154 3486 2346 3529 placuitque
2370 3488 2452 3529 (pla-

1379 3534 1449 3567 cuit
1462 3534 1509 3575 T)
1524 3535 1610 3574 libri,
1631 3534 1842 3576 placabitque
1855 3534 2065 3573 Studmund,
2081 3531 2273 3574 parebitque
2287 3531 2318 3564 ei
2328 3532 2423 3565 Beck
2441 3534 2453 3575 11

1378 3579 1533 3612 universa
1553 3591 1612 3611 om.
1635 3578 1691 3623 Vll
1716 3581 1758 3614 34
1782 3578 1988 3623 prouintiam
2008 3575 2062 3620 1⁷1
2078 3574 2240 3608 collocata
2257 3575 2361 3616 Beck]
2386 3577 2453 3608 col-

1377 3623 1445 3656 lata
1470 3624 1549 3656 libri
1568 3622 1580 3665 ΙΙ
1607 3624 1650 3657 39
1674 3624 1987 3657 amministrationes
2008 3623 2118 3654 nutem
2145 3621 2199 3659 (an
2219 3619 2265 3658 V)
2294 3620 2450 3662 VNeob.]

1377 3671 1487 3700 autem
1510 3667 1813 3743 agministrationes
1837 3666 1896 3711 ΤΙ
1918 3667 1962 3701 40
1985 3663 2213 3708 deportabitur
2245 3664 2327 3698 Val.
2347 3666 2359 3709 Ι]
2380 3676 2450 3698 sus-

1378 3712 1503 3756 cipient
