2618 4010
248 120 290 164 N
290 132 357 164 ov.
387 118 614 164 XXXVIII
642 119 668 159 6

253 230 414 273 λέγοντες
442 227 465 271 ἢ
488 229 679 273 ταμειακῆς
707 228 730 272 ἦ
752 229 953 280 κωμητικῇς
983 224 1005 271 ἣ
1025 223 1290 273 κογχυλευτικῆς
1313 221 1334 268 ἢ

252 274 358 317 ἄλλης
373 272 601 308 καθεστάναι
620 271 875 308 καταστάσεως
891 286 957 308 τον
972 274 1094 317 ἕτερον
1113 271 1191 305 τῶν
1209 269 1332 306 αὐτῶν

253 322 392 367 γονέων
405 319 605 364 πειρῶνται
618 322 828 365 προςνέμειν
839 317 984 353 ἑαυτοὺς
1002 317 1022 359 ἢ
1038 319 1115 350 ταῖς
1127 318 1332 360 ταμειακαῖς

253 362 278 407 ἢ
296 366 374 398 ταῖς
391 365 608 407 κωμητικαῖς
631 361 653 406 ἢ
676 376 741 411 noy
783 362 956 398 λευτικαῖς
979 360 1001 405 ἢ
1023 362 1159 407 ἑτέραις
1182 357 1332 403 οἱαιςὸἦ-

254 421 344 444 ποτε
367 405 490 450 τύχαις
512 411 572 442 καὶ
596 409 638 443 τὸ
663 377 914 455 βουλτενυτὴριον
938 405 1128 440 ἐκκλίνειν·
1159 405 1332 447 θεσπίζο-

254 466 321 499 μεν
344 457 469 487 τοίνυν
490 451 670 498 μηδεμίαν
693 453 786 488 εἶναι
808 451 980 494 τοιαύτην
1003 454 1132 493 τέχνην
1156 448 1248 484 κατὰ
1270 450 1333 484 τοῦ

255 496 437 542 δημοσίου,
460 495 551 533 ἀλλὰ
570 497 726 540 πάντως,
751 498 823 532 εἴτε
844 499 881 531 ἐκ
901 497 1092 540 ταμειακῆς
1113 495 1247 541 μητρὸς
1263 494 1335 528 εἴτε

255 544 294 577 ἐκ
325 540 591 590 κογχυλουτικῆς
621 543 692 578 εἴτε
723 544 762 576 ἐκ
793 542 993 594 κωμητικῆς
1023 540 1218 586 γεννηθείη
1251 541 1335 574 παῖς

254 586 439 635 βουλευτῇ,
462 586 530 632 τὴν
552 586 785 632 βουλευτικὴν
807 600 919 629 τυχην
945 588 1090 630 κρατεῖν
1111 582 1334 629 βουλόμεθα.

254 631 445 677 βουλευταὶ
467 634 535 677 μὲν
557 631 626 679 γὰρ
650 631 828 675 ἐλάχιστοι
852 628 1058 672 πανταχόσε
1083 631 1144 672 τῆς
1168 626 1299 707 {lueri}

256 678 338 720 εἰσί,
355 681 543 721 ταμειακοὶ
560 675 601 712 δί
615 681 675 711 καὶ
690 678 853 721 κωμῆται
868 678 926 709 καὶ
943 673 1171 721 κογχυλευταὶ
1187 675 1234 708 εἷς
1250 686 1277 708 π
1302 674 1335 716 ἧ-

257 723 326 757 θος
349 723 569 767 ἐκκεχυμένοι
593 722 806 762 καθεστιὶσι,
831 723 890 754 καὶ
908 720 1082 766 προςῆκόν
1106 721 1183 753 ἐστι
1202 717 1337 762 μᾶλλον

256 766 301 802 τὰ
324 766 558 813 βουλευτήρια
582 769 661 802 τῶν
681 766 825 802 πόλεων
850 764 1026 805 αὔξεσθαι
1052 766 1092 798 έν
1115 762 1243 810 ὀλίγοις
1267 761 1336 798 σώ-

255 823 346 857 μασι
369 813 694 867 στενοχωρηθέντα
724 809 745 853 ἢ
779 809 919 852 πλῆθος
951 808 1337 862 πλήθειίπροςθεῖναι.

1313 112 1401 161 »252

2069 129 2128 160 DE
2158 127 2473 161 immunimus

1403 225 1497 261 sacri
1528 224 1660 278 εθτῦιζίἰ
1692 228 1758 265 aut
1789 226 2016 266 vicaneorum
2048 229 2113 262 aut
2141 224 2378 272 purpurariae
2410 226 2476 261 aut

1400 270 1547 306 alterius
1579 269 1766 306 cuiusdam
1794 280 1874 308 esse
1905 271 2121 308 condicionis
2153 271 2306 307 alterum
2329 278 2475 305 suorum

1399 315 1601 361 parentium
1637 324 1677 350 se
1697 317 1875 361 temptant
1897 316 2112 361 coniungere
2141 319 2205 351 aut
2228 314 2323 349 sacri
2345 312 2476 349 aerarii

1400 364 1464 395 aut
1487 360 1714 395 vicaneorum
1744 359 1800 395 vel
1828 361 2064 406 purpurariae
2093 363 2158 396 aut
2188 359 2293 396 alteri
2316 358 2475 395 cuicum-

1368 407 1386 439 5
1402 416 1470 449 que
1495 404 1696 440 condicioni
1726 406 1763 440 et
1793 404 1926 441 curiam
1954 406 2098 442 evitare.
2146 405 2330 441 Sancimus
2354 403 2476 448 itaque

1402 449 1537 501 nullam
1571 458 1651 484 esse
1684 448 1792 484 talem
1826 451 1940 485 artem
1975 450 2145 487 adversus
2175 450 2377 495 publicum,
2414 448 2477 484 sed

1403 504 1557 536 ommno,
1590 494 1663 529 sive
1689 504 1735 529 ex
1759 493 1853 529 sacri
1881 494 2010 531 aerarii
2031 499 2144 531 matre
2174 494 2248 531 sive
2271 504 2316 530 ex
2339 504 2476 539 purpu-

1402 539 1499 574 raria
1529 538 1602 574 sive
1625 548 1671 574 ex
1691 539 1841 574 vicanea
1868 539 1944 574 nati
1967 539 2100 575 fuerint
2127 540 2193 576 filii
2215 539 2359 581 curiali,
2391 548 2476 573 con-

1405 584 1578 619 dicionem
1603 583 1723 619 curiae
1746 583 1920 619 obtinere.
1974 583 2133 621 Curiales
2156 583 2477 637 namque-paucio·

1297 639 1336 662 ας
1352 631 1392 664 10
1405 639 1462 664 res
1494 628 1625 674 ubique
1655 630 1781 664 nostra
1815 628 1852 663 in
1883 627 2068 672 republica.
2098 634 2197 671 sunt,
2233 639 2327 665 sacri
2357 632 2478 664 autem

1406 673 1534 709 aerarii
1558 677 1595 709 et
1615 673 1750 708 vicanei
1774 674 1810 708 et
1833 673 2037 718 purpurat-ii
2066 673 2105 709 in
2126 674 2351 710 multitudine
2375 673 2480 708 effusi

1407 721 1508 763 sunt3
1545 718 1670 754 deinde
1702 722 1758 753 est
1786 727 1986 762 congruens
2017 718 2128 763 magis
2159 719 2330 764 ampliare
2361 718 2479 754 curias

1407 764 1589 799 civitatum
1607 764 1644 798 in
1661 763 1785 808 paucis
1805 762 2014 807 corporibus
2035 773 2081 798 an

2129 767 2242 800 statas
2266 773 2372 809 quam
2389 763 2479 798 mul-

1407 809 1594 844 titudinem
1626 808 1845 843 multitudini
1876 808 2029 843 adicere.

2109 808 2210 844 uodsi
2240 809 2385 861 quidam
2416 818 2480 860 no:

258 858 304 891 Εἰ
327 855 371 892 δέ
391 869 484 892 τινες
507 870 661 902 ονοματι
687 858 746 899 τῆς
770 857 898 908 otuelus:
920 855 1051 901 μητρὸς
1077 865 1123 888 ως
1146 854 1338 898 ταμειακῆς
1355 857 1391 888 15
1406 855 1499 889 mine
1529 854 1697 898 propriae
1729 853 1868 895 matris,
1900 855 2080 899 tamquam
2099 862 2200 905 ‚quae
2230 863 2324 889 sacri
2352 852 2482 889 aerarii

257 899 279 946 ἢ
301 902 565 949 noym-leuvanis
590 901 610 944 ἢ
635 911 834 945 κωμητικης
857 911 962 942 τυχης
988 899 1094 942 οὔσης
1117 898 1262 933 ἑαυτοὺς
1285 898 1336 939 ἐξ·

257 945 351 982 ελεῖν
375 949 436 989 τῆς
456 946 683 1000 βουλευτικῆς
712 943 963 991 ἐπειράθησαν
995 942 1016 987 ἢ
1043 947 1103 978 καὶ
1127 944 1338 988 πειραθεῖεν

257 991 373 1035 τύχης,
396 991 469 1027 ἀπο
492 993 552 1034 τῆς
572 992 654 1037 ἇρτι
679 989 893 1033 διελθούσης
917 989 1075 1025 decimae
1098 986 1339 1033 ἐπινεμήσεως

258 1041 318 1071 καὶ
348 1034 472 1080 αὐτῆς,
504 1036 550 1071 τὰ
580 1034 671 1070 κατὰ
701 1037 834 1070 τοῦτον
864 1048 892 1070 π
917 1035 1079 1077 αχθέιιτα
1110 1033 1178 1069 τὸν
1200 1032 1338 1079 τρόπον

258 1082 330 1116 εἴτε
354 1084 391 1115 ἐκ
413 1083 474 1125 τῆς
494 1082 599 1116 θείας
624 1078 728 1124 αὐλῆς
752 1081 823 1114 εἴτε
851 1047 918 1114 ἄλλ

258 1132 384 1174 ίσχυρα
409 1129 516 1167 ἔστω,
540 1129 599 1159 καὶ
622 1124 704 1160 τοὺς
727 1124 908 1160 τοιούτους
930 1123 1121 1169 βουλευτας
1143 1123 1186 1159 τὸ
1211 1123 1340 1159 λοιπὸν

258 1172 351 1206 εἶναι
376 1171 611 1213 &canigone-v.
659 1171 691 1204 εἰ
711 1168 782 1225 ἴάρ
811 1183 847 1204 τι
869 1172 1076 1217 πέπρακται
1106 1169 1176 1217 πρὸ
1201 1171 1262 1211 τῆς
1286 1167 1340 1203 δε-

258 1216 366 1260 κάτης
389 1205 640 1261 ἐπινεμῆσεως,
664 1228 771 1250 τουτο
794 1218 952 1260 βεβαίως
975 1218 1035 1249 καὶ
1054 1217 1115 1250 ἐπὶ
1139 1217 1199 1258 τῆς
1224 1212 1341 1257 ἰσχύος

258 1263 318 1304 τῆς
343 1261 469 1296 ἑαυτοῦ
493 1265 617 1306 μένειν
639 1259 860 1314 βουλόμεθα.

1406 899 1462 934 vel
1481 899 1718 944 purpurariae
1738 901 1801 934 aut
1817 899 1985 933 vicaneae
2004 897 2221 933 condlcionis
2233 898 2324 944 <sit>,
2345 908 2384 934 se
2396 898 2481 933 sub·

1406 945 1549 979 trahere
1569 954 1591 979 a
1612 944 1731 979 curiae
1751 943 1959 979 condicione
1980 945 2242 987 temptaverunt
2260 943 2315 978 vel
2330 945 2480 988 tempta-

1407 989 1533 1032 verint,
1558 999 1580 1024 a
1601 999 1715 1034 nuper
1738 988 1931 1033 praeterita
1956 987 2094 1023 decima.
2116 986 2308 1022 indictione
2332 990 2368 1023 et
2390 987 2482 1032 ipsa,

1407 1045 1450 1070 ea
1482 1044 1574 1079 quae
1602 1034 1796 1070 secundum
1826 1034 1923 1068 hunc
1954 1035 2037 1068 acta
2069 1034 2154 1068 sunt
2183 1031 2327 1068 modum
2357 1032 2431 1067 sive
2461 1042 2484 1067 a

919 1079 1057 1122 αχόθεν
1084 1077 1177 1133 ᾀργὰ
1199 1082 1259 1113 καὶ
1279 1075 1338 1113 ἀν·
1353 1083 1394 1115 20
1409 1083 1533 1115 nostra
1567 1079 1650 1114 aula
1683 1079 1755 1114 sive
1785 1079 1927 1114 aliunde
1950 1087 2065 1113 vacua
2090 1081 2126 1112 et
2148 1076 2303 1113 invalida
2327 1077 2416 1118 sint,
2448 1080 2485 1111 et

1408 1125 1474 1159 hos
1499 1125 1588 1159 tales
1614 1124 1767 1160 curiales
1791 1124 1835 1159 de
1858 1126 1977 1159 cetero
2001 1132 2079 1159 esse
2100 1122 2290 1158 sancimus.
2338 1121 2430 1156 Nam
2453 1121 2486 1156 si

1410 1170 1494 1215 quid
1519 1173 1640 1204 actum
1670 1173 1725 1205 est
1749 1171 1833 1204 ante
1857 1169 2028 1203 decimam
2052 1167 2298 1210 indictionem,
2333 1166 2403 1202 hoc
2424 1165 2485 1200 fir-

1409 1226 1504 1250 mum
1529 1218 1564 1250 et
1587 1215 1624 1250 in
1648 1224 1716 1250 sua
1739 1214 1948 1249 fortitudine
1971 1222 2179 1258 permanere
2203 1212 2376 1247 volumus.

303 1305 534 1353 Ἐξαιροῢμεν
553 1304 594 1340 δὲ
612 1307 674 1360 τῆς
693 1316 875 1360 apponens
896 1302 1000 1359 &may
1020 1305 1124 1338 θείας
1145 1301 1342 1344 διατάξεως
1354 1307 1395 1339 25
1454 1303 1672 1348 Excepimus
1703 1308 1824 1339 autem
1857 1304 1901 1338 ab
1927 1304 1994 1338 hac
2024 1305 2147 1339 nostra
2171 1302 2290 1339 divina
2313 1301 2486 1338 constitu-

261 1350 454 1387 Θεοδόσιον
483 1355 544 1385 καὶ
573 1363 655 1386 τους
687 1363 796 1385 αυτου
827 1348 1015 1396 ἅδελφους,
1046 1353 1106 1383 καὶ
1137 1348 1218 1383 τοὺς
1247 1347 1342 1382 υἱοὺς

257 1395 426 1432 Ἰωάννου
454 1398 519 1431 τοῦ
549 1394 698 1439 ἐπίκλην
724 1396 878 1437 Ξίσκων,
908 1395 1011 1440 οἵπερ
1035 1393 1181 1428 ἑαυτοὺς
1210 1394 1258 1427 εἰς
1280 1406 1340 1427 τα-

258 1440 410 1487 μειακὴν
443 1445 563 1476 καίτοι
597 1440 804 1485 βουλευτῶν
837 1439 938 1474 ὄντες
970 1442 1142 1485 πατέρων
1176 1441 1341 1484 ἔγραψαν

258 1487 371 1530 τύχην
402 1485 472 1533 πρὸ
503 1488 566 1530 τῆς
595 1484 743 1528 δεκάτης
772 1485 1029 1539 έπινεμὴσεως,
1061 1487 1119 1517 καὶ
1152 1486 1225 1519 πᾶν
1251 1484 1285 1517 εἴ
1305 1497 1341 1516 τι

1410 1349 1507 1384 tione
1530 1349 1772 1384 Theodosium
1795 1351 1831 1384 et
1854 1349 1931 1384 eius
1955 1349 2101 1389 fratres,
2137 1352 2174 1383 et
2203 1347 2295 1382 filios
2318 1346 2488 1382 Iohannis

1410 1395 1470 1439 qui
1495 1403 1690 1437 cognomen
1714 1394 1841 1429 habuit
1861 1393 2012 1435 Sexcon,
2037 1393 2098 1438 qui
2122 1403 2160 1428 se
2183 1393 2220 1428 in
2244 1392 2337 1427 sacri
2358 1391 2488 1427 aerarii

1411 1439 1654 1474 condicionem
1671 1442 1973 1484 permutaverunt,
1998 1438 2083 1473 licet
2098 1438 2142 1474 de
2159 1437 2352 1473 curialibus
2370 1439 2489 1472 essent

1410 1483 1586 1528 patribus,
1612 1486 1648 1519 et
1669 1494 1771 1519 omne
1796 1484 1961 1529 quicquid
1985 1486 2105 1518 actum
2127 1486 2181 1518 est
2201 1482 2237 1518 in
2258 1492 2381 1518 eorum
2400 1482 2487 1516 libe-

258 1535 406 1585 yq'yovey
438 1529 499 1585 εἶπ’
532 1530 721 1576 ἐλευθερίᾳ
750 1530 893 1564 τούτων
923 1531 1151 1575 αναιροῦμεν.
1199 1526 1342 1562 οὐδενὸς
1356 1532 1396 1565 30
1411 1530 1550 1564 ratione
1575 1529 1801 1564 destruimus.
1849 1528 1945 1564 Nihil
1970 1529 2061 1564 enim
2091 1538 2214 1563 eorum
2244 1537 2336 1572 quae
2359 1527 2488 1562 elicue-

258 1590 304 1624 γα
348 1588 476 1611 αυτους
498 1573 693 1610 ἀπολαύειν
716 1576 795 1609 τῶν
815 1578 1094 1622 πεπορισμένων
1118 1572 1341 1618 βουλόμεθα,

270 1591 352 1657 ’λῖὰ
400 1620 565 1656 ουλευτὰς
587 1621 679 1655 εἶναι
703 1624 764 1654 καὶ
786 1618 832 1654 τὰ
852 1619 1059 1664 βουλευτῶν
1083 1617 1257 1665 πράττειν
1281 1621 1341 1652 καὶ

259 1670 334 1702 τοῖς
408 1666 641 1713 ιτουργὴμασι
674 1669 748 1700 τοῖς
782 1664 1018 1709 βουλευτικοῖς
1048 1668 1242 1711 προςέχειν,
1285 1661 1340 1697 οὗ·

261 1710 362 1747 &evae
381 1710 552 1758 καθάπερ
572 1710 734 1764 εἰπόντες
750 1710 926 1764 ’ἔφθημεν
942 1710 1097 1754 βοηθεῖν
1118 1709 1236 1744 αὐτοῖς
1254 1707 1342 1754 πρὸς

1410 1576 1495 1609 runt
1518 1574 1590 1609 frui
1614 1575 1774 1609 volumus
1788 1601 1797 1615 ,
1830 1574 1893 1610 sed
1917 1573 2070 1609 curiales
2095 1583 2173 1609 esse
2197 1577 2234 1608 et
2256 1581 2348 1617 quae
2373 1572 2488 1607 curia-

1410 1619 1495 1654 lium
1525 1621 1610 1654 sunt
1641 1629 1746 1663 agere
1779 1623 1814 1654 et
1844 1619 1890 1654 ad
1920 1619 2124 1654 functiones
2156 1618 2277 1653 curiae
2301 1617 2489 1661 respicere,

1411 1664 1510 1706 nihil,
1537 1664 1630 1699 sicut
1654 1665 1852 1709 praelocuti
1876 1675 2010 1707 sumus,
2041 1665 2092 1699 eis
2116 1663 2286 1708 prodesse
2308 1661 2489 1707 possibile.

1411 1709 1479 1744 etsi
1504 1710 1587 1754 quid
1610 1710 1766 1745 elicitum
1789 1710 1840 1745 eis
1866 1714 1921 1745 est
1943 1709 2016 1745 sive
2039 1719 2085 1745 ex
2107 1713 2229 1745 nostro
2253 1707 2388 1754 palatio
2415 1706 2492 1743 sive

261 1759 370 1792 τοῦτο
394 1754 604 1801 δυναμένου,
629 1769 698 1790 καν
723 1757 753 1789 εἰ
776 1768 813 1789 τι
836 1758 1102 1801 πεπορισμένον
1127 1752 1248 1789 αὐτοῖς
1270 1754 1343 1788 εἴτε
1355 1757 1395 1789 35
1411 1755 1565 1790 aliunde.

262 1804 300 1837 ἐκ
323 1803 386 1845 τῆς
409 1799 516 1845 αὐλῆς
537 1801 610 1836 εἴτε
632 1800 791 1835 ἄλλοθεν
814 1800 878 1843 εἴη.

306 1844 400 1893 <Ἐπ
410 1850 425 1881 ί
430 1845 529 1892 λογο
537 1846 580 1892 ς.>
621 1846 671 1880 Τὰ
688 1850 812 1880 τοίνυν
832 1842 1073 1891 παραστάντα
1093 1842 1178 1888 ἡμῖν
1196 1847 1255 1878 καὶ
1275 1841 1338 1879 ἐπ’

263 1890 420 1939 ὠφελείᾳ
447 1893 527 1926 τῶν
550 1890 694 1927 πόλεων
717 1893 777 1925 καὶ
795 1891 874 1925 τῶν
893 1888 1160 1936 βουλευτηρίων
1184 1888 1342 1930 δόξαντα

1462 1843 1731 1889 (Epilogus.)
1778 1844 1877 1888 Quae
1907 1844 2015 1888 igitur
2038 1844 2114 1880 visa
2146 1845 2233 1879 sunt
2253 1843 2357 1879 nobis
2388 1845 2424 1878 et
2445 1842 2493 1878 ad

1410 1889 1599 1925 utilitatem
1630 1889 1810 1924 civitatum
1844 1893 1880 1924 et
1912 1890 2092 1926 curiarum
2121 1889 2415 1935 complacuerunt
2457 1889 2494 1923 et

261 2049 336 2086 sive
357 2048 527 2086 nicaneae
549 2047 623 2083 sive
645 2046 884 2093 murilequlae
905 2045 979 2081 sive
1002 2045 1098 2081 alius
1121 2044 1346 2081 condicionis
1367 2045 1487 2091 fuisse
1510 2045 1662 2081 alterum
1684 2055 1735 2082 ex
1757 2045 1834 2081 suis
1854 2044 2069 2093 parentibus
2096 2045 2226 2080 conari
2252 2047 2364 2080 semet
2393 2044 2494 2091 ipsos

262 2095 338 2131 sive
357 2093 521 2129 tamiacis
543 2093 618 2128 sive
637 2092 793 2128 vicaneis
815 2092 889 2127 sive
911 2091 1136 2137 murilequlis
1158 2090 1232 2126 sive
1254 2090 1337 2126 aliis
1361 2090 1679 2142 qualibuscumque
1705 2089 1976 2126 condicionibus
2000 2089 2206 2126 adscribere
2226 2093 2336 2135 atque
2355 2089 2495 2124 curiam

263 2139 463 2176 declinare:
496 2137 679 2173 sancimus
700 2137 815 2184 iqitur
837 2135 974 2171 iiullum
1006 2147 1083 2171 esse
1107 2135 1283 2171 eiusmodi
1307 2135 1502 2180 artificium
1525 2135 1699 2171 adversus
1715 2135 1920 2182 publicum,
1953 2134 2017 2170 sed
2040 2135 2186 2170 omnino
2209 2135 2282 2170 sive
2305 2145 2355 2170 ex
2378 2138 2495 2170 matre

265 2185 422 2221 tamiaca
449 2183 524 2219 sive
546 2193 597 2218 ex
618 2182 836 2227 murilequla
866 2181 941 2217 sive
963 2192 1014 2216 ea:
1035 2182 1185 2216 vicanea
1212 2180 1314 2225 silius
1344 2184 1453 2215 natus
1475 2180 1523 2215 sit
1546 2180 1697 2222 curiali,
1728 2180 1900 2216 curialem
1932 2179 2179 2216 condicionem
2198 2179 2411 2232 praevalere
2434 2189 2494 2214 vo-

264 2231 391 2265 lumus.
454 2227 618 2264 Cur-iales
641 2227 735 2262 enim
751 2226 970 2273 paucissimi
1000 2229 1087 2260 sunt
1115 2226 1154 2259 in
1178 2229 1307 2260 nostra
1336 2224 1468 2270 ubique
1490 2225 1697 2271 republica,
1731 2225 1876 2260 tamiaci
1899 2235 1984 2261 vero
2008 2228 2045 2260 et
2066 2225 2203 2260 vicanei
2231 2228 2268 2260 et
2288 2223 2495 2270 murilequli

264 2276 302 2311 in
327 2273 470 2321 copiam
493 2273 646 2318 effusam
669 2275 877 2307 creverunt:
907 2271 1031 2316 itaque
1055 2271 1176 2305 curias
1201 2270 1329 2316 potius
1358 2270 1541 2305 civitatum
1565 2280 1699 2316 auqere
1722 2280 1917 2315 corporum
1942 2269 2132 2315 paucitate
2160 2269 2199 2303 in
2219 2269 2409 2316 anqustias
2432 2268 2494 2304 ad-

265 2320 394 2355 ductas
416 2329 526 2364 quam
549 2315 813 2352 multitudinem
836 2315 1057 2351 multitudini
1080 2315 1216 2351 addere
1237 2326 1310 2361 par
1326 2319 1389 2350 est.
1438 2313 1577 2357 Quodsi
1599 2315 1665 2360 qui
1685 2315 1864 2361 propriae
1883 2314 2010 2350 matris
2032 2314 2175 2350 nomine
2197 2317 2379 2360 tamquam
2402 2325 2496 2360 quae

267 2364 444 2401 tamiacae
475 2362 531 2399 vel
552 2361 791 2408 murilequlae
820 2361 877 2396 vel
899 2361 1071 2396 vicaneae
1094 2359 1320 2396 condicionis
1343 2361 1391 2395 sit
1419 2371 1457 2395 se
1480 2360 1581 2406 ipsos
1604 2359 1764 2395 eximere
1792 2370 1843 2396 ex
1873 2358 2007 2395 curiali
2026 2358 2239 2395 condicione
2268 2358 2390 2394 conati
2412 2362 2496 2394 sunit

265 2409 321 2446 vel
343 2409 451 2445 etiam
475 2411 662 2448 conentur,
693 2405 778 2441 inde
806 2405 851 2441 ab
883 2406 897 2440 i
922 2417 966 2441 sa
995 2405 1133 2441 decima
1155 2405 1353 2440 indictione
1383 2415 1501 2451 nuper
1526 2409 1701 2451 peracta,
1734 2415 1778 2440 ea
1809 2415 1903 2450 quae
1931 2404 1980 2440 ad
2007 2403 2103 2440 hunc
2132 2403 2277 2439 modum
2308 2408 2391 2439 acta
2413 2410 2497 2439 sunt

265 2455 339 2491 sive
362 2464 412 2490 ex
432 2464 540 2489 sacra
564 2451 651 2488 aula
681 2451 756 2487 sive
779 2451 880 2487 aliun
906 2463 926 2487 e
950 2462 1045 2487 vana
1067 2455 1103 2486 et
1125 2450 1233 2486 irrita
1257 2451 1341 2492 sint,
1372 2460 1416 2485 ac
1442 2449 1531 2485 tales
1554 2449 1717 2485 homines
1747 2450 1784 2484 in
1802 2453 1992 2496 posterum
2015 2448 2173 2485 curiales
2203 2459 2280 2485 esse
2301 2449 2494 2484 sancimus.

267 2499 363 2536 Nam
386 2499 419 2534 si
464 2498 529 2534 uid
551 2501 636 2534 ante
659 2496 834 2532 decimam
856 2496 1090 2532 indictionem
1114 2498 1233 2531 actum
1258 2499 1324 2537 est,
1348 2494 1389 2530 id
1407 2495 1552 2540 firmum
1576 2500 1612 2530 et
1634 2495 1672 2529 in
1695 2494 1828 2530 robore
1850 2505 1917 2530 suo
1941 2505 2086 2530 manere
2111 2494 2282 2530 volumus.

440 2543 626 2590 accipimus
649 2545 769 2577 tamen
792 2552 842 2578 eoe
858 2542 1050 2588 praesenti
1074 2544 1202 2576 nostra
1226 2550 1334 2575 sacra
1359 2540 1615 2575 constitutione
1639 2539 1877 2575 Theodosium
1901 2540 2047 2586 eiusque
2067 2539 2226 2584 fratres,
2259 2542 2294 2574 et
2343 2538 2414 2575 lios
2437 2537 2497 2576 Io-

268 2589 399 2627 hannis
422 2589 479 2624 cui
504 2598 705 2635 coqnomen
729 2591 783 2622 est
806 2586 962 2628 Xiscon‚
995 2586 1058 2632 qui
1082 2585 1225 2632 quidem
1248 2597 1287 2621 se
1315 2585 1387 2633 ipsi
1412 2585 1588 2620 tamiacae
1611 2584 1815 2620 condicioni
1845 2584 1928 2620 licet
1955 2583 2170 2630 parentibus
2197 2584 2300 2619 curia
2315 2584 2396 2620 ibus
2419 2584 2499 2619 nati

268 2634 544 2681 adscrip53runt
565 2636 650 2668 ante
669 2631 844 2668 decimam
866 2631 1111 2674 indictionem,
1136 2636 1172 2667 et
1194 2642 1298 2666 omne
1321 2629 1500 2677 quidquid
1522 2629 1571 2665 ad
1594 2640 1655 2665 eos
1677 2628 1885 2665 liberandos
1906 2630 2049 2675 sactum
2071 2633 2126 2664 est
2150 2628 2317 2664 tollimus.
2373 2628 2499 2675 Neque

269 2680 363 2717 enim
392 2679 470 2714 ulla
492 2689 534 2714 re
563 2688 626 2714 eos
647 2677 729 2722 frui
751 2687 876 2712 earum
934 2687 1001 2712 uae
1024 2676 1070 2711 iis
1090 2676 1291 2723 praestitae
1313 2679 1410 2717 sunt,
1441 2674 1506 2711 sed
1529 2674 1687 2710 curiales
1719 2684 1796 2710 esse
1819 2684 1982 2721 quaeque
2005 2673 2194 2709 curialium
2216 2678 2303 2708 sunt
2331 2684 2442 2726 aqere
2464 2678 2499 2709 et

269 2723 476 2761 muneribus
499 2722 698 2759 curialibus
723 2733 871 2768 operam
922 2733 986 2757 are
1010 2721 1185 2764 volumus,
1208 2722 1261 2756 ita
1285 2726 1326 2757 ut
1348 2719 1451 2762 nillil,
1484 2718 1782 2766 quemadmodum
1806 2719 1911 2755 modo
1934 2718 2106 2760 diximus,
2138 2717 2207 2753 hac
2229 2718 2268 2753 in
2291 2729 2332 2754 re
2354 2718 2399 2755 nis
2421 2719 2498 2766 opi-

271 2770 385 2806 tulari
399 2769 534 2817 possit,
557 2768 700 2804 etiamsi
721 2767 811 2813 quid
832 2767 877 2803 iis
899 2767 973 2803 sive
997 2777 1047 2802 ex
1070 2766 1158 2801 aula
1180 2766 1254 2802 sive
1278 2764 1427 2801 aliunde
1446 2764 1662 2812 praestitum
1686 2764 1743 2799 sit.

407 2813 649 2861 Epiloqus.
695 2811 797 2855 Quae
819 2812 935 2859 iqitur
957 2811 1060 2847 nobis
1077 2811 1302 2858 placuerunt
1325 2816 1435 2858 atque
1458 2809 1508 2845 ad
1530 2809 1719 2845 utilitatem
1743 2809 1927 2846 civitatum
1950 2812 1986 2845 ct
2006 2808 2190 2844 curiarum
2213 2806 2394 2844 destinata
2415 2813 2500 2844 sune

319 2975 334 3008 1
359 2972 571 3050 popmfxilga
574 2973 618 3013 (et
630 2972 676 3005 sic
689 2973 861 3027 ἱνα-[ναίετε
873 2971 1070 3049 σῗιέὶαηιεν)
1091 2968 1214 3047 ΕλΙΙευῖ
1234 2965 1355 3047 &jaff

271 3018 528 3114 εκῗὲἲλιὲἑῖἓιςὸ
540 3015 670 3106 Lmss‘i)¹¹
685 3019 896 3105 godlgffliga
920 3015 979 3093 omu-
1002 3017 1319 3102 {mlfftasstatggte
1341 3058 1345 3102 Ι

278 3112 317 3143 10
330 3108 392 3150 τῆς
403 3109 572 3153 ημετέρας
585 3107 665 3147 εἰσὶ]
680 3104 860 3140 πολιτείας
874 3106 951 3138 add.
962 3117 1029 3139 cum
1042 3103 1347 3147 Haloandrovul9.1

277 3156 314 3189 ll
341 3150 496 3195 πλῆθος]
520 3150 592 3194 πλῆ
616 3152 663 3185 M
686 3151 698 3195 Η
728 3153 767 3185 12
794 3153 853 3194 ley.
879 3149 1135 3194 ἐκκεχυμένονῖ
1161 3149 1174 3195 ss
1201 3150 1274 3191 καὶ]
1298 3149 1352 3182 de-

274 3199 357 3251 inde!
376 3196 423 3242 ςΙΙ
452 3197 493 3231 16
522 3194 539 3206 “
559 3199 619 3250 καὶ
643 3196 833 3250 κωμιτιιιιῆς
857 3196 889 3229 L
907 3194 920 3240 fl
939 3197 979 3229 18
1005 3195 1159 3247 decimae,
1182 3208 1208 3228 s.
1222 3207 1253 3228 v.
1275 3192 1352 3237 ἤτοι

273 3241 677 3333 ,3212’3223'12022‘35322
691 3242 774 3330 {1²25
793 3242 902 3319 ffliz
915 3240 1126 3330 ἶῖξθῖῗΐαέτ
1139 3241 1280 3336 (ἒξᾷκῖὲ
1294 3243 1353 3324 ῗιιῖ

277 3333 429 3374 setonam
443 3333 473 3367 L
496 3342 609 3366 sescon
626 3333 680 3366 vel
698 3331 852 3372 sei-conis,
880 3331 1045 3372 serconin,
1070 3340 1210 3363 exconm
1230 3329 1356 3364 Iuliani

279 3380 371 3411 codd.
398 3378 411 3421 u
437 3379 480 3412 29
504 3375 578 3430 προ
598 3377 659 3419 τῆς
682 3373 830 3428 δεκᾴτης
842 3372 1094 3429 ,ἐπινεμήσεως
1117 3388 1176 3409 om.
1191 3386 1211 3412 ς
1229 3375 1285 3419 (cst
1298 3374 1355 3408 Iu-

280 3423 371 3463 lian.)
389 3422 401 3467 ΙΙ
419 3425 462 3457 34
476 3432 601 3476 αυτους
613 3421 660 3475 L}
671 3420 684 3467 ss
695 3431 784 3465 προς
795 3432 924 3454 τουτου
938 3421 979 3462 L,
993 3433 1052 3454 om.
1063 3431 1082 3457 ς
1097 3419 1109 3462 ΙΙ
1128 3421 1354 3476 35,ποπορισ-

278 3468 387 3510 μόνον
411 3481 449 3501 ex
472 3479 492 3505 ς
516 3468 591 3502 deda
614 3469 696 3510 (sim.
714 3466 933 3507 Haloandern
958 3475 1245 3511 περιωρισμενον
1261 3464 1333 3498 ML

331 3601 346 3634 1
373 3601 489 3633 eri-arii
509 3602 606 3642 V(1·d.
621 3603 723 3645 infra)
748 3599 762 3647 1
785 3601 999 3635 uioaneorum
1020 3600 1066 3641 V]
1091 3598 1229 3633 uicanee
1250 3598 1284 3632 T
1302 3597 1355 3631 ui-

283 3644 377 3678 canei
402 3644 502 3678 Neob.
532 3646 544 3686 u
572 3649 591 3679 2
616 3647 786 3680 cuiusdam
819 3646 865 3688 V]
899 3645 1135 3687 cuiuscumque
1162 3644 1312 3677 TNeob.
1344 3642 1356 3684 ΙΙ

283 3699 350 3724 ense
374 3701 432 3723 om.
453 3689 510 3732 Vll
525 3689 697 3732 Quorum]
721 3702 816 3726 suum
843 3692 920 3726 libri
932 3691 945 3735 ΙΙ
969 3691 989 3725 3
1013 3689 1203 3733 parentium
1224 3689 1271 3728 VJ
1296 3697 1353 3732 pa-

1419 2969 1551 3001 rentum
1577 2967 1714 3000 curialis
1740 2967 1773 3000 T
1779 2967 1866 3010 ναῖς.
1894 2965 1907 3010 11
1930 2967 2090 3009 temptare
2112 2966 2146 2999 V
2163 2966 2302 3008 temptat
2327 2965 2360 2999 T
2378 2963 2392 3010 Ι
2420 2975 2498 2998 con-

1420 3013 1532 3054 iugem
1550 3013 1582 3046 T
1604 3011 1616 3056 ΙΙ
1645 3014 1667 3046 4
1683 3014 1743 3045 aut
1763 3013 1809 3053 V]
1832 3011 1884 3044 vel
1902 3012 2004 3055 vulq„
2022 3024 2081 3045 om.
2098 3011 2131 3045 T
2149 3009 2168 3088 g
2193 3011 2351 3044 vicanene
2371 3011 2460 3055 vulq.
2487 3008 2502 3055 Ι

1420 3057 1485 3101 vel]
1507 3060 1565 3090 aut
1581 3058 1613 3091 T
1631 3059 1643 3100 ΙΙ
1669 3057 1808 3090 alterius
1827 3057 2065 3098 cuiuscumque
2085 3066 2146 3088 con
2171 3055 2286 3088 itionis
2307 3055 2341 3089 V
2358 3054 2371 3099 fl
2398 3057 2418 3089 5
2442 3065 2500 3088 cu-

1421 3104 1472 3136 ria
1495 3105 1528 3135 et
1551 3103 1659 3135 uitare
1687 3101 1756 3180 Va'i
1781 3103 1801 3136 6
1825 3101 1982 3134 aduersus
2005 3103 2107 3134 artem
2143 3101 2176 3134 V
2198 3099 2210 3144 ΙΙ
2240 3102 2260 3135 8
2283 3100 2416 3133 ιιίοαῐιοί
2438 3100 2472 3134 T
2493 3103 2496 3143 y

1421 3147 1542 3181 curiali
1575 3148 1619 3189 V]
1649 3148 1722 3180 curi
1758 3158 1792 3180 es
1817 3147 1849 3180 T
1857 3146 1960 3181 Neob.
1989 3146 2002 3189 fl
2041 3148 2075 3180 11
2103 3145 2351 3178 multitudinem
2374 3145 2463 3189 vulg.
2494 3148 2496 3181 ξ

1423 3193 1517 3226 effusi
1542 3206 1599 3226 om.
1623 3193 1653 3225 V
1680 3192 1692 3236 [Ι
1727 3193 1768 3226 12
1792 3192 1870 3225 *est
1901 3201 2087 3233 congruens
2110 3191 2227 3232 magis]
2261 3191 2294 3223 et
2314 3198 2500 3231 congruens

1422 3237 1526 3280 magis
1549 3238 1580 3271 V
1600 3240 1632 3270 et
1652 3238 1758 3280 magis
1777 3247 1962 3279 congruens
1986 3237 2089 3270 Neob.
2120 3236 2132 3279 ΙΙ
2161 3235 2321 3279 ampliare
2346 3233 2498 3274 TNcob-]

1422 3283 1600 3326 amplicare
1632 3283 1666 3316 V
1689 3282 1703 3325 fl
1742 3283 1783 3316 13
1806 3281 2056 3314 multitudinem
2086 3279 2311 3321 multitudini]
2345 3276 2498 3311 multitu-

1423 3327 1500 3360 dine
1534 3328 1567 3361 V
1583 3327 1595 3371 ss
1631 3330 1669 3362 16
1693 3327 1818 3360 uicarie
1850 3327 1885 3360 V
1906 3326 1919 3371 ΙΙ
1947 3326 1991 3359 sit
2015 3327 2092 3360 add.
2113 3326 2202 3369 vulo.
2229 3325 2242 3367 fl
2270 3325 2311 3359 ¹8
2335 3321 2498 3358 inditione

1432 3373 1462 3405 V
1487 3371 1500 3416 fl
1531 3375 1570 3406 19
1595 3373 1645 3414 ea]
1683 3374 1715 3405 et
1738 3382 1776 3405 ea
1806 3370 1905 3415 VTu
1936 3373 1974 3405 21
2003 3372 2063 3404 hos
2086 3370 2182 3412 tales]
2214 3365 2393 3412 hospitale·
2424 3366 2459 3401 V
2487 3366 2499 3410 ΙΙ

1424 3419 1465 3451 23
1479 3430 1526 3460 sq.
1547 3417 1702 3450 uolumus
1723 3427 1808 3450 eum.
1844 3417 2032 3460 excepimus
2054 3418 2164 3449 autem
2187 3414 2230 3447 ud
2245 3413 2330 3446 hano
2350 3413 2495 3444 nostram

1424 3462 1573 3495 diuinam
1594 3462 1865 3495 constitutionem
1884 3462 1970 3503 libri,
1990 3460 2170 3503 corr-vulg).
2187 3457 2258 3503 127
2279 3455 2420 3497 Sexcon]
2442 3467 2498 3490 sex

1424 3518 1479 3540 eos
1501 3507 1534 3540 V
1550 3517 1606 3540 sex
1623 3508 1657 3549 T,
1673 3507 1858 3549 om.Neob.,
1879 3506 2011 3540 Xescon
2030 3506 2118 3549 vutq.
2144 3503 2158 3548 Ι
2181 3502 2239 3544 qni
2259 3511 2293 3534 se
2313 3501 2362 3541 in]
2384 3501 2443 3543 qui
2461 3501 2496 3533 in

1423 3562 1457 3584 se
1477 3553 1510 3585 V
1528 3553 1586 3594 qui
1610 3553 1646 3584 in
1672 3553 1710 3594 T,
1730 3565 1787 3585 om.
1802 3552 1905 3586 Neob.
1965 3552 2008 3585 29
2026 3548 2187 3593 patribus!
2204 3546 2244 3579 de
2263 3545 2414 3588 putribus
2436 3546 2465 3577 V
2486 3545 2498 3589 ΙΙ

1424 3599 1467 3631 30
1481 3597 1701 3639 *elicueruntJ
1720 3596 1891 3630 licuerunt
1951 3595 2139 3629 habuerunt
2158 3591 2295 3625 TNeob.
2345 3591 2387 3624 32
2403 3591 2496 3623 sunc-

1423 3641 1552 3675 tionum
1577 3643 1655 3676 libri
1679 3642 1693 3684 fl
1715 3643 1758 3676 34
1782 3641 1856 3682 etsi]
1879 3642 1929 3674 set
1950 3638 2012 3673 oui
2031 3637 2129 3672 Vset
2149 3635 2179 3668 si
2203 3635 2305 3669 Neob.
2365 3637 2411 3668 eis
2435 3637 2495 3676 est]

1422 3686 1454 3721 ei
1474 3690 1522 3720 est
1543 3687 1682 3722 VNeob.
1705 3686 1750 3720 sit
1765 3685 1795 3719 ei
1820 3684 1882 3730 ΤΙ
1907 3685 1950 3719 38
1973 3680 2150 3718 curialium
2172 3679 2227 3725 Vss
2251 3679 2451 3723 placuerunt
2465 3681 2499 3715 T
