2618 4010
172 131 328 164 SEVERI
359 132 489 163 PETRI
519 131 576 162 ΕΤ
595 130 768 163 zOORAE

170 233 230 270 τῆς
255 229 455 276 περιοικίδα
481 230 502 274 ἤ
524 244 608 265 τινα
632 232 709 265 τῶν
734 233 962 276 σεμνοτέρων
986 228 1140 274 πόλεων,
1165 228 1246 265 ἀλλ’

173 268 224 310 ὧν
249 273 470 320 ἠκολούθησε
495 276 538 323 τῇ
565 273 683 323 πλάνῃ
708 275 849 309 τούτων
881 277 1067 321 μιμείσθω
1100 280 1159 310 καὶ
1183 279 1250 319 τὴν

171 320 327 363 δίαιταν,
359 320 607 365 ἀπῳκισμένος
638 317 695 355 ὅτι
728 321 954 368 πορρωτάτω
988 326 1046 355 καὶ
1078 321 1250 367 κατακρύ-

171 380 277 401 πτων
294 366 432 407 ἑαυτόν,
456 363 504 400 ὠς
523 369 596 400 τοῖς
610 379 649 413 γε
666 365 839 400 τοιούτοις
859 365 900 400 τὸ
918 364 1147 413 κρύπτεσθαι
1163 366 1248 411 μᾶλ-

1241 116 1324 163 267

2100 119 2205 161 Nov.
2225 118 2342 161 XLII
2374 121 2397 160 3

1318 234 1388 266 tem
1421 233 1483 266 aut
1517 229 1593 266 eius
1625 229 1779 266 confinia
1812 232 1875 265 aut
1905 230 2060 275 aliquam
2091 229 2298 274 insignium,
2338 229 2400 266 sed

1319 286 1469 321 quorum
1507 279 1649 311 secutus
1678 275 1766 320 <est>
1800 285 1976 317 errorem,
2014 275 2140 311 horum
2171 275 2327 311 imitetur
2364 278 2400 310 et

1321 321 1634 364 conversationem,
1659 320 1827 356 exiliatus
1848 320 2050 364 longissime
2075 324 2110 356 et
2130 320 2250 355 celans
2271 323 2398 356 semet-

1317 367 1445 411 ipsum,
1468 366 1608 411 quando
1625 366 1757 402 talibus
1778 366 1950 401 abscondi
1971 376 2075 410 quam
2095 376 2268 410 apparere
2286 366 2398 410 magis

172 412 234 446 λον
259 413 321 445 τοῦ
347 411 547 457 φαίνεσθαι
573 410 878 458 λυσιτελέστερον·
916 411 1159 466 άφανιέῖς’μέν
1182 413 1250 459 γὰρ
1289 412 1441 446 butilius
1475 416 1546 447 est:
1585 412 1668 447 dum
1701 411 1831 445 etenim
1862 422 1933 446 non
1964 411 2138 452 videntur,
2171 411 2238 447 Sibi
2269 415 2399 446 nocent

171 457 271 491 ὄντες
292 456 436 490 ἑαυτοὺς
456 454 729 501 καταβλάψουσι
753 457 890 500 μόνους,
917 456 1185 501 ὁημοσιευοντες
1210 457 1249 491 δὲ

171 502 211 536 ττὶ
240 502 380 535 ἑαυτῶν
405 499 566 548 δόγματα
591 500 732 535 πολλοῖς
758 504 835 535 τῶν
860 501 1108 547 ἀφελεστέρων
1141 501 1246 548 ἀφορ-

169 546 240 590 μὴν
268 543 450 580 οἷπωλείας
481 550 715 591 παρέχουσιν·
757 544 845 592 ὅπερ
878 545 959 580 κατ’
995 545 1124 582 οὐδένα
1154 553 1246 594 γίνε-

170 592 262 625 σθαι
286 591 422 636 τρόπον
444 593 483 625 ἐν
502 594 546 635 τῆ
567 594 806 639 Χριστιανικῇ
830 595 893 626 τοῦ
914 593 1003 626 θεοῦ
1029 597 1164 640 ποίμνῃ
1189 597 1248 627 καὶ

1318 457 1573 500 tantummodo,
1598 456 1823 502 publicantes
1849 466 1931 490 vero
1958 466 2023 490 sua
2048 457 2212 499 dogmata
2236 456 2397 501 plurimis

1318 502 1593 547 simplicioribus
1610 501 1832 537 occasionem
1846 501 2053 546 perditionis
2066 502 2283 546 impertiunt,
2302 501 2398 547 quod

1317 548 1353 582 in
1378 549 1473 583 nullo
1499 547 1576 583 fieri
1600 547 1704 582 modo
1735 547 1772 582 in
1798 547 1999 582 Christiano
2025 546 2080 581 dei
2105 547 2186 581 ovili
2216 549 2250 581 et
2275 547 2396 583 ortho-

1319 594 1410 628 doxo
1441 593 1573 638 populo
1607 593 1740 629 iustum
1776 593 1830 628 est
1859 601 1974 636 neque
2009 591 2054 626 ab
2087 592 2233 636 imperio
2269 602 2396 629 conce-

169 639 222 680 τῷ
255 634 445 684 ὀρθοὸόξῳ
477 628 552 680 λαῖῥ
582 635 722 671 δίκαιόν
747 639 846 672 ἐστιν
872 636 953 671 οὐδὲ
977 636 1077 684 παρὰ
1101 640 1160 682 τῆς
1184 642 1248 682 βα·
1265 641 1304 673 10
1319 638 1483 674 (lendum.

169 681 301 716 σιλειάς
325 681 629 730 συγχωρούμενον.

1164 763 1319 800 CAPUT
1349 763 1413 798 111.

210 817 355 862 Ἐπειδὴ
380 817 418 853 δὲ
442 823 499 852 καὶ
526 821 679 866 Ζωορᾶν
704 818 864 864 ἠξίωσαν
894 817 984 853 ὅλως
1015 816 1086 854 ὑπὸ
1112 816 1246 853 ἀναθε-

167 864 348 909 ματισμὸν
372 865 407 898 οἱ
430 864 720 909 σεβασμιώτατοι
753 868 811 899 καὶ
844 864 888 899 τὰ
921 863 1043 898 δίκαια
1067 868 1248 911 κρίνοντες

169 913 358 945 ἐπίσκοποι
383 910 608 952 ποιήσασθαι
640 910 722 944 τινὰ
751 909 895 963 μικρὰν,
912 909 1150 962 παρενθήκην
1171 911 1248 943 τῶν

1362 819 1452 863 Quia
1483 829 1566 855 vero
1599 823 1634 855 et
1657 820 1810 854 Zooram
1841 818 1985 863 dignum
2018 818 2222 853 habuerunt
2254 818 2397 854 omnino

1317 865 1382 900 sub
1405 865 1631 899 anathemate
1655 865 1773 899 facere
1799 864 2035 900 colendissimi
2060 867 2096 899 et
2120 864 2213 899 iuste
2236 864 2396 898 iudican-

1316 912 1370 944 tes
1396 911 1555 954 episcopi
1587 920 1731 954 parvam
1766 910 1922 953 aliquam
1952 909 2260 954 interpositionem
2285 909 2395 943 malo-

168 954 345 989 τοιούτων
375 955 464 989 ὄντα
497 957 618 989 κακῶν
649 959 708 989 καὶ
738 957 778 989 ἐν
807 955 857 989 οἷς
879 959 1072 1007 ητίμασται
1098 968 1139 988 το
1159 956 1302 1001 γοῦν15
1317 965 1394 989 rum
1418 955 1542 989 talium
1568 956 1775 989 existentem
1808 959 1843 990 et
1873 955 1909 989 in
1941 955 2070 998 quibus
2103 955 2318 999 depravatus
2344 958 2398 989 est

169 998 258 1034 ὅλως
294 1005 411 1043 τυχεῖν
449 1001 545 1034 τινος
580 998 829 1048 εὐπορήσαντα
863 1012 1018 1043 μνημης,
1057 1004 1151 1034 ἔστα)
1189 1003 1247 1033 καὶ

171 1047 319 1090 Ζωορᾶς
343 1047 404 1088 τῆς
425 1047 580 1092 πονηρᾶς
603 1046 734 1088 ταύτης
757 1043 898 1090 μερίδος
923 1044 1108 1088 (Ἀνθίμου
1129 1059 1168 1079 τε
1189 1048 1246 1078 καὶ

170 1090 330 1136 Σεβὴρου
363 1094 420 1124 καὶ
447 1094 583 1136 Πέτρου
618 1093 748 1136 φαμέν)
781 1089 996 1135 παρενθήκη
1020 1102 1072 1124 τις
1097 1089 1245 1132 εὐτελής,

169 1140 225 1169 καὶ
251 1138 290 1169 ἑν
308 1140 380 1170 τοῖς
399 1135 748 1190 ᾀναθεματισμένοις
771 1138 829 1168 καὶ
856 1133 960 1168 αὐτὸς
980 1134 1161 1188 τετάχθω,
1186 1137 1246 1178 τῆς

1317 1000 1458 1034 omnino
1485 1001 1610 1034 mereri
1635 1001 1788 1044 aliquam
1812 1010 1918 1045 posse
1942 1000 2164 1034 memoriam:
2192 1000 2237 1035 sit
2258 1010 2397 1044 quoque

1316 1045 1450 1080 Zooras
1477 1047 1649 1088 malignae
1681 1046 1786 1080 huius
1820 1045 1943 1090 partis,
1975 1045 2135 1080 Anthimi
2160 1049 2195 1080 et
2219 1044 2337 1080 Severi
2361 1047 2398 1080 et

1315 1090 1413 1124 Petri
1446 1090 1605 1132 dicimus,
1639 1091 1862 1134 interpositio
1890 1091 2062 1135 quaedam
2088 1091 2175 1133 vilis,
2210 1090 2280 1135 <et>
2303 1091 2397 1125 inter

1316 1135 1564 1170 anathematos
1589 1136 1666 1180 ipse
1683 1147 1823 1179 quoque
1842 1136 2082 1170 constituatur
2098 1135 2296 1180 pontificali
2315 1146 2395 1170 eum

170 1181 343 1226 ἱερατικῆς
370 1194 479 1215 αυτον
505 1192 779 1227 κατενεγκουσης
804 1179 934 1225 ψήφου,
967 1179 1010 1223 ἣν
1036 1185 1161 1226 κυρίαν
1187 1184 1245 1214 καὶ
1260 1183 1300 1214 20
1316 1180 1515 1224 deponente
1536 1181 1722 1222 sententia,
1749 1182 1854 1225 quam
1871 1185 1984 1215 ratam
2011 1185 2046 1216 et
2066 1182 2181 1225 ipsam
2206 1182 2241 1215 in
2264 1191 2301 1216 se
2323 1181 2395 1216 exi-

169 1225 280 1269 αὐτην
317 1223 374 1271 ἐφ’
410 1226 533 1268 ἑαυτῆς
564 1227 676 1259 οὖσαν
713 1238 935 1271 κυριωτεραν
970 1227 1024 1258 ἔτι
1059 1225 1195 1270 μᾶλλον
1225 1223 1246 1268 ἡ

167 1271 332 1315 βασιλεία
357 1274 451 1305 ποιεῖ
482 1273 539 1303 καὶ
570 1272 700 1304 τοῦτον
725 1268 1029 1311 συνεξελαίνουσα
1059 1273 1119 1313 τῆς
1143 1275 1245 1314 βασι-

169 1315 262 1350 λίδος
285 1316 414 1358 ταύτης
438 1314 575 1349 πόλεως
606 1318 664 1348 καὶ
696 1318 756 1358 τῆς
786 1314 916 1358 ταύτης
948 1315 1163 1360 περιοικίδος
1187 1319 1244 1350 καὶ

166 1360 232 1402 τὴν
258 1363 317 1395 ἐπὶ
341 1362 418 1413 τῷν
442 1358 584 1394 πόλεων
609 1361 747 1403 οἴκησιν
777 1358 876 1404 αὐτῷ
904 1365 1087 1395 παντοίως
1110 1360 1243 1409 ἀπαγο-

1315 1230 1466 1260 stentem
1498 1226 1736 1260 robustiorem
1762 1226 1878 1260 adhuc
1904 1228 2013 1270 magis
2038 1227 2223 1271 imperium
2248 1226 2337 1262 facit
2361 1230 2396 1262 et

1315 1271 1411 1305 hunc
1445 1281 1584 1315 quoque
1617 1271 1796 1314 expellens
1834 1271 1901 1305 hac
1937 1272 2035 1315 regia
2071 1272 2211 1306 civitate
2249 1272 2395 1316 eiusque

1316 1316 1479 1351 confiniis
1504 1319 1539 1351 et
1563 1317 1599 1350 in
1622 1316 1825 1351 civitatibus
1850 1316 2072 1351 habitatione
2097 1318 2130 1352 ei
2150 1317 2262 1352 modis
2284 1317 2394 1352 omni-

1315 1362 1382 1397 bus
1407 1362 1633 1404 interdicens,
1659 1366 1698 1396 ut
1719 1372 1799 1396 cum
1819 1361 1889 1396 illis
1915 1362 1998 1396 solis
2022 1362 2160 1397 habitet
2181 1367 2288 1406 atquc
2309 1373 2394 1397 con-

166 1404 326 1449 ρείιουσα,
351 1402 439 1439 ιόςτε
459 1404 540 1450 μετ’
566 1408 714 1440 ἐκείνων
734 1406 860 1450 μόνων
884 1408 992 1439 οἰκεῖν
1017 1421 1054 1440 τε
1080 1411 1137 1440 καὶ
1163 1412 1244 1451 βου·
1259 1410 1300 1442 25
1316 1408 1423 1442 sultet
1454 1407 1514 1451 qui
1546 1407 1707 1451 primitus
1741 1417 1762 1441 a
1794 1407 1896 1442 nobis
1929 1408 2013 1441 sunt
2037 1407 2131 1450 dicti,
2165 1408 2293 1441 Similia
2319 1408 2394 1453 qui-

167 1450 336 1485 λεύεσθαι
359 1452 436 1485 τῶν
460 1453 671 1498 ἔμπροσθεν
699 1449 782 1496 ἡμῖν
807 1453 1014 1497 εἰρημένων,
1048 1453 1153 1496 ομοια
1178 1455 1244 1496 μὲν

165 1495 488 1541 βλασφημούντων,
514 1494 643 1540 ὁμοίως
668 1495 706 1530 δὲ
730 1500 1039 1543 περιωρισμεάιων.
1079 1499 1124 1530 Εἰ
1146 1497 1187 1531 δέ
1208 1512 1243 1532 τι

165 1545 223 1575 καὶ
248 1544 370 1584 ἕτερον
402 1543 445 1589 τῇ
470 1543 548 1575 τῶν
572 1540 788 1589 ἁγιωτάτων
809 1540 1019 1577 ἐπισκόπων
1044 1547 1244 1589 περιέχεται

166 1586 276 1632 ψήφῳ
299 1589 342 1632 τῇ
357 1587 445 1641 ’τοῦς
469 1591 743 1640 προειρημένους
767 1586 994 1634 καθαιροίιση
1019 1601 1058 1622 τε
1080 1591 1137 1621 καὶ
1159 1586 1243 1622 ἀνα-

1316 1453 1395 1487 dem
1419 1452 1760 1497 blasphemantibus,
1786 1452 1946 1487 similiter
1966 1463 2048 1487 vero
2069 1454 2320 1488 circumclusis.
2359 1454 2396 1488 Si

1315 1508 1397 1533 vero
1418 1498 1552 1542 aliquid
1574 1499 1679 1532 etiam
1700 1497 1796 1532 aliud
1819 1497 2123 1533 sanctissimorum
2146 1498 2395 1542 episcoporum

1316 1544 1519 1578 continetur
1545 1543 1686 1578 decreto
1713 1542 1808 1588 quod
1833 1543 2036 1587 praedictos
2062 1543 2226 1588 deposuit
2251 1548 2286 1578 et
2310 1554 2395 1578 ana-

1315 1589 1494 1630 themavit,
1528 1593 1645 1623 ratum
1670 1589 1776 1623 etiam
1807 1589 1876 1623 hoc
1900 1589 2065 1633 ponimus
2095 1591 2132 1623 et
2155 1589 2395 1634 imperialibus

166 1634 423 1679 θεματιζουσῃ,
456 1646 577 1676 κυριοι]
609 1632 652 1675 ὸη
682 1636 740 1665 καὶ
775 1635 880 1666 τοῦτο
906 1624 1059 1677 τίθεμεν
1089 1637 1147 1685 καὶ
1172 1637 1245 1667 τοῖς
1261 1638 1301 1669 30
1314 1634 1402 1669 iilud
1418 1635 1556 1678 legibus
1576 1634 1768 1676 firmamus,
1790 1636 1972 1678 tamquam
1994 1635 2022 1669 Si
2039 1635 2083 1669 ab
2103 1634 2278 1679 imperiali
2297 1635 2394 1669 cubi-

166 1678 360 1721 βασιλικοῖς
392 1677 494 1721 ·ι]μιῦν
527 1677 615 1711 αὐτὸ
648 1679 769 1721 νόμοις
800 1681 1043 1724 ε’πικυροῦμεν,
1076 1691 1121 1712 ως
1147 1677 1191 1713 (ἲν
1215 1680 1246 1712 εἰ

167 1723 264 1768 παρὰ
285 1725 344 1765 τῆς
364 1722 547 1766 βασιλείας
572 1719 677 1765 αὐτῆς
699 1723 884 1768 προελθὸν
907 1722 1110 1770 ἐτύγχανεν.
1142 1726 1187 1758 Εἰ
1206 1723 1248 1758 δέ

166 1780 218 1802 τις
244 1766 365 1802 αὐτῶν
391 1765 490 1810 ἁλοίη
515 1767 557 1801 τὸ
582 1767 709 1803 λοιπὸν
734 1769 909 1815 πράττων
932 1784 967 1802 τι
987 1769 1084 1817 παρὰ
1104 1769 1149 1803 τα
1171 1770 1245 1803 δια-

165 1817 381 1867 τεταγμένα,
415 1814 504 1847 ἴστω
538 1817 596 1846 καὶ
629 1817 701 1848 τοῖς
733 1813 927 1848 πολιτικοῖς
956 1813 1246 1858 ίὑποπεσοιῖμενος

1316 1680 1395 1714 culo
1420 1679 1667 1724 processisset.
1706 1680 1744 1714 Si
1770 1679 1847 1724 quis
1872 1682 1991 1714 autem
2017 1690 2139 1715 eorum
2166 1681 2329 1725 capiatur
2353 1680 2396 1715 de

1315 1727 1432 1760 cetero
1457 1735 1565 1769 agens
1597 1725 1731 1769 aliquid
1764 1727 1906 1769 praeter
1938 1735 1980 1759 ea
2014 1735 2104 1770 quae
2129 1725 2276 1760 definita
2299 1730 2393 1768 sunt,

1315 1772 1404 1805 sciat
1437 1771 1542 1805 etiam
1576 1771 1735 1805 civilibus
1770 1770 2005 1806 subcumbere
2037 1771 2184 1815 legibus,
2219 1781 2309 1816 quae
2334 1781 2395 1806 eos

1315 1816 1375 1860 qui
1405 1817 1556 1851 minores
1589 1826 1724 1860 poenas
1758 1815 1939 1850 declinant
1972 1816 2017 1850 ad
2049 1816 2200 1851 maiores
2233 1816 2394 1861 indigna-

165 1870 295 1902 νομοις,
321 1859 355 1892 οἳ
373 1859 452 1892 τοὺς
476 1858 537 1892 τὰς
563 1857 727 1894 ἐλάττους
751 1863 828 1893 τῶν
851 1861 993 1893 ποινιῦν
1019 1859 1246 1894 ἑκκλίνυντας
1259 1864 1299 1895 35
1315 1861 1431 1896 tiones
1455 1862 1648 1896 adducunt.

165 1906 184 1938 1
232 1905 279 1937 εἰς
302 1906 440 1948 μείζους
464 1902 675 1948 ἐμβάλλουσι
700 1903 760 1940 τὰς
780 1902 1047 1951 ἀγανακτήσεις.
1092 1903 1242 1952 Ἀπαγο-

166 1948 314 1993 ρευομεν
347 1947 386 1982 δὲ
416 1953 475 1983 καὶ
500 1953 611 1984 παντὶ
642 1951 694 1994 τῷ
725 1949 791 1992 την
820 1950 1023 1993 καθολικὴν
1054 1950 1244 1994 ἐκκλησίαν

165 1996 227 2027 τοῦ
262 1995 349 2028 θεοῦ
387 1993 544 2030 διασπᾶν
579 1997 816 2041 ἐπιχειροῦντι
852 1997 922 2029 εἴτε
959 1996 1050 2030 κατὰ
1080 1995 1146 2039 τὴν
1178 1999 1245 2030 Νε-

211 2076 282 2106 σαρ.
298 2065 316 2096 3
341 2068 385 2102 §1
411 2077 530 2097 summa
556 2072 643 2097 extat
667 2065 701 2098 B
728 2068 754 2105 1,
778 2073 801 2105 1,
823 2073 855 2098 54
882 2078 919 2098 ez·
942 2066 1061 2098 Tlieocl.

1312 1909 1332 1942 1
1380 1907 1627 1942 interdicimus
1653 1909 1771 1940 autem
1797 1908 1834 1941 et
1858 1905 1953 1941 omni
1975 1906 2187 1942 catholicam
2209 1907 2395 1942 ecclesiam

1313 1952 1368 1987 dei
1393 1952 1591 1988 dilacerare
1616 1951 1742 1987 nitenti
1766 1951 1838 1987 sive
1861 1951 2059 1988 secundum
2084 1952 2240 1988 Nestorii
2264 1952 2394 1988 noxiae

165 2141 362 2176 districtum
386 2142 440 2176 vel
464 2142 619 2186 aliquam
643 2142 685 2177 de
710 2142 919 2187 insignibus,
952 2143 1014 2178 sed
1038 2154 1189 2188 quorum
1215 2146 1360 2179 secutus
1386 2148 1440 2179 est
1464 2155 1619 2180 errorem
1651 2145 1777 2180 horum
1801 2145 1959 2179 imitetur
1983 2144 2153 2187 diaetam,
2187 2155 2292 2190 quam
2317 2146 2394 2181 lon-

164 2186 304 2229 gissime
334 2187 529 2222 abscedens
560 2190 595 2221 et
625 2188 810 2222 occultans
842 2199 880 2222 se
911 2189 1045 2232 ipsum:
1095 2199 1175 2223 nam
1205 2189 1338 2223 talibus
1372 2190 1547 2224 occultari
1579 2200 1682 2233 quam
1715 2190 1827 2224 videri
1859 2190 1981 2224 utilius
2015 2194 2083 2232 est;
2121 2190 2232 2234 ignoti
2264 2193 2393 2226 etenim
2418 2195 2461 2228 40

165 2231 355 2266 existentes
385 2242 423 2266 se
453 2232 549 2275 ipsos
579 2232 724 2266 laedunt
754 2233 859 2274 solos,
895 2234 1121 2277 publicantes
1150 2244 1232 2268 vero
1267 2244 1332 2267 sua
1357 2234 1520 2277 dogmata
1545 2235 1664 2269 multis
1696 2245 1739 2268 ex
1764 2234 2037 2278 simplicioribus
2063 2236 2288 2271 occasionem
2313 2248 2392 2281 per-

166 2276 310 2310 ditionis
334 2279 522 2319 praebent,
554 2276 649 2320 quod
680 2277 777 2311 nullo
806 2278 909 2312 modo
934 2278 1011 2312 fieri
1034 2279 1072 2312 in
1097 2279 1299 2313 Christiano
1326 2278 1408 2313 ovili
1440 2279 1495 2312 dei
1520 2283 1555 2313 et
1579 2279 1776 2314 orthodoxo
1801 2280 1933 2323 populo
1960 2280 2091 2315 iustum
2125 2284 2179 2315 est
2207 2291 2321 2325 neque
2346 2283 2392 2317 ab

166 2320 314 2364 imperio
340 2321 547 2364 permissum
572 2325 635 2356 est.

302 2365 363 2400 III.
423 2366 596 2408 Quoniam
627 2377 709 2401 vero
739 2369 774 2400 et
798 2367 947 2401 Zoaram
978 2366 1079 2410 digne
1111 2368 1252 2411 penitus
1283 2367 1487 2402 iudicarunt
1517 2369 1584 2403 sub
1613 2368 1908 2404 anathematismo
1942 2379 2020 2404 esse
2051 2370 2333 2406 reverendissimi
2358 2375 2392 2407 et

169 2411 229 2455 qui
252 2410 347 2444 iusta
370 2410 529 2444 iudicant
552 2411 725 2455 episcopi,
761 2422 840 2445 cum
866 2422 974 2456 parva
1000 2413 1173 2455 quaedam
1197 2413 1322 2447 talium
1346 2413 1520 2447 malorum
1544 2414 1767 2457 interpositio
1794 2414 1840 2448 sit
1864 2418 1898 2448 et
1922 2415 1958 2449 in
1983 2415 2111 2458 quibus
2137 2415 2391 2452 dehonestatus
2416 2423 2459 2454 45

168 2460 231 2497 est,
266 2456 383 2490 omnia
414 2456 575 2490 videlicet
607 2456 934 2500 comprehendendo
968 2468 1011 2491 ex
1042 2458 1208 2492 memoria
1239 2458 1391 2502 quadam
1423 2458 1635 2501 abundanti,
1670 2459 1717 2493 sit
1749 2462 1784 2493 et
1807 2460 1945 2494 Zoarae
1969 2460 2193 2504 interpositio
2219 2462 2392 2506 quaedam
2422 2463 2424 2466 '

166 2511 277 2546 parva
302 2501 406 2536 huius
431 2502 544 2536 malae
569 2503 680 2545 partis
708 2502 880 2542 (Anthimi
905 2502 1053 2537 divimus
1078 2505 1114 2537 et
1138 2503 1257 2537 Severi
1280 2513 1323 2537 ac
1350 2504 1467 2545 Petri),
1505 2504 1758 2548 ordineturque
1783 2508 1818 2539 et
1840 2505 1918 2548 ipse
1941 2504 2035 2540 inter
2058 2506 2390 2551 anathematizatos,

167 2556 270 2581 sacra
302 2547 476 2581 sententia
507 2547 622 2591 ipsum
655 2547 851 2590 deferente,
885 2558 990 2591 quam
1022 2548 1200 2591 propriam
1231 2552 1266 2582 et
1296 2549 1411 2591 ipsam
1439 2549 1474 2582 in
1501 2559 1538 2583 se
1561 2549 1642 2593 ipsa
1667 2550 1875 2584 existentem
1908 2550 2025 2584 adhue
2054 2550 2164 2594 magis
2191 2552 2391 2596 cyrioteran

166 2591 354 2635 imperium
383 2592 470 2625 facit
503 2598 537 2625 et
568 2593 663 2626 hunc
696 2593 738 2628 de
771 2592 839 2626 hac
864 2594 960 2635 regia
984 2593 1072 2627 urbe
1102 2597 1137 2627 et
1170 2593 1245 2628 eius
1271 2593 1435 2628 districtu
1459 2595 1567 2628 abicit
1591 2598 1626 2629 et
1650 2595 1904 2629 habitationem
1932 2595 1967 2628 in
1992 2595 2071 2630 aliis
2098 2596 2299 2632 civitatibus
2324 2598 2391 2642 ipsi

167 2637 309 2671 omnino
341 2637 535 2679 interdicit;
573 2637 694 2681 itaque
720 2648 799 2672 cum
830 2638 898 2672 illis
930 2639 1012 2672 solis
1046 2639 1183 2672 habitet
1215 2641 1250 2672 et
1274 2639 1438 2673 consulat
1462 2640 1522 2684 qui
1549 2649 1570 2673 a
1595 2639 1698 2674 nobis
1731 2645 1813 2674 ante
1837 2641 2021 2674 memorati
2045 2643 2145 2684 sunt,
2177 2642 2239 2686 qui
2263 2643 2391 2678 similia
2416 2648 2458 2680 50

166 2682 307 2726 quidem
341 2682 600 2726 blasphemant,
635 2683 762 2717 similia
796 2684 980 2727 patiuntur
1012 2686 1045 2718 et
1078 2684 1235 2718 similiter
1267 2683 1304 2718 in
1337 2684 1441 2719 exilio
1475 2688 1667 2729 ponuntur.
1724 2685 1760 2719 Si
1793 2685 1877 2728 quid
1910 2696 1992 2720 vero
2025 2686 2122 2721 aliud
2151 2687 2188 2723 in
2213 2689 2390 2723 sententia

166 2727 468 2762 sanctissimorum
500 2728 748 2772 episcoporum
781 2729 983 2763 continetur
1015 2739 1105 2773 quae
1129 2729 1332 2773 praedictos
1358 2730 1503 2773 deponit
1532 2733 1567 2764 et
1591 2730 1879 2772 anathematizat,
1913 2732 1981 2765 hoc
2005 2731 2140 2766 firmius
2165 2734 2329 2777 ponimus
2355 2737 2391 2769 et

166 2772 291 2806 divinis
326 2783 367 2807 ac
398 2772 637 2816 imperialibus
670 2774 802 2808 nostris
837 2774 972 2817 legibus
1002 2774 1117 2818 ipsum
1150 2775 1439 2817 corroboramuS,
1474 2786 1516 2809 ac
1541 2775 1571 2810 si
1601 2776 1644 2810 ab
1670 2776 1816 2820 imperio
1850 2776 1927 2820 ipso
1953 2778 2184 2820 provenisset.
2246 2778 2282 2813 Si
2307 2789 2390 2815 vero

165 2817 294 2861 aliquis
327 2818 486 2862 ipsorum
512 2818 796 2862 deprehendatur
820 2819 863 2853 de
890 2824 1006 2854 cetero
1032 2819 1150 2854 facere
1175 2820 1306 2864 aliquid
1331 2823 1473 2864 praeter
1499 2822 1708 2863 constituta,
1742 2822 1833 2855 sciat
1855 2821 2023 2857 incidisse
2054 2822 2090 2856 in
2114 2823 2249 2866 legibus
2277 2825 2386 2869 impe-

165 2865 186 2897 1
231 2863 390 2904 rialibus,
417 2874 506 2906 quae
531 2865 684 2898 minores
708 2875 841 2907 poenas
867 2864 1087 2899 declinantes
1113 2866 1157 2900 ad
1183 2866 1333 2899 maiores
1358 2865 1550 2900 immittunt
1573 2866 1846 2908 indignationes.
1939 2867 2186 2903 Interdicimus
2211 2874 2330 2904 autem
2355 2873 2390 2906 et
2415 2876 2457 2909 55

166 2908 328 2942 omnibus
355 2909 567 2944 conantibus
594 2910 806 2943 catholicam
832 2910 888 2944 dei
913 2910 1099 2944 ecclesiam
1124 2910 1286 2945 divellere
1312 2911 1384 2945 sive
1409 2912 1604 2946 secundum
1630 2911 1786 2946 Nestorii
1817 2912 1990 2947 haeretici
2014 2913 2212 2948 doctrinam
2237 2916 2309 2951 sive
2334 2926 2389 2951 se-

214 2991 225 3020 l
244 2986 265 3029 ἤ
278 2990 374 3028 τινα]
394 2986 415 3029 ἢ
428 3002 485 3020 om.
500 2989 545 3021 M
562 2987 572 3029 Η
593 2987 735 3021 πόλεων
750 2990 833 3029 ML]
856 3003 913 3024 om.
933 2991 985 3025 C'c
1005 2990 1015 3032 Η
1041 2992 1059 3023 3
1074 2988 1245 3035 κρύπτων

170 3033 198 3064 C
219 3032 230 3074 Η
264 3035 303 3064 12
329 3030 425 3065 Ἐπεὶ
456 3035 482 3066 C
503 3032 514 3076 Η
544 3034 672 3079 ζοορᾶν
698 3035 739 3065 M
773 3033 913 3078 ζωοράν
938 3036 968 3067 L
1004 3033 1157 3080 Ζωόραν
1187 3037 1215 3068 C
1234 3034 1244 3078 Η

168 3078 209 3109 13
223 3079 406 3119 κρίναντες
424 3078 451 3110 C
463 3077 475 3121 Η
505 3082 544 3111 14
564 3076 695 3121 μικράν
711 3092 793 3111 τινα
814 3082 841 3112 C
854 3083 863 3120 Η
891 3078 956 3113 τὸν
975 3081 1136 3112 τοιοῦτον
1155 3079 1244 3114 ὄντα

166 3119 275 3153 κακὸν
290 3122 319 3153 L
339 3122 350 3164 Η
379 3124 417 3155 15
432 3124 489 3153 καὶ
512 3136 568 3155 om.
585 3124 612 3156 C'
629 3123 640 3166 Η
656 3120 872 3166 ἡτοίμασται
889 3127 915 3157 L
933 3124 944 3169 Η
976 3128 1011 3158 16
1027 3123 1242 3170 εὐπορήσαν-

166 3177 223 3199 τος
243 3166 267 3198 L
286 3165 298 3208 ll
328 3168 367 3200 17
395 3163 529 3212 ζωῦρᾶς
544 3169 572 3200 L
599 3169 721 3215 ζοορᾶς
736 3170 779 3201 Μ
800 3167 946 3213 Ζωόρας
964 3171 991 3203 O
1012 3171 1022 3212 Η
1048 3182 1087 3202 τε
1104 3184 1161 3202 om.
1177 3172 1208 3203 L
1232 3171 1244 3213 Η

169 3215 208 3245 1ὅ
231 3208 378 3255 σευήρου
399 3212 479 3244 L¹<J
500 3212 511 3254 Η
541 3215 582 3246 20
600 3215 658 3245 καὶ
685 3227 741 3246 om.
757 3215 786 3246 L
812 3214 822 3256 Η
855 3217 894 3246 22
922 3212 1158 3253 ἐξελαυνουσα
1184 3216 1212 3249 C
1232 3214 1244 3256 Η

167 3259 208 3289 23
227 3257 287 3297 τῆς
308 3256 449 3297 ταύτης]
475 3257 535 3298 τῆς
556 3254 662 3299 αὐτῆς
685 3260 712 3292 C
735 3260 746 3301 Η
772 3261 813 3292 24
837 3257 903 3301 τὴν
925 3261 996 3300 ἐπὶ]
1021 3260 1080 3292 ἐπὶ
1099 3258 1166 3301 τὴν
1183 3261 1212 3294 C'
1231 3259 1243 3305 Η

167 3303 226 3335 ἐπὶ
245 3302 322 3333 τῶν
341 3300 494 3341 πόλεων]
522 3303 556 3334 in
574 3303 648 3335 aliis
670 3304 859 3335 civitatibus
879 3306 889 3336 ί
912 3307 923 3347 Η
949 3303 1242 3350 ἀπαγορεύουσαν

168 3348 213 3379 L¹
231 3346 242 3389 Η
271 3348 310 3380 25
333 3344 446 3389 μόνον
468 3348 498 3379 L
529 3347 541 3391 Η
573 3350 612 3381 27
641 3345 770 3391 ὁμοίως
794 3346 834 3381 δὲ
855 3350 958 3390 ῘΙΙᾸς]
995 3346 1099 3391 ὅμοια
1124 3348 1163 3383 δὲ
1183 3353 1242 3383 καὶ

169 3388 387 3432 παθόντων,
413 3389 543 3436 ὁμοίως
567 3390 606 3425 δὲ
630 3395 688 3425 καὶ
718 3395 790 3433 CH)
818 3393 829 3438 Η
866 3396 907 3427 29
932 3391 1242 3438 ἀναθεματίζουσι
1274 3428 1276 3432 ,

168 3438 213 3469 L¹
233 3436 245 3481 Η
269 3439 310 3470 30
334 3435 377 3479 δὴ
398 3439 454 3478 M]
481 3435 520 3470 δὲ
535 3437 632 3482 LOU
656 3438 842 3481 τιθέμεθα
867 3442 926 3471 καὶ
950 3443 1022 3473 τοῖς
1044 3440 1158 3474 θείοις
1182 3444 1242 3474 καὶ

166 3480 361 3525 βασιλικοῖς
379 3484 428 3516 Ol
451 3482 463 3527 Η
487 3486 522 3516 31
547 3481 648 3526 ἡμῶν
673 3497 728 3516 0711.
745 3497 763 3519 ς
787 3485 797 3526 Η
826 3481 912 3517 αὐτὸ
926 3486 1030 3526 ΜΕς]
1057 3484 1166 3519 αὐτὸν
1183 3487 1212 3520 C
1231 3487 1241 3530 Η

168 3528 246 3561 ἐπεὶ
269 3528 444 3572 κυροῦμεν
470 3529 514 3561 L¹
533 3529 544 3572 Η
575 3531 616 3562 32
643 3527 740 3571 παρὰ
765 3529 825 3571 τῆς
851 3529 1032 3572 βασιλείας
1057 3527 1174 3572 αὐτῆς]
1201 3532 1240 3564 ab

163 3572 331 3614 imperiali
355 3574 510 3606 cubiculo
535 3587 553 3610 ς
573 3577 582 3615 Η
608 3573 805 3617 προελθὼν
834 3576 907 3608 CL²
933 3577 944 3615 Η
971 3573 1012 3608 δέ
1031 3578 1095 3617 τις]
1121 3574 1160 3609 δὲ
1183 3580 1245 3610 καί

167 3627 220 3649 τις
248 3618 276 3651 C
290 3619 301 3661 Η
330 3620 370 3653 33
397 3615 494 3652 αὐτῶ
524 3621 567 3653 M
584 3619 594 3659 ΙΙ
625 3618 724 3662 ἁλοίη
748 3621 821 3653 CL²
845 3617 966 3662 ἀλλοίη
992 3622 1038 3653 L¹
1056 3625 1066 3663 Η
1097 3619 1142 3654 τὰ
1166 3619 1241 3655 δια-

168 3665 403 3706 τετυπωμένα
433 3665 461 3698 C
480 3668 490 3708 Η
521 3668 563 3699 34
588 3663 781 3699 πολιτικοῖς
806 3666 910 3705 MLs]
935 3664 1132 3708 βασιλικοῖς
1160 3669 1209 3701 Ol
1232 3670 1244 3712 Η

170 3708 210 3740 35
234 3705 315 3742 τούς
338 3722 397 3743 om.
416 3710 445 3743 O
464 3709 475 3755 Η
507 3708 725 3744 ἐκκλίνοντες
754 3711 782 3744 0
804 3711 815 3754 Η
844 3712 886 3744 36
913 3708 1120 3753 ἐκβάλλουσι
1146 3713 1176 3746 L
1274 3698 1278 3755 Ι

1361 2991 1375 3023 1
1394 2990 1505 3031 aliqua
1527 2990 1557 3023 V
1572 2989 1584 3034 Η
1602 2991 1770 3033 insignum
1789 2993 1819 3024 T
1833 2990 1844 3035 Η
1867 2993 1886 3025 2
1901 2994 1948 3024 est
1963 2993 2082 3025 addidi
2096 2992 2107 3036 Η
2135 2996 2153 3026 3
2168 2996 2390 3028 conuersatio-

1313 3046 1393 3067 num
1415 3036 1446 3067 V
1465 3034 1476 3079 Η
1501 3034 1657 3068 exiliatur
1684 3037 1717 3069 T
1744 3036 1924 3068 exhiliatur
1946 3038 1979 3070 V
2001 3036 2013 3080 Η
2041 3042 2176 3071 sesemet
2200 3040 2307 3082 ipsum
2330 3041 2364 3074 V

1313 3083 1330 3113 5
1346 3083 1384 3112 ut
1402 3080 1495 3112 illius
1515 3083 1563 3112 est
1587 3081 1618 3113 V
1632 3081 1642 3121 Η
1659 3092 1725 3113 non
1746 3082 1866 3113 dentur
1888 3081 1942 3126 VH
1968 3084 1987 3116 8
2009 3082 2091 3114 ovili
2104 3085 2146 3125 et]
2170 3086 2202 3117 et
2218 3085 2307 3118 oliue
2329 3086 2360 3119 V

1312 3125 1519 3157 horthodoxo
1541 3126 1574 3158 V
1593 3125 1603 3167 Η
1633 3128 1672 3159 12
1695 3137 1843 3158 zocoram
1872 3127 1904 3159 T
1926 3126 1937 3170 Η
1969 3128 2009 3160 13
2035 3128 2120 3160 iuste
2143 3129 2187 3171 V]
2214 3131 2300 3163 iusta
2328 3132 2360 3164 T

1315 3173 1352 3204 17
1379 3170 1518 3211 maligni
1540 3170 1573 3203 V
1590 3170 1734 3212 maligna
1761 3173 1793 3205 T
1814 3171 1825 3214 Η
1854 3173 1894 3205 18
1915 3171 1994 3204 uilis
2012 3173 2055 3213 V]
2082 3173 2175 3206 utilis
2190 3176 2244 3217 ΤΗ
2271 3178 2303 3208 et
2328 3178 2388 3209 ad-

1312 3218 1383 3249 didi
1397 3217 1407 3258 Η
1436 3217 1476 3249 20
1491 3216 1690 3256 deponentes
1712 3217 1796 3259 VTn
1823 3217 1865 3250 23
1884 3217 2123 3250 habitationem
2141 3221 2183 3252 al.
2203 3219 2214 3263 Η
2233 3222 2273 3253 25
2290 3221 2388 3254 dictis

1319 3261 1378 3304 Vll
1404 3262 1445 3294 26
1467 3261 1714 3293 circumclausis
1738 3262 1791 3303 Vll
1819 3263 1861 3295 30
1882 3262 2111 3304 imperialibus
2133 3265 2166 3297 V
2182 3265 2193 3307 Η
2219 3268 2255 3298 31
2281 3267 2338 3308 qui
2361 3267 2395 3299 V

1355 3352 1397 3384 39
1412 3350 1564 3391 diaetam]
1578 3351 1686 3384 victus
1699 3352 1862 3384 rationem
1874 3353 1992 3386 Mansi
2006 3352 2018 3397 Η
2036 3355 2078 3387 42
2092 3354 2229 3396 iustum]
2244 3366 2387 3398 aequum

1311 3396 1426 3428 Mansz·
1452 3395 1462 3439 Η
1494 3398 1536 3429 44
1561 3396 1699 3437 dignum
1726 3398 1841 3431 Mansi
1863 3397 1875 3441 Η
1904 3399 1948 3432 46
1973 3400 2215 3440 comprehendo
2239 3401 2355 3436 Mansi
2376 3403 2388 3447 Η

1309 3442 1428 3472 Zoaras
1454 3441 1570 3474 Mansz'
1596 3441 1608 3485 Η
1637 3443 1677 3475 47
1705 3443 1944 3484 ordineturque
1968 3447 2000 3476 et
2023 3445 2104 3486 ipse]
2137 3449 2170 3477 et
2194 3450 2387 3481 numeretur

1309 3486 1377 3528 ipse
1411 3496 1542 3527 quoque
1568 3486 1682 3520 Mausi
1709 3488 1721 3531 Η
1753 3491 1794 3521 48
1822 3488 1996 3521 deiiciente
2022 3490 2137 3523 Mansz·
2166 3489 2178 3535 Η
2205 3493 2385 3534 propriam]

1308 3532 1435 3563 firmam
1450 3532 1565 3565 Mrmsz'
1581 3532 1592 3573 ΙΙ
1615 3533 1663 3573 in]
1690 3543 1728 3564 ex
1751 3534 1865 3566 Mansi
1879 3533 1890 3577 Η
1920 3534 2024 3575 magis
2046 3536 2241 3578 cyrioteran]
2262 3538 2386 3572 firmio-

1310 3588 1375 3608 rem
1394 3577 1507 3609 Mansi
1522 3577 1533 3619 Η
1560 3579 1602 3610 49
1625 3577 1715 3618 facit]
1737 3579 1844 3610 reddit
1858 3580 1974 3612 lisansi
1989 3580 2000 3623 Η
2027 3581 2065 3613 51
2091 3581 2212 3614 similia
2231 3593 2308 3617 vero
2327 3595 2386 3627 pa-

1309 3623 1441 3653 tiuntur
1460 3625 1492 3653 et
1503 3622 1656 3655 similiter
1675 3624 1709 3654 in
1725 3624 1861 3655 exilium
1877 3625 2059 3657 mittuntur
2074 3627 2190 3660 blansi
2206 3629 2217 3670 Η
2234 3631 2276 3662 52
2289 3630 2386 3672 poni-

1309 3669 1393 3708 mus]
1408 3667 1573 3699 reddimus
1587 3669 1703 3701 ᾹΙαηεί
1717 3668 1728 3713 Η
1749 3672 1789 3702 53
1806 3669 1959 3710 *divinis]
1974 3670 2101 3704 diutius
2114 3673 2198 3715 vulq.
2219 3673 2231 3718 Η
2249 3676 2292 3709 54
2304 3676 2386 3708 sciat

1310 3723 1342 3745 se
1366 3712 1520 3746 incidisse
1545 3713 1581 3745 in
1603 3713 1692 3756 leges
1717 3714 1903 3756 imperiales
1927 3716 2044 3749 illuns?
2167 3711 2175 3717 ⁸

2049 3774 2111 3808 34*
