<?xml version="1.0" encoding="UTF-8"?>
<!DOCTYPE html PUBLIC "-//W3C//DTD XHTML 1.0 Transitional//EN"
    "http://www.w3.org/TR/xhtml1/DTD/xhtml1-transitional.dtd">
<html xmlns="http://www.w3.org/1999/xhtml" xml:lang="en" lang="en">
 <head>
  <title>
</title>
<meta http-equiv="Content-Type" content="text/html;charset=utf-8" />
  <meta name='ocr-system' content='tesseract 3.04.00' />
  <meta name='ocr-capabilities' content='ocr_page ocr_carea ocr_par ocr_line ocrx_word'/>
</head>
<body>
  <div class='ocr_page' id='page_1' title='image "./corpusiuriscivil03krueuoft_0073.png"; bbox 0 0 2618 4010; ppageno 0'>
   <div class='ocr_carea' id='block_1_1' title="bbox 162 126 786 158">
    <p class='ocr_par' dir='ltr' id='par_1_1' title="bbox 162 126 786 158">
     <span class='ocr_line' id='line_1_1' title="bbox 162 126 786 158; baseline -0.005 0"><span class='ocrx_word' id='word_1_1' title='bbox 162 128 221 158; x_wconf 90' lang='lat' dir='ltr'><strong>AD</strong></span> <span class='ocrx_word' id='word_1_2' title='bbox 252 126 587 158; x_wconf 79' lang='lat' dir='ltr'>ORDINATIONEM</span> <span class='ocrx_word' id='word_1_3' title='bbox 618 126 786 156; x_wconf 86' lang='lat' dir='ltr'><strong>DEDUCI</strong></span> 
     </span>
    </p>
   </div>
   <div class='ocr_carea' id='block_1_2' title="bbox 157 221 1244 645">
    <p class='ocr_par' dir='ltr' id='par_1_2' title="bbox 157 221 1244 645">
     <span class='ocr_line' id='line_1_2' title="bbox 159 221 1241 274; baseline -0.004 -13"><span class='ocrx_word' id='word_1_4' title='bbox 159 239 237 268; x_wconf 84' lang='grc' dir='ltr'><strong><em>τας,</em></strong></span> <span class='ocrx_word' id='word_1_5' title='bbox 273 224 295 270; x_wconf 84' lang='grc' dir='ltr'><em>ἢ</em></span> <span class='ocrx_word' id='word_1_6' title='bbox 325 228 406 271; x_wconf 81' lang='grc' dir='ltr'><strong><em>μιᾶς</em></strong></span> <span class='ocrx_word' id='word_1_7' title='bbox 435 227 588 274; x_wconf 79' lang='grc' dir='ltr'><em>γαμετῆς</em></span> <span class='ocrx_word' id='word_1_8' title='bbox 620 224 735 271; x_wconf 79' lang='grc' dir='ltr'><strong><em>ἄνδρα</em></strong></span> <span class='ocrx_word' id='word_1_9' title='bbox 766 224 962 271; x_wconf 82' lang='grc' dir='ltr'><strong><em>γενόμενον</em></strong></span> <span class='ocrx_word' id='word_1_10' title='bbox 993 221 1014 268; x_wconf 80' lang='grc' dir='ltr'>ἢ</span> <span class='ocrx_word' id='word_1_11' title='bbox 1042 222 1150 265; x_wconf 87' lang='grc' dir='ltr'><strong><em>ὄντα,</em></strong></span> <span class='ocrx_word' id='word_1_12' title='bbox 1183 227 1241 257; x_wconf 82' lang='grc' dir='ltr'><strong>καὶ</strong></span> 
     </span>
     <span class='ocr_line' id='line_1_3' title="bbox 159 265 1243 319; baseline -0.003 -13"><span class='ocrx_word' id='word_1_13' title='bbox 159 271 265 315; x_wconf 80' lang='grc' dir='ltr'><strong><em>αὐτῆς</em></strong></span> <span class='ocrx_word' id='word_1_14' title='bbox 290 271 475 319; x_wconf 86' lang='grc' dir='ltr'><strong><em>σώφρονος</em></strong></span> <span class='ocrx_word' id='word_1_15' title='bbox 498 274 557 305; x_wconf 81' lang='grc' dir='ltr'><strong>καὶ</strong></span> <span class='ocrx_word' id='word_1_16' title='bbox 585 274 624 305; x_wconf 78' lang='grc' dir='ltr'><strong>ἐκ</strong></span> <span class='ocrx_word' id='word_1_17' title='bbox 648 271 861 317; x_wconf 71' lang='grc' dir='ltr'><strong><em>παρθενίας.</em></strong></span> <span class='ocrx_word' id='word_1_18' title='bbox 909 269 1013 304; x_wconf 77' lang='grc' dir='ltr'><strong><em>οὐδὲν</em></strong></span> <span class='ocrx_word' id='word_1_19' title='bbox 1036 268 1104 317; x_wconf 78' lang='grc' dir='ltr'><strong>γὰρ</strong></span> <span class='ocrx_word' id='word_1_20' title='bbox 1127 265 1243 303; x_wconf 65' lang='grc' dir='ltr'><strong><em>οὕτως</em></strong></span> 
     </span>
     <span class='ocr_line' id='line_1_4' title="bbox 161 313 1242 365; baseline -0.004 -13"><span class='ocrx_word' id='word_1_21' title='bbox 161 320 201 352; x_wconf 82' lang='grc' dir='ltr'><strong>ἐν</strong></span> <span class='ocrx_word' id='word_1_22' title='bbox 220 321 297 352; x_wconf 86' lang='grc' dir='ltr'><strong><em>ταῖς</em></strong></span> <span class='ocrx_word' id='word_1_23' title='bbox 319 317 425 364; x_wconf 84' lang='grc' dir='ltr'><strong><em>ἱεραῖς</em></strong></span> <span class='ocrx_word' id='word_1_24' title='bbox 444 321 677 365; x_wconf 78' lang='grc' dir='ltr'><strong><em>χειροτονίαις</em></strong></span> <span class='ocrx_word' id='word_1_25' title='bbox 698 313 746 350; x_wconf 79' lang='grc' dir='ltr'><strong>ῶς</strong></span> <span class='ocrx_word' id='word_1_26' title='bbox 767 315 1006 361; x_wconf 70' lang='grc' dir='ltr'><em>σωφροσύνην</em></span> <span class='ocrx_word' id='word_1_27' title='bbox 1027 314 1242 356; x_wconf 78' lang='grc' dir='ltr'><strong><em>ἐπιλεκτεόν,</em></strong></span> 
     </span>
     <span class='ocr_line' id='line_1_5' title="bbox 159 359 1244 410; baseline -0.005 -12"><span class='ocrx_word' id='word_1_28' title='bbox 159 364 310 407; x_wconf 82' lang='grc' dir='ltr'><strong><em>πρώτην</em></strong></span> <span class='ocrx_word' id='word_1_29' title='bbox 333 360 446 410; x_wconf 80' lang='grc' dir='ltr'><strong><em>ἀρχὴν</em></strong></span> <span class='ocrx_word' id='word_1_30' title='bbox 470 366 529 396; x_wconf 88' lang='grc' dir='ltr'><strong>καὶ</strong></span> <span class='ocrx_word' id='word_1_31' title='bbox 553 361 726 406; x_wconf 72' lang='grc' dir='ltr'><strong><em>θεμέλιον</em></strong></span> <span class='ocrx_word' id='word_1_32' title='bbox 750 359 879 408; x_wconf 75' lang='grc' dir='ltr'><strong><em>ἀκριβῆ</em></strong></span> <span class='ocrx_word' id='word_1_33' title='bbox 902 360 994 396; x_wconf 78' lang='grc' dir='ltr'><strong><em>κατὰ</em></strong></span> <span class='ocrx_word' id='word_1_34' title='bbox 1016 360 1097 396; x_wconf 79' lang='grc' dir='ltr'><strong>τούς</strong></span> <span class='ocrx_word' id='word_1_35' title='bbox 1121 361 1244 394; x_wconf 83' lang='grc' dir='ltr'><strong><em>θείους</em></strong></span> 
     </span>
     <span class='ocr_line' id='line_1_6' title="bbox 157 404 1244 452; baseline -0.003 -10"><span class='ocrx_word' id='word_1_36' title='bbox 157 408 312 444; x_wconf 79' lang='grc' dir='ltr'><strong><em>κανόνας</em></strong></span> <span class='ocrx_word' id='word_1_37' title='bbox 343 412 402 442; x_wconf 89' lang='grc' dir='ltr'><strong>καὶ</strong></span> <span class='ocrx_word' id='word_1_38' title='bbox 433 409 493 451; x_wconf 83' lang='grc' dir='ltr'><strong>τῆς</strong></span> <span class='ocrx_word' id='word_1_39' title='bbox 523 407 645 450; x_wconf 75' lang='grc' dir='ltr'><strong><em>λοιπῆς</em></strong></span> <span class='ocrx_word' id='word_1_40' title='bbox 676 405 802 452; x_wconf 76' lang='grc' dir='ltr'><strong><em>ἀρετῆς</em></strong></span> <span class='ocrx_word' id='word_1_41' title='bbox 830 408 1088 442; x_wconf 69' lang='grc' dir='ltr'><strong><em>καθεστῶσαν.</em></strong></span> <span class='ocrx_word' id='word_1_42' title='bbox 1135 407 1181 439; x_wconf 87' lang='grc' dir='ltr'><strong>Εἰ</strong></span> <span class='ocrx_word' id='word_1_43' title='bbox 1205 404 1244 440; x_wconf 83' lang='grc' dir='ltr'><strong>δὲ</strong></span> 
     </span>
     <span class='ocr_line' id='line_1_7' title="bbox 157 448 1244 501; baseline -0.002 -14"><span class='ocrx_word' id='word_1_44' title='bbox 157 458 219 488; x_wconf 85' lang='grc' dir='ltr'><strong>καί</strong></span> <span class='ocrx_word' id='word_1_45' title='bbox 251 467 304 489; x_wconf 85' lang='grc' dir='ltr'><strong>τις</strong></span> <span class='ocrx_word' id='word_1_46' title='bbox 343 452 583 501; x_wconf 83' lang='grc' dir='ltr'><strong><em>πρεσβύτερος</em></strong></span> <span class='ocrx_word' id='word_1_47' title='bbox 613 451 635 496; x_wconf 84' lang='grc' dir='ltr'><em>ἢ</em></span> <span class='ocrx_word' id='word_1_48' title='bbox 670 451 832 487; x_wconf 82' lang='grc' dir='ltr'><strong><em>διάκονος</em></strong></span> <span class='ocrx_word' id='word_1_49' title='bbox 863 450 884 496; x_wconf 83' lang='grc' dir='ltr'>ἢ</span> <span class='ocrx_word' id='word_1_50' title='bbox 916 449 1151 488; x_wconf 73' lang='grc' dir='ltr'><strong><em>ὑποὸιάκονος</em></strong></span> <span class='ocrx_word' id='word_1_51' title='bbox 1190 448 1244 486; x_wconf 77' lang='grc' dir='ltr'><strong>ῶν</strong></span> 
     </span>
     <span class='ocr_line' id='line_1_8' title="bbox 157 494 1239 547; baseline -0.003 -13"><span class='ocrx_word' id='word_1_52' title='bbox 157 501 235 534; x_wconf 82' lang='grc' dir='ltr'><strong><em>εἶτα</em></strong></span> <span class='ocrx_word' id='word_1_53' title='bbox 264 501 438 547; x_wconf 83' lang='grc' dir='ltr'><strong><em>εἰςαγάγοι</em></strong></span> <span class='ocrx_word' id='word_1_54' title='bbox 473 498 631 546; x_wconf 79' lang='grc' dir='ltr'><strong><em>γαμετὴν</em></strong></span> <span class='ocrx_word' id='word_1_55' title='bbox 665 496 686 541; x_wconf 80' lang='grc' dir='ltr'><em>ἢ</em></span> <span class='ocrx_word' id='word_1_56' title='bbox 721 496 918 540; x_wconf 82' lang='grc' dir='ltr'><strong><em>παλλακήν,</em></strong></span> <span class='ocrx_word' id='word_1_57' title='bbox 960 496 980 542; x_wconf 86' lang='grc' dir='ltr'><em>ἢ</em></span> <span class='ocrx_word' id='word_1_58' title='bbox 1018 499 1183 544; x_wconf 82' lang='grc' dir='ltr'><strong><em>φανερῶς</em></strong></span> <span class='ocrx_word' id='word_1_59' title='bbox 1218 494 1239 540; x_wconf 79' lang='grc' dir='ltr'>ἢ</span> 
     </span>
     <span class='ocr_line' id='line_1_9' title="bbox 157 541 1240 591; baseline -0.003 -12"><span class='ocrx_word' id='word_1_60' title='bbox 157 548 487 591; x_wconf 65' lang='grc' dir='ltr'><strong><em>ἑ-σχηματισμέιως,</em></strong></span> <span class='ocrx_word' id='word_1_61' title='bbox 519 546 580 588; x_wconf 84' lang='grc' dir='ltr'><strong>τῆς</strong></span> <span class='ocrx_word' id='word_1_62' title='bbox 609 544 702 591; x_wconf 81' lang='grc' dir='ltr'><strong><em>ἱερᾶς</em></strong></span> <span class='ocrx_word' id='word_1_63' title='bbox 732 541 842 578; x_wconf 78' lang='grc' dir='ltr'><strong><em>εὐθὺς</em></strong></span> <span class='ocrx_word' id='word_1_64' title='bbox 866 546 1071 579; x_wconf 80' lang='grc' dir='ltr'><strong><em>ἐκπιπτέτω</em></strong></span> <span class='ocrx_word' id='word_1_65' title='bbox 1096 541 1240 585; x_wconf 74' lang='grc' dir='ltr'><strong><em>τάξεως,</em></strong></span> 
     </span>
     <span class='ocr_line' id='line_1_10' title="bbox 160 586 1238 645; baseline -0.002 -20"><span class='ocrx_word' id='word_1_66' title='bbox 160 598 198 628; x_wconf 89' lang='grc' dir='ltr'><strong>ΙΓ</strong></span> <span class='ocrx_word' id='word_1_67' title='bbox 245 594 304 624; x_wconf 87' lang='grc' dir='ltr'><strong>καὶ</strong></span> <span class='ocrx_word' id='word_1_68' title='bbox 335 589 376 625; x_wconf 82' lang='grc' dir='ltr'><strong>τὸ</strong></span> <span class='ocrx_word' id='word_1_69' title='bbox 410 589 538 625; x_wconf 83' lang='grc' dir='ltr'><strong><em>λοιπὸν</em></strong></span> <span class='ocrx_word' id='word_1_70' title='bbox 564 588 709 645; x_wconf 66' lang='grc' dir='ltr'><strong><em>ἰδιώτης</em></strong></span> <span class='ocrx_word' id='word_1_71' title='bbox 733 589 839 624; x_wconf 79' lang='grc' dir='ltr'><strong><em>ἔστω.</em></strong></span> <span class='ocrx_word' id='word_1_72' title='bbox 928 590 974 623; x_wconf 88' lang='grc' dir='ltr'><strong>Εἰ</strong></span> <span class='ocrx_word' id='word_1_73' title='bbox 1005 588 1045 622; x_wconf 82' lang='grc' dir='ltr'><strong>δὲ</strong></span> <span class='ocrx_word' id='word_1_74' title='bbox 1068 592 1127 622; x_wconf 88' lang='grc' dir='ltr'><strong>καὶ</strong></span> <span class='ocrx_word' id='word_1_75' title='bbox 1152 586 1238 623; x_wconf 78' lang='grc' dir='ltr'><strong><em>ἀνα-</em></strong></span> 
     </span>
    </p>
   </div>
   <div class='ocr_carea' id='block_1_3' title="bbox 155 632 1368 691">
    <p class='ocr_par' dir='ltr' id='par_1_3' title="bbox 155 632 1368 691">
     <span class='ocr_line' id='line_1_11' title="bbox 155 632 1368 691; baseline -0.003 -20"><span class='ocrx_word' id='word_1_76' title='bbox 155 636 319 690; x_wconf 61' lang='grc' dir='ltr'><strong><em>γνώστης</em></strong></span> <span class='ocrx_word' id='word_1_77' title='bbox 350 634 522 690; x_wconf 49' lang='grc' dir='ltr'><strong><em>δευτέραν</em></strong></span> <span class='ocrx_word' id='word_1_78' title='bbox 554 637 772 691; x_wconf 52' lang='grc' dir='ltr'><strong><em>εἵςαγαγιζιτρ</em></strong></span> <span class='ocrx_word' id='word_1_79' title='bbox 805 634 963 682; x_wconf 87' lang='grc' dir='ltr'><strong><em>γαμετὴν</em></strong></span> <span class='ocrx_word' id='word_1_80' title='bbox 988 632 1047 668; x_wconf 81' lang='grc' dir='ltr'><strong><em>διά</em></strong></span> <span class='ocrx_word' id='word_1_81' title='bbox 1071 647 1155 667; x_wconf 85' lang='grc' dir='ltr'><strong><em>τινα</em></strong></span> <span class='ocrx_word' id='word_1_82' title='bbox 1180 637 1238 667; x_wconf 82' lang='grc' dir='ltr'><strong>καὶ</strong></span> <span class='ocrx_word' id='word_1_83' title='bbox 1256 637 1295 668; x_wconf 88' lang='grc'><strong>10</strong></span> <span class='ocrx_word' id='word_1_84' title='bbox 1310 633 1368 668; x_wconf 84' lang='lat' dir='ltr'><strong>sit.</strong></span> 
     </span>
    </p>
   </div>
   <div class='ocr_carea' id='block_1_4' title="bbox 135 683 1240 869">
    <p class='ocr_par' dir='ltr' id='par_1_4' title="bbox 135 683 1240 869">
     <span class='ocr_line' id='line_1_12' title="bbox 155 683 1238 727; baseline -0.006 -9"><span class='ocrx_word' id='word_1_85' title='bbox 155 695 262 719; x_wconf 86' lang='grc' dir='ltr'><strong><em>τουτο</em></strong></span> <span class='ocrx_word' id='word_1_86' title='bbox 276 693 324 716; x_wconf 86' lang='grc' dir='ltr'><strong>ως</strong></span> <span class='ocrx_word' id='word_1_87' title='bbox 333 683 421 715; x_wconf 69' lang='lat' dir='ltr'><strong>sinos</strong></span> <span class='ocrx_word' id='word_1_88' title='bbox 436 686 686 727; x_wconf 83' lang='grc' dir='ltr'><strong><em>απαραίτητον</em></strong></span> <span class='ocrx_word' id='word_1_89' title='bbox 700 694 868 727; x_wconf 83' lang='grc' dir='ltr'><strong><em>αναγκην,</em></strong></span> <span class='ocrx_word' id='word_1_90' title='bbox 881 683 1006 724; x_wconf 79' lang='grc' dir='ltr'><strong><em>μηκέτι</em></strong></span> <span class='ocrx_word' id='word_1_91' title='bbox 1019 683 1238 726; x_wconf 75' lang='grc' dir='ltr'><strong><em>προσωτέρω</em></strong></span> 
     </span>
     <span class='ocr_line' id='line_1_13' title="bbox 155 724 1239 773; baseline -0.006 -9"><span class='ocrx_word' id='word_1_92' title='bbox 155 731 316 773; x_wconf 84' lang='grc' dir='ltr'><strong><em>χωρείτω</em></strong></span> <span class='ocrx_word' id='word_1_93' title='bbox 337 725 428 772; x_wconf 79' lang='grc' dir='ltr'><strong><em>μηδὲ</em></strong></span> <span class='ocrx_word' id='word_1_94' title='bbox 448 724 661 762; x_wconf 76' lang='grc' dir='ltr'><strong><em>ἆπολαυέτω</em></strong></span> <span class='ocrx_word' id='word_1_95' title='bbox 673 727 822 771; x_wconf 83' lang='grc' dir='ltr'><strong><em>βαθμοῦ</em></strong></span> <span class='ocrx_word' id='word_1_96' title='bbox 842 727 1002 769; x_wconf 80' lang='grc' dir='ltr'><strong><em>μείζονος</em></strong></span> <span class='ocrx_word' id='word_1_97' title='bbox 1016 727 1055 758; x_wconf 84' lang='grc' dir='ltr'><strong>έν</strong></span> <span class='ocrx_word' id='word_1_98' title='bbox 1071 724 1239 771; x_wconf 85' lang='grc' dir='ltr'><strong><em>ἱερατείᾳ,</em></strong></span> 
     </span>
     <span class='ocr_line' id='line_1_14' title="bbox 135 768 1239 820; baseline -0.005 -12"><span class='ocrx_word' id='word_1_99' title='bbox 135 777 292 820; x_wconf 83' lang='grc' dir='ltr'><strong><em>·μενε’τω</em></strong></span> <span class='ocrx_word' id='word_1_100' title='bbox 317 771 357 806; x_wconf 80' lang='grc' dir='ltr'><strong>δὲ</strong></span> <span class='ocrx_word' id='word_1_101' title='bbox 381 775 440 806; x_wconf 83' lang='grc' dir='ltr'><strong><em>ἐπὶ</em></strong></span> <span class='ocrx_word' id='word_1_102' title='bbox 464 775 528 807; x_wconf 87' lang='grc' dir='ltr'><strong>τοῦ</strong></span> <span class='ocrx_word' id='word_1_103' title='bbox 552 770 662 807; x_wconf 76' lang='grc' dir='ltr'><strong><em>αὐτοῦ</em></strong></span> <span class='ocrx_word' id='word_1_104' title='bbox 694 771 844 816; x_wconf 78' lang='grc' dir='ltr'><strong><em>βαθμοῦ</em></strong></span> <span class='ocrx_word' id='word_1_105' title='bbox 873 769 1053 813; x_wconf 81' lang='grc' dir='ltr'><strong><em>διηνεκῶς.</em></strong></span> <span class='ocrx_word' id='word_1_106' title='bbox 1086 768 1134 813; x_wconf 84' lang='grc' dir='ltr'><strong><em>μὴ</em></strong></span> <span class='ocrx_word' id='word_1_107' title='bbox 1158 773 1239 814; x_wconf 84' lang='grc' dir='ltr'><strong><em>με’ν-</em></strong></span> 
     </span>
     <span class='ocr_line' id='line_1_15' title="bbox 155 814 1240 869; baseline -0.005 -16"><span class='ocrx_word' id='word_1_108' title='bbox 155 833 252 867; x_wconf 84' lang='grc' dir='ltr'><strong><em>τοιγε</em></strong></span> <span class='ocrx_word' id='word_1_109' title='bbox 282 822 342 852; x_wconf 83' lang='grc' dir='ltr'><strong>καὶ</strong></span> <span class='ocrx_word' id='word_1_110' title='bbox 374 817 464 861; x_wconf 87' lang='grc' dir='ltr'><strong><em>πρὸς</em></strong></span> <span class='ocrx_word' id='word_1_111' title='bbox 494 822 634 864; x_wconf 82' lang='grc' dir='ltr'><strong><em>τρίτους</em></strong></span> <span class='ocrx_word' id='word_1_112' title='bbox 660 816 823 864; x_wconf 80' lang='grc' dir='ltr'><strong><em>ἐρχέσθω</em></strong></span> <span class='ocrx_word' id='word_1_113' title='bbox 846 815 992 869; x_wconf 68' lang='grc' dir='ltr'><strong><em>γάμους·</em></strong></span> <span class='ocrx_word' id='word_1_114' title='bbox 1025 814 1155 869; x_wconf 42' lang='grc' dir='ltr'><strong><em>ἱκανὸν,</em></strong></span> <span class='ocrx_word' id='word_1_115' title='bbox 1174 815 1240 861; x_wconf 78' lang='grc' dir='ltr'><strong>γὰρ</strong></span> 
     </span>
    </p>
   </div>
   <div class='ocr_carea' id='block_1_5' title="bbox 1250 109 1305 154">
    <p class='ocr_par' dir='ltr' id='par_1_5' title="bbox 1250 109 1305 154">
     <span class='ocr_line' id='line_1_16' title="bbox 1250 109 1305 154; baseline 0 0"><span class='ocrx_word' id='word_1_116' title='bbox 1250 109 1305 154; x_wconf 82' lang='grc'><strong>43</strong></span> 
     </span>
    </p>
   </div>
   <div class='ocr_carea' id='block_1_6' title="bbox 2068 111 2392 155">
    <p class='ocr_par' dir='ltr' id='par_1_6' title="bbox 2068 111 2392 155">
     <span class='ocr_line' id='line_1_17' title="bbox 2068 111 2392 155; baseline 0.006 -2"><span class='ocrx_word' id='word_1_117' title='bbox 2068 111 2176 154; x_wconf 86' lang='lat' dir='ltr'><strong>Nov.</strong></span> <span class='ocrx_word' id='word_1_118' title='bbox 2211 112 2267 153; x_wconf 94' lang='lat' dir='ltr'><strong>VI</strong></span> <span class='ocrx_word' id='word_1_119' title='bbox 2298 116 2335 155; x_wconf 89' lang='lat'><strong>5.</strong></span> <span class='ocrx_word' id='word_1_120' title='bbox 2368 116 2392 154; x_wconf 84' lang='grc'><strong>6</strong></span> 
     </span>
    </p>
   </div>
   <div class='ocr_carea' id='block_1_7' title="bbox 1311 221 2395 359">
    <p class='ocr_par' dir='ltr' id='par_1_7' title="bbox 1311 221 2395 359">
     <span class='ocr_line' id='line_1_18' title="bbox 1311 221 2394 258; baseline 0.001 -1"><span class='ocrx_word' id='word_1_121' title='bbox 1311 225 1385 257; x_wconf 85' lang='lat' dir='ltr'><strong>tate</strong></span> <span class='ocrx_word' id='word_1_122' title='bbox 1420 222 1478 257; x_wconf 90' lang='lat' dir='ltr'><strong>sit.</strong></span> <span class='ocrx_word' id='word_1_123' title='bbox 1538 221 1635 257; x_wconf 85' lang='lat' dir='ltr'><strong>Nihil</strong></span> <span class='ocrx_word' id='word_1_124' title='bbox 1671 221 1764 256; x_wconf 90' lang='lat' dir='ltr'><strong>enim</strong></span> <span class='ocrx_word' id='word_1_125' title='bbox 1801 222 1852 256; x_wconf 88' lang='lat' dir='ltr'><strong>sic</strong></span> <span class='ocrx_word' id='word_1_126' title='bbox 1886 222 1923 256; x_wconf 89' lang='lat' dir='ltr'><strong>in</strong></span> <span class='ocrx_word' id='word_1_127' title='bbox 1959 222 2071 257; x_wconf 85' lang='lat' dir='ltr'><strong>sacris</strong></span> <span class='ocrx_word' id='word_1_128' title='bbox 2107 221 2394 258; x_wconf 83' lang='lat' dir='ltr'><strong>ordinationibus</strong></span> 
     </span>
     <span class='ocr_line' id='line_1_19' title="bbox 1312 266 2393 312; baseline 0.001 -10"><span class='ocrx_word' id='word_1_129' title='bbox 1312 279 1418 312; x_wconf 86' lang='lat' dir='ltr'><strong>quam</strong></span> <span class='ocrx_word' id='word_1_130' title='bbox 1443 278 1524 303; x_wconf 94' lang='lat' dir='ltr'><strong>cum</strong></span> <span class='ocrx_word' id='word_1_131' title='bbox 1548 267 1715 302; x_wconf 87' lang='lat' dir='ltr'><strong>castitate</strong></span> <span class='ocrx_word' id='word_1_132' title='bbox 1739 266 1913 309; x_wconf 87' lang='lat' dir='ltr'><strong>viventes,</strong></span> <span class='ocrx_word' id='word_1_133' title='bbox 1946 271 2010 302; x_wconf 88' lang='lat' dir='ltr'><strong>aut</strong></span> <span class='ocrx_word' id='word_1_134' title='bbox 2040 267 2211 303; x_wconf 82' lang='lat' dir='ltr'><strong>uxoribus</strong></span> <span class='ocrx_word' id='word_1_135' title='bbox 2236 279 2307 303; x_wconf 89' lang='lat' dir='ltr'><strong>non</strong></span> <span class='ocrx_word' id='word_1_136' title='bbox 2333 279 2393 303; x_wconf 92' lang='lat' dir='ltr'><strong>co-</strong></span> 
     </span>
     <span class='ocr_line' id='line_1_20' title="bbox 1312 313 2395 359; baseline 0.002 -12"><span class='ocrx_word' id='word_1_137' title='bbox 1312 313 1527 356; x_wconf 79' lang='lat' dir='ltr'><strong>habitantes,</strong></span> <span class='ocrx_word' id='word_1_138' title='bbox 1552 316 1615 348; x_wconf 86' lang='lat' dir='ltr'><strong>aut</strong></span> <span class='ocrx_word' id='word_1_139' title='bbox 1638 313 1743 346; x_wconf 87' lang='lat' dir='ltr'><strong>unius</strong></span> <span class='ocrx_word' id='word_1_140' title='bbox 1768 313 1890 347; x_wconf 87' lang='lat' dir='ltr'><strong>uxoris</strong></span> <span class='ocrx_word' id='word_1_141' title='bbox 1910 313 2022 348; x_wconf 89' lang='lat' dir='ltr'><strong>virum</strong></span> <span class='ocrx_word' id='word_1_142' title='bbox 2047 313 2108 359; x_wconf 91' lang='lat' dir='ltr'><strong>qui</strong></span> <span class='ocrx_word' id='word_1_143' title='bbox 2131 313 2186 349; x_wconf 87' lang='lat' dir='ltr'><strong>vel</strong></span> <span class='ocrx_word' id='word_1_144' title='bbox 2210 313 2318 348; x_wconf 80' lang='lat' dir='ltr'><strong>fuerit</strong></span> <span class='ocrx_word' id='word_1_145' title='bbox 2340 314 2395 349; x_wconf 92' lang='lat' dir='ltr'><strong>vel</strong></span> 
     </span>
    </p>
   </div>
   <div class='ocr_carea' id='block_1_8' title="bbox 1314 357 2393 404">
    <p class='ocr_par' dir='ltr' id='par_1_8' title="bbox 1314 357 2393 404">
     <span class='ocr_line' id='line_1_21' title="bbox 1314 357 2393 404; baseline 0.001 -11"><span class='ocrx_word' id='word_1_146' title='bbox 1314 359 1378 401; x_wconf 90' lang='lat' dir='ltr'><strong>sit,</strong></span> <span class='ocrx_word' id='word_1_147' title='bbox 1412 362 1447 394; x_wconf 84' lang='lat' dir='ltr'><strong>et</strong></span> <span class='ocrx_word' id='word_1_148' title='bbox 1470 359 1586 403; x_wconf 82' lang='lat' dir='ltr'><strong>ipsam</strong></span> <span class='ocrx_word' id='word_1_149' title='bbox 1611 357 1810 393; x_wconf 86' lang='lat' dir='ltr'><strong>castitatem</strong></span> <span class='ocrx_word' id='word_1_150' title='bbox 1842 358 2044 402; x_wconf 82' lang='lat' dir='ltr'><strong>eligentem,</strong></span> <span class='ocrx_word' id='word_1_151' title='bbox 2077 358 2231 404; x_wconf 88' lang='lat' dir='ltr'><strong>primum</strong></span> <span class='ocrx_word' id='word_1_152' title='bbox 2286 359 2393 394; x_wconf 90' lang='lat' dir='ltr'><strong>rinci-</strong></span> 
     </span>
    </p>
   </div>
   <div class='ocr_carea' id='block_1_9' title="bbox 1280 403 2395 450">
    <p class='ocr_par' dir='ltr' id='par_1_9' title="bbox 1280 403 2395 450">
     <span class='ocr_line' id='line_1_22' title="bbox 1280 403 2395 450; baseline -0.001 -10"><span class='ocrx_word' id='word_1_153' title='bbox 1280 410 1297 440; x_wconf 75' lang='grc' dir='ltr'><strong>Ξ)</strong></span> <span class='ocrx_word' id='word_1_154' title='bbox 1313 405 1410 450; x_wconf 86' lang='lat' dir='ltr'><strong>pium</strong></span> <span class='ocrx_word' id='word_1_155' title='bbox 1435 407 1472 440; x_wconf 88' lang='lat' dir='ltr'><strong>et</strong></span> <span class='ocrx_word' id='word_1_156' title='bbox 1494 403 1764 439; x_wconf 87' lang='lat' dir='ltr'><strong>fundamentum</strong></span> <span class='ocrx_word' id='word_1_157' title='bbox 1788 404 2016 439; x_wconf 79' lang='lat' dir='ltr'><strong>manifestum</strong></span> <span class='ocrx_word' id='word_1_158' title='bbox 2040 404 2234 440; x_wconf 85' lang='lat' dir='ltr'><strong>secundum</strong></span> <span class='ocrx_word' id='word_1_159' title='bbox 2283 405 2395 441; x_wconf 89' lang='lat' dir='ltr'><strong>ivinas</strong></span> 
     </span>
    </p>
   </div>
   <div class='ocr_carea' id='block_1_10' title="bbox 1309 448 2397 867">
    <p class='ocr_par' dir='ltr' id='par_1_10' title="bbox 1309 448 2397 867">
     <span class='ocr_line' id='line_1_23' title="bbox 1313 448 2396 494; baseline 0.001 -9"><span class='ocrx_word' id='word_1_160' title='bbox 1313 451 1455 494; x_wconf 86' lang='lat' dir='ltr'><strong>regulas</strong></span> <span class='ocrx_word' id='word_1_161' title='bbox 1487 452 1523 484; x_wconf 89' lang='lat' dir='ltr'><strong>et</strong></span> <span class='ocrx_word' id='word_1_162' title='bbox 1551 448 1718 484; x_wconf 82' lang='lat' dir='ltr'><strong>residuae</strong></span> <span class='ocrx_word' id='word_1_163' title='bbox 1741 448 1882 484; x_wconf 89' lang='lat' dir='ltr'><strong>virtutis</strong></span> <span class='ocrx_word' id='word_1_164' title='bbox 1915 450 2157 485; x_wconf 82' lang='lat' dir='ltr'><strong>constitutam.</strong></span> <span class='ocrx_word' id='word_1_165' title='bbox 2206 450 2245 485; x_wconf 88' lang='lat' dir='ltr'><strong>Si</strong></span> <span class='ocrx_word' id='word_1_166' title='bbox 2275 454 2396 486; x_wconf 88' lang='lat' dir='ltr'><strong>autem</strong></span> 
     </span>
     <span class='ocr_line' id='line_1_24' title="bbox 1310 494 2395 540; baseline 0.001 -9"><span class='ocrx_word' id='word_1_167' title='bbox 1310 498 1346 531; x_wconf 88' lang='lat' dir='ltr'><strong>et</strong></span> <span class='ocrx_word' id='word_1_168' title='bbox 1377 495 1505 540; x_wconf 88' lang='lat' dir='ltr'><strong>aliquis</strong></span> <span class='ocrx_word' id='word_1_169' title='bbox 1536 495 1724 540; x_wconf 86' lang='lat' dir='ltr'><strong>presbyter</strong></span> <span class='ocrx_word' id='word_1_170' title='bbox 1752 497 1815 529; x_wconf 87' lang='lat' dir='ltr'><strong>aut</strong></span> <span class='ocrx_word' id='word_1_171' title='bbox 1846 494 2019 530; x_wconf 88' lang='lat' dir='ltr'><strong>diaconus</strong></span> <span class='ocrx_word' id='word_1_172' title='bbox 2055 499 2117 530; x_wconf 91' lang='lat' dir='ltr'><strong>aut</strong></span> <span class='ocrx_word' id='word_1_173' title='bbox 2153 496 2395 532; x_wconf 82' lang='lat' dir='ltr'><strong>subdiaconus</strong></span> 
     </span>
     <span class='ocr_line' id='line_1_25' title="bbox 1309 540 2396 586; baseline 0 -9"><span class='ocrx_word' id='word_1_174' title='bbox 1309 544 1436 586; x_wconf 88' lang='lat' dir='ltr'><strong>postea</strong></span> <span class='ocrx_word' id='word_1_175' title='bbox 1459 542 1567 577; x_wconf 89' lang='lat' dir='ltr'><strong>ducat</strong></span> <span class='ocrx_word' id='word_1_176' title='bbox 1592 550 1739 575; x_wconf 89' lang='lat' dir='ltr'><strong>uxorem</strong></span> <span class='ocrx_word' id='word_1_177' title='bbox 1759 543 1823 574; x_wconf 92' lang='lat' dir='ltr'><strong>aut</strong></span> <span class='ocrx_word' id='word_1_178' title='bbox 1845 540 2081 575; x_wconf 83' lang='lat' dir='ltr'><strong>concubinam</strong></span> <span class='ocrx_word' id='word_1_179' title='bbox 2103 545 2165 575; x_wconf 89' lang='lat' dir='ltr'><strong>aut</strong></span> <span class='ocrx_word' id='word_1_180' title='bbox 2188 542 2307 586; x_wconf 90' lang='lat' dir='ltr'><strong>palam</strong></span> <span class='ocrx_word' id='word_1_181' title='bbox 2332 544 2396 577; x_wconf 89' lang='lat' dir='ltr'><strong>aut</strong></span> 
     </span>
     <span class='ocr_line' id='line_1_26' title="bbox 1310 585 2396 631; baseline -0.001 -8"><span class='ocrx_word' id='word_1_182' title='bbox 1310 588 1460 629; x_wconf 84' lang='lat' dir='ltr'><strong>occulte,</strong></span> <span class='ocrx_word' id='word_1_183' title='bbox 1487 597 1589 622; x_wconf 87' lang='lat' dir='ltr'><strong>sacro</strong></span> <span class='ocrx_word' id='word_1_184' title='bbox 1615 586 1735 621; x_wconf 88' lang='lat' dir='ltr'><strong>statim</strong></span> <span class='ocrx_word' id='word_1_185' title='bbox 1754 586 1861 621; x_wconf 87' lang='lat' dir='ltr'><strong>cadat</strong></span> <span class='ocrx_word' id='word_1_186' title='bbox 1878 585 2011 629; x_wconf 81' lang='lat' dir='ltr'><strong>ordine,</strong></span> <span class='ocrx_word' id='word_1_187' title='bbox 2036 588 2072 621; x_wconf 87' lang='lat' dir='ltr'><strong>et</strong></span> <span class='ocrx_word' id='word_1_188' title='bbox 2090 586 2259 631; x_wconf 85' lang='lat' dir='ltr'><strong>deinceps</strong></span> <span class='ocrx_word' id='word_1_189' title='bbox 2283 587 2396 622; x_wconf 91' lang='lat' dir='ltr'><strong>idiota</strong></span> 
     </span>
     <span class='ocr_line' id='line_1_27' title="bbox 1405 631 2396 677; baseline 0.001 -10"><span class='ocrx_word' id='word_1_190' title='bbox 1405 632 1540 676; x_wconf 77' lang='lat' dir='ltr'><strong>Quodsi</strong></span> <span class='ocrx_word' id='word_1_191' title='bbox 1557 634 1594 668; x_wconf 90' lang='lat' dir='ltr'><strong>et</strong></span> <span class='ocrx_word' id='word_1_192' title='bbox 1611 632 1723 669; x_wconf 85' lang='lat' dir='ltr'><strong>lector</strong></span> <span class='ocrx_word' id='word_1_193' title='bbox 1740 631 1935 666; x_wconf 89' lang='lat' dir='ltr'><strong>secundam</strong></span> <span class='ocrx_word' id='word_1_194' title='bbox 1952 631 2062 666; x_wconf 89' lang='lat' dir='ltr'><strong>ducat</strong></span> <span class='ocrx_word' id='word_1_195' title='bbox 2080 642 2225 667; x_wconf 90' lang='lat' dir='ltr'><strong>uxorem</strong></span> <span class='ocrx_word' id='word_1_196' title='bbox 2250 635 2396 677; x_wconf 89' lang='lat' dir='ltr'><strong>propter</strong></span> 
     </span>
     <span class='ocr_line' id='line_1_28' title="bbox 1310 677 2394 724; baseline 0 -11"><span class='ocrx_word' id='word_1_197' title='bbox 1310 678 1494 724; x_wconf 85' lang='lat' dir='ltr'><strong>quaedam,</strong></span> <span class='ocrx_word' id='word_1_198' title='bbox 1520 682 1555 713; x_wconf 91' lang='lat' dir='ltr'><strong>et</strong></span> <span class='ocrx_word' id='word_1_199' title='bbox 1578 678 1648 713; x_wconf 90' lang='lat' dir='ltr'><strong>hoc</strong></span> <span class='ocrx_word' id='word_1_200' title='bbox 1672 677 1794 713; x_wconf 87' lang='lat' dir='ltr'><strong>forsan</strong></span> <span class='ocrx_word' id='word_1_201' title='bbox 1814 677 2045 712; x_wconf 88' lang='lat' dir='ltr'><strong>inrecusabili</strong></span> <span class='ocrx_word' id='word_1_202' title='bbox 2066 678 2291 720; x_wconf 87' lang='lat' dir='ltr'><strong>necessitate,</strong></span> <span class='ocrx_word' id='word_1_203' title='bbox 2316 679 2394 713; x_wconf 93' lang='lat' dir='ltr'><strong>nul-</strong></span> 
     </span>
     <span class='ocr_line' id='line_1_29' title="bbox 1309 722 2396 768; baseline -0.001 -9"><span class='ocrx_word' id='word_1_204' title='bbox 1309 725 1451 759; x_wconf 87' lang='lat' dir='ltr'><strong>latenus</strong></span> <span class='ocrx_word' id='word_1_205' title='bbox 1477 723 1522 759; x_wconf 87' lang='lat' dir='ltr'><strong>ad</strong></span> <span class='ocrx_word' id='word_1_206' title='bbox 1545 723 1710 759; x_wconf 87' lang='lat' dir='ltr'><strong>altiorem</strong></span> <span class='ocrx_word' id='word_1_207' title='bbox 1729 722 1890 764; x_wconf 86' lang='lat' dir='ltr'><strong>accedat,</strong></span> <span class='ocrx_word' id='word_1_208' title='bbox 1913 733 2029 767; x_wconf 86' lang='lat' dir='ltr'><strong>neque</strong></span> <span class='ocrx_word' id='word_1_209' title='bbox 2051 722 2259 767; x_wconf 84' lang='lat' dir='ltr'><strong>perfruatur</strong></span> <span class='ocrx_word' id='word_1_210' title='bbox 2281 724 2396 768; x_wconf 87' lang='lat' dir='ltr'><strong>gradu</strong></span> 
     </span>
     <span class='ocr_line' id='line_1_30' title="bbox 1309 768 2397 813; baseline -0.001 -9"><span class='ocrx_word' id='word_1_211' title='bbox 1309 770 1442 804; x_wconf 86' lang='lat' dir='ltr'><strong>maiore</strong></span> <span class='ocrx_word' id='word_1_212' title='bbox 1466 769 1503 804; x_wconf 90' lang='lat' dir='ltr'><strong>in</strong></span> <span class='ocrx_word' id='word_1_213' title='bbox 1528 769 1741 811; x_wconf 86' lang='lat' dir='ltr'><strong>sacerdotio,</strong></span> <span class='ocrx_word' id='word_1_214' title='bbox 1766 770 1911 803; x_wconf 87' lang='lat' dir='ltr'><strong>maneat</strong></span> <span class='ocrx_word' id='word_1_215' title='bbox 1933 771 2053 803; x_wconf 88' lang='lat' dir='ltr'><strong>autem</strong></span> <span class='ocrx_word' id='word_1_216' title='bbox 2075 768 2112 802; x_wconf 91' lang='lat' dir='ltr'><strong>in</strong></span> <span class='ocrx_word' id='word_1_217' title='bbox 2137 769 2260 804; x_wconf 89' lang='lat' dir='ltr'><strong>eodem</strong></span> <span class='ocrx_word' id='word_1_218' title='bbox 2283 769 2397 813; x_wconf 87' lang='lat' dir='ltr'><strong>gradu</strong></span> 
     </span>
     <span class='ocr_line' id='line_1_31' title="bbox 1309 814 2397 867; baseline -0.001 -18"><span class='ocrx_word' id='word_1_219' title='bbox 1309 818 1493 860; x_wconf 86' lang='lat' dir='ltr'><strong>perpetue.</strong></span> <span class='ocrx_word' id='word_1_220' title='bbox 1543 814 1613 850; x_wconf 86' lang='lat' dir='ltr'><strong>Sed</strong></span> <span class='ocrx_word' id='word_1_221' title='bbox 1638 825 1709 849; x_wconf 89' lang='lat' dir='ltr'><strong>non</strong></span> <span class='ocrx_word' id='word_1_222' title='bbox 1732 814 1779 848; x_wconf 88' lang='lat' dir='ltr'><strong>ad</strong></span> <span class='ocrx_word' id='word_1_223' title='bbox 1802 814 1926 849; x_wconf 86' lang='lat' dir='ltr'><strong>tertias</strong></span> <span class='ocrx_word' id='word_1_224' title='bbox 1958 814 2075 849; x_wconf 89' lang='lat' dir='ltr'><strong>veniat</strong></span> <span class='ocrx_word' id='word_1_225' title='bbox 2108 814 2274 867; x_wconf 79' lang='lat' dir='ltr'><strong>nuptias3</strong></span> <span class='ocrx_word' id='word_1_226' title='bbox 2310 814 2397 849; x_wconf 88' lang='lat' dir='ltr'><strong>satis</strong></span> 
     </span>
    </p>
   </div>
   <div class='ocr_carea' id='block_1_11' title="bbox 155 859 2396 915">
    <p class='ocr_par' dir='ltr' id='par_1_11' title="bbox 155 859 2396 915">
     <span class='ocr_line' id='line_1_32' title="bbox 155 859 2396 915; baseline -0.003 -15"><span class='ocrx_word' id='word_1_227' title='bbox 155 865 197 909; x_wconf 82' lang='grc' dir='ltr'><strong>δὴ</strong></span> <span class='ocrx_word' id='word_1_228' title='bbox 233 867 292 904; x_wconf 64' lang='grc' dir='ltr'><strong>καὶ</strong></span> <span class='ocrx_word' id='word_1_229' title='bbox 323 863 366 899; x_wconf 87' lang='grc' dir='ltr'><strong><em>τὸ</em></strong></span> <span class='ocrx_word' id='word_1_230' title='bbox 399 862 578 910; x_wconf 84' lang='grc' dir='ltr'><strong><em>δεύτερον.</em></strong></span> <span class='ocrx_word' id='word_1_231' title='bbox 625 864 672 897; x_wconf 86' lang='grc' dir='ltr'><strong>Εἰ</strong></span> <span class='ocrx_word' id='word_1_232' title='bbox 701 861 808 915; x_wconf 52' lang='lat' dir='ltr'><strong>Saye</strong></span> <span class='ocrx_word' id='word_1_233' title='bbox 839 861 982 895; x_wconf 81' lang='grc' dir='ltr'><strong><em>τοιουτό</em></strong></span> <span class='ocrx_word' id='word_1_234' title='bbox 1012 873 1047 894; x_wconf 81' lang='grc' dir='ltr'><strong>τι</strong></span> <span class='ocrx_word' id='word_1_235' title='bbox 1085 861 1295 907; x_wconf 72' lang='grc' dir='ltr'><strong><em>πραξειε,1ῖ)</em></strong></span> <span class='ocrx_word' id='word_1_236' title='bbox 1310 864 1365 895; x_wconf 89' lang='lat' dir='ltr'><strong>est</strong></span> <span class='ocrx_word' id='word_1_237' title='bbox 1389 861 1494 902; x_wconf 91' lang='lat' dir='ltr'><strong>enim,</strong></span> <span class='ocrx_word' id='word_1_238' title='bbox 1520 860 1551 895; x_wconf 89' lang='lat' dir='ltr'><strong>si</strong></span> <span class='ocrx_word' id='word_1_239' title='bbox 1567 860 1613 895; x_wconf 89' lang='lat' dir='ltr'><strong>ad</strong></span> <span class='ocrx_word' id='word_1_240' title='bbox 1633 860 1820 895; x_wconf 88' lang='lat' dir='ltr'><strong>secundas.</strong></span> <span class='ocrx_word' id='word_1_241' title='bbox 1858 859 1897 895; x_wconf 89' lang='lat' dir='ltr'><strong>Si</strong></span> <span class='ocrx_word' id='word_1_242' title='bbox 1913 869 1995 894; x_wconf 89' lang='lat' dir='ltr'><strong>vero</strong></span> <span class='ocrx_word' id='word_1_243' title='bbox 2020 859 2092 894; x_wconf 88' lang='lat' dir='ltr'><strong>tale</strong></span> <span class='ocrx_word' id='word_1_244' title='bbox 2117 859 2251 904; x_wconf 78' lang='lat' dir='ltr'><strong>aliquid</strong></span> <span class='ocrx_word' id='word_1_245' title='bbox 2275 861 2396 904; x_wconf 80' lang='lat' dir='ltr'><strong>egerit,</strong></span> 
     </span>
    </p>
   </div>
   <div class='ocr_carea' id='block_1_12' title="bbox 154 906 1240 1100">
    <p class='ocr_par' dir='ltr' id='par_1_12' title="bbox 154 906 1240 1100">
     <span class='ocr_line' id='line_1_33' title="bbox 155 906 1240 957; baseline -0.006 -12"><span class='ocrx_word' id='word_1_246' title='bbox 155 915 213 945; x_wconf 86' lang='grc' dir='ltr'><strong>καὶ</strong></span> <span class='ocrx_word' id='word_1_247' title='bbox 239 908 327 957; x_wconf 81' lang='grc' dir='ltr'><strong><em>πρὸς</em></strong></span> <span class='ocrx_word' id='word_1_248' title='bbox 362 907 543 955; x_wconf 79' lang='grc' dir='ltr'><strong><em>δευτέρους</em></strong></span> <span class='ocrx_word' id='word_1_249' title='bbox 574 907 698 943; x_wconf 71' lang='grc' dir='ltr'><strong><em>ε’λθων</em></strong></span> <span class='ocrx_word' id='word_1_250' title='bbox 745 918 853 950; x_wconf 90' lang='grc' dir='ltr'><strong><em>αμους</em></strong></span> <span class='ocrx_word' id='word_1_251' title='bbox 876 908 936 940; x_wconf 87' lang='grc' dir='ltr'><strong>ἐπὶ</strong></span> <span class='ocrx_word' id='word_1_252' title='bbox 969 908 1119 951; x_wconf 83' lang='grc' dir='ltr'><strong><em>μείζονα</em></strong></span> <span class='ocrx_word' id='word_1_253' title='bbox 1143 906 1240 950; x_wconf 81' lang='grc' dir='ltr'><strong><em>βαθ·</em></strong></span> 
     </span>
     <span class='ocr_line' id='line_1_34' title="bbox 154 948 1240 1001; baseline -0.005 -12"><span class='ocrx_word' id='word_1_254' title='bbox 154 957 224 1001; x_wconf 84' lang='grc' dir='ltr'><strong>μὸν</strong></span> <span class='ocrx_word' id='word_1_255' title='bbox 262 954 461 996; x_wconf 80' lang='grc' dir='ltr'><strong><em>σπεύσειεν,</em></strong></span> <span class='ocrx_word' id='word_1_256' title='bbox 500 952 662 990; x_wconf 74' lang='grc' dir='ltr'><strong><em>αὐτόθεν</em></strong></span> <span class='ocrx_word' id='word_1_257' title='bbox 697 954 709 986; x_wconf 86' lang='grc' dir='ltr'><strong><em>ἰ</em></strong></span> <span class='ocrx_word' id='word_1_258' title='bbox 735 951 843 995; x_wconf 85' lang='grc' dir='ltr'><strong><em>ιῶτης</em></strong></span> <span class='ocrx_word' id='word_1_259' title='bbox 878 953 982 986; x_wconf 78' lang='grc' dir='ltr'><strong><em>ἔσται</em></strong></span> <span class='ocrx_word' id='word_1_260' title='bbox 1018 955 1078 985; x_wconf 84' lang='grc' dir='ltr'><strong>καὶ</strong></span> <span class='ocrx_word' id='word_1_261' title='bbox 1112 948 1240 992; x_wconf 83' lang='grc' dir='ltr'><strong><em>λαϊκός,</em></strong></span> 
     </span>
     <span class='ocr_line' id='line_1_35' title="bbox 155 995 1240 1047; baseline -0.006 -10"><span class='ocrx_word' id='word_1_262' title='bbox 155 1001 269 1045; x_wconf 79' lang='grc' dir='ltr'><strong><em>πάσης</em></strong></span> <span class='ocrx_word' id='word_1_263' title='bbox 302 1001 395 1047; x_wconf 84' lang='grc' dir='ltr'><strong><em>ἱερᾶς</em></strong></span> <span class='ocrx_word' id='word_1_264' title='bbox 430 999 645 1047; x_wconf 77' lang='grc' dir='ltr'><strong><em>λειτουργίας</em></strong></span> <span class='ocrx_word' id='word_1_265' title='bbox 681 1000 882 1032; x_wconf 80' lang='grc' dir='ltr'><strong><em>ἐκπίπτων.</em></strong></span> <span class='ocrx_word' id='word_1_266' title='bbox 943 995 1141 1042; x_wconf 81' lang='grc' dir='ltr'><strong><em>Σώφρονος</em></strong></span> <span class='ocrx_word' id='word_1_267' title='bbox 1172 996 1240 1044; x_wconf 83' lang='grc' dir='ltr'><strong>γὰρ</strong></span> 
     </span>
     <span class='ocr_line' id='line_1_36' title="bbox 155 1042 1239 1100; baseline -0.006 -19"><span class='ocrx_word' id='word_1_268' title='bbox 155 1045 238 1092; x_wconf 83' lang='grc' dir='ltr'><strong><em>ἡμῖν</em></strong></span> <span class='ocrx_word' id='word_1_269' title='bbox 263 1045 322 1081; x_wconf 79' lang='grc' dir='ltr'><strong><em>διὰ</em></strong></span> <span class='ocrx_word' id='word_1_270' title='bbox 352 1044 504 1081; x_wconf 82' lang='grc' dir='ltr'><strong><em>πάντων</em></strong></span> <span class='ocrx_word' id='word_1_271' title='bbox 530 1044 628 1100; x_wconf 66' lang='grc' dir='ltr'><strong><em>μέλει</em></strong></span> <span class='ocrx_word' id='word_1_272' title='bbox 651 1048 743 1088; x_wconf 83' lang='grc' dir='ltr'><strong><em>βίου.</em></strong></span> <span class='ocrx_word' id='word_1_273' title='bbox 796 1043 828 1076; x_wconf 81' lang='grc' dir='ltr'><strong>εἰ</strong></span> <span class='ocrx_word' id='word_1_274' title='bbox 858 1042 927 1090; x_wconf 84' lang='grc' dir='ltr'><strong>γὰρ</strong></span> <span class='ocrx_word' id='word_1_275' title='bbox 958 1044 1117 1076; x_wconf 82' lang='grc' dir='ltr'><strong><em>τοιοῦτοι</em></strong></span> <span class='ocrx_word' id='word_1_276' title='bbox 1148 1043 1239 1076; x_wconf 85' lang='grc' dir='ltr'><strong><em>καθ-</em></strong></span> 
     </span>
    </p>
   </div>
   <div class='ocr_carea' id='block_1_13' title="bbox 1309 905 2398 1086">
    <p class='ocr_par' dir='ltr' id='par_1_13' title="bbox 1309 905 2398 1086">
     <span class='ocr_line' id='line_1_37' title="bbox 1310 905 2398 950; baseline 0 -10"><span class='ocrx_word' id='word_1_277' title='bbox 1310 908 1347 940; x_wconf 87' lang='lat' dir='ltr'><strong>et</strong></span> <span class='ocrx_word' id='word_1_278' title='bbox 1370 906 1415 940; x_wconf 90' lang='lat' dir='ltr'><strong>ad</strong></span> <span class='ocrx_word' id='word_1_279' title='bbox 1440 906 1615 940; x_wconf 85' lang='lat' dir='ltr'><strong>secundas</strong></span> <span class='ocrx_word' id='word_1_280' title='bbox 1640 905 1784 941; x_wconf 89' lang='lat' dir='ltr'><strong>veniens</strong></span> <span class='ocrx_word' id='word_1_281' title='bbox 1808 905 1953 950; x_wconf 82' lang='lat' dir='ltr'><strong>nuptias</strong></span> <span class='ocrx_word' id='word_1_282' title='bbox 1978 905 2024 940; x_wconf 90' lang='lat' dir='ltr'><strong>ad</strong></span> <span class='ocrx_word' id='word_1_283' title='bbox 2054 905 2225 940; x_wconf 89' lang='lat' dir='ltr'><strong>maiorem</strong></span> <span class='ocrx_word' id='word_1_284' title='bbox 2248 905 2398 949; x_wconf 87' lang='lat' dir='ltr'><strong>gradum</strong></span> 
     </span>
     <span class='ocr_line' id='line_1_38' title="bbox 1309 950 2398 994; baseline 0.001 -9"><span class='ocrx_word' id='word_1_285' title='bbox 1309 952 1429 986; x_wconf 88' lang='lat' dir='ltr'><strong>venire</strong></span> <span class='ocrx_word' id='word_1_286' title='bbox 1454 951 1689 994; x_wconf 82' lang='lat' dir='ltr'><strong>festinaverit,</strong></span> <span class='ocrx_word' id='word_1_287' title='bbox 1715 951 1841 986; x_wconf 89' lang='lat' dir='ltr'><strong>exinde</strong></span> <span class='ocrx_word' id='word_1_288' title='bbox 1865 951 1977 986; x_wconf 86' lang='lat' dir='ltr'><strong>idiota</strong></span> <span class='ocrx_word' id='word_1_289' title='bbox 2001 950 2069 986; x_wconf 88' lang='lat' dir='ltr'><strong>erit</strong></span> <span class='ocrx_word' id='word_1_290' title='bbox 2093 954 2129 986; x_wconf 89' lang='lat' dir='ltr'><strong>et</strong></span> <span class='ocrx_word' id='word_1_291' title='bbox 2152 951 2277 992; x_wconf 87' lang='lat' dir='ltr'><strong>laicus,</strong></span> <span class='ocrx_word' id='word_1_292' title='bbox 2303 951 2398 986; x_wconf 89' lang='lat' dir='ltr'><strong>omni</strong></span> 
     </span>
     <span class='ocr_line' id='line_1_39' title="bbox 1311 996 2398 1041; baseline 0 -10"><span class='ocrx_word' id='word_1_293' title='bbox 1311 1007 1414 1031; x_wconf 87' lang='lat' dir='ltr'><strong>sacro</strong></span> <span class='ocrx_word' id='word_1_294' title='bbox 1450 996 1646 1031; x_wconf 90' lang='lat' dir='ltr'><strong>ministerio</strong></span> <span class='ocrx_word' id='word_1_295' title='bbox 1684 996 1826 1032; x_wconf 86' lang='lat' dir='ltr'><strong>cadens.</strong></span> <span class='ocrx_word' id='word_1_296' title='bbox 1887 996 2022 1032; x_wconf 89' lang='lat' dir='ltr'><strong>Pudice</strong></span> <span class='ocrx_word' id='word_1_297' title='bbox 2059 997 2152 1032; x_wconf 85' lang='lat' dir='ltr'><strong>enim</strong></span> <span class='ocrx_word' id='word_1_298' title='bbox 2188 996 2292 1032; x_wconf 89' lang='lat' dir='ltr'><strong>nobis</strong></span> <span class='ocrx_word' id='word_1_299' title='bbox 2334 1007 2398 1041; x_wconf 89' lang='lat' dir='ltr'><strong>per</strong></span> 
     </span>
     <span class='ocr_line' id='line_1_40' title="bbox 1310 1041 2398 1086; baseline 0.001 -11"><span class='ocrx_word' id='word_1_300' title='bbox 1310 1042 1429 1076; x_wconf 88' lang='lat' dir='ltr'><strong>omnia</strong></span> <span class='ocrx_word' id='word_1_301' title='bbox 1460 1042 1616 1086; x_wconf 87' lang='lat' dir='ltr'><strong>pertinet</strong></span> <span class='ocrx_word' id='word_1_302' title='bbox 1646 1042 1771 1077; x_wconf 86' lang='lat' dir='ltr'><strong>vivere.</strong></span> <span class='ocrx_word' id='word_1_303' title='bbox 1827 1042 1865 1077; x_wconf 88' lang='lat' dir='ltr'><strong>Si</strong></span> <span class='ocrx_word' id='word_1_304' title='bbox 1895 1042 1988 1077; x_wconf 89' lang='lat' dir='ltr'><strong>enim</strong></span> <span class='ocrx_word' id='word_1_305' title='bbox 2019 1042 2110 1077; x_wconf 86' lang='lat' dir='ltr'><strong>tales</strong></span> <span class='ocrx_word' id='word_1_306' title='bbox 2145 1042 2330 1078; x_wconf 87' lang='lat' dir='ltr'><strong>constituti</strong></span> <span class='ocrx_word' id='word_1_307' title='bbox 2361 1041 2398 1076; x_wconf 91' lang='lat' dir='ltr'><strong>hi</strong></span> 
     </span>
    </p>
   </div>
   <div class='ocr_carea' id='block_1_14' title="bbox 155 1086 2398 1145">
    <p class='ocr_par' dir='ltr' id='par_1_14' title="bbox 155 1086 2398 1145">
     <span class='ocr_line' id='line_1_41' title="bbox 155 1086 2398 1145; baseline -0.002 -19"><span class='ocrx_word' id='word_1_308' title='bbox 155 1091 355 1145; x_wconf 39' lang='lat' dir='ltr'><strong>ecvcbves‘oi</strong></span> <span class='ocrx_word' id='word_1_309' title='bbox 374 1093 421 1125; x_wconf 83' lang='grc' dir='ltr'><strong>εἰς</strong></span> <span class='ocrx_word' id='word_1_310' title='bbox 439 1090 568 1144; x_wconf 65' lang='grc' dir='ltr'><strong><em>κλῆρον</em></strong></span> <span class='ocrx_word' id='word_1_311' title='bbox 586 1089 755 1143; x_wconf 72' lang='grc' dir='ltr'><strong><em>αγόμενοι</em></strong></span> <span class='ocrx_word' id='word_1_312' title='bbox 774 1089 1076 1135; x_wconf 71' lang='grc' dir='ltr'><strong><em>χειροτονηθεῖεν,</em></strong></span> <span class='ocrx_word' id='word_1_313' title='bbox 1102 1086 1241 1122; x_wconf 75' lang='grc' dir='ltr'><strong><em>εὔκολος</em></strong></span> <span class='ocrx_word' id='word_1_314' title='bbox 1254 1090 1297 1122; x_wconf 86' lang='grc'><strong>20</strong></span> <span class='ocrx_word' id='word_1_315' title='bbox 1311 1088 1371 1132; x_wconf 87' lang='lat' dir='ltr'><strong>qui</strong></span> <span class='ocrx_word' id='word_1_316' title='bbox 1400 1088 1438 1121; x_wconf 92' lang='lat' dir='ltr'><strong>in</strong></span> <span class='ocrx_word' id='word_1_317' title='bbox 1472 1087 1566 1122; x_wconf 90' lang='lat' dir='ltr'><strong>clero</strong></span> <span class='ocrx_word' id='word_1_318' title='bbox 1598 1087 1828 1122; x_wconf 87' lang='lat' dir='ltr'><strong>adducuntur</strong></span> <span class='ocrx_word' id='word_1_319' title='bbox 1861 1088 2082 1131; x_wconf 89' lang='lat' dir='ltr'><strong>ordinentur,</strong></span> <span class='ocrx_word' id='word_1_320' title='bbox 2120 1087 2237 1123; x_wconf 88' lang='lat' dir='ltr'><strong>facilis</strong></span> <span class='ocrx_word' id='word_1_321' title='bbox 2271 1087 2321 1122; x_wconf 90' lang='lat' dir='ltr'><strong>eis</strong></span> <span class='ocrx_word' id='word_1_322' title='bbox 2352 1087 2398 1122; x_wconf 91' lang='lat' dir='ltr'><strong>ad</strong></span> 
     </span>
    </p>
   </div>
   <div class='ocr_carea' id='block_1_15' title="bbox 156 1132 1240 1237">
    <p class='ocr_par' dir='ltr' id='par_1_15' title="bbox 156 1132 1240 1237">
     <span class='ocr_line' id='line_1_42' title="bbox 156 1132 1240 1184; baseline -0.003 -13"><span class='ocrx_word' id='word_1_323' title='bbox 156 1137 274 1172; x_wconf 76' lang='grc' dir='ltr'><strong><em>αὐτοῖς</em></strong></span> <span class='ocrx_word' id='word_1_324' title='bbox 299 1151 319 1179; x_wconf 89' lang='grc' dir='ltr'><strong><em>η</em></strong></span> <span class='ocrx_word' id='word_1_325' title='bbox 343 1137 432 1184; x_wconf 87' lang='grc' dir='ltr'><strong><em>πρὸς</em></strong></span> <span class='ocrx_word' id='word_1_326' title='bbox 455 1149 522 1178; x_wconf 88' lang='grc' dir='ltr'><strong>την</strong></span> <span class='ocrx_word' id='word_1_327' title='bbox 545 1139 749 1178; x_wconf 82' lang='grc' dir='ltr'><strong><em>ὲπισκοπην</em></strong></span> <span class='ocrx_word' id='word_1_328' title='bbox 773 1132 899 1168; x_wconf 81' lang='grc' dir='ltr'><strong><em>ἄνοδος</em></strong></span> <span class='ocrx_word' id='word_1_329' title='bbox 928 1136 1048 1176; x_wconf 79' lang='grc' dir='ltr'><strong><em>ἔσται,</em></strong></span> <span class='ocrx_word' id='word_1_330' title='bbox 1084 1135 1122 1167; x_wconf 84' lang='grc' dir='ltr'><strong>ἐκ</strong></span> <span class='ocrx_word' id='word_1_331' title='bbox 1156 1132 1240 1169; x_wconf 89' lang='grc' dir='ltr'><strong><em>πολ-</em></strong></span> 
     </span>
     <span class='ocr_line' id='line_1_43' title="bbox 157 1176 1240 1237; baseline -0.005 -19"><span class='ocrx_word' id='word_1_332' title='bbox 157 1184 232 1218; x_wconf 80' lang='grc' dir='ltr'><strong>λῶν</strong></span> <span class='ocrx_word' id='word_1_333' title='bbox 255 1181 403 1234; x_wconf 58' lang='grc' dir='ltr'><strong><em>ἀνδρῶν</em></strong></span> <span class='ocrx_word' id='word_1_334' title='bbox 435 1178 592 1237; x_wconf 70' lang='grc' dir='ltr'><strong><em>ἀγαθῶν</em></strong></span> <span class='ocrx_word' id='word_1_335' title='bbox 620 1178 755 1236; x_wconf 40' lang='grc' dir='ltr'><strong><em>ῥαδῖίως</em></strong></span> <span class='ocrx_word' id='word_1_336' title='bbox 779 1176 1044 1226; x_wconf 72' lang='grc' dir='ltr'><strong><em>εὑρισκομένων</em></strong></span> <span class='ocrx_word' id='word_1_337' title='bbox 1069 1180 1147 1214; x_wconf 90' lang='grc' dir='ltr'><strong>τῶν</strong></span> <span class='ocrx_word' id='word_1_338' title='bbox 1180 1177 1240 1213; x_wconf 80' lang='grc' dir='ltr'><strong>ἄν·</strong></span> 
     </span>
    </p>
   </div>
   <div class='ocr_carea' id='block_1_16' title="bbox 1310 1133 2398 1267">
    <p class='ocr_par' dir='ltr' id='par_1_16' title="bbox 1310 1133 2398 1267">
     <span class='ocr_line' id='line_1_44' title="bbox 1311 1133 2398 1177; baseline 0.001 -10"><span class='ocrx_word' id='word_1_339' title='bbox 1311 1133 1557 1177; x_wconf 88' lang='lat' dir='ltr'><strong>episcopatum</strong></span> <span class='ocrx_word' id='word_1_340' title='bbox 1582 1143 1752 1168; x_wconf 86' lang='lat' dir='ltr'><strong>ascensus</strong></span> <span class='ocrx_word' id='word_1_341' title='bbox 1778 1134 1859 1176; x_wconf 87' lang='lat' dir='ltr'><strong>erit,</strong></span> <span class='ocrx_word' id='word_1_342' title='bbox 1891 1137 1926 1168; x_wconf 89' lang='lat' dir='ltr'><strong>et</strong></span> <span class='ocrx_word' id='word_1_343' title='bbox 1949 1143 1993 1169; x_wconf 89' lang='lat' dir='ltr'><strong>ex</strong></span> <span class='ocrx_word' id='word_1_344' title='bbox 2022 1133 2144 1170; x_wconf 88' lang='lat' dir='ltr'><strong>multis</strong></span> <span class='ocrx_word' id='word_1_345' title='bbox 2175 1133 2261 1168; x_wconf 89' lang='lat' dir='ltr'><strong>viris</strong></span> <span class='ocrx_word' id='word_1_346' title='bbox 2294 1133 2398 1169; x_wconf 91' lang='lat' dir='ltr'><strong>bonis</strong></span> 
     </span>
     <span class='ocr_line' id='line_1_45' title="bbox 1310 1178 2397 1224; baseline 0.002 -11"><span class='ocrx_word' id='word_1_347' title='bbox 1310 1178 1453 1213; x_wconf 87' lang='lat' dir='ltr'><strong>facilius</strong></span> <span class='ocrx_word' id='word_1_348' title='bbox 1477 1178 1712 1221; x_wconf 80' lang='lat' dir='ltr'><strong>invenientur,</strong></span> <span class='ocrx_word' id='word_1_349' title='bbox 1739 1179 1800 1223; x_wconf 93' lang='lat' dir='ltr'><strong>qui</strong></span> <span class='ocrx_word' id='word_1_350' title='bbox 1824 1178 2048 1214; x_wconf 86' lang='lat' dir='ltr'><strong>adducantur</strong></span> <span class='ocrx_word' id='word_1_351' title='bbox 2071 1179 2117 1214; x_wconf 90' lang='lat' dir='ltr'><strong>ad</strong></span> <span class='ocrx_word' id='word_1_352' title='bbox 2142 1179 2294 1224; x_wconf 86' lang='lat' dir='ltr'><strong>primum</strong></span> <span class='ocrx_word' id='word_1_353' title='bbox 2316 1189 2397 1224; x_wconf 85' lang='lat' dir='ltr'><strong>gra-</strong></span> 
     </span>
     <span class='ocr_line' id='line_1_46' title="bbox 1311 1223 1746 1267; baseline -0.002 -8"><span class='ocrx_word' id='word_1_354' title='bbox 1311 1224 1396 1259; x_wconf 90' lang='lat' dir='ltr'><strong>dum</strong></span> <span class='ocrx_word' id='word_1_355' title='bbox 1420 1223 1613 1259; x_wconf 90' lang='lat' dir='ltr'><strong>sacerdotii</strong></span> <span class='ocrx_word' id='word_1_356' title='bbox 1639 1223 1746 1267; x_wconf 88' lang='lat' dir='ltr'><strong>digni.</strong></span> 
     </span>
    </p>
   </div>
   <div class='ocr_carea' id='block_1_17' title="bbox 156 1226 801 1277">
    <p class='ocr_par' dir='ltr' id='par_1_17' title="bbox 156 1226 801 1277">
     <span class='ocr_line' id='line_1_47' title="bbox 156 1226 801 1277; baseline -0.006 -14"><span class='ocrx_word' id='word_1_357' title='bbox 156 1228 313 1277; x_wconf 82' lang='grc' dir='ltr'><strong><em>άγεσθαι</em></strong></span> <span class='ocrx_word' id='word_1_358' title='bbox 338 1238 426 1274; x_wconf 85' lang='grc' dir='ltr'><strong><em>προς</em></strong></span> <span class='ocrx_word' id='word_1_359' title='bbox 451 1239 652 1273; x_wconf 89' lang='grc' dir='ltr'><strong><em>ιερωσυνην</em></strong></span> <span class='ocrx_word' id='word_1_360' title='bbox 676 1226 801 1266; x_wconf 81' lang='grc' dir='ltr'><strong><em>αξίων.</em></strong></span> 
     </span>
    </p>
   </div>
   <div class='ocr_carea' id='block_1_18' title="bbox 1149 1315 1398 1351">
    <p class='ocr_par' dir='ltr' id='par_1_18' title="bbox 1149 1315 1398 1351">
     <span class='ocr_line' id='line_1_48' title="bbox 1149 1315 1398 1351; baseline -0.004 -1"><span class='ocrx_word' id='word_1_361' title='bbox 1149 1315 1306 1351; x_wconf 91' lang='lat' dir='ltr'><strong>CAPUT</strong></span> <span class='ocrx_word' id='word_1_362' title='bbox 1337 1315 1398 1351; x_wconf 91' lang='lat' dir='ltr'><strong>VI.</strong></span> 
     </span>
    </p>
   </div>
   <div class='ocr_carea' id='block_1_19' title="bbox 149 1368 2400 1968">
    <p class='ocr_par' dir='ltr' id='par_1_19' title="bbox 149 1368 2400 1968">
     <span class='ocr_line' id='line_1_49' title="bbox 197 1368 2398 1421; baseline -0.001 -11"><span class='ocrx_word' id='word_1_363' title='bbox 197 1368 244 1410; x_wconf 65' lang='lat' dir='ltr'><em>OE</em></span> <span class='ocrx_word' id='word_1_364' title='bbox 279 1371 370 1409; x_wconf 83' lang='grc' dir='ltr'><strong>Ὅσα</strong></span> <span class='ocrx_word' id='word_1_365' title='bbox 400 1387 441 1421; x_wconf 83' lang='grc' dir='ltr'><strong>γε</strong></span> <span class='ocrx_word' id='word_1_366' title='bbox 464 1372 535 1418; x_wconf 81' lang='grc' dir='ltr'><strong>μὴν</strong></span> <span class='ocrx_word' id='word_1_367' title='bbox 565 1376 626 1409; x_wconf 80' lang='grc' dir='ltr'><strong><em>ἐπὶ</em></strong></span> <span class='ocrx_word' id='word_1_368' title='bbox 657 1375 735 1408; x_wconf 81' lang='grc' dir='ltr'><strong>τῶν</strong></span> <span class='ocrx_word' id='word_1_369' title='bbox 760 1371 1036 1418; x_wconf 70' lang='grc' dir='ltr'><strong><em>εὖλαβεστάτων</em></strong></span> <span class='ocrx_word' id='word_1_370' title='bbox 1061 1371 1241 1420; x_wconf 83' lang='grc' dir='ltr'><strong><em>κληρικῶυ</em></strong></span> <span class='ocrx_word' id='word_1_371' title='bbox 1356 1372 1498 1416; x_wconf 77' lang='lat' dir='ltr'><strong>Quanta</strong></span> <span class='ocrx_word' id='word_1_372' title='bbox 1531 1371 1641 1416; x_wconf 85' lang='lat' dir='ltr'><strong>igitur</strong></span> <span class='ocrx_word' id='word_1_373' title='bbox 1673 1381 1781 1415; x_wconf 86' lang='lat' dir='ltr'><strong>super</strong></span> <span class='ocrx_word' id='word_1_374' title='bbox 1812 1371 2031 1406; x_wconf 87' lang='lat' dir='ltr'><strong>venerabiles</strong></span> <span class='ocrx_word' id='word_1_375' title='bbox 2063 1372 2211 1407; x_wconf 88' lang='lat' dir='ltr'><strong>clericos</strong></span> <span class='ocrx_word' id='word_1_376' title='bbox 2243 1382 2265 1406; x_wconf 89' lang='lat' dir='ltr'><strong>a</strong></span> <span class='ocrx_word' id='word_1_377' title='bbox 2294 1371 2398 1407; x_wconf 90' lang='lat' dir='ltr'><strong>nobis</strong></span> 
     </span>
     <span class='ocr_line' id='line_1_50' title="bbox 153 1416 2397 1468; baseline -0.001 -13"><span class='ocrx_word' id='word_1_378' title='bbox 153 1418 238 1465; x_wconf 80' lang='grc' dir='ltr'><strong><em>ἡμῖν</em></strong></span> <span class='ocrx_word' id='word_1_379' title='bbox 258 1421 407 1468; x_wconf 82' lang='grc' dir='ltr'><strong><em>εἴρηται,</em></strong></span> <span class='ocrx_word' id='word_1_380' title='bbox 431 1420 546 1454; x_wconf 82' lang='grc' dir='ltr'><strong><em>ταῦτα</em></strong></span> <span class='ocrx_word' id='word_1_381' title='bbox 571 1423 631 1453; x_wconf 86' lang='grc' dir='ltr'><strong>καὶ</strong></span> <span class='ocrx_word' id='word_1_382' title='bbox 657 1421 716 1453; x_wconf 83' lang='grc' dir='ltr'><strong>ἐπὶ</strong></span> <span class='ocrx_word' id='word_1_383' title='bbox 741 1420 818 1453; x_wconf 82' lang='grc' dir='ltr'><strong>τῶν</strong></span> <span class='ocrx_word' id='word_1_384' title='bbox 840 1417 1140 1463; x_wconf 72' lang='grc' dir='ltr'><strong><em>θεοφιλεστάτων</em></strong></span> <span class='ocrx_word' id='word_1_385' title='bbox 1166 1416 1240 1452; x_wconf 81' lang='grc' dir='ltr'><strong><em>δια·</em></strong></span> <span class='ocrx_word' id='word_1_386' title='bbox 1255 1421 1295 1452; x_wconf 83' lang='grc'><strong>25</strong></span> <span class='ocrx_word' id='word_1_387' title='bbox 1311 1417 1409 1453; x_wconf 90' lang='lat' dir='ltr'><strong>dicta</strong></span> <span class='ocrx_word' id='word_1_388' title='bbox 1434 1419 1537 1460; x_wconf 87' lang='lat' dir='ltr'><strong>sunt,</strong></span> <span class='ocrx_word' id='word_1_389' title='bbox 1570 1417 1660 1452; x_wconf 90' lang='lat' dir='ltr'><strong>haec</strong></span> <span class='ocrx_word' id='word_1_390' title='bbox 1684 1417 1792 1451; x_wconf 86' lang='lat' dir='ltr'><strong>etiam</strong></span> <span class='ocrx_word' id='word_1_391' title='bbox 1816 1426 1924 1460; x_wconf 89' lang='lat' dir='ltr'><strong>super</strong></span> <span class='ocrx_word' id='word_1_392' title='bbox 1949 1417 2014 1452; x_wconf 93' lang='lat' dir='ltr'><strong>deo</strong></span> <span class='ocrx_word' id='word_1_393' title='bbox 2039 1417 2251 1453; x_wconf 88' lang='lat' dir='ltr'><strong>amabilibus</strong></span> <span class='ocrx_word' id='word_1_394' title='bbox 2277 1417 2397 1452; x_wconf 89' lang='lat' dir='ltr'><strong>diaco-</strong></span> 
     </span>
     <span class='ocr_line' id='line_1_51' title="bbox 151 1461 2398 1512; baseline -0.001 -11"><span class='ocrx_word' id='word_1_395' title='bbox 151 1469 335 1502; x_wconf 81' lang='grc' dir='ltr'><strong><em>κονισσῶν</em></strong></span> <span class='ocrx_word' id='word_1_396' title='bbox 366 1465 598 1512; x_wconf 75' lang='grc' dir='ltr'><strong><em>πράττεσθαι</em></strong></span> <span class='ocrx_word' id='word_1_397' title='bbox 626 1462 854 1510; x_wconf 70' lang='grc' dir='ltr'><strong><em>βουλόμεθα,</em></strong></span> <span class='ocrx_word' id='word_1_398' title='bbox 894 1465 981 1500; x_wconf 80' lang='grc' dir='ltr'><strong><em>ὥςτε</em></strong></span> <span class='ocrx_word' id='word_1_399' title='bbox 1012 1462 1103 1509; x_wconf 81' lang='grc' dir='ltr'><strong><em>μηδὲ</em></strong></span> <span class='ocrx_word' id='word_1_400' title='bbox 1134 1461 1242 1498; x_wconf 76' lang='grc' dir='ltr'><strong><em>αὐτὰς</em></strong></span> <span class='ocrx_word' id='word_1_401' title='bbox 1311 1463 1418 1499; x_wconf 88' lang='lat' dir='ltr'><strong>nissis</strong></span> <span class='ocrx_word' id='word_1_402' title='bbox 1443 1464 1501 1508; x_wconf 88' lang='lat' dir='ltr'><strong>agi</strong></span> <span class='ocrx_word' id='word_1_403' title='bbox 1523 1462 1703 1504; x_wconf 86' lang='lat' dir='ltr'><strong>volumus,</strong></span> <span class='ocrx_word' id='word_1_404' title='bbox 1734 1464 1775 1497; x_wconf 89' lang='lat' dir='ltr'><strong>ut</strong></span> <span class='ocrx_word' id='word_1_405' title='bbox 1805 1472 1920 1507; x_wconf 91' lang='lat' dir='ltr'><strong>neque</strong></span> <span class='ocrx_word' id='word_1_406' title='bbox 1951 1462 2051 1507; x_wconf 88' lang='lat' dir='ltr'><strong>ipsae</strong></span> <span class='ocrx_word' id='word_1_407' title='bbox 2083 1463 2175 1498; x_wconf 88' lang='lat' dir='ltr'><strong>citra</strong></span> <span class='ocrx_word' id='word_1_408' title='bbox 2206 1463 2398 1498; x_wconf 83' lang='lat' dir='ltr'><strong>observan-</strong></span> 
     </span>
     <span class='ocr_line' id='line_1_52' title="bbox 151 1507 2400 1558; baseline -0.001 -12"><span class='ocrx_word' id='word_1_409' title='bbox 151 1513 221 1553; x_wconf 79' lang='grc' dir='ltr'><strong>ἔξω</strong></span> <span class='ocrx_word' id='word_1_410' title='bbox 239 1513 300 1555; x_wconf 80' lang='grc' dir='ltr'><strong>τῆς</strong></span> <span class='ocrx_word' id='word_1_411' title='bbox 316 1510 518 1558; x_wconf 82' lang='grc' dir='ltr'><strong><em>πρεπούσης</em></strong></span> <span class='ocrx_word' id='word_1_412' title='bbox 537 1509 818 1558; x_wconf 79' lang='grc' dir='ltr'><strong><em>παρατηρήσεως</em></strong></span> <span class='ocrx_word' id='word_1_413' title='bbox 837 1511 1025 1558; x_wconf 68' lang='grc' dir='ltr'><strong><em>γίνεσθαι·</em></strong></span> <span class='ocrx_word' id='word_1_414' title='bbox 1050 1507 1138 1543; x_wconf 79' lang='grc' dir='ltr'><strong><em>ἀλλὰ</em></strong></span> <span class='ocrx_word' id='word_1_415' title='bbox 1156 1508 1241 1556; x_wconf 83' lang='grc' dir='ltr'><strong><em>πρό·</em></strong></span> <span class='ocrx_word' id='word_1_416' title='bbox 1311 1509 1398 1544; x_wconf 86' lang='lat' dir='ltr'><strong>tiam</strong></span> <span class='ocrx_word' id='word_1_417' title='bbox 1431 1508 1537 1551; x_wconf 87' lang='lat' dir='ltr'><strong>fiant,</strong></span> <span class='ocrx_word' id='word_1_418' title='bbox 1571 1508 1634 1543; x_wconf 87' lang='lat' dir='ltr'><strong>sed</strong></span> <span class='ocrx_word' id='word_1_419' title='bbox 1663 1508 1817 1553; x_wconf 88' lang='lat' dir='ltr'><strong>primum</strong></span> <span class='ocrx_word' id='word_1_420' title='bbox 1841 1508 1983 1553; x_wconf 88' lang='lat' dir='ltr'><strong>quidem</strong></span> <span class='ocrx_word' id='word_1_421' title='bbox 2016 1507 2067 1544; x_wconf 88' lang='lat' dir='ltr'><strong>eis</strong></span> <span class='ocrx_word' id='word_1_422' title='bbox 2099 1510 2253 1544; x_wconf 87' lang='lat' dir='ltr'><strong>aetatem</strong></span> <span class='ocrx_word' id='word_1_423' title='bbox 2284 1518 2400 1553; x_wconf 86' lang='lat' dir='ltr'><strong>neque</strong></span> 
     </span>
     <span class='ocr_line' id='line_1_53' title="bbox 150 1553 2400 1605; baseline -0.001 -13"><span class='ocrx_word' id='word_1_424' title='bbox 150 1571 256 1605; x_wconf 88' lang='grc' dir='ltr'><strong><em>τερον</em></strong></span> <span class='ocrx_word' id='word_1_425' title='bbox 270 1559 338 1602; x_wconf 85' lang='grc' dir='ltr'><strong>μὲν</strong></span> <span class='ocrx_word' id='word_1_426' title='bbox 350 1553 471 1591; x_wconf 73' lang='grc' dir='ltr'><strong><em>αὐταῖς</em></strong></span> <span class='ocrx_word' id='word_1_427' title='bbox 486 1555 553 1598; x_wconf 83' lang='grc' dir='ltr'><strong>τὴν</strong></span> <span class='ocrx_word' id='word_1_428' title='bbox 566 1554 706 1599; x_wconf 78' lang='grc' dir='ltr'><strong><em>ἡλικίαν</em></strong></span> <span class='ocrx_word' id='word_1_429' title='bbox 719 1555 808 1600; x_wconf 72' lang='grc' dir='ltr'><strong><em>μήτε</em></strong></span> <span class='ocrx_word' id='word_1_430' title='bbox 825 1559 912 1590; x_wconf 79' lang='grc' dir='ltr'><strong><em>νέαν</em></strong></span> <span class='ocrx_word' id='word_1_431' title='bbox 926 1557 1019 1590; x_wconf 87' lang='grc' dir='ltr'><strong><em>εἶναι</em></strong></span> <span class='ocrx_word' id='word_1_432' title='bbox 1031 1554 1119 1598; x_wconf 85' lang='grc' dir='ltr'><strong><em>μήτε</em></strong></span> <span class='ocrx_word' id='word_1_433' title='bbox 1131 1553 1240 1599; x_wconf 81' lang='grc' dir='ltr'><strong><em>ἇκμά-</em></strong></span> <span class='ocrx_word' id='word_1_434' title='bbox 1311 1555 1486 1590; x_wconf 80' lang='lat' dir='ltr'><strong>novellam</strong></span> <span class='ocrx_word' id='word_1_435' title='bbox 1522 1564 1601 1590; x_wconf 77' lang='lat' dir='ltr'><strong>esse</strong></span> <span class='ocrx_word' id='word_1_436' title='bbox 1632 1564 1747 1598; x_wconf 83' lang='lat' dir='ltr'><strong>neque</strong></span> <span class='ocrx_word' id='word_1_437' title='bbox 1786 1556 2005 1590; x_wconf 79' lang='lat' dir='ltr'><strong>crescentem</strong></span> <span class='ocrx_word' id='word_1_438' title='bbox 2038 1564 2153 1598; x_wconf 81' lang='lat' dir='ltr'><strong>neque</strong></span> <span class='ocrx_word' id='word_1_439' title='bbox 2185 1554 2315 1589; x_wconf 83' lang='lat' dir='ltr'><strong>exhinc</strong></span> <span class='ocrx_word' id='word_1_440' title='bbox 2353 1554 2400 1588; x_wconf 79' lang='lat' dir='ltr'><strong>ad</strong></span> 
     </span>
     <span class='ocr_line' id='line_1_54' title="bbox 152 1599 2398 1648; baseline -0.001 -11"><span class='ocrx_word' id='word_1_441' title='bbox 152 1606 286 1645; x_wconf 82' lang='grc' dir='ltr'><strong><em>ζουσαν</em></strong></span> <span class='ocrx_word' id='word_1_442' title='bbox 302 1600 394 1647; x_wconf 84' lang='grc' dir='ltr'><strong><em>μηδὲ</em></strong></span> <span class='ocrx_word' id='word_1_443' title='bbox 411 1599 574 1636; x_wconf 77' lang='grc' dir='ltr'><strong><em>αὐτόθεν</em></strong></span> <span class='ocrx_word' id='word_1_444' title='bbox 587 1601 674 1648; x_wconf 82' lang='grc' dir='ltr'><strong><em>πρὸς</em></strong></span> <span class='ocrx_word' id='word_1_445' title='bbox 691 1602 737 1637; x_wconf 80' lang='grc' dir='ltr'><strong><em>τὰ</em></strong></span> <span class='ocrx_word' id='word_1_446' title='bbox 752 1601 1038 1646; x_wconf 71' lang='grc' dir='ltr'><strong><em>πλημμελήματα</em></strong></span> <span class='ocrx_word' id='word_1_447' title='bbox 1052 1599 1241 1645; x_wconf 77' lang='grc' dir='ltr'><strong><em>πηδῶσαν,</em></strong></span> <span class='ocrx_word' id='word_1_448' title='bbox 1312 1600 1590 1646; x_wconf 88' lang='lat' dir='ltr'><strong>delinquendum</strong></span> <span class='ocrx_word' id='word_1_449' title='bbox 1615 1600 1819 1644; x_wconf 85' lang='lat' dir='ltr'><strong>salientem,</strong></span> <span class='ocrx_word' id='word_1_450' title='bbox 1853 1600 1916 1635; x_wconf 85' lang='lat' dir='ltr'><strong>sed</strong></span> <span class='ocrx_word' id='word_1_451' title='bbox 1946 1609 2054 1644; x_wconf 91' lang='lat' dir='ltr'><strong>super</strong></span> <span class='ocrx_word' id='word_1_452' title='bbox 2084 1599 2236 1635; x_wconf 90' lang='lat' dir='ltr'><strong>mediam</strong></span> <span class='ocrx_word' id='word_1_453' title='bbox 2266 1599 2398 1635; x_wconf 87' lang='lat' dir='ltr'><strong>consti·</strong></span> 
     </span>
     <span class='ocr_line' id='line_1_55' title="bbox 150 1644 2398 1694; baseline -0.001 -11"><span class='ocrx_word' id='word_1_454' title='bbox 150 1646 230 1683; x_wconf 80' lang='grc' dir='ltr'><strong><em>ἀλλ’</em></strong></span> <span class='ocrx_word' id='word_1_455' title='bbox 251 1644 342 1694; x_wconf 72' lang='grc' dir='ltr'><strong><em>ὑπὲρ</em></strong></span> <span class='ocrx_word' id='word_1_456' title='bbox 359 1646 425 1681; x_wconf 85' lang='grc' dir='ltr'><strong>τὸν</strong></span> <span class='ocrx_word' id='word_1_457' title='bbox 448 1650 558 1692; x_wconf 75' lang='grc' dir='ltr'><strong><em>μέσον</em></strong></span> <span class='ocrx_word' id='word_1_458' title='bbox 582 1646 648 1691; x_wconf 79' lang='grc' dir='ltr'><strong><em>ἤδη</em></strong></span> <span class='ocrx_word' id='word_1_459' title='bbox 668 1645 910 1682; x_wconf 68' lang='grc' dir='ltr'><strong><em>καθεστώσας</em></strong></span> <span class='ocrx_word' id='word_1_460' title='bbox 926 1646 1057 1694; x_wconf 80' lang='grc' dir='ltr'><strong><em>χρόνον</em></strong></span> <span class='ocrx_word' id='word_1_461' title='bbox 1072 1650 1132 1680; x_wconf 84' lang='grc' dir='ltr'><strong>καὶ</strong></span> <span class='ocrx_word' id='word_1_462' title='bbox 1150 1644 1241 1691; x_wconf 79' lang='grc' dir='ltr'><strong><em>ἀμφὶ</em></strong></span> <span class='ocrx_word' id='word_1_463' title='bbox 1256 1649 1296 1681; x_wconf 86' lang='grc'><strong>30</strong></span> <span class='ocrx_word' id='word_1_464' title='bbox 1310 1650 1408 1682; x_wconf 87' lang='lat' dir='ltr'><strong>tutas</strong></span> <span class='ocrx_word' id='word_1_465' title='bbox 1449 1649 1604 1681; x_wconf 89' lang='lat' dir='ltr'><strong>aetatem</strong></span> <span class='ocrx_word' id='word_1_466' title='bbox 1634 1649 1670 1680; x_wconf 89' lang='lat' dir='ltr'><strong>et</strong></span> <span class='ocrx_word' id='word_1_467' title='bbox 1703 1645 1800 1680; x_wconf 88' lang='lat' dir='ltr'><strong>circa</strong></span> <span class='ocrx_word' id='word_1_468' title='bbox 1832 1645 2088 1690; x_wconf 86' lang='lat' dir='ltr'><strong>quinquaginta</strong></span> <span class='ocrx_word' id='word_1_469' title='bbox 2120 1655 2234 1681; x_wconf 89' lang='lat' dir='ltr'><strong>annos</strong></span> <span class='ocrx_word' id='word_1_470' title='bbox 2271 1655 2398 1681; x_wconf 87' lang='lat' dir='ltr'><strong>secun-</strong></span> 
     </span>
     <span class='ocr_line' id='line_1_56' title="bbox 150 1691 2399 1736; baseline -0.001 -7"><span class='ocrx_word' id='word_1_471' title='bbox 150 1694 232 1729; x_wconf 80' lang='grc' dir='ltr'><strong>τούς</strong></span> <span class='ocrx_word' id='word_1_472' title='bbox 267 1692 494 1736; x_wconf 79' lang='grc' dir='ltr'><strong><em>πεντήκοντα</em></strong></span> <span class='ocrx_word' id='word_1_473' title='bbox 526 1692 708 1727; x_wconf 75' lang='grc' dir='ltr'><strong><em>ἐνιαυτοὺς</em></strong></span> <span class='ocrx_word' id='word_1_474' title='bbox 738 1692 829 1727; x_wconf 81' lang='grc' dir='ltr'><strong><em>κατὰ</em></strong></span> <span class='ocrx_word' id='word_1_475' title='bbox 864 1692 945 1727; x_wconf 78' lang='grc' dir='ltr'><strong><em>τοὺς</em></strong></span> <span class='ocrx_word' id='word_1_476' title='bbox 979 1693 1101 1727; x_wconf 70' lang='grc' dir='ltr'><strong><em>θείους</em></strong></span> <span class='ocrx_word' id='word_1_477' title='bbox 1138 1691 1242 1726; x_wconf 78' lang='grc' dir='ltr'><strong><em>κανό-</em></strong></span> <span class='ocrx_word' id='word_1_478' title='bbox 1311 1692 1396 1727; x_wconf 91' lang='lat' dir='ltr'><strong>dum</strong></span> <span class='ocrx_word' id='word_1_479' title='bbox 1420 1692 1557 1727; x_wconf 89' lang='lat' dir='ltr'><strong>divinas</strong></span> <span class='ocrx_word' id='word_1_480' title='bbox 1582 1691 1724 1736; x_wconf 86' lang='lat' dir='ltr'><strong>regulas</strong></span> <span class='ocrx_word' id='word_1_481' title='bbox 1749 1696 1915 1736; x_wconf 84' lang='lat' dir='ltr'><strong>agentes,</strong></span> <span class='ocrx_word' id='word_1_482' title='bbox 1949 1691 2072 1735; x_wconf 87' lang='lat' dir='ltr'><strong>sicque</strong></span> <span class='ocrx_word' id='word_1_483' title='bbox 2096 1701 2235 1727; x_wconf 89' lang='lat' dir='ltr'><strong>sacram</strong></span> <span class='ocrx_word' id='word_1_484' title='bbox 2257 1701 2399 1736; x_wconf 87' lang='lat' dir='ltr'><strong>prome-</strong></span> 
     </span>
     <span class='ocr_line' id='line_1_57' title="bbox 152 1736 2400 1786; baseline -0.002 -11"><span class='ocrx_word' id='word_1_485' title='bbox 152 1751 217 1775; x_wconf 80' lang='grc' dir='ltr'><strong>νας</strong></span> <span class='ocrx_word' id='word_1_486' title='bbox 240 1737 403 1785; x_wconf 77' lang='grc' dir='ltr'><strong><em>ἀγούσας,</em></strong></span> <span class='ocrx_word' id='word_1_487' title='bbox 428 1736 523 1773; x_wconf 68' lang='grc' dir='ltr'><strong><em>οὕτω</em></strong></span> <span class='ocrx_word' id='word_1_488' title='bbox 544 1752 584 1773; x_wconf 89' lang='grc' dir='ltr'><strong>τε</strong></span> <span class='ocrx_word' id='word_1_489' title='bbox 607 1740 668 1782; x_wconf 77' lang='grc' dir='ltr'><strong>τῆς</strong></span> <span class='ocrx_word' id='word_1_490' title='bbox 693 1738 786 1785; x_wconf 82' lang='grc' dir='ltr'><strong><em>ἱερᾶς</em></strong></span> <span class='ocrx_word' id='word_1_491' title='bbox 805 1738 994 1786; x_wconf 79' lang='grc' dir='ltr'><strong><em>τυγχάνειν</em></strong></span> <span class='ocrx_word' id='word_1_492' title='bbox 1011 1742 1240 1785; x_wconf 78' lang='grc' dir='ltr'><strong><em>χειροτονίας,</em></strong></span> <span class='ocrx_word' id='word_1_493' title='bbox 1310 1739 1381 1773; x_wconf 87' lang='lat' dir='ltr'><strong>reri</strong></span> <span class='ocrx_word' id='word_1_494' title='bbox 1415 1737 1695 1780; x_wconf 77' lang='lat' dir='ltr'><strong>ordinationem,</strong></span> <span class='ocrx_word' id='word_1_495' title='bbox 1737 1740 1774 1772; x_wconf 75' lang='lat' dir='ltr'><strong>et</strong></span> <span class='ocrx_word' id='word_1_496' title='bbox 1804 1740 1868 1772; x_wconf 73' lang='lat' dir='ltr'><strong>aut</strong></span> <span class='ocrx_word' id='word_1_497' title='bbox 1896 1737 2049 1781; x_wconf 83' lang='lat' dir='ltr'><strong>Virgines</strong></span> <span class='ocrx_word' id='word_1_498' title='bbox 2087 1737 2303 1773; x_wconf 74' lang='lat' dir='ltr'><strong>constitutas</strong></span> <span class='ocrx_word' id='word_1_499' title='bbox 2336 1740 2400 1771; x_wconf 76' lang='lat' dir='ltr'><strong>aut</strong></span> 
     </span>
     <span class='ocr_line' id='line_1_58' title="bbox 150 1782 2399 1832; baseline -0.001 -12"><span class='ocrx_word' id='word_1_500' title='bbox 150 1788 209 1820; x_wconf 83' lang='grc' dir='ltr'><strong>καὶ</strong></span> <span class='ocrx_word' id='word_1_501' title='bbox 234 1782 255 1828; x_wconf 75' lang='grc' dir='ltr'>ἢ</span> <span class='ocrx_word' id='word_1_502' title='bbox 278 1785 485 1832; x_wconf 78' lang='grc' dir='ltr'><strong><em>παρθένους</em></strong></span> <span class='ocrx_word' id='word_1_503' title='bbox 509 1783 750 1819; x_wconf 83' lang='grc' dir='ltr'><strong><em>καθεστώσας</em></strong></span> <span class='ocrx_word' id='word_1_504' title='bbox 773 1782 794 1828; x_wconf 85' lang='grc' dir='ltr'><em>ἢ</em></span> <span class='ocrx_word' id='word_1_505' title='bbox 822 1784 899 1819; x_wconf 83' lang='grc' dir='ltr'><strong><em>ἑνὸς</em></strong></span> <span class='ocrx_word' id='word_1_506' title='bbox 930 1782 1058 1832; x_wconf 79' lang='grc' dir='ltr'><strong><em>ἀνδρὸς</em></strong></span> <span class='ocrx_word' id='word_1_507' title='bbox 1087 1784 1242 1830; x_wconf 77' lang='grc' dir='ltr'><strong><em>γαμετὰς</em></strong></span> <span class='ocrx_word' id='word_1_508' title='bbox 1310 1784 1416 1819; x_wconf 85' lang='lat' dir='ltr'><strong>unius</strong></span> <span class='ocrx_word' id='word_1_509' title='bbox 1449 1784 1516 1818; x_wconf 87' lang='lat' dir='ltr'><strong>viri</strong></span> <span class='ocrx_word' id='word_1_510' title='bbox 1541 1793 1633 1828; x_wconf 82' lang='lat' dir='ltr'><strong>quae</strong></span> <span class='ocrx_word' id='word_1_511' title='bbox 1656 1782 1800 1818; x_wconf 84' lang='lat' dir='ltr'><strong>fuerant</strong></span> <span class='ocrx_word' id='word_1_512' title='bbox 1824 1793 1965 1818; x_wconf 82' lang='lat' dir='ltr'><strong>uxores.</strong></span> <span class='ocrx_word' id='word_1_513' title='bbox 2014 1783 2097 1818; x_wconf 86' lang='lat' dir='ltr'><strong>Non</strong></span> <span class='ocrx_word' id='word_1_514' title='bbox 2127 1783 2221 1818; x_wconf 83' lang='lat' dir='ltr'><strong>enim</strong></span> <span class='ocrx_word' id='word_1_515' title='bbox 2252 1782 2399 1828; x_wconf 82' lang='lat' dir='ltr'><strong>permit-</strong></span> 
     </span>
     <span class='ocr_line' id='line_1_59' title="bbox 149 1827 2399 1886; baseline -0.001 -21"><span class='ocrx_word' id='word_1_516' title='bbox 149 1833 354 1879; x_wconf 76' lang='grc' dir='ltr'><strong><em>γενομένας.</em></strong></span> <span class='ocrx_word' id='word_1_517' title='bbox 401 1827 442 1864; x_wconf 81' lang='grc' dir='ltr'><strong><em>οὐ</em></strong></span> <span class='ocrx_word' id='word_1_518' title='bbox 473 1829 540 1877; x_wconf 82' lang='grc' dir='ltr'><strong>γὰρ</strong></span> <span class='ocrx_word' id='word_1_519' title='bbox 573 1828 752 1886; x_wconf 55' lang='grc' dir='ltr'><strong><em>ἐφήσαμεν</em></strong></span> <span class='ocrx_word' id='word_1_520' title='bbox 788 1828 870 1864; x_wconf 71' lang='grc' dir='ltr'><strong><em>οὕτε</em></strong></span> <span class='ocrx_word' id='word_1_521' title='bbox 899 1827 1241 1877; x_wconf 82' lang='grc' dir='ltr'><strong><em>δευτερογαμούσαις</em></strong></span> <span class='ocrx_word' id='word_1_522' title='bbox 1309 1830 1418 1864; x_wconf 82' lang='lat' dir='ltr'><strong>timus</strong></span> <span class='ocrx_word' id='word_1_523' title='bbox 1442 1839 1559 1874; x_wconf 80' lang='lat' dir='ltr'><strong>neque</strong></span> <span class='ocrx_word' id='word_1_524' title='bbox 1584 1829 1761 1864; x_wconf 79' lang='lat' dir='ltr'><strong>secundas</strong></span> <span class='ocrx_word' id='word_1_525' title='bbox 1791 1829 2084 1864; x_wconf 71' lang='lat' dir='ltr'><strong>contrahentibus</strong></span> <span class='ocrx_word' id='word_1_526' title='bbox 2115 1828 2260 1873; x_wconf 82' lang='lat' dir='ltr'><strong>nuptias</strong></span> <span class='ocrx_word' id='word_1_527' title='bbox 2285 1838 2399 1874; x_wconf 82' lang='lat' dir='ltr'><strong>neque</strong></span> 
     </span>
     <span class='ocr_line' id='line_1_60' title="bbox 149 1872 2399 1929; baseline -0.001 -18"><span class='ocrx_word' id='word_1_528' title='bbox 149 1876 233 1912; x_wconf 78' lang='grc' dir='ltr'><strong><em>οὔτε</em></strong></span> <span class='ocrx_word' id='word_1_529' title='bbox 263 1880 347 1921; x_wconf 83' lang='grc' dir='ltr'><strong><em>βίον</em></strong></span> <span class='ocrx_word' id='word_1_530' title='bbox 372 1874 531 1918; x_wconf 79' lang='grc' dir='ltr'><strong><em>ἐχούσαις</em></strong></span> <span class='ocrx_word' id='word_1_531' title='bbox 564 1878 642 1910; x_wconf 79' lang='grc' dir='ltr'><strong><em>ου’τι</em></strong></span> <span class='ocrx_word' id='word_1_532' title='bbox 672 1878 791 1929; x_wconf 68' lang='grc' dir='ltr'><strong><em>φαμὲν</em></strong></span> <span class='ocrx_word' id='word_1_533' title='bbox 815 1879 1125 1922; x_wconf 75' lang='grc' dir='ltr'><strong><em>κατεγνωσμένου,</em></strong></span> <span class='ocrx_word' id='word_1_534' title='bbox 1156 1872 1237 1908; x_wconf 78' lang='grc' dir='ltr'><strong><em>ἀλλ’</em></strong></span> <span class='ocrx_word' id='word_1_535' title='bbox 1256 1878 1295 1910; x_wconf 84' lang='grc'><strong>35</strong></span> <span class='ocrx_word' id='word_1_536' title='bbox 1311 1875 1419 1910; x_wconf 87' lang='lat' dir='ltr'><strong>vitam</strong></span> <span class='ocrx_word' id='word_1_537' title='bbox 1451 1874 1670 1910; x_wconf 85' lang='lat' dir='ltr'><strong>habentibus</strong></span> <span class='ocrx_word' id='word_1_538' title='bbox 1700 1885 1771 1909; x_wconf 90' lang='lat' dir='ltr'><strong>non</strong></span> <span class='ocrx_word' id='word_1_539' title='bbox 1807 1874 1958 1910; x_wconf 89' lang='lat' dir='ltr'><strong>dicimus</strong></span> <span class='ocrx_word' id='word_1_540' title='bbox 1989 1874 2304 1919; x_wconf 87' lang='lat' dir='ltr'><strong>reprehensibilem</strong></span> <span class='ocrx_word' id='word_1_541' title='bbox 2335 1873 2399 1909; x_wconf 87' lang='lat' dir='ltr'><strong>sed</strong></span> 
     </span>
     <span class='ocr_line' id='line_1_61' title="bbox 151 1917 2397 1968; baseline -0.001 -11"><span class='ocrx_word' id='word_1_542' title='bbox 151 1920 234 1957; x_wconf 75' lang='grc' dir='ltr'><strong><em>οὐδὲ</em></strong></span> <span class='ocrx_word' id='word_1_543' title='bbox 263 1919 430 1957; x_wconf 77' lang='grc' dir='ltr'><strong><em>ὕποπτον</em></strong></span> <span class='ocrx_word' id='word_1_544' title='bbox 454 1917 545 1956; x_wconf 74' lang='grc' dir='ltr'><strong><em>ὅλως</em></strong></span> <span class='ocrx_word' id='word_1_545' title='bbox 563 1923 622 1956; x_wconf 77' lang='grc' dir='ltr'><strong><em>ἐπὶ</em></strong></span> <span class='ocrx_word' id='word_1_546' title='bbox 642 1935 709 1965; x_wconf 62' lang='grc' dir='ltr'><strong>την</strong></span> <span class='ocrx_word' id='word_1_547' title='bbox 731 1920 828 1968; x_wconf 75' lang='grc' dir='ltr'><strong><em>ἱερὰν</em></strong></span> <span class='ocrx_word' id='word_1_548' title='bbox 853 1924 1024 1968; x_wconf 77' lang='grc' dir='ltr'><strong><em>παριέναι</em></strong></span> <span class='ocrx_word' id='word_1_549' title='bbox 1042 1919 1241 1963; x_wconf 79' lang='grc' dir='ltr'><strong><em>διακονίαν,</em></strong></span> <span class='ocrx_word' id='word_1_550' title='bbox 1309 1931 1426 1966; x_wconf 89' lang='lat' dir='ltr'><strong>neque</strong></span> <span class='ocrx_word' id='word_1_551' title='bbox 1459 1923 1665 1966; x_wconf 87' lang='lat' dir='ltr'><strong>suspectam</strong></span> <span class='ocrx_word' id='word_1_552' title='bbox 1697 1920 1859 1964; x_wconf 90' lang='lat' dir='ltr'><strong>omnino,</strong></span> <span class='ocrx_word' id='word_1_553' title='bbox 1895 1920 1942 1955; x_wconf 89' lang='lat' dir='ltr'><strong>ad</strong></span> <span class='ocrx_word' id='word_1_554' title='bbox 1972 1930 2115 1956; x_wconf 85' lang='lat' dir='ltr'><strong>sacrum</strong></span> <span class='ocrx_word' id='word_1_555' title='bbox 2144 1921 2265 1956; x_wconf 88' lang='lat' dir='ltr'><strong>venire</strong></span> <span class='ocrx_word' id='word_1_556' title='bbox 2294 1920 2397 1955; x_wconf 90' lang='lat' dir='ltr'><strong>mini-</strong></span> 
     </span>
    </p>
   </div>
   <div class='ocr_carea' id='block_1_20' title="bbox 196 1989 2397 2036">
    <p class='ocr_par' dir='ltr' id='par_1_20' title="bbox 196 1989 2397 2036">
     <span class='ocr_line' id='line_1_62' title="bbox 196 1989 2397 2036; baseline -0.001 -11"><span class='ocrx_word' id='word_1_557' title='bbox 196 2005 267 2036; x_wconf 84' lang='lat' dir='ltr'><strong>cap.</strong></span> <span class='ocrx_word' id='word_1_558' title='bbox 289 1992 341 2024; x_wconf 91' lang='lat' dir='ltr'><strong>VI</strong></span> <span class='ocrx_word' id='word_1_559' title='bbox 357 1992 532 2024; x_wconf 82' lang='lat' dir='ltr'><strong>summaria</strong></span> <span class='ocrx_word' id='word_1_560' title='bbox 555 1993 677 2024; x_wconf 72' lang='lat' dir='ltr'><strong>habent</strong></span> <span class='ocrx_word' id='word_1_561' title='bbox 696 1992 774 2025; x_wconf 80' lang='lat' dir='ltr'><strong>Coll.</strong></span> <span class='ocrx_word' id='word_1_562' title='bbox 790 1991 1022 2024; x_wconf 90' lang='lat' dir='ltr'><em>LXXXVII</em></span> <span class='ocrx_word' id='word_1_563' title='bbox 1039 1991 1136 2033; x_wconf 81' lang='lat' dir='ltr'><strong>capit.</strong></span> <span class='ocrx_word' id='word_1_564' title='bbox 1152 1992 1170 2023; x_wconf 85' lang='lat'>5</span> <span class='ocrx_word' id='word_1_565' title='bbox 1193 1991 1281 2031; x_wconf 82' lang='lat' dir='ltr'><strong>(inde</strong></span> <span class='ocrx_word' id='word_1_566' title='bbox 1295 1991 1428 2025; x_wconf 86' lang='lat' dir='ltr'><strong>Nomoc.</strong></span> <span class='ocrx_word' id='word_1_567' title='bbox 1445 1991 1475 2023; x_wconf 86' lang='lat' dir='ltr'><em>L</em></span> <span class='ocrx_word' id='word_1_568' title='bbox 1494 1992 1539 2024; x_wconf 85' lang='lat' dir='ltr'><strong>til.</strong></span> <span class='ocrx_word' id='word_1_569' title='bbox 1556 1990 1612 2032; x_wconf 79' lang='lat'><strong>24)</strong></span> <span class='ocrx_word' id='word_1_570' title='bbox 1635 1998 1665 2023; x_wconf 82' lang='lat' dir='ltr'><strong>el</strong></span> <span class='ocrx_word' id='word_1_571' title='bbox 1686 1989 1819 2023; x_wconf 80' lang='lat' dir='ltr'><strong>Nomoc.</strong></span> <span class='ocrx_word' id='word_1_572' title='bbox 1834 1990 1933 2022; x_wconf 88' lang='lat' dir='ltr'><strong>XIV</strong></span> <span class='ocrx_word' id='word_1_573' title='bbox 1952 1991 1997 2023; x_wconf 85' lang='lat' dir='ltr'><strong>til.</strong></span> <span class='ocrx_word' id='word_1_574' title='bbox 2014 1992 2044 2032; x_wconf 91' lang='lat'><strong>1,</strong></span> <span class='ocrx_word' id='word_1_575' title='bbox 2066 1997 2114 2024; x_wconf 82' lang='lat'><strong>28.</strong></span> <span class='ocrx_word' id='word_1_576' title='bbox 2136 1991 2223 2032; x_wconf 79' lang='lat'><strong>8,14.</strong></span> <span class='ocrx_word' id='word_1_577' title='bbox 2245 1991 2276 2030; x_wconf 79' lang='lat'><strong>9,</strong></span> <span class='ocrx_word' id='word_1_578' title='bbox 2290 1997 2336 2024; x_wconf 86' lang='lat'><strong>29.</strong></span> <span class='ocrx_word' id='word_1_579' title='bbox 2351 1997 2397 2025; x_wconf 81' lang='lat'><strong>30.</strong></span> 
     </span>
    </p>
   </div>
   <div class='ocr_carea' id='block_1_21' title="bbox 1316 2055 2066 2058">
    <p class='ocr_par' dir='ltr' id='par_1_21' title="bbox 1316 2055 2066 2058">
     <span class='ocr_line' id='line_1_63' title="bbox 1316 2055 2066 2058; baseline 0 0"><span class='ocrx_word' id='word_1_580' title='bbox 1316 2055 2066 2058; x_wconf 95' lang='lat' dir='ltr'><strong> </strong></span> 
     </span>
    </p>
   </div>
   <div class='ocr_carea' id='block_1_22' title="bbox 150 2080 2398 2678">
    <p class='ocr_par' dir='ltr' id='par_1_22' title="bbox 150 2080 2398 2534">
     <span class='ocr_line' id='line_1_64' title="bbox 152 2080 2397 2129; baseline -0.001 -10"><span class='ocrx_word' id='word_1_581' title='bbox 152 2088 274 2119; x_wconf 89' lang='lat' dir='ltr'><strong>castae</strong></span> <span class='ocrx_word' id='word_1_582' title='bbox 295 2087 332 2118; x_wconf 90' lang='lat' dir='ltr'><strong>et</strong></span> <span class='ocrx_word' id='word_1_583' title='bbox 360 2094 409 2118; x_wconf 78' lang='lat' dir='ltr'><strong>ex</strong></span> <span class='ocrx_word' id='word_1_584' title='bbox 438 2082 647 2129; x_wconf 79' lang='lat' dir='ltr'><strong>virqinitate</strong></span> <span class='ocrx_word' id='word_1_585' title='bbox 678 2085 826 2128; x_wconf 81' lang='lat' dir='ltr'><strong>nuptae.</strong></span> <span class='ocrx_word' id='word_1_586' title='bbox 875 2081 978 2116; x_wconf 76' lang='lat' dir='ltr'><strong>Nihil</strong></span> <span class='ocrx_word' id='word_1_587' title='bbox 1001 2081 1094 2116; x_wconf 83' lang='lat' dir='ltr'><strong>enim</strong></span> <span class='ocrx_word' id='word_1_588' title='bbox 1118 2092 1232 2127; x_wconf 86' lang='lat' dir='ltr'><strong>aeque</strong></span> <span class='ocrx_word' id='word_1_589' title='bbox 1255 2082 1294 2116; x_wconf 82' lang='lat' dir='ltr'><strong>in</strong></span> <span class='ocrx_word' id='word_1_590' title='bbox 1317 2081 1434 2116; x_wconf 85' lang='lat' dir='ltr'><strong>sacris</strong></span> <span class='ocrx_word' id='word_1_591' title='bbox 1459 2080 1752 2116; x_wconf 78' lang='lat' dir='ltr'><strong>ordinationibus</strong></span> <span class='ocrx_word' id='word_1_592' title='bbox 1765 2080 2001 2128; x_wconf 86' lang='lat' dir='ltr'><strong>probandum</strong></span> <span class='ocrx_word' id='word_1_593' title='bbox 2022 2086 2077 2115; x_wconf 86' lang='lat' dir='ltr'><strong>est</strong></span> <span class='ocrx_word' id='word_1_594' title='bbox 2100 2086 2139 2116; x_wconf 88' lang='lat' dir='ltr'><strong>at</strong></span> <span class='ocrx_word' id='word_1_595' title='bbox 2168 2093 2211 2116; x_wconf 92' lang='lat' dir='ltr'><strong>ue</strong></span> <span class='ocrx_word' id='word_1_596' title='bbox 2235 2082 2397 2124; x_wconf 85' lang='lat' dir='ltr'><strong>castitas,</strong></span> 
     </span>
     <span class='ocr_line' id='line_1_65' title="bbox 151 2126 2398 2175; baseline -0.001 -11"><span class='ocrx_word' id='word_1_597' title='bbox 151 2141 245 2175; x_wconf 88' lang='lat' dir='ltr'><strong>quae</strong></span> <span class='ocrx_word' id='word_1_598' title='bbox 275 2127 470 2164; x_wconf 83' lang='lat' dir='ltr'><strong>secundum</strong></span> <span class='ocrx_word' id='word_1_599' title='bbox 500 2138 628 2163; x_wconf 87' lang='lat' dir='ltr'><strong>sacros</strong></span> <span class='ocrx_word' id='word_1_600' title='bbox 661 2138 818 2162; x_wconf 86' lang='lat' dir='ltr'><strong>canones</strong></span> <span class='ocrx_word' id='word_1_601' title='bbox 849 2127 917 2162; x_wconf 84' lang='lat' dir='ltr'><strong>reli</strong></span> <span class='ocrx_word' id='word_1_602' title='bbox 944 2138 1073 2162; x_wconf 87' lang='lat' dir='ltr'><strong>uarum</strong></span> <span class='ocrx_word' id='word_1_603' title='bbox 1105 2127 1213 2162; x_wconf 87' lang='lat' dir='ltr'><strong>etiam</strong></span> <span class='ocrx_word' id='word_1_604' title='bbox 1243 2127 1414 2162; x_wconf 82' lang='lat' dir='ltr'><strong>virtutum</strong></span> <span class='ocrx_word' id='word_1_605' title='bbox 1440 2126 1603 2173; x_wconf 86' lang='lat' dir='ltr'><strong>primum</strong></span> <span class='ocrx_word' id='word_1_606' title='bbox 1628 2126 1855 2173; x_wconf 88' lang='lat' dir='ltr'><strong>principium</strong></span> <span class='ocrx_word' id='word_1_607' title='bbox 1887 2129 1925 2161; x_wconf 86' lang='lat' dir='ltr'><strong>et</strong></span> <span class='ocrx_word' id='word_1_608' title='bbox 1954 2129 2090 2161; x_wconf 86' lang='lat' dir='ltr'><strong>certum</strong></span> <span class='ocrx_word' id='word_1_609' title='bbox 2142 2126 2398 2163; x_wconf 80' lang='lat' dir='ltr'><strong>undamentum</strong></span> 
     </span>
     <span class='ocr_line' id='line_1_66' title="bbox 150 2170 2398 2220; baseline -0.001 -10"><span class='ocrx_word' id='word_1_610' title='bbox 150 2179 212 2210; x_wconf 90' lang='lat' dir='ltr'><strong>est.</strong></span> <span class='ocrx_word' id='word_1_611' title='bbox 271 2173 409 2217; x_wconf 79' lang='lat' dir='ltr'><strong>Quodsi</strong></span> <span class='ocrx_word' id='word_1_612' title='bbox 444 2174 552 2209; x_wconf 86' lang='lat' dir='ltr'><strong>etiam</strong></span> <span class='ocrx_word' id='word_1_613' title='bbox 582 2172 780 2220; x_wconf 76' lang='lat' dir='ltr'><strong>presbyter</strong></span> <span class='ocrx_word' id='word_1_614' title='bbox 818 2172 874 2208; x_wconf 79' lang='lat' dir='ltr'><strong>vel</strong></span> <span class='ocrx_word' id='word_1_615' title='bbox 936 2173 1089 2208; x_wconf 86' lang='lat' dir='ltr'><strong>iaconus</strong></span> <span class='ocrx_word' id='word_1_616' title='bbox 1120 2172 1176 2208; x_wconf 82' lang='lat' dir='ltr'><strong>vel</strong></span> <span class='ocrx_word' id='word_1_617' title='bbox 1210 2172 1455 2207; x_wconf 78' lang='lat' dir='ltr'><strong>subdiaconus</strong></span> <span class='ocrx_word' id='word_1_618' title='bbox 1492 2183 1648 2207; x_wconf 79' lang='lat' dir='ltr'><strong>uxorem</strong></span> <span class='ocrx_word' id='word_1_619' title='bbox 1679 2176 1745 2207; x_wconf 87' lang='lat' dir='ltr'><strong>aut</strong></span> <span class='ocrx_word' id='word_1_620' title='bbox 1784 2170 2021 2206; x_wconf 84' lang='lat' dir='ltr'><strong>concubinam</strong></span> <span class='ocrx_word' id='word_1_621' title='bbox 2058 2171 2133 2207; x_wconf 85' lang='lat' dir='ltr'><strong>sive</strong></span> <span class='ocrx_word' id='word_1_622' title='bbox 2165 2172 2295 2219; x_wconf 88' lang='lat' dir='ltr'><strong>palam</strong></span> <span class='ocrx_word' id='word_1_623' title='bbox 2323 2172 2398 2208; x_wconf 86' lang='lat' dir='ltr'><strong>sive</strong></span> 
     </span>
     <span class='ocr_line' id='line_1_67' title="bbox 150 2216 2398 2264; baseline -0.001 -9"><span class='ocrx_word' id='word_1_624' title='bbox 150 2219 317 2256; x_wconf 76' lang='lat' dir='ltr'><strong>simulate</strong></span> <span class='ocrx_word' id='word_1_625' title='bbox 344 2219 510 2261; x_wconf 68' lang='lat' dir='ltr'><strong>dumerit,</strong></span> <span class='ocrx_word' id='word_1_626' title='bbox 547 2229 655 2254; x_wconf 89' lang='lat' dir='ltr'><strong>sacro</strong></span> <span class='ocrx_word' id='word_1_627' title='bbox 690 2218 818 2254; x_wconf 84' lang='lat' dir='ltr'><strong>ordine</strong></span> <span class='ocrx_word' id='word_1_628' title='bbox 848 2219 971 2254; x_wconf 88' lang='lat' dir='ltr'><strong>statim</strong></span> <span class='ocrx_word' id='word_1_629' title='bbox 1003 2217 1154 2254; x_wconf 78' lang='lat' dir='ltr'><strong>excidat</strong></span> <span class='ocrx_word' id='word_1_630' title='bbox 1181 2222 1216 2253; x_wconf 91' lang='lat' dir='ltr'><strong>et</strong></span> <span class='ocrx_word' id='word_1_631' title='bbox 1247 2217 1415 2264; x_wconf 80' lang='lat' dir='ltr'><strong>deinceps</strong></span> <span class='ocrx_word' id='word_1_632' title='bbox 1456 2218 1614 2253; x_wconf 67' lang='lat' dir='ltr'><strong>&gt;rivatus</strong></span> <span class='ocrx_word' id='word_1_633' title='bbox 1644 2218 1700 2253; x_wconf 88' lang='lat' dir='ltr'><strong>sit.</strong></span> <span class='ocrx_word' id='word_1_634' title='bbox 1748 2216 1888 2260; x_wconf 75' lang='lat' dir='ltr'><strong>Quodsi</strong></span> <span class='ocrx_word' id='word_1_635' title='bbox 1918 2217 2026 2252; x_wconf 87' lang='lat' dir='ltr'><strong>etiam</strong></span> <span class='ocrx_word' id='word_1_636' title='bbox 2058 2217 2173 2252; x_wconf 87' lang='lat' dir='ltr'><strong>lector</strong></span> <span class='ocrx_word' id='word_1_637' title='bbox 2203 2216 2398 2253; x_wconf 88' lang='lat' dir='ltr'><strong>secundam</strong></span> 
     </span>
     <span class='ocr_line' id='line_1_68' title="bbox 150 2229 2398 2311; baseline -0.001 -10"><span class='ocrx_word' id='word_1_638' title='bbox 150 2276 306 2301; x_wconf 78' lang='lat' dir='ltr'><strong>uxorem</strong></span> <span class='ocrx_word' id='word_1_639' title='bbox 327 2270 483 2311; x_wconf 82' lang='lat' dir='ltr'><strong>propter</strong></span> <span class='ocrx_word' id='word_1_640' title='bbox 500 2263 685 2310; x_wconf 88' lang='lat' dir='ltr'><strong>quandam</strong></span> <span class='ocrx_word' id='word_1_641' title='bbox 703 2263 951 2299; x_wconf 85' lang='lat' dir='ltr'><strong>necessitatem</strong></span> <span class='ocrx_word' id='word_1_642' title='bbox 967 2274 1117 2309; x_wconf 85' lang='lat' dir='ltr'><strong>eamque</strong></span> <span class='ocrx_word' id='word_1_643' title='bbox 1134 2262 1253 2308; x_wconf 85' lang='lat' dir='ltr'><strong>ferme</strong></span> <span class='ocrx_word' id='word_1_644' title='bbox 1268 2229 1509 2299; x_wconf 46' lang='lat' dir='ltr'><strong>inevitabilem</strong></span> <span class='ocrx_word' id='word_1_645' title='bbox 1527 2262 1688 2305; x_wconf 76' lang='lat' dir='ltr'><strong>duxerit,</strong></span> <span class='ocrx_word' id='word_1_646' title='bbox 1709 2273 1753 2297; x_wconf 88' lang='lat' dir='ltr'><strong>ne</strong></span> <span class='ocrx_word' id='word_1_647' title='bbox 1770 2273 1892 2309; x_wconf 89' lang='lat' dir='ltr'><strong>porro</strong></span> <span class='ocrx_word' id='word_1_648' title='bbox 1912 2261 2141 2309; x_wconf 79' lang='lat' dir='ltr'><strong>provebatur</strong></span> <span class='ocrx_word' id='word_1_649' title='bbox 2156 2274 2243 2299; x_wconf 86' lang='lat' dir='ltr'><strong>neve</strong></span> <span class='ocrx_word' id='word_1_650' title='bbox 2259 2264 2398 2300; x_wconf 88' lang='lat' dir='ltr'><strong>maiore</strong></span> 
     </span>
     <span class='ocr_line' id='line_1_69' title="bbox 150 2307 2398 2357; baseline -0.001 -12"><span class='ocrx_word' id='word_1_651' title='bbox 150 2310 271 2357; x_wconf 79' lang='lat' dir='ltr'><strong>qradu</strong></span> <span class='ocrx_word' id='word_1_652' title='bbox 291 2310 329 2345; x_wconf 87' lang='lat' dir='ltr'><strong>in</strong></span> <span class='ocrx_word' id='word_1_653' title='bbox 349 2309 556 2344; x_wconf 85' lang='lat' dir='ltr'><strong>sacerdotio</strong></span> <span class='ocrx_word' id='word_1_654' title='bbox 574 2310 759 2354; x_wconf 87' lang='lat' dir='ltr'><strong>potiatur,</strong></span> <span class='ocrx_word' id='word_1_655' title='bbox 783 2308 848 2343; x_wconf 89' lang='lat' dir='ltr'><strong>sed</strong></span> <span class='ocrx_word' id='word_1_656' title='bbox 864 2312 1048 2354; x_wconf 86' lang='lat' dir='ltr'><strong>perpetuo</strong></span> <span class='ocrx_word' id='word_1_657' title='bbox 1068 2309 1107 2342; x_wconf 89' lang='lat' dir='ltr'><strong>in</strong></span> <span class='ocrx_word' id='word_1_658' title='bbox 1127 2307 1252 2343; x_wconf 86' lang='lat' dir='ltr'><strong>eodem</strong></span> <span class='ocrx_word' id='word_1_659' title='bbox 1275 2307 1396 2353; x_wconf 81' lang='lat' dir='ltr'><strong>qradu</strong></span> <span class='ocrx_word' id='word_1_660' title='bbox 1416 2311 1572 2343; x_wconf 69' lang='lat' dir='ltr'><strong>maneat:</strong></span> <span class='ocrx_word' id='word_1_661' title='bbox 1614 2307 1669 2342; x_wconf 83' lang='lat' dir='ltr'><strong>Ne</strong></span> <span class='ocrx_word' id='word_1_662' title='bbox 1690 2311 1808 2343; x_wconf 83' lang='lat' dir='ltr'><strong>tamen</strong></span> <span class='ocrx_word' id='word_1_663' title='bbox 1832 2307 1940 2343; x_wconf 86' lang='lat' dir='ltr'><strong>etiam</strong></span> <span class='ocrx_word' id='word_1_664' title='bbox 1964 2307 2091 2342; x_wconf 86' lang='lat' dir='ltr'><strong>tertias</strong></span> <span class='ocrx_word' id='word_1_665' title='bbox 2111 2309 2260 2355; x_wconf 78' lang='lat' dir='ltr'><strong>nuptias</strong></span> <span class='ocrx_word' id='word_1_666' title='bbox 2279 2309 2398 2345; x_wconf 84' lang='lat' dir='ltr'><strong>ineat.-</strong></span> 
     </span>
     <span class='ocr_line' id='line_1_70' title="bbox 150 2352 2397 2401; baseline -0.001 -10"><span class='ocrx_word' id='word_1_667' title='bbox 150 2367 194 2391; x_wconf 88' lang='lat' dir='ltr'><strong>su</strong></span> <span class='ocrx_word' id='word_1_668' title='bbox 214 2356 344 2401; x_wconf 81' lang='lat' dir='ltr'><strong>ficiunt</strong></span> <span class='ocrx_word' id='word_1_669' title='bbox 358 2355 451 2390; x_wconf 88' lang='lat' dir='ltr'><strong>enim</strong></span> <span class='ocrx_word' id='word_1_670' title='bbox 471 2354 545 2389; x_wconf 89' lang='lat' dir='ltr'><strong>iam</strong></span> <span class='ocrx_word' id='word_1_671' title='bbox 569 2353 756 2388; x_wconf 87' lang='lat' dir='ltr'><strong>secundae.</strong></span> <span class='ocrx_word' id='word_1_672' title='bbox 795 2352 836 2387; x_wconf 85' lang='lat' dir='ltr'><strong>Si</strong></span> <span class='ocrx_word' id='word_1_673' title='bbox 861 2364 946 2388; x_wconf 83' lang='lat' dir='ltr'><strong>vero</strong></span> <span class='ocrx_word' id='word_1_674' title='bbox 973 2352 1045 2388; x_wconf 88' lang='lat' dir='ltr'><strong>tale</strong></span> <span class='ocrx_word' id='word_1_675' title='bbox 1066 2352 1155 2398; x_wconf 85' lang='lat' dir='ltr'><strong>quid</strong></span> <span class='ocrx_word' id='word_1_676' title='bbox 1175 2353 1320 2397; x_wconf 81' lang='lat' dir='ltr'><strong>fecerit,</strong></span> <span class='ocrx_word' id='word_1_677' title='bbox 1346 2357 1382 2388; x_wconf 88' lang='lat' dir='ltr'><strong>et</strong></span> <span class='ocrx_word' id='word_1_678' title='bbox 1404 2352 1572 2387; x_wconf 85' lang='lat' dir='ltr'><strong>secundis</strong></span> <span class='ocrx_word' id='word_1_679' title='bbox 1594 2353 1733 2399; x_wconf 87' lang='lat' dir='ltr'><strong>nuptiis</strong></span> <span class='ocrx_word' id='word_1_680' title='bbox 1756 2352 1956 2388; x_wconf 84' lang='lat' dir='ltr'><strong>contractis</strong></span> <span class='ocrx_word' id='word_1_681' title='bbox 1980 2352 2030 2387; x_wconf 89' lang='lat' dir='ltr'><strong>ad</strong></span> <span class='ocrx_word' id='word_1_682' title='bbox 2051 2353 2224 2389; x_wconf 88' lang='lat' dir='ltr'><strong>maiorem</strong></span> <span class='ocrx_word' id='word_1_683' title='bbox 2239 2354 2397 2401; x_wconf 77' lang='lat' dir='ltr'><strong>qradum</strong></span> 
     </span>
     <span class='ocr_line' id='line_1_71' title="bbox 152 2397 2397 2446; baseline 0 -11"><span class='ocrx_word' id='word_1_684' title='bbox 152 2412 175 2436; x_wconf 92' lang='lat' dir='ltr'><strong>a</strong></span> <span class='ocrx_word' id='word_1_685' title='bbox 201 2400 334 2446; x_wconf 82' lang='lat' dir='ltr'><strong>spiret,</strong></span> <span class='ocrx_word' id='word_1_686' title='bbox 369 2399 453 2434; x_wconf 83' lang='lat' dir='ltr'><strong>ilico</strong></span> <span class='ocrx_word' id='word_1_687' title='bbox 478 2399 650 2444; x_wconf 87' lang='lat' dir='ltr'><strong>privatus</strong></span> <span class='ocrx_word' id='word_1_688' title='bbox 674 2398 743 2433; x_wconf 82' lang='lat' dir='ltr'><strong>erit</strong></span> <span class='ocrx_word' id='word_1_689' title='bbox 766 2402 802 2433; x_wconf 90' lang='lat' dir='ltr'><strong>et</strong></span> <span class='ocrx_word' id='word_1_690' title='bbox 833 2397 966 2440; x_wconf 87' lang='lat' dir='ltr'><strong>laicus,</strong></span> <span class='ocrx_word' id='word_1_691' title='bbox 1002 2397 1098 2431; x_wconf 87' lang='lat' dir='ltr'><strong>omni</strong></span> <span class='ocrx_word' id='word_1_692' title='bbox 1128 2408 1235 2432; x_wconf 89' lang='lat' dir='ltr'><strong>sacro</strong></span> <span class='ocrx_word' id='word_1_693' title='bbox 1260 2397 1459 2432; x_wconf 87' lang='lat' dir='ltr'><strong>ministerio</strong></span> <span class='ocrx_word' id='word_1_694' title='bbox 1485 2401 1628 2433; x_wconf 71' lang='lat' dir='ltr'><strong>exutus.</strong></span> <span class='ocrx_word' id='word_1_695' title='bbox 1680 2397 1788 2432; x_wconf 87' lang='lat' dir='ltr'><strong>Casta</strong></span> <span class='ocrx_word' id='word_1_696' title='bbox 1812 2398 1905 2432; x_wconf 91' lang='lat' dir='ltr'><strong>enim</strong></span> <span class='ocrx_word' id='word_1_697' title='bbox 1937 2398 2012 2433; x_wconf 85' lang='lat' dir='ltr'><strong>vita</strong></span> <span class='ocrx_word' id='word_1_698' title='bbox 2036 2397 2140 2433; x_wconf 90' lang='lat' dir='ltr'><strong>nobis</strong></span> <span class='ocrx_word' id='word_1_699' title='bbox 2164 2403 2250 2435; x_wconf 90' lang='lat' dir='ltr'><strong>ante</strong></span> <span class='ocrx_word' id='word_1_700' title='bbox 2274 2400 2397 2435; x_wconf 85' lang='lat' dir='ltr'><strong>omnia</strong></span> 
     </span>
     <span class='ocr_line' id='line_1_72' title="bbox 154 2441 2396 2490; baseline 0 -10"><span class='ocrx_word' id='word_1_701' title='bbox 154 2456 263 2481; x_wconf 84' lang='lat' dir='ltr'><strong>curae</strong></span> <span class='ocrx_word' id='word_1_702' title='bbox 287 2448 349 2479; x_wconf 89' lang='lat' dir='ltr'><strong>est.</strong></span> <span class='ocrx_word' id='word_1_703' title='bbox 398 2444 563 2490; x_wconf 82' lang='lat' dir='ltr'><strong>Namque</strong></span> <span class='ocrx_word' id='word_1_704' title='bbox 586 2444 619 2478; x_wconf 90' lang='lat' dir='ltr'><strong>si</strong></span> <span class='ocrx_word' id='word_1_705' title='bbox 641 2443 730 2478; x_wconf 84' lang='lat' dir='ltr'><strong>tales</strong></span> <span class='ocrx_word' id='word_1_706' title='bbox 753 2443 792 2476; x_wconf 86' lang='lat' dir='ltr'><strong>in</strong></span> <span class='ocrx_word' id='word_1_707' title='bbox 816 2442 950 2478; x_wconf 86' lang='lat' dir='ltr'><strong>clerum</strong></span> <span class='ocrx_word' id='word_1_708' title='bbox 970 2441 1119 2477; x_wconf 86' lang='lat' dir='ltr'><strong>adducti</strong></span> <span class='ocrx_word' id='word_1_709' title='bbox 1144 2442 1370 2484; x_wconf 82' lang='lat' dir='ltr'><strong>ordinentur,</strong></span> <span class='ocrx_word' id='word_1_710' title='bbox 1403 2441 1612 2477; x_wconf 89' lang='lat' dir='ltr'><strong>commodus</strong></span> <span class='ocrx_word' id='word_1_711' title='bbox 1635 2442 1726 2489; x_wconf 89' lang='lat' dir='ltr'><strong>ipsis</strong></span> <span class='ocrx_word' id='word_1_712' title='bbox 1749 2442 1800 2477; x_wconf 88' lang='lat' dir='ltr'><strong>ad</strong></span> <span class='ocrx_word' id='word_1_713' title='bbox 1821 2442 2071 2489; x_wconf 84' lang='lat' dir='ltr'><strong>episcopatum</strong></span> <span class='ocrx_word' id='word_1_714' title='bbox 2096 2443 2294 2480; x_wconf 87' lang='lat' dir='ltr'><strong>adscensus·</strong></span> <span class='ocrx_word' id='word_1_715' title='bbox 2315 2445 2396 2488; x_wconf 82' lang='lat' dir='ltr'><strong>erit,</strong></span> 
     </span>
     <span class='ocr_line' id='line_1_73' title="bbox 153 2487 1962 2534; baseline -0.002 -9"><span class='ocrx_word' id='word_1_716' title='bbox 153 2501 232 2526; x_wconf 85' lang='lat' dir='ltr'><strong>cum</strong></span> <span class='ocrx_word' id='word_1_717' title='bbox 258 2491 354 2525; x_wconf 84' lang='lat' dir='ltr'><strong>inter</strong></span> <span class='ocrx_word' id='word_1_718' title='bbox 376 2489 510 2524; x_wconf 85' lang='lat' dir='ltr'><strong>multos</strong></span> <span class='ocrx_word' id='word_1_719' title='bbox 533 2488 647 2524; x_wconf 88' lang='lat' dir='ltr'><strong>bonos</strong></span> <span class='ocrx_word' id='word_1_720' title='bbox 667 2488 782 2534; x_wconf 84' lang='lat' dir='ltr'><strong>facile</strong></span> <span class='ocrx_word' id='word_1_721' title='bbox 805 2488 1037 2523; x_wconf 86' lang='lat' dir='ltr'><strong>inveniantur</strong></span> <span class='ocrx_word' id='word_1_722' title='bbox 1061 2487 1130 2523; x_wconf 81' lang='lat' dir='ltr'><strong>viri</strong></span> <span class='ocrx_word' id='word_1_723' title='bbox 1154 2488 1217 2534; x_wconf 90' lang='lat' dir='ltr'><strong>qui</strong></span> <span class='ocrx_word' id='word_1_724' title='bbox 1240 2487 1290 2522; x_wconf 89' lang='lat' dir='ltr'><strong>ad</strong></span> <span class='ocrx_word' id='word_1_725' title='bbox 1311 2487 1553 2523; x_wconf 80' lang='lat' dir='ltr'><strong>sacerdotium</strong></span> <span class='ocrx_word' id='word_1_726' title='bbox 1570 2488 1827 2534; x_wconf 72' lang='lat' dir='ltr'><strong>provehantur</strong></span> <span class='ocrx_word' id='word_1_727' title='bbox 1850 2487 1962 2534; x_wconf 79' lang='lat' dir='ltr'><strong>diqni.</strong></span> 
     </span>
    </p>

    <p class='ocr_par' dir='ltr' id='par_1_23' title="bbox 151 2532 2397 2678">
     <span class='ocr_line' id='line_1_74' title="bbox 287 2532 2395 2580; baseline 0 -11"><span class='ocrx_word' id='word_1_728' title='bbox 287 2535 348 2569; x_wconf 90' lang='lat' dir='ltr'><strong>VI.</strong></span> <span class='ocrx_word' id='word_1_729' title='bbox 392 2533 646 2580; x_wconf 77' lang='lat' dir='ltr'><strong>Quaecumque</strong></span> <span class='ocrx_word' id='word_1_730' title='bbox 669 2545 754 2570; x_wconf 84' lang='lat' dir='ltr'><strong>vero</strong></span> <span class='ocrx_word' id='word_1_731' title='bbox 780 2532 824 2568; x_wconf 90' lang='lat' dir='ltr'><strong>de</strong></span> <span class='ocrx_word' id='word_1_732' title='bbox 847 2533 1130 2579; x_wconf 76' lang='lat' dir='ltr'><strong>reliqiosissimis</strong></span> <span class='ocrx_word' id='word_1_733' title='bbox 1154 2533 1296 2568; x_wconf 83' lang='lat' dir='ltr'><strong>clericis</strong></span> <span class='ocrx_word' id='word_1_734' title='bbox 1313 2544 1336 2567; x_wconf 92' lang='lat' dir='ltr'><strong>a</strong></span> <span class='ocrx_word' id='word_1_735' title='bbox 1355 2532 1459 2568; x_wconf 89' lang='lat' dir='ltr'><strong>nobis</strong></span> <span class='ocrx_word' id='word_1_736' title='bbox 1483 2532 1581 2568; x_wconf 81' lang='lat' dir='ltr'><strong>dicta</strong></span> <span class='ocrx_word' id='word_1_737' title='bbox 1604 2537 1699 2575; x_wconf 80' lang='lat' dir='ltr'><strong>sunt,</strong></span> <span class='ocrx_word' id='word_1_738' title='bbox 1725 2544 1768 2568; x_wconf 90' lang='lat' dir='ltr'><strong>ea</strong></span> <span class='ocrx_word' id='word_1_739' title='bbox 1792 2533 1900 2568; x_wconf 88' lang='lat' dir='ltr'><strong>etiam</strong></span> <span class='ocrx_word' id='word_1_740' title='bbox 1923 2533 1961 2568; x_wconf 88' lang='lat' dir='ltr'><strong>in</strong></span> <span class='ocrx_word' id='word_1_741' title='bbox 1986 2532 2053 2568; x_wconf 88' lang='lat' dir='ltr'><strong>deo</strong></span> <span class='ocrx_word' id='word_1_742' title='bbox 2072 2533 2292 2580; x_wconf 73' lang='lat' dir='ltr'><strong>qratissimis</strong></span> <span class='ocrx_word' id='word_1_743' title='bbox 2316 2534 2395 2571; x_wconf 90' lang='lat' dir='ltr'><strong>dia-</strong></span> 
     </span>
     <span class='ocr_line' id='line_1_75' title="bbox 153 2578 2396 2625; baseline 0 -9"><span class='ocrx_word' id='word_1_744' title='bbox 153 2581 306 2616; x_wconf 87' lang='lat' dir='ltr'><strong>conissis</strong></span> <span class='ocrx_word' id='word_1_745' title='bbox 325 2581 411 2625; x_wconf 85' lang='lat' dir='ltr'><strong>fieri</strong></span> <span class='ocrx_word' id='word_1_746' title='bbox 435 2579 617 2615; x_wconf 80' lang='lat' dir='ltr'><strong>volumus:</strong></span> <span class='ocrx_word' id='word_1_747' title='bbox 641 2584 683 2614; x_wconf 87' lang='lat' dir='ltr'><strong>ut</strong></span> <span class='ocrx_word' id='word_1_748' title='bbox 700 2590 745 2614; x_wconf 90' lang='lat' dir='ltr'><strong>ne</strong></span> <span class='ocrx_word' id='word_1_749' title='bbox 763 2579 865 2625; x_wconf 81' lang='lat' dir='ltr'><strong>ipsae</strong></span> <span class='ocrx_word' id='word_1_750' title='bbox 885 2578 1028 2624; x_wconf 85' lang='lat' dir='ltr'><strong>quidem</strong></span> <span class='ocrx_word' id='word_1_751' title='bbox 1051 2579 1129 2614; x_wconf 86' lang='lat' dir='ltr'><strong>sine</strong></span> <span class='ocrx_word' id='word_1_752' title='bbox 1145 2578 1278 2614; x_wconf 86' lang='lat' dir='ltr'><strong>idonea</strong></span> <span class='ocrx_word' id='word_1_753' title='bbox 1303 2578 1553 2615; x_wconf 86' lang='lat' dir='ltr'><strong>observatione</strong></span> <span class='ocrx_word' id='word_1_754' title='bbox 1571 2578 1823 2621; x_wconf 84' lang='lat' dir='ltr'><strong>instituantur,</strong></span> <span class='ocrx_word' id='word_1_755' title='bbox 1846 2578 1912 2614; x_wconf 88' lang='lat' dir='ltr'><strong>sed</strong></span> <span class='ocrx_word' id='word_1_756' title='bbox 1928 2579 2091 2625; x_wconf 88' lang='lat' dir='ltr'><strong>primum</strong></span> <span class='ocrx_word' id='word_1_757' title='bbox 2108 2578 2252 2625; x_wconf 88' lang='lat' dir='ltr'><strong>quidem</strong></span> <span class='ocrx_word' id='word_1_758' title='bbox 2276 2584 2396 2617; x_wconf 85' lang='lat' dir='ltr'><strong>aetate</strong></span> 
     </span>
     <span class='ocr_line' id='line_1_76' title="bbox 151 2623 2397 2678; baseline 0 -16"><span class='ocrx_word' id='word_1_759' title='bbox 151 2627 224 2662; x_wconf 87' lang='lat' dir='ltr'><strong>sint</strong></span> <span class='ocrx_word' id='word_1_760' title='bbox 245 2637 361 2678; x_wconf 77' lang='lat' dir='ltr'><strong>neque</strong></span> <span class='ocrx_word' id='word_1_761' title='bbox 385 2625 532 2677; x_wconf 77' lang='lat' dir='ltr'><strong>iuvenili</strong></span> <span class='ocrx_word' id='word_1_762' title='bbox 548 2636 663 2671; x_wconf 89' lang='lat' dir='ltr'><strong>neque</strong></span> <span class='ocrx_word' id='word_1_763' title='bbox 675 2625 831 2671; x_wconf 81' lang='lat' dir='ltr'><strong>florente</strong></span> <span class='ocrx_word' id='word_1_764' title='bbox 847 2635 962 2670; x_wconf 88' lang='lat' dir='ltr'><strong>neque</strong></span> <span class='ocrx_word' id='word_1_765' title='bbox 979 2623 1063 2660; x_wconf 87' lang='lat' dir='ltr'><strong>inde</strong></span> <span class='ocrx_word' id='word_1_766' title='bbox 1080 2624 1117 2676; x_wconf 82' lang='lat' dir='ltr'><strong>in</strong></span> <span class='ocrx_word' id='word_1_767' title='bbox 1135 2628 1291 2671; x_wconf 86' lang='lat' dir='ltr'><strong>peccata</strong></span> <span class='ocrx_word' id='word_1_768' title='bbox 1308 2628 1446 2667; x_wconf 86' lang='lat' dir='ltr'><strong>ruente,</strong></span> <span class='ocrx_word' id='word_1_769' title='bbox 1470 2623 1536 2660; x_wconf 89' lang='lat' dir='ltr'><strong>sed</strong></span> <span class='ocrx_word' id='word_1_770' title='bbox 1558 2635 1652 2670; x_wconf 88' lang='lat' dir='ltr'><strong>quae</strong></span> <span class='ocrx_word' id='word_1_771' title='bbox 1671 2623 1824 2660; x_wconf 87' lang='lat' dir='ltr'><strong>mediam</strong></span> <span class='ocrx_word' id='word_1_772' title='bbox 1845 2627 1999 2659; x_wconf 84' lang='lat' dir='ltr'><strong>aetatem</strong></span> <span class='ocrx_word' id='word_1_773' title='bbox 2017 2624 2090 2659; x_wconf 88' lang='lat' dir='ltr'><strong>iam</strong></span> <span class='ocrx_word' id='word_1_774' title='bbox 2114 2626 2339 2661; x_wconf 78' lang='lat' dir='ltr'><strong>eoecesserz&#39;nt</strong></span> <span class='ocrx_word' id='word_1_775' title='bbox 2361 2630 2397 2662; x_wconf 86' lang='lat' dir='ltr'><strong>et</strong></span> 
     </span>
    </p>
   </div>
   <div class='ocr_carea' id='block_1_23' title="bbox 152 2669 2394 2722">
    <p class='ocr_par' dir='ltr' id='par_1_24' title="bbox 152 2669 2394 2722">
     <span class='ocr_line' id='line_1_77' title="bbox 152 2669 2394 2722; baseline 0 -16"><span class='ocrx_word' id='word_1_776' title='bbox 152 2683 286 2707; x_wconf 86' lang='lat' dir='ltr'><strong>annum</strong></span> <span class='ocrx_word' id='word_1_777' title='bbox 304 2671 449 2706; x_wconf 81' lang='lat' dir='ltr'><strong>circiter</strong></span> <span class='ocrx_word' id='word_1_778' title='bbox 465 2670 802 2716; x_wconf 78' lang='lat' dir='ltr'><strong>quinquaqesimum</strong></span> <span class='ocrx_word' id='word_1_779' title='bbox 817 2669 1011 2704; x_wconf 84' lang='lat' dir='ltr'><strong>secundum</strong></span> <span class='ocrx_word' id='word_1_780' title='bbox 1032 2669 1172 2705; x_wconf 76' lang='lat' dir='ltr'><strong>divinos</strong></span> <span class='ocrx_word' id='word_1_781' title='bbox 1189 2680 1346 2705; x_wconf 83' lang='lat' dir='ltr'><strong>canones</strong></span> <span class='ocrx_word' id='word_1_782' title='bbox 1370 2674 1506 2722; x_wconf 80' lang='lat' dir='ltr'><strong>aqant;</strong></span> <span class='ocrx_word' id='word_1_783' title='bbox 1529 2674 1638 2716; x_wconf 90' lang='lat' dir='ltr'><strong>atque</strong></span> <span class='ocrx_word' id='word_1_784' title='bbox 1661 2669 1714 2705; x_wconf 87' lang='lat' dir='ltr'><strong>ita</strong></span> <span class='ocrx_word' id='word_1_785' title='bbox 1736 2680 1881 2705; x_wconf 84' lang='lat' dir='ltr'><strong>sacram</strong></span> <span class='ocrx_word' id='word_1_786' title='bbox 1906 2669 2172 2705; x_wconf 84' lang='lat' dir='ltr'><strong>ordinationem</strong></span> <span class='ocrx_word' id='word_1_787' title='bbox 2197 2670 2394 2715; x_wconf 85' lang='lat' dir='ltr'><strong>obtineant,</strong></span> 
     </span>
    </p>
   </div>
   <div class='ocr_carea' id='block_1_24' title="bbox 152 2715 2397 2809">
    <p class='ocr_par' dir='ltr' id='par_1_25' title="bbox 152 2715 2397 2809">
     <span class='ocr_line' id='line_1_78' title="bbox 152 2715 2397 2763; baseline 0 -10"><span class='ocrx_word' id='word_1_788' title='bbox 152 2722 194 2753; x_wconf 87' lang='lat' dir='ltr'><strong>ut</strong></span> <span class='ocrx_word' id='word_1_789' title='bbox 216 2721 282 2752; x_wconf 89' lang='lat' dir='ltr'><strong>aut</strong></span> <span class='ocrx_word' id='word_1_790' title='bbox 304 2717 464 2763; x_wconf 76' lang='lat' dir='ltr'><strong>virqines</strong></span> <span class='ocrx_word' id='word_1_791' title='bbox 486 2716 561 2751; x_wconf 83' lang='lat' dir='ltr'><strong>sint</strong></span> <span class='ocrx_word' id='word_1_792' title='bbox 588 2720 653 2751; x_wconf 85' lang='lat' dir='ltr'><strong>aut</strong></span> <span class='ocrx_word' id='word_1_793' title='bbox 675 2715 785 2751; x_wconf 86' lang='lat' dir='ltr'><strong>unius</strong></span> <span class='ocrx_word' id='word_1_794' title='bbox 808 2715 877 2751; x_wconf 86' lang='lat' dir='ltr'><strong>viri</strong></span> <span class='ocrx_word' id='word_1_795' title='bbox 901 2726 1041 2751; x_wconf 78' lang='lat' dir='ltr'><strong>uxores</strong></span> <span class='ocrx_word' id='word_1_796' title='bbox 1062 2716 1215 2761; x_wconf 87' lang='lat' dir='ltr'><strong>fuerint.</strong></span> <span class='ocrx_word' id='word_1_797' title='bbox 1260 2715 1386 2761; x_wconf 85' lang='lat' dir='ltr'><strong>Neque</strong></span> <span class='ocrx_word' id='word_1_798' title='bbox 1409 2726 1501 2751; x_wconf 73' lang='lat' dir='ltr'><strong>enim</strong></span> <span class='ocrx_word' id='word_1_799' title='bbox 1552 2726 1620 2751; x_wconf 87' lang='lat' dir='ltr'><strong>uae</strong></span> <span class='ocrx_word' id='word_1_800' title='bbox 1643 2715 1823 2751; x_wconf 85' lang='lat' dir='ltr'><strong>secundas</strong></span> <span class='ocrx_word' id='word_1_801' title='bbox 1845 2715 1995 2761; x_wconf 84' lang='lat' dir='ltr'><strong>nuptias</strong></span> <span class='ocrx_word' id='word_1_802' title='bbox 2019 2719 2305 2759; x_wconf 76' lang='lat' dir='ltr'><strong>contraxerunt,</strong></span> <span class='ocrx_word' id='word_1_803' title='bbox 2331 2722 2397 2753; x_wconf 87' lang='lat' dir='ltr'><strong>aut</strong></span> 
     </span>
     <span class='ocr_line' id='line_1_79' title="bbox 152 2760 2397 2809; baseline 0 -11"><span class='ocrx_word' id='word_1_804' title='bbox 152 2763 262 2799; x_wconf 87' lang='lat' dir='ltr'><strong>vitam</strong></span> <span class='ocrx_word' id='word_1_805' title='bbox 275 2766 392 2809; x_wconf 71' lang='lat' dir='ltr'><strong>ayunt</strong></span> <span class='ocrx_word' id='word_1_806' title='bbox 408 2772 483 2797; x_wconf 90' lang='lat' dir='ltr'><strong>non</strong></span> <span class='ocrx_word' id='word_1_807' title='bbox 496 2761 647 2796; x_wconf 81' lang='lat' dir='ltr'><strong>dicimus</strong></span> <span class='ocrx_word' id='word_1_808' title='bbox 660 2761 895 2808; x_wconf 85' lang='lat' dir='ltr'><strong>probrosam,</strong></span> <span class='ocrx_word' id='word_1_809' title='bbox 915 2760 980 2796; x_wconf 88' lang='lat' dir='ltr'><strong>sed</strong></span> <span class='ocrx_word' id='word_1_810' title='bbox 991 2772 1086 2806; x_wconf 85' lang='lat' dir='ltr'><strong>quae</strong></span> <span class='ocrx_word' id='word_1_811' title='bbox 1100 2761 1245 2796; x_wconf 83' lang='lat' dir='ltr'><strong>omnino</strong></span> <span class='ocrx_word' id='word_1_812' title='bbox 1258 2760 1501 2807; x_wconf 83' lang='lat' dir='ltr'><strong>suspicionem</strong></span> <span class='ocrx_word' id='word_1_813' title='bbox 1541 2760 1657 2803; x_wconf 89' lang='lat' dir='ltr'><strong>abeat,</strong></span> <span class='ocrx_word' id='word_1_814' title='bbox 1679 2761 1730 2796; x_wconf 85' lang='lat' dir='ltr'><strong>eis</strong></span> <span class='ocrx_word' id='word_1_815' title='bbox 1745 2760 1794 2796; x_wconf 91' lang='lat' dir='ltr'><strong>ad</strong></span> <span class='ocrx_word' id='word_1_816' title='bbox 1810 2771 1955 2795; x_wconf 87' lang='lat' dir='ltr'><strong>sacrum</strong></span> <span class='ocrx_word' id='word_1_817' title='bbox 1974 2761 2211 2796; x_wconf 81' lang='lat' dir='ltr'><strong>ministerium</strong></span> <span class='ocrx_word' id='word_1_818' title='bbox 2225 2762 2348 2798; x_wconf 85' lang='lat' dir='ltr'><strong>venire</strong></span> <span class='ocrx_word' id='word_1_819' title='bbox 2360 2767 2397 2798; x_wconf 85' lang='lat' dir='ltr'><strong>et</strong></span> 
     </span>
    </p>
   </div>
   <div class='ocr_carea' id='block_1_25' title="bbox 787 2826 1471 2831">
    <p class='ocr_par' dir='ltr' id='par_1_26' title="bbox 787 2826 1471 2831">
     <span class='ocr_line' id='line_1_80' title="bbox 787 2826 1471 2831; baseline 0 0"><span class='ocrx_word' id='word_1_820' title='bbox 787 2826 1471 2831; x_wconf 95' lang='lat' dir='ltr'><strong> </strong></span> 
     </span>
    </p>
   </div>
   <div class='ocr_carea' id='block_1_26' title="bbox 151 2849 1238 3774">
    <p class='ocr_par' dir='ltr' id='par_1_27' title="bbox 151 2849 1238 3774">
     <span class='ocr_line' id='line_1_81' title="bbox 201 2849 1237 2902; baseline -0.004 -13"><span class='ocrx_word' id='word_1_821' title='bbox 201 2859 215 2890; x_wconf 87' lang='lat'>1</span> <span class='ocrx_word' id='word_1_822' title='bbox 241 2855 404 2902; x_wconf 72' lang='grc' dir='ltr'><strong><em>γαμετῆς]</em></strong></span> <span class='ocrx_word' id='word_1_823' title='bbox 429 2852 593 2900; x_wconf 80' lang='grc' dir='ltr'><strong><em>γυναικὸς</em></strong></span> <span class='ocrx_word' id='word_1_824' title='bbox 617 2855 647 2886; x_wconf 88' lang='lat' dir='ltr'><strong><em>A</em></strong></span> <span class='ocrx_word' id='word_1_825' title='bbox 675 2853 686 2897; x_wconf 82' lang='grc' dir='ltr'><strong>ΙΙ</strong></span> <span class='ocrx_word' id='word_1_826' title='bbox 713 2851 908 2900; x_wconf 86' lang='grc' dir='ltr'><strong><em>γενόμενον</em></strong></span> <span class='ocrx_word' id='word_1_827' title='bbox 932 2849 953 2895; x_wconf 81' lang='grc' dir='ltr'>ἢ</span> <span class='ocrx_word' id='word_1_828' title='bbox 977 2850 1079 2894; x_wconf 79' lang='grc' dir='ltr'><strong><em>ὄντα]</em></strong></span> <span class='ocrx_word' id='word_1_829' title='bbox 1103 2854 1161 2895; x_wconf 91' lang='lat' dir='ltr'><strong>qui</strong></span> <span class='ocrx_word' id='word_1_830' title='bbox 1186 2853 1237 2885; x_wconf 88' lang='lat' dir='ltr'><strong>vel</strong></span> 
     </span>
     <span class='ocr_line' id='line_1_82' title="bbox 151 2895 1238 2944; baseline -0.003 -10"><span class='ocrx_word' id='word_1_831' title='bbox 151 2902 255 2935; x_wconf 86' lang='lat' dir='ltr'><strong>fucrit</strong></span> <span class='ocrx_word' id='word_1_832' title='bbox 276 2901 328 2935; x_wconf 88' lang='lat' dir='ltr'><strong>vel</strong></span> <span class='ocrx_word' id='word_1_833' title='bbox 352 2901 395 2932; x_wconf 86' lang='lat' dir='ltr'><strong>sit</strong></span> <span class='ocrx_word' id='word_1_834' title='bbox 420 2913 438 2935; x_wconf 83' lang='grc' dir='ltr'><strong>ς</strong></span> <span class='ocrx_word' id='word_1_835' title='bbox 470 2901 480 2942; x_wconf 82' lang='grc' dir='ltr'><strong>ΙΙ</strong></span> <span class='ocrx_word' id='word_1_836' title='bbox 509 2902 525 2933; x_wconf 84' lang='lat'><em>7</em></span> <span class='ocrx_word' id='word_1_837' title='bbox 554 2898 632 2932; x_wconf 83' lang='grc' dir='ltr'><strong><em>εἶτα</em></strong></span> <span class='ocrx_word' id='word_1_838' title='bbox 654 2912 712 2931; x_wconf 85' lang='lat' dir='ltr'><strong>om.</strong></span> <span class='ocrx_word' id='word_1_839' title='bbox 735 2900 766 2932; x_wconf 89' lang='lat' dir='ltr'><strong><em>A</em></strong></span> <span class='ocrx_word' id='word_1_840' title='bbox 788 2898 799 2943; x_wconf 79' lang='grc' dir='ltr'><strong>ΙΙ</strong></span> <span class='ocrx_word' id='word_1_841' title='bbox 826 2895 847 2940; x_wconf 80' lang='grc' dir='ltr'><em>ἢ</em></span> <span class='ocrx_word' id='word_1_842' title='bbox 871 2899 1046 2944; x_wconf 82' lang='grc' dir='ltr'><strong><em>φανερῶς]</em></strong></span> <span class='ocrx_word' id='word_1_843' title='bbox 1073 2898 1238 2943; x_wconf 80' lang='grc' dir='ltr'><strong><em>φανερῶς</em></strong></span> 
     </span>
     <span class='ocr_line' id='line_1_83' title="bbox 152 2941 1237 2991; baseline -0.005 -10"><span class='ocrx_word' id='word_1_844' title='bbox 152 2948 184 2981; x_wconf 88' lang='lat' dir='ltr'><strong><em>A</em></strong></span> <span class='ocrx_word' id='word_1_845' title='bbox 214 2945 226 2991; x_wconf 76' lang='grc' dir='ltr'><strong>Ι]</strong></span> <span class='ocrx_word' id='word_1_846' title='bbox 255 2949 273 2980; x_wconf 87' lang='grc'>8</span> <span class='ocrx_word' id='word_1_847' title='bbox 309 2942 419 2978; x_wconf 76' lang='grc' dir='ltr'><strong><em>εὐθὺς</em></strong></span> <span class='ocrx_word' id='word_1_848' title='bbox 443 2959 501 2978; x_wconf 82' lang='lat' dir='ltr'><strong>om.</strong></span> <span class='ocrx_word' id='word_1_849' title='bbox 527 2945 557 2977; x_wconf 91' lang='lat' dir='ltr'><em>A</em></span> <span class='ocrx_word' id='word_1_850' title='bbox 585 2944 597 2989; x_wconf 81' lang='grc' dir='ltr'><strong>ΙΙ</strong></span> <span class='ocrx_word' id='word_1_851' title='bbox 630 2947 670 2978; x_wconf 89' lang='grc'><strong>10</strong></span> <span class='ocrx_word' id='word_1_852' title='bbox 707 2941 877 2990; x_wconf 81' lang='grc' dir='ltr'><strong><em>δευτέραν</em></strong></span> <span class='ocrx_word' id='word_1_853' title='bbox 914 2941 1053 2985; x_wconf 74' lang='grc' dir='ltr'><strong><em>ἔσχοιτο</em></strong></span> <span class='ocrx_word' id='word_1_854' title='bbox 1086 2946 1237 2990; x_wconf 85' lang='grc' dir='ltr'><strong><em>γυναῖκα</em></strong></span> 
     </span>
     <span class='ocr_line' id='line_1_84' title="bbox 152 2986 1238 3037; baseline -0.001 -14"><span class='ocrx_word' id='word_1_855' title='bbox 152 2993 183 3026; x_wconf 84' lang='lat' dir='ltr'><strong><em>A</em></strong></span> <span class='ocrx_word' id='word_1_856' title='bbox 202 2991 215 3034; x_wconf 88' lang='grc' dir='ltr'><strong>ΙΙ</strong></span> <span class='ocrx_word' id='word_1_857' title='bbox 235 2993 270 3025; x_wconf 93' lang='grc'><strong>11</strong></span> <span class='ocrx_word' id='word_1_858' title='bbox 298 2986 457 3037; x_wconf 79' lang='grc' dir='ltr'><strong><em>ἀνάγκην</em></strong></span> <span class='ocrx_word' id='word_1_859' title='bbox 477 2991 540 3030; x_wconf 85' lang='grc' dir='ltr'><strong>Ας]</strong></span> <span class='ocrx_word' id='word_1_860' title='bbox 568 2990 689 3022; x_wconf 84' lang='grc' dir='ltr'><strong><em>αἰτίαν</em></strong></span> <span class='ocrx_word' id='word_1_861' title='bbox 702 2989 772 3033; x_wconf 80' lang='grc' dir='ltr'><strong>ΜΗ</strong></span> <span class='ocrx_word' id='word_1_862' title='bbox 789 2992 1012 3034; x_wconf 80' lang='grc' dir='ltr'><strong><em>προσωτέρω</em></strong></span> <span class='ocrx_word' id='word_1_863' title='bbox 1031 2990 1127 3031; x_wconf 82' lang='grc' dir='ltr'><strong><em>Α(ς)]</em></strong></span> <span class='ocrx_word' id='word_1_864' title='bbox 1150 2987 1238 3035; x_wconf 84' lang='grc' dir='ltr'><strong><em>πρὸς</em></strong></span> 
     </span>
     <span class='ocr_line' id='line_1_85' title="bbox 154 3030 1238 3084; baseline -0.002 -14"><span class='ocrx_word' id='word_1_865' title='bbox 154 3038 281 3084; x_wconf 79' lang='grc' dir='ltr'><strong><em>ἑτέραν</em></strong></span> <span class='ocrx_word' id='word_1_866' title='bbox 306 3038 351 3070; x_wconf 89' lang='grc' dir='ltr'><em>Μ</em></span> <span class='ocrx_word' id='word_1_867' title='bbox 376 3035 388 3080; x_wconf 83' lang='grc' dir='ltr'><strong>ΙΙ</strong></span> <span class='ocrx_word' id='word_1_868' title='bbox 419 3038 458 3070; x_wconf 89' lang='grc'><strong>13</strong></span> <span class='ocrx_word' id='word_1_869' title='bbox 490 3035 553 3068; x_wconf 76' lang='grc' dir='ltr'><strong>τοῦ</strong></span> <span class='ocrx_word' id='word_1_870' title='bbox 585 3032 695 3068; x_wconf 77' lang='grc' dir='ltr'><strong><em>αὐτοῦ</em></strong></span> <span class='ocrx_word' id='word_1_871' title='bbox 717 3036 780 3075; x_wconf 61' lang='lat' dir='ltr'><strong>As]</strong></span> <span class='ocrx_word' id='word_1_872' title='bbox 813 3030 942 3068; x_wconf 83' lang='grc' dir='ltr'><strong><em>τούτου</em></strong></span> <span class='ocrx_word' id='word_1_873' title='bbox 972 3036 1036 3068; x_wconf 83' lang='grc' dir='ltr'><strong>τοῦ</strong></span> <span class='ocrx_word' id='word_1_874' title='bbox 1061 3036 1108 3068; x_wconf 87' lang='grc' dir='ltr'>Μ</span> <span class='ocrx_word' id='word_1_875' title='bbox 1123 3035 1136 3079; x_wconf 69' lang='grc' dir='ltr'><strong>Ι]</strong></span> <span class='ocrx_word' id='word_1_876' title='bbox 1157 3037 1238 3078; x_wconf 90' lang='grc' dir='ltr'><strong><em>με’ν-</em></strong></span> 
     </span>
     <span class='ocr_line' id='line_1_86' title="bbox 153 3077 1238 3128; baseline -0.002 -13"><span class='ocrx_word' id='word_1_877' title='bbox 153 3095 249 3128; x_wconf 85' lang='grc' dir='ltr'><strong><em>τοιγε</em></strong></span> <span class='ocrx_word' id='word_1_878' title='bbox 268 3083 312 3123; x_wconf 92' lang='lat' dir='ltr'><strong>A]</strong></span> <span class='ocrx_word' id='word_1_879' title='bbox 339 3083 463 3125; x_wconf 81' lang='grc' dir='ltr'><strong><em>μέντοι</em></strong></span> <span class='ocrx_word' id='word_1_880' title='bbox 489 3082 535 3114; x_wconf 87' lang='lat' dir='ltr'><em>M</em></span> <span class='ocrx_word' id='word_1_881' title='bbox 544 3081 554 3123; x_wconf 79' lang='grc' dir='ltr'><strong>Ι]</strong></span> <span class='ocrx_word' id='word_1_882' title='bbox 579 3083 615 3114; x_wconf 82' lang='grc'><strong>15</strong></span> <span class='ocrx_word' id='word_1_883' title='bbox 639 3077 813 3125; x_wconf 81' lang='grc' dir='ltr'><strong><em>πράξοιεν</em></strong></span> <span class='ocrx_word' id='word_1_884' title='bbox 827 3081 859 3112; x_wconf 92' lang='lat' dir='ltr'><strong><em>A</em></strong></span> <span class='ocrx_word' id='word_1_885' title='bbox 875 3079 887 3124; x_wconf 78' lang='grc'><strong>11</strong></span> <span class='ocrx_word' id='word_1_886' title='bbox 914 3083 947 3113; x_wconf 83' lang='grc'><strong>17</strong></span> <span class='ocrx_word' id='word_1_887' title='bbox 974 3077 1165 3113; x_wconf 76' lang='grc' dir='ltr'><strong><em>σπεύσοιεν</em></strong></span> <span class='ocrx_word' id='word_1_888' title='bbox 1181 3082 1209 3113; x_wconf 87' lang='lat' dir='ltr'><strong><em>A</em></strong></span> <span class='ocrx_word' id='word_1_889' title='bbox 1226 3077 1238 3125; x_wconf 75' lang='lat' dir='ltr'>ss</span> 
     </span>
     <span class='ocr_line' id='line_1_87' title="bbox 157 3123 1236 3172; baseline -0.003 -11"><span class='ocrx_word' id='word_1_890' title='bbox 157 3130 196 3162; x_wconf 87' lang='grc'><strong>18</strong></span> <span class='ocrx_word' id='word_1_891' title='bbox 221 3123 336 3169; x_wconf 84' lang='grc' dir='ltr'><strong><em>πάσης</em></strong></span> <span class='ocrx_word' id='word_1_892' title='bbox 359 3127 422 3167; x_wconf 84' lang='grc' dir='ltr'><strong>Ας]</strong></span> <span class='ocrx_word' id='word_1_893' title='bbox 449 3123 563 3168; x_wconf 90' lang='grc' dir='ltr'><strong><em>πάσης</em></strong></span> <span class='ocrx_word' id='word_1_894' title='bbox 585 3137 625 3159; x_wconf 88' lang='grc' dir='ltr'><strong>τε</strong></span> <span class='ocrx_word' id='word_1_895' title='bbox 642 3127 689 3159; x_wconf 89' lang='lat' dir='ltr'><em>M</em></span> <span class='ocrx_word' id='word_1_896' title='bbox 691 3139 698 3164; x_wconf 91' lang='grc'>;</span> <span class='ocrx_word' id='word_1_897' title='bbox 717 3128 800 3169; x_wconf 81' lang='lat' dir='ltr'><strong>fort.</strong></span> <span class='ocrx_word' id='word_1_898' title='bbox 821 3123 936 3167; x_wconf 85' lang='grc' dir='ltr'><strong><em>πάσης</em></strong></span> <span class='ocrx_word' id='word_1_899' title='bbox 953 3126 1036 3168; x_wconf 60' lang='lat' dir='ltr'><strong>‘cis-9⁶?</strong></span> <span class='ocrx_word' id='word_1_900' title='bbox 1053 3125 1065 3165; x_wconf 87' lang='grc' dir='ltr'><strong>ΙΙ</strong></span> <span class='ocrx_word' id='word_1_901' title='bbox 1085 3123 1236 3172; x_wconf 91' lang='grc' dir='ltr'><strong><em>λειτουρ-</em></strong></span> 
     </span>
     <span class='ocr_line' id='line_1_88' title="bbox 153 3167 1238 3219; baseline -0.002 -13"><span class='ocrx_word' id='word_1_902' title='bbox 153 3175 231 3219; x_wconf 86' lang='grc' dir='ltr'><strong><em>γίας</em></strong></span> <span class='ocrx_word' id='word_1_903' title='bbox 252 3171 344 3218; x_wconf 77' lang='grc' dir='ltr'><strong><em>ἱερᾶς</em></strong></span> <span class='ocrx_word' id='word_1_904' title='bbox 358 3173 389 3205; x_wconf 91' lang='grc' dir='ltr'><strong><em>Α</em></strong></span> <span class='ocrx_word' id='word_1_905' title='bbox 407 3172 419 3215; x_wconf 86' lang='grc' dir='ltr'><strong>ΙΙ</strong></span> <span class='ocrx_word' id='word_1_906' title='bbox 445 3174 485 3205; x_wconf 79' lang='grc'><strong>19</strong></span> <span class='ocrx_word' id='word_1_907' title='bbox 506 3169 624 3214; x_wconf 77' lang='grc' dir='ltr'><strong><em>μέλλει</em></strong></span> <span class='ocrx_word' id='word_1_908' title='bbox 646 3172 690 3204; x_wconf 88' lang='grc' dir='ltr'><em>Μ</em></span> <span class='ocrx_word' id='word_1_909' title='bbox 710 3171 721 3214; x_wconf 75' lang='grc' dir='ltr'><strong>Ι]</strong></span> <span class='ocrx_word' id='word_1_910' title='bbox 749 3172 791 3204; x_wconf 89' lang='grc'><strong>22</strong></span> <span class='ocrx_word' id='word_1_911' title='bbox 816 3167 1020 3216; x_wconf 81' lang='grc' dir='ltr'><strong><em>ἀνάγεσθαι</em></strong></span> <span class='ocrx_word' id='word_1_912' title='bbox 1044 3190 1089 3195; x_wconf 94' lang='grc'>-</span> <span class='ocrx_word' id='word_1_913' title='bbox 1114 3173 1156 3204; x_wconf 88' lang='grc'><strong>24</strong></span> <span class='ocrx_word' id='word_1_914' title='bbox 1177 3171 1238 3205; x_wconf 82' lang='grc' dir='ltr'><strong>ἐπὶ</strong></span> 
     </span>
     <span class='ocr_line' id='line_1_89' title="bbox 154 3214 1236 3262; baseline -0.004 -10"><span class='ocrx_word' id='word_1_915' title='bbox 154 3218 231 3252; x_wconf 87' lang='grc' dir='ltr'><strong>τῶν</strong></span> <span class='ocrx_word' id='word_1_916' title='bbox 258 3220 305 3251; x_wconf 86' lang='lat' dir='ltr'><strong>bis</strong></span> <span class='ocrx_word' id='word_1_917' title='bbox 326 3230 387 3249; x_wconf 84' lang='lat' dir='ltr'><strong>scr.</strong></span> <span class='ocrx_word' id='word_1_918' title='bbox 413 3218 460 3250; x_wconf 90' lang='lat' dir='ltr'><em>M</em></span> <span class='ocrx_word' id='word_1_919' title='bbox 478 3216 489 3260; x_wconf 89' lang='grc' dir='ltr'><strong>ΙΙ</strong></span> <span class='ocrx_word' id='word_1_920' title='bbox 506 3219 548 3250; x_wconf 85' lang='grc'><strong>23</strong></span> <span class='ocrx_word' id='word_1_921' title='bbox 578 3214 666 3260; x_wconf 85' lang='grc' dir='ltr'><strong><em>πρὸς</em></strong></span> <span class='ocrx_word' id='word_1_922' title='bbox 691 3214 900 3262; x_wconf 84' lang='grc' dir='ltr'><strong><em>ἱερωσύνην]</em></strong></span> <span class='ocrx_word' id='word_1_923' title='bbox 931 3216 973 3248; x_wconf 87' lang='lat' dir='ltr'><strong>ad</strong></span> <span class='ocrx_word' id='word_1_924' title='bbox 995 3217 1138 3259; x_wconf 89' lang='lat' dir='ltr'><strong>primum</strong></span> <span class='ocrx_word' id='word_1_925' title='bbox 1162 3227 1236 3258; x_wconf 80' lang='lat' dir='ltr'><strong>gra-</strong></span> 
     </span>
     <span class='ocr_line' id='line_1_90' title="bbox 154 3257 1237 3305; baseline -0.001 -9"><span class='ocrx_word' id='word_1_926' title='bbox 154 3265 232 3296; x_wconf 92' lang='lat' dir='ltr'><strong>dum</strong></span> <span class='ocrx_word' id='word_1_927' title='bbox 257 3262 433 3295; x_wconf 84' lang='lat' dir='ltr'><strong>sacerdotii</strong></span> <span class='ocrx_word' id='word_1_928' title='bbox 458 3274 477 3298; x_wconf 88' lang='grc' dir='ltr'><strong>ς</strong></span> <span class='ocrx_word' id='word_1_929' title='bbox 501 3263 511 3304; x_wconf 70' lang='grc' dir='ltr'><strong>Ι]</strong></span> <span class='ocrx_word' id='word_1_930' title='bbox 538 3264 577 3294; x_wconf 80' lang='lat'><strong>27</strong></span> <span class='ocrx_word' id='word_1_931' title='bbox 603 3263 665 3304; x_wconf 78' lang='grc' dir='ltr'><strong>τῆς</strong></span> <span class='ocrx_word' id='word_1_932' title='bbox 689 3257 902 3305; x_wconf 71' lang='grc' dir='ltr'><strong><em>πρεπούσης]</em></strong></span> <span class='ocrx_word' id='word_1_933' title='bbox 928 3274 985 3295; x_wconf 91' lang='lat' dir='ltr'><strong>om.</strong></span> <span class='ocrx_word' id='word_1_934' title='bbox 1013 3273 1032 3298; x_wconf 85' lang='grc' dir='ltr'><strong>ς</strong></span> <span class='ocrx_word' id='word_1_935' title='bbox 1062 3261 1074 3305; x_wconf 88' lang='grc' dir='ltr'><strong>ΙΙ</strong></span> <span class='ocrx_word' id='word_1_936' title='bbox 1105 3263 1147 3295; x_wconf 82' lang='grc'><strong>28</strong></span> <span class='ocrx_word' id='word_1_937' title='bbox 1170 3260 1237 3304; x_wconf 84' lang='grc' dir='ltr'><strong>τὴν</strong></span> 
     </span>
     <span class='ocr_line' id='line_1_91' title="bbox 153 3303 1236 3351; baseline -0.001 -10"><span class='ocrx_word' id='word_1_938' title='bbox 153 3306 294 3351; x_wconf 73' lang='grc' dir='ltr'><strong><em>ἡλικίαν</em></strong></span> <span class='ocrx_word' id='word_1_939' title='bbox 317 3306 365 3351; x_wconf 81' lang='grc' dir='ltr'><strong><em>μὴ</em></strong></span> <span class='ocrx_word' id='word_1_940' title='bbox 389 3305 450 3351; x_wconf 89' lang='grc' dir='ltr'><strong><em>(μὴ</em></strong></span> <span class='ocrx_word' id='word_1_941' title='bbox 468 3320 526 3340; x_wconf 88' lang='lat' dir='ltr'><strong>om.</strong></span> <span class='ocrx_word' id='word_1_942' title='bbox 543 3308 604 3349; x_wconf 81' lang='lat' dir='ltr'><strong>Aa)</strong></span> <span class='ocrx_word' id='word_1_943' title='bbox 629 3304 857 3350; x_wconf 80' lang='grc' dir='ltr'><strong><em>ἀκμάζουσαν</em></strong></span> <span class='ocrx_word' id='word_1_944' title='bbox 878 3306 1013 3340; x_wconf 84' lang='grc' dir='ltr'><strong><em>εἷναιΑ</em></strong></span> <span class='ocrx_word' id='word_1_945' title='bbox 1038 3306 1049 3350; x_wconf 81' lang='grc' dir='ltr'><strong>ΙΙ</strong></span> <span class='ocrx_word' id='word_1_946' title='bbox 1066 3303 1181 3351; x_wconf 83' lang='grc' dir='ltr'><strong><em>*μήτε</em></strong></span> <span class='ocrx_word' id='word_1_947' title='bbox 1194 3327 1236 3330; x_wconf 89' lang='grc'>-</span> 
     </span>
     <span class='ocr_line' id='line_1_92' title="bbox 151 3348 1236 3399; baseline -0.002 -12"><span class='ocrx_word' id='word_1_948' title='bbox 151 3353 253 3399; x_wconf 76' lang='grc' dir='ltr'><strong><em>μήτε]</em></strong></span> <span class='ocrx_word' id='word_1_949' title='bbox 275 3350 366 3398; x_wconf 82' lang='grc' dir='ltr'><strong><em>μηδὲ</em></strong></span> <span class='ocrx_word' id='word_1_950' title='bbox 378 3372 420 3378; x_wconf 88' lang='grc'>-</span> <span class='ocrx_word' id='word_1_951' title='bbox 433 3349 523 3396; x_wconf 78' lang='grc' dir='ltr'><strong><em>μηδὲ</em></strong></span> <span class='ocrx_word' id='word_1_952' title='bbox 535 3352 602 3396; x_wconf 79' lang='lat' dir='ltr'><strong>Mss</strong></span> <span class='ocrx_word' id='word_1_953' title='bbox 622 3354 661 3386; x_wconf 88' lang='grc'><strong>31</strong></span> <span class='ocrx_word' id='word_1_954' title='bbox 689 3350 871 3385; x_wconf 77' lang='grc' dir='ltr'><strong><em>ἐνιαυτοὺς</em></strong></span> <span class='ocrx_word' id='word_1_955' title='bbox 889 3350 955 3394; x_wconf 85' lang='grc' dir='ltr'><strong>τὴν</strong></span> <span class='ocrx_word' id='word_1_956' title='bbox 973 3348 1115 3394; x_wconf 81' lang='grc' dir='ltr'><strong><em>ἡλικίαν</em></strong></span> <span class='ocrx_word' id='word_1_957' title='bbox 1134 3350 1156 3384; x_wconf 87' lang='grc' dir='ltr'><strong><em>ἀ</em></strong></span> <span class='ocrx_word' id='word_1_958' title='bbox 1181 3351 1236 3385; x_wconf 83' lang='grc' dir='ltr'><strong><em>ού-</em></strong></span> 
     </span>
     <span class='ocr_line' id='line_1_93' title="bbox 153 3365 1236 3443; baseline -0.003 -10"><span class='ocrx_word' id='word_1_959' title='bbox 153 3410 218 3433; x_wconf 83' lang='grc' dir='ltr'><strong>σας</strong></span> <span class='ocrx_word' id='word_1_960' title='bbox 242 3397 333 3432; x_wconf 81' lang='grc' dir='ltr'><strong><em>κατὰ</em></strong></span> <span class='ocrx_word' id='word_1_961' title='bbox 354 3396 435 3432; x_wconf 76' lang='grc' dir='ltr'><strong>τούς</strong></span> <span class='ocrx_word' id='word_1_962' title='bbox 454 3398 574 3431; x_wconf 89' lang='grc' dir='ltr'><strong><em>θείους</em></strong></span> <span class='ocrx_word' id='word_1_963' title='bbox 597 3395 751 3431; x_wconf 84' lang='grc' dir='ltr'><strong><em>κανόνας</em></strong></span> <span class='ocrx_word' id='word_1_964' title='bbox 764 3398 793 3430; x_wconf 98' lang='lat' dir='ltr'><strong><em>A</em></strong></span> <span class='ocrx_word' id='word_1_965' title='bbox 813 3396 825 3441; x_wconf 84' lang='grc' dir='ltr'><strong>ΙΙ</strong></span> <span class='ocrx_word' id='word_1_966' title='bbox 843 3399 883 3430; x_wconf 84' lang='grc'><strong>32</strong></span> <span class='ocrx_word' id='word_1_967' title='bbox 906 3410 945 3430; x_wconf 87' lang='grc' dir='ltr'><strong>τε</strong></span> <span class='ocrx_word' id='word_1_968' title='bbox 965 3411 1023 3431; x_wconf 87' lang='lat' dir='ltr'><strong>om.</strong></span> <span class='ocrx_word' id='word_1_969' title='bbox 1045 3398 1076 3430; x_wconf 88' lang='lat' dir='ltr'><strong><em>A</em></strong></span> <span class='ocrx_word' id='word_1_970' title='bbox 1091 3398 1103 3441; x_wconf 89' lang='grc' dir='ltr'><strong>ΙΙ</strong></span> <span class='ocrx_word' id='word_1_971' title='bbox 1123 3365 1236 3443; x_wconf 61' lang='lat' dir='ltr'><strong>3Iyt-</strong></span> 
     </span>
     <span class='ocr_line' id='line_1_94' title="bbox 154 3439 1236 3489; baseline -0.002 -11"><span class='ocrx_word' id='word_1_972' title='bbox 154 3446 305 3489; x_wconf 81' lang='grc' dir='ltr'><strong><em>νομένας</em></strong></span> <span class='ocrx_word' id='word_1_973' title='bbox 330 3445 400 3477; x_wconf 88' lang='lat' dir='ltr'><strong>MA</strong></span> <span class='ocrx_word' id='word_1_974' title='bbox 432 3444 443 3486; x_wconf 81' lang='lat' dir='ltr'>ss</span> <span class='ocrx_word' id='word_1_975' title='bbox 474 3439 657 3488; x_wconf 77' lang='grc' dir='ltr'><strong><em>ἀφήσομεν</em></strong></span> <span class='ocrx_word' id='word_1_976' title='bbox 686 3439 1011 3488; x_wconf 79' lang='grc' dir='ltr'><strong><em>δευτερογαμούσας</em></strong></span> <span class='ocrx_word' id='word_1_977' title='bbox 1042 3439 1123 3477; x_wconf 72' lang='grc' dir='ltr'><strong><em>οὔτε</em></strong></span> <span class='ocrx_word' id='word_1_978' title='bbox 1153 3446 1236 3487; x_wconf 81' lang='grc' dir='ltr'><strong><em>βίον</em></strong></span> 
     </span>
     <span class='ocr_line' id='line_1_95' title="bbox 154 3484 1236 3534; baseline -0.001 -12"><span class='ocrx_word' id='word_1_979' title='bbox 154 3487 301 3533; x_wconf 78' lang='grc' dir='ltr'><strong><em>ἐχούσας</em></strong></span> <span class='ocrx_word' id='word_1_980' title='bbox 321 3487 360 3523; x_wconf 83' lang='grc' dir='ltr'><strong><em>οὐ</em></strong></span> <span class='ocrx_word' id='word_1_981' title='bbox 386 3490 504 3534; x_wconf 82' lang='grc' dir='ltr'><strong><em>φαμὲν</em></strong></span> <span class='ocrx_word' id='word_1_982' title='bbox 517 3490 549 3521; x_wconf 87' lang='grc' dir='ltr'><strong><em>Α</em></strong></span> <span class='ocrx_word' id='word_1_983' title='bbox 565 3489 576 3532; x_wconf 77' lang='grc' dir='ltr'><strong>ΙΙ</strong></span> <span class='ocrx_word' id='word_1_984' title='bbox 597 3484 762 3521; x_wconf 78' lang='grc' dir='ltr'><strong><em>*οὖὸἑ-</em></strong></span> <span class='ocrx_word' id='word_1_985' title='bbox 776 3485 858 3521; x_wconf 76' lang='grc' dir='ltr'><strong><em>οὐδὲ</em></strong></span> <span class='ocrx_word' id='word_1_986' title='bbox 871 3489 914 3521; x_wconf 90' lang='grc' dir='ltr'><em>Μ</em></span> <span class='ocrx_word' id='word_1_987' title='bbox 928 3489 940 3531; x_wconf 74' lang='lat' dir='ltr'>ss</span> <span class='ocrx_word' id='word_1_988' title='bbox 957 3491 998 3522; x_wconf 88' lang='grc'><strong>36</strong></span> <span class='ocrx_word' id='word_1_989' title='bbox 1024 3490 1193 3533; x_wconf 80' lang='grc' dir='ltr'><strong><em>παρεῖναι</em></strong></span> <span class='ocrx_word' id='word_1_990' title='bbox 1206 3491 1236 3521; x_wconf 90' lang='lat' dir='ltr'><strong><em>A</em></strong></span> 
     </span>
     <span class='ocr_line' id='line_1_96' title="bbox 154 3545 1235 3588; baseline -0.002 -8"><span class='ocrx_word' id='word_1_991' title='bbox 154 3548 268 3581; x_wconf 88' lang='lat' dir='ltr'><strong>uxoris</strong></span> <span class='ocrx_word' id='word_1_992' title='bbox 291 3547 400 3579; x_wconf 84' lang='lat' dir='ltr'><strong>virum</strong></span> <span class='ocrx_word' id='word_1_993' title='bbox 422 3547 480 3588; x_wconf 89' lang='lat' dir='ltr'><strong>qui</strong></span> <span class='ocrx_word' id='word_1_994' title='bbox 504 3546 560 3579; x_wconf 86' lang='lat' dir='ltr'><strong>vel</strong></span> <span class='ocrx_word' id='word_1_995' title='bbox 584 3546 686 3578; x_wconf 82' lang='lat' dir='ltr'><strong>fuerit</strong></span> <span class='ocrx_word' id='word_1_996' title='bbox 707 3545 758 3578; x_wconf 90' lang='lat' dir='ltr'><strong>vel</strong></span> <span class='ocrx_word' id='word_1_997' title='bbox 782 3546 842 3587; x_wconf 85' lang='lat' dir='ltr'><strong>sit,</strong></span> <span class='ocrx_word' id='word_1_998' title='bbox 868 3548 900 3578; x_wconf 89' lang='lat' dir='ltr'><strong>et</strong></span> <span class='ocrx_word' id='word_1_999' title='bbox 923 3547 1027 3588; x_wconf 83' lang='lat' dir='ltr'><strong>ipsam</strong></span> <span class='ocrx_word' id='word_1_1000' title='bbox 1047 3556 1183 3579; x_wconf 86' lang='lat' dir='ltr'><strong>uxorem</strong></span> <span class='ocrx_word' id='word_1_1001' title='bbox 1209 3548 1235 3578; x_wconf 88' lang='lat' dir='ltr'><strong>si</strong></span> 
     </span>
     <span class='ocr_line' id='line_1_97' title="bbox 155 3591 1235 3632; baseline -0.002 -6"><span class='ocrx_word' id='word_1_1002' title='bbox 155 3604 230 3626; x_wconf 88' lang='lat' dir='ltr'><strong>cum</strong></span> <span class='ocrx_word' id='word_1_1003' title='bbox 263 3593 414 3625; x_wconf 88' lang='lat' dir='ltr'><strong>castitate</strong></span> <span class='ocrx_word' id='word_1_1004' title='bbox 445 3594 477 3626; x_wconf 87' lang='lat' dir='ltr'><strong>et</strong></span> <span class='ocrx_word' id='word_1_1005' title='bbox 508 3602 546 3624; x_wconf 88' lang='lat' dir='ltr'><strong>ex</strong></span> <span class='ocrx_word' id='word_1_1006' title='bbox 573 3591 768 3632; x_wconf 89' lang='lat' dir='ltr'><strong>virginitate</strong></span> <span class='ocrx_word' id='word_1_1007' title='bbox 798 3591 850 3623; x_wconf 89' lang='lat' dir='ltr'><strong>sit.</strong></span> <span class='ocrx_word' id='word_1_1008' title='bbox 898 3591 995 3623; x_wconf 90' lang='lat' dir='ltr'><strong>Nihil</strong></span> <span class='ocrx_word' id='word_1_1009' title='bbox 1021 3592 1108 3624; x_wconf 83' lang='lat' dir='ltr'><strong>enim</strong></span> <span class='ocrx_word' id='word_1_1010' title='bbox 1132 3592 1178 3624; x_wconf 90' lang='lat' dir='ltr'><strong>sic</strong></span> <span class='ocrx_word' id='word_1_1011' title='bbox 1199 3593 1235 3624; x_wconf 90' lang='lat' dir='ltr'><strong>in</strong></span> 
     </span>
     <span class='ocr_line' id='line_1_98' title="bbox 154 3636 1235 3679; baseline -0.001 -8"><span class='ocrx_word' id='word_1_1012' title='bbox 154 3639 255 3671; x_wconf 85' lang='lat' dir='ltr'><strong>sacris</strong></span> <span class='ocrx_word' id='word_1_1013' title='bbox 275 3638 542 3671; x_wconf 87' lang='lat' dir='ltr'><strong>ordinationibus</strong></span> <span class='ocrx_word' id='word_1_1014' title='bbox 559 3647 658 3678; x_wconf 89' lang='lat' dir='ltr'><strong>quam</strong></span> <span class='ocrx_word' id='word_1_1015' title='bbox 680 3636 861 3669; x_wconf 83' lang='lat' dir='ltr'><strong>castitatem</strong></span> <span class='ocrx_word' id='word_1_1016' title='bbox 883 3636 1078 3679; x_wconf 88' lang='lat' dir='ltr'><strong>eligendum.</strong></span> <span class='ocrx_word' id='word_1_1017' title='bbox 1117 3637 1235 3676; x_wconf 82' lang='lat' dir='ltr'><strong>Quam-</strong></span> 
     </span>
     <span class='ocr_line' id='line_1_99' title="bbox 156 3684 1236 3726; baseline 0 -10"><span class='ocrx_word' id='word_1_1018' title='bbox 156 3696 251 3726; x_wconf 85' lang='lat' dir='ltr'><strong>quam</strong></span> <span class='ocrx_word' id='word_1_1019' title='bbox 274 3686 307 3717; x_wconf 82' lang='lat' dir='ltr'><strong>in</strong></span> <span class='ocrx_word' id='word_1_1020' title='bbox 333 3685 383 3717; x_wconf 79' lang='lat' dir='ltr'><strong>his</strong></span> <span class='ocrx_word' id='word_1_1021' title='bbox 406 3686 504 3717; x_wconf 86' lang='lat' dir='ltr'><strong>verba</strong></span> <span class='ocrx_word' id='word_1_1022' title='bbox 525 3686 558 3715; x_wconf 79' lang='lat' dir='ltr'><strong>et</strong></span> <span class='ocrx_word' id='word_1_1023' title='bbox 578 3684 681 3725; x_wconf 81' lang='lat' dir='ltr'><strong>ipsam</strong></span> <span class='ocrx_word' id='word_1_1024' title='bbox 702 3692 837 3715; x_wconf 88' lang='lat' dir='ltr'><strong>uxorem</strong></span> <span class='ocrx_word' id='word_1_1025' title='bbox 860 3695 921 3715; x_wconf 81' lang='lat' dir='ltr'><strong>non</strong></span> <span class='ocrx_word' id='word_1_1026' title='bbox 942 3684 1022 3715; x_wconf 80' lang='lat' dir='ltr'><strong>satis</strong></span> <span class='ocrx_word' id='word_1_1027' title='bbox 1046 3684 1236 3716; x_wconf 82' lang='lat' dir='ltr'><strong>conveniunt</strong></span> 
     </span>
     <span class='ocr_line' id='line_1_100' title="bbox 161 3727 1234 3774; baseline -0.002 -12"><span class='ocrx_word' id='word_1_1028' title='bbox 161 3729 296 3763; x_wconf 64' lang='lat' dir='ltr'><strong>Graecis</strong></span> <span class='ocrx_word' id='word_1_1029' title='bbox 311 3728 325 3774; x_wconf 82' lang='lat'><strong>1}</strong></span> <span class='ocrx_word' id='word_1_1030' title='bbox 351 3731 366 3763; x_wconf 92' lang='lat'>1</span> <span class='ocrx_word' id='word_1_1031' title='bbox 394 3729 481 3762; x_wconf 88' lang='lat' dir='ltr'><strong>enim</strong></span> <span class='ocrx_word' id='word_1_1032' title='bbox 505 3742 564 3763; x_wconf 89' lang='lat' dir='ltr'><strong>om.</strong></span> <span class='ocrx_word' id='word_1_1033' title='bbox 587 3729 633 3761; x_wconf 70' lang='lat' dir='ltr'><strong>lt*</strong></span> <span class='ocrx_word' id='word_1_1034' title='bbox 654 3728 718 3772; x_wconf 74' lang='lat' dir='ltr'><strong>uin</strong></span> <span class='ocrx_word' id='word_1_1035' title='bbox 743 3728 844 3761; x_wconf 84' lang='lat' dir='ltr'><strong>sacris</strong></span> <span class='ocrx_word' id='word_1_1036' title='bbox 866 3727 1112 3762; x_wconf 83' lang='lat' dir='ltr'><strong>ordinatoribus</strong></span> <span class='ocrx_word' id='word_1_1037' title='bbox 1136 3739 1234 3770; x_wconf 87' lang='lat' dir='ltr'><strong>quam</strong></span> 
     </span>
    </p>
   </div>
   <div class='ocr_carea' id='block_1_27' title="bbox 168 3535 806 3543">
    <p class='ocr_par' dir='ltr' id='par_1_28' title="bbox 168 3535 806 3543">
     <span class='ocr_line' id='line_1_101' title="bbox 168 3535 806 3543; baseline 0 0"><span class='ocrx_word' id='word_1_1038' title='bbox 168 3535 806 3543; x_wconf 95' lang='lat' dir='ltr'><strong> </strong></span> 
     </span>
    </p>
   </div>
   <div class='ocr_carea' id='block_1_28' title="bbox 1302 2853 2395 3763">
    <p class='ocr_par' dir='ltr' id='par_1_29' title="bbox 1302 2853 2395 3763">
     <span class='ocr_line' id='line_1_102' title="bbox 1307 2853 2395 2898; baseline 0.003 -13"><span class='ocrx_word' id='word_1_1039' title='bbox 1307 2864 1381 2885; x_wconf 91' lang='lat' dir='ltr'><strong>cum</strong></span> <span class='ocrx_word' id='word_1_1040' title='bbox 1404 2853 1440 2886; x_wconf 93' lang='lat' dir='ltr'><em>V</em></span> <span class='ocrx_word' id='word_1_1041' title='bbox 1443 2853 1457 2873; x_wconf 80' lang='lat'>²</span> <span class='ocrx_word' id='word_1_1042' title='bbox 1480 2855 1586 2897; x_wconf 82' lang='lat' dir='ltr'><strong>suppl.</strong></span> <span class='ocrx_word' id='word_1_1043' title='bbox 1609 2856 1641 2886; x_wconf 78' lang='lat' dir='ltr'><strong>in</strong></span> <span class='ocrx_word' id='word_1_1044' title='bbox 1662 2861 1746 2897; x_wconf 85' lang='lat' dir='ltr'><strong>spat.</strong></span> <span class='ocrx_word' id='word_1_1045' title='bbox 1769 2853 1834 2895; x_wconf 80' lang='lat' dir='ltr'><strong>2¹l2</strong></span> <span class='ocrx_word' id='word_1_1046' title='bbox 1860 2867 2005 2887; x_wconf 85' lang='lat' dir='ltr'><strong>versuum</strong></span> <span class='ocrx_word' id='word_1_1047' title='bbox 2021 2853 2034 2898; x_wconf 76' lang='grc' dir='ltr'><strong>ΙΙ</strong></span> <span class='ocrx_word' id='word_1_1048' title='bbox 2054 2855 2072 2887; x_wconf 89' lang='grc'>2</span> <span class='ocrx_word' id='word_1_1049' title='bbox 2097 2854 2321 2888; x_wconf 80' lang='lat' dir='ltr'><strong>cohabitantis</strong></span> <span class='ocrx_word' id='word_1_1050' title='bbox 2345 2855 2395 2889; x_wconf 85' lang='lat' dir='ltr'><strong>R¹</strong></span> 
     </span>
     <span class='ocr_line' id='line_1_103' title="bbox 1307 2898 2394 2944; baseline 0.003 -14"><span class='ocrx_word' id='word_1_1051' title='bbox 1307 2898 1514 2931; x_wconf 85' lang='lat' dir='ltr'><strong>cohabitanti</strong></span> <span class='ocrx_word' id='word_1_1052' title='bbox 1532 2899 1569 2932; x_wconf 92' lang='lat' dir='ltr'><em>V</em></span> <span class='ocrx_word' id='word_1_1053' title='bbox 1577 2899 1587 2918; x_wconf 91' lang='lat'><strong>¹</strong></span> <span class='ocrx_word' id='word_1_1054' title='bbox 1603 2900 1614 2942; x_wconf 77' lang='lat' dir='ltr'>fl</span> <span class='ocrx_word' id='word_1_1055' title='bbox 1635 2901 1653 2932; x_wconf 89' lang='lat'><strong>3</strong></span> <span class='ocrx_word' id='word_1_1056' title='bbox 1676 2901 1746 2940; x_wconf 89' lang='lat' dir='ltr'><strong>aut]</strong></span> <span class='ocrx_word' id='word_1_1057' title='bbox 1769 2901 1801 2931; x_wconf 89' lang='lat' dir='ltr'><strong>et</strong></span> <span class='ocrx_word' id='word_1_1058' title='bbox 1817 2900 1848 2932; x_wconf 82' lang='lat' dir='ltr'><strong><em>R</em></strong></span> <span class='ocrx_word' id='word_1_1059' title='bbox 1864 2898 1875 2944; x_wconf 83' lang='grc' dir='ltr'><strong>ΙΙ</strong></span> <span class='ocrx_word' id='word_1_1060' title='bbox 1895 2900 1953 2941; x_wconf 92' lang='lat' dir='ltr'><strong>qui</strong></span> <span class='ocrx_word' id='word_1_1061' title='bbox 1973 2899 2028 2932; x_wconf 86' lang='lat' dir='ltr'><strong>uel</strong></span> <span class='ocrx_word' id='word_1_1062' title='bbox 2047 2900 2075 2932; x_wconf 87' lang='lat' dir='ltr'><strong>si</strong></span> <span class='ocrx_word' id='word_1_1063' title='bbox 2087 2900 2191 2933; x_wconf 80' lang='lat' dir='ltr'><strong>fuerit</strong></span> <span class='ocrx_word' id='word_1_1064' title='bbox 2202 2901 2276 2934; x_wconf 88' lang='lat' dir='ltr'><strong>RV</strong></span> <span class='ocrx_word' id='word_1_1065' title='bbox 2288 2901 2299 2943; x_wconf 94' lang='grc' dir='ltr'><strong>ΙΙ</strong></span> <span class='ocrx_word' id='word_1_1066' title='bbox 2316 2903 2336 2935; x_wconf 92' lang='grc'><strong>6</strong></span> <span class='ocrx_word' id='word_1_1067' title='bbox 2362 2902 2394 2934; x_wconf 86' lang='lat' dir='ltr'><strong>et</strong></span> 
     </span>
     <span class='ocr_line' id='line_1_104' title="bbox 1307 2944 2394 2990; baseline 0.003 -14"><span class='ocrx_word' id='word_1_1068' title='bbox 1307 2944 1469 2985; x_wconf 85' lang='lat' dir='ltr'><strong>residuae]</strong></span> <span class='ocrx_word' id='word_1_1069' title='bbox 1494 2944 1530 2976; x_wconf 89' lang='lat' dir='ltr'><strong>·i-</strong></span> <span class='ocrx_word' id='word_1_1070' title='bbox 1549 2945 1606 2983; x_wconf 84' lang='lat'><strong>(=</strong></span> <span class='ocrx_word' id='word_1_1071' title='bbox 1624 2944 1659 2976; x_wconf 89' lang='lat' dir='ltr'><strong>id</strong></span> <span class='ocrx_word' id='word_1_1072' title='bbox 1678 2946 1738 2986; x_wconf 89' lang='lat' dir='ltr'><strong>est)</strong></span> <span class='ocrx_word' id='word_1_1073' title='bbox 1758 2944 1909 2978; x_wconf 86' lang='lat' dir='ltr'><strong>residuae</strong></span> <span class='ocrx_word' id='word_1_1074' title='bbox 1927 2946 1960 2978; x_wconf 82' lang='lat' dir='ltr'><em>R</em></span> <span class='ocrx_word' id='word_1_1075' title='bbox 1976 2945 1988 2989; x_wconf 75' lang='grc' dir='ltr'><strong>ΙΙ</strong></span> <span class='ocrx_word' id='word_1_1076' title='bbox 2007 2945 2058 2977; x_wconf 87' lang='lat' dir='ltr'><strong>sin</strong></span> <span class='ocrx_word' id='word_1_1077' title='bbox 2078 2946 2111 2979; x_wconf 94' lang='lat' dir='ltr'><em>V</em></span> <span class='ocrx_word' id='word_1_1078' title='bbox 2112 2946 2126 2965; x_wconf 80' lang='lat'>2</span> <span class='ocrx_word' id='word_1_1079' title='bbox 2140 2944 2153 2990; x_wconf 80' lang='grc' dir='ltr'><strong>ΙΙ</strong></span> <span class='ocrx_word' id='word_1_1080' title='bbox 2174 2948 2190 2978; x_wconf 81' lang='lat'><strong>7</strong></span> <span class='ocrx_word' id='word_1_1081' title='bbox 2215 2948 2248 2978; x_wconf 91' lang='lat' dir='ltr'><strong>et</strong></span> <span class='ocrx_word' id='word_1_1082' title='bbox 2271 2946 2394 2988; x_wconf 88' lang='lat' dir='ltr'><strong>aliquis</strong></span> 
     </span>
     <span class='ocr_line' id='line_1_105' title="bbox 1308 2989 2394 3035; baseline 0.003 -14"><span class='ocrx_word' id='word_1_1083' title='bbox 1308 2990 1389 3030; x_wconf 83' lang='lat' dir='ltr'><strong>VT]</strong></span> <span class='ocrx_word' id='word_1_1084' title='bbox 1415 2989 1537 3031; x_wconf 82' lang='lat' dir='ltr'><strong>aliquis</strong></span> <span class='ocrx_word' id='word_1_1085' title='bbox 1550 2990 1583 3023; x_wconf 88' lang='lat' dir='ltr'><strong><em>R</em></strong></span> <span class='ocrx_word' id='word_1_1086' title='bbox 1596 2991 1680 3033; x_wconf 74' lang='lat' dir='ltr'><strong>vulq.</strong></span> <span class='ocrx_word' id='word_1_1087' title='bbox 1701 2989 1713 3034; x_wconf 87' lang='grc' dir='ltr'><strong>ΙΙ</strong></span> <span class='ocrx_word' id='word_1_1088' title='bbox 1733 2992 1772 3024; x_wconf 90' lang='grc'><strong>10</strong></span> <span class='ocrx_word' id='word_1_1089' title='bbox 1797 2990 1915 3032; x_wconf 84' lang='lat' dir='ltr'><strong>quodsi</strong></span> <span class='ocrx_word' id='word_1_1090' title='bbox 1940 2992 1972 3023; x_wconf 89' lang='lat' dir='ltr'><strong>et</strong></span> <span class='ocrx_word' id='word_1_1091' title='bbox 1992 2991 2108 3031; x_wconf 90' lang='lat' dir='ltr'><strong>lector]</strong></span> <span class='ocrx_word' id='word_1_1092' title='bbox 2131 2992 2238 3035; x_wconf 83' lang='lat' dir='ltr'><strong>suppl.</strong></span> <span class='ocrx_word' id='word_1_1093' title='bbox 2254 2991 2311 3034; x_wconf 63' lang='lat'><strong>122,</strong></span> <span class='ocrx_word' id='word_1_1094' title='bbox 2337 2993 2394 3024; x_wconf 90' lang='lat' dir='ltr'><strong>Set</strong></span> 
     </span>
     <span class='ocr_line' id='line_1_106' title="bbox 1307 3035 2392 3078; baseline 0.003 -11"><span class='ocrx_word' id='word_1_1095' title='bbox 1307 3036 1427 3077; x_wconf 83' lang='lat' dir='ltr'><strong>(spatio</strong></span> <span class='ocrx_word' id='word_1_1096' title='bbox 1456 3048 1557 3068; x_wconf 85' lang='lat' dir='ltr'><strong>vacuo</strong></span> <span class='ocrx_word' id='word_1_1097' title='bbox 1582 3036 1706 3078; x_wconf 80' lang='lat' dir='ltr'><strong>relicto)</strong></span> <span class='ocrx_word' id='word_1_1098' title='bbox 1732 3035 1769 3068; x_wconf 95' lang='lat' dir='ltr'><em>V</em></span> <span class='ocrx_word' id='word_1_1099' title='bbox 1774 3035 1785 3055; x_wconf 88' lang='lat'>¹</span> <span class='ocrx_word' id='word_1_1100' title='bbox 1813 3036 1824 3078; x_wconf 78' lang='grc' dir='ltr'><strong>ΙΙ</strong></span> <span class='ocrx_word' id='word_1_1101' title='bbox 1855 3036 2017 3069; x_wconf 88' lang='lat' dir='ltr'><strong>lectorum</strong></span> <span class='ocrx_word' id='word_1_1102' title='bbox 2038 3037 2087 3069; x_wconf 56' lang='grc' dir='ltr'><strong>Β*</strong></span> <span class='ocrx_word' id='word_1_1103' title='bbox 2115 3037 2126 3078; x_wconf 78' lang='grc' dir='ltr'><strong>ΙΙ</strong></span> <span class='ocrx_word' id='word_1_1104' title='bbox 2162 3039 2198 3070; x_wconf 93' lang='grc'><strong>11</strong></span> <span class='ocrx_word' id='word_1_1105' title='bbox 2227 3038 2392 3078; x_wconf 85' lang='lat' dir='ltr'><strong>quendam</strong></span> 
     </span>
     <span class='ocr_line' id='line_1_107' title="bbox 1308 3080 2393 3127; baseline 0.001 -14"><span class='ocrx_word' id='word_1_1106' title='bbox 1308 3080 1344 3113; x_wconf 94' lang='lat' dir='ltr'><em>V</em></span> <span class='ocrx_word' id='word_1_1107' title='bbox 1355 3080 1366 3123; x_wconf 86' lang='grc' dir='ltr'><strong>ΙΙ</strong></span> <span class='ocrx_word' id='word_1_1108' title='bbox 1391 3081 1428 3113; x_wconf 84' lang='grc'>12</span> <span class='ocrx_word' id='word_1_1109' title='bbox 1458 3081 1601 3122; x_wconf 84' lang='lat' dir='ltr'><strong>gradum</strong></span> <span class='ocrx_word' id='word_1_1110' title='bbox 1628 3082 1785 3114; x_wconf 85' lang='lat' dir='ltr'><strong>maiorem</strong></span> <span class='ocrx_word' id='word_1_1111' title='bbox 1812 3081 1902 3115; x_wconf 82' lang='lat' dir='ltr'><strong>R¹V</strong></span> <span class='ocrx_word' id='word_1_1112' title='bbox 1921 3081 1933 3125; x_wconf 89' lang='grc' dir='ltr'><strong>ΙΙ</strong></span> <span class='ocrx_word' id='word_1_1113' title='bbox 1953 3084 1991 3114; x_wconf 87' lang='grc'><strong>14</strong></span> <span class='ocrx_word' id='word_1_1114' title='bbox 2013 3083 2173 3124; x_wconf 86' lang='lat' dir='ltr'><strong>perpetuo</strong></span> <span class='ocrx_word' id='word_1_1115' title='bbox 2195 3082 2247 3115; x_wconf 83' lang='lat' dir='ltr'><strong>R2</strong></span> <span class='ocrx_word' id='word_1_1116' title='bbox 2270 3083 2355 3127; x_wconf 76' lang='lat' dir='ltr'><strong>vuly.</strong></span> <span class='ocrx_word' id='word_1_1117' title='bbox 2381 3084 2393 3127; x_wconf 76' lang='lat' dir='ltr'>ss</span> 
     </span>
     <span class='ocr_line' id='line_1_108' title="bbox 1306 3124 2392 3170; baseline 0.005 -13"><span class='ocrx_word' id='word_1_1118' title='bbox 1306 3125 1358 3166; x_wconf 87' lang='lat' dir='ltr'><strong>ad]</strong></span> <span class='ocrx_word' id='word_1_1119' title='bbox 1386 3126 1421 3157; x_wconf 91' lang='lat' dir='ltr'><strong>in</strong></span> <span class='ocrx_word' id='word_1_1120' title='bbox 1446 3126 1479 3158; x_wconf 86' lang='lat' dir='ltr'><em>R</em></span> <span class='ocrx_word' id='word_1_1121' title='bbox 1496 3124 1507 3170; x_wconf 85' lang='grc' dir='ltr'><strong>ΙΙ</strong></span> <span class='ocrx_word' id='word_1_1122' title='bbox 1526 3127 1605 3158; x_wconf 84' lang='lat' dir='ltr'><strong>satis</strong></span> <span class='ocrx_word' id='word_1_1123' title='bbox 1627 3126 1715 3158; x_wconf 89' lang='lat' dir='ltr'><strong>enim</strong></span> <span class='ocrx_word' id='word_1_1124' title='bbox 1737 3128 1784 3159; x_wconf 82' lang='lat' dir='ltr'><strong>est</strong></span> <span class='ocrx_word' id='word_1_1125' title='bbox 1805 3126 1842 3160; x_wconf 91' lang='lat' dir='ltr'><em>V</em></span> <span class='ocrx_word' id='word_1_1126' title='bbox 1868 3126 1880 3170; x_wconf 80' lang='grc' dir='ltr'><strong>ΙΙ</strong></span> <span class='ocrx_word' id='word_1_1127' title='bbox 1905 3129 1944 3161; x_wconf 89' lang='grc'><strong>15</strong></span> <span class='ocrx_word' id='word_1_1128' title='bbox 1970 3128 1997 3160; x_wconf 84' lang='lat' dir='ltr'><strong>si</strong></span> <span class='ocrx_word' id='word_1_1129' title='bbox 2019 3127 2061 3159; x_wconf 89' lang='lat' dir='ltr'><strong>ad</strong></span> <span class='ocrx_word' id='word_1_1130' title='bbox 2084 3127 2244 3160; x_wconf 86' lang='lat' dir='ltr'><strong>secundas</strong></span> <span class='ocrx_word' id='word_1_1131' title='bbox 2265 3141 2324 3162; x_wconf 88' lang='lat' dir='ltr'><strong>om.</strong></span> <span class='ocrx_word' id='word_1_1132' title='bbox 2350 3128 2392 3169; x_wconf 92' lang='lat' dir='ltr'><strong>V,</strong></span> 
     </span>
     <span class='ocr_line' id='line_1_109' title="bbox 1306 3171 2392 3217; baseline 0.002 -14"><span class='ocrx_word' id='word_1_1133' title='bbox 1306 3171 1348 3203; x_wconf 86' lang='lat' dir='ltr'><strong>ad</strong></span> <span class='ocrx_word' id='word_1_1134' title='bbox 1375 3171 1534 3204; x_wconf 85' lang='lat' dir='ltr'><strong>secundas</strong></span> <span class='ocrx_word' id='word_1_1135' title='bbox 1563 3172 1752 3213; x_wconf 82' lang='lat' dir='ltr'><strong>peruenisse</strong></span> <span class='ocrx_word' id='word_1_1136' title='bbox 1778 3173 1855 3205; x_wconf 85' lang='lat' dir='ltr'><strong>add.</strong></span> <span class='ocrx_word' id='word_1_1137' title='bbox 1882 3172 1919 3205; x_wconf 94' lang='lat' dir='ltr'><em>V</em></span> <span class='ocrx_word' id='word_1_1138' title='bbox 1921 3172 1934 3192; x_wconf 81' lang='grc'>3</span> <span class='ocrx_word' id='word_1_1139' title='bbox 1963 3171 1974 3217; x_wconf 78' lang='grc' dir='ltr'><strong>Ι]</strong></span> <span class='ocrx_word' id='word_1_1140' title='bbox 2010 3175 2048 3205; x_wconf 86' lang='grc'><strong>16</strong></span> <span class='ocrx_word' id='word_1_1141' title='bbox 2082 3173 2123 3205; x_wconf 89' lang='lat' dir='ltr'><strong>ad</strong></span> <span class='ocrx_word' id='word_1_1142' title='bbox 2155 3173 2326 3214; x_wconf 89' lang='lat' dir='ltr'><strong>maiorem]</strong></span> <span class='ocrx_word' id='word_1_1143' title='bbox 2360 3177 2392 3206; x_wconf 85' lang='lat' dir='ltr'><strong>ot</strong></span> 
     </span>
     <span class='ocr_line' id='line_1_110' title="bbox 1306 3216 2391 3262; baseline 0.004 -14"><span class='ocrx_word' id='word_1_1144' title='bbox 1306 3217 1462 3249; x_wconf 89' lang='lat' dir='ltr'><strong>maiorem</strong></span> <span class='ocrx_word' id='word_1_1145' title='bbox 1486 3216 1536 3249; x_wconf 82' lang='lat' dir='ltr'><strong>R¹</strong></span> <span class='ocrx_word' id='word_1_1146' title='bbox 1560 3216 1572 3261; x_wconf 80' lang='grc' dir='ltr'><strong>ΙΙ</strong></span> <span class='ocrx_word' id='word_1_1147' title='bbox 1600 3219 1637 3250; x_wconf 84' lang='lat'><strong>17</strong></span> <span class='ocrx_word' id='word_1_1148' title='bbox 1665 3217 1798 3258; x_wconf 82' lang='lat' dir='ltr'><strong>exinde]</strong></span> <span class='ocrx_word' id='word_1_1149' title='bbox 1824 3220 1856 3250; x_wconf 91' lang='lat' dir='ltr'><strong>et</strong></span> <span class='ocrx_word' id='word_1_1150' title='bbox 1879 3217 1957 3250; x_wconf 87' lang='lat' dir='ltr'><strong>inde</strong></span> <span class='ocrx_word' id='word_1_1151' title='bbox 1983 3218 2020 3252; x_wconf 96' lang='lat' dir='ltr'><em>V</em></span> <span class='ocrx_word' id='word_1_1152' title='bbox 2040 3217 2051 3262; x_wconf 91' lang='grc' dir='ltr'><strong>ΙΙ</strong></span> <span class='ocrx_word' id='word_1_1153' title='bbox 2068 3218 2159 3250; x_wconf 89' lang='lat' dir='ltr'><strong>omni</strong></span> <span class='ocrx_word' id='word_1_1154' title='bbox 2182 3218 2228 3259; x_wconf 84' lang='lat' dir='ltr'><strong>R]</strong></span> <span class='ocrx_word' id='word_1_1155' title='bbox 2255 3220 2391 3252; x_wconf 90' lang='lat' dir='ltr'><strong>omnino</strong></span> 
     </span>
     <span class='ocr_line' id='line_1_111' title="bbox 1308 3261 2389 3307; baseline 0.003 -12"><span class='ocrx_word' id='word_1_1156' title='bbox 1308 3262 1345 3295; x_wconf 92' lang='lat' dir='ltr'><em>V</em></span> <span class='ocrx_word' id='word_1_1157' title='bbox 1359 3263 1445 3305; x_wconf 75' lang='lat' dir='ltr'><strong>vulq.</strong></span> <span class='ocrx_word' id='word_1_1158' title='bbox 1466 3261 1477 3304; x_wconf 87' lang='grc' dir='ltr'><strong>ΙΙ</strong></span> <span class='ocrx_word' id='word_1_1159' title='bbox 1496 3263 1536 3295; x_wconf 90' lang='grc'>18</span> <span class='ocrx_word' id='word_1_1160' title='bbox 1559 3262 1648 3294; x_wconf 83' lang='lat' dir='ltr'><strong>enim</strong></span> <span class='ocrx_word' id='word_1_1161' title='bbox 1670 3275 1728 3295; x_wconf 84' lang='lat' dir='ltr'><strong>om.</strong></span> <span class='ocrx_word' id='word_1_1162' title='bbox 1743 3262 1794 3295; x_wconf 84' lang='lat' dir='ltr'><strong>R²</strong></span> <span class='ocrx_word' id='word_1_1163' title='bbox 1809 3261 1821 3303; x_wconf 81' lang='grc' dir='ltr'><strong>ΙΙ</strong></span> <span class='ocrx_word' id='word_1_1164' title='bbox 1843 3264 1883 3297; x_wconf 86' lang='grc'><strong>19</strong></span> <span class='ocrx_word' id='word_1_1165' title='bbox 1901 3263 2030 3304; x_wconf 89' lang='lat' dir='ltr'><strong>uiuere]</strong></span> <span class='ocrx_word' id='word_1_1166' title='bbox 2057 3264 2162 3306; x_wconf 83' lang='lat' dir='ltr'><strong>suppl.</strong></span> <span class='ocrx_word' id='word_1_1167' title='bbox 2178 3263 2232 3296; x_wconf 76' lang='lat' dir='ltr'><em>V²</em></span> <span class='ocrx_word' id='word_1_1168' title='bbox 2252 3265 2285 3297; x_wconf 83' lang='lat' dir='ltr'><strong>in</strong></span> <span class='ocrx_word' id='word_1_1169' title='bbox 2304 3272 2389 3307; x_wconf 80' lang='lat' dir='ltr'><strong>spat.</strong></span> 
     </span>
     <span class='ocr_line' id='line_1_112' title="bbox 1306 3307 2388 3353; baseline 0.004 -14"><span class='ocrx_word' id='word_1_1170' title='bbox 1306 3320 1388 3348; x_wconf 61' lang='lat' dir='ltr'><strong>vac„</strong></span> <span class='ocrx_word' id='word_1_1171' title='bbox 1408 3308 1478 3339; x_wconf 88' lang='lat' dir='ltr'><strong>inte</strong></span> <span class='ocrx_word' id='word_1_1172' title='bbox 1492 3307 1526 3339; x_wconf 81' lang='lat' dir='ltr'><em>R</em></span> <span class='ocrx_word' id='word_1_1173' title='bbox 1550 3309 1643 3340; x_wconf 88' lang='lat' dir='ltr'><strong>utere</strong></span> <span class='ocrx_word' id='word_1_1174' title='bbox 1666 3307 1723 3352; x_wconf 74' lang='grc' dir='ltr'><strong>ΤΠ</strong></span> <span class='ocrx_word' id='word_1_1175' title='bbox 1741 3310 1780 3341; x_wconf 90' lang='grc'>21</span> <span class='ocrx_word' id='word_1_1176' title='bbox 1808 3318 1956 3341; x_wconf 87' lang='lat' dir='ltr'><strong>assensus</strong></span> <span class='ocrx_word' id='word_1_1177' title='bbox 1969 3309 2018 3341; x_wconf 64' lang='grc' dir='ltr'><strong>Ε*</strong></span> <span class='ocrx_word' id='word_1_1178' title='bbox 2043 3318 2189 3340; x_wconf 82' lang='lat' dir='ltr'><strong>accessus</strong></span> <span class='ocrx_word' id='word_1_1179' title='bbox 2203 3309 2236 3342; x_wconf 90' lang='lat' dir='ltr'><em>V</em></span> <span class='ocrx_word' id='word_1_1180' title='bbox 2250 3308 2262 3353; x_wconf 87' lang='grc' dir='ltr'><strong>ΙΙ</strong></span> <span class='ocrx_word' id='word_1_1181' title='bbox 2281 3311 2314 3342; x_wconf 87' lang='lat' dir='ltr'><strong>et</strong></span> <span class='ocrx_word' id='word_1_1182' title='bbox 2338 3312 2388 3351; x_wconf 84' lang='lat' dir='ltr'><strong>ex]</strong></span> 
     </span>
     <span class='ocr_line' id='line_1_113' title="bbox 1307 3352 2390 3398; baseline 0.004 -14"><span class='ocrx_word' id='word_1_1183' title='bbox 1307 3356 1338 3384; x_wconf 87' lang='lat' dir='ltr'><strong>ct</strong></span> <span class='ocrx_word' id='word_1_1184' title='bbox 1363 3353 1410 3385; x_wconf 83' lang='lat' dir='ltr'><strong>R¹</strong></span> <span class='ocrx_word' id='word_1_1185' title='bbox 1434 3363 1472 3384; x_wconf 85' lang='lat' dir='ltr'><strong>ex</strong></span> <span class='ocrx_word' id='word_1_1186' title='bbox 1498 3352 1639 3397; x_wconf 72' lang='lat' dir='ltr'><strong>VTR21]</strong></span> <span class='ocrx_word' id='word_1_1187' title='bbox 1658 3353 1741 3385; x_wconf 88' lang='lat' dir='ltr'><strong>uiris</strong></span> <span class='ocrx_word' id='word_1_1188' title='bbox 1766 3353 1863 3386; x_wconf 86' lang='lat' dir='ltr'><strong>bonis</strong></span> <span class='ocrx_word' id='word_1_1189' title='bbox 1886 3355 1932 3395; x_wconf 84' lang='lat' dir='ltr'><strong>R]</strong></span> <span class='ocrx_word' id='word_1_1190' title='bbox 1958 3354 2055 3386; x_wconf 86' lang='lat' dir='ltr'><strong>bonis</strong></span> <span class='ocrx_word' id='word_1_1191' title='bbox 2078 3354 2163 3386; x_wconf 89' lang='lat' dir='ltr'><strong>uiris</strong></span> <span class='ocrx_word' id='word_1_1192' title='bbox 2184 3355 2282 3398; x_wconf 65' lang='lat' dir='ltr'><strong>vulq„</strong></span> <span class='ocrx_word' id='word_1_1193' title='bbox 2306 3356 2390 3388; x_wconf 88' lang='lat' dir='ltr'><strong>uiris</strong></span> 
     </span>
     <span class='ocr_line' id='line_1_114' title="bbox 1308 3397 2388 3443; baseline 0.003 -12"><span class='ocrx_word' id='word_1_1194' title='bbox 1308 3398 1339 3430; x_wconf 86' lang='lat' dir='ltr'><em>V</em></span> <span class='ocrx_word' id='word_1_1195' title='bbox 1359 3400 1391 3431; x_wconf 82' lang='lat' dir='ltr'><strong>in</strong></span> <span class='ocrx_word' id='word_1_1196' title='bbox 1414 3411 1475 3441; x_wconf 85' lang='lat' dir='ltr'><strong>quo</strong></span> <span class='ocrx_word' id='word_1_1197' title='bbox 1499 3397 1595 3430; x_wconf 85' lang='lat' dir='ltr'><strong>bonis</strong></span> <span class='ocrx_word' id='word_1_1198' title='bbox 1625 3399 1720 3439; x_wconf 85' lang='lat' dir='ltr'><strong>(corr.</strong></span> <span class='ocrx_word' id='word_1_1199' title='bbox 1745 3399 1837 3440; x_wconf 88' lang='lat' dir='ltr'><strong>boni)</strong></span> <span class='ocrx_word' id='word_1_1200' title='bbox 1858 3407 1934 3443; x_wconf 84' lang='lat' dir='ltr'><strong>post</strong></span> <span class='ocrx_word' id='word_1_1201' title='bbox 1957 3399 2175 3432; x_wconf 89' lang='lat' dir='ltr'><strong>inuenientur</strong></span> <span class='ocrx_word' id='word_1_1202' title='bbox 2199 3400 2388 3434; x_wconf 83' lang='lat' dir='ltr'><strong>collocatum</strong></span> 
     </span>
     <span class='ocr_line' id='line_1_115' title="bbox 1308 3442 2389 3488; baseline 0.003 -12"><span class='ocrx_word' id='word_1_1203' title='bbox 1308 3451 1353 3476; x_wconf 80' lang='lat' dir='ltr'><strong>est</strong></span> <span class='ocrx_word' id='word_1_1204' title='bbox 1371 3442 1383 3487; x_wconf 81' lang='grc' dir='ltr'><strong>ΙῙ</strong></span> <span class='ocrx_word' id='word_1_1205' title='bbox 1400 3444 1442 3476; x_wconf 94' lang='grc'><strong>24</strong></span> <span class='ocrx_word' id='word_1_1206' title='bbox 1467 3442 1571 3476; x_wconf 88' lang='lat' dir='ltr'><strong>cleros</strong></span> <span class='ocrx_word' id='word_1_1207' title='bbox 1598 3443 1655 3484; x_wconf 76' lang='lat' dir='ltr'><em>VH</em></span> <span class='ocrx_word' id='word_1_1208' title='bbox 1676 3446 1715 3478; x_wconf 86' lang='lat'><strong>25</strong></span> <span class='ocrx_word' id='word_1_1209' title='bbox 1738 3444 1836 3477; x_wconf 86' lang='lat' dir='ltr'><strong>etiam</strong></span> <span class='ocrx_word' id='word_1_1210' title='bbox 1860 3445 1894 3477; x_wconf 82' lang='lat' dir='ltr'><em>R</em></span> <span class='ocrx_word' id='word_1_1211' title='bbox 1918 3446 2016 3488; x_wconf 64' lang='lat' dir='ltr'><strong>vulq]</strong></span> <span class='ocrx_word' id='word_1_1212' title='bbox 2044 3446 2076 3477; x_wconf 83' lang='lat' dir='ltr'><strong>et</strong></span> <span class='ocrx_word' id='word_1_1213' title='bbox 2100 3445 2168 3478; x_wconf 89' lang='lat' dir='ltr'><strong>VT</strong></span> <span class='ocrx_word' id='word_1_1214' title='bbox 2188 3444 2200 3488; x_wconf 81' lang='grc' dir='ltr'><strong>ΙΙ</strong></span> <span class='ocrx_word' id='word_1_1215' title='bbox 2217 3446 2259 3479; x_wconf 88' lang='grc'><strong>26</strong></span> <span class='ocrx_word' id='word_1_1216' title='bbox 2280 3456 2389 3488; x_wconf 86' lang='lat' dir='ltr'><strong>neque</strong></span> 
     </span>
     <span class='ocr_line' id='line_1_116' title="bbox 1306 3488 2359 3533; baseline 0.004 -13"><span class='ocrx_word' id='word_1_1217' title='bbox 1306 3489 1407 3531; x_wconf 85' lang='lat' dir='ltr'><strong>ipsae]</strong></span> <span class='ocrx_word' id='word_1_1218' title='bbox 1432 3489 1501 3531; x_wconf 88' lang='lat' dir='ltr'><strong>ipse</strong></span> <span class='ocrx_word' id='word_1_1219' title='bbox 1516 3499 1623 3530; x_wconf 89' lang='lat' dir='ltr'><strong>neque</strong></span> <span class='ocrx_word' id='word_1_1220' title='bbox 1636 3489 1670 3522; x_wconf 91' lang='lat' dir='ltr'><em>V</em></span> <span class='ocrx_word' id='word_1_1221' title='bbox 1683 3488 1695 3533; x_wconf 84' lang='grc'><strong>11</strong></span> <span class='ocrx_word' id='word_1_1222' title='bbox 1714 3489 1979 3523; x_wconf 87' lang='lat' dir='ltr'><strong>obseruationem</strong></span> <span class='ocrx_word' id='word_1_1223' title='bbox 1990 3491 2024 3522; x_wconf 73' lang='lat' dir='ltr'><em>R</em></span> <span class='ocrx_word' id='word_1_1224' title='bbox 2043 3488 2054 3533; x_wconf 85' lang='grc' dir='ltr'><strong>ΙΙ</strong></span> <span class='ocrx_word' id='word_1_1225' title='bbox 2071 3491 2112 3524; x_wconf 89' lang='grc'><strong>28</strong></span> <span class='ocrx_word' id='word_1_1226' title='bbox 2131 3493 2298 3524; x_wconf 83' lang='lat' dir='ltr'><strong>crescente</strong></span> <span class='ocrx_word' id='word_1_1227' title='bbox 2313 3492 2346 3524; x_wconf 93' lang='lat' dir='ltr'><em>V</em></span> <span class='ocrx_word' id='word_1_1228' title='bbox 2350 3493 2359 3512; x_wconf 90' lang='lat'><strong>¹</strong></span> 
     </span>
     <span class='ocr_line' id='line_1_117' title="bbox 1307 3534 2356 3580; baseline 0.005 -15"><span class='ocrx_word' id='word_1_1229' title='bbox 1307 3534 1425 3566; x_wconf 86' lang='lat' dir='ltr'><strong>exhinc</strong></span> <span class='ocrx_word' id='word_1_1230' title='bbox 1456 3534 1524 3575; x_wconf 86' lang='lat' dir='ltr'><strong>(inc</strong></span> <span class='ocrx_word' id='word_1_1231' title='bbox 1549 3535 1655 3578; x_wconf 80' lang='lat' dir='ltr'><strong>suppl.</strong></span> <span class='ocrx_word' id='word_1_1232' title='bbox 1674 3535 1727 3568; x_wconf 80' lang='lat' dir='ltr'><em>V²</em></span> <span class='ocrx_word' id='word_1_1233' title='bbox 1751 3537 1784 3568; x_wconf 84' lang='lat' dir='ltr'><strong>in</strong></span> <span class='ocrx_word' id='word_1_1234' title='bbox 1804 3536 1904 3578; x_wconf 84' lang='lat' dir='ltr'><strong>spat.)</strong></span> <span class='ocrx_word' id='word_1_1235' title='bbox 1932 3535 2025 3577; x_wconf 76' lang='lat' dir='ltr'><strong>VR²J</strong></span> <span class='ocrx_word' id='word_1_1236' title='bbox 2056 3546 2095 3568; x_wconf 81' lang='lat' dir='ltr'><strong>ex</strong></span> <span class='ocrx_word' id='word_1_1237' title='bbox 2118 3536 2180 3569; x_wconf 81' lang='lat' dir='ltr'><strong>hac</strong></span> <span class='ocrx_word' id='word_1_1238' title='bbox 2201 3536 2251 3570; x_wconf 86' lang='lat' dir='ltr'><strong>R¹</strong></span> <span class='ocrx_word' id='word_1_1239' title='bbox 2271 3538 2356 3580; x_wconf 74' lang='lat' dir='ltr'><strong>vulq-</strong></span> 
     </span>
     <span class='ocr_line' id='line_1_118' title="bbox 1306 3579 2388 3625; baseline 0.004 -14"><span class='ocrx_word' id='word_1_1240' title='bbox 1306 3582 1347 3612; x_wconf 77' lang='lat'><strong>29</strong></span> <span class='ocrx_word' id='word_1_1241' title='bbox 1374 3579 1645 3621; x_wconf 88' lang='lat' dir='ltr'><strong>delinquendum]</strong></span> <span class='ocrx_word' id='word_1_1242' title='bbox 1673 3580 1828 3621; x_wconf 86' lang='lat' dir='ltr'><strong>deliquen</strong></span> <span class='ocrx_word' id='word_1_1243' title='bbox 1851 3581 1902 3613; x_wconf 85' lang='lat' dir='ltr'><strong>R¹</strong></span> <span class='ocrx_word' id='word_1_1244' title='bbox 1921 3580 1991 3625; x_wconf 74' lang='lat'>{130</span> <span class='ocrx_word' id='word_1_1245' title='bbox 2013 3581 2260 3623; x_wconf 86' lang='lat' dir='ltr'><strong>quinquaginta</strong></span> <span class='ocrx_word' id='word_1_1246' title='bbox 2282 3593 2388 3615; x_wconf 86' lang='lat' dir='ltr'><strong>annos</strong></span> 
     </span>
     <span class='ocr_line' id='line_1_119' title="bbox 1305 3625 2388 3674; baseline 0.004 -18"><span class='ocrx_word' id='word_1_1247' title='bbox 1305 3625 1485 3657; x_wconf 74' lang='lat' dir='ltr'><strong>secundum</strong></span> <span class='ocrx_word' id='word_1_1248' title='bbox 1509 3627 1615 3668; x_wconf 87' lang='lat' dir='ltr'><strong>suppl.</strong></span> <span class='ocrx_word' id='word_1_1249' title='bbox 1641 3625 1678 3658; x_wconf 93' lang='lat' dir='ltr'><em>V</em></span> <span class='ocrx_word' id='word_1_1250' title='bbox 1684 3626 1698 3644; x_wconf 80' lang='lat'><strong>²</strong></span> <span class='ocrx_word' id='word_1_1251' title='bbox 1722 3627 1753 3658; x_wconf 84' lang='lat' dir='ltr'><strong>in</strong></span> <span class='ocrx_word' id='word_1_1252' title='bbox 1778 3634 1862 3669; x_wconf 84' lang='lat' dir='ltr'><strong>spat.</strong></span> <span class='ocrx_word' id='word_1_1253' title='bbox 1884 3639 1954 3660; x_wconf 86' lang='lat' dir='ltr'><strong>vac.</strong></span> <span class='ocrx_word' id='word_1_1254' title='bbox 1981 3626 1995 3670; x_wconf 80' lang='grc' dir='ltr'><strong>Ι]</strong></span> <span class='ocrx_word' id='word_1_1255' title='bbox 2024 3629 2066 3660; x_wconf 84' lang='grc'><strong>32</strong></span> <span class='ocrx_word' id='word_1_1256' title='bbox 2090 3627 2282 3660; x_wconf 87' lang='lat' dir='ltr'><strong>costitutam</strong></span> <span class='ocrx_word' id='word_1_1257' title='bbox 2302 3628 2352 3661; x_wconf 61' lang='grc' dir='ltr'><strong>Β*</strong></span> <span class='ocrx_word' id='word_1_1258' title='bbox 2375 3626 2388 3674; x_wconf 77' lang='grc' dir='ltr'><strong>Ι]</strong></span> 
     </span>
     <span class='ocr_line' id='line_1_120' title="bbox 1305 3670 2386 3715; baseline 0.002 -11"><span class='ocrx_word' id='word_1_1259' title='bbox 1305 3673 1348 3704; x_wconf 81' lang='grc'><strong>34</strong></span> <span class='ocrx_word' id='word_1_1260' title='bbox 1372 3671 1517 3712; x_wconf 87' lang='lat' dir='ltr'><strong>nuptias]</strong></span> <span class='ocrx_word' id='word_1_1261' title='bbox 1541 3681 1648 3712; x_wconf 87' lang='lat' dir='ltr'><strong>neque</strong></span> <span class='ocrx_word' id='word_1_1262' title='bbox 1672 3671 1805 3712; x_wconf 85' lang='lat' dir='ltr'><strong>nuptias</strong></span> <span class='ocrx_word' id='word_1_1263' title='bbox 1829 3671 1863 3705; x_wconf 93' lang='lat' dir='ltr'><em>V</em></span> <span class='ocrx_word' id='word_1_1264' title='bbox 1871 3671 1882 3692; x_wconf 81' lang='lat'><strong>¹</strong></span> <span class='ocrx_word' id='word_1_1265' title='bbox 1902 3670 1915 3713; x_wconf 84' lang='grc' dir='ltr'><strong>ΙΙ</strong></span> <span class='ocrx_word' id='word_1_1266' title='bbox 1942 3674 1984 3706; x_wconf 86' lang='grc'><strong>35</strong></span> <span class='ocrx_word' id='word_1_1267' title='bbox 2014 3672 2154 3705; x_wconf 85' lang='lat' dir='ltr'><strong>dicimus</strong></span> <span class='ocrx_word' id='word_1_1268' title='bbox 2178 3673 2386 3715; x_wconf 85' lang='lat' dir='ltr'><strong>reprehensi-</strong></span> 
     </span>
     <span class='ocr_line' id='line_1_121' title="bbox 1302 3714 2387 3763; baseline 0.004 -15"><span class='ocrx_word' id='word_1_1269' title='bbox 1302 3714 1385 3748; x_wconf 86' lang='lat' dir='ltr'><strong>biles</strong></span> <span class='ocrx_word' id='word_1_1270' title='bbox 1400 3715 1436 3749; x_wconf 92' lang='lat' dir='ltr'><em>V</em></span> <span class='ocrx_word' id='word_1_1271' title='bbox 1444 3718 1451 3735; x_wconf 88' lang='lat'><strong>¹</strong></span> <span class='ocrx_word' id='word_1_1272' title='bbox 1477 3716 1629 3748; x_wconf 83' lang='lat' dir='ltr'><strong>dominus</strong></span> <span class='ocrx_word' id='word_1_1273' title='bbox 1645 3717 1974 3759; x_wconf 86' lang='lat' dir='ltr'><strong>inreprehensibilem</strong></span> <span class='ocrx_word' id='word_1_1274' title='bbox 1987 3718 2036 3751; x_wconf 63' lang='grc' dir='ltr'><strong>Β*</strong></span> <span class='ocrx_word' id='word_1_1275' title='bbox 2051 3718 2064 3763; x_wconf 82' lang='grc' dir='ltr'><strong>Ι]</strong></span> <span class='ocrx_word' id='word_1_1276' title='bbox 2084 3720 2126 3752; x_wconf 86' lang='grc'><strong>36</strong></span> <span class='ocrx_word' id='word_1_1277' title='bbox 2148 3719 2340 3762; x_wconf 80' lang='lat' dir='ltr'><strong>mysterium</strong></span> <span class='ocrx_word' id='word_1_1278' title='bbox 2352 3719 2387 3752; x_wconf 79' lang='lat' dir='ltr'><em>R</em></span> 
     </span>
    </p>
   </div>
   <div class='ocr_carea' id='block_1_29' title="bbox 2067 3786 2116 3823">
    <p class='ocr_par' dir='ltr' id='par_1_30' title="bbox 2067 3786 2116 3823">
     <span class='ocr_line' id='line_1_122' title="bbox 2067 3786 2116 3823; baseline 0 -14"><span class='ocrx_word' id='word_1_1279' title='bbox 2067 3786 2116 3823; x_wconf 72' lang='grc'><strong>6*</strong></span> 
     </span>
    </p>
   </div>
   <div class='ocr_carea' id='block_1_30' title="bbox 2375 3490 2381 3584">
    <p class='ocr_par' dir='ltr' id='par_1_31' title="bbox 2375 3490 2381 3584">
     <span class='ocr_line' id='line_1_123' title="bbox 2375 3490 2381 3584; baseline 0 426"><span class='ocrx_word' id='word_1_1280' title='bbox 2375 3490 2381 3584; x_wconf 95' lang='lat' dir='ltr'><strong> </strong></span> 
     </span>
    </p>
   </div>
   <div class='ocr_carea' id='block_1_31' title="bbox 2383 3491 2389 3583">
    <p class='ocr_par' dir='ltr' id='par_1_32' title="bbox 2383 3491 2389 3583">
     <span class='ocr_line' id='line_1_124' title="bbox 2383 3491 2389 3583; baseline 0 427"><span class='ocrx_word' id='word_1_1281' title='bbox 2383 3491 2389 3583; x_wconf 95' lang='lat' dir='ltr'><strong> </strong></span> 
     </span>
    </p>
   </div>
  </div>
 </body>
</html>
