2618 4010
151 181 452 213 EFFICIUNTUR
480 179 552 212 SUI

151 280 290 315 δείσθω
314 281 431 323 (τοῦτο
454 280 496 314 τὸ
519 281 597 323 τῶν
621 278 790 315 παλαιῶν
813 278 952 325 νόμων)
981 280 1101 326 ἑτέρας
1124 290 1226 328 προς-

151 326 264 370 θήκης
293 324 382 370 μηδὲ
411 326 472 368 τῆς
495 326 535 359 ἐν
558 325 588 368 ᾧ
614 326 791 371 περιῆσαν
815 323 1028 369 ἐπιδόσεως,
1061 323 1141 359 ἀλλ’
1169 322 1229 358 αὐ-

150 370 265 406 τόθεν
287 372 490 418 γραφέντες,
515 370 551 404 εἴ
568 384 608 417 γε
629 370 813 416 ἐλεύθεροι
838 372 1061 415 καθεστᾶσι,
1086 370 1228 416 βουλευ-

150 420 210 451 ταὶ
239 412 315 461 ἅμα
345 419 404 450 καὶ
436 413 652 462 κληρονόμοι
683 417 931 463 γινέσθωσαν,
964 420 1023 450 καὶ
1048 418 1229 459 ἐχέτωσαν

150 465 209 496 καὶ
246 459 347 496 αὐτοὶ
383 459 425 495 τὸ
458 462 519 504 τῆς
548 466 752 507 περιουσίας
782 460 1022 509 ἐνναούγκιον,
1058 461 1228 506 καθάπερ

149 504 194 541 ἂν
218 505 237 540 ὁ
263 506 381 552 πατὴρ
404 503 522 540 αὐτοῖς
546 505 720 554 διανείμῃ.
769 508 799 541 εἰ
819 506 858 542 δὲ
877 511 936 541 καὶ
957 508 999 541 τὸ
1019 509 1092 542 πῆν
1109 504 1228 541 αὐτοῖς

148 551 344 597 βουληθείη
368 551 590 595 καταλιπεῖν,
616 555 669 586 ἔτι
686 550 815 598 πράξει
835 552 996 586 κάλλιον·
1022 552 1118 595 πλὴν
1135 550 1226 586 ἀλλὰ

147 600 248 643 μέχρι
272 598 335 631 τοῦ
358 598 586 644 ἐνναουγκιόυ
608 597 753 633 πάντως
777 595 895 633 αὐτοῖς
913 597 1228 642 καταλιμπανέτω,

147 640 340 696 γινώσκων
356 640 424 696 ώςκ
439 642 507 678 κᾶν
533 641 651 677 αὐτοῖς
675 643 867 679 καταλίποι
892 642 1059 686 ἔλαττον,
1084 640 1166 676 ἀλλ’
1191 644 1228 675 ἐκ

1219 162 1305 211 435

1960 164 2067 208 Nov.
2098 163 2324 207 LXXXIX
2354 166 2380 206 6

1295 289 1374 313 rum
1409 278 1526 321 legum
1561 277 1631 313 alia
1664 276 1880 318 adiectione,
1923 286 2038 322 neque
2074 276 2255 312 oblatione
2297 275 2380 310 dum

1299 324 1509 368 superstites
1533 325 1663 364 essent,
1698 322 1760 357 sed
1783 332 1828 356 ex
1852 323 1920 357 hoc
1943 323 2023 367 ipso
2049 321 2191 366 scripti,
2223 322 2254 356 si
2275 320 2378 356 liberi

1299 372 1401 411 sunt,
1435 368 1586 404 curiales
1611 367 1717 403 simul
1749 370 1784 402 et
1808 367 1956 402 heredes
1981 368 2070 402 fiant
2096 372 2133 402 et
2157 367 2314 402 habeant
2344 369 2380 401 ct

1297 414 1366 460 ipsi
1389 414 1613 450 substantiae
1636 422 1760 448 novem
1786 413 1922 455 uncias,
1947 413 2039 448 sicut
2061 414 2166 459 pater
2190 412 2241 447 eis
2258 412 2377 447 distri-

1264 465 1282 496 5
1298 460 1424 495 buerit.
1474 460 1537 494 Sin
1568 462 1686 494 autem
1716 457 1822 492 etiam
1853 460 1969 493 totum
2001 458 2054 494 eis
2086 458 2286 502 relinquere
2316 468 2376 492 vo-

1296 505 1413 546 luerit,
1447 504 1565 540 adhuc
1595 503 1706 539 faciet
1737 503 1878 538 melius:
1915 506 2156 538 verumtamen
2188 513 2302 547 usque
2332 502 2377 537 ad

1296 561 1423 586 novem
1455 550 1579 585 uncias
1608 548 1751 584 omnino
1784 548 1835 583 eis
1865 548 2052 592 relinquat,
2085 548 2200 583 sciens
2256 548 2314 583 uia
2345 547 2377 583 si

1299 595 1482 641 reliquerit
1505 596 1638 636 minus,
1670 604 1692 629 a
1715 594 1792 637 lege
1814 593 1928 628 modis
1953 593 2118 629 omnibus
2150 604 2241 638 supp
2259 603 2375 628 emen-

1296 645 1373 676 tum
1397 640 1616 676 substantiae
1639 639 1710 675 fiet.
1758 638 1814 674 Illi
1837 649 1920 674 vero
1953 639 1984 674 si
2008 638 2194 680 voluerint,
2226 638 2377 673 curiales

148 701 211 721 του
236 685 349 732 νόμου
375 701 522 723 παντως
552 687 573 732 ἡ
599 686 855 734 ἄναπλήρωσις
885 690 948 731 τῆς
971 685 1092 722 οὐσίας
1115 690 1226 721 ἔσται.
1243 691 1283 723 10
1299 687 1404 730 fiant3
1442 686 1473 721 Si
1496 695 1579 721 vero
1611 684 1721 729 aliqui
1752 684 1893 729 quidem
1917 683 2048 728 eligant
2079 683 2186 728 aliqui
2214 693 2296 719 vero
2320 693 2376 718 re-

148 733 183 767 ol
206 731 244 767 δὲ
268 733 366 777 εἴπερ
391 733 541 776 ἕλοιντο,
566 734 755 778 βουλευταὶ
777 734 1027 781 γινέσθωσαν·
1059 734 1090 766 εἰ
1114 731 1156 766 δέ
1176 746 1226 766 τι-

148 789 204 812 νες
225 780 293 822 μὲν
317 778 454 813 ἕλοιντο
479 782 572 814 τινὲς
596 778 635 813 δὲ
658 779 957 826 παραιτήσαιντο,
985 780 1045 813 ἐπὶ
1069 778 1151 812 τοὺς
1176 777 1227 811 αἱ·

148 827 335 868 ρουμένους
371 825 415 858 τὰ
453 826 531 859 τῶν
567 828 868 871 παραιτουμένων
904 821 1097 870 ἄφικέσθω
1128 825 1225 867 μέρη.

148 870 178 902 εἰ
210 867 249 903 δὲ
272 866 430 904 ἅπαντες
454 868 656 912 ἅπείποιεν,
679 871 878 914 τηνικαῦτα
902 867 949 902 ὠς
973 866 1144 903 ἀπαιδίας
1169 867 1227 901 οὗ·

1297 732 1424 773 futent,
1456 730 1503 766 ad
1527 740 1588 766 eos
1612 729 1674 774 qui
1698 729 1834 775 eligunt
1864 729 2095 764 refutantium
2125 728 2270 764 veniant
2318 739 2376 764 or-

1297 777 1421 812 tiones.
1471 776 1507 811 Si
1526 786 1608 811 vero
1631 785 1751 810 omnes
1773 775 1965 816 renuerint,
1985 777 2072 809 tunc
2091 778 2273 819 tamquam
2319 773 2376 809 liis

1297 833 1368 857 non
1389 821 1625 856 existentibus
1645 821 1697 855 ita
1720 821 1766 856 ad
1784 819 1919 855 curiam
1936 820 2079 855 veniant
2101 829 2226 854 novem
2250 818 2378 854 unciae

1298 877 1431 902 omnes.
1481 867 1518 901 Si
1541 877 1624 901 vero
1656 866 1715 901 ille
1748 865 1887 910 quidem
1911 865 2080 907 tacuerit,
2112 864 2267 899 filiorum
2294 874 2376 899 vero

149 926 209 967 σης
241 912 355 949 οὕτως
385 916 444 950 ἐπὶ
476 916 542 958 τὴν
565 915 699 970 βουλὴν
728 915 893 960 ἐρχέσθω
925 913 966 947 τὸ
995 911 1228 966 ἐνναοᾱύγκιον
1243 917 1282 948 15
1295 911 1532 955 legitimorum
1556 912 1588 946 ei
1612 922 1684 946 non
1709 910 1756 946 sit
1779 911 1909 955 proles,
1941 914 2028 945 tunc
2051 910 2209 954 legitima
2233 909 2374 954 quidem

148 956 258 994 α’παν.
307 961 353 993 Εἰ
377 958 416 994 δὲ
436 958 455 994 ὁ
479 963 547 1004 μὲν
571 973 743 1007 σιγησειε,
775 958 921 994 παίδων
953 957 992 993 δὲ
1016 956 1113 1002 αὖτῳ
1145 972 1227 1004 γνη-

149 1010 240 1039 σίων
256 1002 318 1039 οὐκ
343 1006 393 1048 εἴη
412 1005 544 1051 σπορά,
570 1007 767 1049 τηνικαῦτα
791 1005 833 1039 τὸ
857 1006 924 1049 μὲν
948 1004 1102 1049 νόμιμον
1124 1006 1229 1050 μέρος

149 1053 208 1085 ἐπὶ
231 1051 313 1085 τοὺς
337 1051 375 1092 ἐξ
396 1048 593 1085 ἆδιαθέτου
617 1049 854 1098 κληρονόμους
878 1050 1053 1094 ἐρχέσθω,
1087 1048 1121 1083 οἱ
1144 1051 1226 1082 παῖ-

148 1094 204 1129 δες
229 1094 268 1129 δὲ
290 1096 326 1130 οἱ
347 1093 474 1138 νόθοι,
504 1098 535 1130 εἰ
558 1094 752 1141 βούλονται
776 1095 922 1129 ἑαυτοὺς
952 1093 1141 1130 ἐπιδοῦναι
1173 1094 1225 1136 τῷ

1296 967 1380 1001 pars
1404 956 1449 991 ad
1473 956 1623 992 heredes
1648 956 1694 991 ab
1718 956 1888 991 intestato
1913 956 2047 997 veniat,
2078 955 2140 990 filii
2164 965 2247 990 vero
2271 958 2376 990 natu-

1296 1002 1405 1042 rales,
1440 1002 1470 1036 si
1501 1002 1678 1037 voluerint
1710 1005 1821 1037 semet
1851 1002 1950 1046 ipsos
1982 1000 2109 1036 offerre
2142 1000 2274 1043 curiae,
2306 1000 2376 1035 hoc

1296 1047 1433 1082 faciant
1459 1047 1565 1082 sicuti
1588 1046 1776 1089 voluerint,
1809 1046 1884 1082 sive
1916 1056 2037 1082 omnes
2070 1056 2133 1081 seu
2164 1045 2309 1091 quidam
2333 1056 2376 1080 ex

1296 1092 1358 1134 eis,
1390 1095 1425 1126 et
1450 1092 1563 1127 modis
1589 1093 1752 1128 omnibus
1780 1103 1904 1128 novem
1929 1092 2057 1128 unciae
2081 1091 2306 1127 substantiae
2331 1091 2376 1125 ad

148 1141 398 1186 βουλευτηρίῳ,
425 1144 540 1195 ’τοῦτο
572 1145 792 1176 ποιείτωσαν
823 1137 994 1185 καθάπερ
1027 1138 1072 1173 ἄν
1099 1137 1225 1182 ἐθελή-
1241 1141 1283 1173 20
1296 1137 1448 1172 curiales
1482 1141 1546 1172 aut
1571 1138 1741 1173 curialem
1764 1138 1984 1182 perveniant.
2033 1137 2071 1173 Si
2094 1147 2177 1172 vero
2202 1137 2308 1172 etiam
2333 1146 2377 1171 ex

149 1200 260 1228 σειαν,
290 1188 360 1220 εἴτε
385 1199 515 1221 παντες
547 1187 618 1220 εἴτε
643 1189 736 1220 τινὲς
766 1186 804 1226 ἐξ
829 1183 963 1228 αὐτῶν,
994 1188 1053 1219 καὶ
1079 1183 1227 1220 πάντως

148 1232 190 1266 τὸ
217 1231 449 1278 ἐνναούγκιον
479 1233 541 1275 τῆς
570 1235 773 1277 περιουσίας
803 1232 850 1265 εἰς
878 1230 960 1265 τοὺς
990 1229 1227 1275 βουλεύοντας

148 1275 171 1320 ἢ
194 1277 261 1310 τὸν
285 1276 503 1321 βουλεύοντα
528 1276 790 1322 περιστήσεται.
839 1277 869 1309 εἰ
893 1275 933 1310 δὲ
957 1280 1015 1309 καὶ
1041 1278 1079 1309 ἐκ
1103 1273 1228 1319 δούλης

149 1320 246 1364 αὐτῷ
281 1323 469 1365 τεχθέντες
498 1323 577 1359 εἶεν,
610 1323 646 1355 εἴ
671 1335 711 1368 γε
736 1319 864 1355 αὐτοὺς
894 1319 1173 1366 ἐλευθερώσειεν
1205 1318 1227 1363 ἢ

1295 1182 1427 1217 ancilla
1459 1182 1490 1217 ei
1522 1183 1596 1217 nati
1628 1186 1727 1225 sunt,
1760 1182 1791 1218 si
1815 1192 1875 1218 eos
1900 1182 2145 1218 manumiserit
2171 1184 2235 1217 aut
2258 1183 2377 1217 vivens

1295 1232 1358 1263 aut
1381 1228 1419 1263 in
1443 1230 1656 1263 testamento
1680 1227 1749 1273 (et)
1773 1228 1942 1263 obtulerit
1966 1238 2037 1269 eos,
2059 1228 2166 1263 etiam
2190 1227 2242 1263 sic
2261 1227 2375 1263 susci-

1296 1273 1444 1319 piantur
1479 1277 1514 1307 et
1546 1273 1618 1307 sint
1652 1273 1821 1315 curiales,
1857 1273 1952 1308 sicut
1982 1275 2133 1308 testator
2168 1273 2280 1308 voluit
2314 1275 2377 1308 aut

1296 1319 1390 1354 sicut
1414 1329 1536 1353 eorum
1561 1318 1773 1353 desiderium
1797 1318 1900 1353 fecit:
1935 1318 2123 1353 offerentes
2147 1318 2240 1353 enim
2265 1321 2378 1353 semet

149 1368 285 1414 περιών
306 1367 328 1410 ἢ
346 1370 385 1400 έν
408 1369 451 1414 τῇ
470 1366 628 1415 διαθήκῃ
646 1371 705 1401 καὶ
722 1365 862 1410 ἐπιδοίη
878 1365 1033 1410 τούτους,
1053 1369 1111 1400 καὶ
1128 1362 1227 1400 οὕτω
1242 1367 1282 1400 25
1296 1364 1392 1408 ipsos
1428 1363 1549 1399 curiae
1583 1363 1799 1415 percipient,
1837 1363 1941 1399 sicuti
1976 1364 2110 1399 dictum
2145 1366 2215 1407 est,
2251 1374 2377 1399 novem

148 1411 474 1457 προςδεχέσθωσαν
495 1417 553 1446 καὶ
577 1414 743 1447 ἔστωσαν
771 1412 976 1457 βουλευταί,
1009 1411 1181 1456 καθάπερ
1205 1409 1224 1445 ὁ

148 1456 361 1502 διαθέμενος
385 1456 573 1502 ἠβουλήθη
605 1456 626 1501 ἢ
650 1456 822 1502 καθάπερ
853 1456 874 1501 ἡ
901 1455 1024 1492 αὐτῶν
1048 1457 1227 1501 ἐπιθυμία

147 1507 356 1546 πεποίηκεν·
383 1502 570 1538 ἐπιδόντες
591 1504 658 1550 γὰρ
677 1503 823 1538 ἑαυτοὺς
845 1505 889 1550 τῇ
911 1502 1021 1550 βουλῇ
1047 1502 1227 1548 λήψονται

147 1546 318 1594 καθάπερ
342 1549 478 1602 εἴρηται
495 1549 538 1583 τὸ
556 1549 797 1602 ἑνναούγκέον.
847 1550 1034 1590 πανταχοῦ
1050 1549 1119 1594 γὰρ
1144 1552 1226 1591 βου-

1296 1409 1432 1444 uncias.
1482 1409 1646 1453 Undique
1678 1419 1770 1443 emm
1801 1409 1973 1451 volumus,
2007 1409 2062 1443 vel
2094 1408 2124 1444 si
2147 1410 2299 1444 testetur
2322 1409 2377 1444 vel

1296 1455 1327 1490 si
1350 1465 1424 1490 non
1447 1454 1547 1490 facta
1571 1455 1754 1490 voluntate
1780 1454 1982 1497 decesserit,
2006 1464 2067 1489 eos
2089 1454 2150 1499 qui
2174 1454 2220 1489 ad
2242 1454 2376 1489 curiam

1295 1500 1442 1536 veniunt
1461 1510 1586 1535 novem
1609 1499 1733 1534 uncias
1754 1499 1928 1544 accipere.
1979 1499 2016 1534 Si
2032 1509 2113 1535 vero
2135 1499 2377 1534 manumiserit

1296 1546 1438 1591 quidem
1463 1544 1682 1580 solummodo
1708 1555 1780 1580 non
1804 1548 1922 1580 tamen
1943 1544 2122 1587 obtulerit,
2147 1545 2253 1579 atilli
2271 1544 2377 1580 etiam

146 1593 300 1638 λόμεθα,
331 1607 397 1627 καν
427 1596 457 1627 εἰ
494 1592 665 1628 διάθοιτο
701 1608 767 1628 καν
803 1595 833 1627 εἰ
865 1608 913 1638 μη
948 1591 1228 1638 βουλευσάμενος
1240 1595 1282 1628 30
1296 1592 1348 1626 sic
1377 1591 1502 1626 volunt
1533 1595 1596 1625 aut
1627 1590 1770 1635 quidam
1802 1600 1844 1626 ex
1870 1590 1920 1625 eis
1952 1590 1998 1625 ad
2024 1590 2160 1625 curiam
2183 1589 2374 1635 respicere,

147 1637 321 1682 ἀπέλθοι,
345 1638 427 1673 τους
451 1640 497 1674 εἰς
520 1639 588 1683 τὴν
613 1638 746 1684 βουλὴν
770 1642 975 1686 ἐρχομένους
998 1640 1040 1673 τὸ
1058 1638 1226 1685 ε’νναούγ-

146 1698 223 1718 κιον
254 1684 461 1728 λαμβάνειν.
509 1686 540 1718 εἰ
572 1683 611 1719 δὲ
643 1684 898 1730 ἐλευθερώσειε
930 1687 997 1729 μὲν
1031 1684 1148 1729 μόνον
1183 1681 1224 1717 οὐ

145 1730 217 1774 μὴν
242 1728 393 1773 ἐπιδοίη,
425 1730 460 1764 οἱ
483 1729 522 1764 δὲ
544 1734 604 1764 καὶ
627 1727 724 1764 οὕτω
748 1728 938 1774 βούλοιντο
962 1730 985 1785 η’
1009 1742 1062 1764 τις
1086 1729 1108 1773 ἢ
1132 1740 1226 1764 τινες

146 1776 184 1816 ἐξ
208 1772 331 1809 αὐτῶν
355 1776 443 1820 πρὸς
466 1777 508 1809 τὸ
535 1775 789 1830 βουλευτῄριον
813 1774 913 1819 ἰδεῖν,
939 1779 1078 1809 nausias
1101 1775 1142 1809 τὸ
1170 1777 1225 1808 ἐν-

1296 1636 1402 1672 etiam
1427 1640 1513 1671 tunc
1538 1646 1664 1672 novem
1687 1635 1815 1671 unciae
1840 1636 1974 1671 curiam
1999 1635 2119 1680 agenti
2151 1638 2214 1670 aut
2239 1635 2375 1680 agenti-

1296 1683 1362 1718 bus
1387 1681 1583 1717 secundum
1616 1681 1851 1726 quantitatem
1881 1681 2020 1717 dentur.
2069 1681 2109 1716 Si
2139 1690 2222 1716 vero
2253 1681 2376 1716 nullus

1294 1728 1514 1763 naturalium
1531 1730 1595 1762 aut
1610 1726 1694 1762 velit
1713 1730 1776 1761 aut
1794 1726 1976 1769 offeratur,
1998 1730 2084 1761 tunc
2104 1736 2231 1762 novem
2251 1726 2376 1761 uncias

1295 1773 1396 1808 curia
1426 1772 1621 1818 percipiat:
1659 1772 1778 1816 palam
1811 1773 1941 1817 quippe
1973 1775 2043 1814 est,
2076 1771 2160 1816 quia
2192 1771 2297 1806 simul
2321 1781 2375 1806 se-

145 1820 338 1868 ναούγκιον
362 1822 414 1863 τῷ
440 1820 648 1865 βουλεύοντι
673 1836 693 1864 η
719 1824 790 1855 τοῖς
813 1819 1021 1865 βουλεύουσι
1042 1821 1134 1855 κατὰ
1159 1821 1225 1863 τὴν
1239 1822 1280 1854 35
1295 1819 1416 1863 quitur
1440 1818 1572 1863 ubique
1588 1817 1699 1852 fiscus
1715 1817 1911 1852 secundum
1933 1817 2224 1854 constitutionem
2244 1816 2288 1851 de
2307 1817 2376 1852 hoc

146 1864 343 1913 ἀναλογίαν
361 1864 536 1900 διδόσθω.
582 1868 627 1900 Εἰ
649 1865 687 1900 δὲ
705 1864 827 1910 μηδεὶς
851 1868 927 1900 τῶν
947 1866 1080 1901 νόθων
1100 1864 1123 1909 ἢ
1142 1870 1224 1910 βου-

147 1910 274 1955 ληθείη
291 1910 314 1955 ἢ
331 1910 532 1955 ἐπιδοθείη,
549 1914 747 1956 τηνικαῦτα
764 1912 806 1946 τὸ
825 1911 1058 1958 ἐνναούγκιον
1075 1908 1096 1955 ἡ
1113 1910 1223 1956 βουλὴ

147 1957 380 2003 λαμβανέτω·
408 1955 515 2000 δῆλον
539 1955 579 1991 δὲ
602 1954 661 1991 ὅτι
678 1956 1064 2005 συμπαρακολουθήσει
1086 1969 1224 1991 παντα-

146 2004 207 2046 χοῦ
239 2003 281 2036 τὸ
310 2001 484 2055 δημόσιον
519 2003 610 2037 κατὰ
643 2003 709 2057 τὴν
741 2007 830 2059 περᾷτ
854 2001 983 2037 τούτου
1010 2003 1226 2046 τεθειμένην

1294 1874 1316 1899 a
1351 1864 1454 1900 nobis
1491 1863 1656 1908 positam.
1712 1862 1766 1897 De
1802 1863 2025 1898 naturalibus
2061 1862 2182 1907 itaque
2217 1861 2278 1907 qui
2311 1871 2377 1906 per

1294 1910 1483 1944 transitum
1514 1908 1560 1943 ad
1585 1908 1721 1943 curiam
1752 1907 1844 1943 fiunt
1872 1908 2018 1953 legitimi
2049 1908 2085 1942 et
2114 1908 2159 1942 de
2189 1907 2295 1942 modo
2320 1916 2374 1942 se-

1296 1956 1450 1990 cundum
1482 1964 1586 1999 quem
1621 1953 1819 1988 offeruntur
1848 1956 1884 1989 et
1915 1952 2204 1990 successionibus
2234 1952 2324 1988 haec
2353 1962 2376 1987 s.

1295 2001 1398 2036 nobis
1422 2010 1512 2046 pure
1536 1999 1674 2035 sancita
1698 1999 1781 2034 sint.

147 2045 235 2094 παρ’
263 2046 367 2092 ἡμων
398 2045 571 2088 διάταξιν.
619 2061 662 2082 το
693 2050 760 2092 μὲν
788 2061 852 2082 ουν
883 2051 965 2093 περὶ
990 2046 1120 2081 νόθων
1151 2048 1226 2081 τῶν
1239 2049 1283 2082 40

147 2092 205 2127 δια
234 2105 297 2137 της
326 2093 372 2126 εἰς
403 2093 470 2136 τὴν
492 2093 624 2138 βουλὴν
648 2091 810 2138 παρόδου
838 2096 1042 2139 γινομένων
1065 2096 1227 2139 γνησίων

147 2142 206 2172 καὶ
230 2139 295 2172 τοῦ
320 2135 456 2183 τρόπου
488 2136 580 2172 καθ’
608 2135 650 2171 ὃν
671 2137 898 2172 έπιδίδονται
921 2142 981 2171 καὶ
1005 2139 1082 2171 τῶν
1107 2136 1227 2171 διαδο-

147 2185 223 2226 χῶν
246 2182 362 2229 ’ταύτῃ
385 2184 559 2228 καθαρῶς
581 2181 666 2226 ἡμῖν
690 2182 1013 2227 νενομοθετήσθω.

150 2270 288 2317 leqibus
311 2274 403 2313 erat)
428 2270 627 2306 adiectione
651 2270 767 2306 altera
791 2281 877 2305 neve
898 2270 1080 2305 oblatione
1104 2269 1189 2303 dum
1209 2268 1422 2314 superstites
1446 2272 1552 2303 erant
1570 2267 1745 2313 facienda
1764 2268 1939 2315 indiqeat,
1963 2268 2029 2304 sed
2042 2268 2217 2314 protinus
2235 2267 2376 2314 scripti,

148 2317 180 2351 si
203 2315 310 2351 modo
344 2315 449 2351 liberi
477 2318 578 2357 sunt,
611 2315 766 2350 curiales
797 2314 906 2350 simul
935 2318 971 2350 et
1002 2314 1150 2349 heredes
1169 2314 1275 2358 fiant,
1310 2313 1536 2358 habeantque
1567 2314 1638 2359 ipsi
1662 2324 1805 2359 quoque
1828 2324 1953 2349 novem
1985 2314 2113 2348 uncias
2140 2313 2376 2355 substantiae,

149 2360 446 2407 quemadmodum
469 2364 575 2406 pater
599 2360 670 2395 illis
694 2360 926 2395 distribuerit.
973 2358 1114 2402 Quodsi
1134 2358 1191 2394 vel
1216 2362 1328 2393 totum
1353 2369 1468 2393 assem
1488 2358 1534 2392 iis
1554 2358 1759 2403 relinquere
1783 2358 1946 2400 voluerit,
1970 2358 2078 2393 etiam
2098 2357 2224 2393 melius
2242 2358 2376 2403 faciet:

150 2411 245 2442 certe
269 2417 381 2451 usque
405 2405 454 2440 ad
477 2416 601 2440 novem
625 2406 751 2440 uncias
775 2406 918 2440 omnino
941 2404 987 2439 iis
1010 2404 1195 2449 relinquat
1216 2404 1390 2449 sciatque,
1415 2403 1556 2438 etiamsi
1579 2403 1625 2437 iis
1649 2404 1766 2437 minus
1781 2403 1980 2448 reliquerit,
2005 2407 2045 2437 at
2060 2413 2110 2438 ex
2130 2403 2209 2448 leqe
2231 2403 2375 2438 omnino

149 2451 372 2487 substantiae
396 2451 439 2486 iis
458 2450 743 2496 supplementum
764 2450 861 2495 fore.
909 2448 971 2485 Illi
995 2460 1078 2485 vero
1102 2448 1278 2493 siquidem
1302 2448 1518 2493 acceperint,
1545 2447 1700 2483 curiales
1720 2448 1836 2491 siant;
1857 2448 1914 2482 sin
1934 2458 2060 2483 eorum
2084 2447 2149 2482 alii
2172 2448 2377 2494 acceperint

150 2497 215 2532 alii
238 2496 498 2537 recusaverint,
530 2495 579 2530 ad
599 2506 662 2531 eos
685 2495 747 2541 qui
770 2495 976 2541 acceperint
1006 2494 1248 2529 recusantium
1273 2498 1404 2539 partes
1432 2494 1588 2528 veniant.
1638 2491 1679 2527 Si
1703 2503 1787 2528 vero
1821 2503 1944 2528 omnes
1974 2492 2258 2538 repudiaverint,
2292 2497 2376 2528 tunc

146 2541 304 2588 proinde
328 2541 433 2587 quasi
457 2541 561 2576 liberi
583 2540 674 2575 nulli
698 2540 864 2576 adessent
887 2540 936 2575 ad
954 2539 1093 2574 curiam
1117 2549 1237 2573 omnes
1256 2549 1381 2574 novem
1396 2538 1525 2573 unciae
1575 2538 1764 2573 ertineant.
1812 2536 1948 2580 Quodsi
1965 2537 2025 2572 ille
2045 2537 2187 2583 quidem
2211 2539 2376 2580 tacuerit,

151 2598 215 2622 nec
239 2597 321 2622 vero
345 2586 538 2621 liberorum
563 2586 800 2631 leqitimorum
824 2586 859 2620 ei
878 2585 1002 2632 proles
1024 2585 1082 2626 sit,
1108 2587 1192 2618 tunc
1213 2594 1305 2629 pars
1329 2583 1489 2629 leqitima
1513 2594 1536 2618 a
1586 2582 1736 2618 heredes
1758 2582 1803 2618 ab
1820 2583 1991 2618 intestato
2017 2583 2148 2625 veniat,
2172 2582 2274 2618 liberi
2290 2594 2374 2619 vero

150 2632 345 2673 naturales,
376 2633 411 2666 si
432 2631 554 2666 curiae
586 2642 624 2666 se
647 2631 719 2677 ipsi
750 2631 885 2675 offerre
908 2630 1036 2671 velint,
1071 2628 1140 2664 hoc
1162 2628 1307 2673 faciant
1330 2627 1628 2674 quemadmodum
1652 2627 1851 2669 voluerint,
1881 2629 1955 2663 sive
1979 2638 2101 2662 omnes
2131 2628 2204 2663 sive
2228 2628 2375 2680 quidam

150 2688 291 2719 eorum,
323 2680 432 2723 atque
457 2676 601 2711 omnino
634 2687 758 2712 novem
788 2676 917 2710 unciae
946 2674 1170 2710 substantiae
1202 2673 1250 2708 ad
1273 2674 1429 2709 curiales
1459 2673 1516 2708 vel
1544 2672 1715 2708 curialem
1746 2673 1987 2708 revolventur.
2035 2671 2172 2716 Quodsi
2195 2678 2303 2709 etiam
2325 2684 2376 2709 ex

151 2722 285 2758 ancilla
309 2722 342 2758 ei
365 2722 443 2757 nati
466 2722 539 2756 sint
555 2721 670 2763 liberi,
694 2722 728 2756 si
742 2720 882 2767 quidem
907 2731 970 2756 eos
993 2720 1050 2755 vel
1071 2719 1153 2754 dum
1169 2722 1352 2764 superstes
1368 2721 1448 2753 erat
1470 2718 1528 2753 vel
1544 2718 1582 2752 in
1600 2722 1810 2753 testamento
1835 2718 2083 2753 manumiserit
2106 2722 2213 2764 atque
2233 2718 2375 2754 eosdem

151 2768 331 2809 obtulerit,
354 2767 407 2802 sic
423 2777 567 2813 quoque
591 2766 816 2812 recipiantur
838 2770 874 2801 et
890 2767 961 2801 sint
978 2765 1143 2806 curiales,
1169 2763 1466 2809 quemadmodum
1492 2766 1643 2798 testator
1666 2763 1790 2805 voluit,
1814 2762 1871 2798 vel
1890 2763 2188 2808 quemadmodum
2211 2763 2375 2810 ipsorum

150 2813 365 2848 desiderium
389 2812 526 2858 effecit:
562 2823 645 2846 nam
668 2811 729 2847 ubi
752 2823 790 2847 se
813 2812 887 2857 ipsi
908 2811 1031 2846 curiae
1056 2809 1281 2851 obtulerunt,
1306 2818 1430 2843 novem
1454 2809 1591 2848 uncias,
1623 2807 1730 2843 sicuti
1753 2808 1887 2858 dictum
1911 2812 1981 2850 est,
2005 2808 2194 2854 accipient.
2248 2807 2376 2854 Utique

150 2859 242 2894 enim
267 2857 440 2900 volumus,
473 2859 546 2893 sive
571 2861 721 2893 testatus
744 2857 790 2892 sit
813 2857 887 2892 sive
908 2856 1127 2892 voluntatem
1150 2865 1252 2888 suam
1276 2864 1349 2888 non
1367 2853 1566 2898 professus
1590 2852 1797 2894 decesserit,
1821 2863 1884 2888 eos
1908 2853 1971 2899 qui
1994 2853 2044 2888 ad
2066 2854 2204 2888 curiam
2229 2854 2375 2890 veniant

150 2914 274 2939 novem
294 2903 421 2938 uncias
444 2903 617 2948 accipere.
666 2901 706 2937 Si
731 2913 813 2938 vero
837 2912 900 2937 eos
922 2899 1170 2936 manumiserit
1195 2903 1330 2934 tantum
1362 2908 1427 2933 nec
1452 2908 1536 2933 vero
1562 2897 1748 2939 obtulerit,
1779 2901 1888 2943 atque
1912 2898 1966 2932 illi
1997 2898 2052 2934 vel
2074 2909 2169 2933 unus
2199 2899 2256 2934 vel
2283 2910 2373 2934 non-

151 2949 241 2984 nulli
264 2959 386 2984 eorum
409 2947 458 2982 ad
472 2948 610 2983 curiam
634 2948 813 2993 respicere
834 2946 952 2989 velint,
978 2952 1051 2980 tum
1076 2955 1218 2990 quoque
1242 2954 1366 2979 novem
1391 2943 1518 2977 unciae
1541 2942 1674 2977 curiali
1694 2942 1750 2977 vel
1771 2942 1968 2978 curialibus
1986 2954 2061 2989 pro
2084 2944 2255 2989 portione
2278 2944 2375 2979 virili

152 2994 290 3028 dentur.
338 2992 477 3036 Quodsi
498 3004 600 3028 nemo
624 3004 674 3028 ex
697 2993 926 3027 naturalibus
950 2996 1013 3026 aut
1035 2990 1189 3026 voluerit
1212 2993 1277 3024 aut
1298 2988 1439 3023 oblatus
1458 2988 1516 3028 sit,
1543 2991 1626 3022 tunc
1646 2998 1770 3022 novem
1790 2987 1917 3022 uncias
1937 2988 2040 3023 curia
2059 2988 2217 3035 accipiat
2224 3001 2238 3030 ‚·
2261 2990 2372 3024 mani-

151 3040 285 3084 festum
304 3043 422 3073 autem
437 3042 491 3073 est
502 3038 630 3082 liscum
654 3038 778 3083 utique
800 3037 908 3071 simul
929 3047 1006 3072 esse
1022 3045 1270 3070 successurum
1294 3032 1488 3068 secundum
1509 3032 1796 3067 constitutionem
1821 3044 1843 3066 a
1863 3033 1967 3068 nobis
1986 3033 2107 3068 latam.
2156 3033 2211 3068 De
2225 3039 2374 3069 natura-

153 3084 244 3118 libus
267 3083 379 3129 iqitur
402 3083 446 3118 iis
470 3083 533 3127 qui
550 3094 622 3128 per
646 3083 836 3118 transitum
861 3082 909 3116 ad
928 3081 1065 3116 curiam
1090 3079 1240 3125 leqitimi
1255 3079 1350 3124 fiant
1373 3083 1408 3113 et
1431 3076 1475 3112 de
1498 3077 1604 3112 modo
1629 3087 1701 3122 quo
1726 3076 1931 3122 offerantur
1955 3077 2069 3123 deque
2087 3078 2375 3114 successionibus

153 3130 205 3164 ita
229 3140 251 3163 a
275 3128 379 3163 nobis
402 3127 557 3163 dilucide
579 3128 755 3162 sancitum
779 3132 867 3162 esto.

1298 3218 1338 3249 41
1366 3228 1435 3293 ’ἵζν
1459 3228 1516 3247 om.
1542 3214 1574 3247 L
1593 3214 1605 3257 11
1626 3215 1670 3248 42
1694 3213 1759 3246 τοῦ
1786 3225 1843 3246 om.
1858 3215 1889 3246 L
1907 3213 1919 3257 11
1937 3211 2121 3256 διαδόχων
2134 3215 2182 3248 L²
2197 3214 2210 3259 11
2230 3217 2272 3250 43
2293 3215 2374 3249 ταῦ-

1297 3273 1345 3294 τα
1426 3272 1445 3296 ς

208 3222 222 3253 1
251 3218 319 3252 *τὸ
344 3218 420 3252 τῶν
446 3220 538 3259 (idem
562 3232 644 3251 corr.
660 3220 807 3260 249‚12)]
832 3218 910 3250 τῶν
934 3218 979 3250 M
1003 3217 1041 3249 ἐκ
1064 3216 1141 3249 τῶν
1164 3217 1195 3249 L
1219 3216 1230 3256 ΙΙ

154 3267 174 3299 4
194 3260 268 3307 ἅμα
283 3265 338 3304 Μ]
362 3264 402 3297 τὲ
426 3259 498 3306 ἅμα
520 3265 549 3296 L
573 3263 585 3307 11
612 3265 632 3297 6
658 3261 821 3306 διαμείνη
847 3263 924 3306 Lass
951 3257 1070 3294 αὐτοῖς
1094 3263 1146 3297 Lg
1171 3263 1227 3304 (cf.

154 3312 302 3351 249‚17)]
326 3323 384 3342 om.
409 3309 453 3341 Μ
473 3309 527 3361 11ὶῖ
554 3307 711 3353 *πράξει
736 3310 790 3351 (Cf
813 3319 832 3344 ς
855 3315 885 3340 et
909 3309 984 3340 adn.
1012 3309 1057 3339 ad
1080 3308 1228 3349 249‚1s)]

154 3354 298 3400 πράξειε
311 3355 383 3388 ML
402 3355 413 3395 11
431 3356 450 3388 9
465 3355 584 3386 αυτοῖς
601 3367 658 3385 om.
670 3366 688 3389 ς
705 3354 716 3394 11
735 3350 966 3398 ἐγκαταλίπω
979 3353 1010 3384 L
1028 3351 1040 3395 11
1061 3353 1099 3386 12
1114 3352 1230 3395 *παρ-

155 3399 362 3443 αιτήσοιντο
376 3400 447 3432 ML
474 3399 486 3442 11
511 3400 551 3432 18
571 3396 800 3443 κληρονόμοις
815 3400 841 3430 L
860 3398 872 3441 11
900 3400 939 3432 19
961 3394 1125 3430 ἐκδοῦναι
1141 3398 1229 3439 vulq-

154 3448 235 3479 male
248 3445 259 3489 11
272 3448 313 3479 22
328 3444 407 3478 τοὺς
420 3441 611 3487 βουλευτὰς
628 3446 653 3475 l,
673 3443 685 3487 11
702 3445 744 3477 24
758 3440 871 3484 αὐτῷ]
890 3438 1008 3475 αὐτοῖς
1022 3443 1066 3474 L·
1085 3441 1096 3485 11
1115 3444 1156 3476 28
1171 3439 1230 3483 λή-

156 3502 265 3534 ψεται
279 3491 326 3524 L*
345 3491 356 3530 11
375 3492 416 3523 30
434 3487 695 3532 βουλησάμενος
708 3489 756 3521 L2
775 3490 787 3531 11
804 3490 842 3521 31
872 3489 1075 3532 ἐρχομένους
1092 3485 1229 3530 λαμβά-

156 3548 232 3569 νειν
249 3533 458 3580 ἑναούγκιον
473 3535 501 3567 L
522 3534 534 3578 11
550 3530 883 3578 32’*ἐλευθερώσειε
897 3534 951 3575 (cf.
967 3533 1009 3573 ς)]
1036 3529 1230 3577 ἐλευθερώ-

157 3591 210 3613 σει
224 3582 293 3614 ML
306 3582 361 3625 (cs
376 3582 452 3621 250,
467 3582 495 3621 4)
521 3580 533 3622 11
558 3581 598 3613 33
624 3577 819 3621 βούλονται
844 3579 896 3613 Ls'
922 3579 933 3621 11
961 3576 982 3619 ἦ
1006 3588 1059 3610 τις
1082 3575 1103 3619 ἦ
1125 3579 1230 3617 τινες]

157 3628 215 3658 aut
227 3626 359 3666 quidam
377 3638 395 3662 ς
414 3627 425 3669 11
442 3627 484 3659 36
500 3625 556 3667 Εἰ]
574 3621 595 3666 ἢ
611 3625 657 3657 L¹
676 3624 687 3667 11
705 3621 727 3666 ἢ
744 3622 938 3667 βουληθείη
956 3623 1147 3656 Haloander
1162 3636 1199 3656 ex
1213 3634 1231 3658 ς

156 3672 212 3712 (cfi
226 3673 302 3712 250,
316 3674 357 3713 8)]
382 3668 578 3714 βουληθείη
594 3671 663 3702 ML
682 3670 693 3713 11
711 3671 753 3703 37
768 3666 907 3710 ἐπιδοίη
923 3669 953 3701 L
969 3666 981 3711 11
1001 3669 1042 3700 38
1058 3664 1167 3709 δῆλον
1180 3665 1231 3708 δὲ]

159 3712 212 3757 δῆΙ
228 3717 273 3748 M
277 3716 287 3735 ¹
301 3718 332 3749 in
336 3718 410 3757 fine
422 3729 542 3757 versus,
557 3712 665 3757 δῆλον
676 3716 716 3747 M
720 3715 734 3734 ²
752 3714 765 3758 11
781 3710 1167 3758 συμπαρακολουθείση
1179 3714 1208 3745 L

159 3763 200 3795 40
225 3758 401 3803 διάταξιν]
426 3763 551 3796 videtur
556 3763 668 3804 fuisse
692 3761 769 3795 0οά-
786 3761 838 3802 10,
852 3767 898 3801 35,
912 3767 927 3792 4
945 3760 1000 3801 (cf.
1018 3760 1046 3800 l,
1059 3765 1087 3800 3,
1100 3765 1135 3791 52
1152 3763 1166 3797 ς
1182 3760 1208 3800 1)

1346 3352 1364 3384 2
1389 3351 1510 3392 scripto
1531 3350 1562 3383 V
1576 3348 1588 3392 11
1610 3352 1630 3383 4
1647 3349 1676 3381 ei
1698 3350 1730 3381 T
1741 3349 1753 3391 11
1773 3351 1792 3382 5
1809 3349 1839 3382 si
1856 3349 1954 3382 etiam
1971 3353 2030 3381 aut
2051 3349 2105 3394 Vss
2125 3350 2296 3384 uoluerint
2314 3352 2347 3385 V
2364 3350 2377 3396 11

1301 3399 1319 3430 7
1340 3396 1548 3436 relinquatur
1566 3395 1597 3427 T
1617 3395 1629 3436 11
1653 3396 1672 3427 8
1697 3394 2005 3436 relinqueritRVss
2030 3397 2050 3428 9
2074 3396 2101 3427 si
2118 3395 2288 3428 uoluerint
2302 3404 2377 3439 post

1301 3440 1441 3474 curiales
1465 3441 1541 3473 add.
1564 3439 1623 3477 V³,
1649 3452 1707 3471 om.
1731 3439 1778 3472 V¹
1801 3439 1813 3482 11
1839 3439 1987 3472 uoluerit
2010 3439 2040 3471 R
2062 3439 2075 3483 11
2105 3442 2144 3474 10
2170 3440 2298 3482 aliquid
2323 3443 2375 3474 ΙΝ

1299 3487 1346 3519 R¹
1364 3485 1376 3529 11
1395 3484 1522 3526 aliquid
1537 3485 1588 3517 Va
1605 3484 1617 3527 11
1637 3486 1678 3517 12
1692 3486 1840 3516 renuunt
1851 3484 1884 3516 R
1901 3483 1913 3526 11
1930 3486 2011 3516 tuno
2028 3497 2085 3517 om.
2100 3485 2133 3518 T
2144 3485 2157 3528 11
2178 3488 2217 3519 15
2232 3486 2301 3519 sint
2322 3486 2376 3530 711

1302 3533 1342 3565 18
1368 3530 1515 3563 uoluerit
1540 3530 1570 3561 R
1599 3529 1611 3572 11
1644 3530 1684 3563 19
1708 3528 1912 3561 substantiae
1936 3541 1994 3562 om.
2023 3530 2055 3562 T
2076 3528 2088 3572 11
2119 3531 2159 3564 21
2185 3533 2274 3572 sunt]
2307 3531 2376 3564 sint

1301 3576 1332 3608 R
1351 3576 1363 3618 11
1380 3576 1422 3608 22
1448 3577 1480 3607 et
1504 3575 1579 3607 add.
1595 3574 1689 3606 Beck
1705 3573 1717 3617 11
1742 3575 1783 3607 23
1805 3577 1837 3606 et
1856 3573 1935 3614 sint]
1961 3579 1993 3606 et
2010 3575 2038 3607 si
2060 3574 2108 3607 V¹
2132 3576 2199 3608 sint
2220 3576 2270 3609 17²
2287 3575 2300 3620 11
2316 3587 2375 3609 uo-

1299 3621 1402 3654 luerit
1427 3619 1483 3663 Τ11
1511 3621 1551 3652 25
1573 3618 1759 3662 percipiant
1778 3619 1864 3651 siout
1883 3619 1916 3651 R
1934 3617 1947 3662 11
1969 3620 2010 3652 27
2027 3619 2122 3652 saca·
2147 3620 2194 3654 V¹
2219 3620 2231 3664 11
2258 3623 2300 3656 28
2320 3632 2374 3654 ac-

1301 3676 1417 3708 csper*
1439 3665 1486 3698 V¹
1505 3664 1518 3708 11
1535 3665 1576 3698 29
1590 3663 1733 3705 quidem]
1751 3675 1804 3696 eos
1819 3663 1953 3705 quidem
1968 3663 2017 3696 T2
2034 3664 2046 3707 11
2064 3668 2195 3698 tantum
2211 3666 2245 3699 R
2258 3668 2284 3699 V
2299 3669 2312 3710 11
2327 3669 2373 3707 at]

1304 3713 1362 3743 ut
1385 3711 1417 3743 T
1424 3710 1435 3730 ¹
1465 3712 1524 3742 aut
1548 3710 1634 3752 vuly.
1654 3708 1667 3753 11
1689 3711 1731 3742 30
1755 3709 1814 3749 sic]
1839 3708 1867 3741 si
1892 3708 1940 3741 R2
1963 3709 2050 3741 sicut
2073 3711 2106 3743 V
2122 3712 2134 3752 11
2161 3711 2295 3753 quidem
2315 3712 2348 3745 V
2365 3714 2376 3752 lj

1302 3758 1343 3790 31
1366 3765 1478 3788 curam
1498 3754 1548 3789 V¹
1565 3754 1578 3799 11
1594 3755 1724 3797 argenti
1741 3754 1790 3788 R¹
1808 3754 1820 3798 11
1837 3755 1879 3788 39
1899 3764 1982 3797 pure
2003 3767 2062 3788 om.
2074 3756 2106 3787 R
2123 3755 2135 3799 11
2151 3759 2230 3790 sunt
2244 3757 2329 3790 RT⁰

2036 3811 2102 3846 55*
