2580 3984
273 140 379 194 Nov.
401 147 621 193 oxxxm
644 150 688 204 4.
720 149 743 188 5

274 247 369 304 ρίους
385 257 465 292 τοὺς
480 253 590 290 αὑτοῦ
605 254 697 289 κατὰ
712 253 759 290 τὰ
770 254 1007 301 μοναστήρια,
1022 257 1083 288 καὶ
1095 242 1348 292 πυνθανέσθω

274 305 334 337 καὶ
350 302 449 345 παρὰ
465 301 541 335 τῶν
555 298 743 346 γειτόνων,
766 300 816 344 μή
839 299 909 336 πού
933 313 969 334 τι
986 298 1146 344 πονηρὸν
1167 300 1231 334 ἐπί
1251 311 1347 334 τινος

271 347 348 380 τῶν
377 347 631 390 μοναστηρίων
661 345 738 379 τῶν
769 343 925 391 ἐγγύθεν
954 347 1111 389 γίνεται,
1142 347 1200 379 καὶ
1230 344 1346 379 ταῦτα

272 387 419 426 ἅπαντα
449 390 703 432 σωφρονιζέτω
738 392 799 423 καὶ
828 390 890 432 τῆς
922 387 1159 434 προσηκούσης
1189 385 1344 429 ἀξιούτω

271 437 450 479 προνοίας.
493 430 583 467 ἀλλὰ
607 436 666 467 καὶ
684 430 704 467 ὁ
725 431 864 469 πόλεως
887 433 1035 476 ἑκάστης
1056 434 1246 468 ἐπίσκοπος
1264 432 1344 467 τού-

271 492 333 514 του
356 478 534 523 πρόνοιαν
558 479 678 521 ἐχέτω,
706 478 776 512 εἴτε
799 477 1018 522 πατριάρχης
1041 478 1112 512 εἴτε
1133 477 1345 523 μητροπολί-

271 534 331 566 της
354 524 425 557 εἴτε
447 526 507 556 καὶ
531 524 607 556 τῶν
629 519 722 556 καθ’
750 524 903 557 ἕκαστον
925 523 989 565 εἴη,
1017 525 1076 556 καὶ
1099 522 1181 557 τοὺς
1204 519 1345 567 εύλαβε·

271 566 420 602 στάτους
450 565 605 602 ἐκδίκους
636 568 698 610 τῆς
722 567 904 610 ἐκκλησίας
934 568 996 610 τῆς
1027 565 1139 601 αὑτοῦ
1171 566 1346 601 στελλέτω

271 613 387 646 ταῦτα
423 609 692 655 ἀναζητοῦντας
728 615 787 646 καὶ
822 611 1168 657 παραφυλάττοντας
1204 615 1264 646 καὶ
1298 611 1346 656 μὴ

1326 142 1411 190 672

2035 159 2249 198 Quouono
2279 151 2482 193 oronam-⁷1·

1416 265 1477 292 eos
1501 255 1561 301 qui
1584 254 1808 300 appellantur
1829 257 2042 300 responsarii
2071 258 2146 294 eius
2173 268 2236 303 per
2259 259 2483 302 monasteria,

1413 303 1449 335 et
1471 300 1628 344 requirat
1657 300 1764 335 etiam
1792 299 1944 344 vicinos,
1976 311 2020 338 ne
2048 302 2140 339 forte
2169 303 2303 347 aliquid
2333 312 2484 347 nequam

1412 345 1450 380 in
1482 345 1600 389 aliquo
1631 344 1925 380 monasteriorum
1954 347 2112 391 proximo
2143 348 2199 391 fit,
2233 349 2268 383 et
2294 347 2383 383 haec
2406 347 2483 383 uni-

1413 399 1515 430 versa
1538 389 1687 433 castiget
1710 391 1746 424 et
1766 390 1979 441 competenti
1998 391 2102 436 digna
2120 392 2232 428 faciat
2248 391 2482 436 providentia.

1382 437 1400 469 5
1414 434 1482 469 Sed
1518 434 1623 469 etiam
1656 434 1934 478 uniuscuiusque
1968 435 2117 472 civitatis
2153 437 2340 482 episcopus
2379 436 2484 473 huius

1413 478 1667 522 providentiam
1698 479 1847 521 habeat,
1879 479 1950 515 sive
1978 482 2181 524 patriarcha
2211 482 2283 517 sive
2305 483 2483 526 metropo-

1414 523 1478 558 lita
1502 523 1574 559 sive
1598 523 1725 568 singuli
1749 524 1821 559 sint
1844 524 2100 570 episcoporum,
2124 531 2160 562 et
2181 526 2484 562 reverentissimos

1415 568 1619 604 defensores
1650 568 1822 604 ecclesiae
1846 568 1964 604 mittat
1994 570 2083 606 haec
2108 571 2326 616 requirentes
2350 574 2387 607 et
2409 581 2484 607 ser-

1414 615 1536 648 vantes
1566 615 1603 649 et
1632 624 1705 649 non
1735 614 1888 649 sinentes
1921 613 2108 659 quicquam
2135 615 2213 651 fieri
2247 620 2348 652 extra
2380 626 2485 661 quam

271 658 543 711 συγχωροῦντας
572 653 660 702 μηδ’
687 653 811 691 ὁτιοῦν
841 657 1011 703 γίνεσθαι
1042 657 1116 697 ἔξω
1148 657 1212 691 τοῦ
1245 668 1346 702 προς·
1362 659 1402 692 10
1415 657 1533 700 decet,
1566 658 1629 693 sed
1652 662 1688 694 et
1717 658 1747 694 si
1771 658 1856 702 quid
1878 658 1960 700 fiat,
1991 660 2158 695 velociter
2186 661 2254 697 hoc
2285 662 2482 697 emendare.

269 713 428 746 ηκοντος,
452 697 542 736 ἀλλὰ
566 705 625 735 καί
641 702 723 736 εἴτι
738 705 888 748 γένοιτο,
913 702 1056 736 θᾶττον
1072 703 1180 736 τοῦτο
1199 703 1311 736 ἐπανο
1335 721 1347 728 -

271 747 442 781 θοῦντας.
489 745 509 780 ό
536 744 575 780 δὲ
598 744 797 793 ἁγιώτατος
821 747 1039 791 πατριάρχης
1059 744 1189 790 ταύτης
1212 747 1273 789 τῆς
1293 760 1347 780 ευ-

271 789 437 836 δαίμονος
460 791 599 826 πόλεως
628 792 675 826 τὰ
699 795 781 837 περὶ
803 792 880 826 τῶν
906 792 1072 826 ἐνταῦθα
1094 794 1348 837 μοναστηρίων

271 835 403 880 ὁμοίως
426 836 640 879 ἐξεταζέτω,
671 840 731 870 καὶ
756 835 912 882 φύλακας
941 836 1005 870 τοῦ
1027 836 1238 890 (πράγματος
1269 836 1347 870 τοὺς

1415 703 1667 739 sanctissimus
1710 706 1829 738 autem
1895 703 2074 739 atrIarcha
2115 705 2338 741 felicissimae
2379 706 2485 741 huius

1416 748 1514 784 urbis
1545 747 1589 783 de
1617 748 1840 784 monasteriis
1895 748 1928 783 ic
1985 749 2085 784 ositis
2114 750 2271 785 similiter
2299 750 2485 794 examinet,

1414 792 1484 838 (et)
1506 793 1670 829 custodes
1702 793 1754 827 rei
1785 792 1851 828 deo
1882 802 1962 828 ama
1988 793 2052 830 iles
2082 795 2251 830 ecclesiae
2282 795 2485 831 defensores

1415 838 1659 874 sanctissimae
1682 837 1826 873 maioris
1851 838 2021 874 ecclesiae
2044 842 2080 874 et
2096 850 2183 883 quos
2207 839 2383 884 putaverit
2405 849 2484 884 per-

270 880 572 926 θεοφιλεστάτους
601 879 899 935 ἐκκληζιεκὸίκους
930 882 992 935 τῆς
1014 882 1217 928 αγιωτάτης
1240 880 1344 928 μεγά-
1364 885 1402 917 15
1414 882 1527 919 sectos
1551 886 1587 919 et
1607 882 1872 918 honestissimos
1896 893 1972 918 esse
1996 885 2198 927 constituat,
2222 886 2263 920 ut
2284 894 2348 929 per
2365 884 2486 929 plures

271 925 330 968 λης
353 925 535 969 ἐκκλησίας
558 929 617 960 καὶ
633 923 694 960 οὓς
709 940 757 960 αν
772 929 952 971 νομίσειεν
968 930 1122 971 ακριβεῖς
1146 930 1204 959 καὶ
1221 938 1347 971 σεμνο·

269 968 398 1005 τάτους
428 970 520 1005 εἶναι
552 970 865 1015 καταστησάσθω,
898 971 958 1005 ἵνα
988 969 1048 1004 διὰ
1075 970 1257 1006 πλειόνων
1287 973 1348 1014 τῆς

271 1014 426 1059 φυλακῆς
456 1019 641 1062 γινομένης
671 1017 726 1050 ἔτι
757 1017 892 1060 μείζων
922 1012 944 1059 ἦ
976 1015 1119 1061 τήρησις
1150 1019 1209 1049 καὶ
1240 1013 1262 1060 ἡ
1287 1017 1348 1051 ἐπὶ

270 1063 343 1095 τοῖς
366 1057 622 1106 ἁμαρτήμασιν
646 1059 819 1103 ἐκδίκησις
839 1064 996 1106 γένηται.

1415 928 1577 963 custodia
1610 929 1707 963 facta
1743 927 1860 963 adhuc
1893 929 2045 974 amplius
2082 929 2279 967 observatio
2315 932 2351 965 et
2380 938 2487 975 super

1414 973 1572 1018 peccatis
1595 973 1750 1008 vindicta
1772 972 1846 1008 fiat.

1267 1172 1422 1208 CAPUT
1447 1173 1489 1208 V.

325 1241 390 1273 Δεῖ
411 1237 450 1273 δὲ
473 1240 623 1273 ἕκαστον
647 1239 889 1285 μοναστήριον
914 1235 985 1273 ὑπὸ
1006 1236 1204 1295 ἡγούμενον
1223 1239 1347 1274 τελοῦν
1361 1242 1402 1274 20

270 1286 378 1327 ἔχειν,
414 1284 585 1328 καθάπερ
619 1285 782 1318 εἰπόντες
816 1284 994 1328 ἔφθημεν,
1028 1296 1110 1319 τους
1144 1284 1347 1331 λεγομένους

270 1327 464 1375 ἇποκρισια
490 1332 569 1371 ίους,
603 1327 738 1375 ἄνδρας
759 1331 999 1375 γεγηρακότας
1025 1333 1084 1363 καὶ
1108 1327 1173 1373 ἤδη
1197 1331 1265 1364 τὸν
1283 1343 1346 1374 μο-

269 1375 418 1417 ναχικὸν
441 1368 464 1407 ἆ
495 1372 558 1408 λον
582 1370 869 1428 ἀγωνισαμένους
891 1377 951 1408 καὶ
974 1371 1015 1408 ού
1035 1372 1168 1419 ῥᾳδίως
1191 1376 1254 1409 τὰς
1277 1387 1345 1409 σω-

269 1421 420 1474 ματικὰς
443 1421 607 1474 ἐπηρείας
630 1421 897 1465 υφισταμένους,
928 1419 963 1453 οἳ
982 1423 1052 1453 τοῖς
1076 1421 1260 1475 πράγμασι
1286 1423 1345 1453 καὶ

269 1467 345 1498 ταῖς
362 1467 499 1498 ἀυτων
532 1463 818 1520 απησχόληνταα
825 1468 965 1510 χρείαις.
1013 1467 1073 1498 καὶ
1095 1478 1136 1499 ου
1161 1478 1276 1508 μονον
1300 1466 1344 1498 εἴ·
1359 1468 1400 1500 25
1413 1469 1542 1509 pentur
1565 1465 1788 1502 utilitatibus.

269 1522 336 1554 περ
361 1506 430 1543 viv&
453 1510 506 1543 ὦν
523 1510 574 1551 εἴη
598 1522 640 1543 το
657 1521 911 1555 μοναστηριον,
937 1506 1019 1543 ἀλλ’
1038 1510 1068 1543 εἰ
1091 1511 1345 1556 καὶγυναικῶν

268 1554 388 1597 τυχόν,
413 1567 429 1588 ε
444 1567 504 1589 ναι
525 1552 593 1588 δύο
608 1554 709 1588 τινὰς
731 1552 755 1597 ἢ
771 1557 863 1599 τρεῖς
887 1552 1021 1599 ἄνδρας
1043 1552 1067 1598 ἢ
1089 1552 1290 1598 εὐνούχους,
1316 1556 1345 1588 εἰ

270 1597 438 1642 δυνατόν,
470 1597 492 1642 ἢ
515 1600 592 1633 τῶν
614 1599 866 1645 γεγηρακότων
894 1612 934 1633 τε
963 1602 1021 1632 καὶ
1045 1602 1105 1634 ἐπὶ
1129 1600 1344 1647 σωφροσύνῃ

268 1647 605 1699 μεμαρτυρημένων,
637 1646 740 1699 οἵπερ
756 1643 802 1678 τὰ
819 1643 1014 1690 πράγματα
1033 1643 1155 1679 αὐταῖς
1171 1645 1345 1699 πράξουσι

1483 1240 1633 1284 Oportet
1669 1243 1786 1276 autem
1821 1241 2096 1287 unumquodque
2132 1241 2383 1278 monasterium
2420 1243 2487 1279 sub

1415 1285 1545 1320 abbate
1579 1286 1826 1329 constitutum,
1855 1287 1949 1322 sicut
1979 1287 2236 1331 praediximus,
2267 1287 2397 1322 habere
2426 1296 2487 1322 eos

1415 1329 1475 1374 qui
1491 1333 1663 1365 vocantur
1677 1332 1909 1376 responsarii,
1934 1332 2027 1367 viros
2044 1342 2146 1367 senes
2165 1334 2202 1368 et
2217 1332 2288 1367 iam
2304 1331 2486 1367 monachi-

1415 1385 1494 1410 cum
1527 1378 1705 1411 certamen
1734 1380 1941 1422 superantes
1976 1380 2010 1411 et
2041 1387 2112 1412 non
2143 1377 2246 1412 facile
2283 1376 2487 1422 corporales

1413 1420 1595 1455 violentias
1619 1431 1801 1465 passuros.
1850 1421 1887 1457 ui
1907 1432 2028 1457 eorum
2050 1422 2156 1457 rebus
2181 1426 2216 1458 et
2236 1432 2357 1457 eorum
2381 1432 2486 1457 occu·

1868 1471 1884 1501 t
1907 1477 1978 1501 non
2002 1467 2115 1502 solum
2139 1467 2169 1502 si
2188 1467 2342 1502 virorum
2364 1476 2487 1502 mona-

1414 1510 1577 1553 sterium,
1602 1510 1665 1545 sed
1688 1510 1718 1546 si
1742 1512 1847 1546 etiam
1870 1512 2055 1547 mulierum
2079 1512 2271 1557 contingat,
2298 1517 2376 1547 esse
2399 1511 2487 1547 duos

1414 1555 1549 1599 aliquos
1573 1557 1636 1590 aut
1659 1559 1730 1591 tres
1754 1556 1846 1592 viros
1870 1560 1935 1592 aut
1955 1557 2147 1599 eunuchos,
2175 1558 2206 1593 si
2229 1557 2399 1602 possibile
2423 1558 2486 1599 est,

1413 1604 1476 1634 aut
1510 1610 1611 1635 senes
1647 1603 1682 1635 et
1719 1601 1893 1637 castitatis
1928 1602 2167 1637 testimonium
2201 1602 2391 1644 habentes,
2427 1601 2488 1646 qui

1413 1655 1541 1680 causas
1574 1650 1681 1690 agant
1715 1650 1750 1682 et
1779 1646 1991 1682 ineffabilem
2023 1647 2074 1682 eis
2101 1647 2299 1699 praebeant
2333 1657 2486 1682 commu-

268 1693 332 1743 καὶ,
351 1689 419 1733 τὴν
443 1701 598 1744 αρρητον
623 1692 745 1723 αυταῖς
764 1687 983 1723 διαδώσουσι
1006 1693 1211 1733 κοινωνίαν,
1240 1694 1343 1733 ηνίκα
1359 1692 1399 1724 30
1413 1690 1570 1732 monem,
1603 1700 1683 1725 eum
1714 1691 1818 1727 huius
1849 1694 1987 1737 tempus
2018 1691 2137 1728 fuerit.
2185 1692 2222 1727 Si
2243 1701 2325 1727 vero
2356 1691 2400 1726 de
2423 1691 2485 1726 ali-

268 1747 398 1768 τουτου
432 1744 561 1779 καιρος.
617 1735 648 1767 εἰ
683 1732 722 1768 δὲ
755 1738 839 1778 περί
875 1745 971 1768 τινος
1007 1736 1071 1768 τοῦ
1105 1740 1345 1782 μοναστηρίου

267 1782 383 1824 χρείας
406 1775 429 1822 ἢ
452 1779 499 1813 εἰς
521 1782 609 1821 μίαν
632 1780 709 1813 τῶν
727 1776 1003 1823 εύλαβεστάτων
1027 1775 1232 1824 ἆσκητριῶν
1255 1777 1342 1813 ἄνα-

297 1826 461 1869 ερομένης
483 1823 599 1858 εἰπεῖν
621 1837 657 1857 τι
675 1825 752 1858 τῶν
769 1820 978 1869 ἀναγκαίων
1000 1823 1200 1868 βούλοιντο,
1225 1825 1342 1859 ἐντεύ-

269 1838 393 1909 Ξονται
416 1869 460 1916 τῇ
476 1865 651 1916 ἡγουμένῃ
674 1867 770 1916 μόνῃ
793 1872 853 1902 καὶ
869 1869 973 1916 ἑτέρᾳ
997 1869 1181 1904 παντελῶς
1199 1867 1346 1914 οὐδεμιᾷ

1414 1744 1483 1778 qua
1506 1735 1709 1770 monasterii
1732 1737 1884 1771 utilitate
1909 1740 1970 1771 aut
1993 1737 2040 1771 ad
2060 1747 2166 1772 unam
2186 1736 2484 1772 reverentissima-

1412 1789 1491 1814 rum
1511 1780 1741 1815 ascetriarum
1764 1781 1963 1825 pertinente
1988 1781 2106 1816 dicere
2123 1781 2255 1825 aliquid
2270 1780 2485 1816 necessario-

1411 1834 1491 1859 rum
1515 1824 1700 1867 voluerint,
1724 1826 1913 1871 loquentur
1936 1826 2138 1862 abbatissae
2162 1830 2198 1861 et
2220 1826 2322 1861 alteri
2344 1826 2485 1871 penitus

268 1990 291 2014 a
319 1978 527 2013 ocrisiarios
555 1979 618 2024 qui
641 1982 815 2014 vocantur
843 1979 881 2013 in
904 1979 1123 2015 monasteria
1147 1980 1279 2020 mittat,
1312 1982 1347 2014 et
1372 1990 1421 2015 ex
1444 1979 1570 2014 vicinis
1600 1989 1742 2025 quoque
1773 1983 1944 2024 quaerat,
1979 1990 2063 2014 num
2092 1979 2181 2024 quid
2207 1981 2310 2024 forte
2331 1981 2418 2016 mali
2448 1981 2486 2016 in

268 1989 390 2069 aliquo
421 2033 470 2059 ex
499 2023 726 2059 monasteriis
756 2023 882 2059 vicinis
902 2022 988 2067 fiat,
1018 2026 1126 2069 atque
1149 2022 1237 2058 llaec
1261 2024 1381 2058 omnia
1409 2024 1560 2069 castiqet
1590 2027 1626 2059 et
1655 2034 1697 2058 ea
1721 2033 1794 2068 qua
1818 2023 1917 2059 decet
1944 2023 2174 2070 providentia
2204 2024 2316 2070 diqna
2347 2024 2485 2061 habeat.

269 2067 342 2104 Sed
363 2067 471 2103 etiam
495 2068 598 2104 cuius
624 2079 668 2103 ue
691 2067 847 2103 civitatis
869 2068 1059 2118 episeopus
1082 2076 1205 2102 curam
1228 2068 1261 2103 ei
1283 2069 1340 2103 rei
1360 2067 1539 2109 adhibeat,
1562 2068 1636 2103 sive
1654 2067 1872 2113 patriarcha
1894 2068 1968 2104 sive
1987 2067 2284 2114 metropolitanus
2306 2070 2379 2104 sive
2395 2080 2487 2105 unus

267 2123 316 2148 ex
342 2112 568 2159 singulorum
606 2122 752 2148 ocorum
776 2112 956 2158 episcopis
977 2112 1036 2154 sit,
1060 2116 1095 2147 et
1117 2111 1408 2157 reliqiosissimos
1430 2112 1643 2158 defensores
1665 2112 1835 2148 ecclesiae
1853 2123 1940 2148 suae
1955 2112 2084 2156 mittat,
2135 2113 2171 2148 ui
2187 2112 2276 2150 haec
2289 2114 2487 2166 eoequirant

267 2161 302 2194 et
326 2156 531 2193 custodiant
561 2167 626 2193 nec
650 2156 844 2209 quidquam
873 2160 1022 2203 praeter
1052 2156 1091 2192 id
1113 2156 1212 2202 quod
1232 2156 1333 2192 decet
1358 2157 1441 2202 fieri
1462 2158 1665 2204 patiantur,
1695 2156 1760 2193 sed
1781 2157 1888 2193 etiam
1917 2158 1950 2193 si
1973 2157 2062 2204 quid
2113 2162 2231 2194 actum
2253 2159 2312 2201 sit,
2342 2158 2382 2195 id
2396 2170 2486 2207 pro-

270 2203 363 2238 tinus
385 2201 579 2249 emendent.
626 2201 882 2237 Sanctaessimus
912 2206 1030 2237 autem
1059 2201 1274 2249 patriarcha
1305 2202 1411 2238 liuius
1432 2202 1554 2247 felicis
1577 2202 1732 2238 civitatis
1761 2213 1854 2248 quae
1885 2202 1935 2238 ad
1957 2203 2175 2238 monasteria
2203 2203 2261 2239 nic
2282 2204 2355 2240 sita
2373 2204 2486 2251 perti-

267 2251 353 2283 nent
373 2247 538 2282 similiter
561 2247 762 2289 examinet,
794 2251 828 2282 et
851 2246 1017 2282 custodes
1039 2247 1094 2282 rei
1118 2246 1184 2282 deo
1209 2247 1413 2282 carissimos
1442 2247 1652 2292 defensores
1681 2247 1927 2283 sanctissimae
1950 2247 2098 2283 maioris
2121 2247 2290 2284 ecelesiae
2319 2253 2356 2285 et
2380 2259 2486 2295 quos-

268 2303 416 2338 cumque
438 2292 628 2339 diliqentes
651 2292 746 2328 viros
769 2290 1107 2337 honestissimosque
1130 2302 1206 2328 esse
1222 2292 1410 2338 putaverit
1432 2293 1646 2334 constituat,
1676 2298 1718 2328 ut
1739 2292 1903 2328 custodia
1932 2303 2000 2339 per
2024 2292 2154 2338 plures
2175 2293 2358 2340 praestita
2381 2295 2486 2330 etiam

267 2337 384 2372 maior
407 2337 606 2372 observatio
629 2342 664 2373 et
685 2347 756 2383 pro
780 2336 921 2373 delictis
943 2336 1101 2372 vindicta
1121 2337 1266 2373 existat.

400 2381 442 2418 V.
494 2381 646 2429 Oportet
668 2386 786 2417 autem
810 2381 1091 2428 unumquodque
1114 2382 1368 2419 monasterium
1391 2382 1455 2418 sub
1472 2381 1646 2429 praesule
1666 2382 1908 2425 constitutum,
1931 2382 2024 2417 sicut
2041 2385 2148 2418 antea
2164 2382 2334 2426 diximus,
2358 2383 2487 2421 habere

267 2427 525 2474 apocrisiarios
548 2427 611 2473 qui
634 2431 823 2469 vocantur,
856 2427 954 2463 viros
977 2431 1094 2462 aetate
1115 2432 1306 2473 provectos
1335 2430 1370 2463 et
1391 2426 1601 2462 monachico
1633 2428 1826 2463 certamine
1849 2428 1919 2462 iam
1939 2427 2158 2473 perfunctos
2186 2438 2251 2464 nec
2271 2428 2385 2474 facile
2408 2439 2486 2465 cor-

264 2473 369 2518 poris
391 2473 545 2519 impetus
562 2483 753 2519 passuros,
777 2471 840 2518 qui
863 2471 969 2507 rebus
992 2476 1031 2507 at
1057 2483 1100 2507 ue
1123 2472 1336 2508 utilitatibus
1358 2483 1480 2508 eorum
1505 2473 1673 2519 occupati
1697 2476 1894 2508 teneantur.
1941 2471 2018 2507 Nec
2042 2476 2179 2508 tantum
2203 2473 2237 2508 si
2257 2474 2416 2509 virorum
2438 2475 2485 2509 sit

266 2518 541 2561 monasterium,
570 2517 635 2552 sed
657 2517 762 2553 etiam
785 2517 818 2552 si
839 2517 942 2562 sorte
964 2528 1024 2552 mu
1040 2518 1172 2560 ierum,
1202 2517 1293 2554 duos
1316 2517 1372 2553 vel
1396 2521 1468 2553 tres
1498 2527 1575 2553 esse
1597 2518 1696 2553 viros
1718 2522 1783 2553 aut
1805 2515 1997 2559 eunuchos,
2028 2517 2061 2552 si
2080 2517 2166 2562 fieri
2176 2520 2320 2569 potest,
2352 2522 2416 2555 aut
2437 2529 2487 2555 ex

265 2563 408 2598 senibus
438 2566 474 2598 et
496 2567 656 2609 propter
684 2562 885 2598 castitatem
908 2561 1090 2608 probatis,
1123 2563 1186 2608 qui
1215 2563 1360 2609 neqotia
1390 2572 1513 2598 earum
1538 2567 1724 2608 peraqant
1753 2566 1788 2598 et
1810 2572 1982 2599 arcanam
2005 2572 2296 2605 communionem,
2327 2563 2389 2600 ubi
2411 2563 2487 2599 eius

265 2609 321 2642 rei
343 2611 481 2654 tempus
503 2611 567 2649 est,
597 2608 641 2643 iis
664 2606 888 2643 distribuant.
935 2605 1075 2650 Quodsi
1095 2607 1140 2642 de
1162 2608 1306 2654 neqotio
1339 2607 1461 2652 aliquo
1492 2607 1701 2642 monasterii
1732 2607 1789 2643 vel
1809 2607 1908 2653 quod
1931 2606 1979 2642 ad
2001 2617 2109 2642 unam
2137 2618 2186 2643 ex
2209 2607 2486 2654 reliqiosissimis

265 2652 596 2688 sanctimonialibus
616 2653 815 2699 pertineat,
848 2650 957 2688 verba
980 2653 1183 2688 necessaria
1204 2654 1331 2699 facere
1354 2653 1479 2693 velint,
1512 2663 1591 2687 cum
1613 2652 1692 2688 sola
1715 2652 1896 2688 abbatissa
1927 2662 2042 2698 neque
2065 2651 2138 2688 alia
2163 2652 2307 2688 omnino
2339 2653 2415 2689 ulla
2437 2663 2486 2690 ex

314 2766 331 2799 1
356 2761 439 2797 τοὺς
463 2759 574 2798 αὐτοῦ
599 2765 779 2808 ΜΕΒΟς,
803 2763 884 2798 τοὺς
908 2765 1007 2798 om.A
1025 2764 1037 2807 ΙΙ
1054 2763 1158 2806 κατὰ]
1183 2766 1242 2796 καὶ
1262 2765 1311 2797 Βο
1334 2764 1345 2806 ΙΙ

266 2807 312 2843 τὰ
330 2821 388 2842 om.
406 2810 473 2843 Ου.
489 2810 507 2842 l.
526 2810 538 2853 ΙΙ
556 2810 576 2843 2
593 2811 652 2842 καὶ
668 2810 767 2854 παρὰ
784 2810 860 2843 τῶν
879 2810 968 2852 0(ς)]
993 2812 1052 2842 καὶ
1067 2809 1144 2842 τῶν
1160 2809 1198 2842 ἐκ
1218 2809 1271 2851 (ἐν
1285 2809 1344 2847 Μ)

267 2854 377 2888 MLB
412 2854 449 2887 ἐκ
473 2854 550 2888 τῶν
566 2856 596 2888 A
620 2855 680 2887 καὶ
704 2855 742 2887 ἐκ
763 2855 839 2888 τῶν
864 2867 931 2888 cum
948 2855 1144 2888 Haloandro
1163 2855 1249 2898 vulq.
1265 2853 1278 2899 ΙΙ
1295 2852 1344 2898 μή

267 2910 336 2934 που
357 2899 464 2940 CLB]
496 2896 606 2942 μήπω
630 2900 678 2933 M
704 2896 833 2943 μήπως
855 2901 886 2932 A
903 2898 916 2943 ΙΙ
934 2900 953 2933 3
977 2898 1053 2933 τῶν
1077 2898 1244 2945 ἐγγύθεν]
1269 2899 1345 2932 τῶν

267 2940 423 2990 ἐγγύθεν
448 2940 571 2979 αὐτῶν
600 2945 635 2987 C,
660 2946 758 2978 om.A
777 2944 791 2988 ΙΙ
814 2944 930 2978 ταῦτα
955 2957 1012 2978 om.
1027 2946 1057 2978 A
1074 2943 1085 2983 ΙΙ
1113 2948 1133 2978 4
1157 2943 1281 2979 πάντα
1310 2945 1344 2986 0,

267 2987 407 3023 πάντας
422 2989 454 3022 A
470 2989 483 3032 ΙΙ
500 2991 519 3024 5
536 2987 687 3032 πόλεως]
711 2990 774 3032 τῆς
789 2986 928 3023 πόλεως
944 2990 974 3023 A
989 2988 1002 3034 ΙΙ
1020 2988 1163 3023 τούτων
1180 2991 1209 3022 Α
1225 2989 1238 3034 ΙΙ
1257 2990 1277 3023 6
1292 3001 1344 3022 τι·

267 3034 369 3067 θέτω
393 3034 422 3068 0
442 3034 453 3078 ΙΙ
471 3037 489 3068 7
513 3034 583 3068 εἴτε
607 3037 666 3068 καὶ
689 3054 733 3059 —
755 3033 819 3078 εἴη]
843 3036 911 3068 sive
934 3034 1061 3077 singuli
1085 3035 1154 3067 sint
1177 3036 1344 3078 episcopo—

267 3090 339 3112 rum
365 3091 384 3116 ς
401 3079 413 3123 ΙΙ
429 3081 489 3112 καὶ
514 3092 571 3113 om.
594 3082 643 3116 Ge
659 3080 671 3123 ss
690 3081 709 3114 8
729 3080 791 3122 τῆς
811 3077 994 3122 ἐκκλησίας
1012 3079 1072 3122 τῆς
1093 3075 1203 3113 αὐτοῦ
1224 3076 1346 3122 (αὐτῆς

269 3124 352 3166 ML)
374 3122 549 3158 στελλέτω
565 3125 676 3158 BML
698 3125 761 3168 τῆς
779 3124 906 3158 ἑαυτοῦ
924 3122 1099 3159 στελλέτω
1117 3123 1299 3166 ἐκκλησίας
1314 3124 1345 3157 A

267 3169 329 3210 τῆς
345 3168 529 3213 ἐκκλησίας
544 3172 603 3203 καὶ
618 3166 715 3203 οὕτω
733 3167 909 3203 στελλέτω
929 3171 959 3204 0
986 3169 1142 3203 ecclesiae
1158 3171 1270 3203 mittat
1293 3180 1312 3206 ς
1334 3169 1346 3212 ΙΙ

271 3216 311 3247 10
325 3213 398 3254 ἔξω
411 3214 584 3260 γίνεσθαι
599 3216 628 3249 0
648 3214 721 3254 ἔξω
734 3214 908 3259 γενέσθαι
918 3216 947 3248 A
964 3214 977 3253 ΙΙ
996 3217 1034 3250 11
1049 3217 1109 3249 καὶ
1121 3214 1157 3248 εἴ
1166 3217 1215 3257 τι]
1230 3212 1298 3248 κᾶν
1310 3226 1345 3247 τι

269 3261 299 3291 A
317 3258 329 3303 ΙΙ
345 3261 484 3304 γένοιτο
506 3261 557 3301 Ο]
570 3262 718 3306 γένηται
736 3261 771 3293 Β
803 3262 958 3303 συμβαίη
982 3260 1030 3300 A,
1048 3273 1105 3293 om.
1120 3261 1192 3293 ML
1211 3260 1223 3300 Ιί
1238 3260 1345 3293 τοῦτο

270 3316 327 3337 om.
345 3305 376 3337 A
392 3306 403 3346 ΙΙ
422 3304 684 3350 *ἐπανορθοῦν
708 3307 784 3338 libri
798 3305 811 3342 ΙΙ
839 3307 879 3339 12
902 3305 965 3347 τῆς
988 3301 1195 3346 εὐδαίμονος
1216 3303 1346 3348 ταύτης

274 3348 326 3384 Oc
343 3348 355 3391 ΙΙ
375 3351 415 3383 13
432 3350 607 3383 ἐντεῦθεν
623 3351 658 3383 Β
675 3349 689 3395 ΙΙ
706 3352 748 3384 14
764 3346 895 3394 ὁμοίως
912 3364 969 3383 om.
985 3352 1012 3384 C
1025 3350 1038 3394 ΙΙ
1056 3353 1097 3384 15
1112 3347 1344 3392 ἐκκλησιεκδί-

270 3403 347 3425 κους
360 3394 436 3426 ΜΒ
445 3396 476 3435 ς]
501 3392 656 3428 ἐκδίκους
672 3395 770 3428 LAC
790 3395 803 3439 ΙΙ
830 3396 869 3430 16
886 3397 1069 3437 νομίσοιεν
1085 3396 1131 3429 Μ
1145 3395 1157 3439 ΙΙ
1179 3398 1217 3430 17
1238 3407 1344 3428 κατα-

271 3437 439 3479 στησάτω
460 3440 489 3473 G
502 3439 514 3483 ΙΙ
532 3437 591 3473 διὰ
612 3436 807 3481 πλειόνων]
828 3438 989 3474 πλείονος
1009 3441 1040 3473 L
1059 3441 1071 3483 ΙΙ
1088 3442 1129 3474 18
1150 3441 1344 3485 γινομένης]

272 3480 533 3526 προβαινούσης
556 3486 587 3518 A
604 3485 616 3528 ss
632 3486 755 3528 μεῖζον
775 3486 825 3518 L⁰
842 3486 854 3528 ΙΙ
875 3487 915 3520 19
936 3488 1076 3530 γίνεται
1101 3485 1154 3525 011
1171 3487 1213 3520 20
1235 3497 1344 3529 μονα-

272 3524 418 3569 στήριον
434 3528 585 3562 ἕκαστον
600 3531 631 3562 Α
647 3530 659 3573 ΙΙ
686 3532 726 3563 21
744 3531 838 3572 ἔχειν
854 3543 912 3563 om.
935 3531 963 3564 0
968 3542 987 3567 ς
1003 3531 1015 3574 ΙΙ
1032 3528 1113 3564 τοὺς
1131 3529 1344 3575 λεγομένους]

273 3569 429 3605 στέλλειν
452 3571 534 3606 τοὺς
557 3572 760 3619 λεγομένους
788 3577 816 3608 G
834 3575 954 3608 habere
979 3576 1012 3617 (i.
1031 3588 1056 3609 e.
1081 3576 1186 3618 ἔχειν)
1210 3586 1264 3609 eos
1288 3576 1346 3617 qui

273 3617 433 3666 vocantur
455 3629 474 3652 ς
491 3617 503 3660 ΙΙ
529 3619 570 3651 22
594 3618 661 3652 τὸν
683 3618 879 3662 μοναχικὸν
903 3612 1024 3653 ἆθλον
1045 3621 1145 3662 Ace]
1170 3620 1211 3653 τὸ
1235 3632 1344 3663 μονα-

273 3669 375 3698 χικον
398 3661 508 3694 MLB
533 3662 546 3704 ΙΙ
569 3663 610 3695 23
635 3658 922 3707 ἀγωνισαμένους
945 3664 1100 3706 MLAB]
1136 3661 1343 3709 διανυσαμέ-

272 3713 353 3736 νους
381 3703 438 3740 Ος
455 3706 527 3748 1124
550 3705 594 3747 οἳ]
619 3705 655 3738 οἳ
675 3710 734 3739 καὶ
758 3709 793 3740 Β
810 3708 822 3751 ΙΙ
847 3710 929 3748 τοῖς]
953 3706 1172 3743 τοῖςάὖτῶν
1198 3711 1257 3746 Ος
1272 3709 1284 3754 ΙΙ
1302 3711 1346 3743 25·

1413 2760 1683 2807 ἇπησχόληνται
1707 2764 1779 2797 ML
1787 2764 1828 2804 B]
1864 2759 2125 2805 άπασχολοῖντο
2154 2764 2211 2800 Ος
2245 2763 2486 2808 ἐναπασχολή-

1413 2821 1538 2843 σονται
1559 2810 1589 2842 A
1607 2808 1619 2853 ΙΙ
1638 2810 1678 2842 27
1702 2807 1843 2850 τύχοιεν
1871 2809 1953 2850 Ost)
1969 2808 1982 2845 ll
1999 2804 2021 2850 ἢ
2041 2810 2132 2853 τρεῖς
2155 2821 2212 2842 om.
2227 2809 2257 2842 L
2275 2805 2325 2853 [Ιῆ
2349 2822 2406 2843 om.
2419 2811 2450 2843 A
2473 2808 2487 2856 Η

1411 2854 1443 2887 εἰ
1460 2856 1521 2888 LA
1530 2855 1593 2895 Ge]
1618 2849 1641 2897 ἢ
1664 2852 1695 2887 εἰ
1713 2854 1760 2887 M
1759 2854 1789 2886 Β
1805 2852 1817 2897 ΙΙ
1837 2854 1878 2887 28
1891 2866 1939 2897 sq.
1964 2850 1986 2895 ἢ
2009 2853 2086 2886 τῶν
2102 2872 2146 2878 --
2159 2856 2485 2899 μεμαρτυρημένων

1412 2900 1512 2941 Ace]
1536 2899 1839 2944 μαρτυρουμένους
1851 2898 1960 2932 MLB
1979 2901 1990 2939 11
2007 2899 2048 2933 29
2074 2895 2195 2932 αὐταῖς
2219 2911 2275 2932 om.
2289 2900 2349 2936 Ae
2366 2900 2378 2943 ΙΙ
2393 2900 2483 2944 πρά-

1413 2944 1502 2983 ξωσι
1525 2945 1556 2978 A
1582 2945 1595 2988 ΙΙ
1624 2945 1663 2978 31
1689 2942 1830 2985 τούτου]
1855 2943 1919 2977 τοῦ
1942 2942 2104 2976 τοιούτου
2129 2944 2174 2986 L,
2199 2945 2303 2978 om.A
2326 2943 2339 2989 ΙΙ
2365 2942 2485 2989 καιρός

1414 2990 1534 3031 MLB]
1557 2987 1679 3034 καιρὸς
1702 2987 1754 3031 εἴη
1783 2989 1841 3025 Ος
1864 2985 1985 3031 δεήσοι
2008 2986 2128 3033 καιρός
2149 2988 2181 3022 A
2198 2987 2210 3032 ΙΙ
2227 2989 2271 3023 32
2291 2986 2315 3032 ἢ
2337 3002 2394 3023 om.
2418 2991 2450 3023 A
2471 2989 2484 3034 ΙΙ

1412 3036 1454 3068 3-1
1476 3034 1570 3077 μόνη
1594 3035 1640 3076 τῆ
1661 3029 1837 3079 ἡγουμένη
1860 3034 1903 3076 A,
1925 3033 2019 3080 μόνῃ
2044 3046 2101 3066 om.
2119 3035 2175 3070 C'c
2191 3033 2203 3077 ΙΙ
2220 3031 2405 3068 παντελῶς
2427 3030 2483 3068 οὐ·

1412 3076 1515 3122 δεμιᾶ
1542 3079 1645 3123 ἑτέρα
1667 3080 1744 3112 τῶν
1768 3079 1814 3112 εἰς
1836 3078 1879 3112 τὸ
1903 3076 2145 3123 μοναστήριον
2166 3079 2348 3124 γυναικῶν
2370 3079 2402 3112 A

1475 3171 1494 3203 2
1519 3169 1629 3210 etiam]
1654 3172 1686 3202 et
1711 3169 1743 3202 T
1756 3168 1768 3211 ΙΙ
1786 3179 2025 3210 nequamquam
2051 3167 2101 3201 T¹
2119 3168 2131 3210 ΙΙ
2155 3169 2174 3201 3
2198 3169 2405 3211 monasterio,
2422 3167 2484 3212 ΤΠ

1411 3214 1459 3256 fit]
1493 3215 1537 3247 sit
1563 3215 1615 3248 Tt
1642 3213 1655 3258 ss
1685 3215 1706 3248 6
1734 3213 1946 3257 prouidentia
1977 3214 2009 3247 T
2029 3213 2042 3257 ss
2071 3215 2090 3247 7
2115 3212 2256 3256 singulis
2281 3220 2293 3247 t
2319 3211 2333 3258 ΙΙ
2357 3214 2393 3256 et
2422 3225 2479 3246 om.

1414 3260 1446 3292 T
1465 3259 1476 3302 ΙΙ
1501 3261 1521 3294 8
1546 3258 1700 3292 ecclesiae
1722 3259 1834 3291 mittat
1854 3259 1959 3299 Beck]
1989 3260 2021 3291 et
2041 3259 2246 3291 committant
2270 3258 2324 3292 Tt
2343 3257 2357 3302 ΙΙ
2384 3258 2427 3292 10
2448 3259 2480 3290 et

1413 3313 1497 3338 om.t
1519 3304 1531 3347 ΙΙ
1560 3307 1596 3338 11
1624 3303 1716 3338 urbis
1737 3303 1838 3336 huius
1861 3311 1872 3337 t
1896 3303 1908 3347 ΙΙ
1935 3304 1976 3337 12
1999 3302 2053 3336 hio
2076 3303 2175 3346 ναῖς]
2199 3302 2250 3335 his
2273 3303 2324 3336 Τί
2347 3303 2359 3345 ΙΙ
2384 3303 2423 3336 13
2447 3302 2479 3333 et

1413 3351 1489 3382 add.
1515 3351 1601 3392 vuly.
1619 3349 1631 3394 ΙΙ
1652 3351 1694 3384 14
1716 3351 1808 3391 quos]
1833 3350 1898 3381 tres
1921 3348 1960 3392 ιΙΙ
1980 3349 2020 3382 16
2044 3347 2184 3390 amplior
2207 3348 2290 3391 vuly.
2308 3345 2374 3389 fl2l
2399 3354 2475 3378 oon·

1412 3394 1527 3426 stitum
1550 3395 1637 3428 sicut
1659 3404 1759 3437 supra
1783 3394 1925 3426 diximus
1953 3394 1985 3426 T
2006 3393 2018 3435 ΙΙ
2048 3394 2090 3426 22
2115 3395 2147 3426 et
2169 3391 2246 3434 iam]
2282 3388 2476 3440 etiams&

1412 3441 1444 3471 et
1465 3439 1512 3472 T¹
1525 3441 1610 3483 vulq.
1627 3438 1640 3483 ΙΙ
1658 3438 1909 3472 monachichum
1935 3445 1945 3472 t
1962 3436 1975 3482 11
1992 3439 2032 3472 25
2053 3436 2265 3477 utilitatibus]
2287 3432 2474 3484 hereditati-

1412 3484 1473 3517 bus
1488 3484 1714 3517 hutilitatibus
1731 3488 1765 3517 ta
1781 3484 1794 3527 ΙΙ
1811 3483 1960 3516 uirorum
1977 3483 2034 3523 Tt]
2051 3481 2095 3515 sit
2107 3483 2183 3516 add.
2193 3480 2276 3524 vulq.
2294 3477 2307 3522 fl
2323 3478 2364 3511 26
2377 3479 2475 3509 etiam

1412 3529 1439 3561 si
1458 3529 1489 3561 Τ
1496 3530 1582 3572 vulq.
1601 3529 1613 3573 ΙΙ
1631 3531 1750 3571 congat
1774 3532 1808 3562 ta
1825 3529 1837 3572 ΙΙ
1855 3529 1895 3562 27
1913 3528 2000 3560 viros
2016 3529 2086 3568 aut]
2109 3524 2274 3565 uirosaut
2295 3521 2350 3555 uel
2370 3521 2415 3554 T¹
2429 3520 2474 3573 ⁸,ss

1412 3574 1556 3606 enuchos
1581 3575 1613 3607 T
1632 3571 1646 3618 ΙΙ
1663 3576 1703 3608 28
1728 3584 1825 3606 senex
1853 3573 1883 3606 T
1900 3572 1912 3616 ΙΙ
1931 3574 1972 3606 29
1997 3572 2043 3604 eis
2063 3568 2161 3615 vul9.]
2184 3567 2215 3602 ei
2237 3567 2292 3601 Τί
2312 3566 2324 3610 ΙΙ
2348 3568 2389 3601 30
2413 3565 2473 3617 ¹².1¹·

1412 3619 1605 3660 qua-Beck]
1638 3619 1705 3652 alia
1726 3619 1759 3652 Τ
1767 3626 1779 3652 t
1802 3617 1815 3662 ΙΙ
1842 3619 1883 3653 31
1908 3617 1950 3650 ad
1971 3627 2071 3649 unam
2093 3616 2151 3648 aut
2174 3611 2222 3648 T¹
2242 3610 2257 3654 ΙΙ
2279 3612 2472 3663 reuerentls·

1410 3665 1524 3696 simam
1550 3665 1643 3706 libri,
1658 3676 1741 3698 corr.
1757 3663 1841 3704 vulo.
1860 3661 1872 3705 11
1888 3662 1931 3695 32
1955 3660 2158 3701 asistriarum
2175 3656 2208 3691 T
2229 3658 2405 3689 assmtnam
2430 3663 2442 3689 t
2460 3653 2474 3700 ΙΙ

1411 3708 1592 3752 pertinenti
1613 3717 1623 3742 t
1644 3708 1789 3751 pertinet
1806 3707 1837 3740 T
1850 3707 1862 3750 ΙΙ
1875 3705 1922 3740 ’33
1943 3704 2089 3739 uoluerit
2106 3703 2139 3736 T
2150 3702 2162 3746 [Ι
2175 3699 2395 3743 loquebantur
2417 3706 2430 3734 t
