2580 4016
1021 1102 1517 1172 PRAEFATIO.
1558 1156 1561 1158 -

157 1255 384 1333 Rudolfus
429 1287 602 1334 Schoell
644 1302 740 1334 cum
789 1295 1058 1347 praematura
1101 1296 1235 1336 morte

159 1345 282 1388 nobis
302 1345 575 1401 eripiebatur,
605 1347 898 1402 imperfectam
918 1348 1091 1403 reliquit
1110 1349 1234 1392 Iusti·

157 1401 275 1444 niani
294 1402 561 1446 novellarum
581 1402 827 1459 editionem,
848 1417 975 1459 quam
993 1410 1092 1448 ante
1108 1404 1234 1449 finem

157 1458 260 1501 anni
291 1458 400 1501 1893
437 1471 484 1503 se
521 1459 813 1504 absoluturum
850 1474 943 1505 esse
973 1466 1233 1516 speraverat.

159 1513 514 1569 circumspiciens
552 1516 566 1558 i
600 1516 681 1559 ‘tur
718 1516 971 1562 Theodorus
1000 1518 1234 1563 Mommsen

159 1583 269 1625 eum,
307 1571 381 1625 qui
410 1572 521 1615 intra
549 1572 564 1614 i
596 1585 664 1616 em
695 1572 785 1617 fere
814 1574 1018 1629 temporis
1048 1575 1234 1630 spatium

158 1625 283 1670 linem
313 1626 376 1670 rei
405 1628 653 1684 imponeret,
693 1628 864 1673 tandem
899 1631 942 1673 in
972 1643 1040 1675 me
1070 1631 1233 1686 incidit,

157 1683 1232 1788 gssifssssssassinisssssseiisissssmssi⁰35132¹¹⁸m⁸1¹¹⁸33l1³³

158 1795 335 1840 cultates
353 1799 454 1840 tunc
474 1797 668 1850 cognitas
690 1775 947 1844 ha'buissem.
983 1799 1098 1843 Illud
1118 1805 1232 1844 certe

157 1864 295 1908 spero,
326 1850 402 1907 qui
430 1851 486 1897 de
515 1854 623 1898 meis
652 1867 821 1911 quoque
847 1856 959 1901 curis
980 1858 1233 1901 sententiam

157 1907 283 1951 laturi
320 1910 427 1962 sint,
459 1916 731 1965 reputaturos
770 1925 884 1965 esse,
924 1926 1052 1968 quam
1090 1914 1234 1958 aliena

158 1964 242 2007 sint
271 1962 380 2008 haec
408 1966 553 2010 studia
580 1967 636 2012 ab
666 1967 834 2012 homine
863 1968 1085 2024 philologo
1106 1970 1233 2025 longe

157 2018 349 2065 diversas
379 2035 447 2066 res
474 2028 657 2068 tractare
687 2025 826 2068 solito.

240 2075 328 2121 Sed
365 2082 410 2121 ut
438 2080 577 2123 missis
606 2081 859 2136 ambagibus
888 2081 945 2126 ad
976 2082 1113 2137 ipsam
1143 2095 1232 2127 rem

157 2135 391 2188 transeam,
430 2148 526 2178 cum
562 2135 677 2180 diem
708 2137 855 2181 obibat
884 2137 1079 2192 Schoell,
1118 2140 1232 2195 typis

156 2189 390 2244 impressae
411 2196 531 2235 erant
545 2205 642 2235 nov.
654 2193 957 2237 I—CXXXIV
972 2208 1008 2239 c.
1025 2196 1073 2237 13
1090 2208 1131 2250 p.
1148 2196 1232 2239 688

157 2245 276 2295 (fasc.
294 2246 497 2291 x-xlv
512 2266 569 2282 —
585 2250 668 2292 vol.
681 2249 744 2292 111
764 2249 865 2294 fasc.
876 2251 1031 2306 1—v);
1053 2264 1231 2307 sequen·

155 2302 216 2344 tia
244 2314 378 2358 usque
407 2303 463 2348 ad
493 2318 591 2348 nov.
613 2305 792 2350 CLXIII
818 2320 860 2361 p.
882 2309 978 2361 750,
995 2307 1073 2358 181)
1093 2321 1231 2363 paene

154 2357 264 2402 adeo
295 2364 416 2403 erant
444 2362 648 2414 perfecta,
678 2366 724 2403 ut
753 2363 867 2415 typis
897 2362 1008 2405 tradi
1037 2368 1231 2418 possent3

153 2418 378 2467 praeterea
415 2414 602 2458 schedae
640 2419 803 2458 tantum
831 2429 1064 2472 sanequam
1094 2419 1231 2462 exiles

153 2468 334 2513 aderant
352 2469 410 2513 ad
429 2471 623 2515 novellas
644 2472 831 2526 quinque
850 2473 1020 2517 ultimas
1036 2478 1229 2528 spectan-

154 2527 239 2578 tes,
269 2527 440 2570 notulae
470 2527 755 2581 paucissimae
784 2527 842 2571 ad
871 2528 1033 2583 edicta,
1068 2542 1228 2585 appen-

154 2579 262 2625 dicis
311 2581 505 2626 edendae
552 2583 836 2627 subsidiorum
882 2597 962 2628 nec
1007 2586 1109 2629 vola
1150 2599 1229 2631 nec

154 2637 394 2692 vestigium.
453 2639 519 2682 Ea
557 2639 685 2694 igitur
722 2652 823 2684 usus
857 2654 950 2684 sum
978 2642 1153 2696 ratione,
1184 2647 1230 2686 ut

155 2704 430 2749 quaecunque
477 2694 740 2739 Schoellium
786 2701 1050 2741 servaturum
1096 2697 1228 2743 fuisse

153 2752 405 2804 putarem„i
438 2763 486 2794 se
515 2764 684 2806 quoque
714 2765 952 2809 servarem;
983 2754 1055 2798 ubi
1076 2755 1150 2799 ille
1170 2755 1227 2798 ad

154 2810 313 2849 certum
350 2764 554 2851 iudicium
592 2821 639 2852 se
674 2821 760 2852 non
788 2811 1037 2864 pervenisse
1067 2810 1225 2865 signifi·

153 2866 312 2916 casset,
346 2875 487 2907 meum
515 2867 729 2919 utcunque
758 2878 959 2920 sequerer
988 2867 1226 2922 ingenium;

153 2929 316 2962 errores
353 2919 389 2962 si
427 2932 534 2973 quos
574 2919 849 2975 detegebam,
895 2922 1025 2966 tacite
1062 2924 1225 2966 sustuli.

152 2972 465 3017 Praefationem
482 2976 651 3030 qualem
669 2975 934 3021 confecturus
949 2977 1088 3032 fuerit,
1109 2992 1224 3033 pror-

152 3041 223 3072 sus
253 3029 480 3086 incertum;
519 3031 662 3075 studia
695 3037 809 3076 certe
838 3033 895 3076 ad
925 3038 1066 3077 textus
1096 3034 1224 3079 histo·

150 3085 258 3127 riam
278 3086 613 3131 adumbraudam
633 3088 785 3132 fecisse
806 3088 976 3132 videtur
995 3102 1222 3145 perpauca.

150 3140 377 3195 Duplicem
420 3143 550 3198 igitur
591 3144 761 3187 veniam
802 3144 906 3188 mihi
944 3145 1132 3190 oblatum
1171 3148 1225 3190 iri

150 3209 289 3252 spero,
320 3199 436 3253 quod
463 3199 655 3244 subsidia
682 3200 739 3243 ad
770 3199 879 3244 hanc
898 3200 1126 3246 editionem
1149 3203 1223 3246 ad-

149 3251 288 3296 hibita
317 3267 565 3299 enumerare
594 3256 696 3299 satis
728 3255 880 3300 habeo.
895 3259 925 3308 ²)

232 3309 455 3354 Iustiniani
497 3312 625 3366 igitur
667 3313 933 3356 novellarum
971 3315 1074 3364 (τῶν
1111 3314 1223 3369 μετὰ

241 3404 272 3445 1)
296 3402 388 3439 Hinc
410 3403 518 3448 igitur
541 3403 657 3449 prima
680 3414 835 3450 persona
857 3407 1021 3449 (correxi
1043 3410 1126 3451 etc.)
1150 3419 1223 3445 non

146 3446 216 3482 iam
231 3446 431 3484 Schoellius
447 3449 664 3493 designatur.
702 3450 897 3493 Asterisoo‚
913 3463 983 3497 quo
1000 3463 1086 3489 suas
1102 3463 1222 3491 emen-

146 3491 308 3528 dationes
332 3493 549 3539 distinguere
572 3492 712 3530 solebat
734 3495 804 3535 ille‚
830 3507 918 3532 usus
941 3508 1013 3533 non
1038 3509 1127 3534 sum.

239 3539 272 3579 2)
308 3537 360 3573 Cf.
396 3537 437 3573 F.
462 3540 504 3574 A.
536 3539 664 3574 Biener
701 3540 916 3577 Geschichte
951 3542 1016 3578 der
1050 3543 1222 3580 Novellen

147 3579 350 3618 Iustinians.
399 3583 522 3619 Berlin
552 3587 646 3619 1824.
694 3584 892 3622 Zachariae
915 3597 983 3623 von
1003 3588 1221 3634 Lingenthal

149 3625 275 3662 Gesch.
295 3627 327 3662 d.
345 3628 766 3672 griechisch-romischen
782 3630 947 3667 Rechts.⁸
985 3633 1102 3668 Berlin
1122 3637 1218 3669 1892.

147 3669 187 3705 Ρ.
217 3672 375 3717 Krueger
412 3673 540 3710 Gesch.
578 3674 611 3708 d.
648 3673 797 3718 Quellen
832 3677 906 3712 und
938 3676 1023 3713 Litt.
1060 3678 1093 3713 d.
1131 3683 1219 3715 rom.

148 3713 291 3752 Rechts.
337 3718 426 3766 Lpz.
448 3722 534 3755 1888
557 3730 592 3765 p.
612 3722 676 3754 355
690 3729 736 3756 ss.

1310 1275 1388 1320 τὸν
1417 1276 1582 1321 κώὸικα
1603 1280 1770 1335 νεαρῶν
1792 1277 2053 1332 διατάξεων)
2074 1281 2269 1336 syllogae
2291 1282 2393 1325 olim

1311 1335 1543 1379 extiterunt
1580 1336 1746 1392 plures,
1793 1350 1847 1381 ex
1887 1337 2042 1392 quibus
2080 1338 2232 1383 melius
2272 1337 2391 1382 novi-

1310 1396 1753 1493 mus1.t¹c‘i>sli0ctionem
1790 1450 1866 1492 168
1899 1450 2165 1494 novellarum

1393 1510 1447 1554 11.
1479 1523 1573 1554 eam
1619 1524 1704 1565 qua
1743 1523 1843 1555 usus
1885 1516 1950 1556 est
1987 1512 2195 1567 interpres
2234 1513 2391 1557 latinus

1309 1572 1432 1612 vetus
1462 1565 1797 1618 (Authenticum)

1392 1629 1467 1673 III.
1509 1642 1604 1674 eam
1643 1642 1699 1673 ex
1737 1642 1823 1684 qua
1853 1629 2007 1673 Iuliani
2038 1630 2225 1685 epitome
2257 1630 2392 1675 latina

1307 1685 1442 1730 fluxit.
1725 1730 1730 1735 ,

1391 1742 1601 1787 Collectio
1630 1746 1774 1786 autem
1804 1743 1883 1785 168
1905 1742 2171 1786 novellarum
2191 1743 2306 1787 facta
2326 1749 2392 1787 est

1307 1798 1678 1854 Constantinopoli
1707 1798 1884 1843 Tiberio
1922 1802 2127 1854 regnante
2157 1799 2389 1855 nititurque

1307 1856 1475 1911 sylloge
1514 1855 1745 1899 vetustiore
1775 1855 1999 1899 Iustiniani
2029 1855 2226 1900 novellas
2255 1869 2389 1911 usque

1307 1911 1364 1956 ad
1401 1925 1557 1955 annum
1596 1911 1685 1955 fere
1726 1914 1807 1954 544
1847 1912 1956 1956 latas
1986 1910 2387 1968 comprehendente,

1307 1968 1376 2012 oui
1396 1967 1571 2012 additae
1592 1973 1689 2012 sunt
1709 1973 1751 2012 et
1772 1968 1964 2012 eiusdem
1986 1969 2253 2024 imperatoris
2270 1969 2389 2024 leges

1307 2025 1566 2068 recentiores
1588 2028 1631 2068 et
1650 2024 1801 2068 Iustini
1822 2029 2019 2080 quattuor
2040 2024 2183 2075 (CXL.
2201 2024 2388 2069 CXLIV.

1308 2080 1533 2124 CXLVIII.
1586 2080 1810 2136 CXLIX),
1866 2082 2029 2125 Tiberii
2081 2086 2165 2125 tres
2214 2081 2387 2133 (CLXI.

1307 2137 1498 2181 CLXIII.
1549 2137 1763 2191 CLXIV),
1813 2139 2125 2192 praefectorum
2173 2139 2387 2193 praetorio

1307 2194 1470 2238 formae
1491 2198 1576 2238 tres
1595 2193 2089 2243 (CLXVI—CLXVIII).
2135 2193 2389 2239 Continebat

1307 2263 1381 2294 eas
1420 2263 1590 2305 quoque
1628 2250 1770 2305 leges,
1810 2264 1921 2306 quae
1951 2251 2084 2294 latina
2113 2251 2260 2305 lingua
2289 2264 2387 2295 con·

1307 2307 1491 2361 scriptae
1512 2311 1645 2360 erant,
1675 2307 1871 2351 versione
1890 2320 2047 2362 graeca
2067 2320 2150 2351 non
2169 2307 2384 2351 adiuncta.

1306 2361 1430 2406 Hanc
1468 2362 1764 2406 collectionem
1802 2363 2011 2416 integram
2041 2363 2179 2408 codex
2209 2363 2387 2407 exhibet

1306 2417 1445 2460 nullus
1471 2419 1623 2472 (paene
1644 2418 1851 2472 integram
1873 2419 1945 2473 Μ),
1976 2418 2052 2463 sed
2074 2419 2268 2463 omnibus
2288 2420 2385 2463 sub·

1304 2472 1427 2516 sidiis
1470 2472 1676 2516 adhibitis
1719 2486 1857 2529 paene
1905 2475 2114 2530 integram
2161 2475 2382 2520 restituere

1303 2541 1546 2628 ggsgumus,
1586 2529 1716 2572 talem
1754 2530 1844 2574 fere
1875 2530 2044 2585 qualem
2073 2532 2116 2574 in
2148 2530 2229 2575 hac
2259 2531 2382 2575 vides

1359 2598 1373 2627 ι
1409 2598 1503 2629 one.

1386 2651 1454 2694 Ex
1484 2650 1566 2695 hoc
1589 2652 1684 2707 ipso
1706 2665 1885 2708 corpore
1904 2651 2030 2696 fluxit
2048 2654 2235 2709 epitome
2256 2667 2382 2709 quam

1302 2707 1486 2751 confecit
1523 2707 1842 2752 Theodorus
1880 2708 2160 2754 scholasticus
2203 2710 2380 2755 Hermo-

1302 2763 1536 2819 politanus,
1585 2764 1658 2818 qui
1703 2764 1863 2809 codicis
1908 2778 2077 2820 quoque
2121 2766 2380 2811 breviarium

1301 2831 1501 2873 graecum
1541 2821 1793 2876 conscripsit
1825 2833 1905 2865 nec
1933 2822 2066 2866 multo
2096 2827 2194 2878 post
2223 2837 2379 2867 annum

1303 2877 1384 2917 575
1414 2875 1545 2919 fuisse
1575 2875 1756 2919 videtur.
1815 2876 2063 2921 Inscribitur
2093 2891 2147 2922 ea
2166 2879 2209 2922 in
2230 2880 2379 2924 codice

1301 2931 1426 2974 unico
1450 2931 1534 2975 sic:
1564 2929 1789 2985 Σύντομος
1816 2933 1907 2975 τῶν
1936 2934 2104 2989 νεαρῶν
2135 2933 2379 2985 διατάξεων

1302 2983 1380 3029 σὺν
1410 2995 1747 3042 παραπομπαῖς
1775 2993 1853 3046 τῆς
1883 2991 2083 3047 κειμένης
2113 2987 2280 3045 ὁμοίως
2310 2990 2379 3034 δι-

1302 3043 1514 3097 αιρέσεως
1552 3044 1617 3100 πῆ
1655 3043 1735 3098 μὲν
1773 3042 1819 3087 ἐν
1855 3046 1920 3102 τῷ
1949 3040 2121 3099 κώόικι,
2161 3048 2226 3103 πῆ
2256 3046 2303 3089 δὲ
2334 3046 2378 3090 ἐν

1301 3093 1455 3148 αὐταῖς
1482 3106 1582 3149 ταῖς
1606 3108 1796 3155 νεαραῖς,
1831 3101 2066 3158 Θεοδώρου
2090 3102 2379 3156 σχολαστικοῦ

1302 3156 1503 3212 Θηβαίου
1539 3151 1871 3211 Ἑρμοπολίτου.
1931 3159 2154 3214 Disposuit
2182 3173 2272 3203 rem
2302 3160 2376 3214 ita,

1298 3215 1345 3254 ut
1387 3225 1608 3256 numerum
1650 3213 1862 3258 rubricam
1907 3215 2130 3259 exordium
2176 3220 2377 3271 sequatur

1298 3268 1499 3323 epitome,
1529 3269 1648 3313 cuius
1678 3270 1856 3325 singulis
1885 3271 2096 3326 capitibus
2116 3271 2374 3327 subiungun-

1296 3327 1364 3367 tur
1401 3327 1710 3378 παραπομπαὶ
1738 3326 1765 3369 i.
1786 3339 1824 3370 e.
1854 3328 2090 3371 mentiones
2120 3341 2265 3372 eorum
2296 3328 2376 3372 Co·

1297 3379 1419 3435 dicis,
1449 3381 1522 3424 vel
1549 3381 1739 3436 ipsarum
1759 3383 2037 3427 Novellarum
2068 3384 2272 3436 locorum,
2303 3385 2376 3439 qui

1296 3436 1353 3479 ad
1403 3437 1745 3481 constitutionem
1787 3438 2120 3494 intellegendam
2162 3445 2236 3483 aut
2277 3441 2373 3484 illu-

1296 3492 1513 3536 strandam
1542 3493 1723 3538 idoneae
1744 3494 2010 3551 viderentur3
2040 3496 2374 3552 subscriptiones

1296 3561 1464 3603 semper
1502 3549 1727 3593 adduntur.

1295 3606 1511 3649 maximae
1540 3606 1686 3650 laurae
1717 3609 1768 3650 37
1800 3620 1911 3652 saec.
1931 3608 1996 3651 XI
2025 3609 2113 3663 (qui
2143 3608 2301 3653 desinit
2329 3610 2374 3652 in

1295 3674 1393 3703 nov.
1424 3661 1597 3705 CLXVI
1640 3663 1783 3707 verbis
1826 3661 1883 3706 τὰ
1926 3672 2022 3713 τοῖς
2064 3665 2154 3707 τῶν
2186 3663 2372 3720 χρόνων)

1296 3716 1532 3762 Zachariae
1556 3712 1791 3761 Ἀνέκὸοτα
1820 3720 1936 3775 Lips.
1960 3721 2081 3763 1843.
2127 3734 2168 3775 p.
2193 3723 2370 3764 1—165.

2065 3787 2125 3819 A*

2402 2671 2503 2699 Theod-

1787 3550 1939 3595 Edidit
1967 3564 2023 3596 ex
2053 3553 2202 3596 codice
2231 3553 2397 3597 Athoo·
