2586 3990
171 181 279 220 QUIA
309 182 460 220 NEQUE
490 180 804 212 PROMISERUNT

166 276 365 323 ἀποδείξει,
399 278 508 314 αὐτὸς
529 282 597 324 μὲν
621 282 683 314 ἐπὶ
714 280 758 327 τῇ
791 281 854 324 τῆς
879 278 975 323 δίκης
1007 279 1151 325 ἐκβάσει
1175 290 1255 326 συγ·

163 326 307 371 γνώμης
331 323 532 368 «thecuam,
569 323 588 359 ὁ
624 323 663 359 δὲ
695 323 717 368 ἢ
749 323 855 360 δόσιν
879 322 900 369 ἢ
926 322 1124 368 ὑπόσχεσιν
1148 338 1257 360 κατα-

165 369 345 412 δέξασθαι
378 369 620 414 δεικνύμενος,
654 372 684 404 εἰ
715 373 781 415 μὲν
805 371 1003 416 χρηματικὴ
1037 371 1089 414 εἴη
1117 368 1138 415 ἡ
1164 369 1254 405 ὑπό-

164 418 287 459 θἐσις,
319 416 362 450 τὸ
383 418 450 460 μὲν
474 414 666 460 διδόμενον
690 416 876 461 τριπλοῦν,
909 417 952 451 τὸ
984 415 1024 451 δὲ
1047 415 1255 459 ὑποσχεθὲν

165 461 319 497 διπλοῦν
349 459 421 496 ὑπὸ
446 463 511 495 τοῦ
538 462 690 506 κόμητος
722 463 799 496 τῶν
831 460 1027 507 πριβάτων
1051 463 1253 507 εἰςπραττέ-

164 508 261 548 σθ’ω,
286 509 345 540 καὶ
369 506 438 550 τὴν
455 504 563 546 ἀξίαν
587 505 807 552 ἤτοι-ἆρχὴν
831 505 876 550 ἢν
901 508 971 561 ἔχει
995 504 1252 562 ἐφ’(ἑκατέρου

164 553 324 595 θέματος
349 548 552 586 ἀπολλύτω.
602 553 632 586 εἰ
654 550 692 586 δὲ
717 551 954 606 ἑγκληματικη
980 553 1032 594 εἴη
1057 567 1078 595 η
1104 565 1252 598 κατηγο-
1281 582 1283 585 ,

163 601 234 643 ρία,
260 595 432 640 δήμευσιν
456 598 518 640 τῆς
542 596 633 632 ἰδίας
658 602 862 642 περιουσίας
887 601 1098 641 ὐπομενέτω
1124 602 1181 631 καὶ
1206 598 1253 631 εἰς

164 643 307 687 ἐξορίαν
328 643 547 687 πεμπέσθω,
570 640 662 677 ὅςτις
680 642 740 676 διὰ
759 642 871 686 λῆψιν
889 639 1079 688 ἀλλότριον
1097 642 1253 686 ἔγκλημα

163 689 210 721 εἰς
234 686 365 721 ἑαυτὸν
391 686 593 722 ἐσπούδασε
616 691 850 735 μετενεγκεῖν.
900 689 930 721 εἰ
952 686 991 721 δὲ
1010 688 1079 731 τὴν
1100 687 1206 722 δόσιν
1231 686 1253 730 ἢ

163 733 231 776 τὴν
251 730 447 775 ὑπόσχεσιν
472 732 490 767 ὁ
518 735 674 778 litigator
696 734 744 777 μὴ
772 732 914 780 δυνηθῇ
940 732 1071 776 δεῖξαι,
1103 731 1253 776 ὀμνύτω

163 778 204 812 τὸ
230 777 424 822 πρόςωπον
449 779 491 812 τὸ
517 780 585 822 τὴν
608 778 713 813 δόσιν
739 777 818 821 ἤτοι
844 776 1043 821 ὑπόσχεσιν
1061 777 1253 823 λεγόμενον

164 824 457 864 καταδέξασθαι,
495 820 554 858 ὅτι
590 823 671 858 οὔτε
707 822 757 857 δι’
790 824 919 857 ἑαυτοῦ
952 822 1035 857 οὔτε
1068 822 1120 857 δι’
1145 822 1253 856 ἄλλου

164 870 352 913 προςιόπου
378 867 400 911 ἢ
426 868 540 913 ἔλαβέ
561 884 595 903 τι
620 868 643 912 ἢ
668 867 864 911 ὑπόσχεσιν
890 871 979 911 ἔσχε,
1006 872 1065 901 καὶ
1089 870 1153 902 τοῦ
1180 882 1252 902 τοι-

164 916 269 948 ούτου
303 912 411 958 ὅρκου
436 918 678 959 παρεχομένου
709 912 817 948 αὗτὸς
840 917 906 957 μὲν
933 913 1121 959 ἐλεύθερος
1146 914 1251 955 ἔστω,

164 959 183 993 ὁ
206 959 244 994 δὲ
267 960 425 1004 litigator
450 958 469 993 ὁ
495 959 542 1003 μὴ
570 959 740 1003 δυνηθεὶς
764 958 876 999 δεῖξαι
902 961 962 993 ἐπὶ
986 961 1052 1002 μὲν
1071 962 1148 992 ’ταῖς1
1171 973 1252 1003 χρη-

162 1007 328 1049 ματικαῖς
358 1006 489 1039 αἰτίαις
523 1006 590 1047 την
616 1002 834 1047 ἀποτίμησιν
865 1006 927 1047 τῆς
958 1003 1054 1047 δίκης
1087 1002 1158 1039 ὑπὸ
1189 1006 1251 1037 τοῦ

164 1050 317 1095 κόμητυς
347 1052 423 1084 τῶν
447 1051 640 1096 πριβάτων
665 1050 949 1094 εἰς-πραττέσθω,
982 1051 1045 1092 τῆς
1071 1048 1167 1091 δίκης
1193 1048 1251 1091 δη-

165 1096 287 1131 λονότι
318 1096 386 1138 τὴν
418 1094 516 1129 ἰδίαν
547 1096 698 1140 ἔκβασιν
722 1092 986 1138 ἀναμενούσης,
1019 1096 1078 1129 ἐπὶ
1113 1093 1153 1128 δὲ
1175 1097 1252 1128 ταῖς

165 1141 436 1187 ἐγκληματικαῖς
460 1139 632 1184 δήμευσιν
656 1142 733 1175 τῶν
750 1142 892 1174 οἰκείων
913 1138 1138 1185 πραγμάτων
1164 1137 1250 1174 ’ὑπο-

162 1190 312 1230 μενέτω,
338 1189 395 1219 καὶ
413 1186 456 1220 τὸ
475 1187 624 1232 πρᾶγμα
648 1185 749 1230 παρὰ
773 1189 845 1220 τοῖς
862 1183 1046 1231 ἁρμοδίοις
1069 1184 1253 1219 δικασταῖς

164 1233 255 1265 κατὰ
289 1232 355 1274 τὴν
386 1233 463 1265 τῶν
487 1232 614 1275 νόμων
645 1232 750 1271 τάξιν
782 1229 1030 1275 περαιοῦσθω.
1080 1233 1110 1265 εἰ
1142 1229 1182 1264 δὲ
1209 1230 1251 1264 τὸ

165 1277 262 1322 παρὰ
280 1279 346 1311 τοῦ
371 1275 605 1320 δικαζομένου
631 1277 850 1323 ῳανερωθὲν
870 1275 1065 1321 πρόςωπον
1082 1275 1149 1311 τὸν
1165 1290 1252 1320 μνη-

163 1323 392 1366 μονευθέντα
413 1322 677 1366 παραιτήσεται
699 1320 818 1368 ὅρκον,
851 1324 959 1356 τοῦτο
988 1324 1056 1367 μὲν
1087 1323 1147 1356 ἐπὶ
1175 1325 1253 1356 ταῖς

1277 164 1362 212 627

1270 689 1308 721 10
1323 688 1407 732 poni
1431 688 1623 724 festinavit.

2065 167 2103 210 Ν
2107 180 2173 210 ov.
2198 166 2375 210 CXXIV
2393 168 2418 207 2

1325 279 1545 324 probaverit,
1577 280 1655 325 ipse
1679 280 1821 324 quidem
1852 280 1889 315 in
1913 282 2040 315 eventu
2073 279 2144 314 litis
2177 278 2315 315 veniam
2338 287 2412 313 me-

1326 328 1458 368 reatur,
1492 326 1657 370 quivero
1689 326 1831 371 accepit
1863 329 1926 360 aut
1949 324 2220 371 promissionem
2254 324 2415 369 suscepit

1324 373 1388 405 aut
1425 371 1458 405 ei
1492 371 1677 416 probatur,
1719 371 1750 407 si
1786 371 1928 416 quidem
1963 371 2172 416 pecuniarIa
2207 371 2254 405 sit
2290 379 2411 410 causa,

1325 416 1419 459 quod
1451 417 1593 461 quidem
1625 417 1733 452 datur
1765 417 1932 459 triplum,
1966 416 2062 459 quod
2086 425 2168 451 vero
2192 415 2413 460 promittitur

1291 464 1309 495 5
1324 462 1470 506 duplum
1495 472 1518 497 a
1542 462 1670 497 comite
1695 462 1914 506 privatarum
1939 462 2112 505 exigatur,
2145 463 2180 495 et
2205 460 2412 505 dignitatem

1324 517 1387 541 seu
1418 507 1595 550 cingulum
1629 508 1723 551 quod
1754 507 1862 542 habet
1893 507 1931 541 in
1956 511 2108 551 utroque
2141 516 2227 541 casu
2257 505 2410 540 amittat.

1323 552 1361 587 si
1398 556 1517 588 autem
1554 552 1746 588 criminalis
1792 552 1839 587 sit
1874 552 2074 593 accusatio,
2120 551 2412 586 confiscationem

1324 598 1492 642 propriae
1516 598 1741 633 substantiae
1765 597 1924 641 patiatur
1949 600 1985 632 et
2008 597 2171 631 mittatur
2194 597 2230 630 in
2255 595 2411 638 exilium,

1323 642 1382 686 qui
1406 645 1553 687 propter
1577 643 1822 687 acceptionem
1847 642 2001 677 alienum
2029 642 2160 677 crimen
2184 642 2222 676 in
2239 652 2277 676 se
2294 645 2411 675 trans-

1673 687 1709 722 Si
1732 697 1815 722 vero
1848 688 1971 722 datum
2002 689 2066 722 aut
2096 687 2309 731 promissum
2341 686 2411 720 liti-

1322 736 1424 776 gator
1448 734 1602 778 probare
1626 733 1840 777 nequiverit,
1871 733 1965 767 iuret
1989 742 2143 776 persona
2172 742 2263 776 quae
2289 732 2411 765 datum

1322 782 1386 813 aut
1410 779 1624 823 promissum
1649 778 1781 812 dicitur
1805 778 2015 822 suscepisse,
2041 777 2125 821 quia
2150 787 2264 821 neque
2288 786 2352 820 per
2374 786 2412 810 se

1323 834 1437 868 neque
1470 835 1534 869 per
1558 824 1664 859 aliam
1689 834 1879 868 personam
1912 825 1977 858 aut
2000 822 2140 867 accepit
2171 825 2235 856 aut
2258 821 2410 866 promis-

1323 869 1458 904 sionem
1482 869 1617 910 habuit,
1644 872 1680 903 et
1705 869 1774 904 hoc
1794 868 1957 913 praebito
1983 871 2207 904 sacramento
2232 867 2309 911 ipse
2333 866 2411 911 qui-

1270 916 1307 947 15
1323 914 1400 948 dem
1424 914 1514 950 liber
1538 915 1599 954 sit,
1622 914 1780 966 litigator
1805 916 1941 956 autem,
1968 914 2028 958 qui
2052 923 2123 948 non
2148 912 2267 957 potnit
2291 914 2410 946 osten-

1323 960 1423 1002 dere,
1466 960 1501 994 in
1540 960 1756 1004 pecumariis
1793 959 1934 1004 quidem
1974 959 2092 994 causis
2130 957 2412 993 aestimationem

1322 1004 1393 1040 litis
1417 1015 1440 1040 a
1465 1006 1592 1040 comite
1615 1005 1833 1050 privatarum
1859 1004 2030 1048 exigatur,
2061 1004 2122 1039 lite
2147 1003 2280 1048 quippe
2307 1012 2411 1038 even-

1321 1052 1398 1084 tum
1418 1051 1603 1094 proprium
1624 1051 1834 1092 sustinente,
1858 1049 1897 1084 in
1919 1049 2162 1084 criminalibus
2182 1050 2303 1084 autem
2326 1058 2410 1083 con-

1321 1095 1544 1131 fiscationem
1578 1106 1723 1131 suarum
1754 1105 1872 1130 rerum
1902 1096 2088 1137 sustineat,
2121 1097 2158 1130 et
2182 1103 2292 1130 causa
2316 1092 2412 1138 apud

1266 1140 1307 1173 20
1323 1144 1565 1185 competentes
1598 1141 1733 1176 iudices
1765 1140 1961 1176 secundum
1995 1141 2113 1185 legum
2146 1139 2305 1175 ordinem
2340 1142 2411 1174 ter·

1320 1186 1484 1221 minetur.
1533 1187 1571 1221 Si
1595 1190 1713 1221 autem
1744 1197 1766 1221 a
1789 1186 1966 1229 litigatore
1997 1184 2225 1221 manifestata
2256 1194 2412 1230 persona

1321 1235 1555 1267 memoratum
1577 1231 1786 1267 refutaverit
1806 1231 2069 1273 iusiurandum,
2091 1232 2164 1266 tam
2185 1231 2221 1265 in
2244 1230 2408 1265 crimina-

1322 1277 1416 1312 libus
1442 1287 1548 1322 quam
1567 1277 1603 1312 in
1625 1276 1841 1321 pecuniariis
1863 1276 1982 1312 causis
2001 1276 2205 1312 memoratis
2226 1275 2412 1311 subiaceat

1322 1322 1457 1366 poenis.
1519 1322 1557 1357 Si
1593 1324 1671 1367 quis
1707 1324 1828 1357 autem
1868 1322 2085 1366 litigantium
2126 1321 2297 1357 iuraverit
2339 1331 2411 1355 non

165 1367 435 1414 ε’γκληματικαῖς
465 1380 573 1401 τουτο
597 1366 636 1401 δὲ
659 1371 719 1401 καὶ
752 1369 812 1402 ἐπὶ
844 1370 920 1401 ταῖς
943 1370 1175 1412 χρηματικαῒς
1201 1368 1251 1400 αἰ-
1267 1368 1308 1400 25
1322 1368 1461 1403 dedisse
1495 1370 1558 1402 aut
1589 1368 1814 1412 promisisse,
1851 1368 1948 1402 intra
1977 1367 2012 1402 X
2042 1377 2125 1403 vero
2158 1376 2297 1402 menses
2327 1369 2412 1410 post

165 1418 257 1448 τιάις
279 1416 356 1447 ταῖς
375 1413 700 1457 μνημονευθείσαις
725 1411 939 1447 ὑποκείσθω
966 1417 1117 1447 ποιναῖς.
1162 1413 1191 1445 εἰ
1214 1410 1255 1446 δέ

164 1471 217 1493 τις
240 1460 317 1493 τῶν
342 1456 590 1502 δικαζομένων
622 1455 748 1503 ὀμόσει
777 1459 825 1503 μὴ
860 1457 1056 1492 δεδωκέναι
1085 1456 1108 1501 ἢ
1141 1459 1250 1504 ἐπαγ-

163 1503 376 1551 γείλασθαι,
408 1503 510 1538 ἐντὸς
543 1502 582 1537 δὲ
605 1502 796 1550 τεσσάρων
824 1504 951 1547 μηνῶν
975 1503 1066 1547 μετὰ
1096 1503 1138 1537 τὸ
1165 1516 1251 1548 προ-

164 1550 360 1593 ενεχθῆναι
377 1548 446 1592 τὴν
462 1550 588 1593 ψῆφον
613 1547 898 1595 ἀριθμουμένων
920 1547 1051 1595 δειχθῇ
1077 1547 1191 1582 δοθέν
1215 1562 1251 1583 τι

164 1594 186 1638 ἢ
204 1594 421 1638 ὑποσχεθέν,
447 1593 487 1628 αἱ
500 1596 681 1640 εἰρημέναι
706 1597 831 1629 ποιναὶ
856 1595 948 1628 κατά
973 1608 1012 1628 τε
1036 1595 1112 1628 τῶν
1130 1593 1250 1628 διδόν-

164 1654 241 1675 των
264 1640 357 1674 κατά
387 1652 427 1674 τε
451 1641 527 1674 τῶν
551 1637 821 1684 λαμβανόντων
845 1637 969 1684 χώραν
994 1640 1144 1680 ἕξουσιν.
1191 1637 1251 1673 Ἐν

165 1686 203 1720 δὲ
220 1689 296 1720 ταῖς
313 1684 426 1719 δίκαις
441 1688 518 1719 ταῖς
535 1682 585 1719 δι’
606 1684 818 1729 ἐπιτρόπων
839 1685 860 1729 ἢ
878 1685 1119 1740 κουρατιόρων
1136 1698 1250 1730 πρατ-

163 1733 328 1775 τομέναις
343 1730 426 1764 τοὺς
441 1732 508 1774 μὲν
526 1727 651 1775 ὅρκους
670 1731 705 1764 οἱ
721 1733 911 1776 ἐπίτροποι
927 1744 1008 1773 ητοι
1033 1730 1254 1775 κουράτωρες

163 1779 439 1824 παρεχέτωσαν·
465 1776 564 1809 εἴτις
582 1774 621 1809 δὲ
645 1778 682 1809 ἐκ
706 1777 1000 1829 τῶνυείρημένων
1024 1777 1165 1810 ποινιῦν
1184 1776 1253 1817 χιό-

163 1836 232 1868 ραν
256 1822 361 1866 λάβοι
392 1819 452 1855 διὰ
475 1822 553 1855 τῶν
577 1821 756 1856 τοιούτων
781 1835 912 1867 ορκων,
946 1819 1084 1864 ταύτην
1114 1820 1150 1854 οἱ
1179 1823 1254 1855 ἐπί·
1270 1823 1311 1856 35

1322 1413 1499 1457 prolatam
1524 1413 1735 1447 sententiam
1760 1413 1999 1448 numerandos
2024 1412 2235 1448 ostendatur
2258 1411 2410 1453 dedisse,

1322 1462 1540 1494 memoratae
1562 1469 1700 1503 poenae
1732 1462 1768 1493 et
1798 1461 1924 1494 contra
1948 1458 2074 1494 dantes
2107 1460 2143 1493 et
2167 1460 2294 1492 contra
2317 1457 2410 1492 acci-

1322 1504 1461 1549 pientes
1493 1504 1651 1539 habeant
1674 1504 1803 1540 locum.
1852 1504 1896 1539 In
1921 1504 2038 1540 causis
2063 1505 2199 1545 autem,
2232 1512 2323 1547 quae
2374 1512 2412 1537 er

1322 1552 1461 1585 tutores
1496 1551 1560 1585 aut
1591 1553 1774 1585 curatores
1806 1552 1973 1593 aguntur,
2010 1553 2236 1586 sacramenta
2271 1548 2331 1592 qui
2357 1558 2412 1582 em

1266 1595 1308 1627 30
1322 1598 1460 1631 tutores
1485 1598 1548 1630 aut
1573 1598 1759 1631 curatores
1784 1598 1985 1640 praestent,
2022 1595 2052 1630 si
2076 1604 2147 1640 qua
2171 1604 2254 1630 vcro
2278 1603 2410 1629 memo-

1322 1645 1481 1677 ratarum
1513 1650 1709 1686 poenarum
1742 1641 1861 1677 locum
1893 1641 2061 1676 habuerit
2091 1650 2156 1686 per
2179 1639 2267 1674 talia
2290 1648 2410 1676 sacra-

253 1927 283 1946 v.
301 1920 418 1947 26—31
442 1914 646 1947 summarium
672 1920 760 1946 extat
783 1910 875 1946 Ῥοπ.
897 1916 949 1955 17,
968 1922 995 1955 5,
1029 1920 1247 1957 aryumentum
1271 1920 1361 1946 notat
1385 1912 1519 1947 Nomoc.
1538 1914 1695 1947 XIVtit.
1716 1915 1826 1955 13‚1s.

253 1972 284 1992 v.
302 1960 471 2001 31-628,
486 1966 502 1993 3
526 1971 677 1992 summam
699 1959 774 1992 Alli.
799 1966 946 2002 repetunt
965 1960 1129 2003 paratitla
1154 1960 1229 1992 Atlt.
1250 1961 1290 1992 13
1311 1964 1370 1998 §4.

164 2086 199 2119 et
222 2081 290 2117 hoc
308 2080 532 2127 probaverit,
564 2081 643 2126 ipse
667 2079 809 2126 quidem
834 2080 872 2114 in
895 2082 998 2116 exitu
1024 2081 1098 2116 litis
1122 2082 1260 2127 veniam
1285 2084 1477 2122 mereatur,
1510 2080 1574 2126 qui
1597 2084 1716 2116 autem
1741 2081 1865 2116 datum
1896 2080 1954 2116 vel
1979 2081 2199 2126 promissum
2231 2081 2413 2127 accepisse

165 2128 347 2164 convictus
369 2126 449 2168 erit,
473 2126 504 2160 sz'
528 2125 670 2171 quidem
693 2125 908 2171 pecuniaria
932 2126 979 2161 sit
1003 2137 1133 2168 causa,
1158 2126 1305 2171 triplum
1330 2126 1407 2160 eius
1431 2126 1531 2170 quod
1553 2125 1678 2160 clatum
1697 2130 1762 2168 est,
1784 2125 1934 2172 duplum
1959 2129 2078 2161 autem
2102 2126 2180 2161 eius
2205 2126 2303 2172 quod
2319 2137 2412 2172 pro-

165 2174 311 2208 missum
335 2175 387 2206 est
404 2181 477 2217 per
502 2171 666 2206 comitem
690 2181 810 2206 rerum
832 2172 1061 2216 privatarum
1085 2171 1130 2206 ab
1155 2182 1197 2206 eo
1221 2171 1405 2216 exigatur,
1439 2174 1548 2215 atque
1571 2169 1749 2216 diqnitate
1771 2182 1834 2205 seu
1860 2171 2076 2216 mayistratu
2108 2182 2212 2217 quem
2237 2170 2346 2207 ltabet
2374 2173 2412 2207 in

167 2224 319 2263 utroque
343 2227 430 2252 casu
454 2221 624 2252 exuatur.
672 2215 738 2250 Sin
763 2216 961 2250 criminalis
984 2216 1030 2251 sit
1051 2216 1249 2257 accusatio,
1277 2215 1563 2261 publicationem
1586 2215 1810 2251 substantiae
1832 2226 1920 2250 suae
1937 2216 2108 2262 patiatur
2140 2223 2176 2252 et
2198 2216 2236 2251 in
2260 2217 2412 2252 exilium

166 2265 342 2304 mittatur,
375 2262 438 2307 qui
490 2261 605 2296 uidem
630 2261 826 2306 turpilione
857 2266 1007 2307 accepta
1039 2262 1172 2297 crimen
1204 2261 1360 2296 alienum
1392 2261 1490 2295 inse
1515 2261 1720 2305 transferre
1751 2260 1942 2296 studuerit.
1990 2259 2128 2303 Quodsi
2149 2261 2332 2297 dationem
2356 2262 2414 2298 vel

161 2309 439 2356 promissionem
477 2307 629 2352 itiqator
653 2305 818 2353 probare
849 2317 921 2341 non
944 2306 1121 2352 potuerit,
1149 2317 1314 2352 persona
1338 2316 1432 2351 quae
1457 2305 1581 2340 datum
1613 2305 1668 2341 vel
1689 2307 1909 2352 promissum
1940 2305 2075 2341 dicitur
2106 2307 2290 2353 accepisse
2316 2307 2412 2343 iuret

166 2366 204 2389 se
227 2364 342 2399 neque
397 2363 437 2388 er
460 2362 498 2387 se
529 2362 644 2397 neque
669 2362 740 2397 per
763 2351 873 2386 aliam
898 2362 1094 2397 personam
1119 2352 1176 2398 vel
1198 2351 1380 2397 accepisse
1404 2351 1596 2396 quicquam
1628 2351 1683 2386 vel
1704 2351 1922 2397 promissum
1946 2351 2015 2386 sibi
2038 2350 2178 2394 babere,
2211 2355 2321 2397 atque
2346 2353 2411 2388 tali

166 2400 353 2434 iureiuran
382 2408 402 2432 o
424 2398 602 2443 praestito
628 2397 705 2442 ipse
730 2396 872 2441 quidem
897 2396 986 2432 tiber
1009 2397 1067 2438 sit,
1092 2408 1115 2431 a
1141 2396 1324 2442 litiqatore
1347 2407 1444 2438 vero,
1470 2396 1532 2440 qui
1553 2395 1714 2441 probare
1736 2407 1811 2432 rem
1835 2406 1909 2431 non
1931 2396 2104 2442 potuerit,
2129 2397 2166 2432 in
2186 2398 2412 2443 pecuniariis

168 2443 311 2490 quidem
327 2444 447 2478 causis
464 2443 666 2477 aestimatio
693 2441 767 2476 litis
789 2452 857 2487 per
875 2442 1037 2477 comitem
1055 2452 1175 2477 rerum
1193 2442 1424 2488 privatarum
1444 2441 1629 2486 exiqatur,
1655 2441 1717 2476 lite
1732 2441 1869 2477 scilicet
1892 2441 2031 2476 exitum
2055 2453 2159 2477 suum
2184 2446 2410 2488 expectante,

168 2493 204 2525 in
228 2488 474 2524 criminalibus
497 2491 616 2522 autem
634 2486 918 2533 publicationem
941 2498 1063 2522 rerum
1085 2498 1234 2522 suarum
1256 2487 1432 2532 patiatur,
1456 2491 1565 2531 atque
1587 2497 1646 2521 res
1670 2487 1771 2533 apud
1794 2490 2034 2532 competentes
2057 2486 2193 2522 iudices
2214 2488 2410 2523 secundum

168 2536 286 2581 lequm
311 2533 473 2569 ordinem
506 2533 723 2568 terminetur.
772 2530 909 2574 Quodsi
935 2543 1095 2578 persona
1126 2543 1150 2567 a
1183 2532 1348 2577 litiqante
1378 2532 1566 2567 nominata
1596 2536 1831 2567 memoratum
1862 2532 2114 2567 iusiurandum
2147 2532 2236 2568 dare
2266 2543 2410 2568 recusa-

169 2582 269 2621 verit,
304 2583 375 2614 tam
401 2579 438 2613 in
462 2577 709 2613 criminalibus
758 2588 841 2612 uam
865 2578 903 2612 in
921 2577 1147 2623 pecuniariis
1170 2578 1291 2612 causis
1313 2577 1522 2613 memoratis
1539 2576 1673 2622 poenis
1695 2577 1903 2613 subiciatur.
1952 2575 1994 2612 Si
2017 2577 2098 2623 quis
2122 2582 2242 2613 autem
2266 2588 2315 2613 ea:
2339 2578 2409 2614 liti-

167 2626 337 2672 qantibus
367 2624 543 2659 iuraverit
573 2634 646 2657 non
671 2622 714 2657 cle
741 2623 810 2658 isse
833 2633 918 2670 sese
933 2633 1048 2668 neque
1066 2623 1287 2674 promisisse,
1320 2627 1355 2659 et
1378 2622 1477 2658 intra
1502 2626 1677 2667 quattuor
1699 2633 1836 2658 menses
1859 2634 1882 2657 a
1905 2622 2056 2668 prolata
2088 2623 2266 2658 sententia
2289 2634 2410 2660 nume-

168 2670 306 2706 randos
331 2669 512 2715 probetur
543 2668 683 2712 aliquid
712 2667 836 2703 datum
869 2668 925 2704 vel
947 2679 1170 2720 promissum
1194 2678 1280 2710 esse,
1307 2667 1522 2714 praedictae
1545 2678 1691 2714 poenae
1722 2670 1795 2702 tam
1820 2671 1949 2703 eontra
1980 2667 2109 2703 dantes
2139 2679 2248 2714 quam
2279 2673 2410 2704 contra

169 2716 385 2761 accipientes
409 2714 526 2749 locum
550 2713 738 2748 habebunt.
787 2711 833 2747 In
858 2724 976 2748 causis
999 2718 1117 2749 autem
1150 2724 1243 2759 quae
1270 2723 1340 2759 per
1364 2716 1499 2748 tutores
1525 2712 1581 2748 vel
1603 2716 1792 2748 curatores
1815 2716 1976 2758 aquntur
2006 2718 2235 2748 sacramenta
2266 2714 2410 2759 quidem

171 2765 306 2797 tutores
337 2759 393 2796 vel
422 2762 611 2794 curatores
639 2761 844 2805 praestent,
880 2759 914 2794 si
941 2769 1014 2804 qua
1044 2769 1127 2795 vero
1159 2769 1209 2794 ea:
1238 2758 1438 2804 praedictis
1469 2757 1601 2803 poenis
1628 2761 1786 2804 propter
1821 2757 1994 2794 eiusmodi
2029 2763 2258 2794 sacramenta
2293 2759 2410 2794 locum

217 2899 233 2931 1
249 2892 434 2934 ἀποδείξαι
446 2895 493 2927 B⁸
503 2908 531 2927 v.
542 2895 573 2934 l.‚
589 2890 761 2940 ἀποδείξῃ
776 2889 1158 2939 Ηαῖοαηιίεν(ἇναδείξῃ
1171 2894 1231 2935 Bt)
1243 2893 1255 2938 ΙΙ

171 2943 190 2975 2
207 2938 230 2984 ἢ
247 2939 365 2982 δόσιν]
382 2941 509 2982 accepit
526 2951 544 2976 ς
562 2939 574 2982 ΙΙ
591 2938 866 2979 καταδέξασθαι
891 2936 1126 2982 δεικνύμενος]
1153 2936 1255 2978 δεξά-

169 2997 273 3029 μενος
289 2987 337 3018 ΒΕ
353 2985 497 3026 suscepit
514 2987 572 3018 aut
589 2985 619 3017 ei
636 2985 797 3027 probatur
815 2996 833 3020 ς
851 2985 862 3027 Ι]
881 2987 900 3018 3
915 2980 936 3026 ἦ
955 2997 1013 3017 om.
1026 2986 1074 3016 [3⁶
1089 2984 1102 3028 ΙΙ
1121 2986 1142 3018 4
1157 2981 1255 3017 δεδο-

169 3034 279 3075 μένον
301 3030 363 3063 Bss
387 3030 399 3072 ΙΙ
423 3032 441 3062 5
463 3030 540 3062 τῶν
561 3028 765 3074 πριβάτων]
790 3031 852 3070 τῆς
875 3027 987 3071 ἰδικῆς
1010 3027 1115 3071 ἡμῶν
1140 3025 1256 3072 (ἡμῶν

172 3090 229 3110 om.
249 3076 310 3116 B2)
336 3077 539 3119 περιουσίας
556 3075 619 3107 B⁰⁸
635 3076 829 3114 (Nomocffl)
846 3075 858 3118 Ι]
885 3073 1173 3120 εἰσπράττεσθαι
1191 3075 1221 3107 L
1245 3074 1255 3116 ΙΙ

173 3124 190 3155 7
207 3119 228 3163 ἡ
249 3134 305 3153 om.
322 3121 351 3152 L
370 3120 381 3162 ΙΙ
400 3121 419 3153 8
437 3119 566 3152 οἰκείας
583 3119 629 3151 Bt
645 3118 657 3163 ΙΙ
673 3116 794 3152 οὐσίας
808 3120 969 3153 Nomoc.m
993 3120 1004 3162 ΙΙ
1025 3122 1062 3152 11
1084 3120 1255 3161 olitigator

172 3167 215 3199 M
236 3163 420 3207 o’litigatwr
435 3166 464 3196 L
490 3162 509 3196 ό
529 3161 686 3197 διάδικος
703 3160 733 3205 (ὁ
753 3160 917 3198 διάκονος
930 3165 1104 3205 Νοηιοσ.7”)
1124 3165 1198 3198 Ms-
1213 3178 1254 3204 υ.,

171 3212 207 3244 Β
224 3210 236 3253 ΙΙ
259 3212 298 3243 12
323 3208 414 3251 ἤτοι]
441 3207 463 3251 ἢ
479 3208 547 3251 τὴν
568 3211 614 3242 Β8
632 3210 792 3242 Νονηοο.7η
810 3210 822 3252 ss
843 3211 882 3243 13
909 3206 1020 3242 *οὐδὲ
1035 3210 1145 3242 MLB
1163 3210 1174 3252 ΙΙ
1193 3206 1255 3242 αὖ·

171 3256 236 3289 τοῦ
262 3256 292 3287 L
311 3255 322 3297 ΙΙ
341 3251 451 3287 *οὐδὲ
476 3255 586 3287 MLB
605 3254 616 3295 ΙΙ
634 3250 820 3298 ἀλλοτρίου
846 3255 876 3287 L
894 3255 905 3297 ΙΙ
935 3257 975 3287 14
998 3250 1019 3296 ἢ
1045 3268 1101 3287 om.
1118 3255 1166 3287 B⁸
1183 3255 1195 3298 ΙΙ
1221 3267 1256 3287 τι

173 3314 230 3334 om.
256 3312 275 3336 ς
292 3300 304 3342 ΙΙ
321 3297 343 3341 ἢ
368 3313 425 3332 om.
443 3299 509 3342 ΜΙΙ
531 3301 569 3333 15
595 3300 697 3332 ἔσται
722 3300 813 3332 ΜΒε
836 3301 996 3333 Nomoc.⁷'²
1020 3299 1032 3342 ΙΙ
1062 3301 1101 3333 16
1126 3297 1255 3341 Zinga-

171 3359 236 3390 twr
250 3357 280 3389 L
305 3347 489 3401 ttvtydvt‘h
503 3357 572 3396 (sic)
585 3356 627 3388 M
648 3352 806 3388 διάδικος
823 3351 999 3396 (διάκονος
1011 3356 1184 3398 Nomocffl)
1199 3356 1233 3389 B
1246 3355 1257 3400 Η

174 3403 214 3436 18
228 3401 306 3435 τῶν
320 3399 525 3444 πριβάτων]
544 3401 604 3441 τῆς
621 3397 733 3442 ἰδικῆς
746 3398 864 3443 (ἡμῶν
878 3402 954 3433 add.
966 3401 1139 3442 Nomocan)
1156 3413 1255 3445 περι-

171 3449 292 3480 ουσίας
310 3447 371 3479 ΒΕις
387 3447 548 3479 Νοητοο.”ι
575 3445 587 3488 ss
615 3448 654 3480 19
673 3442 712 3478 δὲ
730 3458 787 3478 om.
802 3446 961 3478 Nemocffl
985 3445 997 3482 ΙΙ
1025 3447 1066 3479 20
1084 3445 1254 3491 ἐγκλημα-

172 3494 286 3526 τικαῖς
316 3504 374 3525 om.
400 3491 562 3525 Nomoeffl
573 3503 627 3533 pr.
655 3490 668 3528 ΙΙ
699 3492 741 3524 24
765 3487 1034 3534 παραιτήσηται
1058 3492 1220 3525 Nomoc.m
1241 3491 1252 3530 ΙΙ

174 3538 215 3570 26
240 3539 372 3569 ταῖς-
387 3538 540 3576 ποιναῖς]
566 3534 632 3577 τὴν
649 3532 871 3579 ἀποτίμησιν
894 3535 954 3577 τῆς
979 3532 1076 3577 δίκης
1100 3536 1172 3571 ὑπὸ
1191 3536 1255 3570 τοῦ

173 3582 326 3625 κόμητος
348 3582 425 3614 τῶν
445 3578 639 3625 πριβάτων
656 3584 708 3622 (ex
724 3595 752 3615 v.
772 3583 867 3623 l7sq.
889 3593 996 3614 errore
1013 3584 1162 3624 repetita)
1182 3583 1229 3615 La
1246 3581 1257 3625 ΙΙ

174 3628 214 3660 27
242 3622 357 3673 ὀμόσῃ
384 3626 435 3660 Bt
460 3626 472 3671 ss
503 3628 543 3660 28
568 3626 769 3670 τεσσάρων]
795 3626 904 3658 decem
929 3637 948 3661 ς
972 3628 1045 3667 (err.
1073 3640 1110 3659 ex
1134 3624 1165 3660 δ’
1181 3635 1255 3660 nota

175 3673 254 3712 orto)
273 3671 284 3712 ΙΙ
303 3673 345 3705 29
363 3685 398 3705 τι
416 3685 474 3705 om.
489 3673 536 3713 L,
561 3684 596 3704 τι
612 3668 634 3712 ἢ
651 3667 857 3712 ὑποσχεθέν
882 3684 939 3704 om.
954 3683 973 3708 ς
992 3673 1002 3712 ΙΙ
1020 3673 1062 3705 30
1081 3669 1256 3725 ἡρημέναι

174 3716 218 3748 M
232 3716 244 3759 ΙΙ
262 3713 455 3758 διδόντων]
481 3714 728 3760 δικαζομένων
753 3714 934 3750 διδόντων
951 3717 1002 3749 Bc
1021 3716 1033 3761 ss
1051 3718 1090 3750 33
1117 3716 1209 3759 ήτοι]
1235 3714 1257 3758 ἢ

175 3761 207 3794 L
222 3762 235 3804 ΙΙ
262 3763 303 3795 35
327 3761 394 3795 τὸν
418 3762 583 3795 τοιοῦτον
607 3759 715 3806 ὅρκον
740 3763 770 3795 L

1373 2896 1387 2927 1
1414 2892 1513 2934 quide
1530 2903 1582 2926 me
1599 2892 1743 2925 inuentu
1759 2892 1809 2926 R¹
1833 2892 1967 2934 quidem
1987 2893 2130 2926 inuentu
2151 2893 2202 2926 12²
2217 2893 2229 2938 ΙΙ
2256 2895 2275 2928 2
2301 2905 2409 2928 susce-

1324 2937 1375 2981 pit
1399 2940 1457 2971 aut
1481 2938 1523 2979 ei]
1547 2938 1727 2980 suscepisse
1752 2938 1863 2977 Beclc;
1898 2939 1958 2981 leq.
1983 2939 2128 2981 suscepit
2151 2939 2208 2972 et?
2229 2939 2242 2983 ΙΙ
2269 2941 2288 2974 3
2313 2940 2351 2981 si]
2377 2942 2410 2973 et

1324 2983 1353 3016 si
1366 2984 1414 3015 B)
1433 2983 1445 3027 ΙΙ
1462 2985 1481 3016 5
1495 2983 1713 3026 privatarum]
1734 2994 1846 3016 rerum
1860 2985 1938 3016 add.
1950 2984 1983 3016 T
1987 2983 2000 3003 2
2013 2986 2126 3028 (vulp.)
2143 2983 2155 3028 ΙΙ
2175 2986 2194 3018 8
2209 2985 2344 3017 mittant
2359 2986 2392 3018 T
2398 2985 2409 3005 ¹

1323 3030 1473 3061 mutatur
1496 3029 1546 3061 R¹
1564 3028 1576 3072 ΙΙ
1594 3028 1756 3062 auxilium
1783 3029 1829 3061 Ta
1847 3028 1859 3071 ΙΙ
1877 3030 1897 3062 9
1921 3031 2067 3071 propter]
2093 3040 2152 3072 per
2174 3030 2207 3062 Τ
2214 3029 2224 3049 ¹
2241 3029 2253 3072 ss
2274 3032 2311 3063 11
2332 3041 2409 3072 pro-

1324 3074 1454 3106 bauerit
1474 3073 1525 3106 V¹
1542 3074 1554 3117 ΙΙ
1578 3073 1651 3106 iure
1674 3074 1723 3106 V¹
1741 3073 1753 3116 ΙΙ
1770 3084 1945 3115 personam
1969 3073 2046 3118 [13¹ss
2076 3076 2116 3109 12
2141 3084 2201 3106 nee
2227 3075 2266 3116 T,
2302 3085 2409 3116 neque

1323 3130 1381 3162 per
1398 3129 1430 3151 se
1447 3131 1505 3151 om.
1518 3119 1549 3150 R
1566 3119 1577 3160 Η
1597 3129 1656 3150 nec
1682 3119 1714 3151 T
1726 3118 1738 3161 Ι]
1757 3121 1796 3152 15
1819 3128 1902 3159 quae
1925 3119 1958 3151 V
1970 3119 1982 3161 Ι]
2001 3121 2040 3152 17
2058 3119 2267 3161 priuatorum
2283 3120 2317 3152 B.
2339 3120 2408 3161 pri-

1324 3166 1477 3196 uatarum
1496 3174 1606 3196 rerum
1625 3164 1778 3206 T(vul9.)
1796 3162 1808 3206 ΙΙ
1829 3165 1867 3197 19
1893 3173 2009 3196 causae
2035 3164 2162 3206 Tvulq.
2180 3166 2190 3204 ΙΙ
2210 3165 2299 3207 apud
2321 3175 2408 3197 com-

1323 3211 1487 3251 petentem
1504 3209 1647 3241 iudicem
1667 3209 1699 3241 T
1712 3208 1723 3251 ΙΙ
1742 3209 1783 3242 20
1804 3209 2002 3241 terminetur
2018 3207 2079 3250 ΒΞ]
2104 3209 2328 3242 terminentur
2351 3210 2413 3243 VT

1324 3256 1422 3298 vulq„
1441 3267 1497 3287 om.
1513 3254 1560 3286 R¹
1579 3253 1591 3296 ΙΙ
1610 3255 1650 3288 21
1677 3253 1939 3286 *manifestatur
1965 3254 2041 3287 libri
2057 3254 2069 3294 ΙΙ
2084 3264 2225 3295 persona
2247 3255 2309 3295 V¹]
2334 3265 2408 3296 per-

1323 3310 1401 3332 sone
1416 3299 1463 3332 Β*
1486 3309 1626 3340 persona
1650 3309 1734 3340 quae
1759 3298 1807 3331 Rs
1819 3298 2006 3342 V³Tvuly.
2025 3298 2037 3341 ΙΙ
2056 3299 2098 3332 22
2123 3301 2341 3331 memoratum
2361 3300 2405 3344 rel

1334 3345 1382 3378 V2
1399 3347 1430 3378 in
1448 3356 1514 3377 ras.
1532 3346 1571 3377 10
1591 3345 1646 3377 tiu.
1667 3343 1679 3387 ΙΙ
1705 3345 1747 3377 23
1772 3344 1972 3384 memoratis]
1997 3344 2185 3376 memoratis
2210 3344 2301 3377 causi
2322 3344 2374 3377 V“
2396 3344 2408 3386 ΙΙ

1325 3391 1368 3424 24
1385 3391 1495 3422 autem
1515 3402 1573 3422 om.
1588 3389 1636 3421 Ιίἷι
1653 3388 1665 3433 ΙΙ
1685 3390 1726 3423 25
1740 3390 1898 3431 promisse
1913 3389 1945 3421 R
1969 3399 2037 3421 nou
2054 3389 2240 3432 promisisse
2255 3389 2377 3432 Tvuly.
2396 3387 2408 3433 ΙΙ

1324 3435 1358 3467 Χ
1378 3437 1467 3475 vero]
1504 3445 1584 3467 uero
1608 3433 1642 3465 X
1668 3435 1701 3467 V
1730 3434 1764 3466 X
1788 3434 1899 3466 decem
1923 3444 2003 3466 uero
2028 3434 2060 3466 R
2097 3433 2130 3466 X
2153 3436 2184 3466 et
2202 3434 2307 3466 VIIII
2329 3445 2409 3467 uero

1327 3481 1375 3514 T¹
1395 3480 1407 3524 Ι]
1432 3482 1474 3513 26
1499 3479 1706 3521 propalatam
1733 3480 1782 3512 T¹
1807 3478 1819 3522 ΙΙ
1845 3478 1982 3519 dedisse]
2016 3479 2143 3511 dedisse
2167 3481 2226 3511 aut
2249 3480 2408 3521 promisse

1324 3526 1414 3558 intra
1430 3524 1464 3557 X
1480 3525 1543 3566 Ra,
1568 3525 1693 3557 dedisse
1710 3524 1840 3565 aliquid
1856 3526 1914 3556 aut
1930 3523 2118 3565 promisisse
2138 3525 2229 3556 Beck
2245 3523 2257 3568 Ι]
2277 3526 2318 3557 27
2336 3535 2408 3557 meo

1325 3574 1395 3603 rate
1417 3571 1450 3603 V
1470 3569 1482 3614 ΙΙ
1506 3572 1548 3604 28
1573 3569 1697 3601 habent
1724 3570 1754 3602 T
1774 3569 1786 3613 ΙΙ
1814 3571 1855 3603 29
1880 3571 2023 3609 agantur
2044 3569 2074 3602 V
2096 3570 2108 3610 ΙΙ
2124 3571 2272 3610 aguntur
2297 3588 2339 3592 —
2365 3571 2407 3603 30

1325 3618 1494 3648 curatores
1518 3628 1576 3647 om.
1594 3614 1643 3647 R*
1661 3615 1673 3658 ΙΙ
1698 3617 1825 3647 tutores
1849 3614 1981 3656 quidem
2007 3613 2123 3656 R(2)T
2140 3615 2153 3658 ss
2181 3616 2222 3648 30
2248 3624 2407 3647 memora-

1326 3664 1434 3694 torum
1458 3661 1492 3693 R
