2618 4010
171 168 230 198 DE
258 167 415 200 USURIS
443 167 650 199 NAUTICIS

170 269 269 312 μέχρι
301 267 364 300 τοῦ
396 267 464 300 νῦν
494 265 530 300 οἱ
558 266 626 309 τὴν
655 263 797 301 ὕπατον
825 267 963 310 ἔχοντες
993 266 1102 310 τιμὴν
1138 266 1175 299 ἔκ
1205 278 1245 299 τε

171 313 233 345 τοῦ
258 310 485 357 δικαστηρίου
513 312 573 354 τῆς
598 313 659 355 σῆς
683 310 855 356 ὑπεροχῆς
882 315 921 346 ἔκ
944 326 984 346 τε
1007 313 1083 346 τῶν
1107 309 1244 351 ἐνδοξο-

171 358 295 390 τάτων
329 353 431 400 ἡμῶν
466 355 634 401 ἐπάρχων
669 361 728 390 καὶ
764 355 966 400 ἀλλαχόθεν
1001 357 1120 391 ποθὲν
1154 354 1245 390 κατὰ

171 401 379 447 φιλοτιμίαν
405 399 581 446 ἡμετέραν
610 404 829 447 ἐκομίζοντο,
862 404 968 437 τοῦτο
999 406 1058 436 καὶ
1086 403 1153 435 νῦν
1183 399 1243 434 αὑ-

170 450 242 481 τοῖς
266 445 501 490 ἐπιδώσομεν,
525 447 593 490 τὴν
616 450 682 491 μὲν
706 446 794 495 παρ’
824 445 945 481 αὐτῶν
969 450 1159 493 γινομένην
1183 444 1243 479 δα-

170 493 290 535 πάνην
321 491 582 534 συστείλαντες,
614 493 681 536 τὴν
714 491 753 526 δὲ
780 490 869 538 παρ’
902 492 1007 537 ἡμῶν
1038 491 1244 538 φιλοτιμίαν

170 535 233 571 οὐκ
265 535 541 571 ἐλαττώσαντες.
590 539 749 572 Πάντων
786 536 825 572 δὲ
860 536 1016 583 δὴωτῶν
1046 538 1243 583 εἰρημένων

168 580 254 625 ἡμῖν
283 580 304 624 ἡ
336 582 512 626 βασιλέως
540 583 732 630 ἐξῃρήσθω
762 583 866 626 τύχη,
906 584 927 630 ᾑ
956 596 996 630 γε
1025 586 1084 616 καὶ
1117 579 1244 615 αὐτοὺς

169 626 188 661 o‘
221 626 310 660 θεὸς
340 627 421 661 τοὺς
452 629 578 670 νόμους
609 627 772 672 ’ὑπέθηκε
803 627 917 672 νόμον
947 625 1061 670 αὐτὴν
1084 629 1125 668 ἔμ
1159 640 1243 669 υχον

1179 151 1330 218 —507

2080 156 2186 199 Nov.
2208 155 2299 198 CVI
2329 169 2388 210 pr.

1314 267 1450 301 sulatus
1475 266 1647 302 habentes
1671 265 1840 300 honorem
1865 268 1900 300 et
1920 276 1963 301 ex
1982 267 2060 302 foro
2076 270 2159 301 tuae
2175 266 2390 301 celsitudinis

1314 314 1349 345 et
1365 321 1408 346 ex
1425 311 1686 355 gloriosissimis
1702 311 1831 345 nostris
1849 312 2037 355 praefectis
2053 316 2116 347 aut
2128 312 2233 346 etiam
2249 311 2392 346 aliunde

1313 366 1377 400 per
1400 357 1673 392 munificentiam
1701 359 1859 391 nostram
1883 357 2137 401 percipiebant,
2161 361 2196 391 et
2220 367 2315 391 nunc
2339 357 2390 392 eis

1314 401 1492 444 dabimus,
1525 403 1571 437 ab
1604 402 1654 436 eis
1688 401 1827 445 quidem
1855 400 2037 437 faciendas
2069 412 2241 446 expensas
2266 402 2391 436 adbre-

1281 446 1468 489 5viantes‚
1504 457 1526 482 a
1557 447 1660 482 nobis
1689 449 1807 481 autem
1838 445 2036 489 largitatem
2068 458 2138 481 non
2162 448 2389 482 minorantes

1314 491 1485 526 Omnibus
1516 493 1609 527 enim
1641 502 1662 526 a
1685 492 1786 526 nobis
1817 491 1920 525 dictis
1946 491 2167 536 imperatoris
2193 492 2391 536 excipiatur

1312 536 1473 580 fortuna,
1500 537 1558 572 cui
1582 541 1617 571 et
1640 537 1736 581 ipsas
1761 537 1847 571 deus
1872 537 1964 580 leges
1990 537 2157 579 subiecit,
2180 537 2291 580 legem
2315 538 2390 571 ani-

1311 586 1442 616 matam
1467 592 1547 617 eum
1572 582 1713 617 mittens
1738 581 1954 616 hominibus:
1989 592 2029 616 eo
2063 582 2156 625 quod
2186 582 2391 626 imperatori

1313 627 1451 671 quidem
1466 628 1556 671 iugis
1575 627 1775 662 indesinens
1792 626 1880 671 (est)
1901 627 2107 661 consulatus
2124 628 2286 661 omnibus
2307 627 2390 662 civi-

168 675 405 725 καταῑτέμψας
430 670 658 726 οζνθριόποις·
695 672 790 707 διότι
814 675 866 716 τῷ
883 676 948 718 μὲν
964 671 1106 717 βασιλεῖ
1151 684 1241 715 ιηνε-
1259 673 1446 707 lOtatibus
1480 676 1515 707 et
1546 672 1686 717 populis
1710 671 1945 716 gentibusque
1968 672 2005 706 in
2030 672 2174 716 singulis
2200 682 2290 716 quae
2314 673 2389 716 pla-

167 717 229 760 κὴς
258 730 409 752 υπεστιν
438 723 590 753 νπατεία
623 720 713 753 πᾶσι
739 718 868 753 πόλεσί
893 733 932 752 τε
956 721 1014 751 καὶ
1038 715 1161 760 δήμοις
1184 720 1242 750 καὶ

168 763 295 796 ἔθνεσι
316 766 375 796 καὶ
392 761 450 818 ἐφ’
471 765 619 807 ἑκάστης
638 764 683 798 τὰ
701 762 878 798 δοκοῦντα
895 762 1117 806 διανέμοντι,
1141 773 1242 807 προς-

167 810 306 851 έρχεται
338 806 378 841 δὲ
400 813 506 851 ηνίκα
539 806 643 843 αὐτὸς
673 808 831 843 νεύσειεν
862 806 883 852 ἦ
910 805 1028 850 στολή,
1061 805 1108 840 ὥς
1137 810 1196 840 καὶ
1220 805 1241 850 ἡ

167 854 230 895 τῆς
244 852 428 896 βασιλείας
447 852 599 888 ὑπατεία
625 853 683 887 διὰ
701 851 852 888 πάντων
871 856 972 887 ἔσται
993 851 1243 887 ἀκολουθοῦσα

167 909 239 931 τοις
263 910 463 944 σκηπτροις.

223 940 509 990 (Ἐπίλογος.>
554 942 599 977 ‘H
617 948 741 978 τοίνυν
765 944 808 987 σὴ
830 941 983 988 ὑπεροχὴ
1008 941 1117 978 τόνδε
1140 940 1244 987 ἡμῶν

168 988 431 1033 παραλαβοῦσα
454 990 521 1023 τὸν
536 988 650 1033 νόμον
667 987 837 1032 διηνεκῷει
861 986 973 1022 αὐτὸν
997 990 1056 1022 ἐπὶ
1079 990 1140 1031 τῆς
1164 989 1242 1021 ἑαυ-

167 1035 229 1067 τοῖ
263 1037 385 1077 μένειν
417 1031 534 1076 ἰσχύος
564 1036 864 1079 παρασκευαζέτω
896 1034 988 1067 κατὰ
1019 1035 1144 1068 πᾶσαν
1174 1034 1243 1076 τὴν

170 1076 267 1133 αὐτῷ
294 1083 547 1133 περιεχομένην
572 1078 735 1133 δύναμιν.
784 1080 948 1123 Legatur.

228 1126 378 1170 Εγράφη
407 1125 450 1158 τὸ
481 1126 655 1159 ἰσοτυπον
685 1124 827 1171 Ιωάννῃ
855 1126 907 1167 τῷ
932 1122 1157 1167 ἐνδοξοτάτῳ
1182 1125 1242 1158 ἐπ-
1256 1124 1298 1156 20

168 1170 265 1214 α’ρχῳ
302 1183 379 1204 των
410 1169 517 1214 ἱερων
548 1174 784 1215 πραιτωρίων
818 1170 860 1203 τὸ
894 1169 946 1213 β’,
982 1166 1052 1203 ἀπὸ
1091 1166 1244 1204 ὑπάτων

167 1217 227 1247 καὶ
250 1219 438 1260 πατρικίῳ.
933 1222 935 1224 ’

225 1256 383 1305 Έγράφη
407 1258 449 1293 τὸ
475 1259 647 1294 ἰσότυπον
671 1262 842 1306 Λογγίνῳ
867 1261 920 1302 τῷ
946 1259 1156 1306 λογιωτάτῳ
1185 1261 1245 1291 καὶ

168 1302 392 1348 ἐνδοξοτάτῳ
418 1305 561 1349 ἐπάρχῳ
583 1306 643 1348 τῆς
663 1302 873 1349 εὐδαίμονος
896 1304 1027 1348 ταύτης
1051 1301 1198 1339 πόλεως.

217 1349 300 1384 Dat.
311 1361 346 1385 v.
361 1351 397 1385 k.
407 1351 482 1386 Ian.
495 1350 677 1430 CP.<im11)i
688 1350 746 1385 dn.
758 1350 944 1386 Iustiniani
958 1352 1047 1394 Aug.
1062 1359 1155 1384 anno
1165 1348 1245 1392 XL>
1260 1350 1301 1383 25

166 1405 223 1440 pc.
248 1395 410 1431 Belisarii
433 1406 485 1431 vc.
510 1397 622 1440 <anno
678 1397 704 1440 >.
1111 1397 1156 1436 [a.
1172 1397 1248 1435 537]

259 1597 435 1650 IlEPI
466 1533 862 1651 NA'YTii(szN
891 1597 1160 1650 ΤΟΚῼΝ.

165 1676 202 1711 Ὁ
226 1674 330 1710 αὐτὸς
354 1676 520 1720 βασιλεὺς
541 1674 690 1724 Ἰωάννῃ
715 1677 861 1723 ἐπάρχῳ
883 1681 1119 1722 πραιτωρίων
1138 1676 1177 1710 τὸ·
1198 1675 1244 1720 β’,

288 1722 378 1767 (dm)
404 1719 558 1756 ὑπάτων
583 1719 804 1769 ὀρδιναρίων
828 1726 886 1756 καὶ
910 1722 1118 1767 πατρικίω.)

208 1789 501 1844 <Πρροίμιον.ἒ
546 1790 742 1844 Μηνύςσεως
759 1788 961 1845 ἠκούσαμεν
977 1791 1039 1833 τῆς
1055 1791 1118 1832 σῆς
1135 1787 1241 1834 ’ὑπερ-

109 1849 111 1851 ’
165 1836 261 1878 οχῆς,
287 1836 326 1878 ἡς
349 1835 415 1878 τὴν
431 1847 618 1880 προφασιν
635 1839 732 1879 ημεῖς
750 1840 850 1869 αυτοὶ
867 1834 1136 1880 παρεσχόμεθα.
1174 1834 1243 1868 ἐδί-

1313 721 1394 751 cent
1422 717 1665 760 distribuenti,
1697 716 1840 752 advenit
1872 720 1990 750 autem
2024 727 2103 751 cum
2127 718 2204 761 ipse
2229 717 2392 752 annuerit

1311 763 1451 803 trabea,
1481 763 1630 807 ideoque
1661 765 1697 798 et
1726 762 1864 807 imperii
1889 762 2094 797 consulatus
2119 772 2182 806 per
2204 762 2322 796 omnia
2346 762 2392 796 sit

1310 818 1461 853 sequens
1486 814 1636 853 sceptra.

1259 898 1298 930 15

1377 942 1649 987 (Epilogus.)
1695 943 1775 978 Tua
1793 943 1901 986 igitur
1921 942 2092 977 celsitudo
2118 942 2209 977 hanc
2235 946 2392 978 nostram

1312 987 1510 1032 suscipiens
1543 989 1654 1032 legem
1676 991 1850 1033 perpetue
1874 998 1951 1022 eam
1975 988 2012 1022 in
2036 997 2101 1023 sua
2123 998 2267 1022 manere
2290 989 2391 1023 forti-

1311 1032 1434 1067 tudine
1456 1037 1626 1085 procuret
1657 1033 1850 1069 secundum
1875 1044 2013 1068 omnem
2038 1043 2129 1077 quae
2151 1033 2189 1068 iu
2212 1044 2254 1068 ea
2278 1034 2391 1069 conti-

1311 1079 1416 1112 netur
1438 1080 1612 1114 virtutem.
1656 1079 1753 1123 Legi.

1379 1123 1520 1167 Scripta
1543 1133 1565 1157 a
1588 1124 1667 1168 pari
1691 1124 1842 1160 Iohanni
1863 1135 1924 1168 pp.
1950 1123 2116 1159 Orientis.

1359 1258 1523 1338 bff'acripta
1562 1269 1583 1292 a
1623 1258 1701 1302 pari
1742 1259 1902 1303 Longino
1945 1259 2128 1304 praefecto
2167 1258 2394 1294 felicissimae

1314 1313 1357 1338 ur
1383 1314 1424 1338 is.

1383 1349 1465 1383 Dat.
1488 1359 1524 1383 v.
1550 1349 1620 1383 kal.
1645 1349 1720 1383 Ian,
1750 1349 1817 1384 ΟΡ.
1843 1360 1896 1394 pc.
1922 1349 2084 1383 Belisarii
2108 1360 2160 1384 vc.
2255 1352 2299 1391 [a.
2315 1352 2393 1391 536]

1678 1531 1767 1566 cvl.
1818 1531 1927 1566 Auth.
1939 1530 2098 1566 cxx1x.
2126 1529 2274 1564 conix
2288 1530 2339 1564 tit.
2354 1533 2389 1564 11

1404 1600 1455 1649 R
1489 1600 1581 1648 DE
1617 1599 1863 1649 USURIS
1900 1598 2223 1649 NAUTIOIS
2257 1600 2306 1647 R

1524 1676 1619 1711 Idem
1644 1677 1733 1720 Aug.
1760 1676 1910 1711 Iohanni
1934 1688 1993 1721 pp.
2020 1676 2186 1712 Orientis.

1260 1725 1301 1756 30

1378 1788 1666 1834 (Praefatio.)
1713 1788 1886 1824 Nuntium
1906 1789 2102 1825 audivimus
2122 1800 2143 1824 a
2166 1793 2229 1824 tua
2251 1788 2393 1824 celsitu-

1314 1834 1406 1875 dine,
1434 1834 1494 1869 cui
1517 1834 1743 1868 occasionem
1768 1845 1832 1869 nos
1856 1835 1924 1880 ipsi
1946 1836 2184 1880 praebuimus.
2232 1834 2396 1869 Docuisti

233 1905 316 1937 Nov.
336 1904 420 1938 CVI
440 1905 602 1943 (Anthene.
620 1905 841 1938 ΟΧΧΙΧΞ
860 1906 937 1938 Coll.
951 1905 1011 1938 IX
1036 1906 1081 1937 lit.
1099 1906 1155 1938 11:
1180 1905 1293 1947 yloss.)
1322 1903 1447 1936 Graece
1471 1910 1558 1936 extat
1582 1904 1614 1936 in
1641 1903 1689 1935 M
1715 1922 1758 1926 —
1783 1904 1872 1946 Epic.
1901 1905 2020 1938 Theod.
2049 1906 2123 1944 106,
2154 1905 2274 1937 Athon.
2299 1905 2351 1945 17,
2371 1911 2394 1937 1.

166 1949 286 1982 Iulian.
313 1957 410 1982 const.
436 1950 568 1982 XCIX.

166 2027 322 2061 consulis
346 2026 515 2062 honorem
541 2027 671 2062 habent
694 2032 729 2062 et
752 2039 774 2062 a
799 2027 932 2063 iudicio
959 2031 1042 2062 tuae
1064 2026 1294 2063 sublimitatis
1318 2033 1353 2061 et
1377 2037 1399 2060 a
1423 2025 1695 2071 qlorz·osissz·nzz·s
1718 2027 1854 2061 nostris
1873 2027 2076 2072 praefectis
2102 2030 2136 2060 et
2159 2025 2306 2061 aliunde
2327 2036 2396 2071 per

166 2072 444 2115 mitnificentiam
476 2075 637 2106 nostram
661 2072 927 2118 percipiebant,
958 2072 998 2106 id
1023 2073 1127 2106 etiam
1158 2083 1254 2106 nunc
1285 2072 1330 2105 iis
1362 2070 1537 2112 dabimus,
1570 2071 1632 2116 qui
1656 2082 1838 2117 expensas
1862 2072 2004 2117 quidem
2037 2072 2080 2107 ab
2107 2071 2180 2106 iltis
2201 2071 2395 2116 faciendas

168 2116 475 2158 contraxerimus,
507 2116 786 2161 munificentiam
810 2122 928 2152 autem
953 2128 976 2151 a
1000 2117 1104 2151 nobis
1121 2116 1384 2162 praestandam
1413 2127 1487 2150 non
1511 2116 1753 2150 minuerimus.
1804 2117 1964 2152 Ceterum
1990 2118 2033 2152 ab
2060 2116 2223 2152 omnibus
2255 2127 2348 2161 quae
2370 2127 2393 2151 a

168 2161 270 2195 nobis
296 2161 393 2195 dicta
416 2165 500 2195 sunt
524 2162 754 2207 imperatoris
772 2162 926 2207 fortuna
950 2166 1119 2207 exempta
1142 2166 1231 2203 esto,
1264 2161 1322 2195 cui
1346 2161 1453 2196 etiam
1482 2160 1583 2206 ipsas
1607 2161 1703 2206 leqes
1726 2161 1814 2196 deus
1837 2162 2006 2206 subiecit,
2039 2173 2117 2196 cum
2142 2162 2256 2197 vivam
2281 2161 2394 2207 leqem

168 2206 287 2251 ipsum
312 2205 361 2240 ad
383 2204 542 2241 homines
565 2206 737 2241 mitteret:
772 2206 1064 2252 quandoquidem
1087 2206 1300 2252 imperatori
1358 2209 1527 2250 erpetuus
1557 2206 1767 2241 consulatus
1791 2213 1943 2252 praesto
1974 2211 2029 2242 est
2059 2206 2223 2241 omnibus
2253 2211 2289 2241 et
2311 2206 2394 2240 civi-

171 2250 302 2285 tatibus
326 2255 360 2284 et
379 2250 530 2296 populis
552 2254 588 2285 et
609 2251 774 2301 qentibus
797 2251 852 2302 vet
874 2250 1034 2296 quotidie
1057 2261 1151 2296 quae
1175 2252 1245 2296 ipsi
1268 2251 1305 2286 vi
1329 2255 1434 2285 entur
1458 2249 1701 2292 distribuenti,
1732 2255 1818 2296 toqa
1843 2255 1960 2287 autem
1986 2251 2124 2287 accedit
2148 2251 2294 2297 quando
2317 2251 2395 2296 ipse

170 2295 358 2330 adnuerit:
394 2295 488 2329 unde
511 2295 617 2330 etiam
640 2301 870 2341 imperatoris
894 2295 1102 2330 consulatus
1119 2306 1192 2343 per
1216 2296 1336 2330 omnia
1360 2295 1516 2330 manebit
1538 2300 1683 2341 sceptra
1706 2301 1904 2331 secuturus.

305 2339 544 2385 Epitoqus.

594 2339 670 2374 Tua
694 2341 807 2385 iqitur
830 2340 1030 2375 sublimitas
1053 2339 1122 2375 hac
1148 2340 1223 2386 teqe
1246 2345 1372 2374 nostra
1396 2344 1564 2385 suscepta
1588 2340 1728 2385 efficiat
1751 2345 1791 2374 ut
1818 2352 1861 2375 ea
1890 2345 2068 2387 perpetuo
2100 2342 2138 2376 in
2168 2351 2235 2375 suo
2266 2341 2394 2376 robore

169 2391 313 2420 maneat
334 2386 528 2420 secundum
553 2395 688 2420 omnem
714 2396 821 2430 quam
844 2386 1091 2431 complectitur
1114 2385 1193 2420 vim.
1238 2385 1408 2430 Leqatur.

305 2431 487 2475 Scriptum
510 2434 562 2465 est
580 2433 769 2475 exemplar
786 2429 946 2465 Iohanni
959 2430 1220 2476 qloriosz‘ssimo
1234 2430 1424 2476 praefecto
1443 2438 1549 2464 sacro
1568 2429 1758 2474 praetorio
1783 2429 1924 2470 iterum,
1948 2441 1998 2465 ex
2016 2430 2161 2466 consule
2177 2435 2211 2466 et
2225 2430 2391 2477 patricio.

304 2474 487 2521 Scriptum
509 2479 562 2510 est
585 2476 773 2521 ememptar
798 2475 965 2521 Lonqino
987 2475 1267 2521 prudentissimo
1293 2481 1328 2510 ct
1350 2474 1613 2520 qloriosissimo
1631 2475 1826 2520 praefecto
1852 2474 1957 2510 huius
1978 2477 2101 2521 felicis
2121 2476 2228 2511 urbis.

900 2665 1003 2715 DE
1033 2608 1334 2716 NAIJTJCAE
1371 2663 1663 2717 FENORE.

380 2732 480 2768 Idem
504 2734 689 2778 Auqustus
713 2732 868 2767 Iohanni
890 2734 1081 2779 praefecto
1105 2733 1292 2779 praetorio
1316 2732 1444 2767 iterum
1472 2733 1538 2776 <ex
1559 2733 1706 2769 consule
1731 2733 1918 2768 ordinario
1941 2736 1976 2768 et
1990 2733 2178 2779 patricio).

238 2883 257 2914 3
283 2877 485 2924 *ὑπάρχων
512 2881 581 2913 ML
612 2880 623 2924 ΙΙ
651 2883 722 2921 καὶ]
747 2883 806 2913 aut
831 2881 927 2913 etiam
953 2882 986 2917 (i.
1002 2893 1028 2912 e.
1053 2875 1075 2922 ἢ
1100 2881 1171 2921 καὶ)
1196 2892 1215 2915 ς
1237 2878 1249 2923 ΙΙ

169 2927 190 2958 4
208 2926 317 2958 τοῦτο
338 2939 395 2958 om.
410 2938 429 2961 ς
445 2926 455 2968 ΙΙ
476 2928 493 2959 ’7
513 2922 551 2957 δὲ
568 2923 623 2968 δὴ]
649 2927 735 2958 enim
758 2938 776 2961 ς
793 2926 803 2968 Η
829 2928 848 2959 0
874 2923 1037 2967 ὑπέθηκε
1062 2938 1099 2957 ex
1123 2936 1142 2960 ς
1166 2938 1247 2958 corr.

171 2971 357 3004 Zachariae
385 2979 559 3012 praeeunte
595 2972 789 3003 Haloandro
822 2973 890 3012 (qui
913 2969 1152 3010 r1‘1710ns'1‘htne)]
1186 2970 1247 3003 ἐπ-

171 3014 281 3057 έθηκε
298 3016 342 3047 M
360 3014 526 3048 ἐπέθεικε
541 3014 587 3048 Lb
612 3016 779 3056 ἐπέτυχεν
794 3017 842 3047 La
860 3015 872 3058 ΙΙ
890 3012 1005 3056 cuivis?
1025 3017 1069 3047 La
1087 3015 1099 3058 ΙΙ
1122 3017 1159 3048 10
1174 3012 1248 3056 διη-

170 3060 281 3093 νεκῶς
297 3055 448 3093 ὕπεστιν
469 3061 496 3092 L
519 3060 608 3101 iugis
623 3061 813 3092 indesinens
833 3073 851 3096 ς
868 3060 880 3103 11
901 3063 940 3093 12
966 3059 1094 3092 ἔθνεσι
1120 3073 1176 3092 om.
1193 3061 1222 3092 L
1238 3060 1248 3103 Η

171 3106 230 3137 καὶ
255 3118 312 3137 om.
339 3117 357 3140 ς
382 3105 393 3147 ΙΙ
423 3104 468 3138 τὰ
491 3118 549 3138 om.
575 3106 625 3138 ΙΝ
648 3105 659 3147 ss
690 3102 921 3148 διανέμονται
945 3107 976 3138 L
1002 3105 1014 3148 ΙΙ
1039 3107 1248 3149 προέρχεται

171 3150 262 3183 malit
276 3150 461 3182 Zachariae
475 3163 536 3183 non
550 3158 631 3183 recte
649 3150 660 3192 ΙΙ
682 3153 721 3184 13
736 3147 841 3183 αὐτὸς
859 3164 895 3183 esc
913 3162 931 3185 ς
949 3151 1247 3189 Ῑ]αἰο(ιηι1ει·(ι·ιιέηι.

171 3207 234 3227 non
258 3202 339 3227 recte
360 3197 514 3238 proponit
537 3195 580 3240 τῇ
607 3193 739 3240 στολῂ)]
774 3191 890 3227 αὐτοῖς
918 3196 986 3227 ML
1018 3195 1029 3237 Η
1063 3197 1102 3229 14
1134 3195 1247 3235 ἔσται]

170 3239 214 3272 sit
237 3251 257 3275 ς
275 3240 286 3281 ΙΙ
306 3241 345 3272 17
371 3237 603 3283 προλαβοῦσα
627 3241 654 3272 L
673 3243 682 3280 ll
711 3243 750 3273 19
773 3242 1019 3282 παρεχομένην
1042 3241 1071 3272 L
1091 3240 1102 3283 ΙΙ
1119 3240 1248 3281 legatur

171 3286 347 3328 Scrimqer]
384 3285 508 3325 legatu·
537 3285 583 3317 M
610 3283 760 3330 λεγάτου
787 3287 815 3317 L
852 3285 917 3326 legi
942 3298 960 3320 ς
990 3287 1078 3327 quod
1103 3286 1249 3327 praefert

176 3330 327 3363 C'uz’acius
341 3332 372 3363 in
387 3342 494 3372 expos.
508 3331 563 3371 (cf.
580 3331 703 3363 Biener
720 3331 833 3364 Gesch.
850 3332 880 3362 d.
895 3331 979 3363 Nov.
996 3331 1050 3368 23)
1067 3329 1078 3373 ΙΙ
1099 3331 1141 3363 20
1157 3326 1248 3363 *ὑπ-

171 3373 269 3418 άρχω
297 3375 366 3407 ML
385 3374 397 3417 Ι
416 3376 457 3408 22
482 3377 541 3407 καὶ
564 3377 768 3418 πατρικίων
791 3375 832 3415 L,
848 3388 906 3407 om.
923 3374 989 3417 ΜΙΙ
1008 3377 1049 3408 23
1075 3375 1247 3419 Λογγίνῳ

173 3433 230 3452 om.
248 3421 330 3461 ML,
347 3433 384 3452 ex
398 3432 417 3455 ς
435 3421 511 3452 add.
529 3421 721 3452 Haloander
740 3419 750 3462 Η
775 3420 817 3453 24
830 3416 979 3463 ὑπάρχω
994 3421 1024 3452 L
1042 3420 1054 3462 ΙΙ
1073 3422 1114 3453 25
1127 3422 1247 3453 subscr.

173 3478 229 3497 om.
255 3466 328 3502 Iul„
352 3465 417 3497 dat.
444 3478 501 3498 om.
523 3467 593 3498 rell.
613 3464 679 3508 ΜΗ
696 3474 730 3498 v.
756 3466 788 3497 k.
814 3465 884 3496 Ian.
912 3465 975 3496 GP.
1002 3468 1031 3505 ς]
1058 3462 1249 3498 καλανδῶν

171 3506 400 3554 Ἰανουαρίων
424 3511 498 3543 Aah.
523 3512 611 3553 μηνὶ
755 3512 813 3541 καὶ
838 3511 908 3551 (sic)
934 3511 1052 3542 Theod.
1077 3510 1089 3552 ΙΙ
1112 3511 1191 3552 imp.
1207 3529 1246 3534 -

173 3554 248 3594 XL]
271 3553 454 3598 βασιλείας
475 3551 728 3588 ’[ουστινιανοῦ
751 3554 793 3587 τὸ
819 3551 871 3587 ια’
898 3556 985 3595 Ath.,
1014 3556 1086 3587 ἔτει
1107 3553 1157 3587 ια’
1184 3558 1248 3598 βα-

174 3596 305 3632 σιλείας
325 3596 579 3633 Ἰουστινιανοῦ
607 3601 738 3640 Theod.‚
760 3613 817 3632 om.
833 3611 852 3635 ς
875 3600 931 3643 (cf.
955 3601 1076 3638 506,1·2
1101 3602 1184 3633 unde
1201 3614 1246 3631 se-

174 3645 281 3686 quitur
294 3647 541 3680 constitutionem
556 3654 630 3688 post
642 3659 712 3678 nov.
728 3645 798 3677 XL
810 3645 881 3678 VII
890 3647 999 3678 datam
1013 3648 1091 3686 esse)
1106 3644 1118 3688 ΙΙ
1138 3647 1179 3678 26
1195 3656 1246 3687 pe.

174 3706 217 3712 ·-
236 3698 322 3721 anno
336 3691 398 3728 II.;
422 3690 513 3734 μετὰ
532 3690 600 3733 τὴν
616 3688 793 3724 ὑπατείαν
810 3688 1022 3734 Βελισαριόυ
1042 3689 1084 3722 τὸ
1101 3690 1141 3733 β’
1160 3691 1247 3730 Ath.]

174 3743 225 3776 pc.
235 3734 388 3767 Belisarii
400 3746 448 3768 vc.
463 3748 491 3775 ς,
508 3735 597 3779 μετὰ
612 3735 678 3778 τὴν
691 3734 868 3769 ὑπατείαν
883 3733 1090 3781 Βελισαρίου
1108 3736 1224 3767 Themi.
1238 3734 1250 3779 Η

307 2790 565 2835 Praefatio.
615 2790 788 2824 Nuntium
814 2791 1018 2836 accepimus
1033 2801 1055 2824 a
1073 2793 1135 2824 tua
1150 2789 1378 2830 sublimitate,
1400 2789 1502 2823 cuius
1519 2789 1742 2825 occasionem
1762 2801 1828 2825 nos
1848 2790 1920 2836 ipsi
1932 2790 2175 2836 praebuimus.
2213 2790 2396 2827 Rettulisti

1315 2886 1388 2921 post
1415 2880 1536 2911 subscr.
1563 2891 1624 2912 non
1647 2888 1797 2913 servatur
1827 2881 1942 2913 notitia
1972 2881 2011 2912 de
2035 2893 2099 2923 qua
2123 2883 2233 2924 aqz'tur
2258 2884 2333 2922 500,
2346 2889 2392 2915 35.

1318 2926 1394 2963 503,
1409 2932 1434 2956 5.
1460 2925 1536 2963 506,
1551 2930 1586 2957 ‘20
1604 2925 1614 2964 ΙΙ
1643 2925 1684 2958 28
1694 2927 1780 2957 rubr.
1807 2927 1895 2968 Περὶ
1919 2926 2101 2958 ναυτικῶν
2124 2922 2246 2959 τόκων
2273 2927 2391 2959 Theod.

1320 2972 1404 3014 Περὶ
1418 2967 1539 3001 τόκων
1552 2970 1735 3002 ναυτικῶν
1744 2970 1819 3002 ΑιΙι.
1837 2972 1899 3009 (De
1914 2971 2049 3002 nautico
2066 2971 2178 3003 fenore
2192 2972 2280 3013 Iecl.)]
2306 2974 2393 3014 Περὶ

1316 3026 1392 3046 των
1423 3014 1581 3046 αυτικῶν
1608 3017 1680 3054 (sic)
1712 3012 1869 3048 δανείων
1895 3016 1936 3047 M
1968 3014 2118 3057 (ταύτην
2150 3012 2291 3060 ἀναιρεῖ
2313 3014 2333 3058 ἡ
2359 3020 2393 3060 ρῖ

1316 3059 1484 3099 .ς(;1ιι)Ι.Μ)
1509 3059 1520 3101 ΙΙ
1547 3061 1589 3092 30
1614 3055 1688 3092 ἀπὸ
1714 3056 1869 3093 ὑπάτων
1894 3079 1935 3083 -—
1961 3064 2138 3104 πατρικίῳ
2164 3074 2221 3094 om.
2237 3062 2280 3094 ΔΙ

1353 3151 1365 3182 1
1385 3152 1415 3179 ‹et
1429 3151 1478 3188 ex]
1497 3148 1551 3180 uel
1565 3159 1603 3180 ex
1620 3150 1657 3189 T,
1680 3151 1711 3181 ct
1725 3149 1840 3181 οιη.Ιίι
1859 3149 1871 3191 ΙΙ
1890 3150 1909 3182 2
1927 3159 1965 3181 ex
1982 3162 2040 3182 om.
2053 3150 2106 3191 ΤΗ
2126 3152 2147 3183 4
2160 3150 2311 3185 fitiendas
2328 3150 2394 3194 T¹11

1315 3194 1524 3225 abrouiantes
1542 3194 1573 3225 Jg
1592 3193 1603 3236 ΙΙ
1629 3195 1648 3226 6
1671 3195 1756 3226 enim
1775 3194 1893 3234 RVT]
1919 3197 2027 3226 autem
2052 3196 2137 3238 vulq.
2157 3196 2168 3236 11
2185 3195 2392 3237 imperatori-

1315 3239 1375 3271 bus
1394 3240 1435 3271 [ε’
1457 3238 1468 3281 ΙΙ
1488 3241 1504 3270 7
1528 3242 1559 3270 ct
1579 3251 1636 3271 om.
1659 3239 1714 3281 Vll
1732 3240 1751 3272 8
1772 3250 1845 3271 eum
1867 3239 2014 3279 mittens]
2037 3240 2244 3272 committens
2264 3240 2312 3272 '1'2
2327 3242 2370 3273 al.
2383 3240 2394 3278 Η

1316 3283 1570 3327 imperatoribus
1588 3284 1617 3315 T
1631 3282 1644 3327 H
1662 3285 1681 3316 9
1695 3283 1783 3325 iugis
1802 3297 1858 3316 om.
1870 3284 2033 3327 Neoburq.
2048 3286 2114 3317 m.1
2136 3284 2148 3327 ΙΙ
2167 3285 2235 3317 *est
2253 3286 2369 3318 addidi
2383 3284 2394 3329 ΙΙ

1320 3332 1357 3363 10
1384 3340 1467 3370 quac
1492 3341 1548 3360 om.
1564 3328 1613 3360 13²
1629 3329 1640 3370 ΙΙ
1663 3330 1700 3362 11
1727 3332 1786 3360 aut
1811 3329 1856 3360 13¹
1874 3328 1885 3372 ΙΙ
1905 3329 2078 3361 aduenerit
2100 3330 2154 3372 Vl}
2177 3331 2216 3363 12
2241 3330 2392 3371 ideoque]

1316 3385 1378 3415 quc
1405 3375 1464 3406 del.
1482 3373 1530 3405 Τ2
1549 3374 1560 3415 ΙΙ
1576 3373 1614 3404 fit
1635 3374 1666 3405 T
1685 3373 1696 3414 ΙΙ
1726 3376 1762 3407 16
1778 3374 1862 3405 hanc
1877 3393 1918 3396 —
1934 3375 1975 3406 20
1991 3375 2130 3406 iohanni
2143 3388 2203 3408 scr.
2222 3374 2268 3407 lss²
2282 3377 2313 3408 in
2327 3388 2392 3408 ras.

1318 3421 1336 3451 2
1351 3432 1398 3452 vv.
1418 3419 1429 3461 ΙΙ
1450 3421 1485 3451 17
1500 3421 1659 3460 perpetua
1678 3418 1731 3461 Vn
1750 3429 1787 3451 ea
1805 3419 1866 3451 VT
1878 3419 1889 3459 Η
1908 3429 2040 3451 manere
2058 3420 2092 3450 in
2109 3430 2168 3452 sua
2186 3420 2242 3460 Vll
2261 3421 2301 3454 19
2315 3420 2393 3461 legi]

1316 3465 1398 3505 legis
1423 3464 1483 3496 VT
1502 3463 1513 3506 ΙΙ
1540 3464 1581 3496 20
1607 3464 1701 3505 apari
1729 3464 1760 3496 T
1769 3464 1779 3483 ¹
1803 3464 1855 3502 api
1878 3464 1911 3495 V
1928 3465 2044 3506 appari
2068 3464 2170 3502 RT2;
2196 3465 2394 3507 exemplaria

1321 3511 1448 3543 Contz’us
1465 3510 1475 3549 ΙΙ
1497 3510 1538 3541 23
1552 3509 1645 3549 apati
1660 3509 1691 3541 Τ
1698 3509 1707 3528 ¹
1729 3508 1846 3551 appari
1860 3509 1890 3540 R
1902 3509 1998 3547 VT²;
2021 3509 2224 3551 exemplaria
2241 3511 2388 3555 Gentius}

1316 3554 1476 3594 longuino
1491 3552 1541 3597 ΤΗ
1554 3554 1743 3585 felicissimo
1757 3555 1802 3585 Ta
1816 3554 1826 3595 ¹.ss
1839 3555 1881 3587 25
1894 3556 2154 3597 subscriptionem
2169 3556 2295 3588 dedier
2313 3556 2386 3594 VTfl

1317 3601 1395 3639 CR]
1422 3601 1522 3630 const.
1551 3600 1588 3635 T,
1614 3611 1671 3631 om.
1695 3598 1750 3641 VH
1777 3600 1839 3640 pc.]
1864 3609 1914 3640 pc.
1941 3599 2087 3631 consulis
2109 3599 2141 3632 V
2158 3600 2305 3633 consulis
2333 3601 2364 3633 T
2382 3600 2394 3644 ΙΙ

1317 3644 1464 3676 bilasarii
1486 3645 1518 3676 T
1536 3643 1668 3675 biliario
1690 3644 1722 3675 V
1738 3643 1749 3687 n
1775 3645 1836 3683 vc.]
1861 3654 1921 3675 vlr.
1941 3644 2032 3676 clari.
2054 3645 2085 3677 T
2104 3654 2151 3678 v1.
2175 3645 2228 3690 VH
2249 3647 2289 3679 28
2304 3648 2392 3679 rubr.

1318 3702 1375 3721 om.
1398 3689 1456 3730 Vt,
1475 3690 1578 3721 adscr.
1599 3689 1646 3721 V³
1664 3688 1676 3732 ss
1694 3690 1731 3722 31
1751 3688 1957 3721 celsitudinis
1980 3690 2027 3722 V¹
2043 3691 2054 3733 ss
2075 3691 2117 3722 32
2138 3690 2280 3723 docuisti
2299 3692 2393 3724 Cuia-

1318 3736 1384 3767 cius
1405 3736 1495 3766 Obss.
1511 3735 1564 3770 27.
1579 3736 1626 3774 37]
1651 3734 1716 3765 duo
1739 3734 1794 3765 isti
1822 3734 1905 3766 lss'l‘1
1937 3734 2019 3767 duos
2044 3735 2124 3767 istos
2148 3736 2228 3769 ΙῘΤ2

2061 3789 2126 3824 64*
