2618 4010
259 135 366 180 Nov.
396 134 622 178 LXXXIX
649 136 676 177 9
1331 132 1417 181 438
1858 149 2019 189 Qumus
2047 150 2183 184 Moms
2205 145 2476 183 NA'runAnns

259 245 426 298 γυναικὸς
447 242 510 279 οὐκ
533 242 771 291 ἀναμάρτητοι
800 245 890 292 πρὸς
913 242 1025 282 αὐτὸν
1048 246 1100 289 εἴη
1124 242 1208 281 οὐδὲ
1230 243 1337 288 ἀξίαν
1405 247 1503 293 apud
1524 257 1605 283 eum
1625 256 1742 293 neque
1765 248 1872 293 digna
1893 249 1942 286 sit
1963 250 2122 296 quolibet
2144 250 2299 295 legitimo
2322 248 2473 291 nomine,

260 289 373 334 αὐτὴν
395 293 516 336 ηγοῖτο
547 294 697 335 νομίμου
720 291 820 326 τινὸς
843 290 1036 336 ὀνόματος,
1061 295 1121 326 καὶ
1145 289 1206 325 διὰ
1228 293 1336 327 τοῦτο
1405 299 1440 328 et
1462 297 1653 338 propterea
1682 294 1746 328 aut
1766 294 1938 330 moriente
1959 296 2107 331 muliere
2136 299 2200 331 aut
2222 294 2375 340 legitimo
2399 294 2474 330 iure

259 334 514 378 τελευτησάσης
531 337 593 378 τῆς
611 336 780 382 γυναικὸς
802 334 925 384 [ἤγουν
943 338 1005 379 τῆς
1022 337 1186 384 γαμετῆς]
1210 334 1233 380 ἢ
1251 350 1334 384 γνη-
1403 348 1475 373 non
1498 337 1605 382 digna
1626 337 1664 372 in
1685 337 1910 375 matrimonio
1932 341 2109 386 putanda,
2133 346 2197 376 aut
2216 350 2326 376 causa
2348 349 2370 374 a
2394 339 2474 375 filiis

260 380 422 423 σιότητος
445 377 510 414 οὐκ
533 378 636 422 ἀξίας
657 384 739 427 περὶ
762 381 805 417 τὸ
828 385 1006 416 συνοικεῖν
1035 383 1283 426 νομιζομένης,
1315 380 1336 425 ἢ
1404 382 1556 427 maligne
1577 384 1733 417 tractata
1762 386 1828 418 aut
1850 393 1894 419 ex
1917 384 2034 420 studio
2057 385 2203 421 muliere
2229 385 2344 422 celata
2367 386 2430 419 aut
2453 394 2476 419 a

260 429 319 459 καὶ
341 426 406 459 τοῦ
430 424 641 471 πράγματος
669 423 742 461 ὑπὸ
766 427 844 462 τῶν
864 425 1010 462 παίδων
1033 430 1336 473 κακουργουμένου
1372 430 1391 462 5
1404 427 1485 462 filiis
1509 430 1572 462 aut
1595 427 1698 462 aliter
1719 426 1813 463 forte
1836 427 1869 463 ei
1892 428 2020 465 divitiis
2043 431 2310 472 accedentibus,
2334 440 2380 465 ne
2398 430 2475 464 iure

260 474 318 503 καὶ
341 469 542 513 ἐξεπίτηδες
571 472 634 515 τῆς
655 472 822 518 γυναικὸς
850 468 1168 518 ἀποκρυπτομένης
1189 470 1213 515 ἢ
1236 471 1335 517 παρὰ
1405 472 1640 516 legitimorum
1671 482 1774 507 usum
1798 476 1901 517 pater
1931 476 1968 508 et
1991 475 2146 510 fructum
2169 476 2338 511 defuncta
2361 479 2475 510 matre

259 517 336 549 τῶν
359 512 506 550 παίδων
534 513 559 560 ἢ
581 515 698 551 ἄλλως
726 517 814 551 ἴσως
843 514 1010 561 εὐπορίας
1041 514 1132 564 αὐτῇ
1153 516 1338 561 συμβάσης
1405 520 1585 562 tamquam
1617 517 1683 552 sub
1714 519 1892 562 potestate
1923 518 2006 554 filiis
2038 521 2238 556 constitutis
2262 521 2410 556 habeat:
2445 519 2475 554 si

258 559 375 602 τινός,
400 561 460 594 ἵνα
481 561 532 605 μὴ
555 562 600 609 τῇ
614 561 826 608 γνησιότητι
849 562 917 605 τὴν
936 563 1063 607 χρῆσιν
1087 559 1107 596 ὁ
1132 561 1253 607 πατὴρ
1277 565 1337 595 καὶ
1406 562 1486 607 quis
1519 572 1602 606 ergo
1633 561 1727 598 filios
1751 562 1925 606 legitimos
1958 573 2030 599 non
2053 564 2203 608 habens,
2235 565 2298 602 sed
2319 567 2475 600 tantum·-

260 608 481 651 ἐπικαρπίαν
522 606 850 652 προτελευτησάσης
890 608 951 649 τῆς
985 607 1119 652 μητρὸς
1153 605 1202 641 αἱς
1236 606 1336 651 παρὰ
1404 607 1509 643 modo
1533 608 1731 649 naturales,
1760 607 1859 652 ipsos
1891 607 2030 652 quidem
2059 609 2231 654 legitimos
2262 610 2383 646 facere
2413 620 2474 644 vo-

259 650 484 692 ύπεξουσίων
499 653 577 686 τῶν
593 650 740 687 παίδων
755 656 843 695 ἔχοι·
881 651 917 685 εἴ
934 663 988 686 τις
1011 653 1076 686 οὐν
1099 650 1232 687 παῖδας
1252 665 1336 699 γνη-
1353 654 1392 687 10
1405 652 1522 695 luerit,
1546 653 1727 688 mulierem
1743 662 1827 689 vero
1846 653 1883 687 in
1899 656 2065 698 promptu
2085 665 2156 690 non
2172 656 2302 691 habeat
2321 655 2474 695 omnino.

259 701 354 730 σίους
377 693 442 730 οὐκ
459 698 554 739 ἔχων
572 696 707 732 νόθους
727 695 767 731 δὲ
784 695 910 742 μόνον,
936 693 1063 731 αὐτοὺς
1084 699 1152 742 μὲν
1171 701 1338 741 γνησίους
1407 700 1470 733 aut
1498 698 1629 733 habeat
1660 697 1800 742 quidem
1830 708 1902 733 non
1925 703 2043 733 tamen
2073 698 2148 735 sine
2171 703 2337 745 peccato,
2368 700 2422 736 vel
2446 699 2476 735 si

258 741 489 785 ποιήσασθαι.
510 742 718 786 βουληθείη,
742 743 808 786 τὴν
821 744 980 798 γυναῖκα
1004 740 1043 776 δὲ
1066 740 1130 776 οὐκ
1154 744 1228 797 ε’γοι
1246 755 1338 777 παν·
1407 753 1479 778 non
1510 753 1556 788 ap
1583 746 1699 784 areat,
1735 746 1799 777 aut
1830 743 1932 779 aliter
1966 743 2135 779 dotalium
2163 745 2475 781 instrumentorum

258 787 385 828 τελῶς,
416 785 439 842 ᾗ
463 789 536 829 ἔχοι
556 789 623 832 μὲν
647 785 689 822 οὗ
712 787 785 832 μὴν
809 786 1065 831 αναμάρτητον
1093 784 1115 830 ἢ
1146 801 1187 821 ου
1211 801 1337 833 φαινο·
1406 799 1478 823 non
1509 754 1641 823 hageat
1674 787 1882 823 facultatem
1917 788 2013 834 (quid
2043 789 2135 824 enim
2170 789 2201 825 Si
2234 789 2280 825 ad
2312 790 2474 826 sacerdo-

257 836 381 877 μένην,
410 846 433 875 η
458 831 574 866 ἄλλως
603 832 798 878 προικιρων
827 831 1060 877 συμβολαίων
1083 832 1259 876 ποιήσεως
1282 830 1336 866 εὗ-
1405 834 1494 868 tium
1518 834 1609 868 alter
1632 843 1752 868 eorum
1776 833 1985 876 ascendum,
2009 834 2134 869 damus
2157 834 2191 869 ei
2208 833 2375 870 fiduciam
2395 835 2476 877 (hoc

259 882 393 924 πυρίαν
421 874 485 911 οὐκ
517 879 590 920 ἔχοι
622 881 673 919 (τί
692 878 762 924 γὰρ
793 874 853 912 ὅτι
877 877 966 923 πρὸς
991 877 1191 923 ἱερωσύνην
1214 874 1338 924 ἅτερος
1353 881 1393 912 15
1406 879 1501 923 quod
1524 878 1656 913 dudum
1678 878 1867 923 gessimus)
1898 878 1945 914 ad
1967 879 2159 922 legitimum
2189 879 2245 914 ius
2276 879 2367 915 filios
2390 880 2475 916 edu-

260 920 383 958 αύτιῖιν
399 919 538 966 ἀνῆλθε
546 926 581 966 ,·),
606 921 753 967 δίδομεν
770 919 869 965 αὐτῷ
887 927 1094 968 παρρησίαν
1110 925 1230 966 (τοῦτο
1246 921 1337 969 ὅπερ
1407 934 1487 959 cere
1509 924 1702 967 naturales,
1729 923 1892 968 legitimis
1916 924 2023 959 sicuti
2046 923 2285 969 praediximus
2308 934 2380 960 non
2402 924 2475 960 exi-

257 972 318 1002 καὶ
338 968 550 1013 ἔμπροσθεν
571 967 789 1014 ἐπράξαμεν)
812 968 902 1013 πρὸς
915 967 1137 1014 γνησιότητα
1157 967 1240 1003 τοὺς
1255 972 1337 1003 παῖ-
1406 969 1594 1010 stentibus,
1617 979 1682 1013 per
1702 969 1881 1013 quandam
1904 969 2107 1005 huiusmodi
2127 969 2228 1005 viam.
2265 969 2366 1004 Sicut
2385 970 2477 1004 euim

259 1012 323 1048 δας
353 1011 501 1059 ἀγαγεῖν
531 1013 613 1047 τοὺς
642 1012 794 1055 νόθους,
851 1017 989 1056 νησίων
1017 1013 1188 1059 καθάπερ
1222 1014 1337 1060 ἔφθη·
1406 1016 1491 1050 sunt
1512 1013 1607 1049 modi
1631 1014 1691 1059 qui
1714 1024 1835 1049 servos
1865 1014 1912 1049 ad
1934 1014 2132 1049 libertatem
2156 1014 2260 1050 simul
2291 1018 2327 1049 et
2357 1014 2403 1049 ad
2424 1014 2477 1049 in-

256 1072 325 1103 μεν
355 1059 518 1094 εἰπόντες
551 1056 615 1092 οὐκ
646 1057 781 1100 ὄντων,
842 1057 878 1092 ιά
911 1071 1008 1093 τινος
1041 1059 1208 1102 τοιαύτης
1238 1057 1336 1094 ὁδοῦ.
1405 1059 1621 1104 genuitatem
1658 1059 1839 1095 deducunt
1872 1063 1908 1095 et
1938 1061 2091 1095 naturae
2124 1060 2333 1102 restituunt,
2368 1059 2419 1094 ita
2446 1058 2478 1094 si

259 1101 375 1149 ὥςπερ
397 1103 466 1150 γάρ
490 1104 559 1138 εἰσι
577 1102 708 1149 τρόποι
731 1104 814 1138 τοὺς
837 1105 974 1139 οἰκέτας
997 1104 1045 1138 εἰς
1065 1103 1275 1150 ἐλευθερίαν
1298 1117 1338 1139 τε
1351 1105 1393 1139 20
1406 1109 1508 1150 pater
1531 1115 1603 1140 non
1626 1104 1792 1140 habuerit
1814 1105 2004 1150 legitimam
2028 1105 2163 1149 prolem
2186 1108 2222 1140 et
2241 1104 2391 1140 voluerit
2415 1114 2477 1140 eos

258 1146 335 1194 ἅμα
364 1152 424 1183 καὶ
455 1145 638 1195 εὐγένειαν
669 1148 817 1195 ἄγοντες
847 1152 906 1183 καὶ
937 1146 1174 1184 ἀποδιδόντες
1205 1151 1248 1197 τῇ
1273 1149 1338 1196 φύ-
1406 1150 1597 1185 restituere
1627 1153 1778 1185 naturae
1809 1152 1845 1185 et
1874 1150 2041 1195 antiquae
2071 1149 2299 1195 ingenuitati,
2333 1150 2405 1185 sive
2434 1159 2479 1184 ex

258 1207 332 1236 σει,
364 1191 480 1228 οὕτως
509 1194 609 1238 εἴπερ
632 1191 652 1228 ὁ
678 1194 799 1250 πατὴρ
821 1191 887 1229 οὐκ
911 1191 1078 1240 εὖποροίη
1107 1200 1256 1249 γνησίας
1279 1208 1338 1242 γο-
1405 1195 1559 1240 ingenua
1581 1195 1614 1231 ei
1637 1198 1842 1237 nascantur,
1875 1198 1911 1231 et
1933 1195 2105 1240 legitimos
2135 1195 2180 1230 de
2203 1199 2321 1231 cetero
2351 1199 2386 1229 et
2409 1194 2477 1229 sub

257 1241 336 1283 νῆς,
360 1238 527 1283 βούλοιτο
547 1237 586 1273 δὲ
606 1236 735 1274 αὐτοὺς
758 1241 1058 1283 αποκαταστῆσαι
1080 1254 1124 1288 τῃ
1150 1239 1255 1286 φύσει
1278 1243 1339 1274 καὶ
1431 1243 1584 1276 otestate
1606 1240 1751 1283 habere,
1786 1240 1855 1276 hoc
1878 1244 1960 1286 agat
1982 1251 2046 1285 per
2069 1243 2230 1277 nostrum
2253 1240 2476 1293 rescriptum.

256 1287 301 1332 τῇ
326 1283 479 1319 ἄνωθεν
509 1281 688 1331 εὐγενείᾳ,
724 1286 761 1319 εἴ
784 1299 825 1331 γε
857 1285 896 1326 ἐξ
925 1284 1115 1329 ἐλευθέρας
1150 1283 1250 1328 αὐτῷ
1282 1288 1337 1332 γε’-
1440 1296 1486 1321 on
1510 1286 1603 1321 enim
1633 1285 1703 1320 fuit
1725 1285 1911 1331 principio,
1944 1286 2086 1330 quando
2116 1289 2247 1321 natura
2277 1285 2478 1320 hommibus

257 1342 391 1373 νοιντο,
416 1333 475 1363 καὶ
497 1334 662 1376 γνησίους
683 1330 726 1364 τὸ
751 1329 883 1366 λοιπὸν
907 1334 967 1364 καὶ
989 1328 1217 1372 ὑπεξουσίους
1232 1334 1335 1374 ἔχειν,
1350 1331 1392 1364 25
1405 1331 1590 1367 sanciebat
1612 1331 1700 1373 sola,
1728 1335 1915 1376 antequam
1938 1332 2093 1376 scriptae
2116 1331 2349 1376 procederent
2371 1330 2477 1374 leges,

256 1376 364 1410 τοῦτο
387 1378 580 1419 πραττε’τω
610 1372 662 1409 δι’
689 1373 860 1421 ἡμετέρας
883 1374 1111 1421 ἀντιγραφῆς.
1159 1373 1243 1410 οὐδὲ
1269 1376 1337 1423 γὰρ
1405 1377 1577 1422 quaedam
1601 1376 1801 1412 differentia
1823 1377 1995 1411 naturalis
2020 1380 2127 1421 atque
2146 1375 2302 1421 legitimi,
2327 1375 2390 1411 sed
2406 1376 2477 1420 pri-

257 1419 301 1464 δὴ
333 1420 402 1464 τὴν
425 1417 550 1465 ἀρχήν,
574 1416 636 1454 ὅτε
652 1418 675 1464 ἡ
691 1421 796 1466 φύσις
818 1424 891 1456 τοῖς
911 1417 1124 1466 ἀνθρώποις
1147 1420 1335 1466 διεθεσμο-
1405 1422 1471 1458 mis
1496 1422 1704 1466 parentibus
1728 1421 1831 1466 primi
1854 1421 1929 1463 filii,
1959 1422 2051 1457 sIcut
2074 1422 2284 1457 incohantes
2309 1430 2477 1465 praesen-

257 1466 360 1513 θέτει
382 1465 489 1510 μόνη,
520 1469 607 1511 πρὶν
630 1466 714 1500 τοὺς
742 1466 925 1514 γραπτοὺς
956 1467 1172 1512 εἰςφοιτῆσαι
1196 1466 1336 1511 νόμους,
1404 1470 1476 1502 tem
1500 1467 1651 1502 diximus
1673 1467 1801 1511 legem,
1825 1467 1902 1511 ipso
1922 1477 2093 1511 processu
2117 1467 2191 1502 nati
2214 1466 2362 1509 legitimi
2382 1469 2475 1501 sunt.

255 1514 302 1555 ἠν
317 1522 370 1546 τις
387 1509 541 1556 διαφορὰ
564 1510 683 1545 νόθου
707 1525 746 1546 τε
770 1515 829 1545 καὶ
851 1515 1009 1558 γνησίου,
1034 1510 1125 1546 ἀλλὰ
1145 1515 1218 1546 τοῖς
1239 1511 1336 1557 πριό-
1404 1513 1454 1547 Et
1478 1512 1572 1547 sicut
1593 1512 1631 1547 in
1653 1512 1773 1547 liberis
1803 1516 1932 1547 natura
1963 1512 2102 1557 quidem
2134 1511 2220 1547 fecit
2249 1512 2379 1547 liberos
2404 1521 2475 1546 om-

255 1568 331 1591 τοις
351 1557 520 1603 γονεῦσιν
550 1556 587 1590 οἱ
616 1557 756 1602 πρῶτοι
784 1555 918 1597 παῖδες,
950 1557 1121 1604 καθάπερ
1146 1554 1337 1603 ἀρχόμενοι
1349 1558 1392 1590 30
1405 1568 1485 1602 nes,
1518 1558 1611 1593 bella
1642 1567 1723 1593 vero
1756 1558 1959 1592 servitutem
1983 1558 2259 1600 adinvenerunt,
2292 1556 2343 1593 Sic
2371 1556 2478 1591 etiam

255 1603 320 1636 τοῦ
345 1600 525 1647 παρόντος
555 1604 694 1653 ἔφαμεν
717 1601 842 1646 νόμου,
875 1599 949 1647 ἅμα
979 1604 1024 1650 τῇ
1056 1601 1205 1646 προόδῳ
1236 1602 1337 1650 γεγό-
1405 1603 1463 1639 hic
1487 1603 1588 1638 nobis
1613 1605 1741 1638 natura
1765 1603 1937 1647 legitimas
1961 1603 2110 1648 protulit
2133 1602 2291 1643 soboles,
2322 1601 2369 1636 ad
2393 1612 2475 1636 con-

255 1658 342 1682 νασι
369 1646 528 1694 γνήσιοι·
567 1651 628 1681 καὶ
659 1643 775 1692 ὥςπερ
806 1649 867 1683 ἐπὶ
896 1649 974 1681 τῶν
1005 1646 1208 1694 ἐλευθέρων
1232 1645 1337 1692 ἡμὲν
1406 1648 1661 1693 cupiscentiam
1691 1658 1773 1683 vero
1804 1648 1903 1683 facta
1934 1648 2116 1684 conversio
2147 1647 2311 1683 naturale
2339 1646 2394 1681 ius
2426 1646 2476 1681 eis

256 1691 362 1739 φύσις
385 1695 581 1735 πεποίηκεν
611 1691 819 1738 ἐλευθέρους
848 1689 1033 1734 ἅπαντας,
1063 1693 1100 1727 οἱ
1122 1691 1274 1737 πόλεμοι
1299 1691 1338 1727 δὲ
1404 1694 1563 1729 inseruit.
1620 1693 1846 1738 Quapropter
1881 1693 2053 1728 similibus
2086 1692 2313 1738 passionibus
2344 1691 2476 1727 exortis

255 1737 323 1782 τὴν
353 1735 518 1771 δουλείαν
551 1737 704 1783 ἐξεῦρον,
736 1734 834 1772 οὕτω
865 1735 1062 1772 κάνταῦθα
1095 1735 1116 1781 ἡ
1141 1740 1208 1779 μὲν
1232 1737 1338 1784 φύσις
1406 1739 1570 1774 convenit
1594 1748 1715 1774 curam
1737 1749 1781 1773 ex
1798 1739 2004 1782 aequalibus
2026 1738 2186 1780 inveniri,
2212 1737 2317 1772 aliam
2336 1736 2476 1782 quidem

254 1787 403 1830 γνησίας
426 1781 608 1829 προήγαγε
635 1783 697 1816 τὰς
717 1782 843 1829 γονάς,
876 1780 898 1826 ἡ
923 1781 962 1817 δὲ
985 1784 1032 1817 εἰς
1055 1784 1260 1828 ἐπιθυμίαν
1283 1785 1335 1816 ἐκ-
1350 1783 1390 1816 35
1404 1794 1427 1819 a
1449 1784 1628 1829 prioribus
1652 1783 1785 1819 nostris
1809 1783 1914 1818 aliam
1939 1793 2019 1818 vero
2045 1794 2067 1820 a
2089 1783 2204 1819 nobis.

255 1828 371 1874 τροπὴ
388 1827 431 1862 τὸ
448 1826 570 1861 νόθον
590 1824 714 1862 αὐταῖς
733 1827 1038 1873 προςανεμάξατο.
1086 1825 1174 1863 ὤςτε
1198 1827 1337 1872 ὁμοίων

255 1875 332 1907 τῶν
348 1873 489 1908 παθῶν
512 1875 718 1918 γενομένων
743 1871 871 1907 δεῖκαὶ
888 1873 957 1917 τὴν
976 1874 1179 1919 θεραπείαν
1199 1875 1239 1907 ἐκ
1259 1875 1337 1907 τῶν

255 1919 347 1952 ἴσων
371 1917 615 1964 ἐξευρεθῆναι,
640 1918 706 1961 τὴν
729 1920 796 1962 μὲν
819 1918 919 1964 παρὰ
942 1920 1021 1952 τῶν
1044 1919 1115 1966 πρὸ
1140 1916 1245 1963 ἡμῶν
1268 1918 1337 1961 τὴν

255 1966 277 2000 1
322 1962 363 1998 δὲ
385 1960 451 2009 ὑφ’
474 1960 588 2007 ἡμῶν.
643 1962 762 1997 Ἔστω
785 1968 910 1998 τοίνυν
933 1962 1038 1997 ἄδεια
1060 1965 1113 2007 τῷ
1140 1967 1251 2009 πατρὶ
1275 1965 1336 1998 ἐπὶ
1404 1965 1423 1998 1
1471 1962 1525 1998 Sit
1546 1963 1654 2007 igitur
1677 1963 1821 1999 licentia
1844 1965 1938 2008 patri
1961 1964 1998 1999 in
2018 1964 2211 2009 praedictis
2236 1964 2379 2000 casibus
2402 1974 2476 1999 ma-

254 2011 332 2044 τῶν
355 2010 554 2054 εἰρημένων
578 2008 756 2053 θεμάτων
786 2008 855 2052 τὴν
876 2012 1013 2054 μητέρα
1036 2010 1096 2043 ἐπὶ
1120 2010 1184 2042 τοῦ
1209 2011 1336 2055 προτέ-
1348 2011 1391 2043 40
1405 2010 1496 2043 trem
1526 2007 1564 2043 in
1587 2008 1697 2053 priori
1727 2009 1909 2045 schemate
1938 2009 2152 2054 relinquenti
2181 2010 2329 2055 imperio
2352 2019 2475 2054 preces

255 2067 318 2099 ρου
349 2053 528 2098 σχήματος
562 2052 877 2098 καταλιμπάνοντι
910 2052 1034 2097 δέησιν
1071 2052 1259 2088 ἐπιδοῦναι
1293 2055 1338 2100 τῇ

312 2158 339 2179 e.
354 2146 413 2178 IX
429 2145 518 2186 (438,
532 2152 564 2178 10
581 2143 618 2176 εἴ
632 2154 686 2177 τις
704 2137 770 2178 οὖν
788 2169 870 2177 .....
874 2145 885 2185 )
906 2146 951 2177 Χ.
969 2145 1030 2177 XI
1038 2144 1059 2188 ξ
1072 2146 1098 2177 1.
1111 2146 1130 2178 2
1144 2145 1416 2186 (439‚35—440,
1429 2145 1471 2185 11)
1495 2156 1615 2187 mayna
1629 2157 1668 2177 az·
1677 2151 1774 2187 parte
1790 2146 1926 2189 repetita
1941 2152 2015 2179 sunt
2031 2157 2070 2178 ex
2085 2157 2156 2178 nov.
2175 2146 2300 2179 LXXI
2307 2146 2374 2180 Vc.
2391 2148 2475 2181 l-——3

256 2256 430 2292 adversus
459 2266 540 2291 eum
567 2255 707 2301 probro
738 2266 813 2290 non
845 2254 990 2289 omnino
1014 2259 1182 2297 careant,
1213 2265 1327 2301 neque
1351 2266 1429 2291 eam
1461 2254 1621 2301 leqitimo
1651 2256 1792 2292 nomine
1823 2255 1897 2291 ullo
1930 2254 2077 2301 diqnam
2100 2255 2294 2298 existimet,
2326 2255 2478 2302 ideoque

255 2305 398 2336 mortua
421 2300 570 2336 muliere
594 2303 727 2342 [uxore
749 2300 930 2341 nimirum]
961 2299 1017 2335 vel
1040 2300 1198 2352 leqitimo
1230 2300 1308 2335 iure
1325 2312 1398 2347 per
1420 2299 1609 2336 conubium
1640 2299 1752 2346 diqna
1776 2312 1847 2336 non
1872 2299 2014 2342 habita,
2042 2299 2098 2335 vel
2120 2300 2226 2336 etiam
2249 2311 2289 2336 re
2311 2311 2335 2336 a
2357 2301 2478 2337 liberis

259 2346 419 2393 improbe
444 2349 602 2381 tractata
625 2350 662 2381 et
683 2345 832 2381 muliere
856 2344 900 2380 de
923 2344 1105 2380 industria
1130 2345 1323 2386 occultata,
1355 2356 1434 2380 cum
1459 2351 1525 2381 aut
1543 2356 1614 2392 per
1632 2345 1730 2391 filios
1753 2350 1818 2381 aut
1841 2345 1985 2381 aliunde
2006 2346 2170 2391 fortasse
2193 2356 2281 2393 opes
2302 2346 2478 2391 quaedam

256 2392 289 2427 ei
313 2391 532 2433 obvenerint,
566 2402 611 2425 ne
633 2391 712 2426 iure
737 2390 978 2442 leyitimorum
1006 2394 1116 2436 pater
1139 2391 1404 2435 usumfructum
1429 2395 1669 2437 praemortua
1697 2395 1813 2427 matre
1845 2397 2026 2437 tamquam
2050 2401 2073 2425 a
2098 2390 2218 2427 liberis
2239 2392 2277 2426 in
2294 2395 2478 2437 potestate

256 2435 460 2472 constitutis
483 2434 634 2471 habeat:
658 2436 690 2470 si
709 2446 791 2481 quis
816 2435 930 2482 iqitur
953 2435 1133 2480 leqz'timos
1156 2435 1287 2471 liberos
1309 2446 1383 2471 non
1406 2434 1552 2478 habens,
1576 2435 1642 2471 sed
1663 2436 1850 2472 naturales
1874 2440 2025 2479 tantum,
2049 2446 2112 2471 eos
2135 2436 2276 2482 quidem
2300 2437 2479 2482 legitimos

254 2483 382 2528 facere
405 2480 502 2524 velit,
525 2480 709 2516 mulierem
732 2484 852 2516 autem
876 2480 1022 2515 omnino
1047 2491 1119 2516 non
1140 2480 1282 2523 habeat,
1305 2481 1361 2516 vel
1384 2480 1514 2516 babeat
1537 2480 1678 2526 quidem
1702 2480 1767 2516 sed
1789 2492 1882 2528 quae
1897 2481 2041 2528 probro
2065 2491 2138 2516 non
2161 2485 2286 2517 careat
2308 2482 2363 2518 vel
2386 2492 2479 2527 quae

256 2538 329 2562 non
353 2530 546 2573 appareat,
569 2526 625 2562 vel
644 2525 719 2561 alio
743 2525 850 2561 modo
875 2524 1051 2560 dotalium
1075 2526 1392 2561 instrumentorum
1409 2526 1663 2572 faciendorum
1689 2527 1830 2573 copiam
1853 2537 1925 2562 non
1945 2525 2075 2562 habeat
2094 2526 2195 2572 (quid
2210 2527 2303 2562 enim
2321 2527 2356 2562 si
2370 2527 2473 2562 alter-

256 2576 337 2608 uter
355 2582 479 2607 eorum
498 2571 549 2606 ad
561 2570 805 2607 sacerdotium
819 2570 1032 2617 pervenit?),
1057 2570 1239 2606 licentiam
1259 2571 1295 2606 ei
1313 2571 1442 2606 damus
1464 2571 1516 2612 (id
1530 2570 1629 2617 quod
1642 2572 1748 2617 prius
1763 2583 1906 2618 quoque
1921 2571 2070 2623 eqimus)
2095 2571 2144 2606 ad
2163 2572 2219 2606 ius
2239 2571 2478 2617 leqitimorum

256 2616 443 2653 naturales
469 2616 581 2662 filios,
614 2616 784 2662 leqitimis
812 2616 867 2651 uti
895 2626 1010 2662 supra
1040 2614 1202 2651 diximus
1232 2627 1306 2652 non
1335 2616 1556 2655 extantibus,
1582 2627 1656 2663 per
1679 2615 1882 2652 huiusmodi
1911 2627 2004 2652 viam
2033 2616 2197 2652 ducendi.
2245 2616 2363 2652 Sicuti
2384 2617 2477 2652 enim

257 2662 355 2698 modi
376 2665 462 2697 sunt
517 2662 620 2697 uibus
642 2661 738 2697 servi
760 2660 810 2696 ad
833 2660 1032 2697 libertatem
1054 2661 1163 2696 simul
1184 2664 1220 2697 et
1243 2662 1501 2707 inqenuitatem
1525 2661 1704 2696 ducantur
1735 2666 1845 2708 atque
1867 2666 2020 2697 naturae
2051 2660 2262 2704 reddantur,
2296 2663 2348 2697 ita
2365 2667 2478 2713 pater

256 2708 289 2743 si
311 2706 454 2760 quidem
518 2707 666 2754 qitimae
695 2705 834 2742 subolis
864 2706 1007 2752 copiam
1039 2716 1113 2741 non
1137 2705 1283 2749 habeat,
1316 2706 1400 2742 illos
1430 2710 1547 2742 autem
1577 2706 1760 2742 natalibus
1789 2712 1823 2742 et
1852 2707 2024 2752 antiquae
2051 2706 2089 2740 in
2116 2706 2269 2743 enuitati
2290 2710 2478 2743 restituere

257 2753 350 2795 velit,
373 2752 406 2787 si
428 2751 534 2787 modo
558 2762 609 2788 ex
632 2750 745 2787 libera
768 2751 802 2787 ei
825 2751 903 2786 nati
926 2751 1010 2792 sint,
1034 2754 1071 2786 et
1093 2751 1273 2797 legitimos
1294 2751 1332 2786 in
1353 2756 1538 2798 posterum
1561 2755 1597 2786 et
1619 2753 1684 2788 sub
1704 2756 1886 2798 potestate
1907 2750 2048 2793 babere,
2108 2761 2151 2787 oc
2170 2762 2239 2798 per
2261 2752 2476 2798 rescriptum

257 2802 420 2834 nostrum
443 2801 539 2843 aqat.
589 2796 714 2842 Neque
737 2797 830 2832 enim
851 2797 889 2831 in
939 2795 1108 2842 rincipio,
1132 2807 1212 2831 cum
1235 2802 1369 2832 natura
1393 2796 1595 2832 bominibus
1617 2796 1697 2832 sola
1721 2797 1817 2844 leqes
1839 2797 1953 2839 daret,
1986 2800 2177 2842 antequam
2198 2796 2356 2843 scriptae
2379 2797 2477 2843 leqes

257 2843 525 2886 inducerentur,
549 2841 757 2886 differentia
780 2846 862 2877 erat
884 2852 907 2876 u
923 2841 960 2876 la
983 2841 1078 2877 inter
1100 2841 1301 2877 naturalem
1325 2846 1359 2877 et
1383 2842 1596 2888 leqitimum,
1619 2842 1684 2877 sed
1704 2843 1833 2889 primis
1852 2841 2064 2889 parentibus
2085 2841 2196 2887 primi
2219 2841 2322 2876 liberi
2343 2845 2354 2882 (
2383 2853 2476 2877 uem·

258 2887 451 2924 admodum
474 2887 579 2922 initio
600 2887 805 2933 praesentis
829 2886 920 2932 leqis
942 2886 1115 2929 diximus)
1138 2886 1290 2922 simulac
1340 2887 1494 2933 roqeniti
1509 2891 1605 2929 sunt,
1631 2887 1781 2933 leqitimi
1804 2888 2025 2928 extitffunu
2047 2890 2083 2922 et
2123 2885 2277 2922 uomodo
2301 2887 2339 2921 in
2369 2886 2477 2922 iberis

259 2932 461 2969 bominibus
491 2935 626 2967 natura
657 2931 799 2978 quidem
822 2942 945 2967 omnes
965 2931 1057 2976 fecit
1080 2931 1221 2973 liberos,
1258 2897 1351 2967 beffa
1375 2935 1494 2967 autem
1516 2933 1720 2968 servitutem
1734 2932 1989 2979 protulerunt,
2021 2932 2073 2967 ita
2096 2897 2155 2966 iic
2177 2942 2320 2978 quoque
2343 2937 2476 2967 natura

259 3035 328 3070 que
351 3034 431 3058 cum
453 3022 587 3058 similes
610 3033 632 3057 a
665 3026 763 3058 ectus
784 3022 882 3068 facti
902 3022 985 3064 sint,
1009 3021 1203 3056 remedium
1225 3032 1369 3068 quoque
1392 3033 1441 3057 ea:
1463 3022 1638 3059 similibus
1661 3022 1866 3069 excoqitari
1884 3033 1958 3069 par
1980 3026 2070 3064 erat,
2092 3021 2244 3057 alterum
2267 3033 2291 3057 a
2314 3021 2473 3058 decesso-

258 3071 280 3105 1
325 3068 425 3104 ribus
447 3069 583 3103 nostris
606 3074 760 3103 aterum
783 3078 806 3103 a
829 3067 942 3103 nobis.
1047 3065 1174 3103 Liceat
1195 3067 1310 3113 iqitur
1326 3067 1433 3112 patri
1456 3068 1494 3102 in
1516 3078 1630 3115 supra
1654 3067 1759 3103 dictis
1782 3067 1924 3103 casibus
1946 3072 2060 3103 matre
2090 3067 2129 3101 in
2145 3067 2270 3113 priori
2299 3071 2397 3103 statu
2419 3077 2475 3102 re-

259 2977 401 3025 quidem
426 2977 620 3023 leqitimam
631 2976 822 3102 {reduxit
844 2977 1021 3018 subolem,
1053 2977 1240 3012 conversio
1264 2981 1382 3012 autem
1414 2976 1463 3012 ad
1485 2976 1666 3013 libidinem
1697 2977 1916 3013 naturalium
1948 2980 2070 3012 notam
2095 2976 2140 3011 iis
2163 2977 2353 3023 impressit.
2400 2975 2475 3012 Ita-

1405 3180 1425 3212 9
1449 3178 1615 3221 legitimos
1638 3191 1706 3213 non
1729 3180 1853 3213 habens
1877 3180 1983 3213 facere
2008 3180 2058 3212 Ra
2086 3178 2100 3222 ss
2126 3179 2247 3212 uolunt
2273 3179 2305 3212 T
2325 3177 2339 3223 ΙΙ
2366 3180 2405 3213 10
2428 3178 2474 3211 im

314 3184 329 3216 1
356 3177 464 3221 ἀξίαν
488 3175 603 3222 αὐτὴν
626 3175 759 3234 ἡγοῖτο]
783 3179 886 3221 digna
908 3178 953 3211 sit
976 3191 995 3215 ς
1020 3178 1042 3231 ΙΙ.
1056 3181 1076 3213 2
1100 3182 1252 3231 νομί-μου
1277 3192 1334 3213 om.

1404 3227 1571 3266 promtum
1592 3226 1655 3259 VT
1676 3225 1689 3269 ΙΙ
1711 3225 1810 3258 habet
1831 3226 1864 3258 V
1914 3226 1952 3259 11
1974 3226 2102 3257 tantum
2126 3223 2224 3268 RVss
2249 3225 2383 3267 peccato
2403 3224 2472 3263 cet-1

1404 3271 1477 3301 cato
1503 3288 1543 3294 -
1572 3272 1613 3305 14
1637 3271 1699 3303 hoc
1722 3271 1811 3313 quod
1835 3224 1888 3314 du'i
1913 3283 1975 3303 scr.
1998 3269 2046 3303 12²
2067 3271 2098 3303 in
2120 3282 2186 3302 ras.
2202 3270 2222 3303 2
2242 3280 2386 3303 versuum
2407 3266 2422 3309 Ι
2441 3266 2472 3299 si

262 3228 312 3260 L⁰
328 3226 342 3270 Ι
357 3228 377 3260 3
402 3225 492 3267 *τῆς
513 3234 680 3270 γυναικος
700 3237 810 3270 ηγουν
827 3224 890 3267 τῆς
908 3235 1062 3269 γαμετης
1079 3225 1128 3263 Μ
1153 3236 1215 3267 της
1229 3236 1336 3270 γαμε-

1405 3327 1462 3346 om.
1490 3315 1524 3348 V
1539 3314 1551 3357 ΙΙ
1580 3317 1620 3349 12
1645 3326 1711 3348 non
1737 3316 1856 3349 habeat
1878 3317 2033 3358 appareat
2057 3315 2110 3348 T⁰
2134 3314 2147 3358 11
2174 3316 2217 3349 14
2239 3311 2415 3346 *ascendet
2436 3310 2471 3343 R

260 3272 322 3314 τῆς
336 3273 365 3305 L
389 3271 528 3303 muliere
550 3282 569 3306 ς
583 3270 596 3313 ΙΙ
616 3273 635 3304 5
651 3272 711 3302 καὶ
735 3283 793 3302 om.
808 3281 827 3306 ς
845 3270 857 3310 ΙΙ
873 3272 893 3303 6
915 3271 987 3310 καὶ]
1008 3272 1067 3302 aut
1083 3282 1102 3306 ς
1119 3270 1131 3314 ΙΙ
1150 3272 1167 3303 Ί
1185 3269 1262 3312 ἴσης
1275 3270 1305 3302 L

261 3320 281 3350 9
298 3315 397 3360 παρὰ
420 3328 479 3349 om.
493 3327 512 3351 ς
528 3315 541 3358 ΙΙ
563 3318 601 3350 10
618 3315 717 3348 εἴτις
733 3308 797 3347 οὖν
814 3314 885 3356 Μς]
910 3314 1134 3358 θεσπίζομεν
1158 3314 1194 3348 εἴ
1210 3325 1264 3348 τις
1280 3315 1311 3348 L

264 3365 301 3396 11
335 3360 408 3404 μὴν
432 3362 462 3394 L
493 3364 504 3402 ΙΙ
536 3362 576 3395 12
607 3356 671 3393 οὐκ
696 3359 780 3401 ἔχοι]
812 3360 848 3391 in
871 3363 1028 3403 promptu
1052 3371 1119 3393 non
1143 3360 1262 3393 habeat
1285 3371 1304 3396 ς
1335 3363 1338 3404 Ι
1369 3352 1372 3430 δ
1404 3359 1593 3393 ascenderet
1615 3361 1647 3393 V
1663 3362 1819 3394 ascendat
1841 3361 1963 3404 Tvulq.
1980 3359 1993 3402 ΙΙ
2011 3359 2176 3400 fiduciam]
2199 3357 2366 3391 licentiam
2385 3354 2469 3388 fidu-

265 3409 303 3441 15
321 3403 514 3450 ἱερωσύνης
533 3406 561 3439 L
584 3407 596 3448 ΙΙ
620 3401 742 3448 ἅτερος
769 3405 867 3446 ML¹J
893 3401 912 3437 ὁ
938 3405 1054 3450 ἕτερος
1078 3405 1155 3449 1:²11
1181 3406 1222 3439 16
1246 3401 1337 3449 ὅπερ
1370 3437 1372 3444 ᾗ
1404 3404 1485 3436 tium
1502 3405 1553 3437 Ta
1571 3405 1583 3449 ΙΙ
1603 3407 1643 3440 15
1664 3407 1717 3447 ad]
1739 3408 1772 3439 et
1792 3406 1845 3448 Vll
1863 3405 2021 3447 legimum
2039 3405 2071 3438 T
2079 3404 2090 3425 ¹
2108 3406 2120 3445 u
2135 3399 2327 3452 ducere-RE
2354 3400 2395 3434 16
2411 3410 2469 3432 na-

262 3453 320 3483 καὶ
345 3465 402 3484 om.
420 3451 463 3484 M
476 3452 507 3483 in
531 3451 590 3482 lac.
607 3452 627 3483 5
646 3452 703 3483 liu.
725 3452 793 3503 11,ss
815 3449 1040 3494 ἑζιιπροσθεν]
1058 3463 1129 3484 nov.
1145 3450 1275 3483 LXXI
1282 3449 1338 3493 Vll
1405 3451 1508 3489 tutas,
1534 3462 1616 3483 corr.
1637 3453 1758 3484 natura
1779 3451 1812 3485 V
1831 3449 1844 3494 ΙΙ
1873 3451 1959 3483 sicut
1982 3450 2050 3483 ΕΤ
2073 3449 2086 3493 ΙΙ
2117 3449 2156 3483 18
2180 3445 2267 3480 modi
2289 3446 2370 3477 flunt
2402 3445 2434 3478 V
2458 3444 2470 3490 ΙΙ

264 3497 305 3529 23
330 3492 627 3537 ἀποκαταστῆσαι
642 3496 712 3536 Mc]
738 3495 1036 3535 αποκαταστῆναι
1051 3495 1092 3528 Μ
1103 3498 1135 3529 in
1148 3508 1262 3538 marq„
1279 3495 1310 3528 L
1328 3504 1338 3531 ιι
1407 3486 1446 3527 si)
1471 3495 1654 3527 restitun·
1675 3496 1721 3529 T¹
1746 3496 1924 3529 rescistunt
1946 3494 1997 3528 Β·
2012 3494 2025 3538 ΙΙ
2051 3495 2093 3528 20
2116 3501 2170 3525 eos
2192 3502 2249 3523 om.
2271 3487 2383 3540 Vll—2¹
2410 3501 2469 3522 na-

264 3541 306 3573 24
327 3540 360 3572 εἴ
375 3542 426 3585 γε]
450 3541 517 3573 sive
541 3542 576 3580 (i.
591 3553 616 3574 e.
632 3539 714 3581 εἴτε)
739 3552 758 3576 ς
776 3541 788 3582 ΙΙ
810 3541 853 3574 30
877 3539 1046 3584 καθάπερ
1071 3553 1131 3573 om.
1157 3541 1203 3574 Μ
1213 3542 1226 3584 ΙΙ
1250 3541 1293 3574 34
1315 3536 1337 3582 ἡ
1404 3541 1477 3572 ture
1500 3541 1672 3573 restituero
1705 3541 1739 3574 V
1759 3541 1772 3583 fl
1801 3542 1843 3575 24
1866 3540 2018 3573 omnibus
2040 3537 2113 3572 RV
2134 3535 2148 3579 Ι
2178 3535 2220 3568 26
2244 3533 2365 3585 natalis
2398 3536 2429 3568 V

263 3585 341 3625 μὲν]
371 3585 465 3617 nobis
487 3587 521 3626 (i.
546 3598 573 3620 e.
597 3582 696 3628 ἡμῖν)
719 3597 738 3621 ς
752 3584 765 3625 ΙΙ
784 3586 824 3619 37
850 3587 910 3617 καὶ
934 3598 992 3618 om.
1018 3597 1038 3622 ς
1405 3584 1446 3617 28
1472 3586 1541 3616 nati
1563 3598 1620 3618 om.
1639 3584 1696 3630 Vfl
1713 3587 1756 3619 30
1778 3586 1981 3618 adiuuet-unt
2001 3582 2050 3621 V¹
2066 3581 2132 3624 1131
2159 3579 2301 3622 protulit
2325 3581 2444 3613 οηι.Ιι’.ι

1403 3630 1445 3662 32
1469 3629 1589 3662 factam
1614 3630 1660 3663 R*
1685 3632 1698 3673 ΙΙ
1719 3630 1927 3664 conuersatio
1952 3627 2002 3662 T¹
2025 3626 2038 3668 Ι
2063 3622 2230 3657 mturfllffi
2252 3624 2299 3656 ΙΨ
2317 3623 2329 3668 ΙΙ
2354 3625 2385 3658 ei
2407 3626 2438 3658 V

311 3673 330 3705 3
351 3676 460 3713 causa]
484 3684 554 3706 eam
576 3675 623 3707 V¹
639 3674 651 3726 Ι]
669 3686 689 3707 a
709 3688 765 3708 om.
781 3675 874 3718 RTn
891 3677 911 3709 4
933 3677 1110 3726 retractata
1126 3676 1158 3708 R
1175 3674 1188 3718 ΙΙ
1204 3677 1263 3726 aut
1283 3675 1333 3714 ex]
1403 3675 1445 3707 34
1469 3684 1507 3706 ex
1525 3674 1680 3726 qualibus
1702 3675 1834 3708 inuenti
1854 3675 1887 3709 T
1903 3682 1942 3706 ex
1956 3668 2121 3713 equalibet
2136 3669 2307 3702 ⁰⁰²¹ueuiri
2329 3669 2467 3715 Vuffifl

266 3719 299 3748 et
319 3726 356 3748 ex
375 3717 468 3750 Beck
485 3717 498 3760 ΙΙ
520 3721 539 3751 5
556 3718 652 3751 alten
675 3720 732 3763 Vu
747 3720 789 3760 ei]
813 3729 853 3752 ex
873 3719 903 3753 V
918 3721 930 3764 u
946 3721 966 3754 8
982 3719 1148 3762 leg1timos
1166 3718 1253 3753 filios
1274 3719 1307 3752 V
1321 3717 1334 3763 ΙΙ
1401 3719 1448 3752 R¹
1467 3719 1479 3763 [Ι
1495 3721 1536 3755 35
1561 3719 1628 3753 alia
1650 3719 1700 3753 Β*
