2618 4010
1235 134 1317 182 137

157 252 375 298 καταβολαῖο
395 253 538 297 χρῷντο
557 249 646 296 μήτε
665 249 712 285 τὰ
730 251 767 306 ἐξ
787 241 840 285 ὧν
859 252 1048 294 κατέχουσι
1065 248 1111 284 τὰ
1128 246 1239 297 πράγ·

157 311 256 343 ματα
280 296 484 347 διαρνοῖντο
507 296 723 343 προςώπων,
745 295 833 330 αλλὰ
855 298 996 344 μέτριοί
1016 308 1057 331 τε
1081 298 1141 329 καὶ
1165 296 1240 329 ἐπι-

158 346 259 378 εικεῖς
281 346 341 378 καὶ
363 341 509 386 ἀληθεῖς
533 344 572 376 ἐκ
594 343 673 377 τῶν
695 338 921 388 πραγμάτων
945 338 1156 387 φαινῦμενοι
1179 354 1236 384 με·

158 392 259 435 τρίαε·
282 387 498 424 ἀπολαύοιεν
517 390 577 422 καὶ
597 388 659 430 τῆς
684 384 790 430 δίκης.

157 150 214 187 ΕΤ
244 148 610 187 successmmnus
1930 137 2037 182 Nov.
2068 137 2211 181 XVIII
2245 141 2309 181 10.
2341 139 2390 180 11

1401 194 1481 201 ..ᾤ-

1308 249 1415 286 nibus
1452 251 1601 286 utantur
1634 258 1749 294 neque
1783 260 1840 285 res
1882 260 1926 285 ex
1963 249 2093 296 quibus
2132 248 2291 284 detinent
2330 248 2392 283 ab·

1310 297 1440 339 negent
1470 294 1650 340 personis,
1683 295 1746 330 sed
1777 295 1974 331 mediocres
2003 300 2041 331 et
2070 295 2174 331 mites
2205 305 2250 330 ex
2275 295 2394 330 causis

1307 340 1444 376 ostensi
1467 340 1635 376 mediocri
1659 340 1845 385 potiantur
1868 341 1976 376 etiam
1997 340 2142 377 iudicio.

1152 464 1308 501 CAPUT
1334 464 1396 499 Xl.

1367 532 1471 576 Quod
1499 536 1618 568 autem
1654 530 1805 576 maligne
1841 532 1887 567 ab
1923 532 2099 577 aliquibus
2138 532 2321 568 dubitatur
2355 532 2392 567 in

1310 577 1522 622 quibusdam
1538 577 1670 613 nostris
1692 577 2010 613 constitutionibus
2041 582 2078 612 et
2097 578 2133 613 in
2156 578 2295 613 iudiciis
2315 578 2392 622 qui-

1310 624 1389 658 dem
1419 623 1581 668 plurimis
1612 626 1748 658 motum
1777 625 1849 664 est,
1883 633 1964 657 cum
1997 623 2044 658 sit
2080 623 2212 658 iustum
2244 624 2393 658 ulterius

160 681 411 716 προςαπτομεν
434 683 546 715 νομῳ.
591 670 754 711 Διαταξα
782 672 876 703 ε’νων
899 682 966 716 γαρ
990 670 1094 712 ημῶν
1114 668 1177 708 ὠς,
1210 666 1246 701 εἴ
1310 679 1382 703 non
1407 668 1542 713 quaeri,
1566 667 1749 713 praesenti
1770 667 2019 712 coniungimus
2038 668 2117 712 legi.
2167 669 2393 703 Constituen-

161 726 212 749 τιε
234 714 380 762 βλέψειε
404 714 493 761 πρὸς
518 719 670 762 γυναῖκα
702 684 981 761 φιλάνθρωπον,
1013 716 1072 747 καὶ
1103 711 1242 755 ταύτην
1310 714 1407 748 tibus
1431 714 1526 748 enim
1548 713 1652 749 nobis
1677 717 1734 756 ut,
1767 713 1798 748 si
1829 713 1907 757 quis
1939 714 2136 758 respexerit
2161 714 2315 756 aliquam
2348 714 2393 748 ad

122 793 129 800 ,
161 761 384 795 εἰςοικίσαιτο
415 773 444 795 π
467 759 612 804 οικῴων
642 758 874 805 συμβολαίων
908 762 1030 805 χωρίς,
1066 758 1146 792 εἶτα
1181 760 1241 791 καὶ
1258 762 1297 793 10
1309 759 1493 794 mulierem
1517 759 1673 794 clemens
1697 765 1733 793 et
1756 758 1850 794 hanc
1868 758 2040 794 sortiatur
2056 759 2190 803 absque
2215 758 2393 792 dotalibus

162 802 351 848 ποιήσαιτο
373 809 441 841 παῖ
466 817 515 847 ας,
539 803 692 852 ὕστερον
715 803 755 839 δὲ
776 803 931 851 γαμικήν
954 817 994 837 τε
1018 803 1107 848 πρὸς
1128 799 1241 844 αὐτὴν
1311 804 1551 844 documentis,
1588 803 1715 839 deinde
1745 803 1856 839 faciat
1886 803 1997 845 filios,
2029 808 2157 848 postea
2180 813 2262 838 vero
2288 804 2392 838 mari-

161 849 337 895 ἀναλάβοι
371 849 541 885 διάθεσιν
575 854 635 884 καὶ
669 848 817 898 γράψειε
852 848 1055 900 συμβόλαια
1089 848 1241 882 τοιαῦτα
1310 849 1418 884 talem
1442 849 1488 884 ad
1513 859 1590 884 eam
1614 849 1791 894 receperit
1813 849 1980 884 affectum
2004 856 2040 884 et
2062 849 2248 894 scripserit
2270 849 2393 883 huius-

161 898 220 928 καὶ
252 894 539 940 παιδοποιήσειε,
570 895 620 940 μὴ
650 894 761 940 μόνον
790 893 872 929 τοὺς
899 906 990 939 μετα
1020 894 1137 928 ταῦτα
1165 905 1240 935 τεχ·
1309 894 1407 929 modi
1437 895 1675 930 instrumenta
1708 898 1744 930 et
1772 894 1897 930 fecerit
1928 893 2039 936 filios,
2073 905 2144 930 non
2176 895 2292 929 solum
2322 904 2394 934 eos,

162 940 296 975 θέντας
320 940 461 983 παῖδας,
486 939 575 975 ἀλλὰ
599 943 657 975 καὶ
680 939 761 975 τοὺς
776 940 991 987 ἔμπροσθεν
1014 936 1240 973 καθεστάναι
1310 940 1372 983 qui
1403 945 1485 984 post
1514 941 1602 974 haec
1633 940 1711 975 nati
1739 940 1873 975 fuerint
1905 940 1987 982 filii,
2024 940 2087 975 sed
2118 940 2226 975 etiam
2258 939 2394 983 priores

161 991 341 1032 γνησίους·
374 990 432 1020 καὶ
457 985 516 1021 διὰ
539 985 606 1030 τὴν
635 986 713 1020 τῶν
740 987 990 1031 σοφιζομένων
1019 998 1058 1019 τε
1088 987 1149 1018 καὶ
1179 997 1239 1017 κα-
1258 988 1296 1019 15
1310 995 1388 1020 esse
1413 985 1606 1028 legitimos;
1640 992 1675 1019 et
1704 990 1851 1030 propter
1879 986 2227 1021 circumvenientium
2260 988 2297 1019 et
2321 994 2394 1018 ina-

162 1029 318 1079 κούργως
342 1031 613 1077 ἑρμηνευόντων
636 1028 828 1073 δεινότητα
841 1033 910 1069 ,καὶ
930 1030 1057 1077 ἑτέραν
1079 1027 1240 1077 γραψάν-
1310 1030 1402 1074 ligne
1433 1030 1744 1074 interpretantium
1775 1031 2004 1066 calliditatem
2038 1031 2144 1066 etiam
2176 1031 2283 1066 aliam
2307 1030 2393 1064 scri-

161 1090 239 1111 των
263 1076 439 1119 διάταξιν,
475 1074 523 1112 ὡς
552 1077 667 1110 ταῦτα
690 1073 901 1120 βουλόμεθα
930 1078 1085 1122 κρατεῖν,
1118 1075 1148 1108 εἰ
1181 1077 1240 1108 καὶ
1308 1076 1476 1110 bentibus
1502 1075 1807 1118 constitutionem,
1843 1077 1927 1121 quia
1956 1077 2046 1112 haec
2074 1076 2235 1111 volumus
2259 1078 2394 1117 tenere,

163 1120 320 1168 δεύτεροι
343 1122 391 1168 μὴ
414 1125 577 1169 γένοιντο
599 1120 690 1166 μετὰ
717 1120 759 1155 τὸ
786 1122 970 1165 προικῷον
993 1118 1118 1155 παῖδες
1141 1117 1162 1163 ἢ
1186 1133 1240 1167 γε·
1309 1121 1393 1156 liCet
1417 1120 1564 1156 secundi
1587 1131 1660 1155 11011
1685 1120 1756 1155 sint
1780 1122 1855 1156 nati
1886 1124 1970 1166 post
1992 1122 2112 1157 dotem
2134 1121 2200 1156 filii
2232 1124 2296 1156 aut
2319 1120 2392 1155 exi-

162 1167 306 1212 νόμενοι
324 1166 590 1202 τελευτ’σαιεν·
616 1166 759 1214 ἐξεῦρόν
775 1179 869 1200 τινες
884 1169 943 1200 καὶ
964 1166 1092 1212 ἑτέραν
1112 1164 1241 1211 ἀμφισ·
1309 1170 1443 1202 Stentes
1467 1166 1682 1201 moriantur:
1709 1166 1968 1202 adinvenerunt
1991 1167 2134 1212 quidam
2158 1167 2265 1202 etiam
2288 1166 2394 1201 aliam

161 1213 330 1257 βήτησιν,
369 1211 419 1258 μὴ
472 1209 634 1256 εχόμενοι
665 1213 782 1246 ταῦτα
811 1214 955 1258 κρατεῖν
986 1215 1046 1245 καὶ
1072 1213 1132 1245 ἐπὶ
1163 1212 1241 1245 τῶν
1255 1215 1296 1246 20
1310 1211 1579 1252 dubitationem,
1605 1222 1677 1246 non
1702 1212 1914 1256 recipientes
1937 1213 2028 1247 haec
2047 1217 2169 1248 tenere
2191 1212 2229 1247 in
2252 1211 2310 1247 his
2335 1211 2396 1256 qui

161 1256 419 1304 ἀπελευθέραις
430 1256 711 1292 συνοικούντων·
736 1261 895 1303 καίτοιγε
912 1259 984 1291 τοῖς
1001 1255 1126 1303 ὀρθῶς
1143 1258 1240 1290 ἐστο·
1310 1257 1508 1294 libertabus
1532 1256 1759 1301 copulantur,
1795 1268 1875 1292 cum
1906 1258 2030 1302 utique
2062 1262 2161 1292 recte
2186 1256 2394 1292 conicienti-

160 1306 346 1348 χασμένοις
364 1304 427 1337 τοῦ
448 1299 616 1349 ἡμετέρου
633 1303 769 1337 σκοποῦ
791 1304 851 1336 καὶ
872 1303 979 1336 τοῦτο
1002 1296 1046 1345 ἦν
1063 1304 1158 1344 ἔχειν
1175 1299 1241 1345 ἢδη
1310 1303 1377 1337 bus
1410 1307 1571 1337 nostram
1601 1301 1835 1337 intentionem
1867 1305 1903 1337 et
1933 1303 2003 1338 hoc
2034 1303 2144 1338 fuerit
2174 1303 2247 1338 iam
2277 1302 2394 1338 sanci-

161 1349 507 1392 νενομοθϊτημένον.
566 1348 613 1381 Εἰ
644 1346 712 1395 γὰρ
742 1344 762 1382 ὃ
797 1346 885 1396 πρὸς
916 1345 1168 1394 ἀπελευθέραν
1198 1345 1238 1380 οὗ
1309 1352 1396 1383 tum.
1445 1348 1482 1383 Si
1506 1347 1599 1383 enim
1623 1348 1669 1382 ad
1693 1347 1857 1382 libertam
1881 1359 1953 1383 11011
1972 1348 2115 1383 omniuo
2140 1349 2286 1393 nuptiae
2311 1358 2394 1393 pro-

160 1392 337 1435 καθάπαξ
361 1392 557 1428 ἐκεκώλυτο
580 1390 708 1440 γάμος,
733 1391 915 1438 πρόδηλον
938 1387 992 1435 ἦν,
1019 1390 1066 1427 ὡς
1090 1395 1149 1426 καὶ
1175 1390 1236 1426 ἐπ’
1309 1393 1488 1436 hibentur,
1513 1397 1651 1428 certum
1674 1393 1743 1427 fuit
1767 1394 1851 1438 quia
1875 1393 1984 1428 etiam
2003 1394 2041 1428 in
2065 1393 2136 1428 illis
2160 1393 2250 1428 haec
2274 1398 2396 1429 tenere

159 1441 308 1473 ἐκείναις
326 1439 443 1473 ταῦτα
463 1442 609 1486 κρατεῖν
624 1436 866 1482 ἠβουλόμεθα.
903 1437 998 1481 πλὴν
1014 1435 1093 1472 ἀλλ’
1117 1435 1240 1480 ἐπειδὴ
1254 1442 1294 1475 25
1309 1439 1484 1474 volumus.
1532 1438 1603 1473 Sed
1636 1438 1804 1483 quoniam
1836 1439 1960 1483 utique
1992 1439 2063 1474 hoc
2098 1439 2297 1474 dubitatum
2329 1442 2395 1479 est,

159 1485 266 1519 τοῦτο
290 1480 382 1519 ὅλως
404 1481 695 1530 ἦμφισβήτηται,
728 1484 969 1528 θεσπίζομεν·
1005 1484 1041 1518 εἴ
1057 1495 1112 1518 τις
1133 1497 1240 1530 γαμε-
1309 1484 1505 1520 sancimus:
1532 1484 1564 1518 si
1587 1484 1665 1528 quis
1689 1494 1838 1519 uxorem
1858 1494 1931 1519 non
1955 1484 2093 1519 habens
2116 1484 2310 1529 legitimam
2333 1488 2398 1518 aut

158 1529 225 1573 τὴν
248 1527 310 1564 οὐκ
333 1532 428 1572 ἔχων
450 1533 604 1577 γνησίαν
626 1526 648 1573 ἢ
672 1527 805 1564 παῖδας
827 1532 996 1574 νομίμους
1019 1527 1108 1576 πρὸς
1132 1527 1241 1574 θερά-
1309 1530 1402 1565 filios
1427 1529 1602 1574 legitimos
1631 1529 1678 1565 ad
1704 1529 1871 1564 ancillam
1895 1530 2078 1575 propriam
2096 1529 2263 1564 habuerit
2282 1539 2395 1574 quan-

159 1588 298 1610 παιναν
328 1576 465 1610 οἰκείαν
495 1578 596 1617 σχοίη
633 1574 726 1608 κατά
758 1587 844 1608 τινα
881 1573 1053 1619 βελτίονα
1089 1571 1241 1621 γνώμην
1311 1575 1392 1610 dam
1415 1575 1598 1610 meliorem
1622 1574 1835 1610 sententiam
1867 1581 1903 1609 et
1933 1575 2026 1610 filios
2057 1575 2249 1619 protulerit
2279 1585 2324 1609 ex
2354 1585 2397 1608 ea

159 1623 218 1654 καὶ
239 1618 284 1663 δὴ
306 1623 365 1655 καὶ
389 1618 684 1663 παιδοποιήσειεν
708 1619 748 1660 ἐξ
772 1617 879 1663 αὐτῆς
907 1621 947 1653 ἐν
973 1618 1117 1663 δουλεία
1147 1620 1239 1654 καθ·
1307 1621 1344 1656 111
1370 1620 1512 1656 servitio
1538 1621 1748 1662 constituta,
1783 1624 1911 1665 postea
1934 1631 2019 1656 vero
2049 1620 2214 1656 libertate
2239 1620 2394 1655 honora—

159 1665 328 1709 εστιόσης,
351 1662 502 1713 ὕστερον
526 1663 566 1699 δὲ
586 1663 775 1712 ἐλευθερίᾳ
792 1663 952 1709 τιμήσειε
971 1668 1030 1698 καὶ
1047 1664 1114 1709 τὴν
1131 1663 1239 1711 θερά-
1254 1669 1295 1701 30
1308 1666 1398 1701 verit
1422 1670 1458 1701 et
1481 1666 1647 1700 ancillam
1677 1670 1712 1701 et
1739 1672 1842 1701 natos
1868 1671 1905 1701 et
1934 1666 1989 1701 ius
2014 1666 2065 1701 eis
2090 1676 2280 1701 aureorum
2304 1665 2395 1709 peti-

159 1724 297 1745 παιναν
320 1714 380 1745 καὶ
411 1710 493 1746 τοὺς
523 1709 659 1756 φύντας
688 1713 747 1744 καὶ
778 1707 917 1744 δίκαιον
948 1708 1066 1745 αὐτοῖς
1094 1712 1240 1758 χρυσῶν
1308 1712 1376 1746 erit
1413 1711 1604 1747 anulorum
1642 1713 1679 1746 et
1711 1711 1989 1755 regenerationis
2024 1713 2061 1746 et
2100 1711 2192 1746 inter
2223 1712 2395 1755 ingenuos

159 1756 315 1800 αἰτήσειε
343 1755 548 1791 δακτυλίων
582 1759 643 1789 καὶ
677 1754 764 1803 πρός
798 1769 838 1802 γε
873 1758 933 1790 καὶ
968 1754 1240 1803 παλιγγενεσίας
1309 1757 1504 1792 secundum
1536 1757 1625 1792 istos
1659 1757 1841 1792 reduxerit
1871 1757 1995 1792 modos
2020 1761 2056 1792 et
2088 1757 2232 1801 nuptias
2265 1756 2396 1791 confir-

158 1805 218 1835 καὶ
242 1801 330 1848 πρὸς
360 1800 443 1836 τοὺς
474 1800 624 1848 εὐγενεῖς
653 1800 744 1835 κατὰ
772 1799 919 1835 τούτους
946 1798 1131 1848 άνενέγκοι
1159 1800 1241 1835 τοὺς
1308 1802 1472 1846 maverit,
1506 1804 1634 1847 postea
1664 1813 1747 1837 vero
1783 1802 1958 1846 nuptialia.
1993 1801 2248 1847 conscripserit
2283 1801 2394 1836 docu-

158 1846 311 1893 τρόπους
333 1850 394 1881 καὶ
417 1845 483 1881 τὸν
504 1843 621 1894 γάμον
644 1845 894 1891 βεβαιώσειεν,
924 1844 1076 1894 ὕστερον
1110 1845 1150 1880 δὲ
1180 1849 1240 1880 καὶ
1308 1854 1444 1891 menta,
1482 1852 1517 1883 et
1548 1850 1612 1882 aut
1641 1847 1776 1882 fuerint
1806 1848 1870 1882 filii
1899 1850 2026 1892 postea
2056 1852 2118 1883 aut
2155 1858 2228 1883 non
2261 1847 2394 1881 fuerint

157 1891 292 1939 γαμικὰ
320 1891 473 1946 γράψειε
509 1890 729 1937 συμβόλαια,
764 1894 824 1926 καὶ
859 1889 881 1936 ἢ
914 1894 1078 1947 γένοιντο
1114 1890 1238 1928 παῖδες
1253 1897 1293 1928 35
1309 1893 1401 1940 (<ut>
1437 1897 1608 1938 utrosque
1644 1897 1790 1928 nostrae
1826 1893 2094 1929 constitutionis
2135 1892 2393 1938 amplectamur

157 1936 247 1982 μετὰ
272 1951 386 1973 ταυτα
409 1935 431 1982 ἢ
455 1941 515 1972 καὶ
537 1936 586 1982 μὴ
602 1940 767 1984 γένοιντο
794 1937 869 1980 (ἵνα
884 1951 931 1972 τα
948 1937 1118 1985 ἑκατέρας
1140 1934 1243 1983 ἡμῶν

210 533 254 568 Τὰ
277 532 317 568 δὲ
341 535 508 580 πονηρῶς
531 531 629 579 παρά
650 547 764 569 τινων
785 531 1066 580 ἀμφισβητηθὲν
1085 534 1149 568 ἐπί
1165 543 1240 567 τισι
1277 536 1295 567 5

160 579 237 613 τῶν
268 577 452 625 ἡμετέρων
481 577 684 620 διατάξεων
709 582 769 614 καὶ
800 581 839 614 ἐν
870 577 984 613 δίκαιε
1005 579 1074 623 μὲν
1095 575 1242 614 πολλαῖς

161 625 323 678 κινηθβν,
348 622 489 678 δίκαιογ
508 622 547 659 δὲ
568 623 611 658 ὂν
630 628 757 670 μηκέτι
781 624 983 675 ζητεῖσθαι,
1001 625 1059 676 (τῷ
1086 622 1241 669 παρόντι

204 2043 276 2074 cap.
299 2031 362 2063 Xl
381 2037 531 2073 excerpta
557 2030 703 2073 lequntur
723 2031 755 2062 in
780 2030 970 2072 Appendiee
990 2030 1137 2073 Egtoyae
1163 2031 1225 2063 [II
1245 2031 1446 2071 (Zachariae
1467 2026 1601 2064 Ἀνέκὸ.
1622 2044 1655 2074 p.
1686 2033 1772 2074 186),
1801 2032 1910 2064 eadem
1936 2032 1969 2064 in
1995 2031 2122 2074 Ecloqa
2147 2031 2192 2062 ad
2216 2029 2395 2062 Prochiron

160 2084 281 2109 niutata
305 2078 365 2117 28,
386 2083 412 2109 7.
429 2084 456 2109 8.
475 2095 518 2099 -
539 2072 673 2119 νεαρὰν
706 2071 749 2116 ιη’
776 2087 853 2119 κεφ.
879 2072 918 2107 θ’
946 2076 986 2108 έν
1010 2072 1040 2117 ᾧ
1065 2077 1126 2108 καὶ
1154 2078 1236 2121 περὶ
1261 2072 1506 2119 ἀπελευθέρας
1529 2078 1616 2120 φησὶ
1639 2077 1827 2122 γινομένης
1850 2077 1997 2122 γνησίας
2026 2075 2071 2122 τῇ
2096 2075 2174 2108 τῶν
2199 2070 2396 2120 προικῴων

159 2119 300 2163 ποιήσει
325 2123 404 2154 citat
426 2121 523 2154 schol.
549 2121 599 2154 Β*
624 2122 688 2161 (ed.
713 2121 902 2154 Zachariae
923 2134 958 2164 p.
984 2122 1073 2161 534).

204 2169 246 2201 26
271 2165 496 2209 θεσπίζομεν
516 2185 560 2190 —
588 2167 662 2207 138,
680 2167 696 2198 't'
714 2165 874 2199 extantB
897 2167 950 2207 32,
978 2174 1002 2207 1,
1027 2174 1044 2199 2
1069 2168 1121 2208 (ex
1141 2166 1191 2198 Β*
1212 2179 1248 2209 p.
1274 2168 1338 2200 419
1364 2167 1491 2207 Zac-h.)

158 2268 322 2313 fortasse
345 2266 545 2301 solutiones
569 2266 728 2312 alleqent
757 2277 873 2311 neque
898 2270 958 2299 res
981 2275 1229 2310 personarum
1258 2277 1281 2300 a
1312 2265 1444 2311 quibus
1475 2277 1538 2301 eas
1560 2270 1681 2301 tenent
1707 2276 1785 2301 esse
1815 2269 1970 2311 neqent:
2003 2276 2127 2302 verum
2150 2271 2192 2302 ut
2213 2265 2334 2300 idonei
2361 2271 2396 2301 et

160 2312 267 2358 aequi
290 2316 327 2346 et
349 2322 494 2346 veraces
517 2322 566 2346 ex
589 2311 695 2346 rebus
714 2311 862 2356 probati
886 2309 1017 2344 idoneo
1041 2309 1148 2344 etiam
1172 2309 1306 2344 iudicio
1326 2311 1513 2356 fruantur.

294 2356 356 2390 XI.
405 2354 511 2398 Quod
530 2361 649 2390 autem
669 2355 713 2390 de
734 2354 947 2400 quibusdam
966 2354 1282 2390 constitutionibus
1305 2355 1440 2390 nostris
1456 2365 1575 2401 prave
1598 2366 1621 2390 a
1643 2354 1856 2401 quibusdam
1879 2355 1917 2389 in
1942 2354 2086 2390 dubium
2111 2359 2275 2391 vocatum
2299 2359 2334 2391 et
2355 2356 2394 2391 in

162 2402 282 2436 multis
303 2400 445 2446 quidem
465 2401 585 2435 causis
606 2400 785 2446 aqitatum
809 2404 873 2442 est,
898 2410 978 2434 cum
998 2398 1042 2434 de
1055 2410 1107 2446 ‚eo
1129 2410 1204 2434 non
1224 2400 1381 2445 amplius
1401 2400 1531 2446 quaeri
1552 2411 1625 2452 par
1647 2401 1708 2442 sit,
1727 2400 1918 2446 praesenti
1941 2400 2014 2446 leqi
2038 2399 2268 2436 adnectimus.
2309 2400 2394 2436 Cum

162 2446 254 2481 enim
274 2457 341 2481 nos
360 2445 663 2488 constituerimus,
687 2450 738 2487 ut,
762 2445 794 2479 si
813 2444 894 2491 quis
915 2443 1164 2479 benevolenter
1183 2446 1389 2491 respexerit
1408 2444 1458 2480 ad
1476 2445 1659 2480 naulzerem
1680 2456 1832 2490 eamque
1849 2446 1926 2480 sine
1947 2444 2128 2479 dotalibus
2146 2446 2395 2482 instrumentis

162 2491 306 2526 domum
336 2490 530 2526 deduxerit
559 2490 714 2536 indeque
745 2490 850 2525 etiam
883 2489 1014 2536 liberos
1043 2490 1260 2536 susceperit,
1292 2495 1426 2536 postea
1458 2495 1577 2525 autem
1601 2491 1786 2536 coniuqali
1810 2501 1900 2536 erqa
1930 2501 2008 2525 eam
2033 2489 2168 2536 affectu
2201 2489 2393 2537 adsumpto

162 2536 337 2572 eiusmodi
360 2536 598 2570 instrumenta
621 2535 810 2582 scripserit
833 2539 868 2570 et
891 2534 1024 2569 liberos
1040 2536 1316 2580 procreaverit,
1341 2546 1416 2570 non
1439 2536 1556 2570 solum
1577 2535 1680 2570 liberi
1702 2539 1836 2582 postea
1860 2535 1958 2577 nati,
1982 2534 2047 2570 sed
2069 2535 2178 2570 etiam
2203 2536 2267 2581 qui
2284 2536 2395 2583 prius

161 2582 239 2617 nati
261 2587 345 2616 sunt
369 2580 518 2627 leqitimi
540 2581 612 2615 sint
620 2593 635 2622 ;
656 2591 772 2627 porro
798 2590 877 2615 cum
900 2586 1053 2626 propter
1076 2580 1234 2625 artificia
1258 2580 1505 2616 cavillantium
1529 2585 1565 2616 et
1588 2580 1766 2615 malitiose
1784 2580 2102 2626 interpretantium
2126 2580 2281 2616 alteram
2304 2592 2392 2626 quo—

161 2639 231 2673 que
255 2626 545 2662 constitutionem
564 2625 826 2672 smipserimus,
851 2624 939 2660 velle
962 2635 1029 2659 nos
1052 2624 1142 2660 baec
1161 2625 1281 2660 valere
1305 2625 1412 2661 etiam
1435 2626 1468 2660 si
1490 2625 1640 2661 secundi
1667 2625 1768 2660 liberi
1784 2631 1872 2671 post
1893 2625 2033 2660 dotalia
2056 2625 2295 2661 instrumenta
2320 2637 2393 2661 non

159 2672 233 2707 sint
252 2672 332 2707 nati
355 2675 430 2713 aut,
452 2671 516 2716 qui
538 2671 618 2706 nati
636 2671 728 2712 sint,
749 2669 985 2706 decesserint:
1009 2670 1156 2716 quidam
1179 2670 1289 2705 aliam
1314 2682 1456 2717 quoque
1479 2671 1782 2717 excoqitavemnt
1806 2670 2082 2713 dubitationem,
2107 2681 2187 2706 cum
2211 2682 2285 2706 non
2309 2682 2394 2707 con-

161 2717 327 2753 cederent
344 2715 433 2752 haec
452 2716 560 2751 etiam
581 2716 626 2751 de
648 2716 694 2751 iis
714 2715 834 2752 valere
850 2715 914 2762 qui
934 2715 1131 2750 libertabus
1150 2719 1338 2751 uterentur
1357 2716 1592 2763 coniuqibus:
1616 2716 1757 2751 tametsi
1781 2716 1970 2751 consilium
1991 2720 2156 2751 nostrum
2176 2720 2273 2751 recte
2297 2727 2391 2751 asse-

161 2763 253 2799 cutis
273 2762 342 2798 hoc
366 2772 508 2807 quoque
531 2761 570 2796 in
586 2765 765 2808 promptu
788 2765 869 2797 erat
886 2760 965 2807 leqe
988 2761 1061 2795 iam
1081 2761 1268 2796 sancitum.
1306 2760 1401 2796 Nam
1421 2761 1453 2796 si
1472 2772 1551 2796 cum
1571 2761 1700 2798 liberta
1721 2761 1874 2808 nuptiae
1897 2772 1971 2796 non
1993 2761 2166 2808 protinus
2183 2761 2393 2808 prohibitae

159 2813 256 2851 sunt,
279 2807 512 2853 manifestum
532 2811 611 2842 erat
630 2817 698 2842 nos
721 2806 766 2842 de
788 2806 863 2841 illis
886 2817 1030 2852 quoque
1053 2817 1097 2841 ea
1121 2805 1241 2842 valere
1259 2806 1423 2841 voluisse.
1471 2807 1585 2853 Atqui
1605 2818 1684 2842 cum
1702 2806 1746 2841 de
1769 2817 1811 2842 eo
1835 2807 1981 2841 omnino
2006 2805 2206 2841 dubitatum
2229 2807 2288 2849 sit,
2308 2818 2392 2842 san-

160 2854 290 2889 cimus:
318 2853 351 2888 si
374 2852 455 2898 quis
475 2862 629 2888 uxorem
654 2852 850 2898 leqitimam
873 2862 948 2886 non
973 2850 1108 2886 liabens
1132 2851 1187 2887 vel
1209 2851 1342 2887 liberos
1367 2851 1547 2898 leqitimos
1570 2852 1609 2887 in
1633 2852 1805 2887 ancillam
1827 2863 1931 2887 suam
1952 2852 2184 2897 aliquatenus
2207 2851 2393 2888 voluntate

161 2899 255 2935 bona
274 2898 428 2944 affectus
447 2897 496 2932 sit
514 2902 623 2943 atque
642 2908 691 2933 ex
711 2908 754 2933 ea
775 2897 813 2931 in
836 2897 1007 2932 servitute
1030 2897 1227 2932 constituta
1249 2896 1381 2932 liberos
1401 2908 1544 2948 quoque
1561 2897 1828 2943 procreaverit,
1847 2901 1981 2943 postea
2002 2907 2087 2932 vero
2113 2901 2147 2932 et
2169 2897 2340 2932 ancillam
2360 2904 2392 2932 et

160 2949 269 2980 natos
293 2943 458 2979 libertate
485 2942 721 2977 honoraverit
747 2946 784 2977 et
810 2941 868 2976 ius
893 2941 940 2976 iis
969 2941 1161 2976 anulorum
1194 2952 1388 2976 aureorum
1411 2947 1449 2977 et
1477 2953 1629 2988 insuper
1652 2942 1829 2978 natalium
1856 2942 2118 2977 restitutionem
2143 2942 2295 2989 petierit
2316 2953 2391 2977 eos-

161 3001 230 3036 que
254 2989 321 3024 hoc
343 2987 450 3023 modo
475 2987 571 3023 inter
593 2987 770 3033 inqenuos
792 2986 973 3022 rettulerit
992 2997 1036 3021 ac
1059 2986 1208 3038 nuptias
1232 2987 1509 3032 confirmaverit,
1533 2986 1662 3022 deinde
1680 2993 1799 3022 autem
1819 2988 1926 3022 etiam
1950 2987 2131 3033 nuptialia
2153 2988 2392 3022 instrumenta

161 3033 434 3080 conscripserit,
466 3033 539 3068 sive
569 3031 674 3067 liberi
694 3037 830 3079 postea
854 3035 1055 3067 nascantur
1076 3043 1151 3068 sive
1177 3043 1252 3067 non
1275 3036 1474 3067 nascantur
1507 3035 1561 3075 (ut
1587 3032 1778 3078 utriusque
1808 3037 1957 3068 nostrae
1987 3033 2256 3067 constitutionis
2287 3043 2392 3067 casus

207 3151 227 3183 3
247 3150 305 3180 καὶ
318 3144 465 3189 ἀληθεῖς
483 3160 540 3180 om.
556 3158 574 3182 ς
591 3146 604 3190 ΙΙ
622 3148 639 3178 ’7
661 3142 715 3188 ὃν]
735 3142 777 3178 ὃν
793 3146 833 3178 Μ
850 3141 895 3187 ἢν
907 3145 956 3178 L¹
974 3137 1018 3187 ἧν
1031 3145 1081 3179 L2
1096 3145 1107 3186 ΙΙ
1128 3148 1146 3180 8
1165 3143 1239 3179 δια-

162 3193 387 3236 ταξαμένων]
409 3193 486 3226 God.
498 3195 530 3232 5,
541 3199 629 3233 27,10
649 3189 662 3234 ΙΙ
678 3194 697 3223 9
712 3188 980 3235 φιλάνθρωπον
996 3191 1100 3231 Man]
1115 3188 1238 3235 φιλαν-

165 3239 337 3284 θρωπίαν
361 3237 409 3270 L¹
437 3233 713 3282 φιλανθρώπως
738 3236 786 3268 L³
821 3233 1134 3280 φιλανθρωπικῶς
1157 3236 1206 3269 L²
1229 3237 1232 3271 l

169 3291 174 3317 1
191 3290 197 3317 Ι
229 3281 415 3324 ποιήσοιτο
430 3282 475 3314 M
493 3279 634 3323 ποιήσει
648 3282 678 3314 L
694 3282 706 3324 ΙΙ
729 3283 765 3314 17
786 3276 963 3322 διάταξιν]
981 3281 1058 3314 Cod.
1071 3283 1101 3322 5,
1115 3288 1161 3321 27,
1176 3289 1202 3315 11
1227 3273 1233 3321 Ῑ

161 3330 276 3363 ταῦτιι
299 3328 418 3368 ML25]
443 3322 598 3359 ταὺτονὶ)
619 3327 680 3365 L¹;
707 3321 947 3370 Ζεφταύτάῗι]
977 3325 1007 3358 εἰ
1031 3322 1070 3358 δὲ
1093 3327 1152 3358 καὶ
1174 3327 1205 3359 L
1229 3324 1239 3370 ΙΙ

166 3379 204 3410 le
226 3370 383 3419 δεύτεροι
399 3373 460 3413 Le]
474 3368 640 3417 δεύτερον
653 3372 699 3404 Μ
710 3370 722 3414 ΙΙ
736 3368 827 3413 μετὰ
839 3369 917 3403 τῶν
930 3371 1113 3416 προικῶον
1126 3373 1238 3417 (προι-

161 3419 271 3453 κώων
285 3420 345 3456 L2)
361 3419 387 3450 L·
404 3417 415 3461 ΙΙ
438 3420 477 3451 19
488 3413 728 3458 τελευτήσειεν
743 3416 772 3448 L
792 3414 804 3459 ll
820 3415 925 3460 ἕτερα
936 3416 967 3448 L
978 3414 991 3458 ΙΙ
1010 3418 1051 3449 20
1067 3413 1239 3458 δεχόμενα

160 3467 193 3499 'L
209 3465 222 3509 n
242 3467 283 3497 22
308 3465 402 3505 ἔχειν
416 3476 472 3495 om.
488 3475 506 3498 ς
522 3462 715 3494 Ilaloander
733 3459 745 3504 ΙΙ
762 3462 803 3494 25
821 3456 1064 3503 ἢβουλὸμεθα
1077 3461 1124 3493 L¹
1146 3462 1238 3493 volu-

162 3521 234 3543 mus
249 3523 267 3545 ς
286 3509 297 3550 ΙΙ
315 3511 354 3542 27
382 3503 403 3550 ἢ
423 3505 553 3540 παῖδας
573 3508 742 3549 νομίμους
763 3518 821 3538 om.
839 3505 907 3538 ΕΒ
925 3505 938 3546 ΙΙ
954 3507 995 3539 28
1019 3502 1111 3539 κατά
1136 3520 1192 3539 om.
1209 3519 1237 3546 ς,

163 3557 245 3589 delet
279 3554 463 3597 Homberyk
490 3554 501 3595 fl
533 3555 574 3585 :30
607 3552 666 3583 καὶ
696 3564 753 3583 om.
787 3551 856 3583 LB
886 3551 896 3590 ΙΙ
927 3549 1136 3595 θεράπαινα
1163 3553 1192 3584 L
1228 3552 1238 3594 Η

151 3599 202 3634 '31
228 3602 287 3632 καὶ
311 3597 393 3632 τοὺς
413 3617 455 3622 --
482 3599 525 3631 34
549 3593 701 3640 τρόπους
725 3609 783 3628 om.
808 3595 876 3628 LB
903 3593 915 3638 ΙΙ
937 3597 977 3628 32
1003 3593 1092 3640 πρός
1114 3609 1154 3642 γε
1178 3599 1237 3629 καὶ

163 3658 219 3679 om.
234 3658 251 3681 ς
271 3643 283 3688 ll
300 3647 343 3679 34
366 3640 516 3688 ὕστερον
531 3643 587 3682 JI]
607 3644 734 3675 ἔπειτα
755 3640 824 3672 LB
842 3640 854 3683 ΙΙ
871 3637 910 3672 δὲ
930 3653 988 3672 om.
1005 3641 1037 3672 B
1053 3640 1065 3684 ΙΙ
1084 3642 1125 3674 35
1152 3653 1235 3684 συμ-

161 3687 290 3733 βόλαια
314 3686 527 3736 συγγράψειε
553 3689 587 3720 Β
605 3687 616 3730 H
638 3688 697 3718 καὶ
722 3681 743 3728 ἢ
769 3686 824 3726 Μ]
849 3687 908 3718 καὶ
933 3684 964 3717 εἰ
988 3685 1056 3718 LB

235 3789 284 3817 111.

1366 3149 1380 3180 1
1403 3154 1480 3189 pose
1512 3145 1677 3187 abnegent
1711 3149 1810 3179 verba
1843 3156 1951 3188 neque
1984 3145 2098 3189 postea
2127 3166 2168 3170 —
2200 3156 2307 3187 neque
2342 3157 2392 3179 res

1310 3194 1400 3233 (136,
1411 3193 1452 3225 39
1462 3193 1524 3234 sq.)
1541 3193 1656 3233 repetit
1668 3191 1720 3224 Ra
1737 3190 1750 3235 ΙΙ
1768 3193 1787 3224 2
1811 3192 1961 3233 personis
1973 3191 2023 3224 R²
2038 3193 2070 3225 in
2083 3205 2150 3225 ras,
2169 3191 2181 3234 ll
2197 3193 2249 3231 ex]
2271 3194 2303 3223 et
2320 3191 2393 3237 12¹1!

1311 3240 1329 3269 3
1355 3236 1478 3268 ostensi
1500 3236 1585 3270 V¹T
1600 3237 1738 3268 ostensis
1762 3236 1855 3269 RV²
1882 3236 1894 3280 ΙΙ
1923 3237 2096 3278 patiantur
2117 3236 2166 3269 13²
2194 3236 2207 3280 ΙΙ
2236 3236 2336 3269 etiam
2361 3242 2393 3270 et

1310 3282 1432 3314 iuditio
1457 3282 1489 3314 R
1518 3280 1530 3324 ΙΙ
1560 3284 1578 3314 5
1605 3283 1691 3314 rubr.
1719 3281 1890 3318 Quomodo
1915 3282 2099 3314 concubine
2121 3281 2254 3313 seruilis
2277 3281 2391 3314 condi-

1309 3327 1411 3359 tionis
1423 3326 1604 3358 constitute
1617 3325 1779 3367 legittime
1793 3337 1911 3359 uxores
1924 3327 2006 3358 fiant
2025 3327 2057 3359 R
2071 3339 2132 3369 my.
2149 3327 2160 3369 ΙΙ
2179 3326 2296 3367 (Quid
2313 3327 2363 3360 V*
2380 3329 2391 3367 11

1309 3370 1525 3403 dubitabatur
1548 3370 1661 3415 R⁰T11
1678 3372 1699 3405 6
1718 3371 1928 3413 quibusdam]
1952 3371 2075 3412 quidam
2099 3369 2150 3405 V²
2167 3370 2180 3415 ΙΙ
2203 3374 2223 3406 9
2247 3373 2392 3414 respexit

1309 3416 1452 3458 aliquem
1476 3415 1529 3460 Vss
1548 3416 1590 3448 ad
1602 3417 1647 3457 R]
1674 3429 1730 3449 om.
1753 3417 1906 3460 VTvulq.
1925 3416 1937 3460 ss
1959 3419 1996 3449 12
2023 3419 2055 3448 et
2076 3429 2134 3449 om.
2148 3417 2197 3450 R¹
2213 3416 2226 3461 ΙΙ
2246 3419 2287 3451 14
2311 3417 2391 3450 haee

1309 3475 1366 3494 om.
1400 3462 1433 3494 V
1451 3461 1463 3504 ll
1497 3463 1535 3493 16
1560 3461 1780 3494 scribentibus
1809 3461 1907 3493 aliam
1939 3462 1972 3494 V
1994 3461 2006 3505 ΙΙ
2036 3463 2078 3495 20
2102 3462 2183 3495 haec
2215 3475 2274 3495 om.
2297 3462 2345 3495 Β*
2378 3463 2390 3507 ΙΙ

1310 3509 1345 3539 21
1375 3505 1586 3538 libertatibus
1608 3506 1658 3538 ΕΙ
1689 3505 1781 3538 lin*
1805 3507 1855 3539 V¹
1881 3506 1892 3549 ΙΙ
1923 3508 1965 3539 22
1995 3507 2096 3539 suerit
2118 3507 2298 3540 sanctitum
2324 3508 2391 3540 iam

1317 3551 1371 3594 Vl}
1390 3553 1432 3584 24
1453 3553 1577 3591 tenere]
1596 3553 1707 3583 tenere
1727 3553 1763 3583 in
1783 3551 1851 3583 illis
1870 3552 1922 3583 Ra
1937 3550 1949 3589 ΙΙ
1970 3554 2010 3584 25
2035 3552 2097 3584 hoo
2115 3551 2303 3586 dubitatum
2322 3554 2390 3585 uti-

1308 3607 1370 3637 que
1393 3596 1426 3628 V
1443 3596 1454 3637 ΙΙ
1486 3597 1527 3629 29
1552 3598 1675 3638 postea]
1701 3599 1733 3628 et
1757 3600 1870 3638 postea
1894 3596 1949 3640 Vn
1967 3597 2143 3630 domuerit
2162 3597 2213 3631 V²
2234 3597 2247 3642 ll
2274 3600 2317 3632 30
2343 3599 2389 3630 eis

1307 3654 1365 3673 om.
1391 3641 1424 3674 V
1445 3640 1457 3684 ΙΙ
1482 3643 1521 3674 31
1549 3642 1648 3683 inter]
1674 3641 1744 3673 int*
1770 3642 1820 3674 V⁰
1849 3641 1862 3685 ΙΙ
1886 3642 2048 3684 inge-uos
2073 3642 2122 3676 R¹
2150 3642 2164 3687 ΙΙ
2193 3644 2234 3677 32
2270 3654 2387 3676 secun-

1306 3685 1396 3725 dum]
1421 3699 1436 3716 *
1458 3686 1508 3719 R¹
1525 3686 1538 3730 ΙΙ
1555 3686 1634 3719 istos
1655 3687 1700 3727 V]
1720 3687 1824 3718 iustos
1847 3687 1880 3719 R
1902 3688 1986 3731 vuly.
2005 3687 2018 3731 ΙΙ
2036 3690 2077 3722 35
2102 3690 2142 3720 ut
2168 3689 2245 3722 add.
2266 3689 2350 3733 ναῖς.
2376 3687 2387 3732 Η

1308 3732 1482 3774 utriusque
1505 3732 1589 3775 vulq.
1618 3731 1630 3776 Η
1661 3735 1775 3764 nostro
1798 3732 1849 3764 Va
1874 3735 2003 3768 nostros
2026 3733 2076 3767 Β·

2076 3791 2116 3824 18
