2618 4010
272 159 379 202 Nov.
412 159 513 201 XVI
548 161 589 212 1;
622 172 686 213 ep.

270 267 406 304 ἇλλαιέ·
439 266 482 303 ὃν
507 267 552 311 δὴ
575 272 634 302 καὶ
657 266 782 315 κύριον
805 269 898 303 εἶναι
917 271 977 303 καὶ
1001 273 1144 315 κρατεῖν
1167 266 1260 302 κατὰ
1281 269 1346 302 πᾶ-

271 327 341 348 σαν
363 313 430 357 τὴν
454 311 562 347 αὐτοῦ
584 311 907 360 παρακελευόμεθα
932 311 1098 358 δύναμιν.
1142 311 1286 356 Ἐπειδὴ
1309 310 1350 347 δὲ

271 359 402 393 σκοπὸς
423 355 507 402 ἡμῖν
531 360 631 392 ἐστιν
653 358 702 393 εἰς
729 357 774 393 τὸ
804 358 984 394 συστεῖλαι
1012 361 1079 403 μὲν
1110 357 1172 392 τὰς
1195 370 1348 405 χειροτο-

271 408 364 446 νίας,
397 403 572 437 ἐντεῦθεν
603 401 644 438 δὲ
671 404 716 448 τῆ
741 401 923 452 ἁγιωτάτῃ
952 402 1085 458 μεγάλῃ
1115 401 1283 446 ἐκκλησία
1304 403 1348 437 τὸ

1350 153 1424 202 116

1417 266 1495 305 esse
1520 272 1554 303 et
1578 268 1694 303 valere
1717 268 1911 304 secundum
1944 280 2082 306 omnem
2105 266 2206 306 suam
2234 270 2398 306 volumus
2424 269 2495 306 vir-

1417 317 1540 349 tutem.
1589 312 1682 365 Quia
1704 321 1786 349 vero
1806 313 1956 350 intentio
1979 315 2083 351 nobis
2105 318 2163 351 est
2189 314 2396 351 adbreviare
2419 310 2495 368 qui—

1416 359 1494 395 dem
1527 358 1787 401 ordinationes,
1826 358 1909 394 hinc
1942 364 2061 395 autem
2095 360 2339 396 sanctissimae
2371 361 2496 395 malori

1418 403 1590 439 ecclesiae
1612 402 1842 438 excellentem
1864 413 2055 449 expensam
2078 405 2124 440 ad
2146 405 2360 441 mediocrem
2382 415 2494 449 quan-

270 446 494 501 ὑπερβάλλον
517 440 763 503 τῆἦδαπᾶνης
783 450 834 503 5²⁹
863 453 1009 496 μέτριον
1030 463 1065 483 τι
1097 451 1160 501 καί
1190 446 1348 502 φορητὸν
1384 452 1403 483 5
1417 449 1498 483 dam
1517 452 1555 483 at
1580 458 1624 483 ue
1641 447 1852 492 portabilem
1875 450 2033 485 statuere
2050 450 2296 494 quantitatem,
2342 454 2494 486 uatenus

271 504 482 547 περιστησαι
505 505 631 535 ποσον,
655 506 754 529 οπως
776 507 822 529 αν
843 493 885 530 τὸ
910 493 1049 537 πλῆθος
1073 491 1163 540 αὖτῃ
1184 507 1263 528 των
1287 491 1347 527 δα-

270 551 496 582 πανηματιυν
531 537 776 583 ἐλαττωθείη,
811 538 871 573 διὰ
902 540 1009 574 τοῦτο
1047 539 1170 572 πᾶσαν
1205 551 1346 584 περινο-

270 585 437 618 στοῦντες
466 580 554 619 ὁδὸν
584 587 643 618 καὶ
668 586 728 619 ἐπὶ
754 583 820 619 τὸν
843 582 1010 630 παρόντα
1037 582 1149 628 νόμον
1174 581 1348 627 ἐληλύθα-

268 642 346 672 μεν,
370 626 476 663 οὐδὲν
485 630 569 682 ,μὲν
590 626 819 675 ἀλλοιότερον
846 629 937 663 ὄντα
965 630 1029 663 τοῦ
1053 631 1240 675 προτέρου,
1267 625 1347 662 ἀλλ’

1417 493 1559 528 multitu
1584 503 1605 528 o
1629 493 1662 528 ei
1685 502 1919 538 expensarum
1940 494 2139 539 minuatur,
2163 499 2309 540 propter
2357 506 2400 531 oc
2420 506 2494 530 om-

1418 549 1498 573 nem
1523 538 1783 573 circumeuntes
1806 538 1898 573 viam
1918 540 1956 574 et
1986 539 2031 574 ad
2054 542 2276 584 praesentem
2298 540 2412 585 legem
2435 550 2493 575 ve-

1419 583 1555 627 nimus,
1586 582 1675 618 nihil
1699 583 1839 628 quidem
1869 582 1973 618 aliter
1996 584 2169 621 existente
2191 585 2328 631 priore,
2359 585 2421 621 sed
2451 595 2494 620 ex

1421 628 1497 663 eius
1533 628 1748 673 procedente
1782 628 1986 672 voluntate,
2029 629 2146 665 adhuc
2187 634 2307 666 autem
2343 630 2494 675 amplius

268 675 309 727 ἐκ
330 675 392 729 τῆξ
413 670 521 728 αὗτῃς
546 671 759 722 ὁρμώμενον
786 677 1043 721 προαιρέσεως,
1071 676 1126 708 ἔτι
1152 671 1192 707 δὲ
1213 672 1349 717 μᾶλλον
1367 676 1407 708 10
1422 673 1668 709 sanctissimae
1690 673 1817 708 maiori
1840 673 2012 709 ecelesiae
2033 674 2200 720 prodesse
2222 676 2408 711 valentem.

269 731 336 762 την
358 731 566 767 αγιωτατην
587 717 745 766 μεγάλην
770 718 959 763 ἐκκλησίαν
982 718 1111 762 ὀνῆσαι
1136 717 1349 763 δυνάμενον.

1816 171 1876 202 DE
1904 170 2111 202 MENSUBA
2142 169 2497 203 ORDINANDORUM
2555 211 2558 214 ἢ

1283 808 1439 846 CAPUT
1463 808 1492 844 Ι.

317 879 541 922 Θεσπίζομεν
563 876 641 925 γάρ,
666 878 764 924 εἴπερ
790 879 830 911 ἔν
854 885 928 911 τισι
955 877 1033 910 τῶν
1056 874 1273 924 ἁγιωτάτων
1297 878 1348 910 ἐκ·
1463 875 1649 912 Sancimus
1682 876 1793 920 enim,
1823 876 1856 912 si
1885 876 1924 911 in
1952 875 2164 921 quibusdam
2193 878 2493 914 sanctissimarum

270 922 439 966 κλησιῶν,
469 914 522 957 ὧν
547 922 637 966 αὑτὴ
665 919 686 965 ἦ
714 919 896 969 άγιωτάτη
919 919 1053 968 μεγάλη
1085 920 1252 966 ἐκκλησία
1283 920 1350 965 τὴν
1418 921 1660 965 ecclesiarum,
1685 932 1835 966 quarum
1858 921 1938 967 ipsa
1961 922 2184 957 sanctissima
2207 923 2321 958 maior
2342 923 2494 959 ecclesia

271 966 448 1011 διοίκησιν
472 972 532 1001 καὶ
562 966 624 1002 τὰς
655 965 816 1002 δαπάνας
847 966 977 1009 εἵλετο,
1008 970 1167 1011 συμβαίη
1196 965 1349 1013 πρεσβὺ-
1418 967 1710 1012 gubernationem
1733 970 1769 1002 et
1793 977 1966 1012 expensas
1991 967 2162 1011 suscepit,
2186 967 2374 1014 contigerit
2391 979 2492 1014 pres-

270 1026 376 1059 τερον
399 1010 420 1056 ἢ
450 1010 618 1047 διάκονον
646 1008 668 1055 ἢ
697 1010 937 1059 ἀναγνώστην
970 1008 992 1055 ἢ
1021 1011 1164 1058 ψάλτην
1191 1011 1350 1055 τελευτῆ-
1366 1014 1405 1047 15
1418 1013 1582 1058 hyterum
1613 1015 1676 1047 aut
1704 1012 1893 1048 diaconum
1922 1014 1986 1048 aut
2017 1011 2186 1047 lectorem
2218 1016 2282 1047 aut
2312 1017 2494 1050 cantorem

271 1071 350 1100 σαι,
384 1057 433 1102 μὴ
465 1060 589 1103 ἕτερον
624 1054 733 1091 εὐθύς
769 1057 914 1097 ἔξωθεν
949 1056 1219 1104 ἐπειςάγεσθαι,
1262 1055 1351 1092 ἀλλὰ
1419 1056 1519 1101 mori,
1544 1068 1616 1093 non
1639 1057 1748 1092 alium
1761 1068 1845 1093 mox
1869 1058 2090 1093 extrinsecus
2110 1057 2300 1101 introduci,
2324 1058 2387 1094 sed
2407 1069 2492 1094 con-

270 1105 430 1144 σκοπεῖν,
455 1100 570 1137 πόσον
593 1104 669 1136 ἐστὶ
692 1104 892 1144 τηνικαῦτα
914 1100 956 1137 τὸ
983 1106 1116 1149 μέτρον
1138 1104 1216 1137 τῶν
1240 1104 1351 1137 ἐκεῖσε
1420 1103 1587 1144 siderare,
1613 1106 1746 1148 quanta
1769 1105 1825 1138 est
1847 1106 1933 1138 tunc
1956 1112 2124 1138 mensura
2140 1102 2271 1138 ibidem
2290 1103 2493 1139 ministran-

272 1147 576 1194 λειτουργούντων
597 1143 873 1191 εὖλαβεστάτων
895 1145 1084 1194 κληρικῶν.
1132 1150 1205 1181 Καὶ
1234 1149 1350 1192 εἰμὲν
1418 1148 1506 1183 tium
1537 1147 1903 1183 reverentissimorum
1935 1147 2156 1183 clericorum.
2202 1147 2254 1183 Et
2288 1148 2319 1183 Si
2354 1148 2494 1194 quidem

270 1192 372 1227 οὔπω
394 1193 437 1227 τὸ
460 1194 539 1227 τῶν
567 1191 746 1239 κληρικῶν
777 1191 977 1236 ἠλαττώθη
1006 1196 1149 1239 μέτρον,
1184 1190 1263 1227 ἀλλ’
1295 1195 1350 1228 ε’τι
1418 1192 1576 1228 nondum
1600 1193 1808 1229 clericorum
1830 1193 1967 1228 minuta
1989 1203 2156 1228 mensura
2184 1196 2257 1234 est,
2290 1193 2353 1229 sed
2376 1193 2494 1229 adhuc

271 1236 527 1280 πλεονάζουσιν
550 1235 637 1272 ὅσον
657 1236 746 1283 πρὸς
765 1236 807 1272 τὸ
826 1236 977 1272 ἄνωθεν
1002 1236 1202 1284 ὡρισμένον
1225 1241 1283 1272 καὶ
1307 1237 1349 1272 τὸ
1363 1239 1405 1272 20
1417 1238 1618 1281 abundant,
1659 1241 1831 1283 quantum
1863 1238 1909 1274 ad
1937 1238 1974 1274 id
2008 1238 2103 1283 quod
2143 1238 2307 1283 superius
2336 1238 2493 1274 definivi-

271 1282 491 1327 καλούμενον
511 1284 721 1336 στατοῧτον,
741 1280 920 1337 μηδεμίαν
942 1283 1114 1330 γίνεσθαι
1134 1280 1218 1317 ἀντ’
1241 1281 1350 1318 αὐτοῦ
1417 1294 1496 1319 mus
1521 1287 1556 1318 et
1578 1293 1658 1318 eum
1682 1283 1742 1328 qui
1765 1285 1914 1319 vocatur
1946 1285 2121 1325 statutus,
2155 1283 2289 1318 nullam
2319 1284 2399 1319 fieri
2430 1294 2494 1328 pro

782 1327 792 1339 ‘
1419 1339 1461 1364 eo
1487 1328 1753 1371 ordinationem,
1779 1329 1891 1364 donec
1913 1338 2080 1364 numerus
2099 1328 2137 1364 in
2154 1331 2266 1364 semet
2287 1329 2366 1374 ipso
2389 1329 2492 1364 resti-

272 1377 387 1416 σταίη.
435 1374 482 1407 Εἰ
510 1372 550 1407 δὲ
574 1388 595 1417 η
640 1387 780 1408 ττωται
808 1372 850 1407 τὸ
882 1372 1040 1416 πλῆθος,
1074 1369 1161 1408 ὥςτε
1192 1370 1351 1420 ἀνάγκην
1418 1377 1552 1408 tuatur.
1601 1373 1639 1409 Si
1661 1383 1744 1409 vero
1768 1373 1948 1409 deminuta
1971 1373 2160 1409 multitudo
2183 1377 2249 1416 est,
2276 1378 2317 1409 ut
2339 1374 2493 1409 necessi-

271 1419 364 1453 εἷναι
395 1417 454 1453 διὰ
476 1418 518 1453 τὸ
541 1417 591 1463 μὴ
621 1417 782 1464 ἐλλεῖψαι
812 1417 854 1453 τὸ
883 1421 1084 1453 στατοῦτον
1114 1420 1238 1465 ἕτερον
1268 1416 1349 1453 ἀντὶ
1417 1422 1473 1453 tas
1498 1419 1553 1461 sit,
1578 1429 1622 1454 ne
1645 1418 1737 1454 desit
1761 1421 1937 1463 statutus,
1966 1418 2075 1454 alium
2098 1429 2164 1463 pro
2187 1419 2360 1455 moriente
2382 1419 2493 1454 intro-

269 1332 503 1374 χειροτονίαν,
526 1331 592 1384 μέρη
616 1339 645 1383 tf
664 1343 711 1362 αν
735 1342 753 1362 o
772 1328 928 1374 αριθμὸς
950 1329 998 1363 εἰς
1021 1327 1149 1363 ἑαυτὸν
1169 1325 1350 1362 ἀποκατα-

271 1465 334 1499 τοῦ
357 1463 633 1518 τελευτήσαντος
655 1464 864 1507 εἰςαχθῆναι
896 1462 1073 1508 κληρικόν,
1105 1467 1253 1498 σκοπεῖν
1283 1462 1350 1507 τὴν
1364 1464 1404 1497 25
1418 1463 1501 1499 duci
1538 1463 1725 1505 clericum,
1762 1464 1987 1499 considerare
2020 1463 2276 1499 beatitudinem
2311 1467 2428 1505 tuam,
2464 1463 2495 1499 si

271 1506 519 1554 μακαριότητα
554 1523 622 1553 την
654 1508 733 1552 σήν,
768 1510 803 1542 εἴ
829 1520 883 1543 τις
913 1511 1012 1543 ἐστὶν
1047 1510 1087 1543 ἐν
1120 1512 1198 1543 ταῖς
1229 1507 1351 1543 ἄλλαις

273 1553 471 1598 ἐκκλησίαις
491 1557 569 1589 ταῖς
592 1555 692 1602 παρὰ
717 1554 784 1597 τὴν
807 1551 1012 1599 ἆγιωτάτην
1042 1553 1200 1600 μεγάλην
1232 1552 1349 1597 ἐκκλη·

273 1603 357 1634 σίαν
377 1598 542 1646 περιττὸς
569 1600 631 1634 τοῦ
655 1598 761 1633 αὐτοῦ
783 1597 962 1654 τάγματος
984 1597 1156 1646 κληρικός,
1180 1598 1350 1634 κάκεῖθεν

1418 1509 1497 1554 quis
1521 1513 1575 1544 est
1598 1509 1634 1544 in
1658 1509 1740 1544 aliis
1764 1509 1923 1545 ecclesiis
1942 1509 2031 1544 citra
2048 1508 2307 1545 sanctissimam
2327 1509 2494 1544 maiorem

1419 1553 1604 1589 ecclesiam
1628 1565 1672 1589 ex
1695 1554 1892 1590 abundanti
1915 1554 2071 1590 eiusdem
2094 1553 2229 1589 ordinis
2254 1553 2422 1597 clericus,
2459 1556 2496 1588 et

1418 1599 1546 1635 exinde
1568 1600 1755 1635 restituere
1778 1599 1906 1642 alium,
1938 1604 1974 1634 et
1997 1609 2068 1635 non
2091 1609 2219 1634 novam
2249 1598 2369 1634 facere
2400 1598 2494 1635 ordi-

272 1643 541 1680 ἀντικαθιστᾶν
576 1647 709 1690 ἕτερον,
745 1642 833 1678 ἄλλα
861 1658 910 1688 μη
941 1647 1028 1678 νέαν
1060 1645 1250 1698 ποιεῖσθαι
1282 1643 1351 1687 τὴν
1417 1645 1608 1680 nationem.
1667 1644 1726 1680 Sic
1761 1644 1872 1686 enim,
1907 1644 1989 1679 dum
2023 1653 2067 1679 ex
2100 1654 2160 1686 eo,
2185 1643 2281 1689 quod
2315 1644 2397 1689 plus
2429 1647 2494 1686 est,

271 1694 502 1735 χειροτονίαν.
551 1686 654 1725 oiim
677 1687 744 1736 γὰρ
765 1691 803 1723 ἐκ
826 1690 890 1723 τοῦ
914 1687 1186 1736 περιττεύοντοε
1208 1693 1262 1724 αεὶ
1284 1690 1348 1723 τοῦ
1362 1691 1404 1723 30
1418 1700 1556 1735 semper
1589 1691 1677 1732 hoc,
1715 1690 1809 1742 quod
1840 1689 1975 1732 defuit,
2009 1689 2193 1734 impletur,
2228 1689 2325 1724 bona
2359 1692 2395 1725 et
2429 1689 2495 1724 deo

273 1734 496 1770 ἐλλείποντος
523 1732 839 1782 ἇναπληρουμένου
870 1731 891 1778 ἡ
922 1733 1011 1778 καλή
1033 1748 1073 1769 τε
1095 1738 1155 1769 καὶ
1178 1733 1351 1780 θεοφιλὴς

272 1778 529 1824 ἐπιταθήσεται
551 1781 605 1824 τῷ
638 1777 711 1825 πρά
734 1793 822 1823 ματι
845 1783 1062 1826 συμμετρία,
1096 1777 1299 1815 κάντεῦθεν
1329 1777 1351 1823 ἡ

271 1823 452 1873 ἁγιωτάτη
520 1823 611 1872 γάλη
636 1827 695 1859 ἐκκ
718 1829 802 1867 ησιά
826 1823 919 1859 κατὰ
936 1824 1069 1881 μικρὸν
1091 1826 1170 1860 τῶν
1193 1822 1350 1871 ὀφλημά-

271 1884 348 1906 των
366 1839 669 1917 ἀπαλλῖιεγὴσεται.
716 1872 892 1917 ἐπείτοιγε
916 1883 946 1903 ει
965 1869 1007 1904 τὸ
1027 1872 1095 1914 μὲν
1119 1869 1242 1905 ἐνδέον
1264 1868 1350 1904 ἀνα-

1418 1735 1581 1771 amabilis
1605 1735 1799 1780 imponitur
1823 1745 1953 1770 causae
1983 1744 2167 1777 mensura,
2199 1735 2235 1770 et
2263 1733 2316 1770 sic
2345 1735 2494 1770 sanctis-

1418 1781 1508 1816 sima
1542 1781 1654 1816 maior
1689 1780 1841 1816 ecclesia
1885 1780 2057 1825 paulatim
2100 1779 2228 1815 debitis
2272 1779 2494 1818 liberabitur.

1418 1826 1587 1879 Alioquin
1619 1827 1650 1861 si
1681 1825 1777 1870 quod
1808 1825 1921 1861 defuit
1955 1825 2094 1869 quidem
2131 1824 2352 1870 compleatur
2382 1824 2494 1860 intro·

1420 1871 1647 1906 ductionibus
1671 1871 1860 1914 extraneis,
1885 1870 1981 1915 quod
2004 1880 2086 1905 vero
2109 1870 2190 1914 plus
2208 1873 2264 1905 est
2285 1880 2359 1906 non
2380 1870 2494 1905 minu-

273 1915 443 1970 ulqeqi‘to
475 1918 552 1970 ταῖς
579 1917 830 1962 ἐπειςαγωγαῖς
860 1918 938 1949 ταῖς
968 1915 1124 1957 ἔξωθεν,
1153 1914 1195 1950 τὸ
1220 1913 1260 1949 δὲ
1289 1927 1350 1949 πε·
1364 1917 1406 1949 35
1420 1921 1519 1958 atur,
1555 1919 1591 1951 et
1621 1916 1812 1960 plurimum
1842 1920 1877 1951 et
1906 1915 2128 1951 indefinitum
2157 1914 2308 1950 transiet
2343 1919 2494 1960 tempus,

273 1974 438 2010 ριττευον
467 1975 516 2005 μη
537 1963 694 2005 μειοῖτο,
723 1959 830 1995 πολύς
854 1973 894 1994 τε
916 1962 975 1994 καὶ
998 1958 1198 2007 ἀπέραντος
1221 1957 1351 1994 διελεύ-

271 2018 373 2041 σεται
405 2004 546 2053 χρόνος,
579 2007 646 2040 ἕως
675 2003 777 2040 ἅπαν
799 2003 842 2039 τὸ
873 2006 1084 2051 περιττεῦον
1113 2004 1352 2047 ἐλαττωθείη.

1422 1961 1537 1997 donec
1560 1971 1664 1997 omne
1688 1961 1783 2006 quod
1806 1961 1887 2005 plus
1911 1964 1967 1995 est
1991 1960 2179 1995 minuatur.

1463 2050 1726 2103 (Epilogus.)
1762 2050 1841 2085 Tua
1853 2049 1962 2094 igitur
1978 2050 2163 2086 beatitudo
2177 2059 2229 2092 ea,
2244 2060 2335 2096 quae
2348 2052 2495 2096 propter

316 2049 591 2105 <Ἐπίλογος.>
634 2047 681 2085 ‘H
698 2054 822 2085 τοίνυν
841 2049 1120 2107 σὴ)μακαριότηξ
1139 2050 1186 2105 τὰ
1206 2048 1265 2084 διὰ
1273 2049 1350 2104 ζτὴν

271 2099 348 2132 τῶν
381 2097 598 2144 αγιωτᾰτων
634 2094 832 2138 ἐκκλησιῶν
868 2094 1046 2141 ωφελειαν
1083 2107 1229 2130 εικοτως
1263 2098 1348 2139 ημῖν
1417 2095 1723 2130 sanctissimarum
1759 2096 1987 2131 ecelesiarum
2024 2095 2216 2130 utilitatem
2256 2099 2353 2130 recte
2393 2096 2494 2132 nobis

270 2170 388 2201 ratam
421 2176 497 2201 esse
525 2169 563 2200 et
584 2164 684 2200 omni
706 2164 740 2200 vi
769 2175 838 2199 sua
867 2163 987 2200 valere
1018 2163 1187 2199 iubemus.
1235 2163 1412 2206 Quoniam
1443 2174 1528 2199 vero
1554 2165 1788 2210 propositum
1819 2163 1922 2198 nobis
1953 2168 2025 2205 est,
2061 2167 2102 2197 ut
2131 2162 2382 2198 ordinationes
2410 2174 2493 2198 con-

272 2211 458 2247 trahamus
481 2214 591 2256 atque
613 2209 697 2245 inde
725 2209 974 2244 sanctissimae
1004 2219 1158 2254 maqnae
1180 2208 1352 2243 ecclesiae
1380 2209 1528 2243 nimium
1556 2213 1738 2254 sumptum
1762 2208 1811 2243 ad
1840 2207 2065 2243 moderatam
2090 2207 2273 2253 quandam
2296 2213 2333 2243 et
2363 2208 2493 2243 tolera-

270 2256 373 2292 bilem
408 2255 615 2302 rediqamus
653 2255 908 2300 quantitatem,
944 2264 1016 2299 quo
1051 2252 1244 2288 multitudo
1280 2257 1485 2298 sumptuum
1515 2253 1551 2288 ei
1584 2254 1788 2288 minuatur:
1820 2256 2021 2299 propterea
2064 2263 2202 2287 omnem
2236 2254 2494 2287 circumeuntes

271 2303 363 2337 viam
383 2301 489 2337 etiam
513 2299 563 2335 ad
581 2303 808 2346 praesentem
831 2298 944 2345 leqem
966 2298 1211 2344 pervenimus,
1244 2296 1527 2343 haudquaquam
1550 2297 1649 2332 illam
1673 2297 1850 2333 diversam
1873 2309 1896 2332 a
1924 2298 2070 2342 priore,
2102 2296 2167 2332 sed
2189 2307 2240 2333 ex
2262 2296 2385 2333 eodem
2408 2307 2488 2332 con-

269 2346 352 2382 silio
379 2350 508 2387 ortam,
531 2355 697 2391 quaeque
719 2343 775 2379 vel
790 2343 880 2390 plus
900 2342 1075 2390 prodesse
1097 2342 1346 2378 sanctissimae
1368 2353 1427 2377 ma
1454 2353 1522 2377 nae
1546 2342 1717 2377 ecclesiae
1734 2343 1863 2388 possit.

404 2390 432 2426 Ῑ.
481 2389 671 2426 Sancimus
690 2389 795 2430 enim,
815 2389 850 2424 si
870 2388 909 2423 in
923 2387 1161 2423 sanctissimis
1178 2387 1342 2433 ¹ecclesiis
1391 2388 1430 2422 ui
1452 2386 1590 2429 usdam,
1614 2398 1768 2433 quarum
1792 2386 2141 2422 administrationem
2159 2390 2195 2422 et
2209 2386 2389 2433 impensas
2406 2385 2494 2422 haec

269 2435 496 2472 sanctissima
519 2445 654 2481 maqna
677 2433 827 2469 ecclesia
850 2433 1026 2480 suscepit,
1058 2432 1202 2468 accidat
1224 2436 1266 2468 ut
1282 2443 1373 2479 pres
1390 2436 1477 2478 yter
1495 2430 1551 2468 vel
1573 2431 1750 2468 diaconus
1776 2431 1832 2468 vel
1855 2431 1969 2467 lector
1997 2431 2053 2467 vel
2078 2435 2207 2467 cantor
2230 2431 2419 2474 moriatur,
2450 2442 2492 2467 ne

269 2483 390 2518 statim
414 2480 507 2517 alter
529 2480 758 2516 extrinsecus
780 2478 1047 2521 introducatur,
1075 2477 1140 2514 sed
1160 2480 1354 2524 spectetur,
1386 2481 1545 2523 quantus
1569 2481 1654 2513 tunc
1684 2478 1731 2513 sit
1753 2487 1923 2513 numerus
1952 2476 2208 2523 reliqiosorum
2257 2476 2297 2511 ui
2317 2475 2368 2511 ibi
2393 2476 2494 2511 mini-

270 2530 390 2563 strant
412 2526 635 2562 clericorum.
684 2523 736 2560 Et
756 2524 792 2559 si
812 2523 956 2577 quidem
986 2523 1199 2559 clericorum
1221 2533 1391 2558 numerus
1413 2519 1573 2558 nondum
1602 2523 1651 2558 sit
1679 2522 1899 2564 deminutus,
1932 2520 1998 2557 sed
2027 2520 2147 2557 adhuc
2177 2532 2217 2557 re
2245 2520 2354 2556 undet
2381 2532 2494 2567 quan-

271 2577 344 2608 tum
367 2571 417 2607 ad
437 2570 581 2607 modum
604 2581 628 2605 a
652 2569 840 2621 principio
864 2568 1051 2614 definitum
1082 2572 1118 2604 et
1145 2571 1319 2603 statutum
1369 2566 1443 2603 uod
1468 2571 1638 2603 vocatur:
1667 2567 1770 2603 nulla
1793 2567 1865 2612 fiat
1885 2566 1924 2601 in
1944 2567 2021 2602 eius
2044 2566 2162 2601 locum
2187 2565 2369 2602 ordinatio
2395 2570 2493 2601 ante-

270 2628 378 2664 quam
400 2626 572 2652 numerus
594 2616 671 2662 ipse
694 2618 881 2650 restitutus
901 2614 958 2649 sit.
1006 2612 1051 2648 Si
1072 2623 1158 2649 vero
1181 2612 1325 2648 multitu
1353 2623 1374 2647 o
1397 2611 1581 2648 deminuta
1604 2613 1669 2654 sit,
1690 2613 1743 2647 ita
1765 2615 1806 2647 ut
1827 2621 1970 2647 necesse
1991 2611 2050 2653 sit,
2074 2621 2120 2646 ne
2142 2610 2286 2655 deficiat
2308 2614 2492 2652 statutum,

271 2663 425 2699 alterum
451 2662 531 2697 loco
558 2660 724 2706 defuncti
753 2659 939 2694 introduci
960 2658 1147 2700 clericum,
1180 2657 1299 2694 videat
1321 2656 1503 2693 beatitudo
1529 2661 1609 2700 tua,
1642 2668 1726 2692 num
1750 2656 1831 2703 quis
1853 2657 1902 2691 sit
1924 2656 1963 2707 in
1985 2655 2136 2701 reliquis
2158 2655 2317 2706 ecclesiis
2344 2661 2494 2701 praeter

269 2707 530 2744 sanctissimam
553 2715 723 2752 maqnam
746 2704 931 2740 ecclesiam
955 2713 1246 2750 supervacaneus
1272 2702 1429 2738 eiusdem
1462 2701 1601 2738 ordinis
1623 2701 1794 2744 clericus,
1823 2704 1860 2737 et
1881 2700 1982 2736 illinc
2005 2700 2157 2736 alterum
2187 2699 2399 2743 substituat,
2427 2711 2494 2736 nec

271 2764 355 2789 vero
385 2763 481 2788 nova
508 2751 578 2797 fiat
602 2749 797 2786 ordinatio.
845 2747 906 2784 Ita
937 2751 1048 2791 enim,
1079 2759 1158 2783 cum
1187 2758 1237 2784 ατ
1267 2758 1310 2783 eo
1342 2746 1442 2793 quod
1467 2746 1650 2783 redundat
1683 2757 1824 2798 semper
1854 2745 1895 2780 id
1923 2744 2023 2791 quod
2049 2744 2170 2797 deficit
2198 2744 2424 2825 Sffiplfamr’
2441 2750 2492 2798 ,ει

269 2797 427 2845 pulchra
448 2799 483 2832 et
506 2796 572 2832 deo
596 2799 706 2841 qrata
728 2794 783 2830 rei
805 2794 1031 2840 impertietur
1056 2793 1312 2839 conqruentia:
1346 2796 1454 2839 atque
1477 2791 1560 2828 inde
1583 2791 1815 2827 sanctissima
1838 2801 1972 2836 maqna
1995 2790 2144 2825 ecclesia
2163 2801 2217 2836 pa
2257 2793 2344 2826 atim
2366 2789 2492 2826 debitis

271 2842 497 2879 liberabitur:
520 2840 659 2894 alioqui
681 2840 715 2875 si
736 2838 775 2874 id
797 2839 896 2885 quod
918 2838 1018 2874 deest
1039 2839 1227 2874 extraneis
1245 2837 1463 2874 introductis
1478 2836 1706 2884 suppleatur,
1734 2835 1835 2888 quod
1856 2839 1976 2886 autem
1998 2834 2179 2871 redundat
2201 2845 2275 2870 non
2298 2835 2491 2876 minuatur,

271 2889 418 2935 tonqum
441 2890 477 2922 et
499 2886 677 2931 infinitum
702 2888 839 2931 tempus
864 2883 1041 2926 transibit,
1065 2883 1177 2919 donec
1201 2894 1305 2919 omne
1327 2881 1427 2929 quod
1448 2881 1628 2918 redundat
1651 2881 1876 2916 imminutum
1898 2884 1955 2914 szt.
2026 2911 2029 2915 ,

408 2931 492 2978 Epi
500 2931 515 2966 l
521 2942 543 2967 ο
551 2941 644 2977 qus.
694 2929 770 2965 Tua
792 2929 907 2975 iqitur
929 2928 1123 2971 beatitudo,
1147 2939 1243 2975 quae
1258 2932 1418 2975 propter
1439 2926 1753 2963 sanctissimarum
1776 2924 2006 2962 ecclesiarum
2029 2924 2218 2960 utilitatem
2241 2925 2367 2961 merito
2390 2923 2493 2960 nobis

1464 3021 1477 3053 1
1505 3017 1699 3058 secundum]
1724 3016 1796 3050 set?
1816 3015 1865 3050 V¹
1884 3015 1897 3059 11
1912 3026 2003 3049 suam
2028 3029 2087 3051 om.
2110 3016 2143 3050 V
2158 3015 2172 3060 11
2190 3017 2210 3049 2
2234 3015 2330 3048 nobis
2350 3014 2492 3048 intentio

1417 3064 1450 3097 R
1476 3063 1489 3107 11
1511 3065 1531 3096 3
1555 3063 1647 3104 hinc]
1672 3062 1752 3095 huic
1770 3061 1850 3104 (hue
1872 3061 1936 3102 R¹)
1960 3062 2067 3095 RVT
2087 3060 2100 3105 11
2121 3062 2140 3094 5
2166 3060 2350 3103 *statuereJ
2371 3061 2491 3093 statum

1417 3119 1575 3151 quaerere
1587 3106 1718 3151 RVTn
1736 3109 1756 3141 6
1780 3106 1811 3140 ei
1834 3105 2014 3139 multitudo
2031 3106 2066 3139 R
2083 3106 2096 3149 11
2112 3108 2129 3139 7
2151 3105 2410 3139 circumeuntem
2428 3105 2492 3146 3⁰,

1417 3155 1660 3187 circumeuntes
1682 3152 1789 3196 suppl.
1809 3150 1859 3186 V'
1882 3153 1915 3185 in
1939 3164 2005 3184 ras.
2035 3150 2048 3195 11
2077 3153 2097 3185 8
2125 3150 2213 3184 nihil
2236 3151 2381 3192 quidem]
2405 3150 2492 3192 quod

1416 3198 1504 3231 nihil
1515 3198 1571 3243 711
1588 3198 1781 3231 existentem
1798 3204 1829 3231 et
1846 3197 1866 3230 9
1881 3196 2111 3239 procedentem
2127 3196 2212 3247 vulq.
2231 3194 2385 3240 Rpriores
2402 3197 2435 3228 et
2452 3205 2490 3227 ex

1418 3243 1489 3276 cius
1509 3242 1732 3286 procendente
1752 3242 1787 3276 V
1808 3240 1822 3284 Ι
1851 3242 1889 3276 12
1913 3242 2018 3274 maior
2041 3241 2246 3274 sanotissma
2267 3239 2302 3274 R
2327 3239 2341 3283 1
2374 3240 2411 3273 17
2435 3238 2490 3271 de-

1417 3287 1672 3321 monstrantium
1696 3287 1730 3320 R
1745 3286 1758 3330 11
1785 3287 1824 3321 18
1849 3287 1883 3320 et
1904 3287 1932 3319 si
1956 3306 2000 3310 —
2023 3285 2218 3319 clericorum
2241 3297 2299 3319 om.
2320 3284 2382 3324 17²,
2411 3284 2487 3316 add.

1426 3333 1476 3367 V²
1498 3335 1531 3367 in
1554 3346 1615 3377 my.
1635 3331 1648 3376 11
1669 3334 1707 3366 19
1727 3341 1881 3365 mensura
1899 3333 1959 3372 est]
1980 3333 2028 3364 est
2050 3341 2202 3364 mensura
2224 3330 2273 3363 est
2293 3326 2371 3372 11²1
2388 3328 2431 3362 20
2455 3328 2489 3360 id

1418 3377 1519 3422 quod]
1550 3377 1617 3410 hoc
1641 3377 1693 3410 R⁰
1719 3377 1732 3421 11
1754 3378 1795 3411 21
1821 3378 1963 3410 statutus
1995 3375 2084 3417 VR⁶J
2115 3374 2274 3409 statuitur
2293 3372 2344 3406 R·
2366 3373 2403 3415 (i.
2426 3382 2488 3405 nu-

1417 3432 1527 3456 merus
1546 3422 1596 3455 R²
1619 3435 1645 3456 s.
1665 3423 1707 3463 υ.)
1737 3420 1750 3467 11
1775 3432 1837 3465 pro
1858 3432 1897 3454 eo
1920 3421 1992 3454 fieri
2014 3421 2079 3464 711
2108 3420 2151 3453 22
2174 3417 2454 3470 numeremusV¹
2474 3416 2489 3482 fl

1418 3469 1455 3501 in
1485 3469 1587 3500 semet
1613 3467 1771 3508 Boakias]
1797 3468 1830 3500 et
1853 3465 1890 3499 in
1917 3465 2061 3499 remedio
2083 3463 2175 3499 RV¹
2206 3472 2244 3496 ιιι
2273 3461 2416 3495 remedio
2436 3461 2464 3495 V

320 3027 335 3059 1
362 3025 422 3057 καὶ
444 3023 585 3068 καίριον
605 3022 675 3065 (sic)
695 3022 725 3054 L
742 3020 754 3066 11
774 3023 793 3055 2
818 3016 1106 3064 παρακελεύομεν
1120 3020 1154 3053 Β
1169 3018 1182 3064 11
1201 3017 1241 3053 δὲ
1259 3019 1349 3060 ΜΒ]

273 3071 332 3104 και
355 3070 388 3103 L
440 3066 486 3117 ἀρ
508 3069 539 3102 Α
565 3067 578 3113 n
604 3069 625 3101 4
649 3064 689 3100 δὲ
713 3066 826 3106 LAB]
851 3065 891 3099 τε
917 3066 961 3098 Μ
984 3064 997 3109 n
1026 3069 1044 3099 5
1068 3066 1116 3106 τι]
1142 3077 1182 3098 τε
1204 3063 1350 3098 M⁰L⁶B

274 3081 460 3159 Nomoc.I11
483 3116 504 3149 6
526 3109 571 3146 ἂν
594 3110 649 3154 τὸ]
674 3108 761 3145 αὐτὸ
786 3112 817 3144 L
840 3110 852 3153 11
871 3106 979 3153 αὐτῆς
1001 3111 1032 3143 A
1047 3110 1060 3154 11
1078 3111 1099 3143 9
1123 3106 1240 3151 οὐδὲν]
1266 3105 1285 3142 ὁ
1310 3106 1351 3142 δὲ

274 3161 321 3194 L·
344 3156 428 3194 mide
452 3159 499 3193 L²
514 3158 527 3204 11
549 3160 585 3192 11
611 3155 768 3203 μεγάλην
792 3169 848 3189 om.
870 3157 901 3189 A
927 3154 940 3199 11
965 3155 1092 3198 ανῆσαι
1115 3156 1165 3188 At·
1186 3154 1198 3198 11
1228 3156 1267 3189 13
1290 3166 1349 3198 με·

272 3203 362 3252 γάλη
387 3218 445 3240 om.
458 3204 517 3247 Lss
539 3205 578 3238 14
603 3200 727 3243 εἵλετο]
753 3202 898 3246 παρέχει
921 3200 953 3233 εἰ
965 3199 1024 3244 Au
1046 3202 1085 3234 15
1110 3196 1351 3245 ἀναγνώστην

275 3248 296 3293 ἢ
319 3264 378 3285 om.
402 3250 453 3284 A⁰
471 3247 484 3294 ΙΙ
504 3251 542 3283 16
565 3244 676 3282 εὐθὺς
700 3260 757 3280 om.
777 3247 829 3280 B⁰
847 3246 859 3290 11
879 3248 915 3280 17
940 3240 1028 3279 ὅσον
1046 3245 1078 3278 A
1096 3244 1108 3289 11
1127 3246 1166 3279 18
1197 3241 1349 3290 λειτουρ-

274 3297 460 3342 γουμένων
478 3294 519 3347 ,Β
542 3294 554 3336 11
573 3288 848 3347 εῇλαβεστάτων
872 3303 930 3346 om.
955 3289 1008 3323 Rs
1021 3288 1035 3334 11
1055 3291 1094 3324 19
1118 3286 1220 3323 οὔπω
1241 3286 1282 3322 τὸ
1307 3308 1349 3342 -Ι-

274 3331 1349 3431 ‘5225ssfiscani‘m’ffiszssm.222222612‘333323

279 3430 309 3462 L
323 3429 340 3482 11
355 3432 390 3463 21
420 3425 505 3463 ἄντ’
532 3425 643 3462 αὐτοῦ
666 3441 723 3462 om.
743 3428 774 3460 A
791 3429 802 3468 11
821 3428 862 3459 22
889 3421 1000 3458 αὐτὸν
1015 3425 1047 3458 A
1062 3423 1075 3470 11
1094 3426 1136 3458 24
1159 3421 1231 3465 διὰ]
1258 3434 1351 3457 mon

278 3472 338 3506 δια
352 3474 409 3516 Lss
428 3476 470 3509 25
494 3471 658 3520 κληρικοῦ
673 3473 709 3506 Β
728 3469 858 3515 κλῆρον
878 3469 1030 3504 Nomoc.‘¹
1076 3472 1119 3504 25
1131 3483 1180 3514 sq.
1202 3471 1352 3503 σκοπεῖν
1936 3512 1941 3518 .
2199 3507 2208 3514 ι
2357 3505 2366 3514 ·

278 3515 346 3560 τὴν
361 3517 427 3560 σὴν
441 3517 698 3565 μακαριότητα,
718 3513 860 3550 καὶτὸν
877 3513 966 3548 ὄντα
987 3515 1027 3548 ἐν
1067 3512 1207 3548 lauacri
1225 3512 1237 3558 11
1254 3515 1307 3547 26’
1321 3512 1357 3547 εἴ
1418 3513 1503 3556 vulq.
1531 3510 1545 3557 11
1574 3511 1585 3544 i
1610 3513 1657 3553 so]
1683 3513 1698 3545 1
1720 3511 1831 3555 priore
1856 3509 1905 3545 V'
1929 3524 1962 3544 tn
1986 3523 2048 3555 my.
2115 3509 2158 3542 24
2181 3508 2238 3559 nt]
2258 3509 2318 3559 ’est
2339 3508 2384 3539 sit
2403 3506 2454 3539 V¹

220 3567 229 3573 “
278 3564 342 3603 τις]
366 3558 388 3604 ἦ
406 3573 459 3596 τις
483 3562 633 3597 Νοηιοο.σι
648 3562 660 3604 ΙΙ
678 3559 809 3603 ἄλλαις]
830 3556 852 3594 ἆ
876 3562 944 3593 tais
967 3558 1146 3604 Nomocflfl
1164 3560 1206 3594 28
1231 3569 1350 3605 περιτ-
1417 3558 1522 3590 status
1544 3556 1593 3601 71
1617 3558 1658 3591 27
1681 3556 1849 3591 ecelesiam
1873 3568 1931 3590 om.
1953 3554 2013 3600 Ru
2029 3554 2073 3588 ha
2094 3550 2386 3604 undantmusdem·
2403 3551 2455 3584 Va

277 3605 342 3642 τὸν
367 3608 398 3640 Α
427 3606 440 3651 11
466 3606 528 3650 κλη
554 3605 642 3650 ικόν,
672 3602 772 3640 κάκεῖ
792 3603 838 3639 ἄλ
882 3603 951 3638 θεν
973 3605 1106 3650 ἕτερον,
1130 3606 1189 3638 καὶ
1212 3601 1261 3658 μη
1284 3605 1315 3637 A
1338 3601 1352 3647 Β
1418 3604 1461 3637 30
1484 3612 1576 3645 seper
1598 3601 1632 3635 R
1657 3601 1670 3643 11
1691 3600 1807 3635 defluit
1826 3601 1861 3635 V
1917 3600 1990 3642 deo]
2011 3594 2086 3633 ideo
2108 3597 2157 3631 Β*
2186 3596 2200 3639 11
2223 3597 2263 3630 31
2289 3595 2404 3629 amalis
2424 3595 2458 3629 R

278 3654 324 3686 29
347 3649 414 3693 τὴν
438 3665 496 3686 om.
575 3653 588 3694 11
612 3654 650 3686 31
678 3647 699 3694 ἦ
724 3652 889 3686 delendum
915 3650 1042 3684 videtur
1061 3650 1131 3694 1133
1155 3650 1218 3683 τοῦ
1243 3645 1351 3694 οφλή-
1419 3648 1461 3682 32
1482 3646 1619 3690 palatim
1642 3646 1692 3680 11¹
1702 3645 1750 3681 V¹
1797 3647 1838 3680 33
1906 3644 1989 3687 quin
2006 3642 2057 3677 Β*
2080 3640 2094 3686 Ι
2115 3641 2205 3683 quod
2227 3641 2260 3674 R
2283 3642 2381 3685 vuly]
2406 3651 2463 3683 qux

278 3705 390 3741 pavos
402 3698 431 3730 Δ
446 3696 460 3740 11
479 3698 519 3730 35
541 3698 619 3730 ταῖς
633 3695 775 3736 ἔξωθεν
790 3696 1063 3742 ἑπιισαγωγαῖι·
1087 3692 1131 3729 τὸ
1145 3696 1175 3727 A
1191 3694 1204 3740 1
1223 3695 1266 3729 36
1288 3692 1353 3739 μὴ]
1426 3690 1512 3735 7Τ11
1530 3690 1676 3743 quidem]
1694 3699 1739 3733 qu
1797 3689 1852 3734 71
1870 3691 1914 3725 34
1933 3688 2022 3767 ἓν]
2039 3684 2095 3730 pl·
2113 3685 2163 3720 7Ι
2180 3685 2397 3730 'minuatum
2410 3686 2462 3719 R·
2475 3685 2488 3731 11

279 3737 321 3775 οὖ
344 3742 377 3775 Δ
1419 3738 1461 3772 35
1482 3738 1515 3770 et
1536 3735 1718 3779 plurimum
1740 3734 1786 3776 R]
1807 3737 1840 3768 et
1862 3746 1921 3769 οιιι.
1991 3731 2078 3776 vulq-
