2586 3990
162 127 400 160 MONACHOS
429 130 593 161 VIVERE

1229 115 1312 164 669

1906 122 2012 165 Nov.
2045 120 2265 165 CXXXIII
2295 123 2331 163 2.
2364 124 2387 164 3

1159 252 1318 289 CAPUT
1342 254 1387 288 11.

221 328 369 365 Ἔπειτα
393 327 461 364 κᾶν
485 331 516 364 εἰ
538 329 586 374 μή
611 344 663 366 τις
689 332 855 375 ἐκκλησία
878 333 969 367 κατὰ
995 333 1037 367 τὸ
1062 332 1239 378 μοναστή-

162 389 240 420 ριον
264 375 326 418 εἴη,
348 372 439 419 μηδὲ
462 373 575 410 οὕτως
599 376 775 423 προφάσει
801 379 878 412 τῶν
903 377 1100 421 ἐκκλησιῶν
1123 380 1239 424 ἐκφοι-

129 452 137 460 ,
162 422 232 455 τᾶν
263 418 393 462 ἀδεῶς,
425 417 448 464 ἢ
482 424 540 454 καὶ
573 422 789 467 περιπάτους
820 425 932 457 ἐκεῖσε
962 424 1151 458 ποιεῖσθαι
1182 427 1241 457 καὶ

163 466 389 512 ἐντυγχάνειν
421 469 518 500 τισὶν
549 466 599 500 οἷς
630 466 670 501 οὐ
704 470 889 513 προςῆκον,
927 465 1017 502 ἀλλὰ
1049 472 1240 522 παιραγίνε-

1379 332 1515 368 Deinde
1546 332 1600 368 vel
1636 333 1667 368 si
1695 333 1796 368 nulla
1832 334 1983 369 ecclesia
2016 334 2053 369 in
2085 334 2300 370 monasterio
2332 335 2389 377 sit,

1312 388 1424 422 neque
1448 379 1498 412 sic
1523 378 1711 413 occasione
1733 379 1964 414 ecclesiarum
1987 379 2104 423 egredi
2128 379 2199 425 <et>
2221 380 2388 416 deambu-

1311 423 1460 458 lationes
1484 423 1605 459 illicite
1629 423 1701 459 illic
1725 424 1845 460 facere
1861 428 1896 460 et
1915 425 2140 460 confabulari
2165 436 2244 460 cum
2261 426 2390 469 quibus

1310 479 1382 503 non
1407 469 1585 511 convenit,
1618 469 1680 504 sed
1704 469 1822 505 venire
1847 469 1986 514 quidem
2014 472 2174 514 tempore
2206 471 2300 506 sacri
2324 471 2389 506 mi-

162 511 255 545 σθαι
278 512 343 552 μὲν
368 511 406 565 ἐν
430 513 484 553 τῷ
508 514 620 567 καξρῷ
646 515 708 556 τῆς
724 513 820 567 ἱερας
842 512 1057 558 λειτουργίας
1081 528 1155 558 αμα
1186 515 1238 556 τῷ
1278 513 1444 549 {misterii
1486 524 1566 549 cum
1601 514 1732 549 abbate
1774 514 1918 559 suisque
1951 515 2128 560 prioribus
2165 519 2200 551 et
2233 516 2389 558 senibus,

161 554 345 599 ἡγουμένῳ
378 570 399 598 η
431 558 503 590 τοῖς
524 560 646 592 αυτῶν
678 562 905 604 πρωτευουσί
933 573 971 592 τε
1003 563 1062 592 καὶ
1092 572 1240 606 γεγηρα-

160 600 258 642 κόσι,
281 602 344 651 τῆς
366 599 404 634 δὲ
420 600 637 648 λειτουργίας
661 603 912 648 πληρωθείσης
939 604 981 637 τὸ
1007 607 1073 644 μὲν
1095 617 1240 648 μοναχι-

160 645 227 679 κὸν
263 642 364 680 ἁπαν
400 647 508 680 αὖθις
544 650 604 683 ἐπὶ
638 649 680 682 τὸ
717 647 900 693 κοινόβιον
939 653 1068 693 χωρεῖν
1103 646 1241 683 κάκεῖσε

160 690 366 733 καθῆσθαι,
397 695 456 725 καὶ
486 692 553 726 τόν
582 707 620 727 τε
643 697 755 740 μέγαν
785 692 953 727 ἱκετεύειν
977 694 1072 728 θεὸν
1103 697 1179 728 ταῖς
1202 707 1241 727 τε

1310 559 1557 604 sacrificioque
1600 559 1774 603 completo
1818 570 1938 595 omnes
1981 561 2145 595 monachi
2184 571 2308 596 rursus
2344 561 2390 596 ad

1311 604 1521 639 coenobium
1556 606 1783 639 revertantur
1819 605 1939 649 ibique
1974 606 2120 641 sedeant
2157 616 2390 651 magnumque

1311 649 1414 684 deum
1439 650 1614 684 honorent
1638 654 1673 684 et
1697 650 1806 684 sacris
1832 650 2019 694 scripturis
2043 650 2263 687 incumbant.
2304 652 2388 686 Plu-

1310 694 1418 730 rimus
1449 695 1569 739 itaque
1601 697 1655 729 est
1685 695 1809 729 talium
1840 695 2010 730 librorum
2043 696 2184 738 chorus,
2217 699 2252 731 et
2275 696 2389 741 possi-

160 737 280 770 θείαις
310 736 540 782 ἐντυγχάνειν
571 742 731 792 γραφαῖς.
779 738 887 774 πολὺς
909 739 978 784 γὰρ
1002 737 1022 773 ὁ
1049 739 1141 782 ἱερὸς
1164 741 1240 774 τῶν
1258 741 1295 772 10
1310 739 1380 774 bile
1417 743 1471 775 est
1502 739 1623 774 unicui
1650 749 1694 774 ue
1733 740 1886 774 animam
1924 740 2100 783 corrigere
2136 744 2242 786 atque
2276 742 2390 785 rigare

160 780 337 815 τοιούτων
367 781 523 826 βιβλίων
546 796 662 828 χορος,
695 787 755 817 καὶ
785 782 936 818 δυνατός
966 786 1066 818 ἐστιν
1090 783 1240 818 ἑκάστου

160 827 228 869 τὴν
260 827 377 880 ψυχὴν
407 829 642 872 ἐπανορθοῦν
673 832 732 862 καὶ
757 828 927 874 ἐπάρδειν
956 832 1028 863 τοῖς
1058 829 1160 874 ἱεροῖς
1184 829 1237 862 λο-

159 875 258 917 γίοις,
290 869 384 917 ἅπερ
415 874 446 906 εἰ
477 874 631 916 συνεχῶς
659 871 953 920 ἇναγινῶσκοιεν,
986 870 1048 908 οὐκ
1072 873 1119 908 ἄν
1151 886 1239 908 ποτε

161 916 329 961 σφαλεῖεν
353 915 436 951 οὐδὲ
456 919 502 952 εἰς
521 916 763 966 ἀνθρωπίνας
786 920 1038 962 κατενεχθεῖεν
1056 923 1237 964 μερίμνας.

1310 785 1432 829 sacris,
1457 794 1547 829 quae
1571 785 1601 819 si
1641 788 1831 828 requenter
1854 785 1986 829 legerit,
2013 796 2194 830 nunquam
2214 786 2390 830 decipitur

1309 840 1375 865 nec
1405 830 1450 865 ad
1474 830 1648 864 humanas
1677 830 1868 865 descendet
1896 830 2164 866 sollicitudines.
2214 831 2391 875 Quattuor

1310 877 1427 910 autem
1452 876 1506 910 vel
1530 875 1683 920 quinque
1707 875 1864 911 seniores
1895 885 1940 911 ex
1969 876 2047 920 ipso
2073 876 2287 911 monasterio
2312 886 2391 911 esse

1309 920 1346 955 in
1370 920 1575 955 monasterii
1599 921 1792 956 constituta
1815 920 1981 962 ecclesia,
2015 921 2143 966 quibus
2174 921 2244 956 iam
2276 922 2390 957 omnis

160 966 334 1013 rf'ocaqac
366 961 405 996 δὲ
427 961 450 1006 ἢ
474 967 582 998 πέντε
606 964 810 1008 πρεσβύτας
841 966 877 998 ἐκ
909 966 971 1007 τῆς
996 961 1105 1008 αὐτῆς
1129 966 1240 1007 μονῆς
1259 967 1294 998 15
1309 966 1515 1001 exercitatio
1552 968 1606 1000 est
1641 966 1781 1010 expleta
1812 967 1849 1001 in
1881 966 2100 1002 continentia
2135 969 2170 1002 et
2205 966 2265 1011 qui
2295 967 2389 1002 ordi-

160 1014 251 1040 εἰναι
276 1007 366 1042 κατὰ
388 1007 457 1051 τὴν
481 1010 520 1043 ἐν
543 1010 596 1052 τῷ
612 1013 843 1054 μοναστηρίῳ
870 1010 1113 1044 καθεστῶσαν
1133 1007 1239 1056 ἁγιω-

159 1052 275 1096 τάτην
299 1052 497 1096 ἐκκλησίαν,
531 1053 581 1088 οἷς
609 1053 677 1098 ἤδη
696 1056 775 1089 -πᾶς
799 1053 901 1100 ἀγών
932 1053 1119 1098 διήνυσται
1146 1053 1239 1089 κατὰ

159 1097 226 1138 τὴν
243 1097 394 1141 ἄσκησιν
416 1101 475 1131 καὶ
491 1100 593 1145 οἵπερ
616 1103 831 1145 χειροτονίας
854 1097 1028 1143 ἠξίωνται
1051 1102 1112 1144 τῆς
1131 1101 1169 1133 ἐν
1185 1101 1237 1142 τῷ

159 1142 290 1186 κλήρῳ,
314 1147 569 1188 πρεσβυτέρων
587 1145 697 1199 τυχρν
721 1143 743 1188 ἢ
763 1143 946 1200 διακόνων
969 1143 992 1189 ἢ
1015 1147 1092 1180 τῶν
1115 1145 1240 1190 ἐφεξῆς

1309 1011 1491 1046 nationem
1521 1011 1653 1046 habere
1684 1015 1888 1046 meruerunt
1917 1011 1954 1046 in
1980 1012 2073 1047 clero
2105 1013 2390 1057 presbyterorum

1309 1057 1431 1091 forsan
1477 1059 1540 1091 aut
1586 1057 1817 1092 diaconorum
1863 1058 1927 1092 aut
1971 1057 2138 1101 deinceps
2184 1058 2390 1093 habentium

1309 1101 1460 1136 schema.
1510 1101 1606 1136 Dicti
1637 1112 1788 1147 namque
1819 1104 1856 1137 et
1885 1103 2214 1146 supervenientibus
2244 1103 2388 1147 loquen-

1308 1149 1368 1181 tur
1391 1150 1428 1181 et
1452 1147 1495 1182 de
1518 1147 1643 1182 divinis
1668 1147 1814 1192 eloquiis
1839 1147 2082 1192 disputabunt,
2111 1151 2146 1183 et
2170 1148 2290 1201 putari
2314 1158 2387 1183 om-

158 1192 297 1243 e'xqmes
322 1190 448 1232 σχῆμα.
496 1189 595 1224 οὗτοι
618 1204 687 1236 γαρ
711 1193 770 1224 καὶ
790 1194 863 1225 τοῖς
887 1194 1159 1236 αφικνουμένοις
1183 1192 1238 1225 έν-
1253 1193 1294 1225 20
1308 1202 1371 1227 nes
1397 1202 1474 1227 esse
1496 1193 1587 1228 tales
1611 1193 1869 1237 procurabunt,
1894 1196 1930 1228 et
1947 1193 2150 1229 custodient
2173 1197 2390 1228 iuventutem

158 1234 349 1274 τευξονται
382 1237 441 1267 καὶ
467 1235 511 1269 τὰ
532 1236 570 1268 ἐκ
595 1237 672 1269 τῶν
696 1236 815 1270 θείων
839 1233 1064 1277 διαλέξονται
1086 1237 1239 1284 γραφῶν

159 1282 218 1312 καὶ
248 1279 465 1323 νομίζεσθαι
498 1280 638 1315 πάντας
673 1281 765 1315 εἶναι
798 1280 979 1316 τοιούτους
1014 1281 1239 1327 παρασκευά-

159 1336 259 1358 σουσι
294 1328 353 1358 καὶ
386 1324 579 1369 φυλάξουσι
611 1325 679 1361 τὸν
711 1326 816 1371 ἱερὸνΔ
840 1326 949 1372 οἶκον,
985 1327 1053 1370 τὴν
1085 1326 1240 1370 νεότητα

158 1369 438 1414 θρασυνομένην
469 1374 529 1404 καὶ
557 1372 634 1405 τῶν
659 1371 801 1406 οἰκείων
825 1368 923 1417 ὅρων
956 1373 1088 1413 ἐξιέναι
1115 1370 1238 1417 βουλο-

157 1417 269 1458 μένην
294 1412 365 1450 ὑπὸ
391 1417 452 1458 τῆς
476 1421 661 1462 καρτερίας
686 1418 880 1460 ἐπέχοντες.

1308 1237 1596 1272 exardescentem
1626 1241 1660 1273 et
1684 1249 1768 1274 suos
1791 1238 1961 1274 terminos
1987 1238 2082 1275 exire
2105 1239 2281 1275 volentem
2305 1249 2390 1274 con-

1307 1282 1458 1318 tinentia
1482 1283 1699 1319 detinebunt.

1148 1552 1307 1589 CAPUT
1331 1552 1395 1587 III.

228 1626 298 1664 Οὐκ
323 1627 552 1663 εἰςελεύσεται
583 1627 622 1663 δὲ
652 1628 735 1664 οὔτε
765 1630 854 1677 γυνὴ
887 1630 1073 1667 παντελῶς
1104 1633 1151 1666 εἰς
1175 1631 1237 1667 ἆν-

157 1674 282 1719 δρικὸν
303 1673 548 1719 μοναστήριον
577 1673 660 1708 οὔτε
685 1672 777 1721 ἀνὴρ
801 1678 848 1711 εἰς
869 1680 1073 1723 γυναικεῖον
1102 1676 1127 1719 ἢ
1152 1691 1238 1723 προ-

156 1720 264 1774 φάσει
287 1718 565 1762 τελευτήσαντος
588 1716 729 1754 κάκεῖσε
752 1724 914 1766 κειμένου
934 1719 1075 1776 μνήμης
1099 1720 1122 1765 ἢ
1145 1723 1238 1757 κατὰ

156 1763 220 1798 αλλ
245 1778 267 1798 ν
298 1764 430 1805 αἰτίαν,
463 1766 520 1797 καὶ
551 1763 709 1807 μάλιστα
740 1766 776 1799 εἴ
799 1778 853 1801 τις
883 1765 1043 1812 ἀδελφον
1074 1766 1184 1809 τυχὸν
1215 1765 1238 1811 ἢ

155 1778 242 1843 ἀδελ

154 1858 289 1901 στηρίῳ
323 1865 454 1899 φησειε.
503 1857 686 1901 συγγένεια
717 1856 786 1902 γὰρ
813 1860 980 1901 μοναχοῖς
1007 1859 1066 1892 ἐπὶ
1088 1858 1150 1904 γῆς
1173 1854 1237 1891 οὐκ

1373 1632 1455 1667 Non
1479 1630 1721 1676 ingredientur
1753 1634 1872 1667 autem
1896 1641 2012 1677 neque
2042 1631 2168 1667 mulier
2187 1631 2329 1677 penitus
2353 1632 2392 1667 in

1305 1677 1405 1712 virile
1428 1677 1683 1720 monasterium
1714 1687 1827 1721 neque
1851 1677 1903 1712 vir
1925 1678 1962 1712 in
1986 1677 2177 1713 femineum
2204 1678 2393 1713 occasione

1305 1722 1437 1758 mortui
1469 1724 1505 1758 et
1537 1721 1589 1756 ibi
1621 1722 1752 1766 sepulti
1782 1722 1973 1757 memoriae
2005 1722 2060 1758 vel
2088 1733 2154 1767 per
2176 1722 2282 1757 aliam
2307 1732 2390 1758 cau-

1306 1777 1400 1811 sam,
1437 1770 1473 1801 et
1503 1766 1656 1801 maxime
1693 1767 1723 1802 si
1755 1767 1814 1811 qui
1844 1767 1993 1802 fratrem
2023 1766 2117 1803 forte
2148 1769 2203 1803 vel
2233 1778 2393 1804 sororem

242 1808 315 1854 φὴν
338 1807 370 1863 ἧ,
385 1821 469 1842 τινα
492 1810 569 1842 τῶν
589 1811 627 1843 ἐκ
650 1811 715 1843 τοῦ
732 1813 853 1857 γένους
875 1814 970 1855 ἔχειν
994 1814 1034 1846 ἐν
1059 1813 1110 1855 τῷ
1126 1825 1237 1856 μονα·
1251 1815 1292 1847 30
1306 1815 1370 1847 aut
1401 1812 1553 1857 aliquem
1585 1821 1628 1846 ex
1659 1822 1789 1856 genere
1821 1812 1953 1848 habere
1984 1812 2019 1847 in
2043 1813 2259 1849 monasterio
2284 1814 2390 1850 dicat.

1308 1858 1479 1902 Cognatio
1514 1867 1666 1902 namque
1701 1858 1883 1894 monachis
1919 1858 1957 1893 in
1986 1861 2083 1893 terra
2117 1869 2190 1895 non
2225 1861 2279 1895 est
2311 1869 2390 1895 cae-

220 1958 245 1978 c.
262 1945 517 1987 IIIpartieulae
540 1947 581 1988 (v.
596 1948 756 1987 26-670,
770 1954 792 1980 1.
819 1954 942 1981 16—18.
969 1956 1097 1983 22—24.
1123 1950 1319 1991 671,1—1s)
1345 1956 1455 1983 extant
1478 1951 1510 1982 in
1532 1950 1582 1983 B³
1598 1950 1617 1982 l,
1632 1962 1670 1990 c.‚
1698 1962 1727 1983 υ.
1745 1957 1835 1993 3lsq.
1856 1952 2047 1996 συγγένεια
2071 1970 2114 1975 -
2137 1953 2221 1994 βίον
2245 1953 2322 1986 citat
2344 1950 2395 1985 ΒΓ

156 1992 286 2032 4,1,1S.
312 2008 354 2013 -
373 2002 428 2033 pr.
450 1993 652 2024 summarium
678 1993 774 2025 habet
793 1992 919 2035 Ecloqa
946 1995 990 2026 ad
1012 1995 1192 2027 Proclziron
1218 2002 1340 2028 mutata
1365 1996 1418 2035 23,
1437 2002 1452 2028 9
1474 2007 1510 2037 p.
1530 1995 1594 2028 116
1619 1995 1722 2028 Zaclz.

290 2100 337 2135 II.
386 2099 524 2134 Deinde
547 2101 653 2135 etiam
677 2101 711 2135 si
732 2101 834 2136 nulla
863 2101 1012 2136 ecclesia
1035 2102 1073 2136 in
1097 2103 1317 2138 monasterio
1342 2102 1399 2145 sit,
1431 2113 1476 2138 ne
1500 2105 1572 2137 tum
1597 2102 1738 2147 quidem
1764 2114 1833 2149 per
1857 2113 2003 2139 causam
2027 2104 2258 2139 ecclesiarum
2282 2105 2389 2140 licen-

158 2151 211 2182 ter
234 2150 386 2187 exeant,
419 2144 474 2180 vel
504 2144 554 2179 ibi
586 2144 846 2181 ambulationes
877 2147 1070 2191 conficiant
1099 2151 1135 2181 et
1165 2147 1374 2192 quibuscum
1404 2157 1478 2182 non
1507 2147 1607 2182 decet
1637 2148 1930 2192 conqrediantur,
1962 2148 2027 2183 sed
2058 2154 2217 2194 tempore
2248 2150 2390 2196 quidem

156 2192 256 2227 sacri
287 2190 476 2225 ministerii
511 2201 584 2224 una
620 2201 700 2225 cum
730 2191 903 2236 praesule
937 2191 992 2226 vel
1022 2191 1247 2237 primoribus
1280 2203 1404 2227 eorum
1435 2195 1470 2227 et
1499 2191 1702 2227 senioribus
1732 2203 1774 2227 eo
1806 2192 2001 2236 accedant,
2037 2194 2235 2229 ministerio
2271 2199 2390 2230 autem

150 2240 304 2283 peracto
331 2246 452 2271 omnes
475 2234 643 2270 monachi
672 2235 722 2270 ad
743 2236 953 2271 coenobium
983 2240 1210 2272 revertantur
1233 2237 1352 2283 ibique
1375 2237 1604 2278 consideant,
1636 2241 1671 2273 et
1696 2241 1768 2272 tam
1791 2249 1923 2284 maqno
1956 2238 2022 2274 deo
2045 2240 2251 2285 supplicent
2281 2251 2389 2286 quam

156 2292 283 2317 sacras
306 2282 510 2326 scripturas
535 2280 701 2316 lectitent.
749 2280 908 2327 Maqnus
931 2282 1022 2317 enim
1047 2286 1100 2316 est
1123 2292 1228 2317 sacer
1249 2282 1425 2318 eiusmodi
1451 2282 1624 2317 librorum
1648 2281 1781 2318 chorus
1812 2288 1848 2318 et
1870 2282 1933 2329 qui
1962 2285 2079 2329 possit
2109 2285 2320 2320 uniuscuius
2346 2296 2390 2320 ue

158 2328 314 2362 animam
347 2325 536 2361 emendare
566 2327 751 2369 sacrisque
781 2326 932 2371 eloquiis
956 2326 1123 2373 irriqare,
1156 2338 1249 2373 quae
1272 2328 1304 2362 si
1327 2327 1498 2363 continuo
1523 2327 1656 2373 leqant,
1689 2338 1883 2373 numquam
1907 2328 2136 2374 decipiantur
2166 2340 2232 2365 nec
2254 2330 2304 2365 ad
2350 2342 2388 2365 u-

157 2382 285 2406 manas
308 2370 568 2406 sollicitudines
591 2370 814 2406 delabantur.
863 2370 908 2405 In
932 2372 1158 2407 sanctissima
1182 2377 1299 2407 autem
1324 2383 1418 2418 quae
1442 2374 1479 2408 in
1499 2373 1719 2407 monasterio
1744 2378 1798 2408 est
1829 2373 1979 2409 ecclesia
2010 2377 2183 2420 quattuor
2207 2375 2264 2411 vel
2286 2377 2388 2420 quin-

158 2428 227 2462 que
250 2427 352 2451 senes
375 2426 425 2451 ex
445 2415 567 2451 eodem
590 2416 809 2452 monasterio
834 2417 917 2459 sint,
943 2417 1072 2462 quibus
1095 2417 1167 2452 iam
1192 2428 1294 2452 omne
1315 2422 1494 2453 certamen
1518 2418 1556 2452 in
1574 2418 1836 2453 exercitatione
1851 2423 2044 2465 peractum
2061 2423 2115 2454 est
2138 2420 2272 2465 quique
2288 2420 2390 2466 diqni

158 2462 272 2497 habiti
302 2466 386 2496 sunt
417 2460 576 2496 clericali
599 2461 843 2502 ordinatione,
871 2462 1166 2508 presbyterorum
1195 2463 1297 2508 forte
1327 2463 1383 2497 vel
1404 2462 1640 2497 diaconorum
1672 2463 1727 2499 vel
1747 2474 1871 2498 eorum
1902 2465 1967 2509 qui
1998 2463 2167 2511 deinceps
2189 2470 2390 2511 sequuntur

160 2507 284 2542 habitu
312 2505 484 2553 praediti.
532 2505 586 2540 Hi
614 2507 705 2541 enim
736 2510 771 2542 et
801 2517 880 2541 cum
904 2507 1117 2542 adeuntibus
1148 2508 1401 2553 colloquentur
1431 2511 1466 2543 et
1490 2518 1582 2553 quae
1612 2518 1662 2543 ex
1684 2508 1801 2543 sacris
1823 2508 2018 2554 scripturis
2039 2514 2126 2544 sunt
2155 2510 2332 2546 disserent
2355 2514 2390 2546 et

157 2552 330 2598 efficient,
363 2554 404 2587 ut
428 2562 549 2586 omnes
571 2561 647 2586 esse
672 2551 761 2586 tales
785 2552 854 2587 viri
874 2551 1145 2598 perhibeantur,
1177 2558 1212 2588 et
1234 2564 1377 2588 sacram
1401 2553 1544 2588 domum
1569 2554 1784 2598 custodient,
1818 2564 1897 2589 cum
1922 2553 2138 2590 iuventutem
2159 2555 2332 2592 audacem
2354 2560 2390 2592 et

158 2598 330 2633 terminos
354 2607 438 2631 suos
461 2596 584 2642 eqredi
607 2596 781 2632 volentem
805 2597 1026 2632 continentia
1050 2602 1250 2633 coerceant.

291 2641 357 2677 III.
406 2641 531 2687 Neque
553 2652 637 2677 vero
663 2642 806 2676 omnino
838 2642 1061 2688 inqredietur
1093 2646 1157 2678 aut
1179 2643 1306 2679 mulier
1338 2643 1376 2677 in
1401 2642 1503 2678 virile
1525 2643 1781 2677 monasterium
1814 2646 1879 2679 aut
1900 2643 1956 2678 vir
1988 2645 2024 2678 in
2048 2644 2218 2681 muliebre
2249 2645 2305 2681 vel
2325 2656 2388 2681 no-

157 2688 250 2723 mine
274 2687 466 2722 memoriae
490 2686 654 2732 defuncti
677 2687 796 2733 ibique
818 2687 951 2733 sepulti
974 2687 1029 2723 vel
1052 2687 1095 2722 ob
1121 2687 1230 2723 aliam
1253 2699 1418 2729 causam,
1448 2692 1483 2722 et
1506 2689 1663 2723 maxime
1685 2688 1717 2722 si
1741 2688 1822 2734 quis
1842 2688 2000 2734 fratrem
2022 2689 2124 2734 forte
2147 2689 2206 2726 vel
2225 2701 2388 2726 sororem

157 2733 213 2774 vel
234 2732 389 2778 aliquem
413 2742 463 2767 ex
486 2733 649 2777 coquatis
671 2743 710 2767 se
733 2733 771 2767 in
793 2733 1011 2768 monasterio
1036 2732 1168 2768 habere
1191 2732 1296 2768 dicat.
1347 2733 1521 2779 Coqnatio
1549 2733 1642 2768 enim
1664 2732 1849 2768 monachis
1873 2734 1910 2768 in
1937 2739 2035 2769 terra
2059 2745 2132 2770 non
2155 2738 2221 2778 est,
2254 2736 2389 2783 quippe

224 2847 238 2878 1
267 2844 405 2886 ἔπειτα]
430 2844 557 2877 ἔπειτα
580 2841 620 2877 δὲ
639 2845 669 2877 A
687 2845 699 2888 ΙΙ
717 2844 747 2878 εἰ
770 2844 819 2888 μή
843 2855 896 2878 τις
924 2846 987 2885 Oc]
1012 2844 1047 2878 εἴ
1066 2855 1118 2878 τις
1138 2843 1188 2888 μὴ
1206 2846 1237 2878 L

156 2889 205 2935 μή
230 2900 282 2923 τις
298 2890 333 2922 Β
363 2885 387 2931 ἧ
408 2900 461 2922 τις
484 2889 528 2921 A!
545 2890 597 2931 (de
620 2890 651 2922 A
676 2903 738 2923 non
763 2891 872 2933 liquet)
888 2889 900 2934 ΙΙ
919 2889 1020 2931 κατὰ]
1047 2889 1121 2929 ἔξω
1146 2889 1237 2924 κατὰ

157 2938 188 2969 A
206 2936 217 2978 ΙΙ
236 2937 255 2968 2
281 2933 332 2975 εἴη
358 2948 415 2967 om.
436 2934 506 2976 ΜΙΙ
523 2936 543 2968 3
567 2929 681 2968 ἀδεῶς
705 2942 779 2968 ante
802 2936 913 2968 ἐκεῖσε
937 2936 1009 2969 coll.
1030 2937 1085 2971 Cs‘
1103 2932 1154 2978 1Ιῆ
1178 2949 1236 2970 om.

157 2982 247 3016 Ace
264 2980 276 3022 {1
294 2982 315 3012 4
339 2976 380 3012 οὗ
402 2980 506 3033 Aeg]
531 2975 615 3012 οὐδὲ
640 2980 749 3012 MLB
767 2979 779 3024 ΙΙ
797 2983 815 3014 5
838 2981 905 3023 μὲν
930 2994 988 3013 om.
1003 2980 1091 3021 MB,
1114 2980 1156 3014 ἐν
1179 2994 1236 3014 om.

157 3026 224 3058 AC
240 3024 252 3067 ΙΙ
278 3026 298 3058 6
322 3021 343 3065 ἢ
366 3025 439 3056 τοῖς
463 3023 586 3057 αυτῶν
609 3025 637 3057 Ο
657 3025 800 3067 (suisque
822 3028 864 3066 ς)]
897 3022 920 3067 ἢ
942 3026 1015 3058 τοῖς
1039 3021 1150 3058 αὐτοῦ
1165 3026 1237 3059 ML

157 3070 225 3103 AB
243 3069 255 3112 ΙΙ
275 3072 291 3102 7
312 3067 538 3114 λειτουργίας]
563 3069 667 3102 θείας
683 3068 899 3115 λειτουργίας
915 3071 946 3103 Α
962 3072 974 3112 ΙΙ
994 3071 1013 3104 8
1034 3070 1094 3103 ἐπὶ
1110 3071 1236 3127 ΑΟςςΠ

158 3115 205 3148 εἰς
230 3115 340 3147 MLB
365 3115 376 3155 l}
401 3115 420 3147 9
445 3113 599 3147 καθίσαι
628 3116 655 3147 C
674 3115 685 3156 ΙΙ
712 3117 763 3156 τε]
786 3127 827 3160 γε
850 3115 917 3159 ΜΙΙ
937 3113 1107 3148 ἱκετεύειν
1130 3115 1236 3158 θεον]

157 3157 253 3193 θεὸν
275 3160 388 3202 τιμᾶν
416 3159 473 3195 Ος
501 3159 513 3201 {l
545 3162 583 3193 10
607 3157 686 3204 γὰρ]
719 3156 758 3192 δὲ
785 3161 814 3194 0
841 3161 956 3202 itaque
979 3172 998 3196 ς
1029 3162 1039 3201 Η
1067 3155 1086 3192 ὁ
1113 3174 1169 3194 om.
1195 3163 1236 3203 A,

158 3204 250 3249 ἱερὸς
267 3218 324 3237 om.
340 3215 359 3240 ς
376 3204 388 3247 ΙΙ
408 3206 443 3238 11
465 3201 616 3237 δυνατός
631 3206 835 3247 Haloander]
861 3202 1018 3239 δυνατόν
1038 3207 1116 3239 libri
1130 3205 1141 3249 ΙΙ
1159 3204 1235 3239 ἑκά-

158 3262 243 3282 στου
269 3249 424 3291 MLAB]
449 3247 589 3291 ἑκάστῳ
611 3251 639 3283 C
650 3261 669 3285 ς
684 3249 696 3287 ΙΙ
718 3251 757 3283 12
782 3247 933 3292 ἐπᾴδειν
962 3251 991 3284 C
999 3264 1026 3283 v.
1042 3251 1061 3283 l.
1079 3249 1091 3294 ΙΙ
1110 3248 1238 3296 λογίοις

158 3309 216 3328 om.
239 3296 291 3331 Oe
320 3294 332 3338 ss
363 3295 401 3328 13
427 3295 591 3335 συνεχῶς]
628 3292 766 3336 ἡσύχως
788 3296 819 3328 Α
846 3297 858 3339 ss
887 3292 1171 3341 ἇναγινῶσκοιεν
1195 3316 1235 3320 —-

158 3338 326 3385 σφαλεῖεν
347 3358 391 3363 --
411 3339 672 3380 κατενεχθεῖεν]
699 3340 818 3382 legerit
841 3359 884 3365 —
908 3341 1093 3384 decipietur
1115 3360 1159 3365 —
1182 3341 1237 3374 de-

157 3386 289 3418 scendet
311 3397 330 3421 ς
348 3383 360 3421 ΙΙ
379 3387 419 3418 14
437 3382 605 3429 σφάλοιεν
620 3386 651 3418 A
667 3384 679 3429 ΙΙ
701 3388 741 3419 15
762 3381 785 3427 ἢ
809 3398 866 3418 om.
881 3387 932 3419 La
948 3386 959 3429 ΙΙ
978 3388 1237 3432 πρεσβυτέρους

161 3432 218 3466 Cs-
234 3432 244 3472 ΙΙ
268 3431 307 3463 16
332 3426 538 3475 ἁγιωτάτην
563 3443 619 3463 om.
638 3442 657 3466 ς
672 3430 684 3474 ΙΙ
711 3433 749 3464 17
773 3427 960 3472 διήνυσται
976 3432 1061 3472 AO]
1086 3428 1235 3474 ἤνυσται

157 3476 268 3509 MLB
285 3475 297 3518 ΙΙ
318 3476 356 3509 18
382 3475 494 3519 οἵπερ]
520 3475 621 3519 οἵπερ
644 3472 773 3519 πρώην
802 3477 830 3509 C
847 3476 858 3518 Η
878 3476 939 3519 τῆς
964 3490 1020 3509 om.
1041 3477 1110 3510 Cv.
1125 3478 1144 3511 l.
1161 3477 1173 3522 ΙΙ
1194 3479 1235 3511 20

157 3520 306 3562 ἑχοντες]
331 3520 524 3553 habentium
547 3532 567 3556 ς
583 3522 595 3564 ss
620 3519 729 3562 οὗτοι]
754 3521 836 3554 dicti
860 3532 880 3557 ς
905 3523 916 3565 ΙΙ
942 3523 982 3555 21
1008 3520 1054 3555 τὰ
1079 3535 1138 3556 om.
1169 3524 1234 3564 Ος,

159 3567 245 3608 quod
264 3569 382 3608 probat
406 3566 591 3609 Zachariae
609 3564 621 3605 ΙΙ
645 3567 686 3599 22
710 3563 891 3599 τοιούτους
914 3566 1006 3599 εἶναι
1030 3567 1061 3600 A
1085 3566 1097 3611 ΙΙ
1120 3579 1234 3613 παρα·

159 3609 368 3644 σκευάσουσι
392 3609 713 3654 (παρασκευάζουσι
743 3613 811 3645 Ov.
829 3613 862 3653 l.)
885 3613 986 3653 ACe]
1012 3609 1234 3658 παρασκευά-

159 3666 261 3689 σαιεν
285 3657 394 3709 MLB
424 3658 436 3700 ΙΙ
464 3658 506 3691 23
531 3655 722 3702 φυλάξουσι
747 3658 843 3698 Aeg]
874 3655 1067 3702 φυλάξαιεν
1090 3658 1201 3692 MLB
1224 3657 1235 3702 ΙΙ

158 3699 226 3733 τὸν
249 3699 347 3746 ἱερον
370 3701 468 3736 οἶκον
492 3710 566 3736 ante
590 3700 785 3747 φυλάξουσι
810 3703 880 3736 coll.
905 3703 952 3745 A,
978 3716 1035 3736 om.
1054 3704 1106 3740 Ος
1130 3703 1144 3747 ss
1166 3702 1234 3747 τὴν

1306 2843 1461 2885 νεότητα
1485 2845 1584 2885 Ace]
1608 2843 1676 2887 τὴν
1701 2843 1857 2887 νεότητα
1881 2842 1920 2879 δὲ
1943 2847 2054 2880 MLB
2072 2847 2083 2890 ΙΙ
2102 2847 2145 2881 24
2168 2849 2240 2888 καὶ]
2266 2859 2306 2881 τε
2328 2850 2389 2881 καὶ

1311 2891 1337 2924 C
1351 2890 1362 2933 ΙΙ
1381 2892 1421 2923 27
1439 2885 1524 2922 οὐδὲ
1539 2891 1610 2923 ML
1628 2890 1640 2933 ΙΙ
1658 2890 1706 2923 εἰς
1729 2904 1786 2925 om.
1802 2891 1845 2923 M
1864 2890 1876 2934 ΙΙ
1894 2886 1918 2933 ἢ
1943 2905 2000 2924 om.
2015 2893 2104 2929 Aee
2121 2892 2133 2935 ΙΙ
2152 2894 2193 2926 28
2214 2895 2386 2935 κειμένου]

1303 2934 1595 3013 χέῗῗμέἶῗῖὰσέε
1608 2933 2119 3026 ’ᾖνῖῗηῗῶῖνῗὲηέἕάῖιέιᾼ
2147 2937 2158 2982 '¹
2182 2935 2386 3024 οῗῖῖῗλληέἷ

1304 2993 1565 3069 Ξοῖςηῖιοναχοῖς
1589 3026 1699 3058 MLB
1716 3025 1728 3065 ΙΙ
1747 3026 1808 3059 ἐπὶ
1830 3005 1898 3068 τῆς
1915 3025 1978 3070 γῆς
2003 3026 2054 3059 ΒΤ
2109 2995 2180 3026 μον
2205 2995 2227 3024 χ

1372 3160 1392 3193 2
1417 3159 1449 3191 et
1474 3160 1550 3192 adel.
1575 3158 1701 3202 vulqll
1726 3158 1993 3192 deambulatione
2016 3160 2044 3192 si
2068 3160 2160 3194 licite
2183 3161 2239 3194 illi
2260 3161 2387 3195 efacere

1307 3204 1359 3237 T¹
1393 3204 1658 3236 deambulatione
1689 3203 1808 3235 illicite
1841 3203 1948 3236 facere
1975 3203 2027 3237 T²
2053 3204 2067 3250 ΙΙ
2097 3207 2118 3238 4
2150 3205 2290 3239 misterii
2315 3208 2347 3240 T
2375 3207 2386 3251 Η

1306 3252 1324 3283 5
1342 3260 1415 3282 cum
1432 3249 1516 3282 abba
1536 3250 1566 3282 T
1587 3260 1662 3281 cum
1677 3248 1718 3281 ab
1734 3248 1852 3281 abbate
1878 3256 1889 3282 t
1909 3249 1921 3292 11
1941 3251 1959 3282 7
1984 3249 2108 3292 ubique
2137 3252 2186 3284 T¹
2202 3251 2214 3296 ΙΙ
2235 3253 2253 3286 8
2277 3251 2385 3295 pluri-

1304 3306 1377 3327 mus
1400 3295 1500 3337 vulq]
1532 3294 1685 3336 pluribus
1708 3293 1939 3336 (pluribusque
1965 3294 1988 3336 t)
2015 3296 2092 3329 libri
2119 3296 2131 3340 ΙΙ
2160 3298 2180 3330 9
2205 3296 2385 3330 liberorum

1308 3342 1339 3373 Τ
1355 3340 1367 3383 ΙΙ
1387 3340 1505 3372 chorus
1527 3341 1625 3383 ναῖς]
1652 3350 1792 3381 quorum
1817 3340 1895 3372 libri
1910 3339 1921 3383 ΙΙ
1950 3341 1987 3374 11
2016 3351 2099 3382 quae
2124 3354 2182 3375 om.
2197 3349 2209 3375 t
2224 3341 2236 3386 ΙΙ
2262 3342 2386 3384 legitur

1308 3386 1338 3418 T
1355 3385 1367 3430 ΙΙ
1387 3384 1563 3427 decipitur]
1589 3384 1718 3417 dicetur
1742 3384 1907 3431 decipitur
1933 3385 1983 3418 T*
2006 3385 2018 3429 ΙΙ
2045 3387 2085 3420 12
2110 3386 2310 3420 descendant
2335 3388 2386 3422 T²

1305 3430 1472 3463 descendit
1496 3430 1548 3463 T2
1576 3430 1588 3472 ῃ
1621 3432 1660 3463 14
1683 3429 1719 3463 in
1743 3443 1799 3463 om.
1821 3431 1851 3462 T
1878 3429 1890 3474 l}
1919 3430 1961 3463 16
1985 3430 2021 3463 in
2047 3431 2146 3473 clero]
2178 3432 2316 3466 uinculo
2342 3441 2352 3466 t
2374 3432 2386 3478 ss

1308 3477 1346 3510 18
1371 3475 1619 3518 *alloquuntur
1642 3476 1674 3508 T
1693 3475 1869 3508 alocuntur
1895 3482 1907 3507 t
1929 3475 1984 3519 (cfi
2011 3478 2087 3519 672,
2101 3484 2146 3511 33.
2173 3478 2249 3520 673,
2264 3481 2294 3518 6)
2313 3477 2326 3523 ΙΙ
2344 3481 2385 3512 19

1303 3520 1416 3564 putari
1431 3522 1530 3564 vulq]
1547 3520 1712 3563 portuarii
1728 3521 1759 3553 T
1775 3520 1964 3563 portunarii
1982 3528 1993 3554 t
2011 3522 2161 3564 portauit
2179 3524 2222 3556 al.
2240 3524 2251 3567 ΙΙ
2271 3533 2383 3557 omnes

1304 3577 1374 3599 esse
1398 3566 1490 3607 tales]
1523 3576 1592 3598 esse
1616 3566 1699 3599 tales
1724 3576 1911 3598 communes
1938 3573 1949 3599 t
1971 3565 1984 3610 ΙΙ
2015 3568 2055 3601 21
2082 3568 2231 3602 uolentes
2257 3569 2289 3602 T
2311 3569 2324 3613 ΙΙ
2341 3570 2383 3604 26

1303 3614 1360 3644 aut
1390 3613 1421 3645 T
1438 3614 1449 3654 ΙΙ
1467 3621 1527 3644 ne*
1557 3612 1609 3644 Τι’
1628 3612 1639 3655 ΙΙ
1664 3612 1705 3646 28
1731 3613 1773 3651 et]
1800 3610 1830 3643 ei
1855 3610 1913 3655 ΤΙΙ
1930 3614 2105 3646 memoriae
2127 3614 2231 3655 Beck]
2262 3625 2382 3648 memo-

1302 3657 1384 3690 riam
1411 3657 1444 3690 T
1453 3664 1464 3690 t
1486 3658 1498 3699 ΙΙ
1527 3667 1586 3699 per
1608 3670 1666 3690 om.
1689 3665 1700 3690 t
1730 3657 1741 3699 ΙΙ
1769 3657 1811 3690 29
1835 3666 1939 3689 sorem
1967 3657 2019 3690 T¹
2039 3658 2051 3702 ΙΙ
2082 3661 2124 3694 30
2149 3658 2294 3701 aliquam
2319 3661 2353 3694 T
2371 3659 2383 3704 ΙΙ

1303 3704 1343 3738 31
1371 3702 1583 3744 congregatio
1608 3702 1656 3734 Τι
