2632 4004
1275 118 1353 161 VII
2180 128 2434 160 PRAEFATIO

279 236 453 279 Praeter
502 234 580 278 has
629 238 714 277 tres
765 233 1040 277 collectiones
1088 232 1270 275 aliarum
1345 231 1503 286 aliquis
1552 232 1690 282 (cuius
1740 231 1951 286 praefatio
2002 235 2067 275 est
2109 231 2227 286 apud
2272 231 2430 273 Pitram

105 309 168 338 aa.
188 293 372 347 vestigia
391 290 753 347 deprehendimus
776 289 891 356 haud
912 303 1063 356 pauca.
1100 287 1271 356 githa:
1310 285 1314 356 j
1345 288 1388 331 11
1410 289 1491 330 448
1508 301 1542 332 s.
1589 287 1703 355 Olim
1727 287 1923 355 Photium
1955 301 2180 355 perperam
2211 286 2431 354 dicebant)

188 350 334 394 nasii
361 348 605 393 scholastici
628 347 816 391 Emisem
841 344 1031 404 ἔπιτομη
1054 362 1141 388 των
1162 360 1273 399 μετα
1309 358 1312 397 3
1345 358 1457 390 anno
1478 345 1585 399 8833
1606 350 1906 400 antiquissima
1927 345 2117 389 redactio
2137 345 2298 388 saeculi
2320 350 2432 388 sexti

77 1770 147 1797 Coll-

76 1839 132 1864 oce!
136 1860 140 1863 .

34 3435 102 3460 xlv
121 3408 162 3462 151.

188 403 267 449 τὸν
304 404 470 449 κώδικα
510 405 677 458 νεαρῶν
710 405 871 448 Iustino
908 404 1146 461 imperante
1176 416 1275 446 con·
1309 404 1311 435 ÷
1346 401 1479 446 fuisse
1516 401 1701 456 videtur,
1740 401 1930 446 secunda
1970 402 2080 446 inter
2109 415 2244 447 annos
2275 402 2358 443 612
2390 406 2432 444 et

190 463 305 509 fecta
334 467 400 507 est
429 476 485 507 ex
516 462 769 506 collectione
801 462 1068 505 novellarum
1095 462 1274 504 fortasse
1309 440 1312 502 l
1347 461 1431 501 692
1461 460 1575 504 facta
1606 464 1670 503 est
1699 459 1755 503 ab
1786 472 1851 513 eo,
1883 460 1956 514 qui
1988 460 2116 503 etiam
2149 460 2305 503 librum
2328 457 2431 512 περὶ

188 520 245 564 ab
283 534 336 564 ea
373 533 483 575 quae
522 526 673 575 postea
712 520 755 561 in
787 531 938 574 corpus
977 519 1052 561 168
1084 517 1273 561 novella·
1309 527 1311 552 ³
1347 514 1678 573 ἑναντιοφανών
1723 517 1986 616 οοηεοτίὶὲεἰῑ.
2061 517 2143 560 HIc
2192 530 2288 560 raro
2338 515 2434 571 ipsa

189 590 281 621 rum
312 578 480 621 transiit
510 576 623 619 haud
656 576 852 629 diversa;
883 577 1025 618 insunt
1051 576 1164 618 enim
1187 587 1274 616 om·
1308 571 1311 617 1
1346 574 1613 618 novellarum
1649 573 1784 617 verba
1822 573 1871 625 (C

1919 573 1959 616 X
1991 587 2026 617 c.
2053 574 2141 628 10),
2182 574 2433 629 plerumque

190 647 266 678 nes
309 639 480 732 praeter
524 632 803 677 CXXXVIII.
845 631 1083 675 CXXXIX.
1126 630 1275 674 CXLI.
1308 624 1311 681 ἷ
1346 631 1577 675 summaria
1621 631 1889 675 novellarum
1933 629 2104 674 addidit
2148 636 2191 674 et
2235 643 2290 673 ex
2335 629 2432 674 coll.

190 690 304 735 CXL
345 691 397 733 11.
416 690 643 734 CXLIX—
655 689 779 733 CLII.
792 687 918 732 CLX.
933 688 1083 732 CLXI.
1096 687 1274 731 CLXIII

188 748 517 796 —cLXV111.¹)
577 748 641 790 Ex
680 746 747 789 his
785 745 949 788 'riberii
991 751 1088 787 sunt
1124 744 1272 788 CLXI.

190 804 381 848 CLXIII.
394 803 580 859 CLXIV,
592 802 820 858 eparchica
830 801 1271 845 CLXVI-CLXVIII.

189 861 327 906 Unius
366 862 565 905 novellae
599 860 723 903 adest
752 859 951 914 epitome,
994 872 1104 913 quae
1135 871 1273 912 neque

191 920 285 974 ipsa
329 931 507 974 corpore
555 916 633 959 168
679 916 943 958 novellarum
992 921 1165 971 recepta
1210 919 1273 957 est

193 989 339 1043 neque·
370 987 479 1074 quiae
517 973 575 1072 eg·
589 972 741 1071 simtilis
772 973 849 1072 sittt
881 974 948 1071 120,
967 981 1023 1038 5.·
1061 972 1274 1072 ,Πιιιιίνάθτεει

192 1039 371 1076 materia
439 1042 528 1084 rges
614 1042 659 1072 es
717 1043 758 1071 111
818 1043 945 1073 iuos
982 1043 1134 1084 vigint
1198 1041 1274 1070 uos

192 1088 370 1132 rubricis
409 1085 632 1129 distinctos
673 1086 809 1134 (velut
839 1087 998 1141 primus
1030 1086 1275 1130 inscribitur

188 1200 261 1243 καὶ
299 1200 619 1254 μοναστριῶν),
668 1198 732 1243 his
772 1201 967 1255 singulae
1010 1201 1274 1244 subiciuntur

190 1258 511 1302 constitutiones
527 1256 678 1300 addita
695 1257 865 1300 rubrica
883 1258 1158 1314 inscriptione
1175 1257 1272 1301 sub·

189 1315 434 1371 scriptione.
486 1313 695 1357 Rubricae
728 1314 783 1357 ab
815 1315 878 1359 eis
898 1327 1008 1370 quae
1032 1316 1072 1357 in
1095 1328 1273 1369 corpore

192 1372 272 1415 168
310 1372 576 1416 novellarum
616 1376 713 1414 sunt
752 1384 881 1426 saepe
921 1372 1121 1416 diversae
1160 1371 1274 1415 hand

190 1442 286 1473 raro
307 1430 535 1473 concinunt
556 1441 650 1472 cum
674 1429 750 1482 eis,
779 1442 885 1484 quas
938 1429 1113 1472 raebeut
1134 1429 1273 1473 Theo-

189 1485 318 1530 dorus
359 1491 403 1530 et
430 1484 742 1529 Anthenticum.
805 1486 852 1529 In
922 1499 974 1530 ne
1012 1487 1275 1540 singulorum

189 1544 405 1587 titulorum
423 1543 727 1587 subnectuntur
743 1543 944 1598 paratitla
960 1556 1014 1586 ex
1033 1544 1127 1599 ipso
1143 1543 1275 1586 Atha·

189 1601 310 1644 nasi0
342 1600 506 1644 hausta.
538 1622 590 1629 —
625 1599 771 1643 Edidit
802 1600 1027 1644 Athanasii
1059 1602 1276 1657 epitomen

190 1656 427 1701 Heimbach
474 1652 614 1698 ἀνέκδ.
657 1656 673 1699 1
719 1670 802 1700 uno
849 1658 935 1701 sere
982 1670 1081 1701 usus
1128 1657 1313 1702 codice2

190 1713 323 1758 Paris.
350 1715 450 1757 1381
488 1727 599 1757 saec.
623 1713 684 1756 XI
719 1728 799 1757 non
832 1715 1008 1769 integro.

277 1771 370 1815 Hac
400 1771 584 1825 epitome
616 1784 716 1814 usus
747 1777 811 1814 est
834 1772 881 1826 is,
914 1773 986 1826 qui
1009 1771 1146 1815 edidit
1166 1772 1274 1815 col·

190 1828 481 1872 lectionem
515 1828 973 1871 constitutionum
1006 1829 1272 1872 ecclesia·

189 1886 446 1929 sticarum
496 1885 748 1939 tripertitam
825 1898 903 1929 uae
950 1886 1079 1939 vulgo
1120 1885 1276 1929 dicitnr

192 1940 342 1995 (νόμος
359 1937 668 1984 Ἰουσῐινιανοῦ
684 1900 841 1995 ,Sumit
1152 1940 1160 1950 “

192 1996 432 2055 εἰρημένων
474 1996 517 2040 ἐν
550 1999 610 2053 τῷ
643 1999 790 2041 sindon
825 2001 895 2042 καὶ
930 2008 1024 2049 τοῖς
1056 2000 1276 2054 ὀιγέσιυις

189 2056 262 2098 καὶ
296 2063 472 2109 νεαραῖς
504 2054 733 2105 ὁιαιὰξεσι
773 2058 875 2109 περὶ
911 2054 1172 2099 ἐπισκόπων
1203 2060 1272 2099 καὶ

190 2112 404 2168 κληρωτῶν
443 2113 513 2154 καὶ
554 2113 758 2165 μοναχῶν
796 2115 866 2156 καὶ
901 2114 1174 2169 πραγμάτων
1207 2110 1274 2156 εἰὮ

191 2170 319 2223 aych,
361 2168 424 2211 ἴτι
466 2168 509 2211 δὲ
549 2171 619 2211 καὶ
650 2165 870 2213 Ἰουδαίων
907 2172 977 2212 καὶ
1012 2171 1274 2224 alpertum).

190 2226 326 2270 Huius
357 2227 481 2270 tertio
512 2228 653 2281 capite
686 2230 737 2269 34
761 2228 1025 2271 novellarum
1058 2230 1273 2272 continen-

190 2288 257 2326 tur
286 2284 499 2338 epitomae
530 2283 851 2328 Athanasianae
883 2297 973 2338 eae,
1006 2286 1181 2339 quaein
1203 2286 1273 2328 tri-

189 2339 268 2382 bus
305 2341 456 2395 primis
496 2341 639 2383 insunt
669 2340 896 2383 Athanasii
929 2342 1083 2394 titulis;
1124 2355 1178 2383 cx
1209 2354 1271 2384 se-

191 2397 418 2448 quentibus
448 2396 581 2437 titulis
613 2396 842 2438 nonnullae
874 2396 1058 2438 citantur
1084 2397 1126 2437 in
1150 2396 1273 2438 huius

191 2451 345 2506 capitis
375 2451 599 2507 paratitlis,
630 2455 855 2505 praeterea
886 2452 1014 2494 etiam
1046 2452 1087 2493 in
1119 2452 1273 2507 capitis

192 2508 317 2561 primi
375 2507 584 2561 paratitlis
643 2520 958 2562 nonnumquam
1010 2508 1272 2551 novellarum

188 2564 346 2606 mentio
378 2563 435 2605 fit.
467 2585 521 2591 —
555 2562 683 2606 Edita
726 2569 790 2607 est
830 2563 1064 2607 secundum
1097 2564 1271 2608 Fabroti

191 2620 481 2663 recensionem
503 2619 544 2661 in
563 2619 702 2663 Voelli
725 2626 768 2663 et
788 2620 951 2664 Iustelli
975 2621 1075 2663 bibl.
1099 2621 1138 2663 11
1167 2623 1271 2664 ¹223

190 2677 353 2718 —1361
390 2674 509 2729 (inde
532 2674 629 2719 Am.
651 2675 833 2717 Febr-oti
857 2677 1068 2721 interdum
1091 2691 1272 2722 comme-

192 2735 405 2786 moratur),
445 2732 586 2775 varias
624 2732 829 2778 lectiones
866 2734 992 2778 affert
1023 2734 1139 2778 Pitra
1172 2736 1273 2779 iuris

193 2789 295 2832 eccl.
312 2788 571 2831 Graecorum
589 2787 685 2833 hist.
705 2795 747 2833 et
768 2804 879 2834 mon.
898 2791 938 2833 II
956 2794 1038 2834 410
1050 2804 1103 2835 ss.
1137 2791 1272 2834 Huius

192 2845 456 2889 collectionis
501 2844 639 2889 codici
685 2845 849 2891 Monac.
892 2850 974 2890 380
1024 2861 1135 2892 saec.
1170 2848 1271 2890 XIII

191 2902 262 2944 vel
292 2901 394 2944 XIV
424 2901 451 2943 s.
491 2902 573 2945 363
618 2902 778 2947 inserta
823 2908 888 2948 est
917 2918 1014 2949 nov.
1047 2904 1270 2947 LXXVII:

192 2958 370 3001 contulit
399 2956 586 3001 Schoell.

1308 1131 1309 1147 ¹
1344 1143 1399 1185 ad
1440 1157 1479 1185 n.
1512 1143 1607 1186 xu.
1642 1144 1769 1186 xxu
1801 1147 1897 1187 (1.9.
1936 1148 1981 1187 ¹7
2015 1145 2135 1188 cxx

190 1143 295 1197 περὶ
324 1140 586 1186 ἐπισκόπων
616 1142 689 1184 καὶ
720 1142 936 1199 κληρικων
967 1143 1037 1185 καὶ
1070 1143 1274 1196 μοναχιῦν
1308 1164 1309 1173 ¹

847 1958 920 1992 ως.
939 1957 1165 1998 σι’ναγωγη
1188 1944 1274 1983 τών
1310 1981 1312 1995 ἱ

1309 1997 1311 2019 ¹
1349 2013 1447 2043 usus
1479 2005 1555 2053 est,
1588 2013 1697 2055 quae
1730 2014 1753 2043 e
1785 2000 1934 2045 codice
1957 1999 2079 2044 Bodl.
2112 1999 2249 2044 edidit
2271 1998 2433 2042 Zacha-

1346 693 1477 732 const.
1511 688 1615 732 eccl.
1655 692 1698 731 et
1736 701 1790 731 ex
1830 689 2018 744 epitome
2049 687 2276 743 deperdita
2306 687 2431 730 Iulia·

1346 758 1454 789 neae
1484 746 1614 789 simili
1646 744 1846 795 hausta.¹)
1907 745 2144 789 Nonnullos
2165 744 2433 787 novellarum

1346 802 1463 846 locos
1504 815 1527 846 e
1568 802 1766 846 Basilicis
1807 801 1967 846 adiecit
1997 801 2251 845 Theodorus
2283 800 2432 844 Bestes

1346 860 1482 905 (cuius
1514 865 1580 903 est
1609 859 1821 915 praefatio
1848 860 1930 901 449
1947 873 1979 903 s.
2001 859 2134 906 Pitra)
2156 859 2198 901 in
2220 870 2431 903 commen-

1346 916 1453 958 tario
1493 930 1604 960 anno
1650 917 1757 958 1090
1798 917 2059 972 conscripto,
2103 929 2262 971 paucos
2292 914 2432 958 Theo·

1346 972 1474 1015 dorus
1499 973 1726 1017 Balsamon
1755 974 1797 1016 in
1820 974 2124 1017 commentario
2146 972 2308 1017 saeculi
2329 971 2432 1015 duo·

1346 1028 1503 1072 decimi
1526 1031 1734 1074 exeuntis.
1784 1030 2013 1075 Praeterea
2034 1030 2198 1074 librarii
2220 1029 2433 1073 interdum

1346 1099 1455 1140 quae
1489 1087 1550 1129 eis
1582 1088 1703 1129 utilia
1736 1087 1991 1131 videbantur
2020 1087 2161 1131 adseri
2197 1091 2343 1131 serunt
2363 1086 2431 1137 (cf.

2185 1145 2202 1187 1
2232 1157 2268 1188 c.
2291 1145 2346 1194 8).
2378 1166 2434 1173 -

1348 1199 1493 1243 Edidit
1526 1200 1635 1243 hunc
1668 1214 2001 1244 nomocanonem
2033 1207 2128 1257 post
2151 1201 2361 1244 VoeIIInm
2393 1204 2436 1243 et

1347 1257 1583 1300 Iustellium
1617 1258 1657 1300 II
1690 1259 1942 1299 789-1140
1985 1259 2102 1301 Pitra
2141 1259 2168 1300 1.
2201 1272 2235 1301 c.
2280 1260 2361 1300 433
2377 1270 2433 1301 ss.

1346 1313 1623 1358 Collectionis
1666 1314 1885 1358 Theodori
1932 1316 2237 1359 commentario
2281 1319 2434 1358 auctae

1347 1370 1432 1414 duo
1464 1372 1733 1427 potissimum
1766 1372 2037 1416 innotuerunt
2067 1372 2253 1425 codices,
2285 1371 2433 1414 Dubli·

1347 1429 1489 1471 nensis
1534 1429 1630 1472 coll.
1671 1429 1902 1471 Τ1ἰ11.494
1950 1443 2061 1473 saec.
2097 1429 2203 1482 XII,
2250 1441 2304 1472 ex
2350 1441 2433 1482 quo

1347 1486 1613 1529 novellarum
1646 1486 1764 1530 locos
1796 1487 2013 1542 excerpsit
2042 1487 2249 1541 Krueger,
2282 1490 2325 1529 et
2346 1485 2433 1528 Mo-

1348 1556 1439 1586 nac.
1478 1544 1555 1585 122
1587 1556 1700 1587 saec.
1734 1542 1816 1586 XII
1858 1543 1912 1587 de
1943 1557 2027 1599 quo
2059 1543 2262 1587 disseruit
2291 1547 2434 1586 aucta·

1348 1600 1496 1654 riaque
1537 1599 1674 1643 edidit
1706 1600 1822 1643 Pitra
1853 1601 1871 1643 1
1902 1602 1985 1643 660
2027 1601 2066 1644 11
2099 1603 2177 1643 441
2199 1614 2268 1656 ss.,
2309 1612 2434 1655 quem

1349 1658 1537 1712 inspexit
1567 1656 1754 1701 Schoell.

1435 1714 1687 1769 Epitome
1717 1714 1782 1758 ad
1815 1713 2117 1758 Prochiron
2149 1714 2433 1757 mutataIn-

1310 1754 1313 1768 ⁵
1348 1777 1411 1814 est
1452 1771 1494 1814 in
1536 1770 1683 1815 codice
1724 1771 1961 1815 Bodleiano
1994 1773 2103 1814 3399
2135 1770 2324 1822 (Seldeu.
2361 1772 2430 1812 1οε

1347 1828 1465 1871 Coxe
1507 1831 1604 1878 590)
1644 1830 1803 1873 saeculi
1836 1829 1896 1871 XI
1938 1828 2203 1872 nobilissimo
2245 1833 2288 1873 et
2326 1828 2433 1870 Mar-

1347 1886 1473 1928 ciano
1495 1888 1589 1928 579.
1629 1886 1873 1929 Inserantur
1895 1887 1934 1929 ei
1958 1887 2198 1939 fragmenta
2219 1885 2435 1941 epitomae

1348 1943 1611 1986 novellarum
1652 1944 1742 1987 eius
1778 1957 1863 1997 qua
1894 1944 2023 1987 etiam
2050 1935 2430 1998 ‘EuantIophanes'

1348 2058 1437 2100 riae
1470 2055 1611 2098 άνέκό.
1646 2059 1727 2099 208
1746 2072 1800 2100 ss.

1434 2114 1672 2167 Eclogae
1697 2114 1852 2158 Leonis
1878 2119 1920 2157 et
1942 2113 2208 2157 Constantini
2229 2113 2329 2156 anni
2353 2115 2433 2154 740

1346 2172 1518 2214 saeculo
1541 2185 1650 2215 nono
1671 2171 1874 2215 adiuncta
1895 2176 1960 2214 est
1989 2169 2292 2226 appendix,
2323 2182 2433 2224 quae

1346 2228 1610 2271 novellarum
1651 2228 1865 2271 breviaria
1905 2229 2155 2295 plerumque
2195 2226 2435 2281 desumpsit

1347 2297 1400 2327 ex
1443 2285 1628 2339 epitome
1659 2285 1714 2328 ab
1741 2281 2087 2340 ‘Enantiophane
2132 2282 2339 2338 adhibita,
2373 2284 2432 2326 in·

1348 2340 1513 2383 terdum
1554 2342 1670 2396 ipsas
1710 2342 1926 2396 excerpsit
1964 2342 2171 2384 novellas.
2231 2339 2379 2383 Edidit
2409 2352 2433 2382 e

1347 2395 1496 2439 codice
1514 2397 1648 2439 Paris.
1673 2398 1775 2439 1384
1798 2410 1910 2441 saec.
1928 2397 2011 2439 XII
2030 2396 2265 2441 Zachariae
2288 2391 2430 2438 ἀνέκδ.

1353 2453 1429 2493 184
1447 2465 1501 2495 ss.
1564 2452 1629 2495 Ex
1661 2452 1742 2496 hac
1772 2466 1915 2497 rursus
1946 2454 2212 2497 novellarum
2244 2466 2431 2496 summas

1349 2511 1588 2563 (praeterea
1639 2510 1766 2552 etIam
1817 2523 1871 2552 ex
1917 2509 2154 2553 Athanasio
2200 2509 2431 2553 Theodoro

1346 2570 1520 2608 auctore
1543 2566 1718 2615 incerto)
1743 2566 1884 2609 hausit
1905 2567 2099 2621 ecloga
2119 2566 2183 2610 ad
2206 2565 2429 2610 Prochi·

1346 2635 1399 2665 ro
1413 2635 1437 2664 n
1470 2635 1510 2664 m
1524 2635 1549 2665 u
1563 2627 1615 2665 ta
1626 2627 1641 2665 t
1652 2636 1679 2665 a
1700 2622 1782 2670 (ed.
1799 2622 2034 2667 Zachariae
2056 2623 2293 2667 JGR1v49
2304 2624 2428 2674 ss.).²)

1430 2678 1579 2722 Restat
1618 2684 1662 2722 ut
1702 2685 1867 2724 ceteros
1907 2680 2083 2723 afferam
2124 2684 2318 2723 auctores
2357 2680 2429 2734 qui

1345 2735 1526 2779 novellis
1558 2736 1621 2779 usi
1654 2740 1761 2779 sunt

1428 2790 1702 2836 Collectio
1734 2792 1853 2834 XXV
1885 2793 2256 2848 capitulorum
2297 2806 2423 2847 quam
2451 2832 2457 2841 ,

1344 2847 1472 2902 vulgo
1517 2847 1664 2892 dicunt
1707 2847 1949 2899 (διατάξεις
1996 2847 2140 2902 νόμων
2179 2849 2423 2891 πολιτικῶν

1344 2901 1388 2944 ἐκ
1418 2904 1506 2946 τῶν
1537 2905 1704 2958 νεαρῶν
1731 2900 2044 2948 Ἰουστινιανοῦ
2072 2906 2294 2960 βασιλέως
2324 2919 2426 2948 συν-

1346 2961 1583 3024 ηγορρῦσαι
1614 2962 1688 3004 καὶ
1719 2960 2010 3017 ἐκτικυροῦσαι
2042 2961 2145 3013 voi-g
2174 2964 2260 3004 τῶν
2289 2958 2428 3017 ἁγίων

275 3013 409 3058 Totus
440 3026 494 3057 ex
519 3013 757 3059 Athanasio
787 3013 911 3059 fluxit
941 3017 1068 3060 etiam
1101 3018 1272 3061 libellus
1306 3029 1309 3080 Ι
1346 3031 1548 3071 πατερων
1571 3015 1957 3074 ἐκκλησιαστικοὺς
1977 3018 2181 3070 κανόνας)
2197 3025 2319 3064 sexto
2335 3032 2428 3062 sae-

192 3070 295 3122 περὶ
327 3069 558 3138 διαφόρων
585 3066 955 3126 ἀναγνωσμάτων,
988 3086 1114 3129 quem
1138 3074 1273 3118 edidit
1306 3085 1307 3088 ’

190 3126 427 3170 Heimbach
459 3126 600 3168 ανέκδ.
623 3128 642 3170 I
667 3129 748 3170 185
766 3142 819 3172 ss.

274 3182 499 3237 Epitomae
542 3185 811 3227 novellarum
856 3184 1074 3230 Iulianeae
1119 3188 1271 3230 similis

191 3238 541 3293 usum‚‚produnt
584 3240 861 3285 Nomocanon
900 3241 1003 3285 XIV
1041 3244 1270 3298 titulorum,

191 3295 387 3393 Epitome
436 3295 492 3338 ad
539 3296 773 3341 Prochiron
818 3303 1002 3352 mutata,
1051 3300 1270 3355 appendix

190 3364 239 3394 ec
259 3364 380 3403 ogae.

274 3408 678 3452 Nomocanonis
727 3409 840 3454 XIV
885 3412 1166 3455 titulorum
1217 3412 1272 3454 ad

190 3476 268 3507 nos
298 3465 496 3519 pervenit
526 3477 578 3508 ea
607 3466 744 3509 forma
774 3480 901 3521 quam
933 3469 974 3511 ei
1005 3468 1125 3511 dedit
1147 3468 1272 3511 homo

284 3611 315 3645 t)
339 3609 422 3643 Atb.
446 3612 525 3650 19,1
552 3610 719 3652 spectare
743 3609 790 3644 sd
815 3610 869 3646 ed.
891 3610 942 3646 111
967 3611 997 3647 si
1023 3622 1141 3647 verum
1168 3616 1272 3652 esset,
1308 3619 1310 3629 ¹

190 3653 299 3687 etiam
325 3663 403 3689 nov.
422 3653 506 3688 XXI
533 3653 689 3693 deesset:
718 3654 780 3690 sed
805 3655 897 3691 hanc
923 3656 984 3692 illo
1011 3658 1090 3692 loco
1115 3657 1185 3693 dici
1207 3668 1272 3703 pro

193 3700 291 3732 certo
317 3697 433 3734 habeo
457 3698 515 3741 (ct'.
541 3698 586 3734 acl
613 3710 645 3744 p.
668 3702 756 3741 760).

1343 3074 1439 3116 culo
1470 3073 1665 3118 confecta
1693 3081 1792 3131 post
1822 3077 1940 3130 leges
1962 3090 1986 3120 e
2007 3077 2156 3121 codice
2178 3076 2427 3130 desumptas

1344 3130 1521 3184 praebet
1541 3131 1736 3175 novellas
1754 3132 2013 3176 CXXXVII.
2032 3133 2273 3177 CXXXIII.
2293 3132 2426 3176 CXX.

1344 3186 1528 3230 CXXXI
1574 3201 1609 3231 c.
1636 3190 1699 3230 13.
1761 3189 1888 3232 Edita
1933 3195 1998 3233 est
2042 3190 2096 3232 ab
2142 3188 2427 3232 Heimbachio

1344 3238 1484 3284 ἀνέκδ.
1515 3243 1568 3286 11.
1604 3247 1683 3286 145
1701 3258 1755 3289 ss.
1797 3258 1821 3289 e
1861 3245 2010 3290 codice
2048 3245 2293 3289 Monacensi
2331 3246 2427 3299 380,

1435 3344 1468 3381 1)
1498 3341 1627 3376 Biener
1658 3345 1723 3378 202
1736 3353 1784 3379 ss.
1819 3346 1881 3379 601
1899 3354 1947 3380 ss.
1996 3343 2160 3389 Krueger
2191 3344 2368 3380 Zeitschr.
2400 3344 2427 3381 f.

1344 3386 1801 3431 Rechtsgesch.1X(1870)
1829 3391 1892 3425 185
1907 3399 1955 3424 ss.
1995 3389 2194 3425 Zachariae
2218 3389 2275 3425 die
2318 3390 2425 3425 riech.

1344 3432 1631 3468 Nomokanones.
1681 3432 1787 3469 Mem.
1826 3433 1871 3470 de
1907 3434 2034 3471 l'acad.
2067 3434 2112 3469 de
2143 3434 2196 3470 St.
2222 3434 2262 3470 Ρ.
2315 3435 2349 3470 11
2383 3437 2426 3470 23

1344 3479 1460 3529 (18η)
1484 3487 1519 3512 11.
1539 3480 1556 3511 ¹1
1582 3482 1636 3512 et:
1662 3479 1752 3514 uber
1777 3478 1809 3514 d.
1823 3479 1921 3515 Veri.
1945 3490 1979 3514 u.
1998 3479 2031 3515 d.
2085 3480 2201 3515 uellen
2219 3480 2251 3516 d.
2271 3479 2426 3525 pseudo·

1345 3522 1505 3602 phostian.
1538 3521 1779 3602 Neomokanon
1806 3524 1842 3560 in
1874 3524 1959 3561 XIV
1983 3524 2064 3560 Tite
2079 3536 2114 3561 n.
2171 3525 2263 3561 Ibid.
2290 3525 2357 3561 VII
2383 3527 2425 3560 32

1344 3571 1399 3607 (13
1427 3571 1460 3610 5)
1484 3577 1517 3603 n.
1542 3571 1553 3601 ι
1587 3595 1593 3602 .

1436 3615 1470 3655 2)
1501 3612 1560 3648 Nil
1591 3615 1813 3658 compertum
1843 3613 1958 3649 habeo
1988 3614 2032 3651 de
2056 3615 2212 3660 epitome
2236 3614 2426 3651 Marciana

1345 3658 1435 3698 (cod.
1462 3657 1574 3693 Marc.
1606 3661 1694 3702 172),
1728 3668 1833 3703 quam
1865 3658 2152 3706 EuantIophanis
2186 3661 2340 3706 epitome
2374 3660 2426 3695 uti

1309 3720 1312 3743 ι
1346 3702 1433 3739 dicit
1457 3702 1655 3739 Zachariae
1680 3704 1782 3739 mem.
1798 3703 1865 3741 VII
1884 3708 1925 3740 32
1951 3716 1987 3751 p.
2007 3708 2040 3742 6.

2475 2796 2545 2823 Cau.

2468 2831 2483 2856 {a
2503 2837 2534 2855 co
