2618 4010
269 143 376 187 Nov.
407 144 531 187 XXX
562 144 600 187 8.
632 143 659 187 9
1333 141 1420 190 232
2111 161 2172 193 nn
2200 158 2487 193 rnocossum

265 253 416 289 οἴκοθεν
439 251 562 290 πάντα
585 250 757 290 κωλύσει·
785 255 819 290 εἰ
840 253 884 291 δέ
902 267 1000 291 τινος
1023 258 1082 289 καὶ
1106 253 1345 303 σφοδροτέρου
1418 267 1500 293 vero
1524 255 1658 301 aliquid
1681 256 1788 292 etiam
1809 258 2049 295 vehementius
2076 259 2277 313 indiguerit,
2307 259 2488 295 nuntiabit

267 297 426 342 δεηθείη,
454 298 605 343 μηνύσει
628 313 668 335 τε
692 299 782 348 πρός
804 314 845 336 τε
867 303 935 344 τὴν
959 300 1026 344 σὴν
1050 298 1229 348 ὑπεροχὴν
1257 301 1346 347 πρός
1418 306 1455 337 et
1478 301 1524 337 ad
1543 306 1642 336 tuam
1666 301 1911 339 celsitudinem
1927 308 1964 340 et
1978 304 2058 350 (ad)
2075 305 2368 349 gloriosissimum
2384 314 2488 350 prae-

266 357 306 378 τε
329 342 396 378 τὸν
412 341 650 386 ἐνδοξότατον
675 345 920 391 πραιπόσιτον
943 344 1031 393 πρός
1054 358 1094 379 τε
1117 345 1198 380 τοῦς
1221 344 1346 381 ἄλλους
1442 347 1571 383 ositum
1591 350 1626 382 et
1645 345 1692 381 ad
1710 346 1799 383 alios
1816 347 2070 385 famosissimos
2084 355 2223 385 nostros
2242 349 2388 392 iudices,
2409 349 2489 394 qui-

267 387 517 434 πανευφήμους
539 388 729 436 ἄρχοντας,
761 390 812 426 οἷς
834 395 887 426 τίς
911 393 987 425 ἐστι
1012 388 1101 436 πρὸς
1132 389 1175 424 τὸ
1198 393 1346 438 πρᾶγμα
1415 358 1484 427 Rus
1501 392 1621 437 aliqua
1641 394 1696 426 est
1711 391 1759 426 ad
1772 401 1916 428 causam
1953 394 2166 440 articipatio
2190 399 2225 430 et
2237 395 2282 430 ad
2298 405 2363 430 1108
2378 394 2488 440 ipsos,

265 437 454 477 μετουσία,
490 433 579 480 πρός
606 448 645 470 τε
676 432 766 491 ἡμᾶς
796 433 938 471 αὐτούς·
974 432 1070 479 ἡμεῖς
1101 447 1142 469 τε
1172 431 1270 479 αὐτῷ
1303 435 1344 470 τὸ
1382 440 1400 471 5
1415 447 1482 472 nos
1507 446 1552 471 ue
1574 436 1691 481 ipsum
1715 436 1810 482 quod
1832 446 1921 482 agen
1944 449 2005 475 um
2027 444 2083 475 est
2103 439 2384 486 explanabimus.

266 480 287 513 1
333 482 516 524 πρακτέον
533 477 807 535 ὖφηγησρμεθα.
857 477 1016 515 Σανίὸας
1035 477 1075 514 δὲ
1091 476 1346 515 ἀνατίθεσθαι
1415 483 1438 517 1
1515 481 1623 517 itulos
1652 484 1771 517 autem
1800 481 1934 528 imponi
1967 483 2004 519 iu
2039 485 2221 530 provincia
2256 484 2315 520 cui
2346 487 2490 529 praeest

266 522 360 557 κατὰ
382 523 450 567 τὴν
473 526 651 571 ἐπαρχίαν
673 537 711 570 ης
735 525 834 573 ἄρχει
858 529 1097 572 προςηγορίαν
1117 527 1233 560 τιναῖν
1252 525 1345 569 exot—
1417 526 1691 572 appellationem
1717 526 1916 571 aliquorum
1945 527 2135 572 habentes,
2168 534 2316 575 excepto
2340 530 2388 564 im
2417 529 2489 564 erio

267 579 349 610 σας,
381 569 596 616 ἐξῃρημένης
619 572 680 615 τῆς
702 570 886 616 βασιλείας
912 573 971 603 καὶ
996 570 1058 604 τοῦ
1082 574 1247 614 ταμείου,
1279 584 1345 605 κω·
1416 576 1453 607 et
1475 571 1623 613 aerario,
1648 571 1852 616 prohibebit
1870 572 1907 607 in
1922 576 2071 618 tantum,
2095 578 2136 610 ut
2154 575 2261 610 etiam
2280 574 2359 609 fisci
2394 573 2490 609 aciat

268 610 366 648 λύσει
389 616 563 650 τοσοῦτον
595 612 684 650 aisn
713 619 772 650 καὶ
794 614 970 660 δημοσίαν
993 618 1112 649 ποιεῖν
1134 615 1202 659 τὴν
1221 613 1347 650 οὐσίαν
1417 616 1654 652 substantiam
1685 616 1819 661 aliquid
1849 617 1920 652 tale
1949 627 2052 662 agere
2078 619 2263 656 nitentium
2297 625 2334 655 et
2363 629 2490 654 manus

266 658 346 692 τῶν
373 659 516 695 τοιοῦτό
545 674 582 695 τι
613 660 788 707 πράττειν
816 658 1095 705 ἐπιχειρούντων
1125 663 1185 694 καὶ
1215 662 1347 708 χειρῶν
1363 664 1402 696 10
1416 661 1558 697 auferat
1580 661 1708 697 horum
1731 662 1791 707 qui
1815 671 1876 697 eos
1900 662 1947 696 im
1975 667 2104 707 ouant,
2136 664 2168 700 si
2190 668 2397 710 praesentes
2421 664 2491 710 ipsi

268 700 508 751 ἀφαιρεῖσθαι
531 704 610 740 τούς
629 705 763 740 ταύτας
778 705 1023 746 ἐπιτιθέντας,
1045 706 1076 738 εἰ
1094 705 1270 750 παρόντες
1287 703 1345 740 αὗ-
1415 707 1733 760 praesumpserint3
1770 707 1800 742 si
1823 716 1907 742 vero
1931 717 1954 742 a
1980 708 2131 744 sentium
2154 712 2323 753 rectores,
2353 708 2489 753 magnis

267 751 323 782 τοὶ
346 748 522 794 τολμῷεν,
546 751 579 784 εἰ
602 748 642 784 δὲ
664 750 699 785 οἱ
721 753 798 785 τῶν
822 748 997 785 ἀπόντων
1017 752 1264 797 προνοοῦντες,
1287 765 1345 795 με·
1415 752 1495 787 11108
1528 752 1658 788 subdat
1686 752 1902 787 verberibus.
1959 752 2098 789 Titulos
2125 758 2244 790 autem
2277 754 2491 799 quicumque

266 792 390 840 γάλαις
413 797 566 830 ἐκείνους
589 793 770 839 ὑποθήσει
793 792 974 839 βασάνοις.
1023 794 1106 829 τούς
1132 798 1258 838 μέντοι
1293 800 1346 829 τί-
1414 797 1695 842 praesumpserit
1723 797 1796 832 sive
1820 807 1992 842 praesens
2023 798 2095 834 sive
2117 809 2184 843 pro
2209 801 2356 836 absente
2381 810 2489 843 agens

267 834 371 871 τλους
386 836 477 873 ὅςτις
497 838 631 883 δήποτε
661 838 871 884 τολμήσειεν
898 840 970 874 εἴτε
1001 839 1133 886 παρών
1164 841 1235 875 εἴτε
1256 839 1347 888 ὑπὲρ
1415 844 1607 887 imponere,
1639 842 1820 888 deponens
1843 852 1927 877 mox
1957 842 2127 887 infringet
2152 844 2404 890 imponentium
2430 855 2489 880 ca·

267 880 424 919 ἆπὸντος
443 884 617 931 πράττων
632 882 838 927 ἀναθεῖναι,
860 883 1033 919 καθελών
1052 882 1163 919 εὐθὺς
1182 885 1347 933 περιρρή-
1363 890 1402 922 15
1415 887 1563 939 pitibus,
1600 887 1717 922 sciens
1749 888 1843 933 quia,
1880 887 1911 922 si
1941 887 2030 923 haec
2061 898 2256 933 agnoscens
2285 890 2490 936 neglexerit,

268 929 320 969 ξει
356 932 434 964 ταῖς
467 931 545 964 τῶν
583 928 805 965 ἀναθέντων
844 929 1029 976 κεφαλαῖς,
1072 928 1176 964 εἰδώς
1210 929 1277 974 οὖς,
1317 931 1349 965 εἰ
1416 942 1493 978 lpse
1516 933 1555 968 111
1579 931 1655 968 81118
1682 933 1790 969 rebus
1813 932 2093 978 publicationem
2115 933 2255 971 sentiet.

267 975 382 1008 ταῦτα
413 974 553 1018 μαθων
585 973 849 1021 ῥᾳθυμὴσειεν,
883 974 990 1009 αὐτὸς
1021 976 1081 1011 ἐπὶ
1116 979 1190 1011 τοῖς
1219 976 1347 1011 ἑαυτοῦ

268 1016 454 1065 πράγμασι
477 1020 539 1062 τῆς
563 1017 767 1065 δημεύσεως
790 1017 1019 1064 αἰσθήσεται.

1257 1155 1415 1192 CAPUT
1442 1157 1506 1193 IX.

325 1232 406 1266 Τῶν
437 1229 551 1268 δικῶν
582 1232 623 1268 δὲ
649 1232 901 1280 ἐπιμελήσεται
933 1234 1000 1269 σὺν
1031 1232 1130 1282 πάσῃ
1163 1239 1346 1279 συντονία,
1459 1236 1657 1271 Causarum
1679 1245 1763 1272 vero
1781 1236 1996 1281 diligentiam
2020 1236 2169 1272 habebit
2188 1246 2269 1273 cum
2289 1237 2386 1273 omni
2405 1247 2491 1273 con·

267 1279 328 1311 καὶ
350 1274 414 1312 οὐκ
438 1276 534 1312 ἐάσει
564 1278 606 1314 τὸ
635 1279 835 1336 γεωργικὸν
858 1279 1030 1325 καθάπερ
1053 1283 1155 1326 μέχρι
1179 1282 1246 1314 νῦν
1269 1278 1344 1314 ἀδι-
1360 1283 1401 1316 20
1414 1282 1559 1323 stantia,
1584 1291 1651 1316 nec
1671 1281 1764 1317 sinet
1783 1282 1958 1325 agricolas
1981 1282 2076 1317 sicut
2098 1282 2271 1317 hactenus
2296 1282 2400 1326 laedi,
2425 1293 2493 1318 nec

266 1322 434 1357 κεῖσθαι·
480 1320 563 1358 οὐδὲ
598 1323 850 1368 ἐνοχλησουσιν
884 1323 975 1370 ἡμᾶς
1009 1328 1064 1360 ἔτι
1099 1323 1346 1359 Καππαδόκαι
1413 1326 1656 1362 molestabunt
1686 1337 1752 1362 nos
1787 1326 1936 1362 ulterius
1969 1327 2201 1372 Cappadoces
2236 1327 2386 1362 multum
2420 1327 2491 1362 cla-

267 1365 383 1403 πολλὰ
405 1369 565 1424 ροῶντὲς
587 1383 627 1404 τε
652 1373 711 1404 καὶ
735 1371 1011 1417 προςκυνοῦντες
1039 1373 1099 1404 καὶ
1123 1367 1345 1417 ὀδυρόμενοι,
1414 1373 1555 1407 mantes
1587 1375 1624 1406 et
1653 1371 1843 1407 adorantes
1875 1376 1983 1416 atque
2011 1372 2298 1416 ingemiscentes,
2329 1372 2393 1408 sed
2415 1372 2493 1418 ipse

267 1409 350 1447 ἀλλ’
377 1411 484 1448 αυτὸς
507 1413 626 1449 αὐτοῖς
649 1413 836 1459 διαιτήσει.
883 1412 979 1461 ἡμεῖς
1000 1415 1068 1462 γὰρ
1099 1415 1135 1449 εἴ
1153 1429 1238 1449 τινα
1260 1413 1345 1450 ἴδοι·
1414 1416 1466 1452 eis
1489 1415 1672 1452 iudicabit.
1718 1416 1796 1452 Nos
1826 1417 1919 1451 enim
1949 1417 1980 1452 si
2002 1427 2106 1462 quem
2137 1417 2326 1453 viderimus
2349 1417 2492 1453 venien-

266 1471 334 1502 μεν
358 1455 521 1493 ἐλθόντα
550 1457 587 1494 ὃς
611 1457 653 1494 οὗ
684 1459 861 1507 πρότερον
888 1458 988 1505 αὐτῷ
1020 1461 1067 1494 τὰ
1099 1461 1211 1494 οἰκεῖα
1243 1472 1345 1503 προς·
1414 1465 1497 1504 tem,
1521 1461 1582 1506 qui
1603 1471 1687 1497 suas
1709 1461 1742 1496 ei
1761 1472 1834 1497 11011
1854 1460 1954 1507 prius
1973 1461 2153 1497 defleverit
2172 1462 2370 1507 passiones,
2395 1462 2492 1498 hunc

268 1500 435 1550 ωδύρατο
455 1501 573 1547 πάθη,
596 1506 727 1540 τοῦτον
747 1506 855 1540 αὐθις
880 1506 940 1540 ἐπὶ
960 1506 1021 1549 τῆς
1045 1504 1097 1548 χώ
1123 1517 1162 1540 ας
1185 1505 1253 1540 σὺν
1273 1503 1348 1539 ἀτι-
1364 1509 1404 1542 25
1414 1517 1541 1543 rursus
1567 1506 1612 1541 ad
1636 1506 1856 1551 provinciam
1881 1516 1962 1541 cum
1986 1507 2201 1542 contumelia
2223 1506 2423 1552 dirigimus,
2455 1517 2498 1542 eo

266 1551 334 1593 μία
357 1547 567 1603 στελοῦμεν,
599 1548 692 1585 διότι
724 1549 790 1585 τὸν
820 1550 978 1596 ἄρχοντα
1002 1564 1093 1584 κατα
1133 1549 1217 1584 πών
1239 1548 1349 1584 εὐθὺς
1419 1550 1514 1595 011οᾶ
1537 1551 1689 1586 iudicem
1710 1551 1915 1595 relinquens
1937 1561 2019 1585 mox
2042 1551 2154 1585 currit
2171 1551 2220 1586 ad
2239 1561 2316 1586 nos.
2354 1550 2392 1586 Si
2409 1561 2494 1586 vero

266 1590 401 1638 ἔδραμε
423 1606 513 1642 προς
534 1593 633 1640 ἡμᾶς.
681 1597 712 1629 εἰ
732 1593 772 1629 δὲ
794 1595 911 1640 οἱμὲν
931 1600 1110 1641 προςίοιεν
1133 1598 1192 1629 καὶ
1214 1594 1349 1643 λέγοιεν
1417 1596 1470 1631 illi
1493 1595 1635 1641 quidem
1658 1595 1810 1630 adierint
1837 1601 1874 1630 et
1898 1596 2052 1630 dixerint
2075 1596 2258 1639 violentos,
2290 1595 2352 1631 ille
2375 1598 2494 1631 autem

267 1640 349 1672 τοὺς
381 1637 612 1683 ἀδικοῦντας,
648 1638 754 1675 αὐτὸς
790 1639 830 1674 δὲ
863 1638 1154 1688 ἐκδεδιῃτημένος
1188 1639 1255 1684 ἤδη
1289 1643 1349 1675 καὶ
1417 1641 1527 1676 iudex
1550 1643 1587 1676 et
1610 1641 1774 1686 epulator
1797 1652 1869 1676 non
1895 1641 2094 1685 susceperit
2116 1640 2236 1684 verba,
2270 1640 2334 1676 sed
2355 1651 2495 1686 gemere

267 1685 418 1730 τρυφῶν
441 1682 504 1719 οὐκ
528 1687 782 1733 ἐπιστρέφοιτο
807 1687 884 1720 τῶν
909 1685 1037 1733 λόγων,
1068 1683 1150 1720 ἀλλ’
1177 1685 1348 1730 οἰμώζειν
1418 1686 1662 1731 supplicantes
1686 1685 1874 1728 dimiserit,
1907 1686 1959 1720 illi
1982 1696 2066 1721 vero
2099 1686 2215 1721 coacti
2237 1688 2426 1721 recurrant
2448 1685 2495 1722 ad

267 1727 349 1763 τοὺς
380 1729 603 1765 ἱκετεύοντας
633 1730 915 1787 καταλιμπάνω,
949 1731 984 1765 οἱ
1009 1729 1050 1765 δὲ
1079 1727 1348 1778 ἀναγκασθεῖεν
1362 1734 1404 1766 30
1417 1742 1497 1773 nos,
1529 1735 1564 1766 et
1594 1731 1746 1766 maxime
1776 1731 1808 1766 si
1840 1731 2005 1766 mulieres
2037 1731 2118 1774 sint,
2150 1741 2286 1776 nosque
2315 1730 2494 1767 discamus

266 1776 405 1819 τρέχειν
428 1776 476 1809 εἰς
499 1772 605 1820 ἡμᾶς,
637 1780 698 1810 καὶ
717 1774 872 1822 μαλιστα
899 1777 932 1810 εἰ
954 1779 1116 1824 γυναῖκες
1140 1776 1222 1818 εἷεν,
1254 1774 1349 1821 ἡμεῖς
1419 1776 1502 1821 quia
1521 1776 1573 1811 illi
1593 1776 1734 1821 quidem
1754 1776 1930 1820 adierunt,
1955 1776 2015 1811 ille
2032 1786 2114 1812 vero
2135 1786 2207 1811 uon
2225 1775 2324 1819 iuvit,
2349 1785 2495 1812 causam

266 1832 307 1854 τε
328 1819 515 1865 μάθοιμεν
538 1818 586 1855 ὠς
609 1820 646 1855 οἱ
662 1824 729 1864 μὲν
749 1819 956 1870 προςῆλθον
986 1818 1006 1856 ό
1028 1819 1067 1855 δὲ
1093 1818 1157 1855 οὐκ
1177 1817 1348 1866 ἠμύνατο,
1419 1822 1538 1857 statim
1559 1821 1821 1867 suspicabimur
1845 1821 1928 1865 quia
1972 1825 2093 1866 ropter
2110 1821 2250 1856 lucrum
2269 1825 2332 1856 aut
2347 1825 2496 1866 propter

267 1863 311 1898 τὸ
334 1866 484 1920 πρᾶγμά
515 1879 556 1900 τε
586 1863 695 1901 εὐθὺς
717 1863 991 1912 ὖποπτεὺσομεν
1023 1864 1072 1901 αἶς
1097 1862 1119 1908 ἢ
1142 1864 1204 1901 διὰ
1228 1865 1349 1912 κέρδος
1417 1867 1569 1911 gratiam
1593 1869 1658 1902 aut
1681 1871 1827 1911 propter
1851 1832 2022 1901 medelam
2048 1867 2246 1910 aliquorum
2268 1866 2405 1902 factum
2427 1870 2493 1909 est,

267 1906 290 1953 ἢ
312 1907 373 1944 διὰ
395 1924 501 1958 χαριν
530 1907 552 1954 ἢ
575 1909 636 1946 διὰ
659 1911 866 1958 θεραπείαν
895 1913 1010 1946 τινῶν
1032 1910 1239 1960 γενόμενον,
1270 1911 1348 1945 iav-
1418 1921 1553 1956 nosque
1578 1913 1610 1946 ei
1633 1912 1799 1947 omnibus
1823 1911 1937 1946 modis
1961 1912 2178 1954 resistemus,
2203 1916 2239 1946 et
2258 1922 2340 1946 cum
2362 1911 2495 1957 triplex

267 1953 351 1990 τούς
367 1968 408 1989 τε
429 1953 529 1999 αὐτῷ
551 1961 734 1991 παντοίως
749 1954 1022 2001 ἇντιστήσομεν,
1043 1960 1104 1990 καὶ
1122 1955 1272 2002 τριπλῆς
1289 1953 1348 1990 αὗ·
1362 1960 1404 1993 35
1418 1957 1527 1993 etiam
1550 1956 1811 1991 administratio
1837 1956 1894 1998 sit,
1922 1956 2097 2001 triplicem
2121 1957 2407 1992 contrarietatem
2429 1956 2494 1992 ha-

267 2001 322 2043 τῷ
347 2001 408 2044 τῆς
430 1998 536 2049 ἀρχῆς
558 2001 663 2045 οὔσης
685 2000 927 2055 τριπλασίονα
956 2005 1016 2036 καὶ
1041 2000 1109 2045 τὴν
1132 2000 1349 2036 ἀντίστασιν
1418 2002 1526 2046 bebit,
1550 2001 1748 2038 rebellante
1771 2001 1805 2036 ei
1826 2001 1965 2037 iustitia
1988 2005 2025 2036 et
2048 2001 2150 2037 nobis
2174 2004 2211 2036 et
2232 2001 2382 2046 legibus.

268 2045 351 2087 ἕξει,
374 2044 614 2090 πολεμοῦντος
638 2044 736 2092 αὖτῳ
759 2049 824 2082 τοῦ
849 2045 988 2082 δικαίου
1010 2060 1052 2081 τε
1075 2049 1135 2080 καὶ
1158 2044 1264 2090 ἡμῶν
1287 2049 1347 2080 καὶ

267 2093 288 2126 l
334 2091 413 2125 τῶν
432 2088 566 2136 νόμων.
594 2088 707 2138 εἈπερ
727 2090 839 2127 αὐτὸν
856 2090 1021 2138 προςήκει
1034 2089 1180 2126 δεδιότα
1194 2092 1349 2126 καὶτῶν
1415 2094 1438 2129 1
1483 2091 1584 2136 Quae
1613 2101 1694 2127 eum
1717 2091 1819 2127 decet
1851 2095 2066 2126 metuentem
2091 2094 2127 2126 et
2154 2094 2280 2127 nostra
2301 2095 2496 2144 praecepta

268 2131 452 2183 ἡμετέρων
486 2136 799 2185 παραγγελμάτων
829 2134 1206 2182 ἀναμιμνησκόμενον,
1242 2133 1349 2171 ἅτινα
1418 2141 1721 2180 rememorantem,
1753 2146 1846 2182 quae
1869 2136 1903 2172 ei
1927 2136 2090 2172 dabimus
2113 2146 2194 2172 cum
2216 2136 2494 2174 administratio-

268 2248 402 2296 quodsi
429 2259 503 2295 qua
529 2252 712 2296 potestate
741 2248 911 2295 qraviore
938 2247 1122 2295 indiqeat,
1154 2248 1337 2285 nuntiabit
1364 2259 1440 2284 rem
1471 2253 1508 2285 et
1538 2252 1621 2284 tuae
1642 2248 1854 2284 sublimitati
1884 2251 1921 2283 et
1941 2247 2204 2299 qloriosissimo
2224 2248 2436 2295 praeposito
2458 2253 2495 2285 et

267 2293 418 2341 reliquis
441 2293 680 2330 celeberrimis
701 2305 760 2329 ma
787 2293 986 2336 istratibus,
1043 2294 1083 2329 ui
1103 2292 1227 2340 aliquo
1251 2293 1356 2329 modo
1379 2294 1435 2329 rei
1453 2294 1656 2340 participes
1678 2297 1775 2336 sunt,
1804 2297 1841 2329 et
1862 2292 1966 2328 nobis
1987 2292 2089 2339 ipsi&
2111 2302 2250 2338 nosque
2272 2294 2308 2328 ei
2328 2292 2418 2340 qnid
2432 2293 2493 2340 fa-

269 2341 289 2375 1
336 2338 500 2375 ciendum
521 2340 572 2375 sit
592 2339 756 2386 explana
779 2340 880 2374 imus.
975 2338 1027 2374 Ta
1051 2338 1134 2375 ulae
1163 2342 1283 2380 autem
1306 2338 1499 2385 quominus
1521 2342 1788 2386 proponantur
1815 2338 1854 2373 in
1870 2338 2065 2385 provincia
2095 2338 2156 2373 cui
2169 2342 2323 2390 praeest
2347 2339 2496 2374 nomina

269 2383 497 2431 quorundam
520 2383 728 2420 exhibentes
751 2386 919 2432 (excepto
944 2385 1094 2431 imperio
1118 2387 1154 2419 et
1175 2385 1334 2427 aerario)
1359 2383 1450 2420 adeo
1467 2383 1689 2431 prohibebit,
1719 2387 1759 2418 ut
1789 2387 1826 2420 et
1856 2384 1951 2419 bona
1973 2393 2097 2434 eorum
2115 2393 2189 2435 ‘qut
2210 2382 2301 2429 quid
2321 2382 2496 2419 eiusmodi

267 2429 395 2476 faeere
417 2434 595 2466 conentur
623 2429 785 2476 publicet
806 2433 843 2466 et
867 2440 995 2465 manus
1018 2428 1208 2465 abscindat
1236 2429 1282 2464 iis
1305 2430 1369 2475 qui
1392 2440 1454 2464 eas
1476 2429 1734 2476 imposuerunt,
1757 2429 1792 2464 si
1805 2433 2020 2475 praesentes
2050 2438 2121 2474 ipsu
2144 2427 2184 2463 td
2206 2428 2290 2464 ausi
2308 2428 2404 2470 sint;
2436 2429 2496 2464 sin

270 2474 470 2510 absentium
500 2480 781 2522 procuratores,
817 2474 991 2521 qravibus
1019 2485 1081 2510 eos
1111 2474 1331 2510 cruciatibus
1361 2473 1525 2510 subiciat.
1587 2472 1696 2520 Ipsos
1726 2484 1811 2510 vero
1845 2473 1969 2509 titulos
1998 2472 2164 2520 quisquis
2193 2473 2350 2520 affiqerc
2384 2483 2496 2510 ausus

269 2521 318 2556 sit
347 2520 421 2556 sive
443 2531 624 2567 praesens
651 2521 727 2556 sive
753 2530 825 2566 pro
857 2519 1003 2555 absente
1033 2530 1165 2566 aqens,
1202 2519 1367 2555 sublatos
1395 2520 1518 2555 statim
1548 2519 1588 2554 in
1619 2519 1739 2566 capite
1769 2530 1893 2554 eorum
1922 2518 1986 2565 qui
2016 2529 2079 2554 eos
2102 2522 2381 2565 proposuerunt
2409 2528 2494 2555 con»

269 2565 423 2612 frinqet,
447 2566 564 2601 sciens
585 2576 635 2608 se,
658 2565 692 2601 si
714 2564 804 2600 haec
827 2566 976 2612 coqnita
998 2564 1214 2611 neqleaeerit,
1238 2565 1276 2599 in
1298 2565 1376 2600 suis
1397 2564 1515 2612 ipsum
1539 2564 1646 2600 rebus
1662 2563 1946 2610 publicationem
1969 2574 2046 2599 esse
2068 2566 2316 2610 experturum.

405 2610 467 2646 IX.
514 2609 656 2646 Litibus
678 2621 762 2646 vero
794 2620 874 2645 cum
899 2610 996 2645 omni
1027 2610 1139 2645 animi
1161 2610 1391 2645 contentione
1413 2620 1539 2645 curam
1562 2608 1759 2652 adhibebit,
1789 2619 1855 2644 nec
1871 2608 2038 2655 patietur
2060 2607 2243 2654 aqricolas
2264 2608 2361 2644 sicut
2381 2619 2496 2655 usque

271 2654 391 2692 adhue
413 2656 550 2691 iniuria
574 2655 702 2702 affici;
734 2665 850 2702 neque
875 2653 1109 2706 Cappadoces
1133 2654 1236 2690 nobis
1259 2654 1415 2702 amplius
1438 2654 1597 2706 neqotia·
1638 2657 1800 2690 acessent
1828 2653 1942 2705 multa
1965 2653 2161 2705 clamantes
2175 2657 2227 2705 ‘et
2246 2663 2291 2705 su
2305 2652 2495 2706 plicantes

271 2705 308 2737 et
330 2705 607 2747 conquerentes,
638 2700 703 2737 sed
724 2700 738 2735 i
764 2711 803 2736 se
825 2700 871 2735 iis
893 2700 951 2735 ius
974 2699 1077 2736 dicet.
1132 2700 1212 2735 Nos
1241 2699 1334 2735 enim
1364 2700 1397 2735 si
1426 2710 1531 2746 quem
1561 2710 1595 2736 οι
1622 2710 1746 2735 eamus
1777 2709 1908 2740 venire,
1940 2708 2002 2744 qui
2026 2708 2100 2733 non
2116 2708 2227 2750 prius
2256 2697 2285 2732 il
2298 2708 2310 2733 i
2341 2709 2496 2750 intumas

271 2756 359 2782 suas
381 2756 450 2782 con
477 2750 599 2782 uestus
621 2747 687 2789 sit,
743 2756 812 2781 unc
834 2756 965 2780 rursus
987 2756 1067 2781 cum
1090 2745 1290 2792 iqnominia
1318 2746 1357 2779 in
1378 2744 1602 2792 provinciam
1625 2744 1820 2786 mittemus,
1854 2744 2023 2790 quoniam
2049 2746 2266 2789 maqistratu
2290 2748 2494 2791 praeterito

271 2790 394 2827 statim
488 2802 557 2827 nos
580 2791 751 2827 cucurrit.
805 2789 847 2826 Si
870 2801 955 2827 vero
980 2790 1035 2825 illi
1057 2790 1200 2836 quidem
1231 2791 1348 2842 ipsum
1379 2789 1513 2826 adeant
1539 2800 1671 2836 eosque
1701 2788 1764 2835 qui
1786 2788 1957 2824 iniuriam
1986 2787 2054 2823 sibi
2082 2788 2271 2824 intulerint
2299 2788 2495 2840 nemnem,

271 2837 350 2884 ipse
372 2847 457 2872 vero
479 2836 552 2872 iam
576 2836 740 2872 licentius
762 2836 882 2871 vivens
905 2846 949 2871 ac
972 2835 1144 2871 luxuriae
1161 2835 1303 2871 deditus
1326 2846 1400 2871 non
1419 2834 1583 2871 advertat
1607 2835 1763 2869 animum
1784 2833 1834 2869 ad
1854 2844 2036 2869 sermones
2060 2844 2204 2876 eorum,
2231 2832 2296 2869 sed
2313 2833 2497 2881 supplices

267 2881 424 2962 ''235⁰'‘
445 2882 554 2934 fm’
578 2881 677 2928 ‘'²³³²“
700 2880 750 2917 “d
771 2891 839 2916 ⁷²⁰⁸
862 2891 1009 2961 &7515
1017 2885 1398 2961 lectitavisti
1400 2880 1461 2916 ⁶⁷²²
1484 2879 2250 2960 5233322‘223'2sustinnisset
2265 2888 2335 2959 525⁸
2353 2877 2495 2959 ,m

273 2937 984 3023 geltpffip'giugenveefirgiu‘hieffiw’g'hdgm
998 2938 1147 3016 Sfcictam
1170 2981 1261 3022 esse,
1282 2936 1544 3023 posquesffssos
1566 2970 1624 3005 illi
1645 2935 1807 3021 emnibils
1827 2935 1943 3020 recoctis
1966 2934 2200 3048 opponemug,
2224 2934 2262 3004 eli
2276 2934 2384 3003 01ιηῖἰ
2378 2968 2496 3049 trigg-

273 3027 350 3053 cem
400 3021 586 3053 otestatem
609 3021 727 3063 qerat,
760 3016 936 3064 triplicem
960 3027 1105 3062 quoque
1129 3019 1394 3063 oppositionem
1417 3014 1560 3051 habebit
1581 3018 1618 3051 et
1639 3025 1719 3050 ture
1741 3018 1778 3050 et
1799 3013 1911 3066 nobis·
1926 3019 1961 3050 et
1998 3013 2174 3065 eqzbuse
2196 3017 2429 3066 repugna-nti·
2483 3038 2495 3048 .

273 3063 296 3099 1
346 3027 447 3105 &cae
470 3061 612 3109 quidem
635 3062 786 3098 veritum
810 3072 888 3097 eum
918 3065 954 3098 et
976 3071 1167 3097 memorem
1188 3064 1469 3107 praeceptorum
1492 3065 1709 3102 nostrorum,
1739 3070 1834 3106 quae
1855 3058 1909 3094 illi
1933 3069 2013 3094 cum
2036 3063 2272 3104 maqistratus
2295 3057 2497 3105 inaqnsbus

320 3178 341 3211 2
365 3174 454 3222 πρός
475 3187 517 3210 τε
539 3172 606 3219 τὴν
626 3177 729 3218 ΕΒς]
754 3175 842 3222 πρὸς
864 3172 932 3217 τὴν
953 3175 996 3208 Μ
1010 3173 1022 3219 ΙΙ
1038 3176 1058 3208 4
1082 3170 1267 3220 ἄρχοντας]
1292 3184 1351 3207 no·
1383 3173 1388 3212 Ι
1422 3174 1455 3208 Τ
1469 3171 1481 3218 ΙΙ
1499 3175 1541 3207 14
1560 3173 1745 3215 infringere
1761 3173 1793 3206 T
1807 3171 1956 3214 infringe
1976 3173 2007 3205 V
2021 3171 2033 3215 ΙΙ
2049 3172 2091 3206 22
2117 3174 2150 3205 et
2170 3171 2344 3205 adorantes
2366 3182 2425 3205 on.
2440 3169 2494 3211 V!

274 3225 359 3255 stros
376 3221 502 3255 iudices
525 3233 546 3259 ς
563 3222 611 3264 115
636 3218 750 3265 αὐτῷ]
776 3223 883 3264 ipsum
905 3222 940 3262 (i.
954 3233 981 3254 ε.
996 3215 1099 3261 αὐτὸ)
1119 3218 1166 3264 §ss
1190 3221 1227 3254 15
1251 3230 1351 3264 περι·
1420 3220 1463 3253 23
1487 3220 1516 3251 si
1540 3229 1637 3261 quem
1658 3219 1755 3260 Tot]
1778 3218 1806 3250 si
1831 3217 1963 3259 quidem
1985 3217 2042 3259 Vss
2058 3218 2102 3251 24
2124 3227 2216 3249 suam
2238 3217 2292 3251 V·
2336 3215 2392 3248 *εἰ
2410 3214 2490 3254 11011]

308 3264 373 3307 ’ξει
397 3267 469 3301 ML
498 3266 512 3310 ΙΙ
540 3267 582 3302 16
605 3263 698 3308 siche
722 3267 753 3299 L
782 3265 808 3318 Ι[
826 3267 865 3300 19
890 3262 1044 3299 δικαίων
1067 3265 1099 3298 L
1119 3263 1134 3319 fl
1164 3264 1253 3298 πᾶσι
1274 3264 1305 3298 L
1340 3262 1352 3305 ΙΙ
1421 3264 1452 3297 ei
1471 3265 1589 3305 01ῖ10(ἰ.
1603 3277 1629 3298 ε.
1643 3262 1793 3305 omnino)
1816 3262 1851 3296 V
1867 3262 1957 3296 enim
1974 3262 2006 3295 Τ
2014 3264 2058 3295 al.
2074 3263 2086 3305 ιΙ
2105 3262 2257 3295 desuerit
2319 3260 2391 3304 125
2414 3267 2490 3291 oum

275 3279 319 3346 {g
342 3309 478 3356 ἴδωμεν
503 3312 537 3345 Β
555 3310 567 3355 ΙΙ
594 3312 638 3347 26
662 3308 877 3355 στελλουμεν
903 3311 974 3344 ML
1003 3309 1015 3354 ΙΙ
1045 3311 1087 3344 28
1111 3306 1179 3352 ηδη
1204 3322 1262 3344 om.
1286 3321 1307 3346 ς
1341 3307 1354 3352 ΙΙ
1422 3307 1473 3352 Vl
1488 3322 1546 3361 ?”¹.·
1563 3309 1602 3344 T.
1616 3308 1661 3343 al.
1677 3307 1692 3354 fl
1710 3306 1946 3360 oontumeliam
1967 3305 2048 3350 VT!
2060 3305 2130 3360 ‘eoJ
2148 3308 2181 3359 et
2201 3306 2285 3357 libri,
2303 3315 2361 3354 on:
2378 3300 2492 3392 „agn

277 3358 319 3391 30
343 3354 608 3402 καταλιμπάνει
632 3357 667 3390 Β
690 3357 702 3399 ΙΙ
733 3358 774 3390 33
800 3352 848 3389 ὠς
870 3351 904 3398 ἢ]
928 3353 950 3398 ἢ
973 3369 1032 3389 om.
1058 3367 1078 3392 ς
1101 3354 1114 3399 ΙΙ
1143 3356 1186 3389 34
1210 3349 1355 3388 ἑαυτούς
1386 3359 1389 3402 2
1422 3355 1462 3387 27
1489 3353 1542 3387 1111
1562 3366 1621 3387 om.
1643 3353 1707 3397 Vfl
1729 3352 1862 3395 quidem
1882 3352 1989 3403 pulo]
2014 3361 2073 3394 qui
2097 3352 2172 3403 libri
2188 3350 2201 3393 Ι
2220 3348 2399 3382 adiecerint

275 3413 316 3435 τε
339 3399 438 3446 αὐτῷ
463 3402 534 3436 LB
543 3403 602 3446 (ς)]
626 3398 800 3437 hramous
822 3401 863 3435 τὲ
886 3397 999 3434 αὐτὸν
1020 3400 1062 3434 Μ
1075 3399 1089 3444 ΙΙ
1106 3401 1147 3435 37
1173 3397 1277 3443 ἡμῶν
1294 3399 1354 3432 καὶ
1422 3398 1585 3432 uiolentos
1606 3399 1637 3432 V
1656 3399 1668 3441 ΙΙ
1694 3401 1733 3432 31
1757 3397 1856 3439 iuvit]
1880 3396 1975 3429 iubet
1995 3397 2073 3430 libri
2092 3397 2196 3438 (iuvet
2207 3391 2342 3433 Beck).
2367 3391 2411 3425 32
2434 3401 2489 3424 su-

277 3458 336 3480 om.
355 3447 392 3481 B
1421 3444 1623 3486 spioauimus
1649 3444 1726 3477 libri
1753 3442 1766 3487 Ι
1791 3441 1923 3475 luorum
1945 3443 2004 3475 aut
2027 3451 2088 3484 pro
2110 3442 2160 3472 ter
2181 3449 2238 3472 on·
2255 3435 2312 3480 V}
2336 3436 2389 3488 33·
2403 3435 2492 3469 facta

1422 3490 1506 3532 vulg.
1524 3488 1538 3533 ΙΙ
1555 3490 1599 3523 34
1616 3487 1798 3522 resistimus
1819 3486 1874 3531 VH
1893 3489 1935 3521 35
1949 3486 2047 3519 etiam
2130 3485 2164 3516 et
2180 3482 2235 3522 al,
2247 3493 2306 3514 om.
2320 3480 2392 3514 Tei
2404 3493 2444 3514 vu
2481 3507 2490 3516 .

1421 3534 1475 3567 An
1499 3535 1601 3567 etiam
1625 3534 1844 3567 collocandum
1862 3539 1938 3576 post
1960 3526 2147 3574 triplicem?
2163 3524 2177 3571 Ι
2191 3525 2230 3559 flt
2249 3524 2303 3570 V}
2317 3527 2364 3577 ‘36
2385 3525 2442 3578 rel>
2475 3544 2490 3578 ἶ

325 3582 345 3615 2
369 3582 410 3614 ad
432 3582 611 3661 supplevi}
630 3585 650 3618 3
675 3581 878 3616 samossimos
905 3580 974 3660 Va
988 3583 1008 3615 4
1032 3580 1147 3623 aliqua
1169 3579 1267 3624 nula]
1290 3577 1354 3612 sli-
1423 3577 1526 3621 laute]
1547 3577 1733 3612 reuelantes
1746 3577 1831 3612 Tul.
1852 3575 2037 3610 releusntss
2056 3570 2114 3616 V}
2127 3571 2288 3604 iustitiam
2301 3571 2492 3611 (iustiniani

279 3625 339 3668 qui
369 3625 453 3659 Vai.
483 3627 587 3669 aliqui
633 3628 666 3662 Τ
690 3627 703 3672 ΙΙ
729 3626 910 3671 patfipatio
980 3626 991 3647 ¹
1015 3625 1029 3671 Ι
1057 3629 1077 3661 5
1102 3623 1354 3668 explauauimns
1428 3622 1477 3665 V)
1502 3622 1609 3668 librili
1632 3624 1675 3658 38
1697 3623 1842 3656 nostram
1862 3620 1944 3655 Vol.
1959 3619 1974 3663 Ι
1990 3618 2193 3662 praeceptam
2215 3614 2265 3649 V·
2283 3616 2295 3659 ΙΙ
2318 3616 2361 3649 39
2385 3626 2491 3650 remo-

280 3670 359 3704 libri
380 3669 393 3714 Ι
418 3672 438 3704 6
462 3671 581 3704 titulus
608 3672 690 3706 Tol.
717 3671 731 3716 fl
759 3674 778 3705 7
803 3671 1063 3715 appellationum
1088 3671 1167 3704 libri
1187 3668 1202 3714 Ι
1229 3671 1269 3703 10
1292 3678 1353 3702 au·
1420 3669 1616 3710 morantem]
1641 3676 1856 3702 :memorare
1876 3665 1912 3700 V
1932 3670 2111 3698 memorare
2135 3660 2168 3694 T
2179 3660 2223 3694 al.
2256 3664 2490 3695 memorantem

279 3714 365 3748 forst
377 3715 477 3760 cuiq.)
491 3717 607 3750 offerro
621 3717 698 3750 libri
713 3716 726 3761 Ι
745 3720 781 3751 11
802 3716 915 3760 magni
936 3715 994 3761 Vll
1012 3718 1052 3751 13
1069 3712 1353 3760 praesumpserint
1385 3733 1390 3751 .
1420 3714 1508 3757 vulp.
