2618 4010
155 156 215 186 DE
242 155 708 188 ADMINISTRATORIBUS

1221 139 1305 186 465

2076 139 2183 182 Nov.
2206 137 2319 181 XCV
2357 141 2371 178 1

1161 264 1318 300 CAPUT
1342 263 1371 299 Ι.

214 326 434 367 Θεσπίζομεν
458 326 581 356 τοίνυν
609 321 737 366 μηδενὶ
768 322 954 358 παντελῶς
983 321 1108 356 ἄδειαν
1135 321 1227 355 εἶναι

155 369 216 412 τῆς
246 368 387 403 οἱαςοῦν
417 370 586 415 ἐπαρχίας
614 366 763 413 ἄρχοντι
793 369 869 402 τῶν
892 382 931 402 τε
955 367 1061 411 ἑῴων
1089 368 1166 401 τῶν
1188 379 1228 400 τε

155 414 333 461 ἑσπερίων
361 413 437 448 τῶν
467 427 505 447 τε
529 413 759 459 ἑκατέρωθεν
786 411 923 457 ταύτην
948 410 1227 456 ἀπολιμπάνειν,

156 462 242 504 πρὶν
271 457 319 493 ἄν
346 458 549 492 κατάθοιτο
578 458 645 501 τὴν
669 456 791 504 ἀρχήν,
825 455 914 493 ἀλλὰ
946 462 1004 492 καὶ
1027 457 1118 501 μετὰ
1142 453 1226 490 ταύ-

155 517 221 546 την
253 503 522 547 (ἀνανεούμεθα
545 502 613 550 γὰρ
637 503 677 537 τὸ
704 503 874 546 παλαιόν)
907 504 971 538 τὰς
1002 503 1228 545 πεντήκοντα

154 546 354 594 (Σιατρίβειν
370 547 500 594 ἡμέρας
516 547 668 593 δημοσίᾳ
685 548 907 595 φαινόμενον
922 548 1014 583 κατὰ
1027 548 1094 590 τὴν
1106 547 1228 591 χώραν

153 593 192 635 ης
215 588 316 639 ἦρξε,
348 595 482 639 πρᾶξίν
515 608 554 628 τε
586 591 860 638 ὑπομνημάτων
890 591 1102 628 συνιστάναι
1132 587 1225 625 καθ’

153 636 197 681 ἢν
221 637 407 685 ἀποφοιτᾷ
440 641 502 682 τῆς
532 638 648 685 χώρας
672 638 820 684 ἡμέραν,
845 640 905 673 ἴνα
925 637 1144 680 καθεστήκοι
1169 634 1228 679 δῆ-

152 683 209 717 λος
232 685 303 718 εἴτε
327 685 459 730 θαρρεῖ
481 688 553 718 τοῖς
570 686 685 727 ἑαυτῷ
712 687 973 731 πεπραγμένοις
998 684 1068 717 εὖτε
1088 685 1147 715 καὶ
1167 680 1226 725 μή.

151 732 170 764 1
226 731 272 763 Εἰ
303 727 344 763 δέ
372 741 425 764 τις
452 728 473 773 ἢ
505 727 617 775 ἀρχὴν
648 729 771 774 ἄρχων
801 730 883 764 τινὰ
910 727 1172 771 στρατιωτικὴν
1205 725 1228 769 ἢ

153 772 341 818 πολιτικὴν
377 772 399 817 ἢ
435 778 494 808 καὶ
529 774 756 818 παυσάμενος
791 772 921 817 ταύτης
956 771 1129 808 ἀπολίποι
1160 771 1228 814 τὴν

151 818 284 866 χώραν,
309 817 328 854 ὁ
350 822 416 864 μὲν
436 819 559 867 ἅρχων
580 818 599 854 ὁ
622 817 759 863 ταύτην
784 817 993 854 ἀπολείπων
1015 821 1120 863 χωρὶς
1144 815 1228 859 ἡμε-

151 869 254 909 τέρας
277 865 466 899 κελεύσεως
491 863 597 900 αὐτὸς
612 867 679 911 μεν
703 864 959 899 καθοσιώσεως
982 866 1100 906 ἔνοχος
1121 864 1226 902 ἔσται,

153 911 199 943 εἰς
230 908 269 944 δὲ
300 911 366 954 τὴν
394 914 570 955 ἐπαρχίαν
601 911 709 944 αὖθις
733 910 952 956 ἐκπεμφθεὶς
976 909 1066 953 μετὰ
1088 907 1131 942 τὸ
1156 910 1228 940 τοῖς

1342 320 1527 354 Sancimus
1548 318 1654 362 igitur
1677 318 1764 352 nulli
1788 319 1929 362 penitus
1953 318 2132 352 licentiam
2157 327 2233 352 esse
2256 316 2369 351 cuius-

1298 376 1448 409 cumque
1472 364 1674 409 provinciae
1698 363 1816 405 iudici,
1841 369 1876 397 et
1900 363 2123 397 orientalium
2148 368 2184 397 et
2209 361 2371 397 occiden-

1297 410 1422 445 talium
1454 416 1488 444 et
1513 420 1556 443 ex
1580 413 1740 452 utroque,
1773 418 1850 442 eam
1874 409 2070 451 relinquere
2100 412 2287 452 antequam
2312 407 2371 441 de-

1297 459 1406 500 ponat
1431 454 1625 498 cingulum,
1658 453 1720 488 sed
1745 453 1850 487 etiam
1874 456 2002 496 postca
2033 460 2255 493 (renovamus
2280 452 2372 487 enim

1264 504 1282 535 5
1297 504 1521 540 vetustatem)
1548 498 1805 551 quinquaginta
1825 498 2032 533 commorari
2053 498 2128 532 dies
2146 498 2287 543 publice
2311 508 2371 540 ap-

1297 548 1480 590 parentem
1512 545 1549 579 in
1579 553 1764 588 provmcia
1797 543 1834 578 in
1866 554 1935 587 qua
1966 543 2241 584 administravit,
2274 545 2373 586 gesta

1298 602 1438 636 quoque
1455 591 1764 626 monumentorum
1782 588 1968 631 conficere,
1989 590 2182 623 secundum
2202 598 2293 632 quae
2310 588 2371 622 ad-

1296 637 1392 671 venit
1421 635 1636 681 provinciae,
1674 638 1713 668 ut
1746 634 1792 669 sit
1825 634 1942 678 palam
1975 633 2047 668 sive
2070 633 2236 668 fiduciam
2266 633 2373 667 habet

1297 681 1333 715 in
1358 681 1430 716 suis
1454 681 1594 716 actibus
1625 680 1696 715 sive
1720 680 1824 713 etiam
1849 690 1930 713 non.

1244 729 1315 762 101
1365 727 1401 761 Si
1425 727 1502 771 quis
1528 729 1646 760 autem
1670 724 2012 760 administrationem
2032 723 2282 757 administrans
2309 722 2371 756 ali-

1298 782 1402 816 quam
1433 771 1620 806 militarem
1649 771 1702 805 vel
1736 770 1871 804 civilem
1906 772 1969 803 aut
2001 768 2106 803 etiam
2137 773 2291 802 remotus
2327 768 2372 802 ab

1298 827 1340 851 ea
1359 816 1539 860 relinquat
1559 815 1794 860 provinciam,
1818 814 2069 849 administrans
2091 813 2231 856 quidem
2255 812 2373 847 adhuc

1297 872 1374 896 eam
1410 862 1493 897 dum
1527 861 1694 905 relinquit
1730 860 1819 895 citra
1854 863 2012 894 nostram
2048 858 2258 900 iussionem,
2295 858 2372 901 ipse

1298 907 1436 951 quidem
1462 906 1656 941 maiestatis
1681 915 1763 940 reus
1788 905 1849 946 sit,
1882 905 1918 939 in
1941 904 2123 949 provincia
2150 914 2229 938 vero
2256 903 2371 937 denuo

153 955 363 1009 έγκαλοῆσιν
395 954 698 1009 ἀπολογήσαᾳθαι
722 968 920 997 τηνικαυτα
952 955 1015 997 τῆς
1044 953 1227 987 uastoque-
1243 956 1283 988 15
1298 952 1496 987 destinatus
1526 955 1714 996 postquam
1745 950 1999 985 accusantibus
2024 949 2253 990 satisfecerit,
2286 951 2372 982 tuuc

153 1013 241 1035 σεως
264 1013 327 1034 τας
350 1003 396 1035 εἰς
419 1004 572 1043 ἔσχατον
597 1004 757 1043 υπεχέτω
782 998 919 1034 ποινάς.
960 1001 989 1033 εἰ
1013 997 1052 1032 δὲ
1071 998 1227 1031 καταθέ-

151 1057 254 1090 μενος
277 1047 345 1089 την
370 1044 482 1091 ἀρχὴν
506 1047 583 1080 εἶτα
606 1047 653 1090 μὴ
671 1044 869 1091 διατρίψειε
892 1045 956 1079 τιὶς
972 1046 1228 1088 νενομισμένας

154 1089 281 1137 ἡμέρας
306 1091 459 1135 δημοσίᾳ
488 1093 603 1125 πᾶσιν
627 1091 757 1125 ἑαυτὸν
782 1089 997 1132 ἐπιδεικνύς,
1030 1086 1118 1123 ἀλλὰ
1144 1086 1227 1134 δρα-

153 1136 333 1171 πετεύσειε
356 1138 418 1180 τῆς
441 1136 566 1182 χώρας,
591 1135 637 1170 τὰ
662 1134 729 1179 ἤδη
754 1133 845 1180 παρ’
869 1133 973 1179 ἡμῶν
996 1138 1077 1179 περὶ
1098 1133 1228 1168 τούτου

151 1182 175 1216 2
221 1183 537 1226 νενομοθετημένα
560 1185 712 1226 κρατεῖν.

152 1226 377 1272 αγορεύομεν,
411 1224 498 1261 ὥςτε
536 1224 685 1261 ἐπειδάν
718 1240 802 1260 τινα
826 1225 1072 1271 παραλάβοιεν
1105 1221 1228 1269 ἀρχήν,

152 1269 371 1314 ἀντέχεσθαι
394 1272 541 1314 ταύτης·
576 1272 656 1306 τοὺς
680 1269 719 1305 δὲ
736 1270 925 1314 διαδόχους,
947 1268 1062 1304 αὐτοῖς
1085 1270 1147 1312 τῆς
1167 1266 1227 1313 ἅρ-

151 1319 211 1359 χῆς
233 1321 438 1363 γινομένους
468 1318 516 1361 μὴ
541 1315 736 1362 ὑπερορίως
768 1320 925 1361 πέμπειν
955 1316 1000 1350 τὰ
1025 1313 1228 1357 καλούμενα

152 1362 397 1416 διατάγματα,
421 1361 516 1417 μηὸιξ1
527 1361 657 1396 παύειν
675 1364 741 1405 μὲν
757 1363 837 1396 τοὺς
852 1358 1075 1408 ἡγουμένους,
1101 1359 1228 1393 αὐτοὺς

152 1406 189 1440 δὲ
213 1421 304 1441 κατα
330 1407 462 1451 σχολὴν
490 1422 514 1462 37
541 1407 602 1441 τὰς
627 1404 834 1453 ὁδοιπορίας
858 1407 1045 1441 ποιεῖσθαι
1065 1404 1088 1449 ἢ
1105 1408 1227 1438 ε’νταυ-
1241 1407 1283 1439 25

152 1453 217 1486 &ol
247 1452 447 1498 διατρίβειν
483 1467 504 1496 η
540 1455 602 1488 ἐπί
631 1464 732 1486 τινας
766 1454 886 1498 ε’τέρας
921 1451 1099 1497 πρότερον
1135 1452 1227 1484 ἰέναι

149 1498 275 1542 χώρας,
300 1497 476 1543 πατρίδας
496 1512 535 1531 τε
552 1495 749 1544 ὀψομένους
772 1502 831 1531 καὶ
856 1495 925 1531 ὅσα
949 1500 1021 1531 τοῖς
1043 1493 1230 1538 εύτυχοῦσί

149 1557 188 1576 τε
220 1547 279 1576 καὶ
314 1543 679 1588 καταβλακευομένοις
714 1540 927 1588 ἀνθρώποις
959 1541 1122 1586 συνήθη-
1135 1540 1227 1575 καθ’-

150 1591 304 1631 έστηκεν,
341 1586 431 1622 ἀλλὰ
465 1589 610 1623 θᾶττον
642 1591 702 1624 ἐπὶ
733 1588 799 1632 τὴν
831 1586 944 1632 ἀρχὴν
976 1589 1067 1621 ἰέναι
1099 1588 1138 1630 ἧς
1165 1585 1228 1619 τὰς

149 1631 251 1712 gula?
274 1633 491 1679 παρέλαβον,
522 1631 608 1689 eliste
637 1634 685 1678 μὴ
709 1634 798 1687 κτους
827 1636 894 1677 μὲν
926 1632 1114 1668 παύεσθαι
1146 1631 1228 1665 τοὺς
1239 1634 1283 1666 30

173 1681 189 1712 ὲ
204 1693 266 1713 ουκ
284 1680 375 1713 εἶναι
399 1683 459 1712 καὶ
474 1679 541 1722 τὴν
556 1693 678 1724 χωραν
699 1692 857 1724 αναρχον
872 1682 1003 1723 μένειν.
1049 1675 1137 1711 ἀλλὰ
1155 1676 1224 1720 πρὸ

151 1722 213 1758 δύο
238 1724 366 1768 μόνων
390 1723 535 1768 ἡμερῶν
558 1726 622 1758 τοῦ
646 1725 707 1767 τῆς
732 1727 901 1766 ἐπαρχίας
925 1724 1107 1766 ἐπιβῆναι,
1131 1719 1222 1755 καθ’)

150 1767 195 1812 ἣν
219 1767 238 1803 ὁ
263 1770 330 1813 τὴν
355 1767 468 1815 ἀρχὴν
492 1771 584 1812 έχων
609 1771 704 1814 ἐστί,
737 1756 897 1803 στέλλειν
921 1769 1010 1815 πρὸς
1034 1765 1147 1802 αὐτὸν
1171 1781 1228 1813 φι-

150 1813 232 1849 λίαν
263 1815 456 1858 ἐπιστολὴν
486 1814 708 1859 βουλομένην
738 1813 805 1857 τὴν
836 1814 942 1855 τάξιν
972 1814 1230 1859 ἐκπεμφθῆναι

784 1178 918 1215 Ἐκεῖνο
940 1179 979 1214 δὲ
1003 1176 1117 1214 ἅπασι
1142 1192 1227 1223 προ-
1242 1179 1320 1213 202
1367 1179 1493 1213 valere.

1296 997 1493 1031 maiestatis
1518 997 1728 1032 novissimas
1750 996 1926 1030 sustineat
1949 1005 2092 1039 poenas.
2146 994 2181 1029 Si
2206 1004 2287 1029 vero
2312 993 2370 1027 de-

1296 1053 1432 1087 ponens
1459 1042 1638 1085 cingulum
1670 1041 1794 1076 deinde
1826 1052 1897 1076 non
1920 1045 2077 1075 moretur
2100 1039 2273 1084 legitimos
2298 1039 2371 1073 dies

1296 1087 1442 1132 publice
1474 1087 1612 1122 cunctis
1638 1091 1749 1121 semet
1772 1086 1887 1131 ipsum
1911 1086 2101 1121 ostendens
2134 1088 2170 1120 et
2193 1084 2306 1128 fugiat
2330 1084 2373 1118 de

1296 1132 1489 1177 provincia,
1523 1143 1612 1176 quae
1638 1132 1770 1167 dudum
1795 1142 1816 1165 a.
1840 1131 1943 1166 nobis
1969 1131 2012 1165 de
2032 1131 2100 1165 hoc
2126 1131 2264 1165 sancita
2289 1131 2373 1164 sunt

1586 1177 1678 1212 Illud
1709 1182 1827 1211 autem
1858 1177 2022 1211 omnibus
2052 1176 2299 1220 praedicimus,
2333 1176 2373 1208 ut

1298 1223 1381 1258 dum
1417 1223 1560 1267 aliquod
1594 1222 1798 1267 acceperint
1833 1221 2028 1265 cingulum,
2068 1224 2238 1255 tueantur
2273 1220 2369 1260 illud,

1298 1278 1526 1303 successores
1551 1272 1670 1302 autem
1695 1267 1745 1302 eis
1766 1267 1895 1311 cinguli
1921 1268 2036 1301 factos
2061 1266 2157 1301 solos
2182 1276 2253 1301 non
2279 1267 2371 1300 ultra

1296 1314 1466 1348 terminos
1486 1313 1624 1347 mittere
1649 1322 1739 1357 quae
1759 1316 1933 1347 vocantur
1957 1311 2157 1353 interdicta,
2182 1321 2295 1354 neque
2316 1321 2370 1344 re-

1296 1369 1435 1394 movere
1467 1358 1607 1403 quidem
1637 1358 1835 1402 praesides,
1868 1357 1966 1401 ipsos
1997 1359 2115 1391 autem
2148 1361 2210 1391 aut
2234 1366 2372 1391 morose

1296 1404 1363 1439 iter
1387 1414 1491 1449 agere
1515 1408 1578 1438 aut
1604 1403 1662 1437 hic
1687 1403 1812 1447 degere
1842 1409 1905 1436 aut
1927 1402 1973 1437 ad
1997 1402 2135 1445 aliquas
2160 1402 2248 1436 alias
2274 1401 2371 1445 prius

1295 1450 1346 1484 ire
1370 1449 1589 1494 provincias,
1623 1449 1775 1493 patriam
1799 1447 1937 1483 visuros
1968 1452 2003 1482 et
2033 1457 2275 1491 quaecumque
2298 1448 2371 1481 for-

1297 1495 1396 1530 tuitis
1421 1499 1456 1529 et
1480 1494 1744 1529 blandientibus
1769 1493 1970 1528 hominibus
1996 1497 2167 1527 consueta
2192 1499 2285 1533 sunt,
2311 1491 2371 1525 sed

1296 1540 1463 1576 velociter
1501 1540 1547 1574 ad
1582 1539 1926 1574 administrationem
1967 1539 2020 1572 ire
2063 1539 2162 1572 cuius
2202 1537 2372 1580 regimina

1296 1588 1546 1630 susceperunt,
1583 1590 1623 1619 ut
1653 1595 1726 1619 non
1761 1584 1822 1618 alii
1854 1583 1993 1627 quidem
2029 1586 2276 1618 removeantur
2313 1582 2372 1616 alii

1296 1642 1377 1666 vero
1402 1642 1474 1666 non
1499 1631 1570 1666 sint
1601 1634 1636 1664 et
1659 1629 1843 1674 provincia
1874 1629 1951 1663 sine
1974 1628 2089 1663 iudice
2113 1632 2272 1671 1naneat3
2310 1627 2372 1661 sed

1296 1680 1379 1711 ante
1410 1676 1499 1711 duos
1525 1675 1637 1711 solum
1668 1675 1742 1709 dies
1773 1685 1878 1719 quam
1902 1674 1948 1708 ad
1972 1674 2188 1718 provinciam
2213 1673 2371 1715 accedat,

1295 1722 1332 1757 in
1357 1732 1428 1766 qua
1452 1721 1512 1766 qui
1535 1721 1713 1765 cingulum
1734 1720 1844 1755 habet
1864 1722 1928 1761 est,
1953 1719 2091 1754 mittere
2114 1719 2160 1754 ad
2185 1729 2263 1753 eum
2285 1718 2371 1752 ami-

1298 1768 1447 1803 cabilem
1471 1766 1659 1811 epistolam
1683 1765 1858 1801 volentem
1882 1764 2039 1800 officium
2063 1764 2231 1799 destinari
2248 1764 2295 1799 ad
2313 1774 2372 1799 oc-

218 1910 244 1930 c.
257 1897 280 1930 Ι
285 1909 338 1939 pr.
359 1897 378 1929 6
400 1893 554 1939 δημοσίᾳ
575 1894 796 1941 φαινόμενον
813 1915 856 1920 ——
873 1898 892 1929 9
912 1894 983 1928 εἴτε
1004 1896 1064 1927 καὶ
1081 1892 1129 1937 μή
1154 1895 1249 1927 habet
1272 1894 1308 1927 Β
1322 1895 1352 1934 6,
1367 1901 1395 1935 3,
1410 1901 1426 1927 8
1454 1893 1607 1926 adiuncta
1632 1892 1711 1926 locis
1735 1905 1773 1925 ex
1796 1904 1866 1926 nov.
1889 1892 1987 1933 VIII,
2002 1893 2022 1925 9
2048 1898 2077 1924 et
2105 1891 2209 1925 CXX
2218 1891 2316 1932 VIII,
2331 1892 2367 1924 23

147 1944 255 1986 petitis
280 1943 334 1984 (ch
359 1955 392 1984 p.
409 1943 449 1974 72
476 1943 520 1974 ad
543 1955 571 1975 υ.
587 1944 646 1983 26).

219 1987 240 2031 ξ
267 1989 282 2020 1
308 1984 394 2019 Ἐὰν
419 1984 460 2019 δέ
480 1997 533 2019 τις
556 2006 598 2010 —
626 1987 665 2020 16
682 1982 811 2019 ποινάς
835 1988 929 2019 habet
945 1986 980 2019 B
997 1987 1028 2026 6,
1044 1992 1116 2027 3,15
1130 1985 1218 2025 (inde
1231 1985 1358 2027 Ecloqa
1383 1983 1442 2026 B).
1467 2002 1510 2007 —
1535 1983 1750 2016 Summarium
1775 1984 1871 2015 habet
1894 1981 1946 2015 ΒΓ
1961 1985 2029 2023 6,1,
2043 1989 2090 2015 49.

218 2033 239 2075 ξ
265 2033 285 2064 2
310 2040 338 2065 et
361 2034 434 2074 epil.
462 2033 684 2074 Θεσπίζομεν
709 2032 820 2064 ε’κεῖνο
845 2026 960 2064 ἅπασι
984 2029 1294 2075 προαγορεύοντες,
1317 2024 1404 2062 ὥςτε
1429 2048 1471 2053 -
1496 2029 1574 2070 466,
1589 2035 1624 2062 26
1647 2025 1806 2074 ἐπιδείξῃ
1831 2028 1925 2060 habet
1950 2028 1984 2060 Β
1999 2028 2030 2068 6,
2043 2035 2071 2068 3,
2085 2034 2131 2060 40.
2156 2045 2200 2051 —
2224 2027 2371 2060 Summa—

151 2080 231 2111 rium
257 2077 277 2120 ξ
303 2079 322 2110 2
348 2084 433 2110 extat
456 2072 547 2110 Ῥοπ.
572 2080 607 2117 4,
629 2085 641 2110 1
668 2078 721 2118 (ch
746 2090 778 2119 p.
795 2078 833 2110 31
858 2077 986 2117 zach),
1012 2077 1068 2109 ubi
1091 2077 1207 2108 citatur
1231 2073 1342 2118 νεαρὰ
1368 2072 1581 2116 ἐνενηκοστὴ
1606 2076 1718 2117 τρίτη.

277 2155 305 2189 Ι.
355 2155 544 2189 Sarzcimus
559 2155 684 2199 iqitur,
709 2165 753 2188 ne
773 2154 839 2188 ulli
864 2154 1007 2188 omnino
1033 2152 1262 2198 maqistratui
1287 2152 1539 2196 cuiuscumque
1556 2151 1782 2196 provinciae,
1807 2154 1842 2184 et
1860 2160 1952 2194 quae
1972 2148 2129 2184 Orientis
2146 2152 2180 2184 et
2196 2160 2289 2194 quae
2308 2148 2372 2184 00-

153 2201 304 2236 cidencz's
327 2204 362 2234 et
384 2210 477 2244 quae
501 2200 687 2244 utriusque
707 2203 802 2240 sunt,
828 2210 904 2233 eam
920 2198 1123 2243 relinquere
1148 2197 1264 2237 liceat,
1290 2203 1482 2240 antequam
1502 2195 1753 2240 maqistratum
1775 2194 1994 2239 deposuerit,
2019 2194 2084 2228 sed
2101 2199 2141 2228 ut
2160 2196 2267 2229 etiam
2286 2200 2373 2239 post

153 2257 230 2281 enm
255 2245 455 2291 depositum
481 2246 705 2286 (renovamus
728 2244 819 2278 enim
845 2243 942 2288 quod
966 2243 1167 2287 ann'quz'tus
1188 2241 1277 2285 lull)
1310 2241 1577 2286 quinquaqinta
1601 2240 1678 2274 dies
1699 2246 1938 2274 commoretur
1969 2244 2004 2273 et
2026 2239 2064 2273 in
2082 2239 2233 2284 publico
2258 2250 2372 2274 verse-

155 2297 212 2325 tur
234 2291 272 2324 in
295 2290 482 2336 provincia
507 2300 614 2334 quam
637 2289 755 2329 rexit,
790 2293 898 2333 atque
930 2292 1013 2322 acta
1037 2286 1188 2333 publica
1221 2286 1390 2329 conficiat
1421 2296 1493 2329 qua
1518 2285 1576 2319 die
1601 2284 1643 2319 de
1659 2285 1853 2330 provincia
1877 2284 2045 2325 decedat,
2078 2288 2116 2318 ut
2140 2284 2371 2328 manifestum

154 2339 173 2371 1
217 2336 303 2379 fiat,
334 2339 453 2369 utrum
485 2335 591 2369 rebus
615 2345 637 2368 a
660 2344 699 2368 se
723 2333 833 2378 qestis
864 2332 1023 2376 considat
1047 2343 1094 2365 an
1119 2342 1201 2365 non.
1295 2329 1435 2372 Quodsi
1459 2329 1541 2374 quis
1571 2334 1636 2363 aut
1667 2330 1918 2374 maqistratum
1946 2339 2076 2374 yerens
2097 2328 2287 2363 militarem
2319 2340 2371 2364 vec

154 2381 288 2416 civilem
313 2383 376 2414 aut
399 2380 506 2414 etiam
530 2389 572 2414 eo
596 2378 759 2423 deposito
790 2377 1013 2423 provinciam
1039 2376 1282 2420 derelinquat,
1313 2375 1390 2420 ipse
1421 2374 1655 2419 maqistratus
1686 2374 1748 2419 qui
1775 2385 1851 2408 eam
1875 2374 1952 2408 sine
1975 2374 2133 2408 iussione
2163 2379 2290 2408 nostra
2314 2374 2371 2409 de-

154 2425 310 2471 reliquit,
343 2424 541 2459 maiestatis
568 2434 651 2458 reus
681 2423 727 2458 sit
760 2429 793 2458 et
823 2423 859 2456 in
882 2422 1106 2468 provinciam
1137 2420 1253 2455 denuo
1277 2420 1456 2460 remissus,
1488 2418 1551 2453 ubz'
1572 2419 1826 2453 accusantibus
1849 2418 2041 2463 satisfecit,
2075 2424 2147 2453 tum
2171 2419 2368 2454 maiestatis

154 2470 314 2505 ultimum
337 2469 554 2515 supplicium
577 2469 712 2504 subeat.
763 2467 804 2502 Se·
827 2479 909 2503 vero
942 2467 1104 2512 deposito
1137 2466 1352 2510 maqislratu
1382 2475 1454 2498 non
1486 2468 1725 2499 commoretur
1749 2474 1822 2510 per
1846 2463 2026 2508 leqitimos
2054 2463 2130 2498 dies
2157 2463 2195 2497 in
2221 2464 2368 2509 publico

155 2516 317 2550 omnibus
339 2525 415 2549 sese
439 2513 640 2555 ostendenS,
664 2512 728 2548 sed
751 2524 770 2548 e
788 2513 979 2559 provincia
1004 2511 1186 2556 aufuqz'at,
1212 2521 1254 2545 ea
1279 2520 1371 2554 quae
1395 2509 1465 2543 iam
1490 2520 1512 2543 a
1536 2509 1640 2543 nobis
1663 2507 1731 2543 Ιιαο
1755 2508 1800 2543 de
1822 2519 1862 2543 re
1878 2509 2020 2543 sancita
2042 2513 2126 2542 sunt
2149 2508 2302 2543 valeant.

154 2561 176 2595 2
224 2559 322 2594 Illud
345 2570 428 2594 vero
454 2559 616 2594 omnibus
637 2559 892 2604 praecipimus,
917 2562 956 2592 ut
980 2568 1059 2591 cum
1083 2566 1186 2601 quem
1211 2555 1462 2600 maqz'stralum
1485 2554 1719 2599 susceperint,
1744 2565 1823 2588 eum
1846 2557 2035 2594 tueantur;
2068 2553 2130 2598 qui
2150 2558 2267 2588 autem
2292 2565 2370 2589 suc-

154 2616 312 2640 cessores
343 2604 415 2639 illz's
447 2605 483 2639 in
513 2604 729 2649 maqistracu
755 2604 859 2648 fiant,
892 2614 935 2638 ne
961 2612 1118 2648 pereqre
1147 2601 1288 2635 mittant
1320 2599 1545 2643 diataqmata
1576 2610 1669 2644 quae
1693 2603 1881 2640 vocantur,
1911 2609 1997 2634 neve
2014 2598 2206 2644 praesides
2229 2599 2369 2644 quidem

152 2655 374 2691 removeant,
409 2649 480 2695 ipsi
503 2653 621 2684 autem
648 2660 719 2694 per
743 2650 854 2683 otium
886 2652 947 2682 aut
973 2647 1040 2682 iter
1061 2647 1205 2691 saciant
1230 2649 1293 2679 aut
1317 2644 1374 2679 ln'c
1398 2648 1661 2679 commorentur
1692 2649 1755 2679 aut
1787 2643 1836 2678 ad
1864 2643 1958 2678 alias
1981 2644 2124 2688 aliquas
2146 2644 2255 2689 prius
2284 2655 2370 2690 pro-

154 2695 287 2731 vincias
308 2695 599 2741 proficiscantur,
618 2694 782 2739 patriam
804 2693 915 2728 visuri
934 2698 967 2727 et
984 2701 1227 2737 quaecumque
1249 2690 1376 2734 facere
1397 2689 1513 2724 solent
1531 2689 1718 2733 fortunati
1734 2694 1768 2724 et
1785 2688 1909 2724 molles
1932 2687 2103 2730 homines,
2128 2689 2192 2724 sed
2210 2689 2371 2724 celeriter

152 2741 403 2786 maqz'stratum
429 2739 558 2774 obeant
582 2739 682 2774 cuius
701 2739 831 2783 frenos
853 2742 1106 2783 susceperunt:
1130 2747 1174 2769 ne
1191 2746 1269 2769 cum
1287 2735 1394 2769 alteri
1412 2738 1672 2775 removeantur,
1698 2734 1804 2769 alteri
1823 2745 1895 2768 non
1912 2733 2031 2768 adsint
2056 2738 2164 2785 atque
2177 2734 2371 2780 provincia

151 2786 228 2821 sine
250 2786 465 2830 maqistratu
488 2788 640 2819 maneat.
679 2783 752 2819 Sed
774 2788 858 2819 ante
881 2783 973 2818 duos
996 2783 1072 2817 dies
1095 2781 1192 2816 soles
1216 2791 1321 2825 quam
1341 2779 1569 2824 provinciam
1594 2778 1860 2824 inqredz'antur‚
1885 2780 1921 2814 in
1941 2789 2014 2824 qua
2039 2789 2099 2824 qut
2120 2779 2369 2825 maqistratum

151 2831 245 2876 qerit
268 2834 443 2872 versatur,
477 2829 661 2864 amicalem
690 2829 881 2875 epistulam
915 2828 963 2863 ad
993 2838 1071 2862 eum
1103 2827 1256 2867 mittant,
1288 2835 1380 2869 quae
1413 2824 1576 2869 officium
1606 2824 1780 2859 destinari
1810 2824 1931 2860 iubeat
1960 2824 2031 2870 ipsi
2057 2824 2195 2859 obviam
2224 2824 2369 2860 iturum.

1344 2916 1359 2947 1
1386 2914 1519 2955 penitus
1544 2914 1631 2946 nulli
1653 2915 1686 2947 V
1706 2913 1718 2958 ΙΙ
1742 2916 1761 2947 2
1786 2914 1929 2946 iudicem
1951 2913 1997 2946 V¹
2020 2913 2031 2958 ΙΙ
2058 2914 2280 2946 occidentium
2304 2914 2338 2946 R
2360 2913 2371 2958 l!

198 2922 217 2953 2
242 2917 313 2953 ἐών
337 2920 367 2952 L
386 2919 398 2963 ΙΙ
422 2922 440 2953 5
463 2918 528 2964 γὰρ
553 2932 609 2952 om.
624 2920 656 2952 L
672 2919 683 2960 ΙΙ
711 2921 729 2952 ’7
752 2918 966 2951 συνεστᾶναι
992 2918 1022 2950 L
1042 2918 1052 2959 ΙΙ
1069 2912 1160 2949 καθ’)
1185 2912 1230 2958 ἣν

320 2965 335 2971 “
397 2965 412 2972 ·”
496 2961 504 2972 ’
608 2960 616 2971 ‘
1298 2962 1316 2993 3
1338 2962 1413 2991 utro
1432 2958 1515 2991 ΕΤ1
1533 2959 1544 3002 ΙΙ
1563 2961 1583 2992 4
1599 2962 1711 3001 postea
1731 2972 1788 2992 om.
1812 2959 1866 3002 Vn
1892 2961 1911 2992 5
1929 2958 2176 2991 commemorari
2195 2959 2229 2991 R
2248 2958 2259 3002 Η
2277 2960 2296 2992 6
2314 2959 2369 2990 ad-

153 2962 336 3009 ἆποφοιτᾳ
370 2975 432 3007 της
455 2975 571 3008 χωρας
596 2965 742 3006 ημέραν]
777 2964 956 2996 secundum
987 2973 1070 3003 quae
1096 2961 1230 2993 advenit
1261 2971 1263 2997 ξ

152 3009 342 3052 provinciae
368 3022 385 3045 ς
402 3014 412 3050 Η
439 3011 458 3042 8
484 3009 545 3042 ἵνα
567 3008 829 3050 καθεστήκοιεν
854 3006 952 3050 δῆλοι
976 3007 1046 3039 εἴτε
1071 3006 1228 3051 θαρροῦ-
1261 3020 1262 3042 5

153 3066 212 3087 σιν
236 3056 309 3087 τοῖς
332 3054 472 3087 ἑαυτῶν
489 3055 524 3087 Β
542 3054 553 3096 ΙΙ
574 3056 613 3088 10
639 3054 684 3086 Εἰ
709 3051 750 3086 δέ
770 3064 824 3087 τις
846 3051 869 3095 ἢ
894 3052 1071 3098 ἄρχων-
1091 3054 1131 3085 16
1151 3064 1229 3085 ποι-

153 3097 216 3132 νάς
229 3107 303 3142 post
319 3112 366 3132 vv.
383 3101 424 3132 16
446 3099 476 3131 εἰ
497 3095 539 3131 δέ
551 3109 604 3132 τις
620 3098 866 3141 καταθέμενος
881 3118 921 3122 -—
937 3100 979 3131 20
996 3100 1139 3143 κρατεῖν
1158 3098 1227 3129 coll.

154 3146 183 3176 L
210 3144 221 3183 ΙΙ
246 3141 267 3184 ἢ
292 3157 350 3176 om.
376 3144 432 3179 Βς
460 3144 472 3187 ΙΙ
500 3142 585 3176 τινὰ
611 3157 667 3176 om.
695 3144 729 3176 Β
758 3145 770 3186 11
802 3146 838 3177 11
874 3141 897 3185 ἢ
921 3145 980 3175 καὶ
1005 3141 1229 3184 παυσάμενος

152 3188 284 3230 ταύτης
308 3197 336 3221 et
364 3190 403 3222 12
424 3185 442 3220 ὁ
469 3189 535 3231 μὲν
557 3208 602 3213 -
626 3184 837 3222 ἀπολείπων
868 3202 923 3222 om.
950 3188 985 3220 B
1013 3188 1024 3229 ΙΙ
1057 3189 1097 3220 12
1122 3183 1141 3218 ὁ
1163 3187 1229 3229 μὲν

153 3231 276 3277 ἅρχων
299 3230 317 3266 ὁ
344 3232 491 3275 ταύτην]
527 3234 762 3266 administrans
787 3234 920 3275 quidem
944 3233 1050 3264 adhuc
1076 3242 1145 3264 eam
1170 3244 1188 3267 ς
1218 3231 1229 3275 Η

153 3275 365 3312 ἀπολείπων
380 3279 482 3319 111(ς)]
509 3275 702 3312 ἀπολιπών
715 3281 839 3322 Lvulq.
859 3278 870 3321 ΙΙ
891 3280 930 3311 13
947 3275 1229 3319 καθόμοιώσεως

153 3325 203 3356 La
220 3324 232 3367 ΙΙ
256 3324 350 3356 ἔστω
376 3337 433 3355 om.
450 3324 498 3356 3⁶
514 3323 525 3367 ΙΙ
554 3326 592 3356 15
609 3324 670 3366 τῆς
684 3324 771 3364 MR]
797 3319 910 3356 αὐτὸν
926 3322 987 3363 τῆς
1007 3323 1033 3354 L
1052 3322 1063 3365 ΙΙ
1084 3324 1125 3356 16
1142 3319 1228 3355 ὑπο-
1260 3349 1262 3356 1

153 3367 284 3410 δεχέτω
309 3369 340 3401 L
358 3368 370 3411 ΙΙ
388 3367 417 3400 εἰ
442 3365 490 3409 δὲ]
517 3368 546 3400 εἰ
572 3365 612 3400 δέ
633 3379 685 3401 τις
709 3370 739 3401 L
757 3372 768 3411 ΙΙ
799 3370 838 3401 18
865 3364 1039 3410 δημόσιον
1063 3368 1094 3399 L
1111 3367 1122 3405 ΙΙ
1142 3363 1228 3401 ὑπο-

153 3411 289 3447 δεικνύς
314 3415 344 3446 L
369 3414 380 3456 ΙΙ
406 3410 640 3456 ὃραπετεύσει
666 3414 753 3454 ML,
778 3427 859 3446 corr.
875 3414 1061 3446 Zachariae
1085 3408 1228 3456 (δραπε-
1260 3424 1262 3427 ·

153 3457 261 3505 τεύσῃ
287 3460 462 3500 Scrimqer)
486 3458 497 3501 ΙΙ
524 3460 565 3491 20
591 3456 902 3503 προσαγορεύομεν
927 3458 957 3490 L
980 3457 991 3500 ΙΙ
1024 3458 1065 3490 22
1086 3455 1227 3499 ταύτης]
1261 3470 1262 3480 ¹

155 3500 284 3545 αὐτῆςῖ
301 3505 351 3536 La
367 3503 378 3547 ΙΙ
400 3499 517 3536 αὐτοῖς
537 3504 600 3543 Le]
627 3499 735 3535 αὐτοῦ
751 3504 827 3535 ΜΒ
851 3500 971 3544 (αὐτῆς
990 3502 1194 3544 Haloander)
1218 3503 1229 3545 ΙΙ
1261 3514 1262 3527 1

156 3550 197 3581 23
218 3561 296 3593 γινο
311 3551 433 3589 ιε’νους]
458 3549 562 3581 factos
580 3548 666 3581 solos
692 3550 724 3586 (ἰ.
741 3561 766 3581 e.
783 3549 988 3592 γινομένους
1009 3545 1150 3589 μόνους)
1176 3560 1194 3583 ς
1261 3563 1262 3567 ’

155 3591 215 3634 μὴ]
238 3562 328 3636 unde]
352 3595 382 3626 L
400 3594 412 3637 ΙΙ
430 3590 636 3637 ὑπερορίους
660 3594 708 3625 La
726 3593 737 3636 ΙΙ
757 3594 798 3626 24
821 3592 962 3632 παύειν]
987 3594 1143 3635 πέμπειν
1164 3594 1194 3625 L
1218 3547 1230 3636 'i

157 3639 197 3671 28
214 3637 423 3671 κατακελευο
453 3641 543 3671 ένοις
567 3640 616 3671 La
635 3638 647 3683 ΙΙ
673 3640 713 3672 30
734 3637 783 3681 μὴ
809 3651 867 3671 om.
883 3639 923 3670 M
944 3638 956 3681 ΙΙ
980 3639 1018 3671 31
1039 3636 1128 3681 πρὸς
1147 3638 1192 3670 L¹
1220 3640 1230 3680 Ιῑ
1261 3649 1262 3661 ³

157 3682 196 3715 33
222 3683 313 3724 ἐστι]
338 3685 391 3716 ἔτι
439 3685 455 3716 ὲ
476 3684 521 3717 L¹

1260 3415 1262 3417 ’
1295 3364 1517 3450 8109101S1assqssj2JH
1534 3408 1611 3440 solis
1635 3408 1721 3441 ΕΤι
1754 3408 1856 3441 solere
1881 3423 1906 3441 s.
1921 3422 1951 3440 υ.
1974 3408 2132 3451 V³vul9.,
2159 3409 2218 3440 del.
2242 3407 2336 3440 Beck

232 3782 281 3809 111.

1296 3004 1537 3037 ministrauerit
1550 3005 1582 3037 R
1601 3006 1612 3047 Η
1630 3005 1648 3038 8
1673 3004 1793 3036 habeat
1816 3004 1848 3036 R
1861 3006 1945 3047 vulq.
1965 3004 1976 3047 ΙΙ
1997 3006 2036 3037 10
2051 3005 2109 3045 qui
2131 3003 2179 3037 V¹
2198 3003 2209 3047 ΙΙ
2226 3004 2369 3045 aliquam

1297 3063 1353 3083 om.
1374 3049 1428 3092 VH
1450 3050 1487 3082 13
1503 3049 1593 3089 dum]
1611 3049 1734 3081 dudum
1748 3049 1797 3081 R¹
1813 3050 1824 3091 ΙΙ
1843 3049 2048 3090 relinquitur
2070 3050 2101 3082 V
2120 3048 2312 3090 relinquant
2328 3049 2369 3081 Τι

1296 3094 1491 3135 relinquerit
1508 3094 1557 3126 Τ2
1581 3093 1766 3135 dereliquid
1790 3095 1880 3135 (add.
1902 3095 1979 3126 dum
2001 3094 2203 3135 relinquitur
2221 3094 2281 3135 ΕΙ)
2308 3094 2340 3125 R
2360 3092 2371 3137 ΙΙ

1296 3141 1388 3180 citra]
1415 3142 1523 3171 utram
1546 3139 1593 3172 V¹
1609 3138 1621 3183 ΙΙ
1643 3141 1684 3173 14
1698 3139 1903 3181 provinciam
1927 3141 2012 3183 vuly.
2032 3138 2044 3183 ΙΙ
2064 3142 2102 3173 15
2120 3138 2315 3171 satisfecerit
2327 3157 2369 3162 —

1298 3188 1338 3219 18
1362 3185 1536 3217 ostendens
1552 3197 1613 3217 ser.
1639 3184 1688 3216 R²
1713 3186 1745 3216 in
1769 3197 1834 3217 ras.
1850 3186 1933 3218 2vv.
1959 3184 1970 3227 ΙΙ
1997 3186 2038 3217 16
2062 3184 2264 3216 nouissimus
2287 3183 2335 3216 V¹
2359 3182 2370 3226 [Ι

1298 3233 1337 3264 17
1363 3229 1523 3262 morietur
1542 3229 1584 3261 T¹
1605 3227 1798 3272 ”legitimos
1824 3229 1892 3262 dies
1916 3229 2015 3262 V¹T¹
2041 3229 2095 3269 (al.
2118 3228 2278 3269 legitimis
2301 3228 2369 3259 dic-

1295 3276 1355 3308 bus
1371 3289 1395 3308 s.
1411 3288 1439 3307 υ.
1457 3275 1531 3315 Τ2)]
1558 3276 1638 3305 tunc
1655 3275 1727 3316 (per
1745 3275 1820 3306 add.
1844 3275 1904 3315 V³)
1928 3273 2088 3315 legitimis
2110 3273 2225 3305 diebus
2247 3273 2370 3313 V²R(2)

1295 3322 1379 3364 vulq.
1395 3319 1405 3363 ΙΙ
1430 3321 1468 3353 18
1492 3331 1515 3351 s.
1531 3329 1597 3350 non
1613 3331 1710 3361 super
1722 3319 1894 3351 ostendens
1909 3321 2013 3352 adscr.
2028 3319 2073 3351 Τ2
2088 3320 2099 3361 ΙΙ
2120 3320 2163 3358 et]
2186 3318 2240 3350 sed
2255 3316 2363 3360 Beck}

1545 3365 1585 3397 20
1610 3363 1832 3405 praediximus
1854 3365 1887 3397 V
1906 3366 1917 3406 ΙΙ
1940 3366 1981 3397 22
2007 3364 2066 3404 eis]
2091 3363 2161 3395 eius
2174 3363 2223 3395 R2
2234 3361 2341 3395 V²T2

1297 3458 1338 3490 23
1352 3455 1518 3494 terminos]
1537 3464 1595 3486 nos
1608 3453 1656 3485 12¹
1675 3452 1687 3496 ΙΙ
1705 3454 1746 3486 24
1760 3454 1919 3496 praesidis
1932 3454 1980 3485 12¹
1998 3453 2010 3496 ΙΙ
2027 3457 2136 3485 autem
2153 3455 2223 3493 aut]
2241 3455 2299 3484 aut
2322 3452 2369 3485 V¹

1296 3505 1403 3532 autem
1430 3500 1478 3532 V³
1507 3498 1518 3542 ΙΙ
1545 3509 1670 3531 morese
1694 3498 1864 3531 R¹V²T2
1891 3500 1901 3540 ΙΙ
1935 3499 1975 3531 25
2002 3500 2090 3530 inter
2113 3498 2146 3530 R
2175 3497 2187 3541 ΙΙ
2217 3498 2370 3538 degerere

1298 3547 1344 3578 T'
1365 3545 1376 3589 ΙΙ
1394 3545 1435 3576 ad
1462 3544 1510 3576 T³
1523 3545 1622 3586 vulfs]
1649 3556 1706 3575 om.
1721 3543 1844 3576 RVT¹
1862 3543 1873 3586 ΙΙ
1899 3545 1939 3576 27
1962 3545 2135 3575 consecuta
2160 3542 2271 3583 RVT,
2288 3555 2368 3575 corr.

1295 3592 1380 3633 vulq.
1397 3590 1408 3632 Η
1428 3590 1495 3629 sed]
1521 3588 1565 3621 sit
1581 3587 1668 3620 ΒΤ2
1691 3599 1748 3619 ειν*
1772 3588 1820 3621 V¹
1839 3587 1850 3630 ΙΙ
1869 3589 1910 3621 28
1928 3588 1968 3620 ad
1994 3601 2050 3621 om.
2072 3588 2113 3620 T¹
2133 3588 2143 3627 ΙΙ
2161 3589 2201 3621 30
2220 3587 2286 3619 sint
2311 3601 2368 3620 om.

1295 3634 1383 3679 RTn
1396 3633 1573 3666 maneant?
1592 3634 1639 3666 V¹
1653 3632 1664 3677 ΙΙ
1678 3634 1716 3666 31
1734 3632 1867 3665 accedat
1883 3631 1974 3673 VTb]
1991 3633 2147 3666 accedant
2160 3633 2251 3666 RTa
2262 3633 2345 3676 vuly.
2359 3632 2370 3674 u

1298 3682 1338 3714 32
1361 3681 1435 3721 quis
1455 3679 1505 3712 V³
1523 3679 1535 3722 ss
1561 3682 1608 3711 est
1631 3678 1774 3719 mittere]
1800 3678 1948 3711 emittere
1970 3679 2003 3711 V
2021 3677 2033 3722 ΙΙ
2058 3679 2099 3712 33
2126 3677 2296 3710 desunt*
2322 3677 2369 3710 V¹

1297 3725 1455 3758 destinari
1481 3737 1518 3758 ex
1542 3723 1706 3756 destinare
1728 3723 1778 3757 V2

2065 3781 2107 3813 59
