2618 4010
152 158 212 187 DE
241 155 539 188 MODERATORE
568 155 765 187 ARABIAE

149 255 448 299 κατεστησάμεθα
468 254 586 296 τάξιν,
606 256 910 300 ἐρρωμενεστέρας
924 256 978 298 τῷ
995 259 1108 290 παντὶ
1126 267 1224 302 γενο-

148 304 256 343 μένας
287 304 347 334 καὶ
375 296 489 334 οὕτως
517 296 800 343 ἅντιλαβομένας
830 302 906 335 τῶν
931 299 1158 347 πραγμάτων
1181 298 1228 333 οἷς

149 342 295 381 ἅπαντα
319 348 379 381 ἐπὶ
402 345 445 379 τὸ
470 347 634 390 κρεῖττον
656 346 965 390 μεταβεβλῆσθαι.
1016 344 1227 380 ἀνθύπατοι

147 392 234 437 γοῦν
258 389 343 434 ἡμῖν
365 393 424 423 καὶ
448 394 647 435 πραίτωρες
671 394 730 423 καὶ
751 389 997 436 μοδεράτωρες
1020 394 1080 425 καὶ
1103 388 1125 433 ἦ
1149 391 1226 424 τῶν

149 435 316 471 παλαιῶν
347 433 489 469 τούτων
520 432 714 479 ὃνομάτων
739 436 912 480 σεμνότης
935 437 1141 483 ἐξηύρηται,
1166 438 1226 469 καὶ

171 480 296 524 ῧξηται
330 483 390 514 καὶ
424 479 470 514 τά
506 482 584 514 τῶν
618 482 797 524 σιτήσεων
836 479 956 516 αὐτοῖς
991 485 1050 515 καὶ
1085 481 1225 521 ἐξουσία

148 496 290 560 δέδοται
314 527 431 567 πᾶσα,
456 529 516 559 καὶ
539 526 609 570 πρὸ
636 525 790 561 πάντων
814 524 1055 573 ἀπηγόρευται
1084 526 1127 559 τὸ
1153 528 1225 559 τοῖς

148 570 318 614 ὑπηκόοις
341 569 586 614 λυμαίνεσθαι
618 575 677 604 καὶ
699 576 798 620 χερσὶ
823 571 968 606 πολλαῖς
991 568 1075 605 κατ>
1103 568 1224 604 αὐτῶν

145 616 321 670 χρῆσθαι·
356 612 474 660 ὅρκοις
496 630 536 670 τε
559 617 602 650 τὸ
629 618 777 672 πρᾶγμα
801 616 1127 672 κατησφαλίσμεθα
1152 619 1224 649 τοῖς

1215 139 1299 187 493

2011 142 2119 184 Nov.
2153 142 2228 184 CII
2257 154 2318 196 pr.
2351 145 2370 182 1

1293 263 1366 288 rem
1391 254 1637 289 constituimus
1663 253 1839 298 ordinem,
1862 253 2049 289 validiores
2074 253 2238 288 omnibus
2255 253 2371 288 factas

1296 301 1332 333 et
1365 309 1455 343 quae
1491 300 1542 334 sic
1572 301 1742 334 tueantur
1774 309 1920 341 causas,
1956 302 1997 334 ut
2028 299 2146 333 omnia
2181 299 2218 333 in
2249 298 2373 333 melius

1296 344 1368 378 sint
1390 348 1537 380 mutata.
1586 344 1824 379 Proconsules
1849 355 1931 388 ergo
1952 344 2054 379 nobis
2079 346 2115 378 et
2131 348 2313 389 praetores
2339 349 2374 378 et

1294 389 1535 425 moderatores
1570 392 1607 425 et
1637 390 1795 424 veterum
1830 389 1956 424 horum
1988 389 2168 424 nominum
2204 390 2372 424 honestas

1262 437 1280 468 5
1295 434 1437 469 inventa
1461 438 1532 476 est,
1566 438 1602 470 et
1626 437 1754 470 auctae
1777 435 1884 469 etiam
1908 445 2072 470 annonae
2096 445 2217 470 eorum
2248 437 2284 469 et
2308 446 2371 478 po-

1295 482 1405 515 testas
1441 480 1555 515 omnis
1592 481 1692 521 data,
1729 483 1765 515 et
1799 484 1882 515 ante
1918 481 2035 515 omnia
2070 480 2298 514 interdictum
2333 482 2373 514 ut

1294 526 1472 561 subiectos
1498 525 1758 570 depopulentur
1782 528 1819 560 et
1838 525 2001 560 manibus
2026 525 2185 569 plurimis
2203 525 2371 560 adversus

1294 581 1353 605 eos
1377 574 1535 606 utantur.
1573 571 1807 606 Iureiurando
1833 580 1973 615 quoque
1995 580 2138 605 causam
2163 570 2371 605 munivimus

1293 616 1455 651 omnibus
1481 616 1717 659 formidando,
1743 620 1778 650 et
1801 626 1872 650 non
1896 616 1999 650 aliter
2023 616 2074 649 eis
2099 616 2271 650 tradimus
2298 615 2370 650 cin-

146 665 599 716 woev‘cwvxqioffepc‘ovawcs,
625 666 684 695 καὶ
708 676 772 715 ουκ
796 661 911 696 ἄλλως
935 665 1054 696 αυτοῖς
1070 659 1221 714 napa&-
1238 664 1279 696 10
1291 661 1385 705 gula,
1410 661 1479 696 nisi
1502 661 1692 696 iurandum
1717 662 1870 695 subeant
1893 661 1944 695 ita
1964 660 2143 695 codicillos
2166 671 2368 704 promeren-

146 704 254 749 δομεν
278 718 339 740 τας
363 719 487 753 αρχας,
513 708 543 740 εἰ
565 708 614 751 μὴ
635 708 717 741 τοὺς
738 705 861 753 ὅρκους
878 704 1106 741 ’ὑποστάντες
1125 720 1222 752 ουτφ

144 752 221 785 τῶν
253 751 447 796 συμβόλων
479 749 675 793 ἀξιωθεῖεν
706 755 768 795 τῆς
799 750 914 798 ἀρχῆς.
970 750 1129 796 Εἴδομεν
1159 755 1223 785 οὐν

145 800 204 830 καὶ
237 799 296 830 ἐπὶ
327 797 396 839 τὴν
426 795 591 842 Ἀράβων
621 797 755 843 χώραν,
792 802 851 831 καὶ
881 798 949 841 τὴν
982 799 1102 831 αἰτίαν
1135 794 1222 830 ἀναν

146 843 334 884 ζητοῦντες
367 839 417 876 δι’
444 840 489 885 ἢν
520 847 580 876 καὶ
611 843 653 877 τὸ
685 841 860 887 δημόσιον
893 840 1034 888 ἀπορεῖ,
1059 846 1223 888 καίτοιγε

1292 710 1346 741 tes
1370 706 1696 742 administrationis.
1747 706 1992 750 Respiciamus
2024 706 2143 749 itaque
2174 709 2210 739 et
2236 706 2370 740 Arabo-

1292 762 1370 786 rum
1398 751 1632 796 provinciam‚
1667 761 1811 786 causam
1841 751 2058 796 requirentes
2091 755 2235 795 propter
2268 761 2371 794 quam

1293 800 1328 831 et
1350 797 1487 832 fiscalia
1509 798 1625 832 minus
1649 797 1780 832 idonea
1805 801 1904 839 sunt,
1936 807 2016 830 cum
2041 796 2163 839 utique
2190 796 2372 840 provincia

1293 842 1338 876 sit
1361 843 1555 884 uberrima,
1590 846 1625 877 et
1649 842 1756 876 turba
1779 853 1845 876 nos
1870 842 2077 876 adeuntium
2102 841 2309 875 circumstat
2337 844 2372 874 et

144 889 204 929 τῆς
220 888 335 942 χαξρας
359 884 625 931 εὐθαλεστάτης
648 887 764 931 οὔσης,
788 892 848 922 καὶ
864 887 1006 942 πλῆθος
1028 886 1120 932 ἡμᾶς
1145 889 1223 921 τῶν
1238 891 1277 922 15
1292 888 1525 930 ingemiscunt
1545 898 1677 929 omnes,
1703 888 1765 922 alii
1786 887 1926 932 quidem
1942 887 2039 921 furta
2063 886 2123 920 alii
2142 896 2224 920 vero
2244 886 2370 938 iniqui-

146 945 370 976 προςιοντων
393 938 622 977 περιίσταται
646 937 705 967 καὶ
730 931 922 978 ὀδύρονται
947 945 1079 968 παντες
1102 932 1138 966 οἱ
1155 935 1222 977 μὲν

145 977 276 1012 κλοπὰς
300 978 335 1012 οἱ
358 976 397 1012 δὲ
421 975 561 1013 ἀδικίας
583 979 619 1012 οἱ
642 977 681 1012 δὲ
697 977 804 1013 ἄλλας
827 977 1142 1026 προςαγγέλλοντες
1166 981 1220 1020 ζη-

144 1027 243 1066 μίας,
276 1025 344 1066 τὴν
368 1024 554 1069 πρόφασιν
578 1028 636 1057 καὶ
661 1024 729 1067 τὴν
753 1025 873 1058 αἰτίαν
897 1027 958 1067 τῆς
978 1028 1100 1058 κακίας
1123 1021 1222 1069 &1399-

144 1082 211 1122 μεν
236 1071 358 1121 euntes
382 1073 463 1114 περὶ
487 1069 554 1112 τὴν
578 1066 690 1122 ᾆρχην
714 1067 909 1104 ἀσθενείας
932 1073 1131 1124 γινομένην.
1176 1071 1222 1124 ἠν

1293 936 1383 968 tates
1415 933 1477 968 alii
1508 934 1659 968 aliorum
1692 933 1943 967 denuntiantes
1978 933 2187 967 damnorum
2212 941 2369 965 0003810-

1290 988 1382 1019 110111,
1408 980 1444 1013 et
1464 989 1608 1014 causam
1631 978 1863 1023 malignitatis
1887 978 2082 1013 invenimus
2107 987 2151 1011 ex
2168 976 2371 1011 infirmitate

1290 1023 1388 1058 facta
1425 1023 1520 1058 circa
1555 1024 1906 1058 administrationem.
1955 1024 2047 1058 Erat
2081 1022 2172 1057 enim
2207 1022 2258 1056 sic
2293 1021 2370 1056 vilis

1291 1068 1350 1112 qui
1376 1069 1512 1103 civilem
1544 1070 1701 1104 habebat
1725 1069 2081 1109 administrationem,
2114 1070 2155 1102 ut
2180 1067 2372 1102 deserviret

143 1127 213 1166 χᾳρ
248 1126 362 1148 ουτως
397 1111 536 1157 εὐτελὴς
577 1128 596 1147 ο
637 1129 703 1157 την
738 1114 928 1158 πολιτικὴν
952 1116 1056 1169 εἔχων
1097 1128 1221 1160 αρχην,
1235 1117 1277 1149 20
1291 1124 1469 1148 armorum
1494 1114 1577 1149 duci
1608 1117 1643 1149 et
1665 1115 1702 1149 111
1726 1114 1822 1150 illius
1844 1114 1978 1149 iaceret
2001 1113 2244 1149 voluntatibus
2273 1112 2370 1147 salus

145 1171 231 1193 ωςτε
256 1157 601 1194 καταδεδουλῶσθαι
624 1161 678 1202 τῷ
696 1161 773 1194 τῶν
790 1156 918 1195 ὅπλων
941 1163 1137 1207 ηγουμένῳ,
1162 1163 1221 1193 καὶ

145 1206 206 1239 ἐπὶ
228 1207 305 1238 ταῖς
324 1207 458 1239 ἐκείνου
482 1203 626 1249 βουλαῖς
649 1206 796 1239 κεῖσθαι
820 1205 889 1249 τὴν
905 1210 1089 1251 σωτηρίαν
1111 1202 1219 1239 αὐτοῦ

146 1249 168 1292 ἢ
190 1248 263 1293 μηδ
270 1247 277 1259 '
305 1246 397 1284 ὅλως
420 1250 512 1284 εἶναι
536 1250 600 1293 τὴν
621 1247 732 1295 ἀρχὴν
755 1250 901 1294 ταύτην.
949 1252 1138 1297 τοιγαροῦν
1162 1253 1221 1284 καὶ

144 1293 184 1347 ὃΝ
192 1295 317 1340 χρόνος
351 1294 419 1338 ἤδη
455 1295 582 1350 συχνὸς
614 1295 655 1349 (ἐξ
689 1295 732 1329 οὐ
767 1299 826 1329 καὶ
858 1295 1047 1339 ἐκλέλοιπε,
1084 1299 1142 1330 καὶ
1174 1295 1219 1330 τοὶ

1291 1159 1377 1203 eius,
1402 1159 1474 1194 nisi
1497 1159 1730 1195 famularetur
1754 1159 2025 1194 administratio.
2074 1159 2200 1203 Itaque
2224 1162 2259 1193 et
2282 1160 2368 1192 tem-

1290 1215 1357 1249 pus
1381 1205 1453 1239 iam
1478 1205 1685 1240 continuum
1717 1208 1772 1240 est
1800 1215 1844 1239 ex
1868 1216 1937 1250 quo
1963 1205 2067 1239 etiam
2091 1204 2237 1245 defecit,
2269 1207 2304 1237 et
2328 1213 2371 1238 ea

1291 1260 1381 1295 quae
1406 1250 1518 1285 civilis
1542 1253 1626 1285 sunt
1651 1251 1780 1294 cinguli
1804 1254 1840 1285 et
1863 1251 2026 1285 militaris
2047 1250 2138 1294 agit,
2164 1257 2277 1294 neque
2303 1248 2370 1283 sibi

1290 1306 1404 1340 neque
1433 1295 1485 1330 illi
1510 1296 1651 1331 omnino
1677 1296 1878 1339 sufficiens;
1916 1300 2113 1340 occupatus
2143 1304 2294 1339 namque
2317 1298 2370 1328 est

143 1351 204 1381 της
239 1339 422 1394 πολιτικης
457 1353 565 1385 αρχης
603 1355 623 1384 η
662 1342 904 1395 στραὶτιωτικὴ
941 1341 1091 1396 πράττει
1132 1342 1220 1385 μήτε
1235 1343 1275 1376 25
1291 1352 1361 1376 non
1393 1343 1434 1375 ut
1466 1341 1600 1386 aliquid
1629 1342 1799 1376 subiectis
1831 1341 1961 1385 prosit,
1995 1340 2057 1376 sed
2088 1344 2128 1375 ut
2151 1351 2195 1375 ex
2219 1345 2370 1384 utraque

144 1385 250 1432 ἑαυτῇ
274 1399 363 1429 μητε
388 1387 503 1433 ἐκείνῃ
528 1385 714 1420 παντελῶς
738 1388 911 1431 αρκοῦσα·
938 1385 1129 1430 ησχόληται
1154 1387 1221 1442 γὰρ

143 1427 207 1472 οὐχ
247 1427 344 1464 ὅπως
379 1429 426 1464 ἄν
461 1445 496 1464 τι
531 1431 611 1465 τοὺς
646 1429 823 1474 ’ὑπηκόους
864 1431 1095 1478 ὠφελήσειεν,
1136 1429 1203 1466 ἄλλ

143 1471 243 1509 ὅπως
266 1474 313 1509 ἂν
337 1477 568 1521 ἑκατέρωθεν
591 1475 806 1521 ἐκκερδάνοι,

1289 1387 1456 1421 lucretur.

1145 1590 1300 1626 CAPUT
1323 1590 1353 1626 Ι.

204 1657 320 1691 Ταῦτα
344 1656 434 1711 ἡμᾶς
458 1658 546 1712 προς
566 1658 634 1700 τὴν
659 1659 849 1711 παροῦσαν
875 1656 1049 1701 ἀνέστησε
1075 1658 1220 1703 βουλήν,

1347 1658 1446 1692 Haec
1480 1668 1544 1693 nos
1579 1658 1624 1692 ad
1659 1661 1882 1702 praesentem
1917 1658 2106 1692 erexerunt
2141 1657 2369 1699 voluntatem,

141 1705 199 1734 καὶ
223 1703 276 1744 τῷ
302 1715 457 1746 παροντι
480 1717 580 1746 νομῳ
605 1717 781 1748 χρωμενοι
804 1705 1050 1747 μετατίθεμεν
1073 1705 1142 1747 τὴν
1159 1702 1219 1751 ἄρ·
1235 1707 1276 1738 30
1290 1707 1326 1738 et
1357 1703 1539 1748 praesenti
1570 1705 1646 1747 lege
1678 1706 1818 1737 utentes
1850 1703 2115 1746 transponimus
2146 1702 2369 1737 administra-

140 1746 207 1790 χὴν
231 1749 290 1781 ἐπὶ
311 1745 458 1781 κάλλιον
482 1749 615 1791 σχῆμα“
641 1752 701 1781 καὶ
725 1748 1018 1794 φιλοτιμούμεθα
1042 1753 1102 1783 καὶ
1127 1747 1218 1796 αὐτῇ

102 1819 105 1821 -
140 1793 208 1835 τὴν
242 1793 307 1826 τοῦ
341 1790 588 1839 μοδεράτωρος
626 1792 718 1837 [ἤτοι
754 1791 945 1837 ἁρμοστοῦ]
984 1799 1221 1841 προςηγορίαν

141 1840 261 1878 (τοῦτο
286 1835 376 1883 ὅπερ
401 1841 459 1871 καὶ
478 1840 519 1872 ἑν
536 1837 670 1881 Πόντῳ
696 1840 968 1883 πεποιήκαμεν),
993 1843 1053 1873 καὶ
1078 1840 1119 1874 τὸ
1144 1842 1221 1874 τῶν

141 1883 384 1927 spectabilium
408 1881 500 1931 αὐτῇ
519 1882 660 1918 δίκαιον
684 1882 831 1929 δίδομεν
849 1882 982 1939 ἀρχῶν,
1015 1881 1102 1919 ὥςτε
1128 1886 1219 1919 κατὰ

1289 1749 1420 1784 tionem
1454 1750 1499 1783 ad
1530 1750 1710 1783 meliorem
1742 1748 1909 1791 figuram:
1946 1750 1982 1783 et
2005 1748 2175 1791 largimur
2209 1749 2315 1783 etiam
2340 1748 2372 1782 ei

1290 1794 1533 1838 moderatoris
1549 1794 1823 1839 appellationem
1848 1794 1928 1835 (hoc
1953 1793 2047 1838 quod
2072 1794 2177 1827 etiam
2200 1793 2236 1827 in
2256 1794 2370 1828 Ponto

1290 1840 1462 1882 fecimus),
1498 1843 1533 1875 et
1565 1840 1659 1884 quod
1690 1839 1939 1883 spectabilium
1976 1843 2030 1874 est
2063 1839 2094 1873 ei
2127 1840 2249 1874 damus
2282 1839 2372 1883 (ius)

1292 1885 1655 1928 administrationum,
1692 1889 1731 1919 ut
1767 1885 1804 1919 111
1841 1885 1939 1920 1111110
1974 1885 2088 1919 minor
2120 1884 2253 1918 ducatu
2286 1895 2369 1919 con-

140 1926 252 1972 μηδὲν
277 1928 453 1963 ἐλάττονα
483 1931 548 1983 τῆς
569 1928 729 1973 δουκικῆς
755 1930 1000 1973 καθεσταναι,
1033 1927 1112 1964 ἀλλ’
1137 1928 1221 1965 ἄντ-
1236 1934 1277 1966 35
1292 1931 1412 1974 sistat,
1450 1931 1513 1966 sed
1544 1934 1686 1966 tueatur
1723 1930 1863 1974 quidem
1898 1935 1934 1965 et
1969 1930 2132 1974 publicas
2168 1930 2370 1964 exactiones

141 1974 290 2016 ἔχεσθαι
314 1976 379 2018 μὲν
411 1978 471 2008 καὶ
493 1988 570 2009 των
595 1973 780 2019 δημοσίων
803 1976 1020 2020 εἰςπράξεων
1044 1976 1112 2010 σὺν
1136 1990 1222 2023 σφο-

142 2018 290 2063 δρότητι
314 2020 431 2065 πάσῃ,
464 2016 684 2062 ἀντέχεσθαι
716 2018 755 2054 δὲ
785 2024 846 2054 καὶ
876 2023 938 2064 τῆς
961 2023 1038 2055 τῶν
1062 2020 1222 2056 ἰδιωτῶν

143 2061 324 2109 ὠφελείας,
345 2069 405 2098 καὶ
419 2064 469 2108 μὴ
486 2068 681 2111 συγχωρεῖν
696 2064 786 2109 μήτε
801 2067 857 2108 τῷ
873 2066 1104 2111 περιβλέπτῳ
1123 2065 1221 2101 δουκὶ

142 2110 231 2153 μήτε
262 2111 317 2151 τῷ
348 2109 517 2154 φυλάρχῳ
553 2108 644 2154 μήτε
679 2114 753 2144 τινὶ
789 2113 866 2144 τῶν
898 2109 1067 2145 δυνατῶν
1104 2112 1225 2154 οἴκων,

1292 1988 1372 2012 011111
1388 1976 1484 2012 0111111
1503 1976 1734 2015 vehementia,
1760 1975 1929 2011 defendat
1951 1978 2071 2010 autem
2095 1978 2130 2009 et
2153 1975 2370 2020 privatorum

1291 2022 1480 2064 utilitates,
1515 2026 1550 2056 et
1573 2033 1644 2056 non
1670 2022 1774 2057 cedat
1796 2032 1910 2065 neque
1934 2020 2119 2065 spectabili
2143 2021 2225 2055 duci
2256 2031 2371 2065 neque

1290 2068 1404 2112 gentis
1428 2067 1537 2102 iudici
1566 2077 1680 2112 neque
1702 2067 1842 2102 cuidam
1867 2066 2066 2111 potentium
2091 2066 2275 2109 domuum,
2309 2066 2371 2101 scd

145 2198 305 2233 ordinem
327 2198 582 2244 produximus,
614 2199 830 2234 valentiores
861 2199 1019 2245 undique
1046 2200 1143 2245 facti
1165 2205 1251 2235 sunt
1283 2205 1317 2235 et
1343 2201 1394 2234 ita
1418 2211 1476 2234 res
1502 2204 1718 2240 tractarunt,
1751 2203 1791 2233 ut
1815 2199 1936 2233 omnia
1965 2200 2001 2233 in
2027 2199 2208 2234 meliorem
2237 2204 2370 2235 statum

144 2247 445 2279 converterentur.
481 2242 666 2288 Siquidem
679 2244 916 2290 proconsules
937 2244 1040 2279 nobis
1059 2249 1093 2279 et
1107 2250 1300 2296 praetores
1318 2250 1354 2279 et
1370 2244 1618 2278 moderatores
1638 2248 1746 2288 atque
1763 2244 1995 2289 antiquorum
2016 2245 2168 2278 istorum
2189 2246 2370 2280 nominum

144 2289 306 2334 qravitas
329 2288 540 2333 excoqitata
565 2293 633 2331 est,
664 2294 700 2324 et
723 2300 890 2324 annonae
920 2300 1064 2335 quoque
1095 2291 1139 2324 iis
1171 2294 1300 2324 auctae
1331 2294 1412 2323 sunt
1445 2289 1631 2334 omnisque
1660 2292 1824 2334 potestas
1855 2294 1909 2324 est
1939 2288 2044 2330 data,
2078 2295 2111 2324 et
2135 2294 2219 2324 ante
2251 2292 2369 2325 omnia

144 2333 372 2368 interdictum
392 2343 436 2367 ne
455 2334 634 2368 subiectos
656 2334 856 2380 despolient
873 2334 1066 2379 multisque
1086 2334 1249 2369 manibus
1270 2334 1442 2369 adversus
1461 2344 1523 2368 eos
1540 2337 1711 2374 utantur;
1742 2333 1979 2368 iureiurando
2002 2345 2147 2379 quoque
2163 2345 2236 2369 rem
2255 2338 2367 2370 muni-

145 2379 257 2414 vimus
285 2378 442 2412 omnium
465 2379 622 2413 maxime
639 2378 946 2425 pertimescendo,
978 2390 1093 2424 neque
1123 2379 1230 2414 aliter
1260 2379 1306 2413 iis
1336 2380 1572 2423 maqistratus
1597 2378 1789 2420 tradimus,
1822 2378 1893 2413 nisi
1925 2378 2162 2414 iureiurando
2186 2382 2367 2425 praestito

145 2423 331 2458 codicillos
355 2423 590 2468 maqistratus
620 2424 740 2458 meriti
761 2424 843 2459 sint.
892 2426 1008 2469 Atque
1036 2424 1264 2470 respeximus
1293 2424 1400 2459 etiam
1433 2423 1481 2458 ad
1504 2423 1663 2458 Arabum
1687 2423 1889 2468 reqionem,
1922 2428 1956 2458 et
1979 2434 2058 2459 cum
2082 2434 2228 2458 causam
2251 2426 2367 2471 inqui-

144 2479 304 2503 reremus
328 2479 377 2503 ex
401 2479 474 2514 qua
497 2476 531 2503 et
552 2469 664 2512 fiscus
687 2469 814 2515 inopia
838 2469 994 2509 laboret,
1029 2470 1191 2515 quamvis
1211 2469 1444 2514 feracissima
1474 2469 1523 2503 sit
1546 2469 1660 2513 reyio,
1692 2473 1729 2503 et
1751 2468 2059 2514 interpellantium
2083 2469 2273 2505 multitudo
2302 2483 2368 2506 nos

145 2513 340 2549 circumdet
374 2524 566 2559 omnesque
595 2514 834 2549 lamententur
867 2514 932 2548 alii
960 2515 1067 2559 furta
1099 2514 1163 2549 alii
1195 2514 1350 2549 iniurias
1380 2514 1447 2548 alii
1468 2513 1543 2548 alia
1568 2513 1616 2548 ad
1639 2523 1706 2548 nos
1729 2513 1862 2548 damna
1885 2514 2106 2558 deferentes,
2144 2517 2368 2551 occasionem

145 2569 360 2604 causamque
384 2558 490 2593 leuius
513 2559 598 2594 mali
622 2570 670 2594 ex
695 2559 904 2603 infirmitate
927 2559 1164 2605 maqistratus
1188 2559 1278 2594 oriri
1302 2559 1555 2594 intelleximus,
1604 2558 1696 2593 Erat
1720 2559 1813 2593 enim
1838 2558 1929 2594 adeo
1955 2558 2113 2594 abiectus
2144 2561 2207 2605 qui
2231 2562 2366 2596 civilem

145 2605 396 2649 maqistratum
420 2602 590 2645 habebat,
621 2609 662 2639 ut
685 2605 873 2640 inserviret
902 2604 936 2638 ei
959 2605 1021 2650 qui
1045 2604 1156 2639 armis
1175 2609 1359 2650 praeerat,
1391 2608 1425 2639 et
1450 2605 1486 2638 in
1511 2604 1587 2639 eius
1611 2604 1762 2639 arbitrio
1780 2603 1909 2649 posita
1932 2609 2023 2640 esset
2047 2605 2064 2638 i'
2086 2606 2162 2639 sius
2185 2606 2286 2641 salus
2315 2608 2369 2642 vel

144 2654 185 2684 ut
208 2648 353 2696 omnino
377 2660 422 2683 ne
445 2653 537 2684 esset
566 2649 708 2695 quidem
732 2648 790 2684 liic
813 2650 1059 2695 magistratus.
1107 2648 1238 2695 Itaque
1262 2650 1333 2684 iam
1358 2649 1505 2696 lonqum
1539 2653 1676 2695 tempus
1700 2654 1753 2683 est
1784 2660 1833 2684 ex
1883 2660 1929 2684 uo
1955 2649 2012 2685 vel
2059 2650 2184 2694 efecit,
2216 2656 2252 2686 et
2276 2663 2368 2697 quae

144 2694 258 2729 civilis
281 2694 517 2739 mayistratus
540 2698 624 2728 sunt
653 2694 821 2729 militaris
846 2706 868 2729 a
897 2695 942 2736 it,
975 2694 1038 2740 qui
1063 2698 1179 2729 tamen
1212 2705 1326 2740 neque
1349 2694 1419 2728 sibi
1447 2705 1561 2739 neque
1585 2694 1638 2729 illi
1658 2694 1770 2740 plane
1793 2705 1835 2728 su
1855 2694 1978 2739 ficiat:
2017 2695 2055 2729 in
2079 2706 2121 2730 eo
2147 2697 2239 2730 enim
2264 2708 2366 2732 occu-

142 2743 253 2784 patus
275 2743 339 2781 est,
364 2749 437 2774 non
461 2743 502 2774 ut
524 2739 692 2775 subiectis
715 2706 893 2775 commodi
915 2739 1055 2785 aliquid
1078 2740 1223 2785 afferat,
1258 2739 1322 2774 sed
1345 2743 1385 2774 ut
1408 2739 1586 2784 utrimque
1609 2740 1748 2773 lucrum
1770 2739 1900 2784 faciat.

276 2784 306 2819 I.
355 2783 457 2819 Haec
487 2795 553 2819 nos
587 2784 636 2819 ad
665 2796 841 2831 praesens
875 2785 1061 2820 consilium
1097 2785 1322 2826 excitarunt,
1358 2795 1402 2819 ac
1434 2785 1618 2829 praesenti
1654 2784 1732 2830 leqe
1763 2788 1902 2819 utentes
1932 2784 2183 2830 maqistratum
2219 2786 2256 2821 in
2285 2788 2366 2833 pul-

143 2830 297 2865 criorem
317 2829 479 2874 formam
504 2830 742 2865 traducimus:
778 2835 886 2876 atque
909 2830 980 2876 ipsi
1002 2841 1145 2875 quoque
1167 2829 1406 2864 moderatoris
1438 2829 1521 2871 [sive
1546 2828 1762 2871 ltarmostae]
1794 2829 2073 2876 appellationem
2109 2830 2287 2877 larqimur
2318 2832 2369 2873 (id

144 2875 243 2921 quod
264 2876 370 2910 etiam
401 2874 439 2908 in
464 2873 583 2910 Ponto
613 2875 792 2920 fecimus),
826 2880 861 2911 et
890 2875 1136 2922 spectabilium
1164 2876 1440 2920 maqistratuum
1472 2874 1505 2908 ei
1535 2875 1591 2908 ius
1622 2874 1767 2917 damus,
1800 2880 1840 2909 ut
1869 2875 1906 2909 in
1930 2875 2032 2910 nulla
2062 2886 2102 2910 re
2126 2876 2282 2911 daciano
2314 2878 2366 2912 in-

99 2953 105 2956 .
143 2920 261 2965 ferior
290 2920 356 2961 sit,
393 2920 456 2954 sed
486 2925 589 2955 curet
612 2920 782 2966 publicas
813 2922 1024 2956 exactiones
1059 2931 1139 2956 cum
1172 2921 1270 2955 omni
1298 2920 1506 2961 severitate,
1543 2924 1642 2954 curet
1671 2920 1899 2965 privatorum
1931 2920 2133 2965 commoda,
2169 2934 2255 2957 neve
2280 2934 2366 2968 per-

145 2965 263 3000 mittat
287 2968 349 2999 aut
371 2965 559 3010 spectabili
582 2965 665 3000 duci
688 2970 753 3001 aut
770 2965 974 3012 phylarcho
1000 2970 1065 3000 aut
1087 2966 1153 3000 ulli
1176 2976 1225 3000 ex
1247 2965 1408 3000 domibus
1429 2965 1647 3010 potentium,
1680 2964 1744 2999 sed
1766 2975 1811 2999 ne
1833 2975 1940 3000 sacro
1972 2965 2115 3011 quidem
2140 2968 2366 3013 patrimonio

197 3056 218 3087 4
241 3054 330 3098 γοῦν
353 3050 451 3096 ἡμῖν]
476 3050 562 3098 ἡμῖν
584 3046 650 3088 οὖν
674 3056 705 3088 L
723 3056 735 3099 Η
759 3057 777 3087 5
803 3054 987 3100 ἐξεύρηται
1007 3057 1038 3088 L
1055 3056 1067 3099 ss
1093 3059 1110 3090 7
1137 3058 1220 3097 τοῖς]

145 3099 206 3141 τῆς
231 3100 261 3131 L
285 3098 297 3143 ΙΙ
324 3100 342 3132 8
366 3096 507 3132 πολλοῖς
532 3101 562 3132 L
588 3100 599 3143 ΙΙ
626 3102 645 3133 9
668 3103 741 3133 τοῖς
765 3098 919 3134 πάντων
971 3100 1221 3147 οβερωτάτοις]

145 3144 298 3176 omnibus
311 3145 344 3186 (i.
355 3157 380 3177 e.
395 3144 509 3177 πᾶσιν
516 3144 545 3186 ῗ)
562 3145 768 3178 formidando
782 3158 801 3181 ς
819 3145 831 3189 ΙΙ
850 3148 889 3179 12
903 3113 1044 3189 εἴδομεν
1058 3147 1114 3187 M]
1139 3143 1221 3179 ἴδω-

144 3202 211 3233 μεν
236 3190 287 3224 Le
306 3188 318 3232 ΙΙ
342 3190 381 3222 13
407 3185 579 3235 ἇρράβων
604 3190 675 3222 ML
693 3192 748 3231 (id.
768 3192 857 3244 infra
873 3192 949 3232 495,
965 3194 1013 3233 20)
1029 3191 1041 3235 ΙΙ
1060 3194 1119 3224 καὶ
1142 3191 1222 3234 τὴν]

145 3236 205 3267 καὶ
219 3247 276 3267 om.
289 3232 339 3311 5¹}AE
358 3236 396 3267 15
409 3236 482 3275 τῆς]
498 3237 558 3266 καὶ
570 3235 632 3276 τῆς
643 3236 674 3268 L
692 3236 704 3278 ΙΙ
724 3237 764 3269 16
777 3238 971 3268 ανίσταται
985 3238 1014 3268 L
1031 3239 1042 3279 Η
1064 3239 1103 3270 17
1115 3234 1223 3269 ἄλλας

145 3281 321 3324 ποοςαγγέ
341 3276 461 3312 λοντες
486 3280 627 3322 ζημίας,
659 3279 727 3323 τὴν
750 3277 948 3325 πρόφασιν]
974 3281 1115 3314 3110111111
1140 3284 1173 3322 (ι’.
1197 3295 1220 3315 e.

146 3310 263 3366 ἄλλης)
288 3324 523 3357 denuntiantes
548 3325 741 3357 damnorum
767 3326 970 3358 occasionem
997 3338 1015 3362 ς
1032 3327 1043 3370 ΙΙ
1065 3329 1104 3360 19
1124 3339 1222 3372 γενο-

145 3372 258 3413 μένην
283 3370 332 3402 La
356 3371 442 3402 facta
466 3372 500 3412 (i.
514 3383 539 3403 e.
560 3373 760 3415 γινομένης)
784 3383 801 3406 ς
819 3371 831 3414 ΙΙ
850 3373 891 3404 20
916 3369 1106 3414 πολιτικὴν
1130 3373 1223 3414 ἒχων

147 3414 281 3457 (σχωνῖ
305 3416 367 3457 La)
391 3416 455 3455 Le]
486 3413 672 3449 πολιτείαν
695 3418 904 3459 κεκτημένος
930 3418 970 3448 Μ
991 3416 1003 3460 ΙΙ
1030 3418 1072 3450 22
1098 3414 1221 3458 αὐτοῦ]

136 3461 215 3502 ,τὴν
239 3456 349 3493 αὐτοῦ
375 3461 406 3493 L
425 3459 437 3504 ΙΙ
460 3461 501 3494 23
526 3457 549 3502 ἢ
571 3457 643 3503 μηδ
650 3457 657 3469 ²
685 3456 776 3494 ὅλως
800 3460 892 3494 εἶναι
916 3460 984 3504 τὴν
1008 3457 1118 3506 ἀρχὴν
1141 3463 1222 3496 ταύ-

147 3508 226 3547 την]
250 3506 316 3538 nisi
341 3506 559 3538 famularetur
583 3507 617 3546 (ι’.
632 3520 655 3539 ο.
674 3506 704 3538 εἰ
719 3505 768 3549 μὴ
786 3503 1057 3549 δουλωθῆναιῗ)
1081 3507 1220 3541 admini-

147 3551 263 3583 stratio
287 3563 305 3586 ς
333 3551 345 3594 ΙΙ
376 3553 417 3585 25
442 3548 463 3593 ἦ
489 3551 741 3595 στρατιωτικὴ]
767 3555 799 3583 et
822 3551 979 3584 militaris
1003 3564 1022 3588 ς
1049 3553 1059 3595 ΙΙ
1091 3553 1110 3573 *
1117 3550 1221 3595 μήτε]

125 3614 127 3616 v
149 3591 238 3637 μὴδὲ
251 3597 294 3628 Μ
312 3593 425 3638 μηδὲν
439 3598 468 3629 L
486 3596 498 3640 ΙΙ
525 3598 566 3629 26
586 3595 714 3639 *μήτε]
737 3595 827 3639 μηδὲ
841 3598 911 3630 ML
929 3597 940 3640 ΙΙ
959 3599 999 3631 31
1027 3593 1129 3644 αὐτῇ]
1162 3595 1221 3630 αὗ-

148 3639 214 3681 τὴν
227 3641 340 3674 ΜαΒΰ
358 3642 369 3685 ΙΙ
389 3643 430 3675 32
454 3639 535 3684 ἤτοι
558 3638 738 3685 ἁρμοστοῦ
765 3643 852 3682 ΜΒ,
867 3656 922 3675 om.
939 3643 990 3678 Ls·
1009 3641 1021 3686 ΙΙ
1038 3644 1078 3677 33
1102 3640 1221 3686 τούτῳ

150 3685 200 3717 13⁰
216 3685 228 3728 ΙΙ
246 3686 285 3718 ἐν
297 3683 431 3728 Πόντῳ
449 3683 708 3730 πεποιήκαμεν]
734 3701 803 3721 nov.
816 3688 896 3720 XX
904 3688 996 3720 VIII
1008 3688 1019 3731 ΙΙ
1039 3689 1082 3722 34
1097 3692 1220 3731 specta-

149 3729 267 3763 uiliwn
285 3732 340 3775 M,
364 3731 617 3776 περιβλέπτων
641 3733 688 3767 Μ
693 3747 718 3766 s.
732 3746 772 3774 v.‚
793 3733 862 3766 LB
889 3732 901 3776 ΙΙ
933 3733 974 3766 36
998 3732 1221 3777 εἰςπράξεσιν

1290 3057 1339 3133 dLa
1366 3056 1377 3097 ΙΙ
1407 3057 1451 3133 33
1472 3053 1636 3142 ῧιλάρχω
1658 3057 1688 3088 L
1721 3055 1951 3099 (phylarchum
1981 3057 2015 3088 id
2047 3060 2097 3089 est
2128 3057 2366 3090 Saracenorum

1312 3112 1404 3133 ucem
1451 3115 1490 3132 ιι,.

1360 3194 1370 3223 1
1399 3190 1538 3230 *faetasJ
1563 3194 1640 3222 sunt
1664 3190 1769 3222 factae
1794 3192 1872 3224 libri
1896 3191 1907 3233 ΙΙ
1938 3192 1957 3223 3
1984 3201 2061 3231 ergo
2086 3204 2143 3223 om.
2164 3192 2196 3223 T
2219 3191 2231 3234 ΙΙ
2262 3193 2283 3225 4
2307 3192 2366 3224 110-

1291 3248 1362 3269 rum
1381 3237 1621 3278 Osenbrityqen]
1646 3235 1808 3267 honorum
1831 3237 1952 3279 Vvuly.
1977 3235 2141 3268 bonorum
2159 3237 2190 3268 T
2203 3237 2214 3279 ΙΙ
2231 3238 2250 3269 6
2267 3237 2367 3269 danta

1293 3283 1342 3315 T¹
1360 3281 1371 3325 ΙΙ
1391 3282 1410 3314 8
1436 3283 1552 3312 utatur
1573 3280 1628 3323 Vn
1654 3290 1785 3321 quoque
1806 3281 1851 3322 V]
1876 3292 1984 3322 neque
2012 3282 2043 3313 T
2061 3281 2072 3324 ΙΙ
2098 3282 2118 3314 9
2144 3281 2367 3315 formidandos

1299 3328 1383 3368 VTn
1403 3326 1432 3359 ei
1453 3327 1484 3358 T
1496 3325 1508 3369 ΙΙ
1530 3327 1566 3359 11
1587 3325 1712 3366 itaque]
1737 3327 1785 3358 ita
1802 3327 1834 3358 T
1848 3325 1860 3370 ΙΙ
1876 3326 2093 3358 *arabiorum
2110 3327 2142 3359 T
2159 3327 2365 3359 arabicorum

1299 3373 1393 3414 V(cf.
1414 3373 1490 3411 495,
1505 3372 1553 3413 20)
1571 3370 1582 3414 ΙΙ
1611 3373 1651 3404 14
1672 3371 1860 3404 circumstet
1885 3373 1976 3412 libri,
2002 3384 2083 3405 corr.
2102 3372 2332 3416 Osenbriiyqen
2355 3371 2368 3417 Η

1294 3419 1332 3451 18
1352 3419 1421 3449 orat
1434 3436 1475 3440 —-
1492 3418 1532 3450 19
1550 3416 1868 3448 administrationem
1893 3429 1950 3450 om.
1967 3417 1999 3449 T
2013 3417 2025 3457 11
2044 3419 2084 3451 19
2093 3430 2141 3460 sq.
2156 3417 2322 3450 deseruire
2339 3426 2368 3451 et

1291 3463 1396 3494 iacere
1414 3463 1499 3503 libri,
1521 3474 1603 3495 corr.
1618 3462 1712 3494 Beck
1729 3462 1741 3503 ll
1760 3463 1799 3495 21
1818 3461 1998 3494 famuletur
2013 3462 2045 3494 T
2056 3462 2068 3506 ΙΙ
2088 3464 2129 3496 23
2152 3464 2184 3494 et
2199 3462 2364 3505 militaris]

1291 3511 1323 3539 et
1347 3509 1408 3540 del.
1431 3507 1525 3540 Beck
1552 3506 1564 3547 ΙΙ
1595 3508 1637 3539 24
1661 3507 1850 3549 *occupata
1875 3508 1951 3540 libri
1979 3507 1991 3551 ss
2019 3518 2160 3549 namque
2186 3512 2233 3539 est
2254 3508 2298 3549 V]
2324 3508 2367 3541 sit

1290 3563 1431 3594 namque
1454 3552 1486 3584 T
1507 3551 1519 3594 ΙΙ
1543 3552 1584 3585 25
1610 3555 1647 3583 ut
1672 3562 1739 3584 non
1766 3553 1798 3584 T
1819 3552 1831 3594 ss
1855 3554 1898 3586 26
1922 3552 2090 3585 luceretur
2113 3553 2167 3596 Vn
2192 3554 2234 3586 33
2258 3554 2364 3595 quod]

1291 3608 1373 3639 quae
1399 3598 1491 3630 Beck
1519 3597 1531 3640 ΙΙ
1564 3596 1644 3629 *ius
1675 3597 2010 3638 administrationum]
2047 3598 2366 3631 administrationem

1293 3645 1368 3676 libri
1384 3643 1395 3685 ΙΙ
1422 3644 1465 3677 34
1488 3643 1524 3674 111
1550 3656 1606 3675 om.
1629 3643 1682 3684 Vl}
1710 3642 1829 3674 ducato
1850 3642 1904 3687 VH
1929 3645 1970 3677 35
1997 3644 2195 3685 exactiones]
2221 3645 2367 3676 actiones

1291 3699 1329 3720 ex
1350 3689 1400 3721 Va
1416 3687 1428 3732 ΙΙ
1448 3689 1490 3721 36
1515 3691 1625 3720 autem
1650 3690 1682 3720 et
1702 3687 1746 3728 V]
1770 3691 1803 3720 et
1826 3701 1883 3720 om.
1902 3689 1933 3721 T
1944 3688 1956 3729 ΙΙ
1984 3690 2023 3721 37
2050 3699 2157 3730 neque
2180 3689 2299 3730 gentis]
2326 3700 2366 3721 ne

1290 3734 1399 3775 gentis
1426 3734 1479 3766 Ta
1496 3732 1508 3777 ΙΙ
1528 3734 1569 3767 38
1596 3733 1728 3765 domum
1750 3733 1783 3766 V
