2580 4022
248 174 354 216 Nov.
380 173 510 215 CLXI
544 176 576 214 1.
599 174 622 212 2
1312 168 1397 214 746
2094 185 2154 215 nn
2181 185 2470 217 PRAEsmmus

248 282 492 323 ἐκπεσοῦνται,
517 283 589 314 τοῖς
611 278 834 323 ἠδικημένοις
858 280 946 324 πρὸς
970 279 1039 315 τὸν
1062 280 1175 324 νόμον
1198 282 1258 313 καὶ
1281 278 1323 313 τὸ
1345 281 1422 314 τῶν
1450 278 1684 323 ἀδικημάτων
1701 284 1835 325 μέτρον
1849 281 1979 325 ταύτης
1994 281 2326 330 διαιρεθησομένης,
2351 283 2469 316 καθά-

248 338 315 369 περ
345 322 391 358 ἂν
422 321 443 366 ἡ
471 328 553 369 περὶ
584 321 711 358 τούτου
742 326 917 370 προϊοῦσα
949 325 1075 370 πρᾶξις
1106 327 1165 358 καὶ
1190 325 1228 356 ἐκ
1251 324 1331 366 μιᾶς
1353 328 1478 370 μοίρας
1502 324 1595 359 κατὰ
1625 325 1669 359 τὸ
1700 325 1830 369 πρώην
1852 327 2189 372 νενομοθετημένον
2213 328 2468 373 παραστήσειε.

246 371 270 405 3
306 368 363 411 [τὰ
378 369 588 422 εἰςαχθέντα
604 366 695 413 ὑπὲρ
711 370 787 402 τῶν
803 366 990 403 ὑποτελῶν
1007 367 1209 413 διαμενέτω
1223 370 1358 412 βέβαια
1366 372 1387 411 ·]
1403 368 1594 414 μενόντων
1610 367 1776 412 δηλονότι
1791 372 1944 405 καὶτῶν
1961 369 2084 406 ἄλλων
2099 375 2274 417 βεβαίων,
2292 368 2362 406 ὅσα
2379 371 2470 419 πρὸς

246 413 314 456 τὴν
336 414 414 447 τῶν
437 412 623 448 υποτελῶν
646 411 866 447 λυσιτέλειαν
882 416 963 458 περὶ
986 415 1064 448 τῶν
1088 410 1275 459 ἀρχόντων
1299 413 1415 448 καλῶς
1438 412 1537 461 παρὰ
1562 415 1624 458 τῆς
1647 414 1830 455 βασιλείας
1852 417 2148 460 νενομοθέτηται.
2182 413 2299 462 ὥςπερ
2324 414 2364 450 δὲ
2387 415 2468 450 τούς

245 458 360 511 ταῦτα
382 456 672 511 πλημμελοῦντας
695 456 902 501 κολάζομεν,
926 453 1042 493 οὕτως
1065 462 1124 492 καὶ
1147 456 1229 493 τοὺς
1248 457 1341 493 κατὰ
1360 457 1498 502 ταύτην
1513 457 1583 503 τὴν
1599 459 1786 505 πρόφασιν
1803 459 2052 505 λαμβάνοντάς
2068 475 2103 497 τι
2119 463 2197 496 τῶν
2212 460 2468 506 κεκωλυμένων

246 515 321 548 παρ
349 515 473 537 αυτων
494 516 539 549 τῃ
563 515 626 536 του
649 502 912 547 τετραπλασίου
936 503 1264 548 καθυποβάλλομεν
1285 501 1468 539 ἀποδόσει.

1245 638 1403 674 CAPUT
1426 638 1473 673 II.

382 717 456 749 Καὶ
479 716 595 750 ταῦτα
619 715 836 758 νομοθετεῖν
859 713 1025 758 ἐπῆλθεν
1047 712 1134 758 ἡμῖν
1157 713 1227 760 τὴν
1250 717 1327 752 τῶν
1351 714 1523 760 ὑπηκόων
1546 715 1719 763 εὐπορίαν
1734 730 1774 751 τε
1797 720 1857 751 καὶ
1881 717 2086 763 θεραπείαν
2101 722 2184 766 περὶ
2200 717 2332 753 πολλοῦ
2349 724 2469 754 ποιου-

245 761 375 803 μένοις,
398 756 439 794 οὗ
463 759 538 803 μὴν
555 761 630 794 τῶν
649 760 824 794 ἐντεῦθεν
840 759 1077 805 εἶςαγομένων
1091 761 1137 807 τῇ
1160 760 1328 805 βασιλείᾳ
1352 761 1491 808 πόρων.
1533 764 1819 807 συναναιροῦμεν
1840 762 1909 808 γὰρ
1933 765 2011 797 ταῖς
2033 764 2111 798 τῶν
2133 761 2322 810 ἀρχόντων
2346 762 2469 797 δόσεσι

245 807 304 837 καὶ
328 805 375 838 τὰ
399 805 484 850 παρ’
504 803 627 839 αὐτῶν
651 801 896 851 προςαγὸμενα
920 806 973 847 ’τῷ
998 803 1176 848 βασιλικῷ
1199 805 1296 853 λόγῳ
1322 807 1491 851 suffragia
1513 807 1561 841 εἰς
1585 805 1755 842 πλεῖστον
1778 806 1885 853 ὄγκον
1908 807 2159 852 ἀναφερόμενα
2183 807 2386 855 χρημάτων,
2410 808 2470 841 ἵνα

246 852 305 882 καὶ
335 847 451 896 ταύτῃ
483 861 560 885 πως
590 848 634 884 τὸ
668 848 842 893 δημόσιον
865 847 1010 894 εὔροιαν
1041 851 1115 892 ἔχοι
1146 853 1205 884 καὶ
1232 850 1321 895 πρὸς
1351 849 1607 899 εὐπορωτέραν
1630 851 1829 888 ἐπανέλθοι
1861 850 1966 892 τάξιν
1990 850 2265 899 ἀπηλλαγμένον
2292 854 2371 887 τῶν
2393 851 2470 888 ἐπι-

245 906 350 936 νενοη
380 897 474 929 ένων
496 898 592 929 τισὶν
615 892 688 930 άπὸ
712 895 841 940 χρόνου
863 893 963 928 τινὸς
987 895 1076 939 πρὸς
1097 893 1241 940 βλάβην
1264 895 1391 931 τούτου
1416 897 1540 931 τελῶν.
1586 897 1641 943 τῷ
1672 895 1740 943 γὰρ
1764 894 1925 952 ἡμετέρῳ
1950 897 2072 942 κράτει
2093 902 2160 942 μία
2183 901 2235 932 τίς
2259 899 2358 932 ἐστιν
2381 893 2470 940 αὕτη

245 949 340 973 σπου
365 938 397 983 ἠ,
426 938 488 974 τὰς
519 941 689 987 ἐπαρχίας
719 937 958 982 εὐνομεῖσθαί
987 951 1027 972 τε
1055 943 1115 973 καὶ
1139 939 1311 987 ἀσφαλῶς
1333 943 1514 976 οἰκεῖσθαι
1536 944 1595 975 καὶ
1618 942 1681 985 τῆς
1703 942 1781 976 τῶν
1805 939 1992 988 ἀρχοντων
2016 940 2212 977 ἀπολαύειν
2236 941 2471 984 δικαιοσύνης,

245 984 327 1017 τούς
358 996 398 1018 τε
430 983 618 1027 δημοσίους
645 982 841 1029 ἀμέμπτως
871 982 1078 1030 εἰςάγεσθαι
1109 985 1248 1030 φόρους.
1296 984 1338 1020 οὗ
1361 987 1430 1033 γὰρ
1455 985 1572 1020 ἄλλως
1595 990 1716 1020 ἔνεστι
1739 985 1780 1021 τὸ
1806 986 2004 1030 πολίτευμα
2035 986 2292 1031 διασώζεσθαι,
2322 986 2371 1030 μὴ
2393 987 2472 1021 τῶν

246 1024 407 1071 εὐσεβῶν
429 1029 667 1076 εἰςαγομένων
697 1027 936 1074 τελεσμάτων,
968 1028 1007 1069 ἐξ
1038 1022 1093 1063 ὧν
1123 1029 1165 1064 τὸ
1195 1033 1263 1072 μὲν
1293 1043 1338 1066 στ
1363 1031 1560 1066 ατιωτικὸν
1590 1031 1812 1076 τρεφόμενον
1840 1035 1914 1066 τοῖς
1943 1030 2124 1076 πολεμίοις
2154 1030 2471 1074 ἆντικαθίσταται,

246 1076 393 1118 φρουρεῖ
421 1072 461 1108 δὲ
483 1074 563 1109 τούς
585 1088 626 1108 τε
650 1071 778 1121 ἀγροὺς
800 1076 860 1107 καὶ
884 1071 946 1107 τὰς
966 1071 1097 1118 πόλεις,
1128 1072 1304 1110 ἀπολαύει
1359 1079 1375 1110 ἑ
1406 1079 1465 1111 καὶ
1494 1076 1541 1110 τὰ
1572 1075 1680 1111 λοιποὶ
1711 1074 1879 1123 τάγματα
1907 1077 1984 1110 τῶν
2006 1075 2319 1130 ἀπονεμηθέντων
2344 1076 2470 1115 αὐτοῖς,

245 1121 359 1172 τείχη,
375 1131 415 1152 τε
444 1121 504 1153 καὶ
534 1117 654 1155 πόλεις
684 1119 980 1164 ἐπανορθοῦνται
1010 1122 1070 1153 καὶ
1101 1119 1147 1154 τὰ
1179 1119 1270 1155 ἄλλα
1299 1119 1422 1157 πάντα
1454 1120 1618 1167 πρόεισιν
1650 1117 1719 1155 ὅσα
1749 1121 1875 1166 βλέπει
1905 1121 1994 1168 πρὸς
2022 1121 2064 1157 τὸ
2087 1135 2188 1170 κοινῃ
2211 1124 2379 1157 συνοῖσον
2401 1124 2474 1156 τοῖς

246 1174 423 1206 υπηκοοις.

379 1229 478 1276 (Ἐπ
488 1229 553 1265 ίλο
559 1232 669 1278 yos.)
721 1231 769 1265 Τὰ
792 1234 917 1265 τοίνυν
940 1230 1183 1277 παραστάντα
1205 1230 1291 1276 ἡμῖν
1313 1235 1373 1267 καὶ
1398 1230 1458 1266 διὰ
1480 1230 1587 1267 τοῦδε
1611 1230 1811 1277 δηλούμενα
1833 1230 1946 1277 νόμου
1969 1232 1991 1277 ἡ
2014 1232 2059 1277 σὴ
2082 1232 2270 1277 ἐνδοξότης
2293 1232 2385 1268 κατὰ
2407 1231 2474 1276 τὴν

246 1272 442 1319 εὐδαίμονα
466 1274 574 1310 πόλιν
599 1278 638 1311 ἐν
661 1280 735 1311 τοῖς
757 1273 912 1310 εἰωθόσι
934 1275 1058 1311 τόποις
1080 1275 1272 1323 προθήσει,
1305 1277 1423 1312 στελεῖ
1450 1276 1489 1312 δὲ
1519 1280 1578 1312 καὶ
1606 1276 1698 1312 κατὰ
1732 1277 1797 1312 τὰς
1822 1279 1993 1324 ἐπαρχίας
2017 1281 2088 1313 τοῖς
2111 1279 2287 1323 συνήθεσι
2309 1291 2331 1322 χ
2355 1280 2474 1322 ωμένη

247 1319 525 1367 προςτάγμασιν,
557 1322 617 1355 ἵνα
648 1321 780 1357 πάντες
803 1319 939 1362 εἰδεῖεν,
973 1318 1040 1364 ὅση
1073 1333 1127 1356 τις
1157 1321 1243 1366 ἡμῖν
1267 1324 1344 1357 ἐστι
1367 1324 1431 1357 τοῦ
1455 1336 1496 1357 τε
1515 1321 1686 1366 δημοσίου
1708 1323 1769 1365 τῆς
1790 1336 1831 1357 τε
1854 1325 1931 1358 τῶν
1954 1322 2127 1368 ὑπηκόων
2150 1320 2256 1369 ἡμῶν
2278 1322 2330 1368 εἷβ
2354 1326 2475 1368 αβείας

247 1370 402 1413 φροντίς.
448 1365 554 1411 (Dat.
578 1394 585 1401 .
613 1392 621 1401 .
649 1394 657 1403 .
683 1367 769 1403 Dec.
807 1366 941 1401 Tiberii
965 1365 1192 1403 Constantini
1214 1368 1409 1404 felicissimi
1433 1367 1596 1404 Caesaris
1620 1377 1715 1405 anno
1739 1367 1768 1404 I.
1793 1367 1865 1404 ind.
1891 1368 2009 1414 VIII.)
2320 1371 2368 1411 [a.
2393 1370 2472 1410 574]

381 1468 402 1510 §
419 1469 439 1502 3
463 1468 497 1510 (3
520 1464 713 1512 μενόντων
737 1466 904 1512 δηλονότι
918 1488 960 1493 -—
976 1470 996 1502 6
1021 1464 1209 1513 ἀποδόσει)
1234 1478 1321 1505 extat
1344 1471 1395 1504 13⁶
1412 1471 1443 1514 6,
1459 1478 1487 1513 3,
1499 1478 1546 1506 46.

249 1657 333 1693 dum
357 1657 468 1703 leqem
492 1659 527 1692 et
550 1656 765 1692 iniuriarum
789 1657 933 1693 modum
953 1657 1147 1700 dividatur,
1172 1659 1470 1703 quemadmodum
1494 1664 1578 1695 acta
1601 1659 1645 1696 de
1668 1670 1711 1695 ea
1734 1670 1775 1695 re
1797 1659 1894 1695 edita
1917 1659 2023 1695 etiam
2047 1670 2097 1695 ex
2119 1671 2193 1695 una
2208 1663 2328 1706 parte,
2351 1669 2475 1695 secun-

248 1703 274 1737 3
319 1701 402 1736 dum
433 1701 472 1737 id
501 1701 601 1747 quod
628 1702 769 1747 pridem
801 1703 978 1738 sancitum
1009 1707 1061 1738 est
1092 1703 1344 1739 demonstrent.
1393 1703 1505 1747 [Quae
1521 1715 1595 1751 pro
1619 1704 1787 1740 subiectis
1806 1704 2013 1740 introducta
2036 1710 2121 1740 sunt
2171 1715 2250 1740 rma
2273 1707 2474 1746 maneant.·]

249 1750 489 1792 maneantque
520 1747 686 1781 nimirum
711 1747 819 1791 firma
851 1748 957 1782 etiam
990 1747 1132 1792 reliqua
1163 1757 1257 1793 quae
1285 1749 1334 1783 ad
1352 1750 1540 1785 utilitatem
1563 1750 1801 1785 subiectorum
1825 1749 1869 1784 de
1887 1749 2118 1796 praesidibus
2163 1761 2228 1785 ene
2251 1749 2296 1785 ab
2319 1749 2474 1795 impera-

251 1795 330 1826 tore
360 1791 500 1825 sancita
525 1794 619 1826 sunt.
666 1790 970 1833 Quemadmodum
995 1795 1113 1827 autem
1133 1802 1195 1827 eos
1226 1793 1291 1838 qui
1311 1793 1363 1828 ita
1381 1798 1538 1839 peccant
1566 1794 1747 1839 punimus,
1771 1795 1823 1829 ita
1846 1804 1907 1829 eos
1929 1803 2073 1838 quoque
2096 1794 2160 1839 qui
2184 1794 2273 1839 quid
2287 1803 2360 1839 per
2382 1792 2476 1828 lianc

251 1846 397 1871 causam
420 1845 470 1871 ex
492 1835 598 1870 rebus
612 1835 812 1880 prohibitis
835 1835 879 1871 ab
900 1837 944 1871 iis
969 1836 1152 1881 accipiunt
1175 1836 1372 1883 quadrupli
1395 1838 1613 1873 restitutioni
1635 1838 1838 1873 subicimus.

383 1902 431 1939 H.
454 1902 572 1947 Atque
594 1901 683 1937 llaec
705 1905 746 1937 ut
766 1902 988 1938 sanciremus
1007 1903 1045 1937 in
1068 1907 1219 1939 mentem
1242 1903 1344 1939 nobis
1366 1903 1472 1946 venit,
1495 1904 1595 1950 quod
1607 1904 1846 1940 subiectorum
1859 1904 2138 1951 prosperitatem
2155 1907 2190 1940 et
2204 1903 2338 1940 cultum
2352 1915 2411 1939 ma
2438 1905 2476 1939 ni

249 1947 420 1993 facimus,
451 1957 516 1983 nec
539 1957 622 1982 vero
646 1946 822 1982 redituum
848 1947 930 1983 inde
952 1947 1173 1994 reipublicae
1203 1948 1486 1994 inserendorum.
1534 1948 1676 1984 Etenim
1708 1959 1780 1984 una
1814 1960 1892 1984 cum
1922 1949 2198 1995 maqistratuum
2224 1950 2412 1995 Iarqitioni
2434 1960 2476 1984 us

254 1992 411 2028 tollimus
443 1992 550 2027 etiam
581 1991 763 2037 suffraqia
787 2003 881 2037 quae
904 1992 1151 2039 imperialibus
1173 1992 1376 2027 rationibus
1400 1993 1443 2027 ab
1468 1993 1513 2028 iis
1536 1993 1798 2038 inferebantur,
1832 2004 1925 2039 quae
1949 1993 2090 2039 quidem
2113 2005 2282 2040 maqnum
2300 1995 2475 2040 pecunia-

251 2047 328 2071 rum
361 2036 536 2072 cumulum
569 2036 793 2081 efficiebant.-
831 2040 872 2072 ut
902 2036 969 2072 hoc
999 2047 1143 2082 quoque
1173 2037 1278 2071 modo
1309 2047 1369 2072 res
1395 2037 1542 2082 publica
1566 2038 1680 2072 salute
1704 2039 1869 2083 potiatur
1891 2043 1927 2073 et
1950 2038 2000 2073 ad
2018 2040 2288 2084 prosperiorem
2312 2039 2475 2075 ordinem

250 2081 374 2117 redeat
402 2081 553 2116 liberata
583 2080 890 2125 praestationibus
920 2091 1012 2126 quae
1039 2092 1089 2116 ea:
1120 2086 1219 2116 certo
1253 2084 1410 2127 tempore
1441 2092 1464 2116 a
1492 2081 1675 2117 nonnullis
1705 2083 1742 2117 in
1771 2081 2020 2118 detrimentum
2045 2083 2121 2118 eius
2143 2083 2356 2129 excoqitata
2378 2088 2473 2119 sunt.

250 2125 436 2161 Maiestati
464 2125 556 2160 enim
588 2131 734 2161 nostrae
764 2136 874 2160 unum
898 2124 967 2161 hoc
989 2129 1043 2162 est
1063 2125 1232 2167 studium,
1256 2129 1296 2161 ut
1315 2126 1525 2179 provinciae
1547 2130 1582 2162 et
1605 2126 1709 2162 bonis
1733 2126 1870 2173 leqibus
1893 2131 2043 2163 utantur
2063 2131 2098 2163 et
2121 2127 2157 2162 in
2182 2128 2376 2164 securitate
2399 2139 2474 2164 ver-

250 2174 375 2206 sentur
408 2174 443 2205 et
466 2169 677 2216 praesidum
706 2169 847 2205 iustitia
867 2170 1058 2215 fruantur,
1089 2174 1200 2215 utque
1220 2170 1366 2217 publica
1391 2171 1525 2206 tributa
1548 2171 1647 2206 nullo
1671 2172 1816 2218 neqotio
1837 2172 2058 2218 inferantur.
2107 2172 2232 2218 Neque
2254 2173 2346 2207 enim
2371 2172 2477 2208 aliter

249 2226 308 2250 res
331 2214 481 2261 publica
512 2214 650 2250 servari
671 2218 791 2261 potest
813 2215 884 2249 nisi
905 2215 977 2261 piis
1001 2214 1144 2251 tributis
1166 2215 1290 2257 illatis,
1321 2226 1371 2251 ex
1394 2216 1522 2261 quibus
1545 2216 1726 2252 exercitus
1748 2216 1859 2252 alitus
1881 2215 2042 2252 nostibus
2065 2218 2211 2259 resistit,
2236 2228 2418 2263 aqrosque
2441 2221 2477 2253 et

250 2260 412 2296 civitates
435 2260 602 2301 custodit,
627 2270 670 2295 ac
693 2260 827 2305 reliqui
847 2270 991 2305 quoque
1015 2259 1161 2296 ordines
1185 2260 1377 2296 commodis
1399 2261 1444 2296 iis
1467 2260 1650 2307 deputatis
1670 2261 1862 2307 fruuntur,
1885 2265 1922 2297 et
1945 2262 2039 2297 muri
2054 2266 2090 2298 et
2104 2262 2211 2298 urbes
2224 2263 2477 2298 instaurantur

250 2310 285 2341 et
308 2304 448 2350 reliqua
472 2304 591 2340 omnia
610 2305 817 2351 procedunt
839 2315 1084 2351 quaecumque
1105 2304 1154 2340 ad
1173 2315 1391 2340 communem
1414 2305 1652 2342 subiectorum
1675 2306 1865 2342 utilitatem
1888 2310 2066 2352 spectant,

385 2371 473 2418 Epi
481 2373 495 2407 l
503 2383 524 2407 0
531 2382 624 2418 qus.
670 2370 772 2414 Quae
803 2372 915 2418 iqitur
941 2373 1046 2408 nobis
1065 2372 1289 2418 placuerunt
1319 2378 1355 2408 et
1381 2383 1451 2419 per
1484 2375 1576 2408 hanc
1600 2373 1712 2420 leqem
1735 2373 1967 2408 declarantur
1991 2377 2053 2408 tua
2076 2373 2198 2419 qloria
2222 2373 2259 2408 in
2283 2373 2352 2409 liae
2373 2373 2477 2419 felici

251 2418 393 2453 civitate
425 2417 605 2452 consuetis
635 2417 673 2451 in
703 2416 793 2452 locis
818 2420 1015 2464 proponet,
1038 2418 1153 2454 mittet
1183 2422 1301 2453 autem
1329 2418 1368 2452 in
1397 2418 1607 2464 provincias
1637 2428 1780 2464 quoque
1810 2418 1929 2453 solitis
1961 2417 2142 2454 mandatis
2173 2429 2259 2460 usa,
2290 2422 2331 2454 ut
2354 2429 2476 2454 omnes

249 2463 376 2505 sciant,
401 2466 539 2508 quanta
562 2462 665 2498 nobis
689 2465 761 2498 tam
781 2462 863 2506 fisci
886 2473 994 2508 quam
1016 2463 1257 2499 subiectorum
1281 2466 1489 2498 nostrorum
1512 2462 1771 2499 incolumitatis
1794 2473 1882 2498 cura
1905 2463 1961 2498 sit.

298 2654 314 2686 1
327 2651 404 2685 τῶν
417 2651 537 2685 om.B⁶
551 2651 564 2694 Ι]
582 2648 955 2694 διαιρεθησομένοιςῇ
974 2651 986 2696 ΙΙ
1002 2650 1184 2696 καθάπερ]
1195 2654 1255 2685 καὶ
1267 2664 1328 2685 κα·
1397 2652 1684 2697 συναναιροῦμεν
1720 2654 1908 2687 Zachariae
1943 2654 2023 2696 (sim.
2063 2654 2096 2687 0.
2127 2653 2166 2687 G.
2192 2653 2236 2686 E.
2261 2653 2472 2696 Heimbaclzss

250 2694 376 2741 θάπερ
387 2708 455 2729 cum
467 2697 661 2729 Haloandro
674 2697 761 2739 vulq.
774 2693 1258 2743 ΙΙκαθάπερ-παραστήσοι
1269 2710 1326 2730 om.
1397 2699 1637 2742 συναιροῦμεν
1659 2699 1691 2731 L
1714 2700 1936 2743 συναιρεῖται
1959 2699 2027 2741 μὲν
2049 2698 2085 2730 Β
2102 2697 2151 2763 '⁵29
2176 2697 2323 2739 sufragia
2338 2699 2369 2731 L
2393 2708 2473 2731 σου-

252 2742 303 2775 ΒΓ
309 2740 349 2786 112
366 2741 521 2774 ποιοῦσα
529 2741 603 2774 Εοί.
619 2740 631 2784 ΙΙ
650 2740 778 2785 πρᾶξις
788 2742 867 2782 LB]
883 2739 1044 2780 διάταξις
1053 2755 1120 2775 cum
1130 2742 1326 2775 Haloandro
1397 2740 1533 2787 φράγια
1557 2744 1593 2776 Β
1611 2743 1624 2786 ΙΙ
1643 2745 1682 2776 10
1706 2741 1867 2788 εὗρροιεν
1891 2744 1922 2776 L
1941 2742 1953 2785 ΙΙ
1975 2745 2049 2784 ἔχοι
2073 2743 2104 2775 L
2121 2745 2132 2783 ]
2154 2745 2216 2788 ἔχῃ
2240 2744 2329 2776 LaB
2347 2743 2358 2785 ΙΙ
2374 2741 2474 2782 τάξις

250 2789 336 2829 vulq.
349 2787 430 2820 male
446 2786 458 2829 ΙΙ
475 2783 518 2818 τὸ
534 2782 662 2830 πρώην
677 2785 1024 2829 νενομοθετημένον]
1039 2799 1109 2820 nov.
1127 2787 1333 2820 CXXVIII
1399 2789 1446 2819 1st
1471 2791 1483 2830 ΙΙ
1507 2788 1783 2831 ἐπινενοημένον
1806 2788 1837 2820 L
1862 2787 1874 2830 ΙΙ
1906 2789 1944 2821 11
1959 2800 2030 2830 sqq.
2056 2789 2099 2829 cs}
2123 2800 2193 2820 nov.
2225 2788 2380 2820 CXLIX
2400 2801 2426 2820 c.
2452 2789 2472 2821 2

251 2844 277 2864 c.
288 2832 330 2864 23
348 2830 360 2874 Ι]
377 2829 601 2877 παραστήσω
620 2833 649 2863 Β
666 2831 678 2874 ΙΙ
697 2832 716 2864 3
730 2831 850 2864 *verba
862 2831 909 2864 τὰ
924 2831 1242 2875 εἰςαχθέντα-βέ
1267 2844 1328 2864 αια
1394 2845 1428 2875 p.
1446 2834 1522 2871 724,
1537 2840 1567 2867 21
1581 2845 1651 2876 sqq.
1666 2834 1679 2875 Ι]
1702 2834 1740 2866 13
1764 2828 1966 2875 ἀμέμπτους
1989 2833 2021 2864 L
2039 2830 2051 2875 ss
2071 2832 2110 2865 18
2138 2828 2256 2872 τοῦδε]
2280 2832 2344 2864 τοῦ
2369 2831 2472 2864 θείου

252 2888 334 2919 quae
350 2877 444 2919 vulqo
456 2878 623 2919 prioribus
639 2877 874 2917 continuantur,
888 2878 1004 2910 seclusi
1016 2890 1054 2910 ex
1069 2878 1232 2910 Theodori
1246 2889 1325 2910 sum-
1397 2878 1473 2910 add.
1508 2878 1703 2911 Haloander
1736 2884 1846 2910 temere
1873 2876 1878 2918 Ι
1917 2878 1957 2911 19
1994 2874 2113 2909 στελεῒ
2143 2877 2348 2917 Haloander]
2379 2875 2471 2909 τέλει

251 2922 354 2954 mario
371 2922 464 2954 huius
478 2922 653 2953 sententiae
668 2917 715 2953 τοὶ
732 2920 978 2962 εἰςενεχθέντα
994 2917 1066 2956 ὑπὸ
1084 2921 1119 2962 (l.
1133 2920 1237 2966 ὑπὲρ)
1251 2921 1328 2954 τῶν
1396 2922 1427 2954 L
1456 2923 1468 2965 ss
1498 2924 1540 2956 20
1565 2919 1690 2955 εἰδεῖεν
1716 2922 1831 2962 Kroll]
1856 2920 1869 2954 i
1894 2923 1964 2955 εῖεν
1988 2921 2031 2964 L,
2054 2918 2166 2954 ἴδοιεν
2183 2933 2250 2955 cum
2275 2921 2470 2954 Haloandro

251 2962 440 2999 ὑποτελῶν
456 2961 727 3008 διαμενέτωσαν
742 2967 875 3008 βέβαια
893 2974 1004 2999 temere
1020 2969 1052 3000 in
1066 2967 1323 3010 Linterpolatal
1396 2968 1480 3010 vulq.
1505 2966 1590 3044 Ιᾈὶ21
1625 2970 1747 3000 subscr.
1781 2968 1900 3007 refinxi
1931 2979 1969 3000 ex
2001 2967 2169 2999 Theodoro
2200 2967 2258 3008 qui
2283 2966 2377 2999 habet
2400 2964 2470 3004 ἐξε-

253 3012 272 3044 5
292 3009 385 3042 κατὰ
408 3007 547 3051 ταύτην
571 3011 614 3050 L]
637 3006 713 3043 κατ’
743 3006 856 3052 αὖτὴν
881 3011 916 3043 Β
935 3010 947 3054 ΙΙ
963 3009 1247 3055 κεκωλυμμένων
1271 3011 1321 3054 L}
1396 3009 1500 3055 φωνή
1534 3024 1556 3054 η
1579 3014 1664 3055 μηνὶ
1688 3007 1887 3056 δεκεμβρίῳ
1912 3008 1980 3045 ivd.
2000 3008 2031 3054 η’
2058 3011 2118 3044 ἐπὶ
2138 3010 2200 3053 τῆς
2212 3007 2395 3054 βασιλείας
2415 3012 2469 3044 Τι-

252 3057 273 3088 6
297 3054 341 3097 τῆ
367 3056 414 3096 Β]
440 3068 497 3088 om.
518 3056 549 3088 L
575 3056 587 3098 1]
612 3054 919 3098 καθυποβάλομεν
942 3056 974 3088 L
997 3055 1010 3100 Ι]
1037 3052 1221 3090 ἀποδώσει
1245 3056 1295 3089 La
1318 3058 1323 3101 Ι
1395 3059 1524 3101 βερίου.

252 3101 271 3134 7
309 3089 473 3142 ἐπῆλθεν
506 3099 554 3144 Β]
591 3094 758 3142 ὑπῆλθεν
793 3101 824 3133 L
848 3102 933 3145 vulq.
963 3099 976 3145 ΙΙ
1009 3102 1029 3135 8
1060 3101 1137 3135 τῶν
1170 3114 1228 3135 om.
1259 3101 1295 3134 B
1317 3059 1330 3144 Ι]

2497 855 2536 887 10

2498 1079 2539 1112 15

2498 1326 2540 1358 20
