2618 4010
275 108 382 153 Nov.
413 108 555 152 XXIV
588 111 604 151 1
680 147 682 149 .
767 135 771 142 ι
1357 107 1433 154 190
2170 123 2229 155 nn
2258 122 2491 156 remmom:

275 222 450 265 ἑκατέραν
472 216 519 265 ἀρ
550 215 560 229 ’
586 244 596 261 .
626 216 697 264 τὴν
717 215 908 264 πολιτικήν
930 233 970 255 τι
993 215 1067 264 ἅμα
1089 222 1150 254 καὶ
1174 231 1351 267 στρατιω-
1420 231 1502 266 gere
1524 222 1715 265 utrumque
1736 220 1991 301 magistratum,
2018 222 2153 259 civilem
2178 222 2282 258 simul
2305 226 2343 259 et
2365 222 2495 259 milita-

274 261 388 307 τικήν,
423 266 483 298 καὶ
541 264 646 298 οὖναι
679 263 735 309 τῷ
769 261 908 308 ταύτην
939 267 1058 307 ι’χοντι
1091 262 1159 307 τὴν
1189 264 1352 305 ἐξουσίαν
1420 276 1505 308 rem,
1525 268 1563 301 et
1578 265 1664 300 dare
1681 265 1774 301 hanc
1818 266 1938 303 abenti
1955 270 2166 313 potestatem
2179 266 2354 314 praetoris
2370 278 2495 304 rursus

275 307 343 350 τὴν
370 309 436 343 τοῦ
470 311 676 355 πραίτωρος
704 307 816 345 πάλιν
844 313 1097 366 προςηχορίαν,
1130 307 1218 344 ῶςτε
1241 308 1353 346 αὐτὸν
1422 310 1715 362 appellationem,
1750 314 1791 345 ut
1809 310 1903 356 ,ipse
1935 316 1972 348 et
2001 313 2207 349 militiarum
2246 313 2283 348 in
2313 313 2496 359 provincia

274 356 335 387 καὶ
365 354 444 388 τῶν
474 352 757 399 στρατευμάτων
790 355 869 390 τῶν
899 357 959 390 ἐπι
990 354 1051 395 τῆς
1082 353 1201 400 χώρας
1231 353 1353 390 ὄντων
1423 355 1649 390 existentium
1672 355 1868 390 secundum
1886 357 2082 409 antiquitus
2106 358 2138 392 ei
2156 359 2281 394 natum
2302 368 2495 402 cognomen

277 396 369 432 κατὰ
390 396 459 441 τὴν
483 396 636 433 ἄνωθεν
664 395 765 443 αὐτῷ
789 400 991 442 ταχθεῖσαν
1022 400 1235 441 ἐπωνυμίαν
1264 398 1352 446 ἡγεῖ·
1379 403 1398 435 5
1423 400 1559 445 praesit
1589 403 1626 435 et
1653 403 1896 444 praeponatur
1917 401 2054 447 legibus
2083 406 2133 443 (et
2154 402 2223 439 hoc
2247 413 2389 448 quoque
2412 402 2495 438 olim

275 443 370 477 σθαι
403 444 464 476 καὶ
496 442 776 488 προβεβλῆσθαι
810 446 888 479 τῶν
918 442 1043 487 νόμων
1074 446 1146 483 (καὶ
1177 444 1284 478 τοῦτο
1315 443 1354 478 δὲ
1423 448 1627 490 praetorum
1650 444 1834 489 proprium
1858 444 1948 488 fuit),
1980 449 2017 482 et
2038 447 2171 484 habeat
2199 448 2339 493 quidem
2363 447 2494 483 utrius-

274 487 427 522 ανωθεν
449 488 528 522 τῶν
547 486 772 535 πραιτώρων
795 487 889 523 ἴδιον
911 482 979 529 ἦν),
1004 491 1062 521 καὶ
1085 490 1180 531 ἔχειν
1201 490 1269 532 μὲν
1292 487 1354 523 τὰς
1424 498 1492 534 que
1513 489 1743 533 magistratus
1767 499 1946 533 annonas,
1980 490 2098 528 officio
2129 494 2248 528 autem
2279 495 2402 528 utatur
2424 502 2495 527 11110

275 534 383 567 ἑκατί
428 543 444 567 ς
465 530 571 579 ἀρχῆς
591 532 755 576 σιτήσεις,
779 532 877 573 τάξει
899 531 939 566 δὲ
956 532 1116 577 χρῆσθαι
1134 534 1201 576 μιᾷ
1219 534 1352 574 ταξεω-
1423 533 1629 569 officialium
1654 537 1796 568 centum
1820 533 2019 575 (sufficiunt
2040 537 2132 572 enim
2157 538 2189 572 ei
2212 538 2329 581 tanti),
2353 541 2495 582 praeto-

275 578 354 611 τῶν
441 576 507 612 τόν
538 576 739 624 (ἀρκέσουσι
762 578 829 624 γὰρ
854 576 945 623 αὐτῇ
970 578 1160 619 τοσοῦτοι),
1193 590 1352 624 πραιτω-
1423 579 1524 614 riano
1543 578 1662 614 officio
1682 578 1923 623 nuncupando
1943 582 1980 615 et
2001 589 2047 616 ex
2062 582 2278 626 probatoriis
2300 582 2382 617 hinc
2400 592 2495 617 com-

276 624 399 665 ριανῆς
427 623 488 666 τῆς
518 620 653 663 τάξεως
683 621 898 666 καλουμένης
932 625 993 655 καὶ
1025 624 1064 656 ἐκ
1095 624 1353 668 προβατοριῶν
1370 626 1409 658 10
1423 623 1627 668 petentibus
1650 623 1760 658 facto.
1808 623 1867 659 Sic
1891 623 1984 660 enim
2007 625 2076 661 erit
2093 626 2233 669 nobilis,
2257 627 2308 662 sic
2329 626 2497 662 terribilis

276 667 451 702 ἐντεῦθεν
473 667 682 722 προςςεόρως
702 670 896 713 φοιτωσῶν
944 670 1117 711 ινομένης.
1166 664 1262 702 οὕτω
1285 668 1353 716 γὰρ
1422 668 1732 712 latrocinantibus,
1757 668 1809 703 sic
1826 668 1968 704 iniustis
1991 669 2213 715 inevitabilis,
2238 672 2365 707 sicum
2387 671 2499 706 multa

275 714 379 747 ἔσται
391 710 529 756 σεμνός,
547 725 644 748 ουτω
657 712 808 759 φοβερὸς
823 715 896 747 τοῖς
910 679 1152 758 ,ζηστεύουσιιῆ
1172 709 1268 747 οὕτω
1282 717 1355 747 τοῖς
1449 716 1602 749 otestate
1618 716 1721 758 gerat
1739 717 1886 749 cuncta:
1910 718 1950 748 ut
1967 714 2068 758 puris
2109 715 2226 751 uidem
2245 721 2368 752 utatur
2383 716 2497 751 mani·

275 754 463 792 ἀδικοῦσιν
499 756 761 803 ἀπαραίτητος,
802 757 833 791 εἰ
866 756 957 800 μετὰ
997 756 1160 792 πλείονος
1195 757 1355 798 ἐξουσίας
1422 725 1502 800 bus,
1534 759 1628 803 quod
1651 759 1723 793 iam
1746 769 1768 793 a
1790 762 1914 794 nostra
1938 769 2052 804 nuper
2128 764 2165 795 ta
2187 761 2263 806 lege
2287 762 2419 798 dictum
2444 762 2499 796 est

275 799 424 837 ἅπαντα
444 800 613 847 πράττοι·
648 802 690 836 τὸ
710 804 778 846 μὲν
796 802 977 847 καθαραῖς
998 802 1159 846 χρῆσθαι
1180 806 1257 837 ταῖς
1277 817 1354 850 χερ-
1424 803 1587 839 omnibus
1612 803 1990 847 administrationibus,
2021 804 2101 849 ipso
2126 815 2265 850 quoque
2288 806 2499 842 oboediente

276 850 337 881 σὶν
367 845 434 891 ἤδη
461 848 526 881 τοῦ
555 844 644 892 παρ’
671 844 775 890 ἡμῶν
797 849 943 892 ἔναγχος
971 847 1143 881 τεθέντος
1167 847 1279 891 νόμου
1302 862 1354 882 κε·
1371 848 1476 884 151111
1495 851 1531 884 et
1547 848 1792 884 iusiurandum
1813 849 1987 884 subeunte
2004 854 2040 884 et
2058 850 2253 886 secundum
2272 861 2349 887 eam
2368 851 2498 895 guber-

278 889 469 926 λεύσαντος
490 889 645 926 ἁπάσαις
669 896 745 926 ταῖς
768 890 899 937 ἀρχαῖς,
933 888 1043 926 αὐτοῦ
1069 890 1109 925 δὲ
1132 893 1356 937 πειθομένου
1424 898 1533 929 nante
1565 904 1709 935 causas,
1743 896 1779 928 et
1811 894 1918 928 armis
1951 895 2074 930 utente
2105 899 2141 930 et
2165 895 2280 931 civilia
2303 896 2499 931 secundum

276 950 316 970 τε
345 939 470 980 ἐκείνῳ
502 940 562 970 καὶ
591 935 660 971 τὸν
691 933 800 981 ὅρκον
823 936 1015 977 ὑπέχοντος
1044 940 1105 971 καὶ
1135 936 1218 972 κατ’
1245 935 1357 972 αι’)τὸν
1424 942 1568 974 nostras
1593 939 1803 983 disponente
1826 939 1940 982 leges;
1974 942 2014 974 ut
2038 939 2069 974 si
2093 939 2199 974 etiam
2228 940 2497 984 gloriosissimo-

277 979 584 1028 διακυβερνῶντος
617 980 663 1015 τὰ
694 980 900 1028 πράγματα,
935 984 1010 1016 τοῖς
1038 995 1079 1016 τε
1111 978 1234 1016 ὅπλοις
1264 996 1355 1029 χρω·
1425 995 1505 1019 10111
1525 984 1653 1028 aliquis
1674 985 1896 1019 consularem
1917 984 2122 1028 dignitatem
2138 984 2342 1020 habentium
2361 985 2407 1021 ad
2423 985 2498 1021 cin-

275 1029 384 1070 μένου
414 1023 461 1061 τὰ
490 1039 531 1060 τε
562 1024 731 1075 πολιτικὰ
761 1024 854 1060 κατὰ
883 1024 964 1061 τοὺς
993 1023 1102 1071 ἡμετέ
1164 1039 1180 1062 ς
1210 1025 1355 1062 διατάτ-
1446 1029 1542 1063 ulum
1566 1029 1717 1071 venerit,
1748 1032 1784 1064 et
1807 1029 1893 1074 <hoc
1916 1029 2066 1064 imitatio
2091 1029 2154 1074 sit>
2176 1030 2346 1075 priorum,
2371 1040 2498 1066 secun-

276 1082 402 1105 τοντος
434 1069 573 1115 νόμους.
621 1068 709 1105 ῶςτε
745 1072 775 1105 εἰ
807 1074 868 1105 καὶ
906 1072 984 1106 τῶν
1019 1040 1269 1113 ἐνδοὲἶυτάτων
1302 1084 1356 1107 τις
1370 1039 1507 1108 20511111
1540 1073 1634 1118 quod
1665 1074 1906 1109 sortiebantur
1939 1075 2141 1118 provincias
2172 1074 2239 1109 viri
2270 1075 2434 1110 consules
2464 1078 2500 1110 et

275 1114 467 1150 ὑπατικῶν
498 1117 558 1150 ἐπὶ
588 1115 655 1158 τὴν
686 1112 796 1160 ἀρχὴν
824 1115 948 1159 ἔλθοι,
985 1119 1046 1150 καὶ
1074 1118 1182 1151 τοῦτο
1213 1121 1354 1162 μίμημα
1424 1129 1469 1154 ex
1493 1119 1700 1154 consulibus
1724 1123 1759 1153 et
1782 1122 1966 1172 praetores
1996 1119 2132 1154 modice
2157 1119 2363 1155 consulibus
2386 1120 2499 1156 mino-
2547 1138 2559 1149 ·

277 1161 355 1194 τῶν
377 1161 590 1213 ἔμπροσθεν
614 1160 722 1202 εἶναι,
754 1160 852 1195 καθὸ
877 1159 1129 1208 διεκληροῦντο
1159 1161 1222 1197 τὰς
1246 1166 1353 1209 έπαρ-
1422 1175 1491 1204 res,
1516 1167 1552 1198 et
1575 1164 1627 1198 ita
1655 1164 1828 1208 paulatlm
1852 1164 2093 1199 Romanorum
2116 1169 2292 1200 auxerunt
2315 1175 2443 1200 nomen
2465 1167 2502 1200 et

276 1209 354 1248 χίας
375 1203 502 1251 ανδρες
523 1202 660 1241 ὕπατοί
681 1219 721 1239 τε
744 1209 804 1240 καὶ
828 1206 867 1247 ἐξ
888 1204 1042 1242 ὑπάτων
1069 1211 1129 1241 καὶ
1153 1211 1354 1254 πραίτωρες
1422 1213 1559 1243 tautum
1581 1214 1737 1253 egerunt,
1762 1213 1934 1253 quantum
1951 1210 2041 1244 nulli
2059 1210 2201 1254 penitus
2226 1209 2330 1245 alteri
2351 1209 2501 1245 aliarum

276 1251 393 1296 μικρῷ
429 1251 506 1285 τῶν
541 1247 695 1285 ὑπάτων
729 1250 998 1296 ἐλαττούμενοι,
1036 1254 1095 1286 καὶ
1130 1249 1227 1286 οὕτω
1263 1251 1355 1286 κατὰ
1422 1254 1763 1298 rerumpublicarum
1796 1254 1946 1288 contulit
1978 1254 2077 1289 deus.
2133 1254 2237 1298 Quod
2269 1265 2377 1300 super
2408 1254 2500 1290 Pisi-

276 1295 406 1340 μικρὸν
427 1294 470 1330 τὸ
489 1292 676 1340 Ῥωμαίων
695 1295 857 1339 ηὔξησαν
879 1295 995 1340 ὄνομα
1019 1299 1078 1330 καὶ
1098 1298 1273 1331 τοσοῦτον
1293 1311 1353 1332 πε-
1367 1300 1409 1332 25
1424 1298 1550 1333 dorum
1574 1298 1717 1342 regione
1741 1298 1897 1342 incipere
1920 1299 2071 1343 primum
2095 1300 2268 1341 volumus,
2293 1310 2334 1335 eo
2352 1299 2448 1344 quod
2465 1303 2501 1335 et

278 1338 482 1384 ποιήκασιν,
514 1336 602 1375 ὅσον
624 1338 772 1385 οὐδεμιᾴ
795 1340 981 1376 παντελῶς
1005 1342 1110 1386 ἑτέρᾳ
1132 1343 1210 1376 τῶν
1234 1341 1354 1376 ἄλλων
1423 1343 1460 1378 111
1484 1344 1664 1388 prioribus
1694 1343 1852 1378 historiis
1885 1344 2018 1378 dictum
2048 1344 2246 1380 invenimus
2276 1344 2408 1379 dudum
2434 1344 2502 1379 toti

278 1383 473 1420 πολιτειῶν
502 1383 660 1420 δέδωκεν
689 1383 708 1420 ὁ
733 1385 828 1421 θεός.
868 1383 980 1430 Ὅπερ
1013 1388 1073 1421 ἐπὶ
1104 1388 1166 1430 τῆς
1188 1385 1355 1421 Πισιδῶν
1423 1389 1474 1423 1111
1498 1391 1615 1423 terrae
1630 1388 1829 1423 Pisidorum
1852 1393 1992 1432 gentem
2015 1390 2248 1434 praesedisse,
2274 1389 2335 1424 sed
2353 1392 2388 1424 et
2404 1399 2503 1424 nunc

276 1429 395 1477 χώρας
412 1428 599 1476 ἄρξασθαι
617 1432 767 1476 πρῶτον
779 1430 1002 1475 βουλόμεθα,
1023 1429 1117 1466 διότι
1134 1434 1281 1466 καὶτοῖς
1295 1434 1355 1476 ε’μ-
1425 1444 1565 1478 quoque
1589 1433 1767 1477 regionem
1799 1434 1892 1468 hanc
1917 1443 2018 1477 egere
2041 1434 2168 1469 maiori
2192 1438 2229 1469 et
2251 1433 2502 1470 vehementiori

277 1476 444 1521 προσθεν
459 1474 711 1523 χρονογράφοις
728 1477 914 1521 εἰρημένον
934 1474 1131 1521 εὑρήκαμεν
1154 1475 1197 1511 τὸ
1227 1476 1355 1523 πρώην
1425 1478 1566 1521 cingulo
1601 1478 1822 1518 credidimus,
1855 1483 1891 1513 et
1920 1479 2086 1522 quoniam
2116 1478 2186 1514 vici
2217 1479 2360 1514 maximi
2390 1479 2428 1514 in
2458 1489 2502 1514 ea

277 1518 415 1563 ἁπάσης
438 1523 572 1574 ἐκείνης
601 1521 663 1564 τῆς
690 1522 752 1568 γῆς
784 1520 827 1555 τὸ
853 1519 1017 1555 Πισιδῶν
1041 1522 1152 1556 ἔθνος
1183 1519 1355 1565 ἐξάρχειν,
1370 1524 1412 1555 30
1426 1528 1510 1558 sunt
1534 1526 1569 1557 et
1587 1523 1753 1567 populosi
1778 1528 1814 1557 et
1834 1523 1959 1558 crebro
1980 1528 2016 1558 et
2037 1527 2163 1558 contra
2186 1524 2266 1568 ipsa
2285 1524 2502 1559 resultantes

278 1568 339 1599 καὶ
361 1566 428 1600 νῦν
452 1563 492 1598 δὲ
516 1563 560 1607 δη
578 1564 646 1608 τὴν
665 1568 842 1611 ἐπαρχίαν
865 1564 1002 1608 ταύτην
1027 1565 1174 1600 δεῖσθαι
1193 1569 1355 1609 μείζονος
1425 1569 1560 1602 tributa
1592 1568 1739 1610 fiscalia,
1772 1572 1808 1603 et
1832 1568 2129 1604 latrocinantibus
2159 1568 2227 1604 illis
2258 1573 2294 1604 et
2316 1568 2502 1604 homicidis

278 1613 338 1644 καὶ
374 1608 615 1656 σφοδροτέρας
649 1608 755 1666 ἀρχῆς
790 1610 1021 1655 πιστεύομεν,
1065 1609 1260 1657 ἐπειδήπερ
1295 1615 1355 1644 καὶ
1424 1613 1591 1657 praediis,
1613 1623 1703 1657 quae
1720 1613 1759 1647 in
1776 1613 1897 1657 aliqua
1917 1613 2119 1649 summitate
2135 1614 2266 1648 montis
2280 1613 2374 1658 Lupi
2393 1616 2503 1658 caput

278 1656 398 1700 κῶμαι
420 1659 587 1702 μέγισται
618 1669 686 1690 κατ
730 1654 845 1698 αὐτὴν
875 1657 943 1689 εἰσι
975 1660 1035 1689 καὶ
1066 1655 1355 1703 πολυάνθρωποι
1425 1658 1606 1702 appellata
1631 1662 1893 1693 commorantur
1916 1677 1961 1683 —
1990 1659 2308 1703 Lycocranitarum
2334 1659 2501 1703 [Lupica-

277 1704 338 1734 καὶ
369 1699 537 1735 πολλάκις
566 1699 655 1746 πρὸς
686 1698 812 1735 αὐτοὺς
843 1701 1102 1743 στασιάζουσαι
1132 1700 1215 1736 τοὺς
1246 1700 1354 1745 δημο-
1424 1704 1592 1747 pitorum]
1626 1702 1869 1737 habitaculum
1902 1704 2106 1738 nominatur
2131 1724 2191 1745 —,
2225 1703 2501 1739 administratio-

278 1749 375 1780 olovs
398 1744 544 1791 φόρους·
580 1748 640 1779 καὶ
662 1749 735 1780 τοῖς
757 1759 797 1780 τε
822 1744 1018 1793 λῃστρικοῖς
1042 1748 1188 1781 ἐκείνοις
1211 1750 1271 1780 καὶ
1294 1744 1355 1780 ἀν·
1369 1749 1410 1780 35
1424 1758 1505 1782 nem
1530 1748 1623 1782 hanc
1647 1758 1831 1792 praeesse3
1867 1751 1902 1783 et
1925 1759 2021 1783 nunc
2045 1748 2183 1792 quidem
2209 1759 2282 1784 non
2307 1748 2502 1784 secundum

279 1788 467 1836 δροφόνοις
488 1794 647 1836 χωρίοις,
678 1787 771 1837 ἅπερ
803 1792 866 1826 ἐπί
892 1803 990 1825 τινος
1012 1786 1208 1836 ἀκρωρείας
1231 1789 1354 1826 Λύκου
1425 1793 1581 1827 0111100111
1606 1793 1799 1835 legitimum
1829 1793 1874 1827 ad
1905 1803 1982 1827 eam
2007 1794 2193 1836 accedere,
2225 1793 2287 1829 sed
2307 1794 2502 1829 secundum

278 1834 432 1881 κεφαλῆς
462 1834 677 1880 καλουμένης
707 1834 848 1880 ἵδρυται
871 1837 1159 1883 Λυκοκρανιτῶν
1191 1850 1231 1871 τε
1261 1838 1356 1880 οἶκη-
1425 1837 1602 1882 quandam
1627 1837 1858 1872 discursionis
1883 1838 2049 1881 figuram:
2086 1839 2224 1883 cingulo
2250 1842 2369 1874 autem
2390 1838 2502 1873 mixto

277 1880 403 1926 τὴριον
424 1877 649 1923 ὀνομάζεται,
679 1881 746 1921 τὴν
769 1878 882 1926 ἀρχὴν
905 1880 1043 1923 ταύτην
1067 1880 1272 1926 ἐφεστάναι,
1296 1886 1357 1916 καὶ
1426 1885 1462 1917 et
1486 1883 1691 1928 compositis
1720 1883 1758 1917 in
1789 1883 1881 1919 idem
1913 1888 1949 1918 et
1975 1884 2188 1919 militaribus
2219 1887 2257 1919 et
2277 1883 2502 1920 iudicialibus

278 1927 345 1959 νῦν
373 1926 441 1970 μὶν
471 1921 512 1959 οὐ
541 1924 633 1959 κατὰ
661 1925 766 1966 τάξιν
797 1923 953 1970 νόμιμον
981 1923 1043 1961 ἐπ’
1071 1923 1184 1968 αὐτὴν
1213 1930 1354 1972 χωρεῖν,

277 1969 367 2004 ἀλλὰ
389 1967 482 2004 κατά
504 1981 601 2004 τινος
624 1967 817 2015 ἐπιδρομῆς
840 1971 976 2014 σχῆμα·
1022 1972 1084 2014 τῆς
1107 1969 1148 2005 δὲ
1170 1970 1275 2017 ἀρχῆς
1298 1986 1355 2015 μι·
1369 1974 1411 2006 40

276 2017 450 2062 γνυμένησ
472 2018 533 2048 καὶ
556 2015 831 2059 συντιθεμένων
853 2017 901 2049 εἰς
923 2013 1059 2050 ταύτὸν
1083 2017 1162 2050 τῶν
1185 2030 1226 2050 τε
1249 2028 1355 2062 στρα-

279 2103 493 2140 trahendum
516 2107 707 2150 utrumque
728 2104 994 2150 magistratum,
1026 2115 1107 2140 cum
1130 2105 1267 2142 civilem
1292 2109 1365 2141 tum
1389 2105 1591 2148 militarem,
1622 2106 1907 2142 existimavimus
1938 2107 2041 2153 eique
2072 2108 2138 2153 qui
2163 2106 2259 2143 hanc
2285 2112 2502 2154 potestatem

278 2148 387 2184 habet
445 2149 603 2184 raetoris
633 2149 915 2196 appellationem
947 2149 1122 2191 dandam,
1158 2154 1199 2185 ut
1227 2150 1260 2185 is
1291 2154 1327 2186 et
1349 2149 1569 2186 exercitibus
1600 2151 1664 2196 qui
1694 2152 1733 2185 in
1758 2152 1953 2198 provincia
1986 2156 2073 2187 sunt
2102 2152 2296 2188 secundum
2327 2164 2457 2189 nomen
2479 2166 2502 2189 a

276 2160 476 2230 maioriffus
505 2195 541 2230 ei
569 2193 741 2230 tributum
767 2194 910 2240 praesit
938 2198 975 2230 et
1001 2194 1142 2240 leqibus
1166 2199 1425 2242 praeponatur
1455 2198 1548 2236 (erat
1578 2196 1671 2230 enim
1702 2195 1770 2231 hoc
1793 2207 1937 2242 quoque
1969 2196 2014 2232 ab
2046 2197 2150 2232 initio
2176 2203 2393 2243 praetorum
2411 2209 2502 2244 pro-

275 2239 428 2286 prium),
460 2242 496 2275 et
517 2239 707 2285 utriusque
729 2238 873 2284 quidem
896 2250 955 2274 ma
981 2239 1132 2275 istratus
1155 2250 1324 2275 annonas
1347 2239 1497 2282 habeat,
1529 2239 1679 2276 cohorte
1702 2245 1821 2276 autem
1851 2245 1978 2277 utatur
1999 2252 2074 2276 urta
2097 2247 2237 2277 centum
2261 2242 2502 2279 cohortalium

278 2288 347 2326 (tot
368 2284 462 2319 enim
482 2283 673 2329 sufficient
694 2283 758 2326 ei),
819 2294 888 2319 uae
910 2294 952 2319 co
980 2294 1044 2319 ors
1058 2285 1304 2328 praetoriana
1333 2289 1482 2320 vocetur
1512 2288 1547 2320 et
1570 2295 1620 2320 ex
1644 2285 1876 2332 probatoriis
1899 2286 2080 2322 commode
2111 2285 2195 2322 bine
2225 2286 2342 2322 missis
2369 2289 2502 2324 consti·

279 2334 413 2365 tuatur.
471 2328 534 2364 Sic
556 2329 649 2364 enim
673 2339 803 2364 venera
827 2328 896 2371 ilis,
919 2329 973 2364 sic
998 2328 1168 2365 terribilis
1191 2329 1405 2372 latronibus,
1436 2331 1489 2365 sic
1509 2330 1797 2375 delinquentibus
1825 2330 2066 2367 inexorabilis
2088 2331 2174 2374 erit,
2206 2332 2241 2367 si
2261 2332 2400 2368 maiore
2422 2344 2503 2369 cum

270 2377 458 2421 potestate
482 2374 603 2409 omnia
626 2378 725 2420 aqat.
783 2374 903 2420 Atque
918 2374 1030 2421 puris
1054 2375 1109 2410 uti
1129 2374 1295 2410 manibus
1318 2385 1397 2411 eum
1421 2375 1494 2410 iam
1517 2375 1580 2411 lex
1603 2386 1720 2422 nuper
1742 2387 1766 2411 a
1789 2376 1894 2412 nobis
1925 2375 2002 2412 lata
2026 2387 2147 2412 omnes
2170 2378 2406 2422 magistratus
2429 2378 2502 2414 ius-

276 2419 376 2462 serit,
399 2419 479 2467 ipse
501 2423 536 2455 et
554 2418 610 2454 illi
633 2419 854 2466 obtemperet
874 2422 912 2455 et
932 2419 1184 2455 iusiurandum
1205 2423 1369 2467 praestet
1392 2424 1428 2455 et
1448 2419 1644 2455 secundum
1667 2419 1759 2455 idem
1783 2432 1843 2456 res
1865 2420 2103 2464 administret,
2127 2424 2163 2457 et
2185 2422 2297 2457 armis
2319 2426 2446 2458 utatur
2468 2427 2505 2459 et

277 2464 398 2500 civilia
417 2463 612 2499 secundum
632 2468 780 2499 nostras
799 2463 896 2510 leqes
916 2463 1067 2500 ordinet.
1115 2463 1238 2508 Quare
1258 2464 1399 2501 etiamsi
1418 2465 1500 2511 quis
1516 2476 1566 2501 ex
1581 2465 1855 2510 qloriosissimis
1875 2465 2129 2502 consularibus
2147 2466 2197 2502 ad
2213 2477 2293 2502 eum
2311 2468 2502 2514 magistra-

279 2515 352 2545 tum
374 2509 575 2556 perveniat,
599 2507 669 2544 lzoc
692 2519 836 2555 quoque
854 2509 922 2554 fiet
941 2520 1011 2556 per
1032 2509 1268 2546 imitationem
1291 2514 1460 2552 veterum,
1491 2509 1790 2556 quemadmodum
1817 2511 2030 2557 provincias
2059 2510 2307 2547 sortiebantur
2337 2512 2504 2548 consules

277 2559 314 2590 et
335 2553 593 2590 exconsulibus
615 2557 652 2589 et
671 2559 863 2600 praetores
880 2554 997 2600 paulo
1020 2554 1219 2599 inferiores
1243 2554 1452 2590 consulibus
1475 2559 1586 2600 atque
1615 2555 1667 2590 ita
1685 2555 1870 2601 paulatim
1893 2554 2141 2591 Romanorum
2164 2567 2294 2592 nomen
2317 2562 2506 2593 auxerunt

277 2603 314 2636 et
337 2603 476 2635 tantum
497 2598 734 2634 reddiderunt
756 2603 932 2645 quantum
964 2599 1057 2634 nulli
1087 2600 1232 2635 omnino
1265 2599 1329 2635 alii
1359 2600 1454 2636 inter
1483 2600 1643 2645 reliquas
1675 2600 1838 2635 civitates
1868 2599 1957 2636 deus
1981 2599 2086 2636 dedit.
2147 2600 2257 2636 Cuius
2279 2602 2423 2648 quidem
2447 2603 2503 2638 rei

275 2644 433 2692 primum
455 2643 494 2679 in
508 2642 717 2679 Pisidarum
739 2643 888 2690 reqione
910 2644 1052 2679 initium
1074 2645 1203 2689 facere
1219 2645 1391 2687 volumus,
1415 2646 1587 2691 quoniam
1606 2648 1642 2680 et
1660 2656 1684 2680 a
1703 2644 1880 2680 veteribus
1895 2644 2189 2692 cbronoqrapbis
2212 2645 2347 2682 dictum
2368 2647 2502 2683 inveni-

277 2700 357 2725 mus
379 2689 464 2725 olim
484 2689 673 2725 universae
695 2688 751 2723 illi
774 2693 894 2724 terrae
909 2687 1118 2724 Pisidarum
1141 2694 1283 2735 qentem
1301 2690 1510 2736 imperasse,
1533 2692 1567 2725 et
1587 2699 1683 2724 nunc
1706 2689 1849 2734 quidem
1862 2701 2083 2736 persuasum
2103 2694 2158 2726 est
2176 2701 2255 2726 eam
2272 2691 2503 2737 provinciam

277 2735 417 2770 maiore
439 2737 476 2770 et
497 2733 676 2769 severiore
699 2733 917 2779 maqistratu
941 2744 1057 2780 eqere,
1090 2734 1382 2781 quandoquidem
1402 2746 1454 2781 pa
1486 2734 1494 2742 '
1523 2734 1563 2769 in
1586 2745 1630 2769 ea
1652 2734 1805 2770 maximi
1834 2739 1870 2770 et
1888 2734 2065 2781 populosi
2094 2739 2179 2770 sunt
2201 2736 2336 2787 quique
2356 2738 2503 2783 saepius

278 2779 451 2815 adversus
481 2778 631 2831 publica
667 2778 803 2814 tributa
837 2777 1006 2814 seditiose
1040 2783 1176 2826 aqant;
1207 2784 1402 2827 praeterea
1437 2779 1513 2815 ilis
1536 2780 1720 2814 latronum
1751 2783 1786 2814 et
1815 2779 2031 2815 sicariorum
2055 2781 2311 2826 receptaculis,
2347 2782 2503 2828 quaein

279 2824 410 2860 vertice
440 2823 565 2876 aliquo
597 2823 730 2859 montis
764 2823 828 2869 qui
858 2822 956 2870 Lupi
985 2828 1097 2871 caput
1125 2828 1277 2861 vocatur
1306 2825 1379 2860 sita
1408 2827 1505 2867 sunt,
1540 2834 1634 2870 quos
1663 2823 1993 2870 Lycoeranitarum
2023 2823 2269 2860 habitaculum
2300 2826 2501 2869 nominant,

277 2869 374 2905 bunc
396 2871 648 2914 maqistratum
678 2878 755 2903 esse
778 2869 983 2914 impositum
990 2881 1005 2911 ;
1040 2880 1113 2916 quo
1145 2880 1242 2905 nune
1265 2868 1408 2915 quidem
1439 2880 1519 2905 eum
1542 2879 1612 2904 non
1644 2879 1695 2904 ex
1723 2868 1851 2904 ordine
1873 2868 2032 2915 leqitimo
2066 2869 2131 2905 sed
2150 2880 2220 2916 per
2241 2870 2425 2916 quandam
2448 2872 2502 2907 in-

278 2913 457 2950 cursionis
476 2913 629 2960 speciem
649 2912 837 2949 accedere:
860 2914 963 2959 atqui
982 2914 1018 2949 si
1027 2919 1197 2961 potestas
1215 2914 1408 2949 misceatur
1428 2918 1464 2949 et
1484 2919 1555 2949 tam
1572 2913 1746 2949 militaria
1768 2924 1877 2959 quam
1898 2914 2135 2960 maqistratus
2154 2915 2313 2960 insiqnia
2333 2916 2371 2951 in
2391 2926 2502 2952 unum

326 3007 341 3039 1
367 3000 481 3057 ἀρχὴν
504 3004 569 3045 Le]
593 3000 704 3047 ἀρχὴν
725 3003 787 3045 τῆς
810 3000 978 3055 Ham-Mac
1003 3004 1080 3037 ΜΒ
1106 3004 1118 3047 ΙΙ
1142 3006 1162 3038 3
1185 3002 1254 3046 τὴν
1276 3003 1355 3055 τοῇ]
1470 3005 1490 3037 2
1513 3004 1676 3046 praetoris
1700 3006 1892 3055 potestatem
1927 3004 2009 3037 Val.
2030 3002 2079 3048 114
2103 3005 2265 3038 secundus
2290 3005 2344 3049 VH
2362 3006 2384 3040 6
2406 3016 2501 3058 prae-

277 3049 338 3092 τῆς
355 3061 420 3083 του
440 3047 520 3113 ΒἹΙ
538 3045 663 3101 αὐτῶν
680 3049 713 3102 L
728 3048 741 3092 ss
760 3051 779 3083 5
804 3044 930 3082 αὐτων
952 3049 983 3082 L
1001 3047 1050 3092 116
1073 3051 1133 3082 καὶ
1159 3046 1355 3092 προβεβλη-
1424 3051 1547 3102 tonum
1576 3049 1609 3082 V
1632 3048 1650 3100 ss·
1673 3050 1740 3081 suit
1763 3061 1837 3101 ‘3⁷¹3'.
1850 3049 1902 3083 V⁰
1931 3048 1944 3093 ΙΙ
1971 3051 1989 3082 7
2002 3052 2165 3101 ’mutatur
2180 3050 2219 3101 ‘V
2242 3049 2255 3094 ΙΙ
2286 3051 2306 3084 9
2332 3050 2423 3092 111110]
2445 3051 2501 3084 1110

278 3093 372 3173 33:2⁶
389 3092 809 3183 ἰωὴῖιιὲἔῑοῖιῖἓῗῖἷρῗ
826 3093 840 3182 11
857 3096 887 3172 ⁷1
893 3104 930 3172 εἷ’
931 3093 1354 3183 ἰξὲτῗὲῗωέοῆιιιιῗρῖἒῖἶ
1425 3093 1538 3172 liz-1¹¹
1546 3093 1862 3180 0t215¹213⁴1³1¹t¹⁹¹¹1²s¹i¹r2
1872 3112 1915 3181 Ῑ
1926 3096 2055 3180 111212210
2057 3094 2206 3172 ”ffliffffl
2201 3094 2502 3173 1n⁶¹³¹1r⁶ffiiiu¹⁷i1l¹

277 3183 415 3229 τηριῶν
438 3184 471 3217 L
505 3194 534 3217 π
557 3183 763 3229 οβατοριῶν
792 3185 980 3217 τουτέστιν
1004 3185 1042 3216 ἐκ
1067 3181 1291 3227 δοκιμασιῶν
1315 3184 1356 3216 Μ
1422 3184 1588 3227 Neoburq.
1605 3184 1617 3226 ΙΙ
1640 3185 1679 3217 12
1699 3186 1819 3216 cuncta
1838 3185 1932 3225 gerat
1946 3184 2001 3226 ΤΙΙ
2021 3186 2059 3216 01
2080 3197 2138 3217 om.
2151 3185 2238 3228 vulq.
2254 3183 2266 3224 ΙΙ
2283 3184 2389 3227 puris]
2403 3183 2499 3235 prius

279 3226 502 3272 δοκιμασιῶν
526 3195 561 3262 ἓ
579 3227 591 3272 ΙΙ
623 3230 658 3262 11
687 3228 890 3272 φοιτουσῶν
915 3229 1025 3262 MLB
1051 3227 1065 3272 Ι
1094 3231 1133 3262 14
1158 3226 1354 3272 πράττοιτο
1424 3229 1502 3262 libri
1526 3227 1539 3273 ΙΙ
1575 3230 1613 3262 13
1639 3230 1670 3269 a]
1695 3228 1738 3261 ad
1770 3229 1853 3262 Val.
1882 3228 1895 3271 Ι
1921 3231 1960 3262 15
1984 3228 2208 3270 gubernantes
2236 3229 2270 3263 V
2293 3229 2308 3271 ΙΙ
2334 3229 2375 3263 16
2398 3237 2498 3260 arnus

279 3275 338 3306 καὶ
351 3272 531 3320 καθαραῖς
538 3274 610 3325 μὲν
620 3272 781 3316 χρῆσθαι
794 3273 826 3306 L
844 3274 856 3316 ΙΙ
876 3276 914 3308 15
934 3271 1058 3315 νόμον]
1071 3274 1154 3307 Νου.
1168 3273 1260 3307 VIII
1267 3275 1322 3306 c.'1
1342 3271 1355 3317 ΙΙ
1422 3275 1536 3306 utente
1557 3273 1600 3314 V]
1621 3273 1885 3325 amministrante
1903 3271 1954 3317 ΤΙ
1982 3276 2018 3307 17
2040 3273 2250 3325 disponentes
2262 3273 2353 3323 codd.
2369 3271 2393 3323 Ι.
2404 3273 2443 3305 19
2464 3276 2498 3304 et

284 3320 322 3352 16
346 3314 485 3352 ἁπάσας
506 3327 570 3352 τας
591 3315 637 3363 ἄρ
658 3315 698 3350 ὰς
725 3318 908 3361 Homberyk
925 3318 938 3361 ΙΙ
959 3320 997 3352 17
1023 3318 1136 3352 έκεῖνο
1155 3319 1214 3351 καὶ
1238 3317 1270 3351 L
1293 3319 1354 3350 καὶ
1422 3318 1484 3350 1100
1505 3318 1648 3351 imitatio
1671 3319 1822 3361 priorum
1840 3320 1885 3351 sit
1907 3331 1947 3351 vu
1961 3332 2005 3360 y.,
2030 3320 2063 3351 et
2085 3329 2178 3361 prior
2199 3318 2232 3352 V
2248 3319 2281 3350 et
2291 3326 2395 3359 priori
2409 3316 2495 3350 Neo-

1422 3365 1512 3406 burq.
1546 3366 1578 3395 et
1602 3363 1695 3406 prior
1718 3364 1825 3396 honor
1856 3363 1889 3396 T
1913 3362 1926 3407 ss
1954 3365 1996 3396 20
2026 3363 2127 3405 quod]
2159 3362 2322 3404 quotquot
2353 3360 2437 3393 Val.
2484 3360 2496 3405 ΙΙ

1421 3409 1463 3441 23
1488 3407 1603 3440 nullus
1623 3408 1680 3460 Vl}
1696 3407 1959 3461 24 pissildorum
1981 3407 2015 3441 V
2031 3407 2202 3485 (idemVYl)
2211 3405 2235 3482 ιη
2261 3403 2495 3483 ²⁵m¹3⁰¹¹¹ij¹2¹¹¹⁸

282 3495 323 3545 ²3
348 3495 408 3536 τῆς
429 3497 507 3529 τῶν
531 3493 697 3530 Πισιδῶν
724 3497 758 3529 Β
820 3497 862 3531 30
886 3497 1018 3539 ἐκείνης
1040 3494 1179 3540 ἀπάσης
1202 3497 1234 3531 L
1259 3495 1354 3552 [της
1419 3452 1664 3542 ζαηεᾶὲεῗθῐῗξιῆ]
1679 3451 2123 3547 ἕξιιέἔῡιέἑὸᾌεὲὲ12ζήιὲξις
2148 3450 2308 3547 ‘aff-129
2331 3450 2496 3527 «1311101011

279 3548 341 3583 γης
359 3551 417 3572 om.
431 3540 462 3572 L
477 3540 490 3583 ΙΙ
509 3543 546 3574 31
576 3539 616 3574 δὲ
636 3538 691 3583 δὴ]
715 3537 774 3583 ἴδη
795 3542 831 3583 (ι’.
844 3537 962 3583 ε.ἦδη)
986 3543 1015 3575 L
1033 3542 1045 3585 ΙΙ
1070 3544 1112 3577 33
1133 3539 1216 3576 κατ’
1239 3538 1371 3584 αυτὴν1
1419 3543 1506 3593 υαζο.
1526 3543 1537 3582 ΙΙ
1554 3543 1711 3584 quoniam
1734 3544 1768 3575 et
1790 3542 1882 3576 Beck
1899 3543 1911 3584 ΙΙ
1935 3543 1975 3576 31
2001 3539 2187 3592 homiui-dus
2211 3537 2316 3582 libri]
2333 3539 2377 3589 32
2400 3549 2493 3581 prae·

281 3582 363 3622 LB]
386 3581 477 3636 κατὸι
500 3582 635 3626 ταύτην
648 3587 695 3619 Μ
705 3586 718 3627 Ι
733 3585 825 3619 εἰσὶν
846 3588 906 3619 καὶ
926 3584 1051 3620 πολλοὶ
1071 3585 1268 3632 ἅνθρωποι
1287 3587 1319 3620 L
1341 3584 1354 3631 ΙΙ
1419 3586 1513 3638 sidus
1534 3587 1565 3620 V
1577 3587 1590 3631 Ι
1604 3587 1770 3639 sumi-tate·
1783 3586 1839 3630 Vn
1855 3588 1898 3620 33
1921 3584 2171 3637 appellate-lubra
2187 3582 2199 3627 Ι
2218 3582 2493 3626 Lupicapitorum

281 3629 323 3702 :73⁴
348 3629 602 3717 atrofiagmgot]
619 3631 657 3708 ἐι
672 3630 685 3674 ΙΙ
703 3632 744 3665 37
770 3628 935 3708 ἴδῖρυνται
961 3632 1027 3710 ΕΞ
1046 3632 1058 3675 ΙΙ
1076 3634 1116 3665 39
1142 3627 1203 3665 ἐπ’
1227 3627 1352 3673 αὐτην]
1428 3631 1462 3664 V
1479 3632 1514 3663 ld
1538 3635 1585 3664 est
1608 3633 1883 3677 Lupioapxtorum
1908 3630 1946 3664 T.
1971 3629 2096 3664 Scelus!

294 3684 343 3715 ²9·
386 3684 414 3706 π
456 3685 547 3706 αντα
684 3685 791 3708 συντο
824 3687 968 3719 ημενων

280 3363 403 3404 ἐκείνῳ
423 3364 454 3396 Β
470 3363 482 3403 ΙΙ
500 3358 584 3396 κατ’
605 3361 730 3396 αυτῶν
749 3363 781 3395 L
797 3362 809 3405 ΙΙ
828 3364 870 3396 20
894 3362 925 3395 εἰ
943 3364 1016 3403 καὶ]
1039 3365 1099 3396 καὶ
1113 3364 1160 3396 L¹
1185 3358 1254 3396 κᾶν
1271 3362 1320 3396 L²

280 3403 345 3438 τὸν
368 3404 608 3446 ἐνδοξότατον
631 3408 676 3441 L·
708 3406 721 3451 ΙΙ
748 3409 790 3441 22
823 3405 921 3440 καθὸ
946 3404 991 3449 δὴ
1022 3405 1237 3453 ἐκληροῦντο
1259 3407 1308 3441 L¹

281 3451 323 3483 24
346 3447 507 3492 ὑπάτων]
531 3448 706 3486 ὑπαντῶν
727 3451 774 3485 L¹
821 3453 861 3485 25
885 3450 940 3493 τὸ]
965 3452 1042 3486 τῶν
1062 3453 1094 3486 L
1116 3451 1159 3486 τὸ
1177 3451 1256 3486 τῶν
1270 3452 1306 3486 Β
1318 3448 1345 3504 ,Ι
