2580 4022
156 175 214 203 DE
244 173 626 204 ARGENTARIORUM
659 171 992 203 CONTRACTIBUS
1113 216 1123 218 μ
1144 216 1204 218 b*
1226 152 1312 201 767
2091 150 2167 194 Ed.
2190 151 2266 193 V11
2301 154 2337 193 7.
2361 153 2384 193 8

156 270 346 316 ἀκρίβειαν
378 271 551 312 τοιαύτην
584 267 767 315 ὑπάρχειν,
798 267 885 303 aisis
917 266 1013 303 οἷτω
1047 270 1108 303 τὰς
1133 269 1341 311 κινηθείσας
1366 270 1425 300 καὶ
1449 265 1551 301 οὔπω
1577 269 1686 311 πέρας
1711 263 1904 308 δεξαμένας
1929 261 1951 306 ἢ
1975 266 2033 296 καὶ
2059 260 2210 307 ὕστερον
2234 261 2386 304 κινηθη-

155 319 307 359 σομένας
338 314 532 350 «ὑποθέσεις
560 313 757 357 διαθεῖναι,
790 312 843 359 ἐφ’
870 308 900 357 ᾧ
930 327 969 347 τε
999 313 1091 357 μήτε
1122 313 1204 347 τοὺς
1229 313 1344 346 ἱκέτας
1369 313 1406 344 ἐκ
1430 312 1492 354 τῆς
1515 312 1593 345 τῶν
1614 310 1809 355 χρεωστῶν
1834 307 2091 355 ἀγνωμοσύνης
2114 305 2136 350 ἢ
2162 305 2389 353 ῥᾳδιουργίας

154 359 279 394 ἄδικον
307 358 499 404 ὑπομεῖναι
531 358 682 403 βλάβην,
714 359 804 404 μήτε
829 357 867 392 δὲ
891 359 971 393 τοὺς
995 357 1142 402 ἀθῴους
1168 356 1228 391 διὰ
1253 359 1330 391 τῶν
1355 354 1493 390 ἀδίκων
1517 355 1779 401 στρεβλώσεων
1802 353 1966 398 ἀκαίρους
1991 353 2194 395 ὑποστῆναι
2220 352 2386 398 διαστρο-

155 405 231 449 φάς,
263 404 353 438 ἀλλά
385 408 444 437 καὶ
476 404 520 438 τὰ
552 406 682 448 πρῴην
714 408 787 439 τοῖς
818 403 982 446 δεηθεῖσι
1007 404 1289 449 παρασχεθε’ντα
1314 402 1418 446 κύρια
1440 405 1499 435 καὶ
1525 398 1701 435 ἀσάλευτα
1724 403 1857 444 με’νειν,
1883 403 1942 432 καὶ
1966 397 2011 432 τὰ
2035 397 2094 431 διὰ
2117 399 2181 431 τοῦ
2207 398 2386 440 παρόντος

159 451 262 484 θείου
286 446 390 493 ἡμῶν
415 449 706 495 φιλοτιμηθέντα
731 451 983 496 πραγματικοῦ
1008 448 1124 483 τύπου
1148 447 1240 483 κατὰ
1261 447 1329 481 τὸν
1355 448 1526 491 ἡμέτερον
1550 446 1811 488 ἐκτελεσθῆναι
1835 442 1982 483 σκοπόν,
2008 444 2109 489 οἵπερ
2135 441 2384 485 σπουδάζομεν

154 495 236 528 τοὺς
267 493 444 537 ὑπηκόους
475 491 641 529 ἅπαντας
673 492 799 538 ὀρθῶς
823 498 882 528 καὶ
907 491 1196 540 ᾰρᾳδιουργήτως
1219 496 1291 527 τοῖς
1312 492 1498 538 πράγμασι
1523 495 1715 537 προςιέναι,
1740 494 1798 524 καὶ
1823 490 1905 524 τους
1929 486 2139 533 ὀφείλοντας
2164 485 2222 520 διὰ
2248 488 2289 521 το
2314 491 2387 520 τοῖς

154 541 215 581 ’ῐῆς
247 538 427 574 πολιτείας
457 539 668 585 πράγμασιν
699 538 890 586 ὑπουργεῖν
921 537 1051 581 ἡσύχου
1082 535 1282 573 ἀπολαύειν
1312 541 1395 582 βίου
1418 537 1467 581 μὴ
1494 535 1552 571 διὰ
1576 536 1640 570 τὰς
1663 538 1741 570 τῶν
1765 532 2083 583 ἀγνωμονούντων
2103 532 2264 577 μηχανὰς
2289 531 2385 566 δικα-

155 587 310 629 στηρίοις
333 588 393 618 καὶ
416 588 494 619 ταῖς
515 586 554 625 ἐξ
578 583 702 620 αὗτῶν
726 583 951 630 προςομιλεῖν
977 583 1188 630 δυςχερείαις
1211 596 1251 617 τε
1273 586 1332 617 καὶ
1354 584 1501 626 ζημίαις.

1125 717 1282 754 CAPUT
1303 717 1399 754 VIII.

281 792 393 841 ‘'One-9
426 794 465 830 δὲ
495 798 535 830 ἐν
566 792 707 839 ἑκάστῳ
743 797 820 829 τῶν
851 797 1050 841 εἰρημένων
1080 795 1288 841 κεφαλαίων
1320 794 1441 829 ἱδικιῦς
1474 793 1671 837 ἐθήκαμεν,
1704 794 1811 827 τοῦτο
1842 794 1991 838 γενικῶς
2023 792 2063 824 ἐν
2096 792 2150 834 τῷ
2182 792 2245 825 τοῦ
2279 790 2383 837 λόγου

155 843 464 887 ἐπισφραγίσματι
495 842 617 875 θεῖναι
649 840 869 885 συνείὸομεν,
901 838 954 886 ἐφ’
987 842 1017 884 ιρ
1051 855 1089 874 τε
1115 845 1153 875 έν
1178 839 1295 876 ἅπασι
1319 845 1392 875 τοῖς
1413 839 1668 885 προλεχθεῖσιν
1692 838 1753 871 ἴσα
1779 837 1959 883 προνόμια
1982 840 2055 870 τοῖς
2079 838 2118 870 ἐν
2141 838 2193 879 τῷ
2220 849 2381 882 προειρη-

155 890 250 929 μένῳ
281 888 359 920 τῶν
394 884 683 932 (Ξργυροπρατιῦν
712 890 904 930 σωματείῳ
938 885 1231 932 καταλεγομένοις
1256 890 1315 920 καὶ
1334 889 1406 920 τοῖς
1431 886 1573 919 τούτων
1597 883 1825 928 κληρονόμοις
1849 886 1907 915 καὶ
1933 880 2111 923 διαδόχοις
2137 896 2152 912 ve
2174 897 2189 912 ι
2209 896 2224 912 ι
2254 878 2306 925 ἐφ’
2333 880 2383 914 οἷς

153 932 242 965 κατὰ
276 934 353 966 τῶν
385 929 673 978 (ἶργυροπρατιῦν
706 933 867 965 κινοῦσιν
900 929 1081 976 ὑπάρχειν.
1130 935 1258 976 πρέπει
1287 932 1355 977 γὰρ
1387 932 1526 973 ἐκείνην
1559 929 1727 973 ἑκάτερον
1754 931 1858 972 μέρος
1884 927 1953 969 τὴν
1978 925 2220 972 ἀκεραιότητα
2245 928 2286 959 ἐν
2310 929 2382 959 τοῖς

153 978 291 1011 οἰκείοις
329 976 602 1022 συναλλάγμασί
638 989 676 1010 τε
715 979 774 1009 καὶ
815 975 1001 1022 πράγμασι
1041 976 1315 1022 διαφυλάττειν,
1355 973 1400 1019 ἢν
1436 976 1553 1018 ἑαυτῷ
1592 976 1690 1015 ζητεῖ
1725 974 1824 1018 παρὰ
1859 974 1923 1006 τοῦ
1960 973 2081 1017 ε’τὲρου
2118 970 2380 1016 φυλάττεσθαι,

154 1025 174 1057 1
229 1024 345 1056 Ταῦτα
379 1027 504 1056 τοίνυν
531 1020 590 1054 διὰ
615 1022 679 1054 τοῦ
705 1020 885 1066 παρόντος
906 1022 1008 1055 θείου
1034 1018 1139 1065 ἡμῶν
1163 1022 1412 1067 πραγματικοῦ
1438 1019 1554 1055 τύπου
1578 1018 1780 1053 κελεύοντες
1802 1021 1861 1051 καὶ
1885 1019 1994 1051 τοῦτο
2019 1018 2271 1062 προςτίθεμιν,
2296 1013 2384 1049 ‹Iis-ze

153 1066 221 1109 την
245 1066 312 1109 σὴν
347 1066 537 1113 λογιότητα
562 1070 620 1099 καὶ
645 1062 809 1100 ἅπαντας
832 1066 913 1100 τοὺς
936 1065 1104 1112 μεγάλους
1128 1066 1301 1112 ἄρχοντας
1325 1065 1519 1100 συνελθεῖν
1542 1067 1615 1098 τοῖς
1640 1065 1679 1097 ἐν
1699 1065 1753 1106 τῷ
1771 1065 2018 1108 προειρημένῳ
2044 1061 2248 1106 συστήματι
2272 1074 2382 1094 κατα-

154 1111 368 1157 λεγομένοις,
400 1109 488 1145 ὥςτε
518 1111 588 1144 εἴτε
621 1109 682 1144 διὰ
715 1109 1001 1157 προςταγμάτων
1033 1112 1102 1145 εἴτε
1131 1110 1191 1145 ὃια
1223 1110 1448 1157 γραμμάτων
1482 1111 1552 1144 εἴτε
1583 1106 1626 1142 δι’
1654 1110 1775 1155 ἑτέρου
1799 1108 2014 1150 οἱουὸηποτε
2039 1106 2221 1150 συνήθους
2244 1106 2382 1154 τρόπου

152 1155 243 1199 μετὰ
271 1159 334 1199 τῆς
364 1158 428 1190 τοῦ
459 1155 570 1200 νόμου
603 1154 821 1190 ἀκολουθίας
847 1159 965 1198 τυχεῖν
998 1155 1124 1191 αὐτοὺς
1156 1158 1218 1212 της
1248 1157 1397 1199 δεούσης
1429 1158 1648 1200 ἐπικουρίας,
1682 1157 1741 1187 καὶ
1769 1152 1975 1195 δυνηθῆναι
1999 1151 2093 1186 κατὰ
2116 1154 2194 1186 τῶν
2219 1151 2381 1197 ἄγνωμο-

153 1199 319 1236 νούντων
342 1202 594 1246 βοηθηθῆναι,
620 1205 678 1234 καὶ
701 1201 750 1245 μὴ
773 1197 1053 1247 ἀναγκασθῆναι
1077 1205 1135 1235 καὶ
1156 1202 1285 1236 αυτοὺς
1309 1200 1522 1248 ἀγνώμονας
1554 1202 1685 1243 ἑτέροις
1710 1200 1922 1244 φαίνεσθαι,
1948 1194 2036 1231 ἄλλα
2059 1197 2199 1241 μᾶλλον
2224 1195 2381 1237 ἐνδείξα-

153 1247 246 1279 σθαι
277 1246 318 1280 τὸ
347 1245 510 1281 εὐνοϊκὸν
540 1249 599 1279 καὶ
631 1245 819 1292 εὔγνωμον
851 1247 939 1292 πρὸς
970 1247 1053 1280 τοὺς
1083 1248 1223 1281 ἑαυτῶν
1257 1246 1512 1289 συναλλάκτας,
1541 1245 1599 1279 οἶα
1613 1242 1752 1288 *τούτου
1776 1248 1834 1277 καὶ
1858 1244 1902 1290 τῇ
1929 1245 2005 1277 τῶν
2030 1241 2218 1288 ἡμετέρων
2241 1244 2384 1287 χρόνων

153 1289 359 1337 ἅγαθότητι
389 1295 446 1325 καὶ
478 1295 551 1326 τοῖς
582 1288 724 1334 ἁπάσης
753 1293 814 1334 τῆς
845 1291 1028 1326 πολιτείας
1058 1291 1329 1338 συναλλάγμασι
1361 1295 1571 1337 πρέποντος,
1606 1289 1657 1323 ὡν
1690 1289 1737 1324 τὰ
1761 1292 1912 1335 μέγιστα
1938 1291 1997 1321 καὶ
2021 1285 2296 1333 ἀναγκαιότατα
2321 1285 2381 1321 διὰ

152 1339 216 1370 τοῦ
241 1341 499 1382 προειρημένου
524 1335 580 1370 ἀεὶ
606 1336 830 1380 συστήματος
853 1342 1004 1383 γίνεται.

289 1379 583 1426 <Έπίλογος.>
636 1382 685 1414 Τὰ
718 1386 841 1415 τοίνυν
873 1382 1115 1428 παραστάντα
1140 1379 1224 1424 ἡμῖν
1248 1385 1306 1415 καὶ
1332 1380 1392 1415 διὰ
1417 1379 1524 1415 τοῦδε
1547 1382 1611 1414 τοῦ
1638 1381 1743 1414 θείου
1767 1379 2017 1425 πραγματικοῦ
2043 1376 2243 1422 δηλούμενα
2267 1373 2385 1411 τύπου

153 1424 174 1467 ἡ
203 1427 248 1470 σὴ
279 1426 443 1473 λογιότης
473 1431 533 1460 καὶ
564 1428 632 1461 πᾶς
660 1428 777 1472 ἕτερος
810 1425 979 1470 δικαστὴς
1009 1429 1073 1470 τῆς
1096 1424 1265 1472 ἡμετέρας
1289 1426 1471 1461 πολιτείας
1495 1430 1627 1470 βέβαια
1649 1424 1854 1471 φυλαξάτω,
1888 1421 2009 1457 ἀδείας
2028 1423 2133 1466 οὔσης
2155 1426 2228 1456 τοῖς
2253 1422 2386 1455 ἱκέταις

154 1473 193 1505 ἐν
223 1476 335 1506 παντὶ
367 1470 599 1516 δικαστηρίῳ,
630 1473 772 1515 μείζονί
799 1485 838 1506 τε
870 1475 930 1505 καὶ
955 1472 1131 1515 ἐλάττονι,
1167 1474 1379 1517 ἐμφανίζειν
1401 1469 1509 1505 τόνδε
1532 1471 1598 1506 τὸν
1624 1471 1729 1505 θεῖον
1754 1469 2009 1515 πραγματικὸν
2029 1469 2145 1502 τίπον
2169 1472 2227 1501 καὶ
2251 1469 2384 1501 τοῦτον

153 1515 426 1561 ἀναλαμβάνειν
469 1521 528 1551 καὶ
560 1519 623 1560 τῆς
655 1517 693 1557 ἐξ
726 1515 835 1551 αὐτοῦ
867 1517 1054 1563 τυγχάνειν
1077 1518 1268 1561 βοηθείας,
1301 1517 1482 1559 τοσαύτην
1514 1519 1554 1550 ἐν
1582 1517 1626 1563 τῇ
1649 1515 1813 1561 παρούσῃ
1839 1512 2016 1548 ’ὑποθέσει
2040 1517 2099 1547 καὶ
2123 1517 2196 1547 τοῖς
2220 1526 2382 1558 προειρη-

153 1565 273 1604 μένοις
297 1561 503 1608 κεφαλαίοις
527 1560 684 1606 ὃύναμιν
707 1565 859 1605 ἔχοντος,
884 1559 974 1605 ὅσην
1000 1565 1059 1597 ἐπὶ
1084 1566 1156 1596 τοῖς
1181 1561 1297 1596 ἄλλοις
1320 1561 1532 1608 πράγμασιν
1556 1561 1591 1595 οἱ
1613 1563 1747 1607 γενικοὶ
1769 1557 1874 1604 ἡμῶν
1898 1562 2016 1601 έχουσι
2039 1556 2157 1603 νόμοι.
2205 1559 2288 1593 Dat.
2309 1558 2383 1591 kal.

155 1607 263 1643 Mart.
289 1608 358 1643 GP.
383 1608 469 1652 imp.
495 1607 553 1643 dn.
577 1607 765 1642 Iustiniani
789 1618 848 1652 pp.
874 1608 965 1652 Aug.
991 1617 1084 1643 anuo
1111 1608 1203 1650 XV.‚
1229 1611 1312 1653 post
1335 1607 1460 1643 Basilii
1484 1617 1537 1642 vc.
1564 1617 1663 1642 conS.
2230 1606 2275 1644 [α.
2295 1605 2386 1642 542.]

153 1772 258 1806 talem
290 1782 378 1813 esse,
406 1774 448 1806 ut
475 1775 593 1806 motas
624 1771 854 1815 nondumque
882 1771 1011 1815 finitas
1038 1774 1103 1806 aut
1131 1771 1240 1806 etiam
1272 1781 1365 1815 quae
1397 1771 1434 1804 in
1465 1774 1651 1815 posterum.
1680 1768 1918 1804 movebuntur
1943 1768 2210 1803 controversias
2235 1767 2286 1800 ita
2305 1766 2385 1802 sitis

151 1816 397 1858 diiudicaturi,
431 1819 471 1850 ut
501 1826 615 1860 neque
644 1816 829 1861 supplices
859 1827 878 1850 e
908 1815 1109 1851 debitorum
1136 1816 1365 1861 improbitate
1389 1820 1454 1849 aut
1477 1815 1621 1850 levitate
1645 1815 1817 1847 iniustum
1843 1813 2070 1858 dispendium
2094 1813 2246 1847 subeant
2270 1822 2385 1856 neque

150 1872 234 1897 vero
264 1861 414 1896 innoxii
441 1871 491 1896 ex
519 1860 656 1905 iniquis
680 1860 933 1896 vexationibus
956 1860 1165 1906 importuna
1190 1860 1404 1896 detrimenta
1429 1860 1622 1905 accipiant,
1655 1858 1719 1894 sed
1738 1862 1773 1893 et
1797 1869 1890 1904 quae
1913 1868 2030 1904 nuper
2051 1858 2255 1904 petentibus
2273 1867 2383 1902 prae-

152 1907 226 1942 bita
250 1910 347 1948 sunt,
371 1909 454 1940 raia
480 1910 516 1941 et
539 1906 677 1940 intacta
702 1910 882 1948 maneant,
907 1909 942 1941 et
962 1916 1055 1951 quae
1077 1917 1144 1951 per
1162 1910 1389 1951 praesentem
1412 1915 1554 1939 sacram
1579 1909 1741 1939 nostram
1751 1904 2020 1950 praqmaticam
2035 1905 2196 1949 sormam
2213 1913 2384 1937 concessa

150 1955 234 1986 sunt
257 1963 277 1986 e
300 1956 426 1986 nostro
452 1950 602 1985 consilio
624 1951 876 1996 perficiantur,
902 1952 965 1995 qui
988 1951 1027 1984 id
1050 1951 1202 1996 aqimus,
1227 1954 1267 1984 ut
1292 1961 1414 1985 omnes
1429 1949 1565 1985 subditi
1580 1954 1675 1984 recte
1691 1953 1725 1984 et
1740 1959 1811 1984 non
1828 1949 1952 1984 leviter
1967 1949 2017 1983 ad
2030 1948 2179 1993 neqotia
2196 1947 2384 1987 accedant,

152 1997 238 2032 etei
259 1996 332 2041 qui,
359 1995 458 2040 quod
480 1995 701 2040 reipublicae
725 1996 879 2040 neqotiis
902 1995 1111 2036 inserviunt,
1137 1997 1258 2040 quieta
1283 1996 1356 2030 vita
1378 1995 1461 2040 frui
1483 1994 1622 2036 debent,
1647 2005 1719 2029 non
1737 2004 1810 2040 per
1824 1994 2068 2039 improborum
2087 1992 2275 2028 machinas
2291 1992 2382 2028 iudi-

153 2042 218 2075 ciis
242 2051 406 2086 quaeque
430 2039 513 2074 inde
538 2041 706 2075 oriuntur
729 2040 901 2074 molestiis
931 2045 965 2074 et
989 2040 1186 2085 dispendiis
1209 2040 1449 2084 implicentur.

288 2096 386 2131 VIII.
433 2094 539 2138 Quod
570 2098 688 2130 autem
717 2095 754 2129 in
785 2105 1004 2140 unoquoque
1033 2095 1211 2129 dictorum
1242 2095 1401 2140 capitum
1425 2094 1636 2139 sinqulatim
1659 2095 1857 2140 posuimus,
1890 2094 1930 2129 id
1953 2094 1991 2127 in
2017 2092 2196 2128 orationis
2219 2092 2384 2127 clausula

152 2140 370 2188 qeneraliter
395 2151 537 2186 ponere
570 2140 682 2174 visum
714 2144 784 2182 est,
815 2145 855 2174 ut
886 2141 924 2174 in
955 2139 1118 2174 omnibus
1147 2150 1240 2184 quae
1271 2143 1355 2174 ante
1387 2144 1664 2174 commemorata
1695 2144 1781 2174 sunt
1812 2138 1981 2184 aequalia
2013 2137 2207 2184 privileqia
2231 2137 2304 2171 sint
2327 2137 2382 2179 iis,

154 2188 215 2233 qui
251 2188 288 2221 in
323 2185 510 2231 praedicto
548 2185 839 2229 arqentariorum
870 2185 1022 2230 colleqio
1053 2188 1294 2228 recensentur,
1330 2195 1525 2229 eorumque
1557 2183 1748 2218 lieredibus
1779 2189 1814 2219 et
1836 2183 2102 2219 successoribus
2136 2197 2150 2213 ι
2172 2197 2188 2213 ι
2210 2197 2225 2213 ι
2259 2183 2297 2216 in
2329 2183 2381 2217 eis

153 2231 353 2267 actionibus
384 2240 476 2276 quas
504 2229 677 2265 adversus
701 2231 932 2275 arqenlarios
955 2234 1105 2265 movent.
1155 2229 1324 2265 Convenit
1348 2230 1440 2264 enim
1465 2239 1542 2264 eam
1567 2233 1757 2274 utramque
1778 2234 1921 2275 partem
1945 2228 2210 2274 simplicitatem
2234 2229 2272 2262 in
2293 2238 2380 2273 pro-

154 2280 175 2313 l
220 2277 314 2323 priis
342 2275 586 2310 contractibus
616 2284 659 2309 ac
690 2275 844 2320 neqotiis
874 2275 950 2309 suis
978 2285 1134 2316 servare,
1166 2285 1275 2319 quam
1305 2274 1373 2309 sibi
1405 2274 1449 2309 ab
1473 2274 1591 2309 altera
1614 2275 1754 2310 servari
1779 2274 1873 2309 velit.
1927 2274 2025 2308 llaec
2049 2273 2162 2319 iqitui·
2180 2283 2252 2318 per
2274 2283 2381 2318 prae-

153 2327 285 2358 sentem
314 2331 456 2355 sacram
488 2324 649 2354 nostram
676 2320 945 2366 praqmaticam
975 2320 1134 2364 formam
1167 2320 1326 2355 iubentes
1358 2319 1465 2355 etiam
1496 2319 1563 2353 lioc
1597 2319 1773 2361 addimus,
1806 2323 1846 2354 ut
1870 2319 2078 2364 eloquentia
2102 2322 2164 2352 tua
2190 2328 2382 2363 omnesque

157 2366 280 2412 maqni
304 2366 541 2410 maqistralus
564 2375 634 2406 eos,
660 2366 724 2410 qui
745 2366 782 2399 in
801 2364 995 2410 praedicto
1020 2364 1171 2409 colleqio
1195 2368 1437 2405 recensentur,
1462 2364 1642 2405 adiuvent,
1666 2368 1705 2398 ut
1729 2365 1802 2399 sive
1824 2375 1892 2410 per
1915 2364 2032 2399 edicta
2055 2363 2130 2398 sive
2147 2373 2219 2408 per
2243 2363 2385 2397 litteras

153 2413 225 2446 sive
255 2410 329 2446 alia
360 2410 519 2455 qualibet
550 2414 722 2445 consueta
753 2410 896 2444 ratione
926 2413 1068 2445 servato
1100 2410 1191 2444 iuris
1222 2410 1350 2445 ordine
1384 2410 1624 2444 necessarium
1647 2409 1844 2444 subsidium
1869 2412 2148 2454 consequantur,
2167 2408 2384 2454 possintque

155 2456 298 2492 auxilio
322 2457 495 2490 advers-us
518 2455 703 2501 improbos
723 2455 847 2501 potiri,
880 2465 994 2500 neque
1026 2458 1206 2505 coquntur
1230 2455 1302 2500 ipsi
1326 2464 1468 2500 quoque
1491 2454 1529 2488 in
1554 2454 1647 2488 alios
1670 2454 1866 2490 malevolos
1890 2465 1927 2489 se
1949 2458 2152 2499 praestare,
2173 2453 2237 2488 sed
2258 2454 2384 2498 potius

155 2500 433 2537 benevolentiam
457 2504 492 2535 et
517 2500 770 2545 beniqnicatem
794 2500 850 2541 iis,
876 2510 936 2544 qui
962 2510 1041 2534 cum
1065 2499 1155 2545 ipsis
1178 2499 1409 2541 contrahunt,
1434 2498 1640 2540 eoeliibeant,
1665 2499 1765 2544 quod
1786 2498 1856 2534 lioc
1879 2503 1916 2534 et
1938 2499 2054 2533 nostri
2077 2497 2215 2533 saeculi
2230 2497 2386 2533 bonitati

154 2552 189 2582 et
223 2546 412 2625 universlcje
441 2544 661 2634 reipikblicae
692 2545 935 2580 contractibus
967 2544 1151 2586 convenit,
1188 2555 1343 2590 quorum
1373 2544 1577 2590 qravissimi
1606 2548 1641 2579 et
1671 2545 1830 2579 maxime
1852 2543 2049 2579 necessarii
2066 2554 2135 2589 per
2152 2542 2384 2589 praedictum

153 2602 294 2637 semper
317 2602 359 2626 co
390 2601 507 2635 eqium
560 2594 633 2624 unt.

292 2646 382 2693 Epi
389 2647 534 2692 loqus.
583 2646 684 2689 Quae
715 2647 829 2692 iqitur
859 2645 961 2680 nobis
1019 2645 1209 2681 Iacuerunt
1239 2649 1274 2681 et
1294 2657 1363 2691 per
1386 2645 1479 2680 lianc
1502 2655 1643 2680 sacram
1661 2645 1932 2690 praqmaticam
1957 2644 2191 2681 declarantur
2212 2645 2384 2689 formam,

154 2693 358 2738 eloquentia
391 2696 454 2726 tua
484 2696 519 2727 et
551 2691 699 2737 quilibet
730 2691 824 2726 alius
855 2691 980 2736 reipub
997 2691 1074 2725 icae
1105 2694 1252 2725 nostrae
1284 2690 1397 2725 iudea:
1416 2690 1525 2735 firma
1555 2697 1711 2731 servato,
1746 2691 1890 2725 licentia
1922 2690 2009 2725 (lata
2040 2689 2266 2735 supplicibus
2290 2689 2384 2724 lianc

153 2748 295 2772 sacram
316 2737 583 2782 praqmalicam
605 2737 765 2782 formam
791 2738 827 2771 in
853 2737 951 2771 omni
971 2735 1115 2777 iudicio,
1140 2740 1175 2771 et
1197 2736 1334 2771 maiore
1357 2739 1392 2771 et
1415 2736 1564 2776 minore,
1583 2735 1814 2780 producendi
1837 2746 1987 2781 eamque
2009 2734 2213 2778 recipiendi
2236 2739 2270 2770 el
2286 2736 2385 2780 quod

153 2794 195 2818 eo
228 2782 338 2817 datur
371 2781 565 2817 subsidium
595 2782 852 2827 consequendi,
884 2784 1009 2826 utpote
1040 2791 1134 2825 quae
1167 2784 1304 2815 tantam
1336 2781 1373 2815 in
1403 2782 1585 2825 praesenti
1617 2790 1704 2815 casu
1735 2785 1771 2816 et
1801 2780 1841 2815 in
1869 2780 2069 2826 praedictis
2100 2779 2281 2826 capitibus
2314 2780 2383 2816 vim

154 2827 294 2869 babeat,
319 2830 491 2873 quantam
517 2828 553 2862 in
578 2827 660 2862 aliis
684 2827 839 2872 neqotii's
862 2826 1050 2872 qenerales
1073 2828 1220 2861 nostrae
1246 2825 1341 2871 leqes
1367 2826 1536 2861 obtinent.

200 2998 219 3028 2
252 2991 342 3036 μηδὲ
367 2995 424 3035 M,
449 3007 531 3027 corr.
556 2995 658 3027 Kroll
682 2994 692 3035 ΙΙ
721 2996 742 3027 4
769 2993 907 3037 πρῴην]
933 3005 1006 3026 nov.
1034 2994 1237 3027 CXXXVI
1307 2995 1488 3036 Scrimqero
1520 2995 1606 3037 vulq.
1641 2994 1653 3037 ΙΙ
1685 2992 1811 3027 τούτου
1836 2996 2014 3038 Ayylaeus]
2042 2995 2106 3027 τοῦ
2135 2996 2198 3028 σοῦ
2224 2997 2265 3027 Μ
2295 2997 2307 3038 ΙΙ
2341 2998 2383 3029 20

155 3054 181 3073 c.
200 3042 219 3073 3
245 3041 293 3072 ed.
314 3040 375 3072 IX
397 3052 422 3071 c.
440 3042 457 3072 ’ἶ
489 3039 500 3082 ΙΙ
530 3041 548 3072 5
574 3037 674 3082 εἴπερ
696 3038 744 3080 M,
771 3051 852 3071 corr.
879 3039 1042 3081 Scrimqer
1071 3038 1083 3081 ΙΙ
1119 3041 1155 3071 11
1184 3052 1235 3072 ex-
1305 3036 1551 3083 συναλάγμασι
1577 3040 1621 3071 M
1632 3040 1643 3082 ΙΙ
1671 3041 1712 3072 26
1737 3039 1768 3071 d.
1794 3040 1825 3071 k.
1852 3042 1947 3071 mart.
1975 3040 2031 3079 M]
2057 3040 2122 3071 dat.
2144 3041 2170 3072 V
2190 3040 2256 3072 kal.
2282 3041 2382 3075 Mart.

155 3086 271 3119 cidisse
298 3087 373 3126 fere
411 3086 469 3116 καὶ
505 3085 577 3116 τοῖς
613 3082 738 3115 αὐτῶν
774 3080 1033 3115 συναλλάκταις
1068 3085 1128 3115 καὶ
1163 3085 1236 3116 τοῖς
1305 3096 1372 3116 cum
1413 3085 1596 3127 Scrimqero
1634 3086 1721 3127 vulq.
1763 3084 1776 3127 ΙΙ
1811 3086 1851 3118 27
1893 3084 1970 3116 iust.
2014 3084 2098 3128 Mu
2138 3085 2255 3117 basilio
2295 3096 2325 3119 v.
2352 3096 2380 3119 ο.

153 3128 296 3164 τοί-των
333 3127 566 3171 κληρονόμοις
601 3131 659 3160 καὶ
701 3125 880 3168 διαδόχοις
917 3129 997 3160 vidit
1032 3128 1198 3171 qulaeus
1221 3128 1233 3171 ΙΙ
1304 3139 1408 3161 conss.
1432 3129 1478 3162 M

158 3177 197 3209 13
235 3176 354 3216 ζητεῖν
387 3174 427 3206 Μ
456 3174 468 3216 ΙΙ
503 3176 543 3207 19
580 3170 743 3206 εὐνοϊκὸν
774 3174 832 3213 M]
869 3170 1134 3217 εὐγνωμονικὸν
1166 3186 1234 3207 cum

2409 445 2428 476 5

2413 838 2451 870 10

2412 1065 2450 1095 15

2409 1289 2455 1321 20

2409 1514 2451 1546 25
