2618 4010
160 155 216 184 DE
246 153 420 186 NUPTIIS

157 255 188 287 εἰ
210 256 276 298 μὲν
306 252 429 299 ἕτερόν
451 266 487 287 τι
511 254 588 286 τῶν
612 254 834 296 κινουμένων
859 251 927 294 εἴη,
961 250 1125 285 τοιοῦτον
1149 247 1236 285 ἀπο-

156 298 331 334 δίδοσθαι
356 297 483 334 ὁποῖον
502 297 656 342 εἴληφεν,
682 296 704 340 ἢ
726 296 769 331 τὸ
793 298 853 340 τῆς
874 294 1105 332 ἐλαττώσεως
1126 296 1236 342 θερα-

156 345 181 380 4
240 343 361 379 πεύειν
383 346 501 391 μέροςΗ
539 344 569 376 εἰ
591 341 630 376 δὲ
651 339 817 389 χρήματα
837 343 901 386 εἴη,
926 346 984 376 καὶ
1007 340 1098 387 μετὰ
1119 340 1238 375 τόκων

156 388 373 424 ἀποδιδόναι
398 388 452 423 ὡν
484 388 627 422 ἐκεῖθεν
657 387 781 433 λαβεῖν
814 386 1009 431 ἰσχύσειεν,
1045 383 1139 433 ὅρκῳ
1173 388 1237 421 τοῦ

156 432 391 469 ἀναδιδόντος
420 432 548 468 τούτου
578 437 799 480 κρινομένου.
847 435 893 467 Εἰ
917 431 957 467 δὲ
986 430 1049 468 οὐκ
1079 429 1238 468 ἐδάνεισε

156 483 234 525 μέν,
260 477 498 525 συνεχρήσατο
523 477 577 521 δέ,
606 478 672 512 τὸν
696 476 766 514 ἀπὸ
792 483 913 525 τρίτου
938 479 1129 521 ἑκατοστῆς
1151 476 1237 513 ἀπο-

156 527 180 562 5
239 523 373 559 διδότω
399 522 516 559 τόκον.
576 525 621 558 Εἰ
653 522 692 557 δὲ
721 524 770 568 μὴ
799 523 940 570 σφόδρα
964 521 1125 570 εὐπόρως
1156 525 1239 566 ἑχοι,

157 574 215 605 καὶ
249 570 423 617 ἐγγυητὴν
462 570 594 603 τοῦτον
633 570 975 616 προςαπαιτεῖσθαι.
1034 570 1065 602 εἰ
1101 567 1140 602 δὲ
1175 565 1238 602 οὐκ

158 615 312 658 ι’σχύσειε
335 614 408 668 τὸν(
426 614 651 661 ἐγγυώμενον
669 613 816 670 δοῦναι,
848 616 1046 657 τηνικαῦτα
1071 616 1130 648 ἐπὶ
1156 611 1237 647 διω-

1224 135 1301 182 179
1334 197 1340 200 „

2043 136 2150 181 Nov.
2182 137 2307 180 XXII
2337 142 2390 180 44

1307 250 1432 294 fuerit,
1458 250 1529 286 tale
1554 248 1695 285 restitui
1720 248 1825 294 quale
1850 249 2019 294 percepit,
2051 250 2115 283 aut
2139 248 2389 283 deminutionis

1306 296 1491 331 medeatur
1513 298 1661 340 partem.

1308 341 1334 377 4
1393 341 1429 376 Si
1452 351 1536 377 vero
1559 339 1734 386 pecuniae
1759 339 1901 383 fuerint,
1928 341 2033 375 etiam
2058 351 2139 376 cum
2163 340 2280 375 usuris
2302 350 2390 384 quas

1307 386 1388 422 inde
1414 387 1599 432 percipere
1623 384 1790 427 valuerit,
1823 385 2050 421 iureiurando
2076 385 2296 421 restituentis
2322 385 2390 420 hoc

1275 432 1510 467 5iudicando.
1561 431 1598 467 Si
1621 440 1703 466 vero
1729 440 1802 465 non
1826 432 2008 466 mutuavit
2032 431 2188 476 quidem,
2217 430 2278 466 sed
2303 441 2389 466 usus

1308 482 1373 521 est,
1399 478 1525 512 tertiae
1550 476 1764 512 centesimae
1787 475 1913 510 reddat
1938 487 2077 511 usuras.

1308 524 1331 559 ὃ
1391 523 1428 558 Si
1453 533 1535 558 vero
1561 533 1633 557 non
1657 522 1759 557 valde
1783 521 1943 566 locuples
1967 521 2085 564 fuerit,
2115 521 2220 556 etiam
2245 521 2388 556 fideius-

1309 578 1425 603 sorem
1449 568 1544 603 hunc
1570 567 1671 612 exigi.
1721 566 1758 601 Si
1782 569 1902 601 autem
1926 577 1998 602 non
2028 567 2179 602 valuerit
2203 566 2389 602 fideiusso-

1308 624 1382 648 rem
1404 613 1500 657 dare,
1525 617 1612 648 ωηο
1636 612 1703 648 sub
1725 611 1898 646 iuratoria
1924 612 2088 647 cautione
2114 616 2149 645 et
2176 611 2389 656 hypotheca,

155 665 265 716 μοσίᾳ
300 663 360 694 καὶ
390 658 559 708 υποθήκῃ
590 674 682 694 κατα
716 674 758 694 το
791 661 978 716 εἰρημένον
1008 660 1086 712 τῷν
1117 658 1239 692 ὄντων
1254 661 1294 693 10
1308 659 1503 694 secundum
1529 658 1623 703 quod
1650 657 1786 693 dictum
1810 660 1883 699 est,
1917 667 2062 692 suarum
2093 666 2211 691 rerum
2236 658 2391 702 accipiat

157 709 255 750 αυτῷ
281 705 506 754 πραγμάτων
535 709 666 751 μέτρον
692 705 908 750 λαμβανετω
932 707 999 748 μὲν
1022 718 1065 738 το
1089 703 1236 738 καταλε-

239 750 442 796 λειμμένον,
479 747 589 796 εὐθυς
614 749 654 785 δὲ
677 749 751 795 ἅμα
782 752 835 794 τῷ
860 749 948 797 πρὸς
972 747 1154 794 δευτέρους
1176 748 1236 795 γά-

155 809 240 842 μους
265 797 387 831 ἐλθεῖν
413 797 518 830 τοῦτο
550 795 620 831 υπὸ
641 798 704 830 τοῦ
730 794 855 830 δόντος
876 793 1112 835 ἐκδικείσθω,
1143 807 1194 829 πα
1225 790 1233 803 ’

156 840 357 885 οἱῳδηποτε
382 846 511 887 φανείη
532 841 730 894 προςιόπῳ,
756 839 803 875 τός
828 838 914 874 αὐτὸ
936 839 1004 883 τὴν
1027 836 1137 894 ὄξρχην
1155 807 1238 873 οὐδὲ

155 886 314 930 δοθῆναι
351 885 471 927 δόξαν.
524 884 636 940 Ὁῃερ
673 889 732 920 ἐπὶ
756 886 903 940 ,παντὸς
938 887 999 927 τῆς
1031 883 1291 919 αναδόσεωςῐέ)
1307 885 1428 920 datum
1452 885 1563 920 fuisse
1587 886 1776 920 videretur.

155 934 330 977 θέματος,
363 934 433 966 εἴτε
466 946 613 975 κινητόν
644 932 714 965 εἴτε
745 935 916 974 ακίνητον
949 930 1002 972 εἴη
1034 929 1076 963 τὸ
1106 928 1237 974 μέλλον

156 980 174 1013 7
221 976 486 1019 ἀναδίδοσθαι,
512 980 657 1023 κρατεῖν
676 977 911 1019 θεσπίζομεν.
963 976 1008 1008 Εἰ
1033 973 1072 1008 δὲ
1093 979 1236 1021 χρυσιόν

155 1025 206 1066 εἴη
231 1023 272 1058 τὸ
297 1022 634 1067 καταλελειμμένον,
667 1018 811 1067 ἀπόρως
836 1019 876 1054 δὲ
899 1023 972 1063 ἔχοι
997 1019 1085 1067 πρὸς
1108 1022 1125 1053 ἑ
1148 1019 1237 1066 γύην

156 1073 215 1102 καὶ
239 1067 323 1103 οὐδὲ
348 1067 454 1102 αὐτὸς
477 1065 665 1114 ἀξιόχρεως
686 1068 739 1109 εἴη
759 1068 867 1109 wirto
886 1077 1108 1099 καταπιστευ
1143 1069 1237 1108 ῆναι,

1308 704 1447 748 quidem
1473 705 1567 750 quod
1593 703 1755 739 relictum
1780 704 1845 738 est.

1307 751 1331 785 6
1389 749 1476 785 Mox
1500 752 1620 784 autem
1645 752 1685 783 ut
1708 748 1754 783 ad
1779 747 1955 783 secundas
1981 747 2125 791 nuptias
2151 748 2296 789 venerit,
2322 748 2391 783 hoc

1307 795 1352 829 ab
1377 805 1431 836 eo,
1465 795 1524 839 qui
1550 795 1662 837 dedit,
1688 793 1897 835 vindicetur,
1923 792 2020 837 apud
2045 803 2303 837 quamcumque
2328 803 2390 837 ap-

1306 840 1467 884 paruerit
1492 850 1699 884 personam,
1725 844 1906 883 tamquam
1933 838 1964 873 si
1988 838 2056 873 hoc
2081 838 2126 872 ab
2151 838 2253 872 initio
2278 848 2392 882 neque

1826 883 1928 927 Quod
1955 884 1993 918 in
2025 883 2121 918 omni
2154 883 2391 918 restitutionis

1307 940 1412 973 casu,
1446 931 1519 965 sive
1551 930 1682 965 mobile
1716 931 1787 965 sive
1819 929 1997 964 immobile
2029 929 2076 964 sit
2105 928 2201 972 quod
2230 928 2392 963 futurum

1307 976 1326 1010 7
1383 978 1436 1010 est
1460 975 1577 1017 reddi,
1611 976 1728 1010 valere
1755 975 1946 1010 sancimus.
2004 973 2042 1008 Si
2066 984 2147 1009 vero
2172 984 2258 1009 usus
2283 973 2394 1008 fuerit

1307 1021 1401 1064 quod
1426 1021 1655 1065 relinquitur,
1691 1021 1809 1055 minus
1841 1021 1966 1055 idonee
1998 1030 2079 1055 vero
2114 1030 2153 1054 se
2181 1019 2314 1054 habeat
2347 1019 2392 1053 ad

1306 1065 1569 1100 fideiussionem
1591 1068 1627 1100 et
1647 1076 1713 1100 nec
1733 1067 1809 1110 ipse
1830 1066 1956 1109 dignus
1978 1065 2024 1099 sit
2043 1065 2101 1099 cui
2121 1066 2190 1099 hoc
2214 1065 2391 1105 credatur,

155 1117 255 1169 μενεῖ
276 1117 342 1157 μὲν
366 1111 456 1159 παρ’
485 1116 608 1155 ἐκείνῳ
632 1113 687 1154 τῷ
713 1111 750 1152 ἐξ
781 1110 821 1145 οὗ
845 1109 1140 1152 καταλέλειπται,
1172 1111 1238 1144 τὸν
1251 1113 1293 1144 20
1307 1121 1450 1145 manere
1479 1111 1621 1154 quidem
1653 1111 1749 1155 apud
1781 1111 1879 1145 illum
1910 1121 1931 1145 a
1957 1120 2026 1154 quo
2054 1110 2217 1145 relictum
2243 1113 2314 1152 est,
2349 1120 2393 1144 ex

157 1158 195 1193 δὲ
219 1162 257 1193 ἐκ
279 1164 401 1205 τρίτου
424 1158 614 1200 ἑκατοστῆς
638 1156 737 1200 αὐτῷ
763 1154 871 1190 τόκον
889 1155 1042 1198 τελέσει,
1067 1153 1110 1190 ὃν
1134 1159 1236 1200 μέχρι

156 1204 238 1239 τότε
260 1203 458 1249 καταβαλεῖ
480 1205 546 1236 ἕως
569 1201 591 1246 ἢ
615 1200 790 1246 δευτέροις
814 1204 944 1235 ἐκεῖνος
975 1199 1155 1245 ὁμιλήσειε
1178 1199 1237 1248 γά-

155 1262 233 1294 μοις
255 1246 328 1292 (ὅτε
351 1252 410 1283 καὶ
433 1246 479 1282 τὰ
499 1250 560 1291 τῆς
580 1245 786 1281 ἀναδόσεως
809 1249 887 1281 τῶν
906 1246 1238 1291 καταβεβλημένων

156 1295 275 1330 τόκων
309 1293 461 1339 λήψεται
492 1292 629 1346 χώραν)
668 1290 689 1348 ἢ
720 1295 862 1339 γένοιτο
898 1291 1056 1338 φανερὸν
1090 1290 1154 1326 οὐκ
1183 1295 1238 1326 ἔτι

1307 1156 1413 1191 tertia
1437 1166 1521 1191 vero
1547 1157 1759 1190 centesimae
1788 1157 1862 1190 eius
1889 1166 2032 1190 usuram
2057 1155 2251 1200 praestari,
2287 1165 2393 1199 quam

1308 1211 1422 1245 usque
1443 1205 1530 1236 tunc
1550 1202 1675 1242 solvat,
1703 1201 1816 1236 donec
1840 1205 1904 1235 aut
1923 1201 2101 1236 secundas
2122 1201 2181 1236 ille
2204 1201 2394 1235 contrahat

1308 1247 1451 1291 nuptias
1478 1246 1633 1291 (quando
1660 1249 1695 1280 et
1719 1246 1899 1281 restitutio
1924 1247 2178 1290 praestitarum
2203 1256 2393 1281 usurarum

1308 1292 1479 1336 suscipiet
1508 1291 1731 1333 facultatem)
1765 1295 1828 1325 aut
1853 1291 1907 1333 [si]
1938 1291 2002 1325 fiat
2026 1291 2253 1326 manifestum
2277 1291 2391 1326 nulla-

156 1338 340 1374 δύνασθαι
364 1351 495 1373 τουτον
527 1350 633 1392 προςν
644 1351 760 1391 γαμον
792 1337 916 1393 ἑλβεῖν
948 1339 1019 1372 εἴτε
1043 1337 1135 1372 κατὰ
1158 1336 1237 1384 τρό-
1253 1340 1293 1371 25
1308 1341 1414 1372 tenus
1438 1347 1546 1382 posse
1569 1337 1678 1372 istum
1702 1336 1749 1371 ad
1774 1338 1919 1381 nuptias
1944 1337 2138 1381 pervenire,
2167 1337 2239 1371 sive
2265 1347 2392 1372 secun-

156 1398 227 1419 πον
252 1384 446 1429 ἱερωσύνης
471 1387 682 1427 (τηνικαυτα
704 1397 772 1430 γαρ
798 1387 896 1428 αυτῷ
923 1381 1033 1417 δώσει
1061 1382 1102 1417 τὸ
1128 1396 1237 1417 κατα-

156 1429 320 1475 λειφθέν)
343 1427 365 1472 ἢ
387 1432 447 1464 καὶ
471 1430 646 1473 θανάτῳ·
685 1428 863 1474 λήψονται
887 1428 954 1476 γὰρ
981 1426 1068 1463 αὐτὸ
1092 1428 1239 1463 πάντως

155 1476 189 1509 οἱ
223 1474 353 1509 τούτου
389 1473 620 1520 κληρονόμοι,
657 1472 764 1509 οὐδὲν
799 1471 880 1508 οὐδὲ
917 1475 994 1508 τῶν
1033 1472 1239 1517 δεδομένων

156 1523 178 1558 8
229 1519 348 1554 τόκων
372 1518 615 1555 ἀναδιδόντες.
677 1519 747 1563 Τὴν
766 1517 879 1574 αὐτὴν
905 1518 945 1554 δὲ
968 1518 1150 1573 εἰςάγρμεν
1171 1533 1237 1554 πα-

1309 1383 1391 1418 dum
1423 1383 1567 1418 modum
1600 1382 1790 1417 sacerdotii
1823 1386 1922 1425 (tunc
1956 1383 2048 1416 enim
2088 1381 2121 1415 ei
2159 1382 2258 1417 dabit
2299 1382 2394 1427 quod

1307 1429 1470 1463 relictum
1495 1430 1562 1467 est)
1588 1428 1661 1463 sive
1686 1431 1809 1462 morte.
1858 1427 2046 1471 Accipient
2077 1427 2171 1461 enim
2198 1428 2266 1462 hoc
2298 1427 2394 1462 omni

1308 1474 1413 1509 modo
1439 1474 1514 1508 eius
1538 1474 1698 1517 heredes,
1729 1473 1818 1507 nihil
1843 1482 1958 1516 neque
1983 1472 2026 1507 de
2051 1472 2143 1506 datis
2168 1473 2287 1507 usuris
2312 1472 2392 1507 red-

1309 1521 1332 1556 8
1388 1520 1521 1554 dentes.
1588 1518 1693 1553 Hanc
1715 1519 1830 1563 ipsam
1852 1522 1970 1552 autem
1988 1517 2246 1552 introducimus
2272 1518 2393 1553 obser-

156 1566 352 1612 ρατήρησιν
371 1569 430 1600 καὶ
455 1565 521 1600 τὸν
546 1561 657 1599 αὐτὸν
679 1564 860 1620 λογιομον,
885 1568 946 1599 καὶ
970 1566 1001 1598 εἰ
1024 1579 1073 1609 μη
1098 1565 1134 1599 οἱ
1156 1578 1235 1599 συν·
1252 1568 1294 1600 30
1308 1565 1465 1600 vantiam
1497 1566 1533 1599 et
1564 1564 1714 1599 eundem
1746 1564 1979 1605 intellectum,
2011 1567 2047 1598 et
2071 1563 2103 1598 si
2126 1574 2199 1598 non
2226 1563 2393 1607 coniuges

155 1614 334 1645 οικοῦντες
366 1609 527 1654 ἀλληλοις
559 1609 630 1645 ὑπὸ
664 1624 838 1653 τοιαυτην
874 1609 1109 1645 καταλίποιεν
1147 1612 1239 1656 αἵρε-

156 1670 230 1699 σιν,
264 1654 340 1690 ἀλλ’
369 1656 486 1704 ἕτερός
514 1668 567 1691 τις
596 1656 741 1697 ἔξωθεν
771 1654 793 1699 ἢ
815 1654 920 1701 ἀνδρὶ
950 1653 971 1699 ἢ
994 1659 1136 1703 γυναικὶ
1166 1654 1238 1690 ὑπὸ

156 1699 326 1744 τοιαύτην
350 1703 489 1747 αἵρεσιν
514 1699 674 1745 δοθῆναί
695 1715 731 1736 τι
753 1700 963 1745 βουληθείη.
1006 1700 1141 1744 δηλαδὴ
1161 1702 1239 1735 τῶν

156 1748 319 1799 τυχηρῶν
351 1746 600 1793 περιστάσεων
633 1746 725 1781 κατὰ
757 1746 824 1789 τὴν
856 1748 998 1781 ἑαυτῶν
1036 1745 1145 1793 φύσιν
1181 1750 1239 1780 καὶ

1309 1611 1490 1645 alterutris
1523 1610 1590 1645 sub
1619 1610 1684 1645 tali
1713 1609 1923 1654 reliquerint
1953 1608 2180 1651 condicione,
2210 1608 2274 1644 sed
2303 1609 2394 1643 alius

1310 1656 1438 1700 aliquis
1463 1657 1656 1691 extraneus
1682 1655 1754 1690 sive
1774 1655 1849 1690 viro
1877 1654 1950 1689 sive
1970 1654 2111 1689 mulieri
2136 1654 2201 1689 sub
2220 1654 2285 1689 tali
2310 1665 2394 1689 con-

1310 1701 1449 1736 dicione
1475 1701 1551 1736 dari
1577 1700 1660 1745 quid
1684 1700 1852 1735 voluerit:
1886 1700 2051 1735 videlicet
2073 1700 2304 1735 fortuitorum
2335 1710 2393 1734 ca-

1310 1758 1414 1782 suum
1447 1747 1641 1782 secundum
1673 1756 1774 1781 suam
1807 1747 1973 1780 naturam
2009 1747 2046 1780 et
2074 1746 2170 1789 leges
2202 1755 2311 1790 super
2339 1745 2394 1780 his

156 1805 235 1827 τους
258 1791 320 1826 ἐπ’
349 1791 472 1827 αὐταῖς
499 1790 627 1837 νόμους
651 1794 711 1826 ἐπὶ
735 1793 814 1826 τῶν
839 1790 980 1827 δόσεών
1003 1806 1043 1827 τε
1071 1795 1130 1827 καὶ
1155 1789 1238 1826 ἀνα·
1254 1795 1293 1827 35
1309 1797 1382 1827 tam
1418 1792 1455 1826 in
1496 1792 1723 1837 praestandis
1766 1801 1872 1835 quam
1906 1791 1944 1825 in
1977 1790 2206 1826 restituendis
2240 1794 2393 1826 servata.

159 1836 299 1872 δόσεων
320 1838 598 1883 θεωρουμένων.
652 1839 771 1872 Ταῦτα
793 1841 916 1872 τοίνυν
938 1840 976 1871 ἐκ
997 1839 1076 1872 τῶν
1098 1835 1163 1881 ἤδη
1184 1851 1238 1885 ys-

157 1887 320 1927 νομένων
353 1880 441 1930 παρ’
474 1881 579 1928 ἡμῶν
615 1882 792 1930 προφάσει
827 1884 891 1917 τοῦ
921 1883 1031 1918 Iuliov
1064 1884 1240 1918 miscellov

157 1927 358 1969 διατάξεων
389 1925 597 1974 ἆμείβομεν.
643 1928 689 1963 τὰ
713 1927 803 1962 ἄλλα
836 1927 876 1962 δὲ
901 1931 996 1963 ἔστω
1021 1927 1125 1975 κύρια
1148 1927 1239 1962 κατὰ

156 1975 237 2055 gods
268 1971 370 2053 ᾅροές
399 1978 458 2007 καὶ
484 1974 529 2009 τὰ
553 1975 699 2017 θέματα
724 1971 818 2008 καθ’
844 1971 941 2030 ἅπερ
969 1975 1086 2008 ταῦτα
1106 1971 1239 2021 ὑφηγη-

238 2031 327 2063 σαμε
362 2033 394 2054 α.

1309 1838 1409 1873 Haec
1432 1838 1539 1882 igitur
1572 1848 1616 1872 ex
1646 1837 1717 1871 iam
1748 1846 1864 1880 nuper
1893 1835 1998 1871 factis
2031 1846 2053 1871 a
2076 1837 2180 1871 nobis
2206 1837 2395 1872 occasione

1310 1883 1423 1918 Iuliae
1459 1883 1644 1918 Miscellae
1680 1881 1999 1918 constitutionibus
2034 1882 2282 1926 retribuimus3
2324 1882 2395 1916 alia

1309 1939 1392 1964 vero
1417 1929 1489 1963 sint
1512 1928 1615 1963 firma
1640 1928 1837 1963 secundum
1862 1927 2031 1962 terminos
2066 1931 2100 1962 et
2128 1937 2232 1962 casus
2266 1937 2392 1963 secun-

1310 1974 1392 2010 dum
1419 1984 1505 2018 quos
1531 1974 1621 2009 haec
1646 1973 1889 2018 exposuimus.

453 2019 507 2054 Αἱ
530 2018 569 2054 δὲ
593 2020 775 2067 εἰρημέναι
805 2032 880 2067 παρ
923 2034 1026 2064 ημων
1049 2017 1294 2065 ἀσφάλειαι40
1308 2020 1332 2055 9
1387 2019 1577 2055 Praefatae
1602 2022 1722 2054 autem
1743 2029 1764 2053 a
1786 2018 1889 2054 nobis
1911 2018 2178 2054 observationes
2201 2019 2340 2063 dentur,
2365 2019 2395 2055 si

156 2111 231 2146 alia
262 2122 356 2156 quae
385 2121 444 2145 res
475 2120 524 2145 esc
557 2109 747 2145 mobilibus
776 2110 840 2152 sit,
875 2121 954 2146 eam
985 2110 1094 2147 talem
1122 2110 1265 2156 qualem
1297 2110 1438 2156 accepit
1464 2110 1654 2153 restituat,
1692 2109 1748 2146 vel
1778 2109 2030 2146 detrimentum
2060 2109 2094 2145 si
2124 2109 2225 2156 quod
2251 2110 2395 2156 factum

155 2157 180 2193 4
237 2162 299 2197 est,
323 2155 510 2191 resarciat.
581 2154 646 2202 Sin
662 2156 825 2200 pecunia
848 2156 909 2198 sit,
935 2156 1043 2190 etiam
1067 2166 1146 2191 cum
1171 2155 1292 2190 usuris
1315 2156 1486 2190 restituat
1509 2166 1602 2201 quas
1624 2155 1709 2190 inde
1724 2156 1920 2202 percipere
1944 2155 2131 2201 potuerit,
2167 2155 2278 2201 idque
2299 2156 2394 2191 iure-

156 2201 312 2237 iurando
339 2201 416 2237 eius
440 2200 502 2246 qui
526 2200 736 2235 redditurus
759 2205 814 2235 est
833 2200 1060 2235 diiudicetur.
1121 2199 1259 2243 Quodsi
1283 2200 1411 2246 fenori
1438 2211 1513 2235 non
1538 2200 1655 2242 dedit,
1687 2200 1752 2235 sed
1783 2201 1822 2234 in
1852 2211 1955 2235 usum
1987 2210 2091 2235 suum
2116 2202 2308 2242 convertit,
2345 2213 2394 2237 ex

157 2248 181 2283 5
244 2247 351 2282 tertia
381 2250 488 2292 parte
521 2245 734 2280 centesimae
762 2245 893 2280 reddat
921 2256 1080 2280 usuram.
1182 2245 1249 2279 Sin
1277 2255 1362 2280 vero
1388 2255 1462 2279 non
1487 2245 1681 2280 admodum
1706 2245 1866 2291 locuples
1888 2245 1953 2287 sit,
2011 2249 2178 2280 raeterea
2198 2245 2395 2290 fideiussor

159 2303 301 2337 quoque
322 2292 366 2326 ab
389 2301 430 2325 eo
447 2294 607 2335 petatur.
656 2289 795 2331 Quodsi
816 2290 1065 2329 fideiussorem
1091 2289 1180 2324 dare
1204 2300 1278 2324 non
1302 2289 1433 2331 valeat,
1460 2294 1544 2324 tunc
1566 2289 1631 2324 sub
1654 2289 1892 2325 iureiurando
1914 2294 1949 2325 et
1995 2289 2179 2335 ypotheca
2197 2291 2393 2326 secundum

158 2338 182 2373 6
239 2337 371 2370 dictam
394 2345 513 2369 rerum
536 2344 684 2368 suarum
721 2342 927 2368 ‘mensuram
975 2345 1017 2368 ca
1045 2334 1099 2369 iat
1130 2334 1272 2379 quidem
1305 2334 1404 2379 quod
1434 2334 1600 2369 relictum
1624 2339 1696 2375 est,
1732 2335 1855 2369 statim
1878 2345 1963 2370 vero
1987 2334 2095 2369 simul
2122 2339 2232 2380 atque
2261 2335 2311 2370 ad
2339 2347 2393 2371 se-

160 2380 298 2415 cundas
316 2379 465 2425 nuptias
490 2378 687 2419 transierit,
711 2379 751 2413 id
774 2377 819 2413 ab
841 2389 883 2413 eo
910 2379 972 2430 qui
1019 2378 1094 2414 edit
1117 2378 1329 2421 vindicetur,
1355 2378 1457 2425 apud
1476 2390 1737 2425 quamcumque
1756 2390 1952 2425 personam
1977 2390 2024 2425 ap
2054 2382 2206 2422 aruerit,
2231 2385 2272 2415 ut
2294 2381 2394 2426 quod

160 2437 183 2460 a
197 2425 384 2472 principio
410 2435 454 2459 ne
475 2424 598 2458 datum
622 2423 764 2468 quidem
788 2434 864 2458 esse
887 2423 1061 2458 videatur.
1117 2422 1235 2469 quue
1264 2424 1303 2457 in
1336 2424 1433 2458 omni
1465 2424 1705 2459 restitutionis
1730 2435 1834 2466 casu,
1867 2425 1942 2460 sive
1966 2435 2024 2460 mo
2050 2425 2096 2459 ile
2118 2425 2194 2461 sive
2214 2425 2394 2461 immobile

160 2472 179 2506 7
225 2471 272 2505 sit
290 2469 390 2522 quod
403 2468 661 2504 restituendum
680 2472 744 2510 est,
763 2468 882 2504 valere
899 2469 1090 2503 sancimus.
1138 2467 1276 2511 Quodsi
1292 2479 1421 2504 aurum
1440 2469 1487 2504 sit
1502 2469 1602 2514 quod
1616 2469 1781 2504 relictum
1798 2473 1861 2511 est,
1884 2474 2010 2505 careat
2026 2474 2145 2505 autem
2157 2469 2393 2515 fideiussione

160 2526 204 2551 ac
227 2527 271 2551 ne
293 2526 371 2562 ipse
401 2514 545 2560 quidem
576 2513 728 2549 idoneus
759 2514 807 2548 sit
838 2514 896 2548 cui
930 2513 998 2549 hoc
1028 2514 1293 2556 committatur,
1325 2513 1482 2549 manebit
1511 2514 1551 2548 id
1578 2514 1722 2560 quidem
1753 2514 1853 2561 apud
1884 2515 1985 2549 illum
2016 2514 2111 2550 unde
2140 2515 2306 2550 relictum
2327 2522 2391 2559 est,

160 2561 218 2596 lzz'o
243 2566 361 2596 autem
384 2570 532 2595 usuram
556 2570 605 2594 ex
631 2560 737 2594 tertia
754 2562 866 2605 parte
890 2560 1104 2594 centesimae
1128 2559 1161 2594 ei
1216 2558 1413 2600 raestabit;
1445 2570 1553 2605 quam
1579 2559 1716 2595 tamdiu
1737 2560 1863 2603 solvet,
1889 2559 2004 2595 donec
2028 2563 2093 2595 aut
2112 2560 2308 2596 secundum
2331 2561 2393 2597 ille

159 2606 426 2641 matrimonium
458 2605 557 2639 ineat
579 2606 664 2649 (quo
697 2615 784 2639 casu
816 2604 924 2640 etiam
953 2604 1134 2639 restitutio
1167 2570 1356 2650 Ῐξαοίααιη
1387 2604 1590 2640 solutorum
1624 2605 1742 2640 locum
1766 2604 1940 2647 habebit),
1976 2609 2042 2640 aut
2071 2606 2304 2657 manifestum
2323 2607 2394 2652 fiat

159 2662 238 2687 eum
269 2662 343 2686 non
367 2649 523 2696 amplius
540 2660 654 2695 posse
678 2649 727 2684 ad
747 2650 1014 2685 matrimonium
1047 2650 1168 2685 venire
1198 2649 1272 2684 sive
1296 2660 1346 2685 ex
1369 2650 1513 2685 ratione
1537 2650 1734 2685 sacerdotii
1762 2653 1862 2692 (tunc
1886 2651 1980 2685 enim
2003 2650 2058 2685 illi
2090 2650 2190 2686 dabit
2215 2651 2315 2697 quod
2337 2663 2391 2687 re-

160 2697 281 2731 lictum
318 2701 383 2740 est)
414 2695 488 2731 sive
508 2696 616 2730 etiam
629 2699 789 2742 propter
812 2699 982 2731 mortem:
1017 2695 1162 2742 capient
1180 2695 1272 2730 enim
1297 2694 1364 2730 ltoc
1389 2696 1534 2730 omnino
1558 2695 1705 2731 heredes
1728 2696 1815 2738 eius,
1841 2695 1932 2731 nihil
1959 2707 2004 2731 ne
2027 2707 2077 2732 ex
2099 2696 2228 2731 solatis
2248 2697 2392 2742 quidem

160 2743 183 2778 8
239 2741 423 2787 fructibus
446 2739 634 2776 reddituri.
710 2739 872 2776 Eandem
897 2751 980 2776 vero
1007 2740 1291 2776 observationem
1315 2740 1535 2785 eandemque
1558 2741 1735 2776 rationem
1760 2741 2025 2776 introducimus
2048 2741 2190 2777 etiamsi
2213 2753 2287 2777 non
2308 2753 2391 2778 con-

160 2788 262 2833 iuqes
285 2786 354 2821 sibi
376 2786 526 2822 invicem
549 2785 613 2820 sub
639 2786 815 2821 eiusmodi
839 2786 1052 2821 condicione
1070 2786 1293 2831 reliquerint,
1318 2785 1382 2820 sed
1402 2785 1497 2820 alius
1519 2787 1600 2832 quis
1625 2791 1826 2821 extraneus
1848 2787 1921 2821 sive
1939 2786 2071 2822 marito
2095 2787 2169 2822 sive
2190 2788 2304 2822 uxori
2327 2789 2392 2823 sub

160 2832 334 2868 eiusmodi
358 2831 569 2867 condicione
600 2831 684 2866 dari
712 2831 801 2877 quid
830 2832 998 2868 voluerit.
1058 2830 1204 2866 Scilicet
1231 2830 1384 2876 fortuiti
1416 2841 1522 2866 casus
1551 2831 1747 2867 secundum
1771 2842 1874 2867 suam
1901 2835 2072 2867 naturam
2101 2836 2135 2868 et
2160 2832 2256 2878 leqes
2280 2832 2325 2869 de
2348 2834 2394 2868 iis

161 2878 256 2913 latas
280 2882 315 2913 et
338 2878 375 2912 in
397 2876 605 2912 dationibus
625 2881 661 2911 et
682 2877 721 2911 in
749 2876 1035 2912 restitutionibus
1061 2875 1344 2912 considerentur.
1401 2875 1503 2911 Haec
1528 2877 1640 2922 iqitur
1668 2887 1718 2912 ex
1746 2877 2064 2912 constitutionibus
2089 2878 2280 2913 occasione
2303 2878 2393 2924 leqis

163 2922 279 2959 Iuliae
302 2922 482 2958 miscellae
506 2933 528 2957 a
552 2921 655 2957 nobis
678 2922 750 2957 iam
775 2922 860 2957 latis
883 2926 1062 2957 mutamus
1069 2935 1084 2964 ;
1120 2926 1240 2957 cetera
1268 2932 1352 2956 vero
1381 2925 1466 2956 rata
1489 2921 1562 2956 sint
1579 2921 1774 2957 secundum
1800 2922 1972 2957 terminos
1995 2926 2032 2958 et
2055 2932 2173 2965 casus,
2198 2923 2392 2958 secundum

160 2969 185 3004 9
243 2979 335 3014 quos
358 2979 401 3002 ea
424 2968 669 3013 exposuimus.
773 2966 965 3003 Cautiones
990 2972 1109 3003 autem
1134 2979 1157 3002 a
1182 2966 1286 3002 nobis
1310 2966 1440 3009 dictae,
1472 2969 1506 3001 si
1526 2966 1670 3012 quidem
1692 2967 1933 3003 institutionis
1954 2978 2045 3014 pars
2068 2969 2117 3003 sit
2140 2968 2195 3003 vel
2220 2968 2391 3014 leqatum,

207 3061 226 3092 3
250 3060 353 3102 μέρος
366 3059 467 3099 ΕΒς]
492 3060 601 3100 μέσον
617 3058 682 3103 ΜΗ
702 3061 722 3092 4
747 3055 961 3092 ἀποδιδόναι
979 3072 1036 3092 om.
1051 3070 1070 3095 ς
1085 3058 1098 3103 ΙΙ
1117 3061 1137 3093 6
1162 3055 1239 3099 τὸν]

161 3101 203 3136 τὸ
223 3103 269 3135 Bl
299 3103 368 3145 τὴν
384 3103 434 3136 Bf
455 3104 466 3146 ΙΙ
498 3107 513 3136 7
541 3105 612 3145 ἔχει
636 3105 741 3147 Blpr.
759 3103 770 3148 ΙΙ
803 3106 821 3138 8
846 3102 987 3136 τούτων
1011 3105 1207 3137 Haloander
1231 3105 1241 3146 ΙΙ

164 3147 491 3192 προςαπαιτεῖσθαι
516 3150 625 3190 ΜΒς]
651 3148 973 3193 προςαπαιτείσθω
997 3150 1029 3182 L
1046 3148 1057 3193 ΙΙ
1077 3151 1096 3183 9
1122 3148 1239 3192 ἐξομο-

163 3196 224 3226 σία
237 3193 267 3225 L
287 3193 298 3235 ΙΙ
319 3195 354 3226 11
380 3195 523 3239 μέτρον]
547 3196 667 3239 μέτρῳ
683 3195 742 3235 Bt,
769 3207 826 3227 om.
842 3206 860 3230 ς
880 3197 971 3236 prob.
987 3195 1195 3228 Zachariaeo

166 3241 204 3273 17
226 3239 382 3283 χρυσίον]
397 3249 474 3270 usus
488 3241 523 3279 (i.
535 3252 560 3272 e.
570 3240 701 3283 χρῆσις)
718 3252 736 3276 ς
752 3240 763 3281 11
786 3241 824 3272 18
846 3239 916 3280 ἔχει
931 3239 977 3271 Βῑ
994 3239 1006 3283 ΙΙ
1024 3240 1148 3292 ἐγῖυον
1162 3239 1210 3272 L¹

164 3286 206 3318 20
230 3285 330 3327 μενεῖ
350 3284 405 3324 Μ]
429 3284 551 3327 με’νειν
564 3285 653 3320 BLg
669 3284 680 3328 ΙΙ
700 3285 833 3318 ἐκεῖνου
858 3285 887 3316 L
905 3283 916 3329 ΙΙ
935 3282 1012 3325 τὸν]
1037 3297 1079 3318 το
1103 3285 1205 3328 Blpr.

164 3331 202 3363 21
230 3331 353 3382 τρίτου
381 3330 573 3362 [Ialoander
587 3331 642 3372 (cf.
661 3331 704 3371 ς)]
729 3332 848 3375 τρίτης
866 3330 974 3363 MLB
990 3329 1002 3374 ΙΙ
1022 3326 1144 3364 αὐτῶν
1170 3331 1200 3363 L
1231 3333 1236 3375 Ι

164 3377 205 3408 27
229 3374 330 3407 αυτιῦ
342 3373 411 3414 Ma,
427 3375 530 3418 Blpr.
550 3373 562 3418 ΙΙ
580 3376 620 3408 30
642 3377 700 3407 καὶ
719 3375 760 3415 εἰ]
784 3371 848 3407 κᾶν
861 3374 891 3406 εἰ
905 3375 1099 3409 Haloander
1118 3375 1129 3419 ΙΙ
1146 3376 1188 3417 εἰ]
1210 3388 1242 3408 οι

164 3420 211 3453 L¹
231 3419 243 3463 ΙΙ
259 3417 304 3460 οἱ]
331 3432 369 3449 n
397 3420 444 3452 L¹
462 3419 473 3463 ΙΙ
492 3422 532 3453 31
556 3427 630 3462 post
647 3416 818 3461 τοιαύτην
833 3428 894 3454 tres
910 3421 965 3454 lite.
980 3433 1072 3461 eros,
1098 3419 1242 3454 καταλί-

164 3476 268 3498 ποιεν
281 3484 324 3489 -—-
338 3467 379 3499 33
400 3462 572 3507 τοιαύτην
590 3479 646 3497 om.
661 3466 693 3497 L
709 3466 720 3508 Η
741 3467 782 3498 32
805 3464 884 3498 τῶν
909 3473 981 3498 ante
1005 3466 1150 3506 ἔξωθεν
1164 3468 1240 3500 add.

166 3511 372 3552 Haloander,
386 3523 448 3544 non
462 3512 543 3544 male
561 3511 573 3552 H
591 3512 631 3544 35
651 3506 775 3543 αὐταῖς
789 3511 989 3551 Zachariae]
1006 3508 1124 3544 αὐτοῖς
1138 3513 1215 3545 libri
1232 3511 1242 3555 ΙΙ

166 3557 205 3589 37
233 3555 320 3587 iuliu
337 3555 468 3588 misellu
484 3556 526 3589 M
544 3552 687 3589 Ἰουλίου
708 3553 895 3598 μισκέλλου
911 3554 1086 3598 (μισκέλου
1100 3557 1132 3590 L
1156 3570 1243 3600 μαρ-

165 3597 286 3633 κέλλου
300 3601 361 3643 ΒῙ)
385 3601 455 3635 LB
481 3601 492 3640 ΙΙ
517 3602 559 3635 38
585 3598 799 3642 διατάξεων]
829 3602 905 3634 Cod.
921 3603 952 3642 6,
967 3609 1051 3643 40‚‘2.
1067 3610 1082 3636 3
1099 3602 1110 3645 ΙΙ
1135 3600 1180 3635 τὰ
1205 3601 1244 3636 δὲ

165 3640 255 3678 ἄλλα
275 3645 327 3678 Bs
340 3645 352 3690 ΙΙ
378 3648 421 3680 40
445 3644 500 3680 Αἱ
523 3644 561 3679 δὲ
585 3666 626 3670 ——-
658 3649 728 3687 150,
743 3653 758 3679 3
784 3644 1060 3680 καταλέλειπται
1084 3661 1141 3681 om.
1156 3649 1187 3681 L

229 3737 241 3768 1
277 3735 508 3770 diminutionis
537 3738 600 3771 VT
624 3736 637 3782 ΙΙ
672 3739 691 3771 2
721 3737 886 3770 mediatur
917 3737 962 3770 R·
993 3737 1006 3781 ΙΙ
1038 3739 1175 3780 partem]
1209 3739 1244 3770 in

1308 3059 1434 3101 partem
1458 3057 1512 3101 Vn
1532 3059 1551 3091 3
1576 3058 1679 3090 fuerit
1703 3058 1751 3091 R¹
1768 3057 1780 3102 ΙΙ
1805 3058 1925 3099 usuris]
1951 3058 2045 3091 reddi
2070 3060 2148 3091 add.
2163 3059 2269 3102 vulo!
2296 3061 2317 3093 4
2341 3060 2388 3092 iu-

1310 3103 1413 3136 rando
1438 3103 1471 3135 R
1490 3103 1501 3142 ΙΙ
1530 3105 1549 3136 6
1575 3103 1674 3135 tertia
1699 3103 1737 3144 T,
1763 3113 1801 3135 ex
1826 3104 1925 3136 tertia
1949 3104 2041 3137 malit
2064 3103 2265 3147 Heimbackl
2301 3107 2318 3138 7
2343 3105 2392 3136 lo-

1310 3148 1427 3190 cuplex
1449 3148 1479 3180 V
1492 3147 1504 3191 ΙΙ
1521 3147 1744 3180 fideiussorem
1758 3151 1828 3189 cet.]
1847 3149 2008 3180 iussorem
2030 3166 2073 3173 —
2099 3151 2117 3181 9
2133 3150 2287 3182 cautione
2309 3152 2341 3182 et
2361 3150 2390 3193 y}

1310 3207 1371 3228 scr.
1386 3194 1435 3226 [132
1449 3195 1480 3226 in
1495 3206 1560 3227 ras.
1580 3196 1593 3226 1
1610 3206 1718 3226 versus
1738 3192 1749 3236 H
1769 3195 1808 3227 10
1831 3193 1967 3234 dictum]
1994 3195 2127 3226 cautum
2152 3196 2184 3227 R
2201 3194 2213 3237 ΙΙ
2246 3196 2286 3228 13
2311 3205 2391 3227 uen-

1311 3240 1439 3272 dicetur
1457 3238 1556 3280 RVH
1574 3249 1781 3279 quacumque
1802 3238 1851 3271 R¹
1867 3238 1879 3281 ΙΙ
1911 3241 1948 3272 15
1975 3239 2133 3271 uidentur
2158 3239 2206 3271 Ιί1
2224 3239 2236 3283 ΙΙ
2258 3241 2296 3273 16
2321 3240 2392 3273 siue

1313 3286 1444 3318 alterum
1470 3297 1527 3317 om.
1542 3285 1576 3316 R
1593 3283 1604 3327 ΙΙ
1628 3284 1756 3316 furtum
1780 3284 1829 3316 R¹
1856 3283 1868 3327 ΙΙ
1899 3286 1938 3318 18
1962 3284 2173 3325 relinquatur
2197 3284 2230 3316 R
2255 3284 2266 3328 fl
2295 3285 2348 3326 ad]
2373 3296 2393 3318 a

1320 3330 1368 3363 V¹
1385 3330 1396 3372 ss
1419 3331 1458 3363 19
1483 3329 1742 3362 fideiiussionem
1766 3330 1799 3362 R
1815 3327 1827 3373 ΙΙ
1846 3328 2004 3361 reddatur
2024 3329 2117 3372 RTn
2143 3331 2184 3363 20
2210 3329 2269 3361 ill*
2297 3330 2346 3363 R¹
2381 3330 2392 3372 ΙΙ

1313 3377 1354 3408 22
1379 3377 1488 3407 autem
1518 3374 1565 3406 R¹
1593 3374 1605 3418 ΙΙ
1637 3375 1678 3408 23
1708 3374 1920 3407 restistitutio
1954 3374 2003 3408 V¹
2031 3374 2043 3417 ΙΙ
2074 3376 2116 3407 24
2141 3375 2170 3407 si
2195 3376 2310 3409 delevit
2343 3375 2392 3408 V³

1311 3422 1395 3464 vuly.
1427 3419 1439 3463 ss
1467 3419 1670 3461 nullatenus]
1697 3422 1729 3452 et
1753 3419 1944 3452 nullatenus
1969 3420 2002 3452 R
2030 3419 2042 3462 ΙΙ
2073 3421 2115 3453 26
2140 3422 2220 3452 ωηο
2245 3421 2276 3453 ei
2299 3421 2392 3453 dabit

1312 3465 1397 3499 enim
1422 3466 1459 3507 V,
1484 3465 1514 3497 ei
1539 3478 1596 3498 om.
1612 3465 1645 3497 R
1663 3464 1675 3508 ss
1695 3466 1733 3498 27
1762 3464 1956 3497 derelictum
1977 3464 2034 3507 Vn
2051 3465 2131 3497 haec
2155 3466 2188 3498 R
2205 3465 2217 3509 ΙΙ
2235 3468 2277 3500 28
2297 3467 2391 3499 here-

1312 3511 1366 3544 des
1391 3510 1461 3543 eius
1488 3511 1517 3542 R
1535 3509 1547 3554 ΙΙ
1565 3510 1604 3543 de
1628 3510 1724 3552 datis]
1750 3510 1867 3543 delatis
1892 3510 1940 3542 R¹
1957 3509 1968 3553 11
1989 3511 2030 3543 29
2056 3510 2129 3552 ipsa
2143 3511 2192 3543 R¹
2208 3512 2220 3555 ΙΙ
2239 3512 2390 3544 introdu-

1311 3557 1426 3597 cimus]
1452 3555 1602 3588 ducimus
1634 3575 1674 3579 —
1707 3557 1748 3589 33
1774 3566 1909 3588 casuum
1933 3567 1994 3588 scr.
2020 3555 2071 3588 R2
2093 3557 2125 3589 in
2149 3569 2213 3589 ras.
2242 3558 2261 3590 3
2283 3570 2331 3590 vv.
2379 3556 2392 3602 Η

1313 3604 1354 3635 30
1378 3602 1406 3633 si
1431 3602 1510 3641 non]
1535 3601 1605 3633 sine
1627 3601 1676 3634 V¹
1705 3600 1716 3644 ΙΙ
1749 3603 1786 3634 31
1812 3601 2021 3642 reliquerunt
2042 3601 2077 3634 V
2097 3600 2108 3641 ΙΙ
2143 3602 2184 3635 32
2209 3602 2277 3636 sive
2296 3604 2391 3645 prius

1312 3660 1369 3681 om.
1383 3647 1416 3679 R
1432 3646 1443 3690 ΙΙ
1463 3648 1506 3680 34
1531 3649 1563 3679 et
1588 3659 1645 3679 om.
1662 3647 1693 3679 R
1711 3646 1722 3689 ΙΙ
1740 3646 1827 3687 leges
1849 3646 1944 3688 V¹TJ
1968 3645 2040 3687 lege
2053 3646 2146 3680 RV²
2161 3646 2172 3690 ΙΙ
2193 3649 2233 3681 35
2258 3652 2388 3680 seruata

1311 3692 1391 3733 RV,
1416 3691 1593 3724 seruandas
1616 3692 1667 3725 vel
1689 3694 1831 3724 seruatas
1856 3691 1898 3724 al.
1930 3692 1942 3732 ΙΙ
1970 3693 2012 3724 36
2038 3701 2075 3723 ex
2098 3691 2176 3733 iam]
2199 3693 2297 3725 etiam
2320 3694 2353 3726 V
2378 3691 2391 3734 ΙΙ

1313 3739 1352 3771 37
1378 3737 1517 3770 miscillo
1539 3738 1572 3771 V
1592 3736 1604 3775 ΙΙ
1635 3739 1677 3771 39
1703 3736 1820 3778 *quod
1842 3735 1946 3780 libriu
1971 3736 2025 3768 hic
2047 3737 2080 3769 V
2103 3737 2114 3780 Η
2145 3740 2186 3772 -10
2212 3741 2270 3770 aut
2294 3738 2342 3770 R¹

2049 3795 2118 3828 23*
