2580 4022
133 150 255 181 FIDEI
284 147 489 181 COMMISSI

134 247 302 293 φαμιλιάς
326 245 349 291 ἢ
373 249 411 282 ἐκ
435 248 498 282 τοῦ
523 247 607 291 ἐμοῦ
633 244 846 291 ὀνόμαιοςέ(
877 244 958 281 Ἐπὶ
981 243 1122 281 τούτοις
1144 248 1212 291 μὲν

133 289 198 327 οὖν
222 290 334 327 αὐτὸν
357 289 554 326 ἀπελθεῖν·
579 288 699 337 Ἰέριον
723 289 762 325 δὲ
783 291 850 326 τὸν
874 293 934 335 τῆς
955 289 1102 332 ἐνδόξου
1125 292 1211 336 μνή-

132 350 198 382 μης
220 339 288 381 τὴν
309 339 377 381 μὲν
402 339 461 372 ἐπὶ
484 338 545 379 τῆς
564 335 817 371 Θεουπολιτῶν
840 334 1068 381 διακειμένην
1084 337 1211 379 οἰκίαν,

134 380 211 425 ἥτις
242 384 280 415 ἐκ
311 383 372 425 τῆς
404 379 578 425 πατρῴας
610 382 657 416 εἰς
690 379 804 417 αὐτὸν
832 381 1011 428 περιῆλθε
1036 379 1212 425 διαδοχῆς,

133 428 263 472 ἑτέροις
295 425 523 468 διαπωλῆσαι
553 427 762 471 προςιόποις,
795 427 863 470 τὴν
895 425 934 460 δὲ
962 426 1054 462 κατὰ
1074 423 1213 469 ταύτην

132 472 201 514 τὴν
225 468 422 515 εὐδαίμονα
445 469 556 507 πόλιν
580 473 706 514 οἰκίαν,
731 474 789 505 καὶ
814 471 904 516 πρός
921 484 961 518 γε
983 471 1102 506 καὶτὸ
1119 471 1212 505 κατὰ

133 516 200 551 τὸν
228 514 439 550 κωδίκιλλον
471 513 570 559 αὐτῷ
604 514 797 559 δεδομένον
827 516 1051 561 προάστειον,
1083 514 1137 562 ἐφ’
1164 515 1214 550 οἷς

134 559 273 596 ἅπασιν
303 559 324 603 ἦ
358 563 539 604 έκποιήσις
571 558 830 613 ἀπηχόρευται,
863 558 1137 604 Κωνσταντίνῳ
1159 561 1212 603 τῷ

132 607 194 649 τῆς
217 604 365 646 ἐνδόξου
377 605 526 661 ’μνήμης
549 604 658 641 αὐτου
676 608 918 651 παραπέμψαι
934 605 1050 649 παιδί,
1076 604 1214 640 ἐκεῖνόν

132 664 172 685 τε
204 645 312 685 αὖθις
342 663 499 685 κυουσαν
531 650 781 686 καταλιπόντα
811 651 881 695 τὴν
910 651 1071 698 γαμετὴν
1097 650 1270 686 veizu-10
1283 649 1470 694 scripsisse
1502 651 1771 690 testamentum,

132 696 241 738 τῆσαι
272 695 340 748 τὸν
363 700 457 740 βίον,
488 696 683 742 γράψαντα
712 693 890 739 διαθήκας
913 693 1005 730 καθ’
1034 693 1075 730 εἲς
1099 693 1214 729 διετύ-

133 748 269 784 πωσὲν,
302 753 349 774 ως
373 741 443 775 εἴτε
466 741 685 796 μὴιτεχθειή
710 739 859 776 παιδίον
882 741 1104 796 εἴτεῖτεζςθὲν
1128 739 1213 783 ἄνη-

132 789 200 829 βον
220 784 454 828 τελευτήσειε,
486 799 553 828 την
584 798 623 820 τε
654 788 790 831 μητέρα
820 785 889 828 την
921 799 1032 820 αυτου
1064 788 1214 831 Μαρίαν

132 830 199 871 τὴν
232 828 475 872 ἑνδοξοτάτην
506 829 574 873 τήν
605 843 644 865 τε
676 828 774 874 αὐτῷ
801 831 1040 865 συνοικοῦσαν
1066 834 1214 875 Μαρίαν

1194 130 1280 179 739

1997 131 2105 175 Nov.
2137 129 2270 174 CLIX
2300 143 2362 186 pr.

1350 191 1442 198 ..ο-

1282 244 1424 288 quando
1450 244 1493 280 de
1517 253 1595 280 mea
1619 242 1753 279 familia
1768 244 1832 278 aut
1850 242 1893 278 de
1912 252 1991 278 meo
2011 241 2187 277 nomine.“
2228 239 2269 275 In
2285 239 2364 276 istis

1282 289 1421 334 quidem
1436 289 1551 335 ipsum
1567 289 1774 334 procedere,
1799 288 1957 323 Hierium
1973 297 2059 323 vero
2071 285 2363 331 gloriosissimum

1282 336 1439 378 domum,
1473 345 1565 379 quae
1595 334 1632 369 in
1656 333 1877 378 Theopolitis
1909 333 2049 369 adiacet
2080 335 2116 368 et
2146 341 2190 367 ex
2212 333 2365 375 paterna

1281 380 1317 415 in
1348 389 1428 414 eum
1460 379 1621 425 pervenit
1643 378 1880 419 successione,
1914 378 1994 413 aliis
2018 376 2220 413 vendidisse
2240 385 2362 421 perso-

1249 430 1268 460 5
1281 424 1348 467 nis,
1374 434 1451 459 eam
1477 435 1559 460 vero
1580 424 1723 460 domum
1748 424 1888 469 quaein
1905 423 1972 458 hac
1989 421 2195 458 felicissima
2210 420 2363 463 civitate,

1281 469 1427 514 insuper
1456 472 1493 505 et
1521 479 1584 515 per
1615 469 1798 504 codicillos
1830 468 1951 503 datum
1981 467 2049 503 sibi
2080 465 2363 518 proastium‚·in

1283 514 1411 559 quibus
1445 515 1608 550 omnibus
1632 514 1800 549 alienatio
1821 513 2012 548 interdicta
2035 515 2101 556 est,
2127 511 2362 547 Constantino

1282 559 1538 604 gloriosissimo
1562 559 1637 594 eius
1662 559 1904 594 transmittere
1927 558 2018 602 fili03
2051 558 2151 592 illum
2174 565 2256 591 vero
2281 565 2364 591 mox

1283 608 1535 648 praegnantem
1559 603 1814 648 relinquentem
1845 612 1991 638 uxorem
2020 602 2092 637 vita
2120 602 2284 636 sunctum
2306 610 2363 636 re-

1804 657 1868 701 per
1893 648 1988 692 quod
2012 646 2205 691 disposuit,
2237 645 2267 681 si
2291 655 2363 680 non

1282 697 1478 729 nascantur
1500 693 1564 728 filii
1587 696 1650 728 aut
1672 696 1779 728 natus
1802 695 1964 737 impubes
1988 692 2174 734 moriatur,
2197 694 2270 726 tam
2290 700 2362 725 ma-

1282 742 1371 774 trem
1395 749 1498 774 suam
1520 739 1671 774 Mariam
1694 737 1981 781 gloriosissimam
2002 746 2107 781 quam
2123 736 2199 771 eius
2215 744 2363 770 uxorem

1282 783 1535 819 nobilissimam
1566 783 1719 818 Mariam
1755 783 1792 817 in
1824 782 1901 817 eius
1933 782 2053 817 vocari
2085 780 2361 816 successionem.

1283 829 1332 863 Et
1365 828 1529 873 quoniam
1562 831 1648 863 nata
1679 827 1752 862 filia
1773 829 1808 863 et
1830 827 1910 871 ipsa
1933 826 2070 878 pupilla
2093 830 2130 861 et
2153 827 2276 860 tenera
2300 825 2362 859 ad-

132 875 201 917 τὴν
225 872 483 918 εὐκλεεστάτην
504 877 563 910 ἐπὶ
587 875 655 919 τὴν
681 872 790 910 αὖτου
816 874 1007 909 καλεῖσθαι
1031 873 1211 918 διαδοχήν.
1232 879 1268 911 15
1283 874 1354 909 huc
1378 877 1495 909 aetate
1519 883 1563 908 ex
1578 873 1779 908 hominibus
1796 871 1960 914 decessit,
1984 882 2020 906 m
2035 870 2239 916 praedictas
2259 869 2361 904 nobi·

133 918 257 964 ἐπειδὴ
283 918 322 954 δὲ
345 921 517 963 τεχθεῖσα
542 920 708 966 θυγάτηρ
732 923 791 954 καὶ
816 917 906 964 αὐτὴ
928 924 1063 964 νηπίαν
1078 919 1213 974 dyonea

133 968 193 998 καὶ
217 962 362 1008 ἁπαλὴν
386 967 440 1000 ἔτι
463 965 530 1008 τὴν
554 963 696 1007 ἡλικίαν
728 966 766 1006 ἐξ
790 962 1008 1012 ἀνθρώπων
1032 962 1212 1008 οἷπηλθεν,

133 1010 180 1043 εἰς
203 1010 265 1044 τὰς
288 1011 472 1056 εἰρημένας
495 1008 748 1044 εὐκλεεστάτας
776 1010 1023 1055 περιαχθῆναι
1045 1013 1213 1056 γυναῖκας

133 1054 178 1088 τά
208 1068 246 1089 τε
276 1054 385 1090 λοιπὰ
417 1057 480 1098 τῆς
511 1052 634 1094 οὐσίας
656 1058 715 1088 καὶ
739 1055 807 1099 τὴν
832 1057 892 1090 ἐπὶ
916 1053 1048 1097 ταύτης
1070 1056 1132 1098 τῆς
1154 1069 1211 1099 με·

132 1098 240 1146 γάλης
264 1098 403 1134 πόλεως
427 1102 556 1143 οἰκίαν,
577 1103 636 1133 καὶ
660 1099 749 1145 πρός
950 1100 957 1109 “

132 1145 240 1178 τοῦτο
265 1142 309 1188 δὴ
333 1144 375 1179 τὸ
402 1145 517 1191 ῥητῶς
541 1147 602 1178 ἐπὶ
625 1146 689 1179 τοῦ
710 1159 761 1179 κω
788 1144 921 1179 ικίλλου
939 1143 1048 1190 Ἱερίῳ
1072 1147 1127 1188 τῷ
1150 1146 1213 1187 τῆς

133 1186 280 1229 ἐνδόξου
311 1188 450 1233 μνήμης
482 1188 738 1234 καταλειφθέν.
786 1189 908 1235 χώραν
939 1203 979 1224 τε
1005 1190 1151 1224 εἰκότως
1175 1191 1214 1223 ἔκ

132 1246 174 1267 τε
201 1235 264 1277 τῆς
288 1233 466 1278 διαθήκης
490 1236 527 1269 ἔκ
550 1247 590 1269 τε
613 1236 691 1269 τῶν
716 1236 781 1269 τοῦ
803 1233 1014 1269 κωδικίλλου
1039 1234 1213 1279 ῥημάτων

134 1279 237 1321 ἔσχεν
268 1276 376 1314 αὐτὸς
402 1281 470 1323 τήν
500 1293 538 1313 τε
569 1280 687 1314 οἰκίαν
716 1284 776 1314 καὶ
806 1280 849 1314 τὸ
883 1281 1101 1324 προάστειον
1122 1278 1212 1314 ἐκδι-

1281 919 1434 954 lissimas
1458 918 1644 963 pervenire
1668 917 1842 959 mulieres,
1870 916 2008 961 reliqua
2030 925 2113 952 vero
2138 915 2363 951 substantiae

1282 963 1352 1009 (et)
1376 973 1466 1007 quae
1488 963 1526 999 in
1549 963 1617 998 hac
1641 972 1768 1007 magna
1793 962 1935 997 civitate
1953 964 2037 997 sunt
2053 961 2190 1002 domus,
2213 960 2362 1005 insuper

1283 1011 1319 1044 et
1341 1009 1539 1053 proastium
1563 1008 1758 1052 expressim
1781 1007 1818 1042 in
1843 1007 2014 1042 codicillis
2031 1005 2284 1050 gloriosissimo
2301 1005 2361 1040 de·

1282 1054 1407 1089 relicta
1431 1055 1516 1088 sunt
1532 1053 1671 1088 Hierio:
1697 1053 1814 1088 locum
1831 1052 1984 1087 forsitan
1999 1054 2073 1086 tam
2089 1061 2134 1086 ex
2149 1052 2361 1086 testamento

765 1113 811 1179 ἔα
835 1103 895 1134 καὶ
918 1113 962 1134 το
985 1098 1211 1146 προάστειον,
1227 1103 1268 1135 20
1282 1108 1387 1143 quam
1419 1109 1463 1134 ex
1496 1098 1738 1134 codicillorum
1762 1097 1983 1133 sermonibus
2007 1096 2177 1131 adhibere
2197 1096 2275 1141 ipse
2299 1094 2361 1130 do-

1281 1154 1377 1179 mum
1402 1147 1438 1178 et
1460 1144 1658 1189 proastium
1683 1142 1884 1184 defendere,
1909 1142 2004 1177 solus
2029 1141 2073 1177 de
2097 1141 2210 1176 Hierii
2232 1140 2362 1185 glorio-

1281 1188 1411 1224 sissimi
1441 1189 1576 1223 familia
1608 1188 1798 1224 derelictus
1829 1197 1920 1232 quae
1948 1197 2044 1222 nunc
2068 1189 2104 1222 et
2127 1186 2279 1232 primum
2298 1185 2361 1219 ha-

1282 1234 1367 1269 bens
1400 1234 1436 1268 in
1466 1243 1596 1277 genere
1627 1234 1663 1269 in
1695 1243 1736 1269 eo
1769 1232 1910 1267 nomine
1938 1231 2098 1276 gradum.
2146 1230 2217 1267 Sed
2247 1230 2273 1265 ii
2301 1229 2363 1274 qui

1281 1289 1347 1323 pro
1369 1279 1485 1313 Maria
1514 1283 1550 1314 et
1574 1279 1688 1314 Maria
1716 1277 1979 1323 gloriosissimis
2010 1276 2151 1312 feminis
2175 1275 2286 1312 verba
2308 1275 2361 1317 fa-

133 1326 218 1364 κεῖν,
249 1325 359 1368 μόνος
389 1326 427 1357 ἐκ
459 1326 536 1359 τῶν
567 1322 684 1369 Ἱερίου
711 1326 774 1359 τοῦ
804 1326 866 1368 τῆς
896 1323 1044 1365 ἐνδόξου
1075 1324 1214 1369 μνήμης
1227 1328 1268 1361 25
1283 1323 1424 1359 ciebant
1459 1324 1663 1359 testamenti
1700 1323 1840 1368 quidem
1875 1322 1990 1358 verbis
2025 1322 2161 1357 nullum
2196 1320 2363 1356 dicebant

135 1367 280 1403 παίδων
307 1366 602 1414 ὑπολελειμμένος
634 1369 679 1403 τοὶ
713 1371 781 1405 νῦν
812 1373 872 1403 καὶ
901 1372 1050 1416 πρῶτον
1075 1372 1214 1412 ἐπέχων

134 1415 174 1447 ἐν
203 1416 256 1456 τῷ
287 1414 350 1456 τῆς
379 1413 551 1459 φαμιλίας
581 1411 733 1458 ὀνόματι
764 1414 831 1449 τὸν
858 1414 1024 1459 βαθμόν.
1073 1412 1153 1449 ἀλλ’
1180 1413 1216 1448 οἱ

133 1458 215 1492 τοὺς
240 1457 308 1493 ine
353 1463 495 1505 Μαρίας
515 1463 575 1493 καὶ
600 1463 743 1504 Μαρίας
765 1460 843 1494 τῶν
865 1458 1117 1500 ἐνδοξοτάτων
1133 1472 1212 1495 ποι-

134 1503 279 1546 ούμενοι
309 1473 433 1550 λόγους
458 1508 531 1538 τοῖς
553 1506 621 1545 μὲν
644 1506 711 1546 τῆς·
731 1502 908 1548 διαθήκης
932 1505 1088 1550 ῥήμασιν
1112 1502 1211 1539 οὐδε-

1281 1368 1400 1404 locum
1426 1383 1442 1399 ψ
1471 1383 1487 1400 ι
1517 1382 1533 1399 ι
1562 1383 1578 1400 η.
1608 1383 1624 1400 ψ
1653 1383 1669 1399 ς
1699 1383 1715 1399 ι
1740 1382 1756 1399 ⁴1
1783 1368 1874 1403 citra
1890 1367 2162 1403 Constantinum
2185 1365 2364 1410 gloriosae

1283 1413 1469 1449 memoriae
1494 1423 1537 1448 ex
1562 1413 1775 1456 hominibus,
1798 1416 1979 1457 tamquam
2003 1412 2120 1447 locum
2142 1411 2275 1446 habere
2300 1410 2364 1452 [et]

1282 1463 1471 1503 utrumque
1503 1469 1607 1494 suum
1639 1458 1819 1503 perficere,
1853 1467 1968 1503 neque
2001 1467 2081 1493 cum
2105 1457 2182 1500 lege
2205 1455 2364 1491 Alexan-

1280 1504 1383 1540 drum
1420 1504 1533 1540 virum
1566 1504 1860 1548 gloriosissimum
1894 1503 2013 1540 locum
2043 1502 2176 1538 habere
2206 1501 2253 1537 ad
2283 1501 2363 1546 has,

132 1551 220 1591 μίαν
254 1550 414 1594 ἔφασκον
448 1549 572 1593 χώραν
605 1549 794 1594 γενέσθαι·
839 1547 930 1592 μηδὲ
962 1551 1032 1596 γὰρ
1066 1547 1211 1584 παίδων
1224 1552 1265 1585 30

135 1596 241 1637 χωρὶς
265 1597 551 1628 Κωνσταντῖνον
581 1594 647 1628 τὸν
678 1596 739 1636 τῆς
770 1593 918 1635 ἐνδόξου
941 1595 1079 1639 μνήμης
1103 1593 1211 1630 ἀπελ-

133 1638 218 1671 θεῖν
242 1639 281 1693 ἐξ
302 1636 529 1684 ἀνθρώπων,
561 1637 608 1673 οἷς
631 1638 753 1683 χώραν
776 1641 820 1686 τῇ
844 1641 920 1674 τῶν
945 1641 1070 1675 οἰκιῶν
1094 1641 1210 1674 ἑκατέ-

133 1696 210 1727 ρων
245 1685 539 1718 αποκαταστάσει
577 1685 770 1731 γενέσθαι,
813 1681 894 1719 ἀλλ’
919 1682 1004 1719 οὐδὲ
1026 1684 1117 1730 ὑπὲρ
1147 1685 1211 1719 τοῦ

131 1806 198 1841 sub
221 1805 344 1841 eadem
368 1805 589 1848 condicione,
621 1816 665 1842 ne
693 1816 861 1851 umquam
886 1810 995 1842 extra
1010 1805 1195 1857 familiam
1219 1815 1332 1840 meam
1356 1804 1412 1840 vel
1434 1814 1560 1839 nomen
1585 1814 1698 1839 meum
1724 1802 1938 1838 alienetur.“
1983 1803 2100 1849 Atque
2123 1802 2179 1838 his
2201 1802 2254 1837 ita
2274 1801 2367 1837 actis

132 1850 232 1885 illum
255 1854 404 1886 mortem
429 1851 542 1886 obisse
549 1863 565 1892 ;
589 1849 753 1886 Hierium
778 1855 895 1887 autem
918 1850 1101 1897 qloriosae
1126 1851 1319 1885 memoriae
1342 1849 1487 1884 domum
1511 1848 1653 1894 quidem
1680 1847 1855 1900 leeopoli
1877 1848 1916 1882 in
1939 1848 2028 1884 urbe
2049 1847 2167 1890 sitam,
2198 1857 2293 1893 quae
2315 1857 2366 1882 ex

129 1900 286 1942 paterna
309 1895 533 1931 successione
557 1896 606 1931 ad
628 1906 707 1930 eum
726 1897 960 1943 pervenisset,
984 1895 1067 1931 aliis
1091 1895 1291 1931 vendidisse
1303 1894 1487 1941 personis,
1511 1894 1654 1929 domum
1678 1897 1796 1929 autem
1815 1903 1853 1928 in
1877 1891 1947 1929 hac
1967 1893 2072 1939 felici
2095 1894 2182 1929 urbe
2204 1892 2311 1927 sitam
2331 1894 2367 1927 et

134 1942 283 1987 insuper
305 1940 550 1976 suburbanum
571 1940 763 1987 praedium
786 1941 824 1975 in
848 1940 1028 1976 codicillis
1050 1941 1124 1987 ipsi
1146 1940 1282 1981 datum,
1307 1940 1345 1975 in
1370 1939 1500 1985 quibus
1524 1938 1686 1974 omnibus
1709 1938 1881 1974 alienatio
1904 1937 2090 1983 prohibita
2113 1943 2177 1980 est,
2209 1938 2248 1971 in
2274 1937 2366 1973 Con-

134 1986 330 2021 stantinum
361 1984 547 2029 gloriosae
569 1986 763 2021 memoriae
783 1985 899 2029 filium
922 1996 1026 2020 suum
1051 1985 1302 2026 transmisisse,
1335 1989 1445 2030 atque
1476 1984 1576 2018 illum
1600 1993 1728 2018 rursus
1750 1981 1906 2028 qravida
1928 1993 2048 2018 uoeore
2071 1982 2200 2017 relicta
2223 1981 2267 2016 de
2290 1982 2365 2017 vita

135 2030 338 2070 decessisse,
361 2029 498 2075 scripto
524 2033 745 2070 testamento,
770 2031 808 2063 in
832 2040 904 2074 quo
928 2029 1176 2075 disposuisset,
1201 2033 1242 2064 ut
1260 2029 1334 2064 sive
1353 2029 1480 2073 infans
1503 2039 1576 2063 non
1598 2031 1775 2062 nascatur
1797 2028 1870 2061 sive
1893 2030 2002 2061 natus
2025 2027 2123 2062 intra
2135 2026 2366 2071 pubertatem

135 2074 337 2115 decesserit,
371 2077 443 2109 tam
473 2078 589 2108 mater
618 2084 686 2108 sua
711 2073 833 2108 Maria
856 2074 1001 2119 femina
1031 2074 1305 2118 qloriosissima,
1338 2083 1444 2117 quam
1479 2073 1615 2106 coniux
1646 2082 1712 2106 sua
1741 2069 1864 2106 Maria
1890 2071 2031 2116 femina
2062 2071 2285 2106 nobilissima
2316 2070 2367 2104 ad

136 2119 251 2165 ipsius
281 2118 539 2153 successionem
570 2122 797 2153 vocarentur.
846 2118 926 2152 lam
987 2122 1150 2162 ostquam
1182 2120 1269 2152 nata
1297 2117 1378 2161 filia
1409 2119 1445 2151 et
1474 2117 1557 2161 ipsa
1588 2117 1625 2150 in
1657 2116 1819 2160 infantia
1848 2119 1884 2150 et
1915 2119 2073 2150 teneram
2104 2114 2223 2150 adhuc
2253 2123 2366 2160 aqens

137 2167 290 2198 aetatem
320 2173 370 2198 ex
400 2162 582 2198 bominum
614 2162 689 2198 vita
721 2163 892 2205 excessit,
921 2173 945 2198 a
995 2161 1207 2208 praedictas
1235 2161 1395 2206 feminas
1423 2160 1663 2195 nobilissimas
1694 2159 1852 2195 delatam
1881 2169 1958 2195 esse
1981 2170 2061 2195 cum
2084 2160 2261 2211 reliquam
2283 2159 2365 2194 sub-

136 2208 294 2243 stantiae
350 2212 463 2242 artem
489 2211 561 2242 tum
586 2207 726 2242 domum
750 2207 787 2241 in
809 2206 877 2242 hac
900 2217 1034 2252 maqna
1054 2206 1142 2242 urbe
1163 2206 1270 2241 sitam
1294 2210 1330 2241 et
1351 2205 1501 2251 insuper
1524 2204 1632 2240 etiam
1658 2203 1901 2240 suburbanum
1923 2204 2116 2250 praedium
2145 2203 2239 2239 illud
2266 2203 2367 2249 quod

163 2252 280 2288 uidem
329 2253 435 2287 iserte
454 2252 493 2286 in
516 2252 691 2287 codicillis
703 2250 832 2287 Hierio
856 2251 1040 2297 yloriosae
1062 2251 1255 2286 memoriae
1276 2250 1438 2286 relictum
1461 2253 1552 2285 erat.
1589 2248 1721 2295 Itaque
1743 2249 1869 2284 merito
1894 2249 1972 2295 ipse
1991 2249 2228 2292 (Alexander)
2249 2248 2366 2284 locum

151 2297 263 2333 tabuit
295 2301 367 2332 tam
398 2307 447 2332 ex
480 2301 688 2332 testamento
720 2307 828 2341 quam
859 2307 908 2331 ex
937 2296 1054 2332 verbis
1081 2295 1332 2331 codicillorum
1363 2295 1506 2330 domum
1531 2298 1641 2339 atque
1663 2294 1907 2330 suburbanum
1929 2293 2120 2340 praedium
2144 2293 2364 2335 vindicandi,

138 2343 223 2388 quip
253 2353 273 2378 e
309 2342 372 2388 qui
410 2341 509 2376 solus
539 2352 589 2377 ex
620 2341 738 2376 Hierii
767 2341 951 2394 gloriosae
981 2341 1173 2376 memoriae
1203 2340 1326 2376 liberis
1356 2350 1452 2374 nunc
1479 2342 1679 2385 superesset
1709 2342 1744 2374 et
1762 2338 1928 2419 {trimum
1957 2339 1995 2373 in
2023 2338 2191 2383 familiae
2221 2339 2366 2374 nomine

139 2398 206 2433 θνα
233 2397 291 2422 um
322 2386 506 2422 obtineret.
556 2386 685 2421 Verum
710 2397 772 2431 qut
801 2396 871 2432 pro
897 2385 1019 2421 Maria
1043 2389 1078 2421 et
1097 2385 1216 2420 Maria
1236 2385 1386 2431 feminis
1407 2384 1676 2430 qloriosissimis
1699 2394 1760 2419 ver
1784 2394 1806 2418 a
1828 2383 2016 2428 faciebant
2039 2383 2177 2418 nullum
2200 2382 2366 2418 dicebant

140 2432 256 2468 verbis
289 2431 491 2467 testamenti
517 2431 633 2466 locum
664 2441 758 2466 esse:
789 2441 904 2476 neque
934 2431 1028 2466 enim
1058 2430 1136 2465 sine
1158 2429 1280 2466 liberis
1305 2429 1576 2465 Constantinum
1598 2428 1781 2475 qloriosae
1803 2428 1995 2463 memoriae
2014 2438 2064 2464 ex
2086 2427 2268 2463 hominum
2291 2428 2366 2464 vita

138 2476 345 2520 excessisse,
369 2480 408 2511 ut
431 2476 620 2521 utriusque
643 2475 771 2511 domus
793 2475 1014 2510 restitutioni
1038 2474 1139 2510 locus
1158 2475 1273 2519 fieret,
1296 2474 1362 2509 sed
1383 2485 1428 2509 ne
1450 2473 1648 2509 suburbani
1671 2473 1814 2518 quidem
1831 2473 1982 2518 praedii
2004 2472 2147 2509 nomine
2169 2472 2366 2509 secuudum

184 2602 204 2634 2
221 2591 287 2633 οὖν
308 2612 366 2633 om.
386 2599 416 2632 L
435 2597 448 2642 ΙΙ
464 2594 653 2638 ἀπελθεῖν]
677 2598 853 2641 procedere
877 2599 911 2640 (i.
929 2611 955 2632 e.
972 2595 1183 2642 παρελθεῖν)
1199 2608 1218 2633 ς

139 2647 183 2690 113
201 2645 318 2678 οἰκίαν
342 2657 400 2677 om.
419 2642 490 2688 ςΙΙἹ
517 2642 558 2677 τὸ
582 2639 797 2676 κωδίκελλον
813 2642 861 2687 ΕΙ
885 2645 924 2677 10
947 2644 999 2683 τε]
1025 2653 1103 2675 vero
1120 2641 1218 2695 §1112

139 2685 884 2778 ffifffimatssss‘i‘ssstAgfflffisstiifmssffl„³125
909 2689 952 2766 ii
970 2685 1218 2772 τῖῗὲἶῖἷῖιῖσὲῗ

141 2755 272 2822 erik-9⁷7
297 2780 486 2812 Zachariae
510 2746 572 2811 ηδξι
591 2785 675 2812 recte
697 2777 710 2822 ΙΙ
737 2774 849 2820 αὐτὴν
873 2778 903 2810 L
921 2777 932 2822 ΙΙ
960 2744 1118 2822 ἄγοζυσαν
1144 2777 1193 2809 [1⁰¹
1208 2775 1220 2820 ΙΙ

143 2826 184 2859 18
208 2823 393 2869 εἰρημένας
416 2836 475 2856 om.
499 2823 532 2856 L
560 2822 572 2866 ΙΙ
606 2824 645 2858 19
677 2825 728 2864 τε]
754 2833 831 2856 vero
855 2834 874 2859 ς
902 2822 915 2866 ΙΙ
942 2819 1008 2864 τὴν
1028 2840 1071 2845 -—-
1090 2821 1218 2862 οἰκίαν]

142 2880 226 2912 quae
247 2889 287 2893 —
307 2871 388 2902 sunt
411 2868 526 2901 domus
550 2879 568 2904 ς
598 2867 611 2911 ΙΙ
639 2869 681 2901 20
711 2880 751 2913 γε
777 2869 837 2900 καὶ
861 2868 919 2908 Μ]
942 2878 982 2911 γε
1007 2862 1051 2909 δὴ
1077 2866 1108 2899 L
1135 2866 1147 2908 ΙΙ
1178 2867 1217 2900 21

142 2914 251 2948 τοῦτο
275 2910 319 2956 δὴ
340 2926 398 2946 om.
418 2925 437 2949 ς
453 2913 466 2956 ΙΙ
484 2914 526 2946 22
550 2910 809 2956 καταλειφθέν]
836 2911 994 2944 derelicta
1017 2912 1096 2943 sunt
1112 2922 1131 2947 ς
1148 2910 1160 2954 ΙΙ
1178 2912 1220 2945 24

142 2960 244 3000 ἔσχεν
270 2959 326 2998 Μ]
348 2959 441 2998 ἔχειν
466 2958 526 2993 Le
549 2958 679 2999 (recte‘?)
695 2962 706 2999 ΙΙ
727 2957 769 2990 25
794 2956 882 2997 τῶν]
906 2956 970 2989 τοῦ
992 2956 1023 2988 L
1041 2955 1053 3008 Ι]
1071 2957 1113 2989 26
1137 2957 1220 2989 παί-

143 3002 230 3042 δων]
256 3002 383 3035 familia
407 3014 426 3038 ς
451 3001 462 3045 ΙΙ
490 3003 531 3035 27
556 3001 634 3034 τῶν
658 3000 822 3044 βαθμῶν
846 3002 896 3033 La
913 3000 925 3043 ΙΙ
952 3002 993 3034 29
1014 2997 1122 3045 λογον
1146 3001 1196 3033 L⁰
1211 3000 1222 3043 il

143 3050 183 3082 31
210 3046 439 3080 Κώνσταντα
462 3046 493 3078 L
511 3045 523 3089 ΙΙ
542 3046 583 3079 32
607 3045 651 3091 τῇ
675 3045 753 3078 τῶν
776 3045 903 3078 οἰκιῶν
926 3045 1107 3088 ἑκατέρων
1130 3042 1220 3079 ἁπο-

142 3089 373 3132 καταστάσοι]
406 3093 585 3132 utrumque
616 3101 712 3122 suum
742 3091 777 3131 (i.
803 3103 828 3123 e.
860 3090 989 3123 οἰκεῖον
1014 3087 1221 3127 ἐκάτεοονῗ)

143 3137 298 3181 perficere
323 3148 342 3172 ς
367 3136 379 3179 ΙΙ
403 3136 546 3168 οἰκείων
571 3135 620 3168 La
646 3136 702 3178 (cf.
729 3136 760 3174 ς)
778 3135 790 3178 ΙΙ
816 3135 857 3170 33
883 3130 966 3168 ἀλλ’
994 3142 1023 3168 et
1045 3120 1136 3178 ὑπὲρ
1159 3134 1222 3167 τοῦ

145 3183 359 3228 προαστείου
384 3194 441 3214 om.
460 3192 489 3219 ς,
513 3177 602 3223 ὑπὲρ
627 3192 686 3212 om.
704 3180 743 3212 M

189 3316 209 3348 2
240 3313 395 3346 decedere
419 3314 512 3347 Beck
539 3313 552 3357 ΙΙ
582 3315 670 3354 vero]
696 3312 770 3345 uiro
791 3312 823 3345 R
849 3322 927 3345 uero
951 3311 1006 3345 uel
1037 3311 1112 3345 uiro
1138 3311 1188 3345 Τ1
1211 3313 1223 3355 ΙΙ

144 3357 401 3401 *gloriosissimi
433 3359 511 3391 libri
543 3357 721 3399 (gloriosae
754 3357 928 3390 memoriae
949 3357 1059 3398 Beck,
1089 3358 1149 3390 sed
1178 3360 1222 3401 cf.

146 3418 175 3437 υ.
194 3405 223 3438 8.
250 3405 303 3438 18;
330 3405 386 3445 21)
403 3403 416 3446 ΙΙ
433 3405 453 3437 3
478 3402 674 3446 theupolitis
696 3402 751 3445 Vss
769 3403 802 3435 et
818 3402 923 3442 Beck]
949 3402 979 3434 ei
1003 3404 1036 3434 et
1058 3401 1221 3446 RTvulq.

145 3450 224 3482 dum
245 3448 301 3491 Vll
320 3450 341 3482 4
363 3447 547 3480 vendidisse
563 3448 668 3488 Beck]
696 3446 846 3480 uendidit
861 3446 1027 3490 RTvulq.
1051 3446 1229 3488 uendatsV

144 3494 156 3539 11
172 3497 190 3527 7
213 3493 367 3527 omnibus
384 3505 442 3526 om.
462 3493 494 3526 R
509 3493 522 3535 Ι]
541 3494 560 3527 8
585 3492 631 3525 eis
648 3493 681 3526 T
693 3492 706 3535 ss
722 3491 803 3533 filio]
826 3491 896 3524 eius
918 3491 987 3524 filio
1006 3492 1037 3524 R.
1055 3490 1068 3536 ΙΙ
1084 3493 1105 3526 9
1117 3492 1223 3525 uitam

154 3540 188 3572 V
200 3539 251 3571 ita
268 3539 315 3572 R¹
334 3543 347 3582 ΙΙ
363 3537 566 3580 rescripsisse
591 3538 668 3571 dedi
689 3549 756 3570 cum
774 3537 911 3577 Beckio]
937 3536 1105 3579 rescripsit
1123 3538 1228 3571 RVT

145 3584 215 3627 11⁰
247 3594 343 3626 quem
368 3582 453 3616 13¹1*
476 3582 488 3626 ΙΙ
524 3584 564 3617 14
594 3582 752 3624 quoniam
775 3583 854 3614 nata
876 3581 909 3614 R.
920 3581 994 3623 VT]
1019 3591 1120 3623 quum
1146 3584 1225 3615 nata

147 3628 213 3661 suit
233 3629 317 3673 vuly.
342 3628 354 3671 ΙΙ
384 3630 422 3662 15
447 3627 600 3660 omnibus
621 3628 686 3660 VT
698 3626 711 3666 ΙΙ
737 3628 777 3661 16
801 3626 931 3667 reliqua
953 3626 1222 3670 Hamburqensis]

147 3673 294 3716 reliquae
319 3673 541 3717 RVT11ver0
565 3673 626 3709 del,
653 3673 746 3705 Beck
761 3670 773 3717 ΙΙ
803 3673 841 3706 17
867 3673 900 3704 et
925 3672 1001 3704 add.
1030 3671 1121 3706 Beck
1137 3672 1150 3716 ΙΙ
1167 3672 1224 3707 do-

1285 2607 1374 2629 mum
1397 2597 1429 2630 V
1450 2595 1463 2633 ΙΙ
1496 2598 1535 2630 18
1569 2595 1740 2629 codicillos
1763 2595 1813 2628 13¹
1833 2595 1988 2628 codicillo
2011 2595 2062 2628 R²
2089 2595 2102 2639 ΙΙ
2134 2597 2174 2631 19
2198 2597 2278 2630 sunt
2302 2597 2365 2630 del.

1287 2642 1380 2675 Beck
1397 2641 1410 2683 11
1427 2641 1541 2684 hyerio
1569 2641 1638 2674 ΒΤ
1651 2640 1663 2684 ss
1680 2642 1722 2674 20
1747 2650 1845 2682 quam
1869 2642 1920 2682 ex]
1945 2650 1983 2673 ex
2007 2653 2066 2674 om.
2086 2640 2195 2685 RT¹11
2215 2642 2256 2676 21
2281 2641 2366 2684 yerii

1288 2687 1321 2719 T
1339 2687 1404 2719 ieri
1427 2687 1460 2718 R
1475 2685 1487 2730 ΙΙ
1507 2687 1550 2720 22
1574 2685 1760 2718 *derelicta
1785 2686 1862 2718 libri
1877 2685 1889 2728 ΙΙ
1906 2695 1990 2727 quae
2014 2686 2076 2719 del.
2102 2686 2196 2719 Beck
2212 2686 2225 2724 ΙΙ
2243 2687 2286 2720 23
2309 2696 2365 2728 ge-

1287 2742 1364 2765 nere
1388 2732 1433 2771 V]
1457 2731 1550 2772 gerio
1574 2731 1607 2763 R
1630 2729 1746 2773 hyerio
1768 2731 1801 2763 T
1821 2730 1952 2770 (Hierio
1976 2731 2076 2774 vuly.)
2094 2729 2193 2774 {1⁴*in
2217 2733 2267 2772 eo]
2292 2742 2365 2764 meo

1288 2777 1365 2810 libri
1379 2776 1391 2819 ΙΙ
1409 2775 1473 2808 Sed
1491 2795 1531 2800 —
1550 2775 1681 2808 feminis
1699 2775 1806 2818 suppl.
1825 2775 1876 2808 V³
1901 2777 1932 2808 in
1956 2782 2041 2819 spat.
2066 2787 2138 2808 vac.
2158 2777 2200 2820 1}
2219 2788 2268 2809 vv.
2286 2775 2298 2819 ΙΙ
2315 2775 2366 2809 hii

1288 2821 1393 2855 RVT
1411 2820 1423 2864 ΙΙ
1450 2822 1492 2854 24
1517 2822 1549 2853 et
1573 2820 1680 2853 Maria
1704 2832 1762 2853 om.
1791 2820 1824 2853 T
1843 2819 1855 2863 ΙΙ
1879 2820 2000 2853 fatiant
2020 2818 2197 2864 V1126sq.
2219 2822 2252 2854 in
2274 2822 2367 2855 libris

1289 2873 1319 2899 et
1341 2866 1426 2908 vulq.
1452 2866 1502 2899 hic
1527 2866 1614 2898 locus
1638 2866 1750 2898 misere
1778 2867 1924 2898 turbatus
1944 2872 1972 2898 et
1993 2872 2159 2908 corruptus
2180 2866 2296 2910 leyitur
2318 2868 2366 2900 ita

1288 2910 1443 2943 dicebant
1472 2909 1590 2942 locum.
1639 2920 1746 2952 neque
1771 2919 1846 2942 cum
1869 2909 1992 2952 legitur
2015 2909 2231 2944 alexandrum
2253 2910 2366 2943 uirum

1288 2954 1563 2997 gloriosissimum
1586 2954 1779 2996 (gloriosum
1797 2955 1843 2996 T)
1867 2954 1978 2987 locum
2001 2954 2122 2988 habere
2146 2956 2212 2988 tam
2237 2965 2277 2988 ex
2298 2966 2366 2987 om-

1288 2999 1386 3032 nibus
1400 2999 1512 3032 locum
1527 2999 1647 3032 habere
1659 3000 1718 3041 (ita
1729 2999 1763 3032 V
1770 3000 1826 3041 aL,
1849 3001 1970 3031 tam—
1981 2999 2101 3032 habere
2116 3012 2174 3033 om.
2185 3000 2256 3033 RT
2264 3001 2365 3043 vulq.)

1290 3047 1322 3077 et
1345 3046 1418 3086 (om.
1432 3045 1465 3077 T
1471 3044 1495 3086 ¹)
1519 3047 1696 3086 utrumque
1712 3054 1805 3076 suum
1827 3043 1982 3087 perficere
1998 3044 2106 3086 ipsum
2122 3046 2155 3077 et
2173 3045 2286 3083 (etiam
2301 3045 2365 3086 1¹¹)

1290 3089 1374 3122 citra
1397 3089 1646 3122 constantinum
1669 3088 1833 3130 gloriosae
1855 3088 2030 3121 memoriae
2054 3098 2155 3130 quam
2179 3090 2291 3131 (quem
2302 3089 2366 3131 12¹)

1289 3134 1331 3166 ad
1354 3133 1409 3174 (ad
1429 3146 1488 3167 om.
1510 3134 1559 3174 V)
1583 3134 1644 3166 hos
1667 3135 1834 3175 tamquam
1857 3133 1968 3166 locum
1995 3135 2028 3166 et
2051 3135 2230 3175 (tamquam
2253 3134 2296 3168 ad
2317 3134 2367 3167 lo-

1290 3189 1365 3211 cum
1394 3178 1495 3222 vulq.)
1529 3178 1731 3211 alienantem
1765 3178 1948 3220 proastium
1977 3185 2032 3212 cet.
2069 3178 2262 3222 corruptela
2292 3187 2367 3213 orta

1289 3225 1417 3257 videtur
1438 3235 1584 3256 versuum
1607 3225 1691 3257 serie
1715 3224 1748 3256 in
1772 3224 1946 3267 archetypo
1965 3225 2116 3256 turbata:
2139 3231 2174 3257 ut
2188 3236 2257 3258 cum
2271 3236 2367 3258 verus

1289 3270 1455 3301 verborum
1479 3269 1558 3301 ordo
1582 3267 1686 3301 esset¹
1710 3286 2157 3293 ———————
2180 3268 2265 3302 citra
2288 3279 2366 3302 con-

1289 3311 1473 3345 stantinum
1496 3311 1663 3355 gloriosae
1686 3312 1863 3345 memoriae
1883 3312 1888 3355 Ι
1911 3312 1925 3333 ²
1937 3322 1976 3345 ex
1992 3312 2182 3347 hominibus
2197 3314 2367 3356 tamquam

1289 3357 1400 3390 locum
1428 3356 1549 3390 habere
1580 3359 1613 3390 et
1644 3358 1717 3399 (del.
1743 3358 1775 3390 et
1784 3357 1814 3400 ?)
1845 3359 2024 3399 utrumque
2054 3368 2151 3390 snum
2183 3358 2364 3404 perficere}

1292 3402 1424 3444 ³neque
1443 3412 1517 3435 cum
1541 3401 1614 3444 lege
1637 3401 1852 3435 alexandrum
1882 3403 1993 3435 uirum
2016 3402 2292 3445 gloriosissimum
2314 3403 2366 3437 lo-

1291 3458 1366 3480 cum
1390 3447 1510 3480 habere
1533 3447 1575 3480 ad
1598 3447 1658 3480 has
1679 3448 1684 3489 Ι
1704 3448 1811 3490 ipsum
1828 3449 1861 3480 et
1875 3447 2077 3481 alienantem
2093 3449 2277 3490 proastium
2295 3456 2351 3483 cet.

1289 3504 1401 3526 versus
1420 3493 1436 3526 1
1463 3499 1491 3525 et
1507 3493 1527 3525 3
1546 3493 1644 3526 locum
1661 3493 1742 3526 inter
1759 3505 1794 3526 se
1809 3499 1974 3535 mutarent,
1990 3495 2088 3527 verba
2102 3493 2144 3526 ad
2160 3493 2219 3527 has
2236 3494 2293 3536 (ιε
2308 3494 2356 3528 ἐπ

1293 3532 1412 3579 αὐτὰς)
1437 3537 1543 3570 alieno
1569 3537 1636 3570 loco
1662 3538 1887 3579 insererentur,
1922 3538 2057 3581 denique
2075 3539 2171 3582 prior
2189 3551 2274 3583 pars
2296 3551 2366 3573 ver-

1291 3595 1344 3616 sus
1372 3584 1387 3617 1
1420 3582 1510 3615 hiatu
1541 3582 1725 3616 hauriretur
1756 3583 1803 3616 ita
1815 3584 1892 3626 jere
1915 3584 2116 3626 supplenda:
2141 3583 2295 3617 dicebant
2316 3583 2367 3617 lo-

1291 3637 1366 3660 cum
1387 3629 1391 3669 Ι
1411 3626 1516 3671 <fierit
1539 3636 1647 3668 neque
1667 3627 1753 3660 enim
1770 3627 1942 3660 decessisse
1959 3626 2056 3672 filiis>
2072 3628 2157 3662 citra
2170 3629 2226 3672 (0.st
2244 3631 2367 3671 742,15

1293 3673 1488 3705 testamento
1512 3671 1607 3714 citra)
2029 3674 2031 3677 ⁴

1970 3727 2041 3763 93*
