2618 4010
165 110 220 168 *IN
249 136 419 169 CURIAM
448 135 734 168 DEPUTANDIS

168 235 383 282 βουληθείη,
415 235 458 272 τὸ
490 234 530 271 δὲ
560 233 776 279 λειπόμενον
806 235 855 271 εἰς
886 233 949 271 τὰς
973 233 1024 281 μὴ
1045 234 1252 281 βουλευταῖς

169 282 231 326 τῆς
256 279 380 317 αὐτῶν
406 279 582 328 πατρίδος
610 281 849 329 γαμηθείσας,
884 277 906 326 ἢ
937 284 998 316 καὶ
1029 282 1078 317 εἰς
1105 282 1251 328 ἑτέρους,

171 325 308 371 δηλαδὴ
330 328 391 371 τῆς
413 331 566 372 νομίμου
588 331 716 372 μοίρας
739 323 920 362 κάκείναις
943 326 1090 363 πάντως
1110 325 1255 362 ἀποσω-

172 374 328 418 ζομένης.
375 372 415 424 εἶ’
429 370 470 407 δὲ
497 370 609 417 μήπω
639 371 768 420 γάμων
801 374 936 415 ἔτυχον,
969 373 1169 416 τηνικαῦτα
1193 374 1254 407 ἐπὶ

171 415 290 461 τούτῳ
315 419 370 462 τῷ
395 413 469 464 ὅρῳ
494 416 645 464 γράφειν
670 415 777 452 αὐτὰς
809 415 830 459 ἢ
854 417 936 452 τινὰ
959 417 981 462 ἢ
1005 416 1105 452 τινὰς
1129 418 1168 459 ἐξ
1194 415 1253 452 αὖ·

171 464 250 498 τῶν
279 463 328 497 εἰς
358 461 400 497 τὸ
428 462 662 510 ένναούγκιον
685 462 931 509 κληρονόμους,
962 459 1024 509 ἐφ’
1051 454 1082 507 ᾧ
1106 462 1255 499 πάντως

170 508 384 555 γαμηθῆναι
418 509 480 552 τῆς
515 507 622 551 αὐτῆς
657 506 795 544 πόλεως
829 507 1044 552 βουλευταῖς.
1093 506 1114 552 ἢ
1145 509 1177 543 εἰ
1205 508 1255 554 μὴ

169 554 278 588 τοῦτο
307 552 477 597 βούλεται
510 552 631 595 αὐτός,
662 552 683 597 ἢ
708 553 813 588 αὐτὸς
841 556 908 598 μὲν
937 551 1110 601 γράψειεν
1147 553 1187 588 αἱ
1215 552 1256 588 δὲ

169 595 235 633 οὐκ
259 595 485 641 ἀνάσχοιντο,
509 598 552 634 τὸ
572 602 640 644 μὲν
665 599 899 680 ἐνναοτίξικιον
923 601 984 633 ἐπὶ
1004 598 1046 633 τὸ
1067 597 1254 643 βουλευτή-

1264 119 1342 168 251

1890 122 1998 168 Nov.
2028 122 2258 166 XXXVIII
2289 125 2414 165 4-6

1324 235 1507 271 residuum
1543 236 1661 270 autem
1697 233 1747 270 eis
1781 244 1874 280 quae
1911 246 1982 271 non
2017 235 2212 271 curialibus
2246 245 2312 280 pro
2339 234 2415 270 riae

1324 281 1465 326 patriae
1489 281 1624 326 nuptae
1646 279 1776 326 (sunt),
1809 281 1864 315 vel
1891 285 1988 316 certe
2018 281 2113 323 aliis,
2147 280 2275 326 procul
2330 280 2414 316 ubio

1323 326 1480 371 legitima
1503 325 1671 371 portione
1695 329 1732 360 et
1755 326 1806 361 eis
1833 326 1976 361 omuino
2003 326 2229 361 reservanda.
2279 325 2415 370 Quodsi

1323 372 1478 407 necdum
1511 374 1646 416 nuptae
1676 371 1758 413 sint,
1791 374 1879 406 tunc
1904 372 1971 407 sub
1996 371 2062 407 tali
2093 371 2300 406 definitione
2325 371 2414 407 scri-

1292 422 1309 452 5
1324 418 1479 452 bendum
1503 420 1560 453 est
1582 417 1627 452 de
1650 416 1706 452 his
1731 417 1796 451 aut
1815 417 1994 461 quandam
2015 420 2079 452 aut
2100 417 2273 461 quasdam
2299 427 2343 452 ex
2361 416 2414 452 eis

1323 463 1359 498 in
1391 473 1517 499 novem
1548 461 1665 498 unciis
1697 471 1775 497 esse
1807 462 1974 503 heredes,
2008 462 2176 506 quatinus
2210 462 2413 497 omnimodo

1325 508 1466 543 nubant
1489 508 1648 544 eiusdem
1673 507 1825 543 civitatis
1847 507 2055 542 curialibus.
2101 506 2235 550 Quodsi
2253 508 2322 543 hoc
2339 517 2413 542 non

1325 554 1492 597 voluerit,
1526 557 1590 588 aut
1612 552 1690 598 ipse
1720 552 1861 598 quidem
1892 553 2093 597 scripserit,
2128 552 2209 587 illae
2232 563 2315 587 vero
2340 562 2414 587 non

1325 599 1550 643 pertulerint,
1575 609 1701 634 novem
1718 598 1846 633 unciae
1871 597 2013 642 quidem
2037 598 2083 632 ad
2104 598 2239 632 curiam
2261 597 2413 633 civitatis

172 656 252 697 ριρν
275 644 337 686 τῆς
358 642 496 679 πόλεως
520 645 696 698 ἐρχέσθω,
720 644 763 700 ‘cp
809 646 826 678 ὲ
846 643 1050 691 τριούγκιον
1072 642 1187 689 μόνον
1207 646 1256 679 εἰς
1273 648 1312 680 10
1326 645 1480 687 veniant,
1506 647 1580 680 tres
1606 647 1726 679 autem
1749 643 1878 679 unciae
1901 643 2147 678 tantummodo
2174 643 2266 677 inter
2291 652 2413 677 omnes

170 700 232 723 τας
255 686 373 723 πάσας
395 687 490 723 καθ’
517 703 630 736 ονπερ
661 704 680 724 o
704 702 812 734 νομος
844 687 1014 733 βούλεται
1043 690 1254 736 μεριζέσθω

169 732 319 780 τρόπον,
343 735 383 768 ἐν
403 734 498 782 λόγῳ
523 739 582 770 καὶ
607 737 685 770 τῶν
701 736 866 782 προικῶν
890 731 1015 769 αὐταῖς
1037 738 1254 780 γινομένων.

1326 690 1523 724 secundum
1548 700 1651 734 quem
1675 689 1732 724 lex
1753 689 1828 723 vult
1849 688 2053 723 dividantur
2071 689 2225 732 modum,
2251 688 2414 724 deductis

1325 735 1363 770 in
1387 736 1525 771 ratione
1550 735 1656 770 etiam
1681 734 1825 770 dotibus
1850 744 1986 769 earum,

1178 892 1335 929 CAPUT
1355 892 1400 929 V.

215 973 261 1007 Εἰ
285 971 326 1008 δὲ
349 971 491 1020 ἄρρενες
513 986 553 1008 τε
577 975 637 1007 καὶ
660 970 806 1016 θήλειαι
831 972 1104 1016 καθεστήκοιεν,
1129 971 1166 1006 οἱ
1187 974 1253 1017 μὲν

169 1015 312 1064 ἄρρενες
343 1018 492 1054 πάντως
521 1016 589 1062 τὴν
621 1015 788 1062 ἡμίσειαν
819 1019 1003 1060 ἐχέτωσαν
1024 1020 1166 1072 (μοῖραν
1194 1018 1256 1061 τῆς

1370 970 1503 1015 Quodsi
1525 972 1677 1007 masculi
1699 975 1734 1008 et
1753 972 1906 1007 feminae
1930 971 2074 1015 fuerint,
2099 971 2250 1007 masculi
2272 972 2415 1016 quidem

1326 1016 1526 1051 omnimodo
1563 1018 1788 1053 substantiae
1822 1017 1975 1053 mediam
2011 1018 2170 1053 habeant
2199 1017 2412 1062 portionem,

169 1068 385 1107 περιουσίας,
405 1064 445 1099 αἱ
464 1063 503 1099 δὲ
523 1061 669 1106 θήλειαι
689 1062 756 1117 τὴν
777 1060 993 1118 λειπομένην
1014 1066 1190 1106 ημίσειαν,
1214 1059 1255 1096 οὗ
1273 1065 1311 1097 15
1325 1062 1478 1097 feminae
1507 1072 1592 1097 vero
1625 1063 1803 1098 residuam
1833 1063 2001 1106 mediam,
2032 1074 2105 1098 non
2134 1063 2310 1107 integram
2336 1064 2414 1108 qui-

172 1108 315 1143 τελείαν
337 1112 480 1154 μέντοι·
512 1107 670 1143 δώσουσι
692 1121 760 1155 γαρ
785 1111 892 1142 αυταὶ
916 1122 958 1142 τυ
982 1111 1158 1154 τέταρτον
1182 1111 1256 1142 τοῖς

170 1153 402 1196 βουλεύουσιν
425 1153 599 1201 ἀδελφοῖς,
624 1152 718 1196 πλὴν
742 1153 774 1186 εἰ
795 1151 844 1198 μὴ
867 1152 1074 1197 βουλευτῶν
1099 1153 1170 1188 εἶεν
1193 1166 1255 1200 γα-

169 1203 277 1242 μεταὶ
301 1202 416 1235 πᾶσαι
447 1198 469 1243 ἢ
489 1201 583 1234 τινὲς
615 1198 654 1239 ἐξ
678 1195 812 1232 αὐτῶν.
859 1199 891 1232 εἰ
913 1197 981 1245 γὰρ
1005 1199 1053 1233 εἰς
1075 1197 1257 1233 τοιούτους

172 1243 319 1279 ἔλθοιεν
349 1244 480 1293 γάμους
508 1247 568 1279 καὶ
597 1242 804 1287 βουλευταῖς
836 1245 897 1287 τῆς
928 1245 1059 1278 οἰκείας
1083 1242 1258 1290 πατρίδος

1326 1106 1423 1141 dem:
1457 1107 1596 1143 dabunt
1624 1118 1778 1152 namque
1799 1109 1901 1154 ipsae
1926 1112 2090 1154 quartam
2110 1111 2249 1153 partem
2271 1108 2414 1143 curiali-

1326 1152 1393 1187 bus
1415 1151 1600 1196 fratribus‚
1627 1153 1658 1188 si
1682 1157 1898 1189 tamennon
1919 1154 2053 1189 fuerint
2073 1154 2259 1189 curialium
2282 1164 2414 1190 uxores

1327 1207 1448 1233 omnes
1481 1201 1544 1233 aut
1578 1198 1754 1243 quaedam
1779 1209 1822 1234 ex
1855 1200 1916 1234 eis.
1964 1199 2100 1243 Quodsi
2133 1199 2179 1234 ad
2212 1199 2302 1235 tales
2332 1210 2414 1244 per-

1326 1242 1486 1278 venerint
1506 1244 1654 1287 nuptias
1679 1247 1716 1279 et
1740 1244 1935 1280 curialibus
1966 1245 2135 1290 propriae
2158 1244 2333 1289 (patriae)
2356 1245 2413 1279 fu-

172 1290 369 1333 ζευχθεῒεν,
393 1291 591 1332 τηνικαῦτα
617 1285 984 1335 ἐλευθερωθήσονται
1005 1290 1066 1332 τῆς
1084 1288 1257 1335 τετάρτης
1271 1291 1312 1323 20
1327 1288 1418 1323 erint
1438 1289 1608 1328 sociatae,
1630 1291 1717 1324 tunc
1738 1290 1985 1324 liberabuntur
2006 1300 2027 1324 a
2044 1294 2172 1334 quarta
2197 1290 2331 1331 curiae,
2357 1292 2415 1325 ut-

168 1339 312 1380 μοίρας,
345 1334 401 1370 οἶα
427 1334 597 1370 δοκοῦσαι
620 1337 680 1367 καὶ
706 1330 812 1368 αὐταὶ
838 1332 897 1368 διὰ
921 1336 999 1368 τῶν
1018 1332 1165 1381 ἀνδρῶν
1190 1337 1257 1370 ἕως

170 1384 324 1426 περίεισι
354 1384 443 1425 μετέ
462 1394 516 1415 ειν
544 1381 608 1413 τοῦ
635 1377 940 1426 λειτουργήματος.
1009 1381 1128 1414 Ταῦτα
1159 1377 1256 1425 ἡμεῖς

171 1426 420 1470 νομοθετῆσαι
439 1395 518 1460 δεῖν
539 1422 727 1470 ᾠήθημεν,
757 1422 821 1468 οὐχ
847 1423 935 1459 α’)’ςτε
951 1421 1154 1470 ἀφελέσθαι
1174 1425 1256 1460 τοὺς

169 1468 391 1517 ἀνθρώπους
423 1473 485 1515 τῆς
514 1471 593 1506 τῶν
624 1472 768 1504 οἰκείων
801 1469 1024 1514 διοικήσεως,
1056 1468 1139 1505 ἀλλ’
1168 1468 1256 1506 ὥςτε

1325 1337 1410 1379 pote
1441 1344 1532 1378 quae
1563 1334 1727 1370 videntur
1760 1337 1798 1370 et
1828 1335 1928 1380 ipsae
1959 1345 2023 1380 per
2054 1336 2148 1370 viros
2185 1346 2269 1371 suos
2300 1336 2414 1371 donec

1325 1384 1520 1424 supersunt
1559 1390 1637 1415 esse
1675 1381 1871 1425 participes
1910 1380 2146 1416 functionum.
2212 1381 2313 1416 Haec
2346 1391 2413 1416 nos

1325 1425 1467 1460 sancire
1500 1428 1666 1471 oportere
1696 1426 1972 1467 aestimavimus,
2003 1437 2074 1460 non
2108 1436 2177 1470 quo
2206 1427 2413 1462 auferamus

1324 1470 1528 1507 hominibus
1554 1472 1779 1516 propriarum
1804 1482 1924 1506 rerum
1949 1471 2261 1516 dispensationem,
2287 1472 2350 1507 sed
2375 1475 2416 1506 ut

168 1514 230 1550 τὰς
266 1514 386 1551 πόλεις
416 1516 466 1561 μὴ
496 1515 640 1551 τελείως
671 1517 950 1570 ἐξερημωθῆναι
986 1515 1130 1560 βουλῆς,
1166 1514 1257 1561 μηδὲ
1270 1518 1310 1550 25
1326 1516 1488 1551 civitates
1519 1527 1591 1552 non
1620 1517 1658 1551 in
1682 1517 1861 1560 integrum
1893 1517 2075 1552 desolatae
2108 1517 2228 1552 curiae
2253 1527 2414 1552 remane-

170 1566 370 1608 περινοίαις
398 1566 497 1597 τισὶν
529 1563 615 1596 ἴσως
643 1565 702 1596 καὶ
732 1564 902 1606 ασεβέσιν
932 1560 1180 1596 ἐλαττοῦσθαι
1209 1562 1254 1596 τὰ

169 1605 412 1653 βουλευτήρια.
459 1608 654 1654 τοιγαροῦν
684 1606 872 1651 ἐμάθομέν
902 1618 1001 1641 τινας
1032 1611 1093 1641 καὶ
1122 1607 1254 1655 ἀπηγο-

169 1654 357 1696 ρευμένους
387 1654 441 1697 τῷ
474 1653 575 1697 νόμῳ
609 1651 868 1687 συναλλάττειν
898 1651 1046 1700 γάμους,
1079 1649 1168 1688 ὥςτε
1201 1655 1256 1687 έν-

168 1698 304 1732 τεῦθεν
334 1697 390 1753 μὴ)
414 1702 580 1744 γνησίους
617 1695 705 1732 ἀλλὰ
740 1696 874 1732 νόθους
907 1695 1026 1733 αὐτοῖς
1060 1699 1256 1733 τίκτεσθαι

1325 1565 1406 1597 rent
1429 1572 1545 1614 neque
1568 1562 1880 1598 adinventionibus
1905 1563 2118 1608 quibusdam
2142 1562 2266 1597 forsan
2291 1567 2327 1597 et
2349 1563 2414 1597 im-

1325 1607 1394 1651 piis
1408 1607 1699 1643 demlnuerentur
1714 1609 1844 1644 curiae.
1877 1606 2040 1654 Denique
2062 1607 2290 1650 cognovimus
2307 1619 2413 1653 quos-

1326 1653 1407 1687 dam
1430 1652 1639 1689 interdictas
1670 1654 1746 1699 lege
1770 1653 1983 1689 contrahere
2013 1653 2177 1698 nuptias,
2213 1656 2253 1688 ut
2277 1663 2320 1688 ex
2345 1654 2414 1689 hoc

1325 1709 1397 1733 non
1418 1698 1582 1743 legitimi,
1608 1699 1671 1734 sed
1695 1699 1879 1735 naturales
1904 1698 1968 1734 filii
1992 1700 2238 1744 procreentur,
2265 1701 2301 1734 et
2325 1699 2414 1744 ipsis

170 1740 316 1784 παῖδας,
349 1748 522 1778 κακείνοις
546 1742 662 1786 δῆθεν
687 1740 735 1777 ὠς
759 1743 940 1784 έξωτικοῒς
968 1741 1256 1788 καταλιμπάνειν
1271 1747 1311 1779 30
1326 1754 1449 1779 revera
1486 1747 1612 1788 utpote
1648 1745 1826 1780 extraneis
1857 1744 2059 1790 relinquere
2094 1748 2130 1780 et
2161 1743 2215 1779 Sic
2244 1744 2414 1781 fraudare

169 1791 228 1821 nai
259 1785 373 1823 οὕτως
407 1787 623 1835 ἀποστερεῖν
658 1787 725 1832 τὴν
759 1787 894 1833 βουλὴν
929 1790 991 1832 τῆς
1025 1786 1257 1834 ὀφειλομένης

171 1830 260 1882 αὐτῇ
285 1838 498 1882 περιουσίας.

1328 1789 1464 1824 curiam
1489 1790 1611 1825 debita
1636 1790 1821 1826 facultate.

1169 1947 1328 1985 CAPUT
1352 1948 1414 1985 VI.

222 2026 377 2063 Κάκεῖνό
406 2040 447 2075 γε
474 2026 546 2072 μὴν
577 2026 617 2068 ἐξ
641 2024 748 2070 αὐτῆς
773 2024 936 2072 εὑρόντες
967 2027 1027 2070 τῆς
1052 2031 1177 2074 πείρας
1210 2024 1257 2063 αἶς

170 2072 264 2108 κατὰ
292 2074 370 2108 τῶν
401 2071 668 2119 βουλευτηρίων
699 2076 857 2119 γίνεται,
891 2074 951 2106 καὶ
981 2071 1108 2107 πολλοὶ
1139 2071 1256 2116 δῆθεν

1372 2027 1444 2063 Sed
1469 2031 1504 2064 et
1527 2028 1615 2063 illud
1641 2028 1748 2080 etia-m
1773 2038 1818 2064 ex
1840 2028 1920 2073 ipso
1947 2027 2143 2080 reperimus
2172 2029 2414 2074 experimento

1325 2073 1422 2118 quod
1445 2074 1616 2109 adversus
1643 2084 1779 2110 curiam
1803 2073 1861 2108 fit:
1896 2072 1998 2107 multi
2023 2083 2128 2117 quasi
2160 2074 2319 2110 dicentes
2351 2078 2415 2111 aut

215 2200 286 2231 cop.
306 2190 326 2222 6
348 2188 553 2221 summarium
578 2187 675 2220 habet
699 2193 856 2219 tractatus
881 2187 963 2231 περὶ
989 2183 1177 2232 διαφόρων
1201 2181 1508 2231 ἀναγνωσμάτων
1533 2186 1554 2229 ξ
1577 2189 1611 2219 11
1638 2200 1672 2229 p.
1690 2189 1754 2220 194
1781 2187 1907 2220 Heimb.
1934 2199 1973 2219 ex
1997 2187 2118 2220 Athon.

171 2321 350 2365 reliquum
381 2322 436 2354 est
467 2317 511 2353 iis
542 2328 637 2363 quae
667 2328 743 2353 non
772 2321 975 2364 nupserunt
1005 2317 1205 2354 curialibus
1231 2317 1381 2364 patriae
1411 2328 1519 2359 suae,
1557 2318 1613 2354 vel
1641 2318 1750 2354 etiam
1779 2318 1881 2361 aliis,
1912 2317 2082 2353 nimirum
2114 2318 2275 2365 leqitima
2302 2323 2414 2366 parte

177 2367 284 2403 etiam
307 2367 382 2403 illis
406 2368 551 2403 omnino
575 2370 730 2403 servata.
774 2365 912 2410 Quodsi
934 2367 1094 2402 nondum
1117 2371 1255 2412 nuptae
1274 2367 1359 2410 sint,
1386 2371 1471 2403 tunc
1493 2367 1559 2403 sub
1584 2379 1627 2403 ea
1648 2367 1860 2402 condicione
1882 2377 1945 2401 eas
1968 2366 2025 2402 vel
2044 2376 2154 2401 unam
2173 2366 2231 2403 vel
2252 2367 2408 2402 nonnul-

171 2417 228 2450 las
257 2425 383 2451 earum
428 2415 466 2449 in
489 2424 616 2450 novem
639 2414 767 2449 uncias
791 2413 940 2449 heredes
962 2414 1099 2449 scribat
1130 2417 1172 2449 ut
1195 2413 1341 2448 omnino
1366 2413 1567 2450 curialibus
1599 2414 1757 2451 eiusdem
1781 2413 1881 2450 urbis
1905 2413 2065 2450 nubant:
2100 2418 2165 2450 aut
2187 2416 2223 2450 si
2244 2415 2312 2451 hoe
2334 2417 2414 2463 ipse

173 2461 278 2504 nolit,
309 2461 384 2496 sive
405 2459 485 2506 ipse
514 2458 656 2505 quidem
680 2459 879 2506 scripserit,
912 2458 998 2494 illae
1027 2469 1111 2494 vero
1142 2463 1362 2505 aspernatae
1384 2459 1468 2501 sint,
1499 2470 1626 2495 novem
1655 2461 1784 2495 unciae
1812 2458 1862 2494 ad
1891 2459 2032 2495 curiam
2063 2459 2223 2496 civitatis
2255 2462 2412 2505 veniant,

174 2511 247 2543 tres
270 2516 355 2542 vero
380 2505 509 2540 unciae
531 2504 632 2539 solae
660 2504 756 2540 inter
781 2514 904 2540 omnes
927 2503 1226 2550 quemadmodum
1256 2503 1319 2540 lex
1349 2503 1424 2540 vult
1448 2503 1727 2548 distribuantur,
1759 2504 1905 2540 dotibus
1927 2515 2074 2551 quoque
2097 2515 2222 2540 earum
2254 2506 2293 2541 in
2316 2517 2412 2542 eom-

169 2555 299 2599 putum
323 2550 470 2587 vocatis.
1617 2572 1620 2575 ι

296 2606 340 2642 V.
382 2605 424 2642 Si
439 2616 524 2642 vero
546 2608 581 2642 et
599 2605 751 2641 masculi
771 2608 808 2642 et
821 2605 986 2658 feminae
1007 2605 1091 2648 sint,
1116 2605 1268 2641 maseuli
1291 2605 1436 2652 quidem
1461 2606 1606 2642 omnino
1629 2604 1814 2641 dimidiam
1831 2609 1979 2652 partem
1999 2605 2226 2642 substantiae
2245 2606 2411 2651 habeant,

170 2652 331 2699 feminae
368 2662 451 2687 vero
485 2650 664 2697 reliquam
699 2650 904 2693 dimidiam,
939 2661 1005 2687 nee
1037 2656 1154 2686 tamen
1186 2650 1388 2697 inteqram:
1422 2650 1561 2688 dabunt
1589 2650 1682 2687 enim
1694 2650 1819 2731 Αἶρε-αθ
1855 2655 2025 2697 quartam
2056 2654 2201 2698 partem
2229 2652 2414 2697 fratribus

172 2696 381 2739 curialibus,
406 2696 478 2731 nisi
500 2695 691 2732 curialium
715 2707 855 2732 uxores
877 2696 951 2732 sint
972 2696 1047 2732 sive
1071 2707 1193 2732 omnes
1212 2696 1287 2731 sive
1307 2696 1506 2733 nonnullae
1523 2707 1660 2733 earum.
1730 2707 1788 2730 am
1812 2695 1845 2731 si
1869 2696 1919 2731 ad
1938 2696 2116 2732 eiusmodi
2137 2698 2286 2743 nuptias
2311 2709 2413 2734 vene-

172 2743 249 2779 rint
271 2746 308 2779 et
330 2741 528 2778 curialibus
549 2741 697 2788 patriae
715 2752 804 2777 suae
820 2741 1051 2777 matrimonio
1074 2742 1289 2777 coniunctae
1312 2741 1396 2783 sint,
1422 2745 1495 2776 tum
1518 2752 1541 2776 a
1563 2744 1697 2788 quarta
1713 2744 1826 2788 parte
1845 2741 1969 2777 danda
1988 2741 2251 2785 liberabuntur,
2277 2743 2414 2790 quippe

172 2799 267 2835 quae
290 2792 327 2824 et
347 2788 450 2834 ipsae
468 2798 541 2833 per
563 2786 714 2822 maritos
737 2786 852 2823 donee
874 2787 1088 2834 superstites
1116 2790 1203 2822 sunt
1225 2786 1384 2821 muneris
1440 2786 1613 2833 artioipes
1642 2797 1719 2822 esse
1738 2786 1940 2822 videantur.
1997 2786 2102 2823 Haec
2125 2797 2192 2822 nos
2214 2788 2413 2824 sancienda

172 2833 475 2874 existimavimus,
509 2843 582 2868 non
639 2843 686 2867 uo
709 2830 872 2868 homines
890 2832 1132 2879 propriorum
1157 2831 1334 2867 bonorum
1365 2842 1388 2867 a
1414 2831 1680 2867 ministratione
1707 2831 1905 2878 privemus,
1937 2831 2002 2867 sed
2031 2843 2076 2868 ne
2105 2832 2270 2868 civitates
2300 2834 2413 2869 curiis

171 2879 282 2926 plane
299 2878 484 2920 orbentur,
509 2888 579 2912 neu
597 2843 701 2923 ἦκτο
724 2877 832 2913 etiam
852 2878 973 2923 impiis
990 2876 1188 2923 fraudibus
1204 2875 1418 2923 quibusdam
1441 2877 1565 2912 euriae
1582 2876 1840 2912 diminuantur.
1890 2876 1988 2912 Sane
2009 2878 2214 2924 accepimus
2233 2878 2412 2924 quosdam

173 2924 282 2959 etiam
307 2923 386 2969 leqe
402 2922 614 2974 prohibitas
644 2923 794 2969 nuptias
818 2921 1046 2965 contrahere,
1079 2926 1120 2958 ut
1143 2922 1225 2958 inde
1248 2922 1294 2956 iis
1324 2932 1399 2956 non
1423 2921 1575 2967 leqitimi
1598 2921 1663 2957 sed
1684 2921 1874 2957 naturales
1898 2922 2005 2959 liberi
2025 2926 2238 2966 nascantur,
2268 2923 2413 2970 illisque

175 2974 359 3015 tamquam
382 2970 571 3004 extraneis
593 2966 800 3013 relinquere
824 2971 932 3014 atque
953 2967 1007 3003 ita
1032 2968 1169 3003 curiam
1193 2966 1396 3003 substantia
1419 2977 1514 3012 quae
1538 2967 1571 3001 ei
1595 2965 1745 3002 debetur
1767 2967 1926 3013 privare.

298 3024 359 3060 VI.
397 3022 559 3061 Ceterum
577 3023 670 3060 illud
686 3034 832 3070 quoque
852 3026 982 3060 contra
1003 3024 1127 3059 curias
1145 3024 1228 3069 fieri
1249 3034 1298 3058 ex
1317 3022 1400 3069 ipso
1414 3032 1482 3057 usu
1495 3023 1650 3069 experti,
1670 3023 1803 3059 multos
1814 3023 1953 3060 scilicet
1971 3023 2130 3061 dicentes
2147 3023 2223 3061 sive
2237 3026 2413 3062 tamiacae

222 3170 242 3203 2
262 3165 413 3203 *αὐτῶν
435 3169 491 3213 (cf
506 3180 526 3206 ς
539 3171 672 3213 etinfta
683 3183 714 3203 υ.
732 3171 798 3211 19)]
823 3165 932 3203 αὐτοῦ
945 3170 1018 3204 ML
1043 3168 1057 3214 11
1078 3169 1256 3215 γαμηθεί-

175 3225 240 3248 σας
264 3227 323 3248 om.
337 3215 369 3247 L
395 3213 407 3258 ΙΙ
436 3216 454 3247 3
479 3217 632 3258 νομίμου
646 3214 703 3255 Μ]
725 3214 872 3258 νομικῆς
895 3215 927 3248 L
952 3214 965 3260 ΙΙ
995 3217 1017 3250 4
1040 3216 1103 3250 ἐπὶ
1126 3214 1256 3259 τούτῳ]

177 3260 238 3293 sub
259 3259 320 3292 tali
337 3270 356 3297 ς
371 3258 383 3303 ΙΙ
403 3262 423 3293 6
446 3255 506 3304 ἐφ’
532 3250 585 3292 ὧν
602 3256 754 3293 πάντων
767 3260 815 3293 L¹
831 3259 843 3303 ΙΙ
862 3261 883 3294 8
905 3257 1010 3294 αὐτὸς
1024 3262 1118 3304 prius
1139 3274 1195 3294 om.
1209 3273 1228 3298 ς
1248 3260 1259 3306 ΙΙ

175 3302 352 3352 γράφοιεν
377 3305 418 3337 Μ
433 3303 446 3348 ΙΙ
473 3306 510 3339 11
539 3301 558 3337 ὁ
580 3300 699 3348 νόμος]
724 3302 863 3349 νόμονῖ
885 3317 967 3348 ρονν.
982 3304 1030 3339 L²
1054 3305 1067 3350 ΙΙ
1095 3308 1134 3340 12
1157 3318 1258 3352 γενο-

175 3350 343 3386 ιιένωνΕ
360 3349 373 3394 ΙΙ
403 3352 440 3384 16
463 3350 599 3392 μέντοι]
625 3350 759 3391 quidem
781 3361 800 3386 ς
815 3349 828 3394 ΙΙ
857 3349 1022 3403 ατῖξταιΜ
1038 3349 1051 3395 ΙΙ
1079 3353 1119 3386 18
1143 3351 1187 3393 εἰ]
1212 3351 1260 3386 εἰς

177 3395 254 3440 L¹ss
285 3398 328 3430 20
352 3395 414 3438 τῆς
438 3407 477 3428 τε
500 3392 672 3440 τετάρτης
691 3396 721 3428 L
746 3395 757 3435 ss
786 3396 825 3428 21
855 3406 962 3428 αυται
974 3396 1063 3429 ML¹
1093 3396 1105 3438 ΙΙ
1133 3398 1173 3431 27
1199 3398 1260 3430 καὶ

178 3454 237 3474 om.
252 3452 271 3476 ς
286 3441 297 3484 ΙΙ
316 3438 631 3486 ἆπηγορευμέναςῗ
645 3440 694 3473 L²
711 3438 724 3484 ss
749 3441 791 3474 29
806 3436 925 3474 αὐτοῖς
936 3453 993 3474 om.
1009 3451 1029 3477 ς
1044 3440 1056 3485 ΙΙ
1083 3442 1126 3476 33
1140 3438 1259 3488 εὗρόν·

177 3487 245 3527 τες]
270 3486 453 3530 reperimus
478 3497 498 3522 ς
524 3484 536 3530 ΙΙ
566 3485 609 3519 34
632 3486 692 3518 καὶ
716 3498 774 3519 om.
789 3497 808 3522 ς

1327 3173 1347 3205 6
1372 3170 1488 3204 uncias
1510 3170 1597 3213 ναῖς.
1616 3167 1629 3213 ΙΙ
1651 3170 1670 3203 ’1
1695 3168 1881 3202 curialibus
1901 3169 2051 3203 ciuitatis
2072 3169 2128 3214 Vn
2155 3172 2234 3214 7sq.
2259 3181 2327 3203 non
2351 3181 2412 3205 uo-

1326 3216 1429 3249 luerit
1451 3215 1495 3257 V]
1509 3214 1657 3248 uoluerit
1671 3215 1704 3248 T
1717 3214 1866 3247 noluerit
1880 3215 1973 3248 Beck
1989 3213 2001 3260 ΙΙ
2021 3217 2040 3249 8
2054 3217 2125 3256 aut]
2140 3217 2179 3247 ut
2199 3214 2254 3260 Vfl
2267 3213 2412 3260 ’scripse-

1327 3262 1397 3294 rint
1418 3260 1474 3304 Vl]
1492 3263 1511 3295 9
1525 3259 1702 3303 pertulerit
1722 3260 1779 3303 Vl]
1799 3262 1838 3294 10
1852 3260 1990 3292 veniant
2010 3260 2109 3304 vulq]
2132 3261 2269 3292 uenient
2284 3262 2413 3302 (ueniet

1329 3307 1376 3347 T)
1403 3307 1481 3339 libri
1504 3304 1516 3349 ΙΙ
1546 3307 1582 3339 11
1610 3306 1719 3347 quem]
1743 3315 1807 3347 que
1834 3305 1868 3338 V
1886 3303 1899 3349 ΙΙ
1924 3304 2122 3337 diuiduntur
2143 3306 2188 3347 V]
2210 3305 2369 3340 uidentur
2384 3307 2417 3342 T

1327 3352 1432 3386 Neob.
1459 3350 1652 3383 dividentur
1675 3350 1762 3395 vulq.
1786 3349 1799 3394 ΙΙ
1829 3351 1869 3384 12
1894 3350 2057 3383 rationem
2082 3351 2168 3394 vuly.
2187 3349 2202 3395 ΙΙ
2224 3350 2329 3384 doctis
2349 3352 2386 3387 V
2402 3351 2414 3396 ΙΙ

1331 3398 1372 3431 14
1395 3395 1520 3429 habent
1550 3395 1585 3430 V
1607 3392 1620 3439 ΙΙ
1651 3397 1691 3430 16
1714 3395 1818 3438 ipsae]
1845 3405 1983 3438 persone
2016 3395 2050 3429 V
2069 3394 2082 3438 ΙΙ
2117 3397 2155 3429 19
2179 3396 2308 3439 patriae
2332 3398 2412 3432 add.

1328 3442 1412 3486 vulq.
1431 3441 1487 3485 (cf.
1511 3453 1541 3475 v.
1563 3441 1657 3484 lsq.)
1685 3441 1690 3483 Ι
1728 3443 1771 3475 20
1795 3441 1919 3481 curiae]
1944 3442 2039 3483 parte
2062 3441 2148 3484 vulq.
2173 3440 2186 3484 l]
2209 3443 2328 3485 utpute
2351 3442 2413 3485 Vn

1329 3489 1369 3521 21
1389 3486 1566 3519 videantur
1589 3486 1675 3530 vulq.
1702 3484 1707 3530 Ι
1730 3485 1800 3528 ipsa
1821 3485 1876 3530 Vl]
1904 3487 1945 3520 23
1971 3485 2205 3519 extimauimus
2228 3497 2297 3521 non
2322 3488 2412 3530 quod

1332 3533 1363 3566 T
1376 3531 1388 3576 Η
1407 3533 1450 3566 24
1464 3531 1712 3573 dispositionem
1729 3532 1961 3575 Osenbriiqqen
1980 3529 1992 3575 ΙΙ
2009 3532 2050 3565 25
2064 3531 2101 3563 in
2114 3531 2280 3575 integrum
2293 3533 2411 3574 Neob.]

1330 3578 1499 3619 integrum
1521 3576 1555 3611 V
1570 3576 1699 3618 integre
1712 3578 1800 3620 vuly.
1820 3575 1833 3620 [Ι
1849 3575 2025 3618 desolatae]
2042 3576 2120 3609 dare
2140 3589 2208 3611 cum
2222 3586 2307 3622 spat.
2322 3580 2411 3613 4-5

1331 3624 1385 3656 litt.
1410 3621 1526 3664 71126
1550 3621 1721 3654 cuiusdam
1748 3622 1824 3655 libri
1840 3620 1852 3665 ΙΙ
1869 3622 1910 3655 27
1937 3621 2167 3655 deminuerent
2193 3623 2249 3667 Tu
2268 3623 2411 3665 quodam

182 3665 201 3699 3
216 3666 248 3698 et
259 3667 395 3699 omnino
409 3666 439 3699 ei
458 3665 513 3711 Vl]
532 3665 724 3699 *reseruans
739 3667 824 3707 libri,
838 3667 1003 3699 reservata
1017 3666 1110 3700 Beck
1120 3665 1133 3712 ΙΙ
1144 3668 1261 3710 quodsi
1339 3666 1401 3743 Vi]
1431 3669 1473 3702 30
1501 3668 1618 3710 utpute
1650 3667 1685 3701 V
1705 3667 1718 3710 ΙΙ
1746 3669 1788 3701 34
1812 3666 1850 3699 fit
1870 3666 1915 3707 V]
1948 3666 1992 3699 sit
2017 3667 2162 3701 TNeob.
2194 3668 2263 3701 sint
2286 3670 2373 3712 vulq.
2399 3667 2412 3711 11

181 3709 334 3752 necdum]
359 3711 447 3753 quod
471 3712 542 3744 sine
568 3712 709 3744 duorum
731 3711 790 3756 Vl]
818 3714 837 3746 5
863 3711 916 3744 his
937 3711 983 3753 V]
1009 3711 1056 3744 eis
1081 3711 1114 3745 T
1122 3712 1226 3747 Neob.
1250 3717 1263 3758 ΙΙ
1331 3712 1429 3746 muti
1450 3713 1497 3754 V]
1524 3725 1583 3745 om.
1599 3712 1742 3746 TNeob.
1770 3711 1782 3755 11
1808 3712 1955 3744 dicentes
1978 3712 2072 3754 quasi
2090 3711 2126 3745 V

2078 3779 2143 3815 32*

226 3621 243 3654 1
269 3622 350 3662 non]
375 3631 466 3654 nunc
491 3622 569 3655 libri
593 3620 605 3664 ΙΙ
637 3622 656 3655 2
679 3620 831 3663 patribus
851 3620 887 3654 V
909 3619 922 3664 ΙΙ
947 3621 1027 3654 sunt
1049 3622 1226 3666 adavutq.
1251 3622 1261 3666 Η
