2618 4010
169 157 484 190 HELENOPONTI

167 257 385 302 καλουμένη,
413 255 658 301 Ἀρχαιόπολίς
686 269 727 291 τε
756 253 819 291 καί
846 253 1060 299 Ῥοδόπολις,
1094 253 1247 303 φρούριά

169 317 208 338 τε
229 306 380 350 μέγιστοι
403 306 463 337 καὶ
487 300 625 349 ἀρχαῖα.
674 302 714 335 ἐν
737 301 787 336 οἶς
810 300 854 345 δὴ
878 305 936 336 καὶ
960 301 1006 337 τὰ
1029 299 1118 349 παρ’
1143 299 1247 346 ἡμῶν

169 351 268 384 ἐστιν
297 350 335 382 ἐκ
365 348 518 395 Περσῶν
550 345 812 392 ἀναληφθέντα
842 348 994 394 φρούρια
1019 345 1174 381 Σκάνὸις
1206 361 1246 381 τε

169 397 228 428 καὶ
245 396 468 438 Σαραπανίς,
494 396 554 427 καὶ
577 392 620 427 τὸ
645 392 837 439 Μουρίσιός
859 407 898 427 τε
923 396 982 427 καὶ
999 390 1161 439 Λύσιρις,
1186 395 1246 426 καὶ

167 439 203 473 εἴ
228 452 265 474 τι
302 441 423 484 ἕτερον
455 437 539 483 ἡμῖν
574 439 613 471 ἐν
646 440 782 480 Λαζοῖς
813 437 1067 481 ἐκπεπόνηται.
1115 438 1193 472 εἶτα
1224 435 1245 481 ἡ

173 483 320 527 Τζάνων
345 481 546 527 διαδέχεται
569 481 681 528 χώρα,
711 485 778 517 νῦν
799 485 948 529 πρῶτον
967 481 1025 529 ἐφ’
1050 481 1154 528 ἡμῶν
1174 480 1244 518 ὑπὸ

166 526 351 574 Ῥωμαίων
375 528 649 572 κατακτηθεῖσα
678 533 737 562 καὶ
762 526 882 563 πόλεις
911 542 951 564 τε
981 533 1040 562 καὶ
1071 526 1161 571 αὐτὴ
1184 528 1246 562 τὰς

166 577 234 618 μὲν
257 573 337 621 ἄρτι
361 577 549 621 γινομένας
574 572 753 617 δεχομένη,
779 574 839 608 τὰς
859 573 898 608 δὲ
918 571 1006 608 ὅσον
1027 573 1129 609 οὔπω
1146 587 1245 620 γενη-

167 622 317 664 σομένας
341 617 520 664 δεξομένη.
569 618 657 653 ἄλλα
683 633 721 653 τε
749 617 832 663 μετ’
858 622 996 662 ἐκείνην
1027 620 1121 661 ἔθνη
1155 620 1244 652 καθ-

1245 141 1323 188 213
1337 204 1388 207 Q

1869 143 1975 186 Nov.
1995 143 2177 187 XXVIII
2206 157 2265 199 pr.
2305 146 2336 185 l.
2370 147 2394 186 2

1316 258 1454 298 vocata,
1479 258 1516 291 et
1529 255 1787 300 Archaeopolis
1813 256 1847 289 et
1868 254 2074 300 Rodopolis,
2102 258 2222 291 castra
2240 256 2394 291 maxima

1315 305 1350 336 et
1373 301 1529 345 antiqua.
1583 302 1680 336 Inter
1705 311 1796 345 quae
1820 303 1904 335 sunt
1936 304 1970 335 et
1995 311 2036 336 ea
2061 311 2152 346 quae
2176 312 2197 336 a
2223 302 2325 337 nobis
2350 312 2394 337 ex

1315 347 1433 381 Persis
1468 349 1573 391 capta
1605 350 1688 382 sunt
1720 348 1848 388 castra,
1884 346 2033 381 Scandis
2066 349 2100 381 et
2132 347 2326 391 Sarapanis
2359 351 2394 382 et

1314 391 1493 426 Muriseus
1526 396 1561 427 et
1584 392 1755 427 Loriseus
1788 395 1823 425 et
1853 391 1884 425 si
1915 391 2009 435 quod
2041 392 2190 427 aliorum
2223 393 2325 428 nobis
2356 393 2394 427 in

1281 442 1299 473 5
1314 437 1420 472 Lazis
1445 440 1498 472 est
1522 437 1735 472 laboratum.
1783 436 1923 470 Deinde
1948 437 2199 471 Tazannorum
2233 437 2394 473 succedit

1314 482 1514 527 provincia,
1549 493 1644 518 nunc
1668 482 1820 527 primum
1845 492 1866 516 a
1890 482 1992 516 nobis
2016 482 2186 517 Romanis
2220 484 2394 527 acquisita

1316 530 1350 562 et
1375 528 1533 563 civitates
1565 532 1600 563 et
1623 528 1702 572 ipsa
1727 528 1816 562 alias
1842 527 1982 570 quidem
2005 527 2109 561 modo
2139 527 2254 563 factas
2280 528 2392 563 susci-

1315 574 1424 618 piens,
1457 573 1545 608 alias
1579 578 1708 615 autem,
1743 577 1914 617 quantum
1946 572 2063 613 fuerit,
2097 572 2279 608 faciendas
2314 584 2392 608 sus-

1316 622 1480 663 ceptura;
1507 619 1668 662 aliaeque
1691 622 1773 663 post
1797 618 1893 652 illam
1916 621 2039 661 gentes
2065 617 2200 659 sedent,
2227 618 2334 653 Suani
2359 622 2394 653 et

166 666 290 699 εστᾶσι
304 668 462 698 Σουανοί
483 678 523 698 τε
546 668 605 698 καὶ
626 663 785 708 Σκύμνοι
813 669 872 698 καὶ
890 662 1031 710 Ἀψίλαι
1062 668 1120 717 καὶ
1143 662 1245 708 Ἀβα-
1262 667 1301 699 10
1315 664 1459 708 Scymni
1479 667 1514 698 et
1534 664 1680 699 Absilae
1698 665 1735 699 et
1752 663 1887 707 Abasgi
1911 666 1946 697 et
1965 663 2056 697 aliae
2080 674 2175 698 nunc
2200 663 2265 698 deo
2287 664 2394 699 dante

165 713 245 757 σγοὶ
269 713 328 744 καὶ
346 712 450 755 ἕτερα
474 711 539 744 νῦν
562 711 653 744 θεοῦ
675 708 800 744 δόντος
820 708 918 755 φίλιά
943 723 982 743 τε
1003 713 1061 742 καὶ
1084 712 1243 754 ημέτερα.

1315 709 1450 743 amicae
1475 714 1510 743 et
1534 712 1687 744 nostrae.

1173 821 1329 857 CAPUT
1354 822 1380 855 Ι.

212 886 308 925 Ἀλλ’
343 891 390 924 εἰς
420 891 536 924 ταῦτα
566 892 632 934 μὲν
664 888 682 923 ὁ
712 893 793 934 περὶ
828 888 908 923 τοὺς
938 888 1067 924 τόπους
1100 888 1242 923 τούτους

165 934 253 980 ἡμᾶς
276 935 399 983 ἤνεγκε
424 933 537 982 λόγος·
569 933 742 980 ἐπάνιμεν
768 933 806 968 δὲ
830 929 938 968 αὖθις
962 936 1022 969 ἐπὶ
1046 934 1127 968 τοὺς
1151 934 1243 968 Πόν-

165 993 246 1015 τους
276 984 334 1014 καὶ
366 979 433 1023 τὴν
462 982 595 1014 ἕνωσιν
624 978 692 1023 τὴν
723 979 854 1013 αὐτῶν.
903 979 1048 1013 τούτους
1077 979 1145 1026 γὰρ
1177 981 1244 1013 νῦν

1358 889 1426 923 Sed
1452 889 1497 924 ad
1521 889 1611 924 haec
1637 889 1777 935 quidem
1810 889 1852 924 de
1875 889 1965 924 locis
1989 889 2068 924 istis
2101 899 2166 924 nos
2191 899 2306 925 sermo
2334 889 2394 924 de-

1314 934 1423 976 duxit,
1449 936 1658 969 revertimur
1682 940 1801 970 autem
1824 945 1950 969 rursus
1972 934 2018 968 ad
2038 934 2176 969 Pontus
2202 938 2238 970 et
2261 934 2395 969 unitio-

1313 990 1393 1013 nem
1414 990 1546 1014 eorum.
1586 980 1692 1015 Nunc
1713 981 1806 1015 enim
1826 980 1949 1014 ambos
1969 980 2128 1032 Pontus&
2144 980 2205 1033 qui
2226 980 2395 1015 tredecim

165 1025 274 1073 ἄμφω
314 1025 394 1060 τοὺς
430 1025 588 1060 Πόντους
626 1025 705 1059 τοὺς
744 1028 820 1058 ταῖς
856 1024 1079 1070 manualem
1119 1022 1243 1059 πόλεσι
1261 1028 1299 1060 15
1316 1024 1517 1060 civitatibus
1551 1026 1790 1069 continentur,
1825 1026 1862 1059 in
1891 1035 1999 1060 unam
2029 1035 2247 1069 provmciam
2279 1025 2394 1060 denuo

166 1074 433 1116 περιεχομένους
468 1072 516 1104 εἰς
549 1074 637 1114 μίαν
674 1073 850 1114 ἐπαρχίαν
890 1064 998 1103 αὖθις
1034 1069 1244 1116 συνάγομεν,

166 1121 223 1150 καὶ
246 1115 465 1160 ἀποδίδομεν
491 1113 609 1149 αὐτοῖς
633 1117 693 1157 τῆς
716 1118 783 1159 μὲν
807 1113 1048 1157 παλαιότητος
1070 1115 1138 1155 τὴν
1158 1118 1242 1149 ἕνω-

166 1174 235 1203 σιν,
268 1163 329 1205 τῆς
360 1160 400 1195 δὲ
430 1159 595 1203 νεότητος
625 1159 691 1203 τὴν
724 1162 944 1203 ἐπωνυμίαν.
994 1158 1244 1195 (Ελενόποντος

165 1206 230 1253 γὰρ
252 1206 344 1241 ἅπας
367 1205 563 1247 καλείσθω,
596 1206 702 1239 τοῦτο
735 1203 778 1247 δὴ
807 1204 849 1239 τὸ
879 1206 991 1239 τεθὲν
1024 1204 1121 1248 αὐτῷ
1147 1204 1244 1251 παρὰ

1317 1070 1524 1113 colligimus,
1551 1075 1585 1104 et
1610 1071 1789 1105 reddimus
1815 1070 1865 1105 eis
1885 1070 2073 1105 vetustatis
2099 1071 2239 1115 quidem
2263 1071 2393 1106 unitio-

1313 1126 1403 1154 nem,
1429 1115 1595 1149 novitatis
1622 1118 1740 1150 autem
1763 1127 1966 1158 cognomen.
2010 1116 2280 1160 Helenopontus
2303 1116 2395 1150 enim

1314 1160 1426 1194 omnis
1453 1165 1609 1201 vocetur,
1644 1161 1710 1195 hoc
1735 1161 1898 1195 videlicet
1929 1161 2023 1204 quod
2047 1161 2203 1205 positum
2233 1165 2287 1196 est
2317 1162 2349 1197 ei
2373 1172 2396 1195 a

1314 1205 1549 1240 Constantino
1583 1206 1664 1250 piae
1696 1207 1885 1240 memoriae
1918 1217 2044 1241 nomen
2076 1207 2264 1242 occasione
2292 1207 2393 1242 nobi-

170 1255 451 1286 Κωνσταντίνου
480 1251 543 1284 τοῦ
576 1251 636 1292 τῆς
667 1248 831 1305 εὐσεβοῦς
862 1249 991 1302 λήξεως
1020 1249 1132 1294 ὄνομα
1158 1264 1242 1297 προ·
1258 1250 1469 1285 201issimae
1491 1250 1566 1285 eius
1585 1251 1719 1292 matris,
1744 1251 1901 1285 Helenae
1922 1251 2070 1286 dicimus
2092 1252 2173 1296 piae
2193 1252 2393 1294 memoriae,

167 1296 271 1342 φάσει
302 1297 363 1338 τῆς
393 1294 609 1339 σεμνοτάτης
640 1297 748 1329 αυτοῦ
776 1294 923 1341 μητρός,
961 1294 1092 1338 Ελένης
1125 1299 1243 1341 φαμὲν

166 1343 224 1384 τῆς
247 1338 413 1384 εὐσεβοῦς
436 1339 503 1383 την
529 1339 638 1383 λῆξιν,
664 1337 754 1386 ἤπερ
778 1340 862 1384 ἡμῖν
887 1344 945 1373 καὶ
970 1341 1011 1374 τὸ
1038 1343 1143 1375 θεῖον
1167 1343 1244 1375 τῶν

163 1387 400 1432 Χριστιανῶν
423 1386 539 1432 ἐξεῦρε
564 1383 754 1430 σύμβολον.
801 1385 843 1420 τὸ
866 1385 933 1432 γὰρ
965 1384 1008 1429 δὴ
1033 1386 1244 1430 Πολέμωνος

162 1432 276 1476 ὄνομα
314 1429 470 1484 παλαιοῦ
505 1434 697 1477 γενομένου
734 1432 810 1466 τῶν
845 1430 992 1466 πολλῶν
1028 1434 1176 1465 ἐκείνων
1205 1434 1244 1465 ἐν

1314 1306 1403 1340 quae
1428 1295 1531 1331 nobis
1558 1299 1593 1330 et
1617 1306 1758 1331 sacrum
1781 1296 2064 1330 Christianorum
2090 1297 2224 1331 invenit
2244 1297 2392 1341 signum.

1314 1342 1437 1385 Itaque
1469 1351 1598 1376 nomen
1631 1341 1848 1382 Polemonis,
1883 1342 1943 1386 qui
1974 1341 2043 1375 fuit
2074 1341 2241 1386 antiquus
2265 1343 2394 1377 multo-

1312 1397 1391 1420 rum
1414 1386 1556 1421 illorum
1582 1387 1618 1420 in
1634 1387 1751 1421 Ponto
1777 1390 2021 1431 tyrannorum,
2048 1387 2216 1430 quiescat,
2242 1388 2394 1432 primum

1314 1431 1453 1476 quidem
1479 1433 1562 1476 quia
1585 1432 1726 1476 tyranni
1751 1437 1815 1473 est,
1850 1432 2006 1466 secundo
2032 1436 2150 1466 autem
2182 1433 2264 1475 quia
2286 1437 2321 1467 et
2345 1433 2393 1466 ci-

163 1475 296 1520 Πόντῳ
321 1489 511 1530 τυραννῶν
535 1475 754 1518 maalath),
780 1478 929 1522 πρῶτον
948 1479 1015 1521 μὲν
1039 1474 1095 1511 ὅτι
1115 1476 1241 1523 τυράν-
1257 1480 1297 1511 25
1313 1477 1457 1511 vitatem
1491 1477 1774 1521 cognominatam
1807 1477 1925 1519 habet,
1961 1476 2110 1511 dicimus
2139 1477 2393 1520 Polemoniun]‚

163 1535 225 1555 νου
246 1522 488 1563 καθειστηκει,
516 1520 681 1568 δεύτερον
701 1520 740 1555 δὲ
761 1519 818 1555 ὅτι
841 1525 899 1555 καὶ
925 1521 1032 1556 πάλιν
1050 1523 1243 1567 ἐπώνυμον

163 1571 242 1610 ἔχει,
274 1566 316 1601 τὸ
341 1565 576 1611 Πολεμώνιόν
608 1581 738 1613 φαμεν,
772 1570 830 1601 καὶ
862 1563 919 1600 ὅτι
943 1565 1088 1601 κάλλιον
1120 1565 1166 1602 ἂν
1190 1567 1242 1611 εἴη

163 1613 225 1646 τὰς
246 1611 364 1658 χώρας
396 1612 434 1652 ἐξ
464 1609 656 1656 ὀνομάτων
681 1613 952 1658 Χριστιανικῶν
985 1626 1025 1646 τε
1057 1617 1117 1646 καὶ
1139 1617 1242 1657 βασι-

164 1656 275 1691 λικῶν
297 1656 432 1702 μᾶλλον
457 1655 546 1702 ἤπερ
572 1659 609 1691 ἐκ
635 1657 789 1702 πολέμου
813 1661 873 1692 καὶ
893 1659 1048 1704 ταραχῆς
1071 1660 1242 1704 γνωριζο-

166 1705 283 1737 aduam
311 1703 565 1749 σημαίνεσθαι,

1313 1526 1348 1557 et
1381 1523 1463 1566 quia
1495 1523 1620 1557 melius
1654 1523 1722 1557 erIt
1753 1523 1953 1567 provincias
1990 1533 2032 1557 ex
2065 1522 2268 1567 nominibus
2302 1523 2394 1557 cliri-

1312 1568 1437 1603 stianis
1469 1570 1505 1602 ct
1536 1568 1779 1612 imperialibus
1813 1569 1923 1613 magis
1954 1578 2060 1612 quam
2092 1578 2135 1602 ex
2160 1568 2252 1603 bello
2279 1573 2314 1603 et
2338 1571 2394 1603 tu-

1312 1613 1426 1648 multu
1453 1614 1604 1657 cognitis
1631 1613 1816 1657 designari.

1257 1707 1298 1738 30

1166 1817 1322 1853 CAPUT
1347 1818 1393 1852 ΙΙ.

207 1886 329 1918 Πᾶσαι
352 1897 391 1919 τε
424 1884 462 1918 αἱ
483 1883 706 1930 τριςκαίδεκα
735 1882 854 1919 πόλεις
884 1886 1054 1930 ἐπαρχίας
1077 1887 1244 1919 ἔστωσαν

162 1931 260 1975 μιᾶς·
289 1929 549 1977 ἀφαιρουμένης
572 1932 638 1974 μὲν
656 1927 843 1975 οὐδετέρας
864 1928 986 1963 αὐτῶν
1015 1931 1092 1964 τῶν
1115 1943 1243 1975 μητρο-

163 1974 307 2010 πόλεων
331 1972 533 2019 (Ἀμασείας
556 1978 598 2009 τέ
620 1988 739 2021 φαμεν
772 1978 830 2008 καὶ
857 1977 1148 2021 Νεοκαισαρειάς)
1180 1977 1244 2009 τοῦ

162 2022 222 2074 τῆκε,ἱ
234 2019 487 2074 μητροπόλεως
504 2018 688 2065 ὀνόματος,
712 2021 789 2054 τῶν
807 2018 847 2053 δὲ
870 2019 1165 2066 θεοφιλεστάτων
1185 2018 1242 2053 αὗ-

1360 1885 1560 1929 Omnesquc
1586 1883 1753 1919 tredecim
1776 1883 1935 1918 civitates
1959 1884 2164 1928 provinciae
2188 1885 2260 1918 sint
2281 1885 2395 1927 unius,

1314 1931 1485 1975 privanda
1511 1930 1653 1974 quidem
1675 1934 1802 1964 neutra
1828 1939 1949 1963 earum
1971 1930 2220 1974 metropolium
2238 1930 2396 1970 (Amasia

1313 1976 1463 2011 dicimus
1485 1979 1518 2010 et
1539 1975 1791 2016 NeocaesarIa)
1812 1975 2020 2018 metropolis
2038 1975 2191 2017 nomine,
2213 1975 2278 2010 deo
2299 1986 2394 2009 ama-

1313 2022 1443 2057 bilibus
1477 2024 1595 2055 autem
1627 2030 1749 2055 earum
1782 2020 1959 2064 episcopis
1993 2020 2228 2064 metropolitis
2256 2021 2396 2064 quidem

162 2078 240 2100 των
260 2068 471 2101 ἐπισκοπων
495 2080 572 2100 των
591 2068 659 2119 μὲν
679 2065 958 2121 μητροπολιτων
982 2066 1160 2100 ἐνταυθοῖ
1177 2080 1242 2108 χει·
1259 2070 1298 2101 35
1313 2067 1373 2102 hic
1398 2066 1621 2108 ordinandis,
1655 2066 1715 2110 qui
1739 2076 1822 2100 vero
1847 2066 1914 2100 sub
1948 2066 1997 2100 eis
2023 2065 2210 2101 constituti
2241 2071 2325 2101 sunt
2348 2066 2393 2100 si-

162 2114 444 2158 ροτονουμένων,
466 2113 544 2146 τῶν
568 2109 608 2145 δὲ
629 2124 680 2146 υπ
715 2124 841 2146 αυτους
860 2114 1092 2158 τεταγμένων
1114 2108 1244 2155 ὁμοίως

207 2204 313 2246 cap.2
337 2205 380 2246 cs.
406 2203 759 2243 Nomoc.XIVtit.1‚
775 2211 809 2236 ‘20
835 2198 853 2235 ὁ
876 2199 1129 2235 Ἐλενόποντος
1153 2199 1216 2234 δύο
1241 2204 1311 2242 ἔχει
1335 2199 1611 2246 μητροπολίτας,
1638 2196 1684 2232 ῶς
1709 2199 1729 2241 ἡ
1753 2198 1808 2241 κη’
1835 2197 1954 2245 νεαρά.

162 2292 304 2327 nomine
326 2290 442 2326 ulitur
473 2294 508 2324 et
531 2289 739 2325 Iustiniana
763 2295 926 2332 vocatur)
959 2296 994 2324 et
1017 2289 1280 2334 Archaeopolis
1303 2293 1339 2323 et
1361 2288 1600 2334 Rhodopolis,
1633 2292 1755 2324 castra
1788 2293 1823 2323 et
1846 2288 2008 2323 nicta-ima
2032 2292 2067 2323 et
2090 2289 2251 2334 antiqua.
2315 2290 2395 2333 Quo

163 2337 201 2370 in
224 2346 372 2370 numero
397 2335 503 2369 etiam
536 2338 656 2370 castra
685 2341 771 2369 sunt
801 2345 894 2378 quae
917 2345 940 2368 a
964 2333 1088 2380 Persis
1112 2333 1420 2379 recuperavimus,
1453 2332 1609 2368 Scandis
1631 2338 1667 2368 et
1691 2333 1906 2379 Sarapanis,
1940 2336 1976 2367 et
1998 2333 2173 2368 Murisios
2196 2339 2231 2369 et
2254 2334 2396 2380 Lysiris

163 2384 199 2416 et
222 2380 253 2415 si
278 2380 366 2426 quid
382 2384 578 2425 praeterea
609 2379 645 2413 in
671 2379 781 2413 Latis
814 2391 836 2413 a
868 2379 972 2413 nobis
1001 2378 1219 2424 adquisitum
1253 2383 1314 2413 est.
1375 2377 1548 2423 Sequitur
1580 2378 1708 2413 deinde
1735 2378 1938 2412 Tzanorum
1969 2379 2086 2429 reqio,
2118 2389 2214 2414 nunc
2233 2380 2395 2425 primum

163 2425 228 2460 sub
252 2428 379 2460 nostro
404 2425 556 2471 imperio
582 2436 605 2458 a
626 2424 800 2460 Romanis
824 2428 1002 2469 occupata
1027 2434 1190 2469 quaeque
1218 2427 1253 2458 et
1276 2423 1359 2468 ipsa
1383 2423 1490 2457 iaces
1523 2423 1616 2458 alias
1648 2434 1765 2469 nuper
1798 2426 1900 2457 ortas
1924 2427 2101 2465 continet,
2133 2423 2227 2459 alias
2250 2425 2394 2460 iamiam

165 2471 326 2506 oriturus
349 2470 511 2516 accipiet.
558 2469 732 2515 Aliaeque
749 2473 840 2515 post
862 2480 940 2504 eam
961 2474 1085 2514 centes
1115 2473 1200 2503 sunl
1224 2468 1339 2502 Sicani
1363 2475 1397 2502 et
1421 2467 1569 2513 Segmmt
1593 2473 1628 2503 et
1645 2468 1795 2514 Apsilae
1818 2472 1854 2503 et
1876 2467 2013 2514 Abasqi
2037 2475 2147 2514 atque
2170 2469 2276 2511 aliae,
2302 2481 2395 2516 quae

165 2527 260 2551 nunc
284 2515 341 2550 dei
365 2515 535 2594 beneficio
560 2515 697 2549 amicae
721 2522 756 2549 et
779 2519 927 2549 nostrae
950 2519 1044 2548 sunt.

298 2561 327 2596 Ι.
382 2559 429 2595 Se
479 2560 529 2594 ad
550 2559 622 2595 ista
645 2559 787 2594 cuidem
812 2561 930 2594 oratio
957 2559 1000 2594 de
1025 2558 1080 2593 liis
1105 2559 1193 2593 locis
1218 2558 1382 2593 instituta
1406 2570 1472 2593 nos
1496 2558 1643 2593 detulit:
1679 2570 1776 2593 minc
1799 2569 1929 2593 rursus
1961 2558 2010 2593 acl
2035 2558 2177 2594 Pontos
2199 2570 2395 2606 eorumque

165 2606 331 2642 unionem
353 2605 575 2641 revertimur.
663 2616 704 2639 os
727 2605 819 2639 enim
844 2616 939 2639 nunc
960 2604 1099 2639 Pontos
1122 2605 1256 2646 ambos,
1282 2603 1345 2648 qut
1370 2603 1537 2638 tredecim
1561 2604 1709 2639 urbibus
1730 2603 2092 2650 comprehenduntur,
2117 2605 2155 2639 in
2176 2615 2285 2639 unam
2302 2616 2393 2651 pro-

164 2651 317 2687 vinciam
348 2650 465 2686 denuo
501 2649 771 2696 coniunqimus,
808 2660 852 2684 ac
885 2649 1067 2685 reddimus
1101 2649 1146 2683 iis
1182 2660 1231 2684 ecc
1266 2648 1417 2694 antiqua
1454 2650 1625 2684 memoria
1662 2649 1846 2690 unionem,
1883 2660 1932 2684 ea·
1968 2660 2063 2684 nova
2098 2650 2393 2695 appellationem.

164 2697 440 2742 Helenopontus
464 2695 555 2730 enim
581 2699 678 2730 totas
701 2699 859 2737 vocetur,
891 2695 990 2740 quod
1013 2694 1156 2740 quidem
1187 2705 1315 2728 nomen
1340 2705 1363 2727 a
1389 2694 1623 2728 Constantino
1647 2695 1736 2740 piae
1760 2694 1953 2729 memoriae
1985 2695 2018 2729 ei
2041 2694 2195 2729 inclitum
2219 2699 2274 2730 est
2292 2695 2393 2730 nobi-

165 2742 321 2777 lissimae
352 2741 429 2776 eius
458 2741 586 2776 matris
612 2751 742 2782 causa,
777 2739 951 2775 Helenam
984 2740 1134 2774 dicimus
1162 2740 1247 2785 piae
1278 2739 1489 2780 memoriae,
1526 2750 1620 2784 quae
1651 2739 1755 2775 nobis
1791 2740 1897 2774 etiam
1929 2750 2072 2774 sacrum
2109 2739 2393 2775 Christianorum

164 2787 306 2833 siquam
326 2786 471 2822 invenit.
520 2786 613 2820 Nam
626 2785 831 2820 Polemonis
852 2797 992 2827 nomen,
1018 2785 1081 2831 qui
1096 2784 1172 2829 fuit
1196 2788 1295 2819 vetus
1316 2784 1462 2828 quidam
1483 2795 1532 2831 ex
1553 2785 1674 2819 multis
1697 2785 1770 2819 illis
1794 2785 1831 2818 in
1847 2783 1966 2819 Ponto
1988 2785 2167 2831 tyrannis,
2192 2785 2393 2827 aboleatur,

163 2833 319 2879 primum
339 2831 482 2877 quidem
502 2831 588 2876 quia
610 2832 761 2877 tyranni
777 2832 914 2875 fiterat,
940 2830 1068 2865 deinde
1092 2833 1209 2864 (uitem
1234 2829 1320 2874 quia
1342 2829 1415 2862 iam
1434 2829 1557 2863 urbem
1575 2830 1868 2875 coqnomtnatam
1893 2829 2009 2870 habet,
2034 2829 2282 2865 Polemonium
2307 2830 2394 2865 dici-

164 2889 254 2919 mus,
286 2880 323 2912 et
346 2876 432 2928 quia
457 2876 639 2911 decentius
661 2876 778 2921 fuerit
801 2876 969 2921 reqiones
993 2874 1197 2910 nominibus
1220 2874 1425 2908 christianis
1453 2874 1577 2919 potius
1601 2880 1635 2909 et
1660 2875 1906 2921 imperatoriis
1930 2886 2038 2919 quam
2063 2875 2143 2910 belli
2164 2880 2199 2910 et
2223 2875 2395 2911 tumultus

165 2926 252 2958 nota
275 2921 454 2957 distinctis
476 2921 693 2967 siqnisicare.

299 2967 345 3001 11.
392 2966 509 3018 Atque
531 2966 698 3001 tredecim
718 2966 803 3000 illae
825 2966 930 3000 urbes
952 2977 1072 3000 onines
1093 2966 1200 3000 ultius
1223 2965 1296 2999 sint
1310 2964 1544 3010 provinciae;
1569 2975 1787 3009 quamquam
1807 2968 1937 2999 neutra
1961 2965 2123 3011 ipsarum
2143 2966 2394 3012 metropolium

166 3012 361 3055 (Amasiam
385 3011 536 3046 dicimus
559 3016 594 3046 et
618 3011 916 3051 Neocaesaream)
941 3011 1150 3057 metropolis
1174 3010 1316 3045 nomine
1331 3010 1510 3055 privetur,
1542 3008 1609 3044 deo
1635 3009 1811 3044 carissimi
1835 3014 1952 3044 autem
1977 3021 2102 3045 earum
2126 3011 2299 3056 episcopi,
2332 3011 2396 3056 qui

166 3057 307 3103 quidem
331 3056 601 3102 metropolitani
623 3060 717 3097 sunt,
748 3055 797 3090 ibi
821 3055 1045 3096 ordinentur,
1076 3055 1139 3100 qui
1162 3066 1246 3090 vero
1271 3055 1334 3088 sul)
1360 3055 1405 3088 iis
1429 3054 1613 3088 etms-tituli
1636 3059 1729 3094 sunt,
1761 3055 1904 3098 pariter
1927 3054 1971 3087 ab
1995 3055 2068 3089 illis
2093 3056 2155 3099 qui
2178 3055 2396 3100 metropoles

1317 3149 1356 3178 24
1382 3142 1537 3177 παλαιὸν
1558 3140 1752 3188 γενόμενον
1773 3146 1958 3189 Homberylc
1973 3147 2055 3178 male
2071 3147 2082 3188 ΙΙ
2103 3149 2143 3178 ’25
2169 3143 2364 3179 πόντωνΕ
2383 3145 2395 3189 Η

213 3151 232 3181 3
256 3123 399 3180 anemis
421 3123 527 3187 M—(gss
554 3143 723 3178 σκανδίας
750 3148 776 3178 l,
804 3122 934 3178 Σιιάδις
960 3147 993 3178 Β
1013 3144 1024 3188 ΙΙ
1042 3150 1058 3178 4
1085 3123 1280 3189 σαραπιέ-Πξ

1315 3193 1352 3223 31
1379 3191 1420 3222 τὲ
1447 3190 1547 3229 Ᾱίῇς]
1574 3186 1613 3221 δὲ
1640 3191 1698 3228 [315
1719 3187 1759 3221 αἱ
1778 3187 1863 3221 δέκα
1893 3191 1922 3222 Β
1939 3190 1950 3233 ΙΙ
1971 3192 2013 3224 34
2039 3188 2336 3234 θεοφιλεστάτων
2356 3192 2398 3223 Μ

166 3204 228 3235 νης
252 3193 283 3225 L
302 3193 313 3235 l]
329 3189 371 3225 τὸ
396 3205 453 3224 om.
467 3192 552 3231 vulo.
570 3191 582 3235 ΙΙ
608 3187 787 3235 μουρίσιός
809 3203 849 3223 τε
877 3191 963 3229 MB]
989 3194 1181 3235 μουρισίως
1205 3202 1244 3222 τε

168 3241 199 3272 L
232 3238 397 3271 Muriseus
425 3247 443 3272 ς
462 3236 473 3279 ΙΙ
490 3227 622 3280 λῦσιρις
649 3238 705 3276 Μ]
731 3234 919 3278 λουσίρεως
938 3236 969 3267 L
994 3237 1089 3275 (idem
1112 3236 1163 3267 ΒΟ
1183 3249 1246 3280 κερ..

170 3283 378 3326 Homberylc„
398 3279 585 3325 λουρίσεως
599 3294 660 3313 sec.
677 3283 828 3322 Haenel.)
841 3280 994 3312 Lei-iscus
1008 3291 1027 3316 ς
1046 3279 1056 3323 ΙΙ
1074 3283 1092 3313 5
1115 3279 1206 3320 εἴτι]
1228 3277 1246 3321 1‘)

167 3341 204 3362 τι
227 3329 259 3362 L
286 3327 298 3372 ΙΙ
330 3327 464 3371 ἕτερον]
487 3326 628 3358 aliorum
653 3327 687 3364 (ι’.
712 3339 736 3358 e.
762 3325 909 3369 ἑτέρων)
936 3336 954 3361 ς
978 3326 989 3368 ss
1023 3329 1042 3358 (5
1068 3323 1242 3366 ἐκδέχεται
1279 3322 1281 3355 ἐ

169 3374 366 3407 Haloander
396 3371 407 3416 ΙΙ
435 3367 495 3415 ἐφ’
522 3367 625 3412 ὴιιῶν
648 3368 719 3404 ὑπὸ
743 3367 930 3412 Ῥωμαίων
962 3370 1244 3412 nazanzum-toa]

168 3429 189 3451 a
207 3419 305 3451 nobis
325 3418 480 3450 Romanis
502 3416 663 3457 acquisita
687 3427 706 3451 ς
721 3415 732 3459 ΙΙ
753 3418 770 3448 7
796 3413 897 3448 πόλις
921 3426 960 3447 τε
984 3417 1042 3447 καὶ
1068 3412 1155 3456 αὕτη
1182 3416 1208 3447 L
1232 3414 1242 3458 Η

169 3460 189 3497 8
214 3459 301 3497 ὅσον
325 3461 441 3503 οὔπω]
467 3465 635 3503 quantum'
652 3462 753 3493 fuerit
778 3473 797 3497 ς
816 3460 827 3503 ΙΙ
851 3462 1123 3505 γεννησωμένας
1147 3458 1238 3498 δεξα-

168 3510 257 3552 μένη
281 3510 312 3541 L
329 3508 340 3551 ΙΙ
369 3511 407 3541 10
433 3509 581 3540 σουανοί
603 3506 661 3546 M]
687 3502 831 3538 σουάνοι
858 3506 887 3537 L
913 3507 994 3538 ανοί
1019 3506 1066 3537 B⁰
1085 3507 1095 3546 11
1122 3509 1160 3539 ’13
1186 3506 1244 3538 ἐπ-

171 3556 319 3595 ανίομεν
344 3554 389 3586 L¹
415 3554 623 3595 ἐπανίωμεν
641 3551 688 3584 L2
707 3550 719 3594 ll
738 3553 778 3584 14
790 3563 838 3593 sq.
865 3553 923 3583 καὶ
949 3547 1015 3591 τὴν
1032 3570 1072 3573 —
1087 3548 1247 3583 Πόντους

170 3596 251 3632 τοὺς
274 3598 381 3631 om.B
407 3597 419 3641 ss
443 3598 584 3630 εαυτῶν
609 3597 639 3629 L
667 3597 678 3640 Η
701 3592 846 3628 τούτους
871 3608 928 3627 om.
943 3606 961 3631 ς
987 3594 999 3638 ΙΙ
1036 3598 1070 3629 15
1096 3592 1247 3628 πόντους

170 3641 252 3676 τοὺς
272 3644 330 3684 M]
354 3639 485 3676 τόπους
509 3644 540 3676 L
557 3642 568 3686 ΙΙ
587 3638 829 3688 τρισκαίδεκα]
856 3637 942 3672 δέκα
966 3641 998 3672 Β
1018 3639 1029 3682 ΙΙ
1050 3641 1087 3673 18
1114 3640 1173 3682 τῆς
1197 3637 1245 3679 δὲ]

170 3688 234 3720 τοῦ
259 3685 298 3721 δὲ
321 3690 351 3722 L
377 3688 389 3731 ΙΙ
422 3690 460 3722 19
486 3683 600 3722 ἅπασι
625 3688 655 3720 L
673 3688 683 3729 ΙΙ
709 3684 826 3718 τούτω
852 3686 882 3718 L
909 3685 920 3728 ΙΙ
949 3687 990 3718 22
1016 3682 1148 3729 ἥπεριιυιι
1176 3686 1245 3727 (καὶ

172 3733 292 3774 e7·as.?)
306 3729 389 3776 ἡμῖν
403 3734 433 3766 L
451 3733 462 3776 ss
482 3735 523 3767 23
533 3747 579 3776 sq.
598 3731 640 3765 τὸ
654 3752 695 3755 -—
711 3729 837 3774 ὄνομα]
861 3730 924 3763 τοῦ
939 3750 979 3753 —
994 3728 1168 3773 ὀνόματος
1185 3731 1211 3762 L
1236 3730 1246 3743 ⁴

1315 3238 1369 3278 (cf.
1393 3237 1467 3276 214,
1492 3238 1532 3273 (;)Ι
1563 3232 1748 3277 θεοφιλῶν
1773 3235 1863 3270 LBe
1886 3234 1898 3277 ΙΙ
1926 3238 1966 3268 35
1991 3234 2307 3281 μητροπολιτικῶν
2325 3237 2360 3269 Β
2383 3235 2394 3280 ΙΙ

1316 3283 1356 3312 36
1382 3277 1446 3312 ὑπ’
1476 3277 1602 3312 αὐτοὺς
1627 3281 1696 3320 (sic)
1726 3280 1767 3310 M

1432 3368 1446 3370 ,.
1457 3363 1485 3370 4»
1500 3367 1599 3369 Ῑ,7ΫΠ.Ϋ.

1364 3418 1376 3447 vl
1406 3420 1519 3446 vocata
1543 3416 1586 3454 et]
1612 3417 1751 3446 uocatur
1777 3415 1853 3447 libri
1875 3413 1887 3456 ΙΙ
1909 3414 2114 3456 archcapolis
2138 3414 2190 3457 Vll
2217 3418 2236 3449 3
2260 3415 2395 3448 Scaudio

1318 3461 1393 3492 libri
1413 3459 1423 3502 ΙΙ
1451 3461 1471 3492 4
1496 3459 1634 3491 solireus
1668 3459 1722 3502 Vl]
1746 3460 1794 3499 in]
1819 3461 1851 3491 et
1877 3460 1954 3492 libri
1971 3458 1982 3502 ΙΙ
2000 3464 2018 3494 5
2044 3460 2129 3492 laxis
2158 3461 2190 3492 T
2199 3462 2210 3501 u
2237 3462 2395 3494 tazanno-

1316 3516 1388 3536 rum
1420 3505 1464 3544 V]
1490 3515 1709 3536 zazannorum
1740 3505 1769 3537 T
1799 3505 1984 3536 Tzanoruiu
2009 3506 2094 3548 vulq.
2119 3504 2132 3548 ss
2161 3507 2178 3538 7
2205 3505 2293 3538 facta
2321 3506 2355 3539 V
2383 3504 2396 3551 ΙΙ

1316 3552 1335 3582 9
1361 3550 1464 3589 gualli
1486 3550 1517 3581 T
1536 3550 1659 3590 guania
1681 3548 1735 3593 VH
1759 3551 1796 3582 12
1823 3550 1901 3581 haec
1925 3550 1969 3589 V]
1998 3552 2057 3582 boc
2083 3550 2167 3585 Tat.
2185 3549 2198 3594 l]
2216 3550 2395 3584 deduximu

1329 3595 1375 3627 Va
1397 3596 1408 3635 11
1439 3596 1476 3627 13
1503 3595 1625 3626 Pontos
1650 3595 1735 3637 vuly.
1759 3594 1771 3636 ΙΙ
1808 3597 1844 3628 14
1869 3596 1988 3637 pontos
2014 3595 2139 3639 Tvuly.
2176 3599 2294 3638 pontes
2323 3598 2356 3629 V
2385 3595 2396 3640 11

1280 3635 1283 3681 ᾗ
1323 3641 1359 3673 18
1382 3640 1571 3681 impositum
1599 3641 1629 3672 T
1642 3639 1654 3683 ΙΙ
1671 3642 1711 3672 20
1731 3640 1845 3672 matris
1866 3640 1936 3671 eius
1960 3639 1990 3672 Τ
2009 3639 2020 3684 ΙΙ
2040 3641 2081 3674 25
2102 3640 2327 3683 polemonium
2350 3642 2395 3682 V]

1316 3684 1481 3726 polenium
1509 3685 1540 3717 T
1552 3684 1564 3728 ΙΙ
1590 3686 1631 3718 32
1656 3686 1773 3717 neutre
1806 3684 1867 3728 Vll
1893 3685 2102 3728 metropolim
2123 3686 2206 3719 Val.
2230 3689 2394 3729 metropo-

1317 3730 1380 3761 lini
1405 3729 1457 3772 ΤΙΙ
1478 3730 1518 3763 33
1545 3730 1725 3762 necessaria
1752 3729 1868 3772 Τ1135
1890 3730 1945 3763 hic
1967 3732 2010 3771 V]
2035 3732 2098 3764 hoc
2125 3732 2210 3766 Tal.
