2586 3990
310 104 418 152 Nov,
448 104 631 149 CXXIII
658 106 684 146 6

309 213 542 258 ποδίζωνται.
581 214 628 248 Εἰ
642 215 768 258 μέντοι
782 212 980 258 ἐκκλησίαις
996 209 1020 257 ἢ
1035 215 1288 257 μοναστηρίοις
1303 211 1386 256 κτή-

308 271 380 294 σεις
401 260 495 294 τινὲς
518 262 779 305 παρακείμεναι
801 255 998 306 εὑρεθεῖεν,
1028 260 1088 291 καὶ
1111 257 1329 301 βουληθεῖεν
1352 256 1389 292 οἱ

308 303 485 346 διοικηταὶ
515 305 593 338 τῶν
617 299 740 338 αὐτῶν
770 300 911 351 εὖαγῶν
941 303 1052 337 οἴκων
1082 302 1131 336 εἰς
1151 302 1343 346 μίσθωσιν
1364 299 1387 345 ἢ

308 348 527 394 ἐμφύτευσιν
552 347 687 383 ταύτας
715 346 854 392 λαβεῖν,
892 347 1093 391 τηνικαῦτα
1124 344 1280 382 πάντων
1309 348 1388 382 τῶν

306 393 486 439 κληρικῶν
506 396 567 427 καὶ
580 394 660 427 τῶν
676 395 850 438 μοναχῶν
865 391 957 438 ὑπὲρ
972 394 1049 426 τῶν
1064 388 1244 427 τοιούτων
1260 392 1389 426 αἰτιῶν

308 437 330 482 ἢ
354 440 393 473 ἐν
418 435 518 481 αὐτῷ
544 439 595 481 τῷ
620 437 827 482 συμβολαίῳ
857 435 880 482 ἢ
904 439 965 473 ἐπὶ
988 437 1153 482 πράξεως
1174 435 1389 481 ὑπομνημά-

306 495 384 518 των
413 485 474 517 καὶ
507 484 781 518 συναινούντων
811 486 872 517 καὶ
902 481 1172 529 φανερούντων,
1204 480 1296 527 ὑπὲρ
1324 482 1389 516 τοῦ

307 531 549 574 συμφέροντος
571 531 645 562 τοῖς
668 525 835 575 εὖαγέσιν
857 528 965 562 οἴκοις
986 528 1093 562 τοῦτο
1112 527 1298 574 γίνεσθαι,
1321 526 1390 570 τὴν

307 573 480 616 τοιαύτην
510 573 703 617 μίσθωσιν
733 577 795 608 καὶ
818 573 1035 628 ἐμφύτευσιν
1066 575 1231 618 προϊέναι
1255 583 1390 618 συγχω-

1382 99 1465 148 600

2143 116 2204 148 DE·
2233 114 2533 149 SANc'rlssnns

1454 215 1492 248 et
1513 221 1618 249 sacra
1639 211 1838 248 ministeria
1859 212 2108 266 impediantur.
2157 214 2195 250 Si
2222 217 2342 250 autem
2373 214 2543 251 ecclesiis,

1455 260 1520 293 aut
1541 258 1766 292 monasterus
1789 266 2034 302 possessiones
2056 260 2230 304 quaedam
2253 259 2457 296 adiacentes
2478 260 2533 296 in-

1455 302 1655 344 veniantur,
1679 303 1717 337 et
1730 300 1905 337 voluerint
1927 301 2189 348 dispensatores
2211 305 2371 351 ipsarum
2386 314 2533 341 venera-

1455 347 1578 383 bilium
1609 346 1776 382 domuum
1806 346 1846 382 in
1874 347 2146 385 conductionem
2180 354 2244 386 aut
2278 350 2534 396 emphyteosim

1425 396 1443 428 5
1456 391 1522 445 has
1546 391 1722 444 accipere,
1742 391 2017 445 tunc-omnibus
2041 393 2179 431 clericis
2202 399 2239 431 et
2257 395 2442 431 monachis
2466 406 2534 440 pro

1457 436 1514 472 his
1537 445 1657 472 causis
1679 446 1718 472 m
1740 446 1819 482 ipso
1839 439 2073 474 instrumento
2105 440 2171 475 sub
2194 442 2303 485 gestis
2327 450 2534 476 monumen-

1457 484 1575 517 torum
1599 481 1902 518 consentientibus
1931 485 1967 517 et
1989 483 2317 529 manifestantibus,
2349 496 2415 532 pro
2438 485 2535 521 utili·

1457 529 1533 562 tate
1554 527 1807 563 venerabilium
1837 527 2006 562 domuum
2033 527 2102 564 hoc
2124 529 2219 573 fieri,
2247 531 2356 567 talem
2379 531 2534 567 conduc-

1457 572 1589 607 tionem
1605 575 1642 607 et
1656 572 1912 617 emphyteosim
1934 572 2126 617 procedere
2142 574 2298 611 sinimus.
2341 576 2411 612 Sed
2427 576 2536 612 etiam

307 619 449 663 ροῦμεν.
486 615 591 652 Ἀλλὰ
616 621 677 652 καὶ
701 615 824 653 αὐταῖς
847 621 924 653 ταῖς
948 632 971 651 α
997 619 1169 652 ιωτάταις
1192 616 1391 659 ἐκκλησίαις
1405 619 1446 653 10
1457 617 1545 662 ipsis
1560 617 1794 653 sanctissimis
1813 617 1973 654 ecclesiis
1991 621 2028 652 et
2046 618 2126 654 aliis
2143 621 2404 658 venerabilibus
2424 621 2535 657 domi-

307 666 367 697 καὶ
389 666 462 697 τοῖς
485 661 605 698 ἄλλοις
627 667 771 698 σεπτοῒς
794 664 901 698 οἴκοις
923 662 961 698 δι’
984 677 1070 707 ομεν
1094 661 1223 697 ἄδειαν
1245 662 1390 707 μισθώ-

307 719 379 742 σεις
408 712 469 742 καὶ
492 709 722 754 ἐμφυτεύσεις
752 709 842 754 πρὸς
872 705 1042 752 ἀλλήλους
1068 711 1196 751 ποιεῖν,
1228 710 1287 742 καὶ
1318 709 1391 742 τοῖς

307 753 481 798 κληρικοῖς
512 749 645 798 ὁμοίως
675 756 754 789 τῶν
777 755 920 789 οἰκείων
944 752 1143 798 ἐκκλησιῶν
1165 753 1230 788 τὰς
1252 750 1392 796 κτήσεις

306 798 542 844 μισθοῦσθαι
573 802 632 833 καὶ
665 797 813 834 διοικεῖν
839 799 977 853 (γνώμῃ
1001 802 1127 844 μέντοι
1156 799 1220 833 τοῦ
1248 798 1391 833 ἐπισκό-

1459 663 1526 698 bus
1561 662 1687 699 damus
1721 662 1899 698 licentiam
1935 662 2189 699 conductiones
2227 667 2263 701 et
2296 666 2535 712 emphyteosis

1456 707 1577 744 facere
1607 707 1655 744 ad
1683 707 1851 752 invicem,
1887 711 1922 743 et
1952 707 2090 743 clericis
2122 708 2281 745 similiter
2310 711 2536 756 propriarum

1459 752 1690 789 ecclesiarum
1706 753 1953 798 possessiones
1969 753 2169 789 conducere
2183 757 2219 789 et
2229 755 2426 799 gubernare
2442 759 2536 798 (cum

1460 799 1643 834 voluntate
1673 802 1794 833 tamen
1816 797 1978 843 episcopi
2008 801 2045 833 et
2068 800 2263 843 oeconomi)
2292 801 2537 846 permittimus,

307 856 378 879 που
400 846 461 878 καὶ
475 845 541 878 τοῦ
557 843 761 900 οἰκονόμου)
785 856 1048 899 συγχωρουμεν,
1073 844 1300 892 ἐξῃρημένων
1314 844 1392 877 τῶν
1405 845 1444 878 15
1459 843 1617 888 exceptis
1647 843 1810 888 personis
1842 853 1932 887 quas
1963 853 2026 888 per
2057 843 2163 879 aliam
2193 844 2305 888 legem
2326 846 2396 881 hoc
2418 845 2538 882 facere

307 886 523 935 προςώπων,
541 887 651 924 ἁτινα
667 889 703 924 ὸι
733 890 854 936 ἑτέρου
870 903 984 934 νομου
1000 891 1110 924 τοῦτο
1127 892 1245 923 ποιεῖν
1261 886 1391 923 ἐκωλύ-

308 946 433 979 σαμεν.
479 935 530 968 Εἰ
554 932 597 968 δέ
615 946 669 969 τις
692 934 793 981 παρὰ
823 935 870 970 τὰ
901 936 1069 982 εἰρημένα
1098 948 1136 969 τι
1165 933 1324 977 ποιήσει,
1362 933 1393 967 εἰ

307 981 376 1025 μὲν
406 982 600 1015 ἐπίσκοπος
635 980 698 1024 εἴη,
733 980 858 1015 πάντα
890 978 1002 1014 αὐτοῦ
1038 980 1084 1014 τοὶ
1118 980 1316 1026 πράγματα
1345 978 1392 1013 τὰ

309 1025 348 1066 ἐξ
371 1023 584 1068 οἷαςδήποτε
615 1025 732 1080 αἰτίας
761 1023 784 1069 ἢ
808 1025 998 1071 προςώπου
1029 1026 1100 1060 εἴτε
1123 1025 1194 1070 πρὸ
1227 1025 1290 1068 τῆς
1316 1026 1392 1059 ἐπι-

1458 889 1716 934 prohibuimus.
1764 888 1803 923 Si
1833 889 1912 933 quis
1945 891 2064 924 autem
2094 892 2220 924 contra
2250 899 2293 925 ea
2322 899 2413 934 quae
2444 891 2540 927 dicta

1459 937 1543 970 sunt
1565 934 1700 979 aliquid
1723 933 1861 976 fecerit,
1884 933 1916 969 si
1939 933 2080 979 quidem
2104 933 2295 980 episcopus
2318 935 2438 979 fuerit,
2464 947 2538 972 om-

1458 989 1522 1015 nes
1546 979 1621 1014 eius
1645 988 1702 1015 res
1725 988 1769 1013 ex
1792 978 1951 1024 qualibet
1974 989 2084 1015 causa
2103 980 2158 1015 vel
2181 989 2334 1024 persona
2360 978 2433 1017 sive
2456 985 2540 1017 ante

1460 1026 1706 1070 episcopatum
1736 1024 1920 1076 sive-post
1950 1024 2040 1060 haec
2070 1024 2117 1060 ad
2148 1034 2229 1060 eum
2252 1026 2432 1062 venientes
2462 1027 2539 1062 eius

308 1071 443 1113 σκοπῆς
476 1070 548 1105 εἴτε
577 1083 669 1115 μετα
697 1073 815 1105 ταῦτα
846 1071 893 1105 εἰς
924 1068 1038 1105 αὗτὸν
1069 1067 1318 1116 περιελθόντα
1347 1070 1394 1116 τῇ
1405 1071 1447 1104 20
1461 1070 1634 1105 ecclesiae
1656 1069 1829 1104 vindicari
1846 1070 2037 1105 sancimus.
2075 1069 2113 1105 Si
2129 1073 2249 1106 autem
2269 1071 2453 1107 oeconomi
2475 1074 2540 1107 aut

309 1114 477 1159 ἐκκλησίᾳ
508 1111 619 1150 αὐτοῦ
651 1113 876 1151 ἐκδικεῖσθαι
904 1115 1146 1160 θεσπίζομεν·
1183 1115 1215 1150 εἰ
1238 1113 1278 1149 δὲ
1300 1114 1393 1149 οἰκο-

308 1159 415 1205 νόμοι
437 1158 461 1204 ἢ
482 1158 585 1195 ἄλλοι
608 1159 767 1209 κληρικοῑ
789 1160 861 1196 εἶεν
884 1161 921 1195 οἱ
936 1162 1045 1196 τοῦτο
1065 1159 1391 1206 πλημμελήσαντες,

309 1206 442 1249 ποινὴν
465 1202 594 1240 αὐτοὺς
614 1206 839 1252 χρηματικὴν
865 1203 912 1250 ἣν
936 1204 983 1241 ἂν
1007 1203 1027 1240 ὁ
1053 1208 1244 1242 ἐπίσκοπος
1269 1202 1392 1240 αὐτῶν

309 1249 512 1296 δοκιμάσειε
543 1251 826 1299 εἰςπράττεσθαι
853 1253 898 1294 τῆ
923 1250 1090 1295 ἐκκλησίᾳ
1113 1249 1392 1307 ἐκδικηθησομέ-

308 1307 394 1340 νην·
432 1294 548 1331 ὁπότε
570 1300 631 1331 καὶ
654 1295 696 1344 οἱ>
711 1296 780 1340 τὴν
801 1287 993 1342 μίσθωσιν
1015 1299 1093 1332 τῶν
1116 1296 1232 1331 τελῶν

309 1340 445 1385 δήποτε
468 1342 625 1385 κτήσεως
654 1340 678 1386 ἢ
702 1340 886 1388 δημοσίων
912 1341 1040 1390 φόρων
1062 1341 1214 1388 ἔκληψιν
1239 1339 1263 1385 ἢ
1287 1337 1392 1377 ἀπαί-

309 1398 415 1430 τησιν
431 1383 454 1430 ἢ
471 1385 649 1432 φροντίδα
665 1387 761 1422 οἴκου
775 1384 895 1422 αὐτοῖς
912 1387 1169 1423 πιστεύσαντες
1184 1384 1207 1431 ἢ
1224 1386 1394 1434 ἐγγυητὰς

311 1431 440 1466 αὐτοὺς
470 1430 560 1479 ὑπὲρ
589 1433 667 1467 τῶν
689 1433 1016 1478 μνημονευθεισῶν
1046 1434 1176 1468 αἰτιῶν
1205 1431 1394 1476 δεξάμενοι

308 1475 489 1522 μηδεμίαν
518 1477 612 1512 κατὰ
641 1479 703 1522 τῆς
733 1478 918 1522 ἐκκλησίας
948 1475 972 1522 ἢ
1001 1479 1067 1514 τοῦ
1096 1482 1339 1523 μοναστηρίου
1370 1474 1394 1520 ἢ

1462 1115 1583 1151 clerici
1606 1115 1667 1150 alii
1689 1114 1823 1150 fuerint
1844 1114 1914 1150 hoc
1937 1115 2191 1160 delinquentes,
2215 1125 2368 1161 poenam
2391 1126 2452 1153 eos
2475 1126 2540 1162 pe·

1461 1160 1656 1196 cuniariam
1687 1159 1827 1205 qualem
1850 1160 2040 1205 episcopus
2071 1170 2194 1196 eorum
2221 1161 2425 1206 probaverit
2447 1162 2540 1206 exigi

1460 1205 1632 1242 ecclesiae
1655 1205 1917 1241 vindicandam:
1950 1216 2030 1241 cum
2054 1205 2160 1241 etiam
2184 1206 2245 1251 qui
2269 1206 2541 1243 conductionem

1460 1251 1681 1287 teloneorum
1711 1254 1775 1286 aut
1800 1250 1990 1287 cuiuslibet
2019 1251 2255 1295 possessionis
2286 1255 2349 1287 aut
2379 1253 2540 1298 publica-

1255 1294 1279 1340 ἢ
1302 1307 1390 1330 otas·
1406 1298 1447 1330 25
1460 1307 1539 1332 rum
1571 1295 1801 1331 collationum
1833 1296 2098 1341 perceptionem
2132 1300 2196 1331 aut
2226 1297 2447 1333 exactionem
2477 1301 2541 1333 aut

1461 1341 1734 1378 sollicitudinem
1758 1341 1884 1377 domus
1907 1341 1996 1377 haec
2020 1341 2206 1377 credentes
2230 1345 2294 1377 aut
2314 1342 2540 1379 fideiussores

1461 1397 1522 1423 eos
1547 1397 1612 1432 pro
1627 1387 1830 1422 memoratis
1854 1387 1971 1422 causis
1996 1386 2232 1432 suscipientes
2255 1388 2390 1423 nullam
2415 1391 2541 1424 contra

1461 1432 1646 1468 ecclesiam
1678 1434 1742 1467 aut
1764 1432 2019 1468 monasterium
2050 1436 2114 1467 aut
2136 1442 2193 1468 res
2217 1432 2293 1469 eius
2325 1437 2388 1468 aut
2410 1433 2539 1478 guber-

1460 1478 1633 1519 nantium,
1658 1479 1724 1513 aut
1739 1481 1864 1513 contra
1887 1478 1966 1513 illas
1986 1487 2159 1522 personas
2183 1478 2310 1522 quibus
2327 1477 2542 1514 credideriut

309 1536 387 1576 των
410 1523 638 1578 πραγμάτων
663 1522 773 1558 αὐτοῦ
805 1522 828 1567 ἢ
851 1522 1068 1578 ὃίοικητῶνζ
1087 1522 1110 1568 ἢ
1133 1521 1216 1558 κατ’
1245 1526 1394 1557 ἐκείνων
1407 1525 1448 1558 30
1461 1526 1525 1559 aut
1549 1526 1675 1559 contra
1696 1522 1887 1558 facultates
1912 1525 1975 1558 aut
1989 1522 2217 1558 fideiussores
2242 1533 2365 1559 eorum
2386 1524 2542 1560 habeant

309 1581 387 1603 των
417 1580 633 1614 προςωπων,
667 1568 718 1603 οἷς
746 1581 1014 1612 πιστευσουσιν,
1046 1583 1068 1613 η
1098 1568 1191 1603 κατὰ
1227 1569 1306 1603 τῶν
1335 1565 1394 1602 οὐ·

310 1614 403 1649 σιῶν
425 1609 447 1657 ἢ
472 1615 655 1660 ἐγγυητῶν
687 1610 811 1649 αὐτῶν
841 1616 1023 1657 ἐχέτωσαν
1053 1611 1210 1661 ἀγωγήν.
1265 1615 1394 1648 ἐκεῖνοι

311 1657 351 1692 δὲ
379 1659 507 1694 οἵτινες
538 1657 724 1713 δημοσίων
754 1660 970 1695 συντελειῶν
1000 1657 1023 1703 ἢ
1045 1658 1163 1694 τελῶν
1189 1658 1340 1705 ἕκληψιν
1371 1656 1394 1702 ἢ

308 1704 501 1749 μίσθωσιν
523 1702 547 1748 ἢ
570 1708 769 1749 απαίτησιν
791 1708 874 1760 τοῖς,
886 1706 1171 1750 μνημονευθεῖσι
1194 1702 1395 1750 προςώποις

1462 1569 1648 1604 actionem.
1696 1569 1754 1603 Illi
1777 1579 1859 1604 vero
1891 1568 1951 1613 qui
1975 1568 2199 1613 publicarum
2223 1568 2452 1605 collationum
2479 1571 2542 1605 aut

1462 1614 1677 1649 tributorum
1708 1615 1971 1659 susceptionem
2002 1617 2066 1649 aut
2090 1614 2363 1650 conductionem
2394 1618 2457 1650 aut
2481 1625 2541 1650 ex-

1462 1659 1638 1695 actionem
1673 1659 1878 1695 memoratis
1913 1659 2074 1705 personis
2112 1659 2327 1695 crediderint
2360 1662 2424 1695 aut
2457 1659 2542 1695 fide-

1462 1705 1619 1741 iussores
1654 1713 1717 1741 eos
1752 1705 1970 1750 acceperint,
2007 1704 2039 1740 si
2070 1704 2165 1749 quod
2195 1704 2338 1750 publico
2374 1705 2542 1741 damnum

309 1748 567 1785 πιστεύσουσιν
589 1748 614 1794 ἢ
636 1750 807 1797 ἐγγυητὰς
831 1751 961 1785 αυτοὺς
985 1749 1159 1793 δέξαιντο,
1192 1750 1228 1783 εἴ
1256 1761 1310 1785 τις
1339 1751 1394 1793 τῷ
1406 1752 1449 1786 35
1463 1750 1663 1794 contingat,
1693 1750 1762 1786 hoc
1786 1760 1830 1786 ex
1852 1750 1998 1796 propria
2027 1749 2202 1786 facultate
2231 1751 2421 1787 restituere
2445 1760 2540 1787 com-

310 1793 471 1839 δημοσίῳ
496 1797 607 1840 ζημία
630 1799 806 1840 συμβαίη,
838 1794 977 1839 ταύτην
1005 1797 1045 1830 ἐκ
1068 1797 1131 1840 τῆς
1154 1795 1284 1830 οἰκείας
1305 1791 1394 1830 ύπο-

310 1837 473 1876 στάσεως
495 1839 801 1885 ἀποκαταστῆσαι
825 1838 1185 1888 ἀναγκασθήσονται.

1462 1795 1655 1841 pelluntur.

310 1977 395 2014 vina
416 1975 617 2012 ministeria
638 1974 891 2021 impediantur.
939 1974 983 2010 Si
1010 1985 1104 2021 quae
1135 1985 1219 2010 vero
1250 1973 1409 2010 ecclesiis
1441 1975 1497 2011 vel
1526 1974 1755 2010 monasteriis
1777 1974 2023 2020 possessiones
2047 1975 2206 2019 confines
2227 1975 2468 2019 inveniantur,
2499 1987 2543 2012 ac

310 2021 422 2059 velint
443 2020 757 2057 administratores
780 2018 974 2055 earundem
998 2018 1255 2056 venerabilium
1278 2018 1448 2054 domuum
1470 2020 1509 2054 in
1525 2019 1799 2055 conductionem
1822 2019 1878 2055 vel
1900 2019 2149 2066 emphyteusin
2173 2031 2235 2056 eas
2258 2022 2433 2068 accipere,
2459 2025 2544 2058 tunc

310 2065 474 2103 omnibus
497 2065 637 2101 clericis
660 2069 696 2101 et
719 2064 906 2100 monachis
927 2075 999 2111 pro
1025 2064 1157 2100 talibus
1180 2064 1301 2100 causis
1332 2064 1390 2100 vel
1414 2065 1453 2099 in
1476 2065 1491 2100 i
1515 2075 1556 2099 so
1580 2065 1817 2100 instrumento
1849 2063 1905 2100 vel
1928 2075 2002 2110 per
2024 2069 2189 2101 actorum
2221 2066 2484 2146 confectionem
2508 2071 2544 2103 et

311 2111 614 2148 consentientibus
642 2113 678 2147 et
704 2120 775 2156 pro
807 2110 963 2146 utilitate
985 2109 1250 2146 ‘venerabilium
1279 2108 1440 2145 locorum

1497 2119 1540 2145 oc
1568 2109 1653 2154 fieri
1682 2109 1961 2152 declarantibus,
1996 2110 2172 2146 eiusmodi
2203 2121 2271 2147 con
2298 2111 2476 2147 actionem
2507 2117 2544 2148 et

311 2156 561 2205 emphyteusin
585 2155 790 2203 procedere
815 2155 1069 2202 permittimus.
1118 2154 1192 2191 Sed
1219 2158 1255 2190 et
1284 2154 1376 2201 ipsis
1406 2155 1643 2190 sanctissimis
1674 2155 1834 2191 ecclesiis
1863 2155 2061 2202 ceterisque
2088 2155 2350 2192 venerabilibus
2379 2156 2544 2194 domibus

309 2203 526 2249 facultatem
549 2201 678 2238 damus
697 2200 952 2236 conductiones
974 2204 1010 2236 et
1033 2199 1282 2247 emphyteuses
1305 2200 1400 2236 inter
1414 2211 1453 2236 se
1474 2199 1651 2246 faciendi,
1675 2204 1711 2236 et
1729 2200 1870 2236 clericis
1889 2200 2055 2237 similiter
2077 2205 2117 2236 ut
2139 2201 2371 2237 ecclesiarum
2394 2212 2543 2238 suarum

308 2248 555 2296 possessiones
583 2245 789 2282 conducant
820 2249 856 2281 et
874 2245 1141 2287 ‚administrent
1169 2247 1359 2288 (consensu
1383 2248 1502 2282 tamen
1524 2246 1690 2292 episcopi
1710 2250 1747 2282 et
1769 2246 1966 2288 oeconomi)
1992 2246 2244 2293 permittimus,
2275 2248 2439 2294 eoeccptis
2457 2259 2543 2294 per-

310 2294 410 2329 sonis
432 2303 526 2339 quas
549 2303 622 2338 per
645 2291 757 2327 aliam
780 2290 893 2338 legem
924 2291 993 2327 hoc
1014 2291 1142 2337 facere
1163 2290 1427 2337 prohibuimus.
1474 2290 1518 2326 Si
1539 2291 1620 2337 quis
1651 2295 1768 2327 autem
1792 2291 1880 2336 quid
1903 2295 2033 2327 contra
2063 2303 2107 2328 ea
2129 2302 2224 2344 quac
2254 2292 2352 2327 dicta
2379 2298 2465 2328 sunt
2485 2293 2542 2339 fe-

311 2339 411 2381 cerit,
434 2339 469 2374 si
490 2338 632 2384 quidem
656 2337 848 2384 episcopus
870 2337 928 2379 sit,
953 2347 1076 2372 omnes
1099 2336 1176 2372 eius
1198 2346 1258 2372 res
1280 2346 1373 2382 quae
1397 2347 1447 2372 ex
1464 2346 1692 2382 quacumque
1715 2346 1826 2372 causa
1849 2336 1905 2372 vel
1920 2347 2087 2383 persona
2109 2348 2182 2374 ςιυε
2197 2341 2281 2373 ante
2296 2338 2542 2384 episcopatum

310 2385 385 2421 sive
403 2389 536 2430 postea
560 2382 611 2419 ad
632 2393 712 2419 eum
733 2382 965 2428 pervenerint
993 2382 1165 2418 ecclesiae
1187 2382 1265 2417 eius
1287 2381 1464 2416 vindicari
1486 2382 1692 2423 sancimus;
1727 2381 1783 2417 sin
1806 2386 1923 2416 autem
1948 2382 2135 2418 oeconomi
2162 2382 2217 2418 vel
2239 2382 2303 2418 alii
2326 2382 2449 2418 clerici
2470 2384 2545 2419 sint

311 2430 377 2476 qui
398 2429 437 2464 id
457 2427 717 2470 commiserint,
747 2427 997 2474 pecuniariam
1026 2426 1072 2463 ab
1103 2427 1149 2463 iis
1169 2437 1331 2473 poenam
1363 2437 1472 2472 quam
1505 2427 1697 2474 episcopus
1726 2437 1851 2463 eorum
1875 2428 2117 2464 aestimaverit
2146 2427 2250 2474 exiqi
2269 2428 2442 2463 ecclesiae
2464 2429 2542 2464 vin-

311 2473 522 2510 dicandam:
557 2472 849 2520 quandoquidem
880 2472 989 2508 etiam
1019 2472 1083 2518 qui
1114 2472 1326 2508 locationem
1349 2471 1578 2518 vectiqalium
1611 2472 1668 2508 vel
1689 2473 1943 2517 cuiuscumque
1965 2472 2209 2519 possessionis
2238 2472 2293 2509 vel
2308 2472 2543 2519 publicorum

312 2519 527 2556 tributorum
556 2520 818 2565 susceptionem
854 2517 910 2555 vel
939 2517 1168 2554 exactionem
1202 2517 1259 2553 vel
1288 2518 1510 2554 curationem
1549 2517 1677 2553 domus
1714 2517 1760 2553 iis
1789 2516 2004 2553 crediderint
2039 2518 2095 2553 vel
2119 2517 2352 2563 fideiussores
2379 2529 2440 2554 eos
2467 2530 2542 2565 pro

311 2564 517 2601 memoratis
540 2565 661 2600 causis
683 2564 900 2610 acceperint,
924 2562 1062 2599 nullam
1085 2566 1214 2599 contra
1238 2562 1424 2599 ecclesiam
1446 2562 1504 2599 vel
1521 2563 1778 2599 monasterium
1801 2562 1857 2598 vel
1877 2573 1937 2597 res
1960 2564 2037 2598 eius
2059 2563 2115 2599 vel
2133 2563 2455 2607 administratores,
2487 2565 2544 2600 vel

311 2614 441 2646 contra
471 2619 534 2646 eas
561 2619 742 2656 personas
773 2608 902 2654 quibus
931 2607 1151 2644 crediderint
1183 2607 1240 2644 vel
1262 2611 1391 2644 contra
1417 2608 1641 2644 substantias
1673 2612 1738 2644 aut
1763 2607 1996 2653 fideiussores
2023 2619 2147 2644 eorum
2175 2608 2352 2644 actionem
2375 2608 2541 2646 habeant.

311 2654 375 2691 Illi
398 2651 516 2691 liutem
545 2654 609 2701 qui
635 2654 865 2701 publicorum
896 2653 1112 2689 tributorum
1138 2657 1202 2689 aut
1222 2653 1451 2699 vectiqalium
1472 2654 1735 2700 susceptionem
1764 2652 1820 2690 vel
1843 2653 2056 2688 locationem
2085 2654 2142 2689 vel
2163 2653 2391 2690 exactionem
2413 2665 2542 2691 memo-

311 2700 404 2737 ratis
419 2700 594 2748 personis
616 2699 835 2736 crediderint
857 2699 914 2736 vel
931 2699 1165 2744 fideiussores
1187 2710 1247 2735 eos
1270 2699 1486 2746 acceperint,
1517 2699 1552 2735 si
1573 2699 1672 2745 quod
1693 2698 1862 2734 damnum
1879 2698 2030 2745 publico
2054 2699 2266 2745 contiqerit,
2295 2698 2363 2735 hoc
2385 2710 2436 2737 ex
2454 2710 2543 2747 pro-

308 2746 396 2794 pria
417 2746 622 2782 substantia
643 2745 822 2781 resarcire
844 2744 1117 2792 compellentur.

1472 2878 1530 2924 Vn
1546 2881 1564 2912 7
1581 2889 1602 2911 a
1617 2878 1901 2912 consentientibus
1918 2879 1970 2912 Τ1
1988 2878 2002 2924 11
2025 2881 2043 2914 8
2062 2879 2294 2913 conductorem
2313 2880 2365 2913 Τι
2390 2881 2541 2914 »notio-

313 2928 466 2962 καὶτῶν
482 2925 660 2971 κληρικῶν
721 2930 734 2948 ⁸
756 2926 769 2970 11
795 2928 815 2960 5
839 2926 917 2960 τῶν
931 2925 1115 2970 μοναχῶν]
1140 2925 1217 2959 τῶν
1241 2937 1296 2958 om.
1312 2926 1362 2958 La
1384 2924 1397 2970 ΙΙ
1463 2935 1538 2957 nem
1562 2924 1611 2958 Β1
1633 2924 1646 2967 ΙΙ
1671 2925 1691 2958 9
1716 2924 1935 2966 emphiteosin
1957 2925 1991 2958 R
2015 2925 2028 2967 11
2049 2925 2242 2968 praecedere
2265 2926 2298 2958 R
2316 2924 2329 2969 ΙΙ
2353 2925 2485 2959 finimus
2507 2927 2542 2960 R

314 2975 335 3008 6
358 2970 381 3016 ἢ
404 2984 490 3009 omar
507 2972 520 3016 11
536 2971 559 3014 ἢ
583 2982 639 3006 om.
654 2982 675 3008 ς
688 2970 701 3016 11
721 2973 739 3005 ’7
762 2974 823 3004 καὶ
845 2970 1131 3012 συναινούντων]
1156 2969 1336 3004 κατατιθε
1363 2971 1395 3004 έ-
1463 2970 1603 3002 siminus
1622 2969 1675 3003 V¹
1697 2969 1837 3002 sinimus
1856 2969 2003 3003 ecclesiis
2024 2971 2076 3004 Τι
2092 2970 2106 3014 11
2125 2972 2164 3005 10
2188 2970 2310 3003 sanctis
2333 2971 2387 3015 Vn
2406 2973 2443 3006 11
2463 2982 2540 3004 con-

312 3031 392 3053 νων
407 3020 468 3051 καὶ
483 3014 757 3052 συναινούντων
769 3017 831 3059 13⁸,
855 3019 915 3050 καὶ
936 3029 991 3050 om.
1006 3017 1059 3053 Sc
1076 3016 1088 3060 ΙΙ
1108 3018 1148 3051 11
1168 3013 1299 3057 ἄλλοις]
1323 2983 1395 3049 λιόι-
1463 3015 1635 3048 ductiones
1658 3026 1714 3048 om.
1727 3015 1776 3047 R¹
1794 3015 1807 3058 11
1825 3016 2044 3058 emphiteosin
2063 3016 2133 3049 ΒΤ
2146 3016 2158 3059 ΙΙ
2183 3017 2225 3051 12
2250 3015 2362 3049 clerici
2386 3017 2455 3050 ΒΤ
2466 3016 2479 3057 ΙΙ
2500 3018 2539 3050 13

314 3066 392 3098 ποῖς
406 3064 437 3097 L
456 3063 469 3107 11
487 3064 528 3097 12
552 3059 705 3105 ἀλλήλας
721 3061 874 3096 Nemee-‚d
892 3061 905 3106 11
920 3061 1003 3096 τοὺς
1022 3059 1206 3106 κληρικοὺς
1218 3060 1369 3096 Nomoe.‘¹
1463 3060 1604 3093 conduci
1629 3059 1741 3093 R¹T¹
1764 3059 1777 3104 11
1806 3062 1847 3094 14
1871 3063 1981 3093 tamen
2006 3072 2061 3094 om.
2083 3062 2115 3094 V
2132 3060 2145 3104 11
2169 3060 2282 3104 yconii
2306 3061 2339 3094 T
2347 3061 2358 3082 ¹
2376 3061 2388 3105 11
2414 3063 2455 3096 15
2479 3062 2540 3094 hoc

316 3111 359 3144 14
373 3109 438 3143 τοῦ
455 3107 644 3152 οἰκονόμου
659 3109 720 3140 καὶ
735 3107 800 3141 τοῦ
817 3103 1018 3142 ἐπισκόπου
1031 3106 1184 3141 Nemee-‘¹
1207 3107 1219 3150 ΙΙ
1245 3107 1287 3141 16
1303 3101 1330 3138 o‘i
1344 3106 1373 3140 S
1464 3119 1522 3139 om.
1537 3105 1587 3139 T¹
1604 3105 1617 3149 ΙΙ
1637 3106 1677 3140 16
1693 3105 1907 3148 prohibemus
1923 3106 2102 3140 tribuimus
2117 3106 2309 3148 (tribuimus
2325 3107 2387 3140 del.
2404 3106 2465 3148 T2)
2485 3107 2517 3140 T
2528 3107 2540 3150 11

313 3151 439 3198 νόμου]
459 3154 535 3188 cod.
552 3156 581 3195 1,
595 3161 622 3196 2,
636 3160 672 3187 24
689 3157 704 3193 ἓ
720 3161 744 3187 1.
758 3160 775 3187 8
793 3152 805 3196 11
823 3150 1066 3195 ἐκωλύσαμεν]
1091 3153 1248 3195 reliquam
1267 3158 1394 3195 partem
1463 3161 1525 3184 con
1538 3151 1571 3184 R
1587 3151 1600 3193 11
1621 3153 1660 3185 17
1674 3150 1788 3192 tuerit]
1805 3151 1920 3184 feccrit
1932 3151 1989 3196 Ru
2001 3152 2107 3184 omnis
2124 3150 2165 3184 T¹
2180 3150 2193 3195 11
2214 3153 2254 3186 18
2273 3162 2311 3184 ex
2325 3151 2484 3193 qualibet]
2501 3162 2541 3184 ex

314 3202 434 3278 iffi?
450 3211 515 3278 ‚31:²1
528 3198 593 3278 732¹!
618 3200 658 3278 {3
682 3196 886 3284 {exsti
909 3196 1178 3283 ffssfflifss
1190 3194 1395 3275 ‘25‘2‘32213’5
1463 3196 2093 3286 οθῗῖῗὶἒῧῇἑῑὲῗῗὲ·ἳῗὲἒιῖἶῗὲἇζ
2108 3195 2540 3287 1713ιρῖῗῖιὲἲῖἶέἓῗῗῗ

314 3290 475 3324 Nomai-2¹·
498 3256 582 3333 1177τά
606 3288 645 3328 ἐξ
668 3287 712 3322 Μ
716 3286 906 3331 Nemee-dm]
930 3287 977 3322 τὰ
1002 3299 1057 3322 om.
1073 3288 1143 3322 LB
1159 3287 1172 3331 11
1199 3289 1239 3321 19
1263 3286 1396 3328 σκοπῆς
1464 3288 1548 3330 vuly.
1561 3288 1633 3328 (sed
1643 3288 1685 3330 cf.
1699 3286 1775 3329 lut.)
1794 3286 1806 3330 11
1824 3289 1868 3320 24
1883 3287 2090 3321 teloneorum
2110 3286 2203 3328 VT³J
2224 3286 2470 3320 teloniorumR
2489 3287 2537 3318 te·

315 3335 477 3369 Non-ocar-
498 3334 511 3379 11
542 3336 585 3368 20
609 3331 867 3378 περιελθόντα]
901 3333 974 3368 εἴτε
1003 3331 1075 3378 πρὸ
1107 3333 1170 3375 τῆς
1202 3331 1397 3374 ἐπισκοπῆς
1464 3331 1649 3364 lonicorum
1663 3331 1716 3365 T*
1731 3331 1744 3375 11
1761 3333 1981 3374 possessiones
2001 3333 2052 3366 V⁰
2065 3331 2077 3377 11
2087 3334 2146 3364 aut
2161 3344 2216 3366 om.
2228 3332 2289 3377 Ru
2308 3334 2350 3366 25
2362 3330 2538 3364 collatione

315 3379 386 3413 εἴτε
407 3378 498 3424 μετὰ
521 3379 640 3414 ταῦτα
664 3380 741 3413 add.
755 3378 909 3413 Nomoc.‘²
938 3378 951 3423 11
979 3380 1023 3413 24
1047 3374 1264 3422 *δοκιμάσοι
1288 3378 1364 3411 libri
1472 3376 1551 3420 1⁷³ss
1568 3377 1815 3420 perceptionum
1840 3380 1899 3410 aut
1924 3378 2133 3411 exactionum
2154 3377 2430 3419 tibri,eorr.vu19.
2449 3374 2462 3418 11
2479 3377 2538 3408 aut

1465 3433 1519 3455 om.
1542 3422 1575 3455 V
1595 3423 1608 3465 11
1631 3423 1675 3456 26
1698 3423 1928 3456 contradentes
1951 3423 1984 3456 R
2007 3422 2021 3466 11
2048 3422 2276 3456 fideiussiones
2300 3420 2351 3454 T¹
2375 3420 2432 3458 (id.
2447 3422 2504 3462 30)
2526 3421 2538 3464 11

1465 3468 1507 3501 28
1531 3467 1670 3500 ecclesia
1689 3468 1723 3501 R
1738 3467 1751 3511 11
1780 3468 1822 3501 30
1846 3467 1969 3501 habent
1994 3469 2026 3501 T
2045 3468 2057 3511 11
2084 3469 2126 3503 31
2151 3467 2297 3500 actiones
2317 3464 2427 3504 RVT,
2454 3477 2534 3498 corr.

1463 3513 1548 3556 vulq.
1566 3512 1579 3556 11
1596 3512 1807 3556 publicorum
1821 3513 1868 3546 ΕΙ
1886 3512 1899 3557 11
1915 3514 1957 3547 32
1970 3513 2209 3556 suspectionem
2228 3510 2275 3544 V¹
2291 3509 2304 3552 11
2321 3509 2535 3542 conducerem

1463 3557 1511 3590 13¹
1529 3557 1541 3600 ΙΙ
1558 3562 1617 3590 aut
1633 3559 1833 3591 exactionem
1859 3569 1914 3591 om.
1940 3557 1994 3603 Vn
2013 3559 2055 3592 33
2072 3554 2248 3590 crediderit
2266 3553 2314 3586 R¹
2331 3553 2343 3596 ΙΙ
2361 3555 2404 3588 34
2422 3565 2535 3587 eorum

1466 3602 1514 3636 T¹
1540 3602 1552 3645 ΙΙ
1572 3603 1755 3646 acciperint
1777 3603 1811 3636 V
1825 3602 1990 3646 acceperit
2010 3601 2099 3642 RT¹
2126 3600 2140 3644 Ι
2167 3598 2267 3641 qnod]
2292 3599 2424 3640 quidem
2452 3600 2484 3633 T
2492 3601 2500 3620 ¹
2523 3598 2536 3644 11

1461 3646 1704 3736 ἳίιιιδιῖίοιιπιὴέἐ
1724 3648 1756 3728 11
1772 3648 1950 3691 dampnum
1969 3646 2078 3687 R’T]
2106 3643 2225 3678 amno
2248 3643 2337 3678 R²V
2365 3644 2444 3678 dum
2466 3654 2535 3678 non

379 2884 400 2917 2
424 2878 629 2927 εὑρεθῶσιν
653 2881 681 2914 S
698 2879 704 2925 1
733 2882 753 2915 3
778 2878 902 2915 αὐτῶν
925 2881 1027 2915 om.L
1043 2880 1056 2924 11
1081 2882 1103 2914 4
1125 2881 1203 2914 τῶν
1223 2880 1396 2924 μοναχῶν

317 3426 357 3458 27
383 3421 516 3466 αὐτοῖς]
540 3425 622 3458 haee
645 3423 693 3497 ςμ
720 3425 762 3459 28
787 3421 878 3470 ὑπὲρ
899 3442 946 3450 -
969 3423 1100 3458 αἰτιῶν
1124 3423 1357 3457 om.Nomoc-'¹'

316 3470 356 3503 31
383 3468 617 3503 πιστεύουσιν
641 3470 675 3502 Β
703 3469 864 3504 Νοιηοο.”·
887 3469 900 3513 11
931 3470 974 3504 32
1000 3465 1124 3503 αὐτῶν
1156 3481 1214 3502 om.
1235 3466 1289 3501 B!
1311 3466 1324 3511 ΙΙ
1353 3468 1396 3502 35

317 3514 546 3548 πιστεύουσιν
569 3514 798 3552 LBNomoc.‘¹
819 3515 833 3559 11
857 3511 1025 3555 δέξαιντο
1046 3512 1212 3555 Nomocst]
1235 3509 1396 3553 δέξοιντο

320 3558 443 3592 ΜΕΒῙ
473 3557 638 3598 δέξονται
657 3560 708 3594 B⁶

367 3647 382 3678 1
398 3646 546 3680 misteria
559 3649 645 3689 libri,
657 3661 742 3683 corr.
753 3650 843 3692 vulq.
859 3648 873 3692 11
889 3648 1082 3692 inpediatur
1097 3649 1131 3683 T
1137 3650 1146 3669 ¹
1170 3646 1396 3693 impediatRfl

320 3689 341 3723 3
358 3690 504 3724 uoluerit
522 3692 554 3724 T
559 3691 570 3712 ¹
586 3692 599 3736 11
617 3694 638 3726 4
653 3693 873 3726 conductione
894 3694 949 3737 Vll
967 3693 1176 3736 enphiteosin
1190 3694 1223 3727 T
1236 3694 1249 3736 11
1265 3695 1286 3728 6
1300 3693 1394 3727 iestis
