<?xml version="1.0" encoding="UTF-8"?>
<!DOCTYPE html PUBLIC "-//W3C//DTD XHTML 1.0 Transitional//EN"
    "http://www.w3.org/TR/xhtml1/DTD/xhtml1-transitional.dtd">
<html xmlns="http://www.w3.org/1999/xhtml" xml:lang="en" lang="en">
 <head>
  <title>
</title>
<meta http-equiv="Content-Type" content="text/html;charset=utf-8" />
  <meta name='ocr-system' content='tesseract 3.04.00' />
  <meta name='ocr-capabilities' content='ocr_page ocr_carea ocr_par ocr_line ocrx_word'/>
</head>
<body>
  <div class='ocr_page' id='page_1' title='image "./corpusiuriscivil03krueuoft_0179.png"; bbox 0 0 2618 4010; ppageno 0'>
   <div class='ocr_carea' id='block_1_1' title="bbox 0 3762 11 4002">
    <p class='ocr_par' dir='ltr' id='par_1_1' title="bbox 0 3762 11 4002">
     <span class='ocr_line' id='line_1_1' title="bbox 0 3762 11 4002; textangle 90"><span class='ocrx_word' id='word_1_1' title='bbox 0 3864 11 4002; x_wconf 45' lang='lat' dir='ltr'><strong>&#39;x-q4⁷u,=m-‹—r⁴«-</strong></span> <span class='ocrx_word' id='word_1_2' title='bbox 0 3834 5 3846; x_wconf 81' lang='grc'><strong>,-</strong></span> <span class='ocrx_word' id='word_1_3' title='bbox 0 3786 5 3825; x_wconf 49' lang='lat'><em>-⁴-.-</em></span> <span class='ocrx_word' id='word_1_4' title='bbox 0 3762 3 3771; x_wconf 35' lang='grc' dir='ltr'><strong>μ</strong></span> 
     </span>
    </p>
   </div>
   <div class='ocr_carea' id='block_1_2' title="bbox 169 110 2395 165">
    <p class='ocr_par' dir='ltr' id='par_1_2' title="bbox 169 110 2395 165">
     <span class='ocr_line' id='line_1_2' title="bbox 169 110 2395 165; baseline -0.007 0"><span class='ocrx_word' id='word_1_5' title='bbox 169 134 230 165; x_wconf 78' lang='lat' dir='ltr'><strong>nn</strong></span> <span class='ocrx_word' id='word_1_6' title='bbox 255 130 434 164; x_wconf 65' lang='lat' dir='ltr'><strong>numus</strong></span> <span class='ocrx_word' id='word_1_7' title='bbox 1249 110 1326 158; x_wconf 79' lang='lat'><strong>149</strong></span> <span class='ocrx_word' id='word_1_8' title='bbox 1995 111 2101 155; x_wconf 86' lang='lat' dir='ltr'><strong>Nov.</strong></span> <span class='ocrx_word' id='word_1_9' title='bbox 2134 110 2257 153; x_wconf 86' lang='lat' dir='ltr'>XXII</span> <span class='ocrx_word' id='word_1_10' title='bbox 2288 112 2395 151; x_wconf 74' lang='lat'>2—-4</span> 
     </span>
    </p>
   </div>
   <div class='ocr_carea' id='block_1_3' title="bbox 169 221 2397 780">
    <p class='ocr_par' dir='ltr' id='par_1_3' title="bbox 169 221 2397 459">
     <span class='ocr_line' id='line_1_3' title="bbox 169 221 2397 280; baseline -0.005 -13"><span class='ocrx_word' id='word_1_11' title='bbox 169 231 340 280; x_wconf 77' lang='grc' dir='ltr'><strong><em>γλῶτταν</em></strong></span> <span class='ocrx_word' id='word_1_12' title='bbox 361 225 500 266; x_wconf 64' lang='lat' dir='ltr'><strong>otmar</strong></span> <span class='ocrx_word' id='word_1_13' title='bbox 521 241 590 264; x_wconf 86' lang='grc' dir='ltr'><strong>που</strong></span> <span class='ocrx_word' id='word_1_14' title='bbox 615 227 747 276; x_wconf 75' lang='grc' dir='ltr'><strong><em>λόγων·</em></strong></span> <span class='ocrx_word' id='word_1_15' title='bbox 785 228 838 263; x_wconf 88' lang='lat' dir='ltr'><strong>uti</strong></span> <span class='ocrx_word' id='word_1_16' title='bbox 861 228 1007 274; x_wconf 87' lang='lat' dir='ltr'><strong>legassit</strong></span> <span class='ocrx_word' id='word_1_17' title='bbox 1031 227 1181 274; x_wconf 88' lang='lat' dir='ltr'><strong>quisque</strong></span> <span class='ocrx_word' id='word_1_18' title='bbox 1204 226 1248 262; x_wconf 88' lang='lat' dir='ltr'><strong>de</strong></span> <span class='ocrx_word' id='word_1_19' title='bbox 1316 225 1473 270; x_wconf 82' lang='lat' dir='ltr'><strong>linguam</strong></span> <span class='ocrx_word' id='word_1_20' title='bbox 1503 224 1556 260; x_wconf 83' lang='lat' dir='ltr'><strong>ita</strong></span> <span class='ocrx_word' id='word_1_21' title='bbox 1585 222 1725 259; x_wconf 85' lang='lat' dir='ltr'><strong>dicens:</strong></span> <span class='ocrx_word' id='word_1_22' title='bbox 1764 223 1839 259; x_wconf 90' lang='lat' dir='ltr'><strong>Uti</strong></span> <span class='ocrx_word' id='word_1_23' title='bbox 1874 223 2081 268; x_wconf 74' lang='lat' dir='ltr'><strong>legasset</strong></span> <span class='ocrx_word' id='word_1_24' title='bbox 2115 221 2310 268; x_wconf 84' lang='lat' dir='ltr'><strong>quisque</strong></span> <span class='ocrx_word' id='word_1_25' title='bbox 2345 221 2397 256; x_wconf 83' lang='lat' dir='ltr'><strong>dc</strong></span> 
     </span>
     <span class='ocr_line' id='line_1_4' title="bbox 171 266 2396 328; baseline -0.005 -14"><span class='ocrx_word' id='word_1_26' title='bbox 171 288 237 314; x_wconf 88' lang='lat' dir='ltr'><strong>sua</strong></span> <span class='ocrx_word' id='word_1_27' title='bbox 259 287 316 320; x_wconf 82' lang='lat' dir='ltr'><strong>re,</strong></span> <span class='ocrx_word' id='word_1_28' title='bbox 344 276 397 312; x_wconf 86' lang='lat' dir='ltr'><strong>ita</strong></span> <span class='ocrx_word' id='word_1_29' title='bbox 419 275 480 312; x_wconf 86' lang='lat' dir='ltr'><strong>ius</strong></span> <span class='ocrx_word' id='word_1_30' title='bbox 511 276 601 310; x_wconf 87' lang='lat' dir='ltr'><strong>esto.</strong></span> <span class='ocrx_word' id='word_1_31' title='bbox 650 270 793 309; x_wconf 79' lang='grc' dir='ltr'><strong><em>οὐδενὸς</em></strong></span> <span class='ocrx_word' id='word_1_32' title='bbox 825 271 1023 328; x_wconf 70' lang='grc' dir='ltr'><strong><em>δυναμένου</em></strong></span> <span class='ocrx_word' id='word_1_33' title='bbox 1053 271 1151 320; x_wconf 79' lang='grc' dir='ltr'><strong><em>παρὰ</em></strong></span> <span class='ocrx_word' id='word_1_34' title='bbox 1179 271 1248 306; x_wconf 76' lang='grc' dir='ltr'><strong>τ“ν</strong></span> <span class='ocrx_word' id='word_1_35' title='bbox 1317 281 1395 307; x_wconf 83' lang='lat' dir='ltr'><strong>sua</strong></span> <span class='ocrx_word' id='word_1_36' title='bbox 1425 280 1490 313; x_wconf 90' lang='lat' dir='ltr'><strong>re,</strong></span> <span class='ocrx_word' id='word_1_37' title='bbox 1526 269 1594 307; x_wconf 84' lang='lat' dir='ltr'><strong>ita</strong></span> <span class='ocrx_word' id='word_1_38' title='bbox 1623 268 1695 304; x_wconf 86' lang='lat' dir='ltr'><strong>ius</strong></span> <span class='ocrx_word' id='word_1_39' title='bbox 1720 272 1833 304; x_wconf 83' lang='lat' dir='ltr'><strong>esto.</strong></span> <span class='ocrx_word' id='word_1_40' title='bbox 1881 269 1988 304; x_wconf 85' lang='lat' dir='ltr'><strong>Nullo</strong></span> <span class='ocrx_word' id='word_1_41' title='bbox 2021 268 2162 305; x_wconf 85' lang='lat' dir='ltr'><strong>valente</strong></span> <span class='ocrx_word' id='word_1_42' title='bbox 2186 267 2278 303; x_wconf 85' lang='lat' dir='ltr'><strong>citra</strong></span> <span class='ocrx_word' id='word_1_43' title='bbox 2300 266 2396 302; x_wconf 88' lang='lat' dir='ltr'><strong>illius</strong></span> 
     </span>
     <span class='ocr_line' id='line_1_5' title="bbox 170 312 2397 370; baseline -0.005 -12"><span class='ocrx_word' id='word_1_44' title='bbox 170 325 306 358; x_wconf 70' lang='grc' dir='ltr'><strong><em>ἐκείνου</em></strong></span> <span class='ocrx_word' id='word_1_45' title='bbox 327 319 488 370; x_wconf 77' lang='grc' dir='ltr'><strong><em>γνώμην,</em></strong></span> <span class='ocrx_word' id='word_1_46' title='bbox 512 316 591 354; x_wconf 82' lang='grc' dir='ltr'><strong><em>οὐδ’</em></strong></span> <span class='ocrx_word' id='word_1_47' title='bbox 613 315 658 353; x_wconf 80' lang='grc' dir='ltr'><strong>ἂν</strong></span> <span class='ocrx_word' id='word_1_48' title='bbox 676 319 708 353; x_wconf 81' lang='grc' dir='ltr'><strong><em>εἰ</em></strong></span> <span class='ocrx_word' id='word_1_49' title='bbox 727 319 834 353; x_wconf 81' lang='grc' dir='ltr'><strong><em>θεῖον</em></strong></span> <span class='ocrx_word' id='word_1_50' title='bbox 854 332 1009 366; x_wconf 83' lang='grc' dir='ltr'><strong><em>πραττοι</em></strong></span> <span class='ocrx_word' id='word_1_51' title='bbox 1026 317 1145 354; x_wconf 88' lang='grc' dir='ltr'><strong><em>τύπον</em></strong></span> <span class='ocrx_word' id='word_1_52' title='bbox 1163 315 1204 352; x_wconf 76' lang='grc' dir='ltr'><strong>οὗ</strong></span> <span class='ocrx_word' id='word_1_53' title='bbox 1234 315 1244 328; x_wconf 89' lang='lat'><em>&#39;</em></span> <span class='ocrx_word' id='word_1_54' title='bbox 1315 317 1555 358; x_wconf 85' lang='lat' dir='ltr'><strong>voluntatem,</strong></span> <span class='ocrx_word' id='word_1_55' title='bbox 1587 324 1654 351; x_wconf 88' lang='lat' dir='ltr'><strong>nec</strong></span> <span class='ocrx_word' id='word_1_56' title='bbox 1686 314 1718 350; x_wconf 87' lang='lat' dir='ltr'><strong>si</strong></span> <span class='ocrx_word' id='word_1_57' title='bbox 1749 324 1887 349; x_wconf 84' lang='lat' dir='ltr'><strong>sacram</strong></span> <span class='ocrx_word' id='word_1_58' title='bbox 1912 315 2077 359; x_wconf 79' lang='lat' dir='ltr'><strong>impetret</strong></span> <span class='ocrx_word' id='word_1_59' title='bbox 2099 314 2252 350; x_wconf 77' lang='lat' dir='ltr'><strong>formam</strong></span> <span class='ocrx_word' id='word_1_60' title='bbox 2276 323 2343 348; x_wconf 90' lang='lat' dir='ltr'><strong>nec</strong></span> <span class='ocrx_word' id='word_1_61' title='bbox 2367 312 2397 347; x_wconf 87' lang='lat' dir='ltr'><strong>si</strong></span> 
     </span>
     <span class='ocr_line' id='line_1_6' title="bbox 169 357 2397 414; baseline -0.004 -12"><span class='ocrx_word' id='word_1_62' title='bbox 169 364 217 402; x_wconf 75' lang='grc' dir='ltr'><strong>ἂν</strong></span> <span class='ocrx_word' id='word_1_63' title='bbox 239 367 276 402; x_wconf 77' lang='grc' dir='ltr'><strong><em>εἴ</em></strong></span> <span class='ocrx_word' id='word_1_64' title='bbox 292 380 330 402; x_wconf 88' lang='grc' dir='ltr'><strong>τι</strong></span> <span class='ocrx_word' id='word_1_65' title='bbox 351 367 430 402; x_wconf 83' lang='grc' dir='ltr'><strong>τῶν</strong></span> <span class='ocrx_word' id='word_1_66' title='bbox 451 363 620 407; x_wconf 85' lang='grc' dir='ltr'><strong><em>πάντων,</em></strong></span> <span class='ocrx_word' id='word_1_67' title='bbox 652 363 777 411; x_wconf 72' lang='grc' dir='ltr'><strong><em>ἕτερόν</em></strong></span> <span class='ocrx_word' id='word_1_68' title='bbox 799 378 836 399; x_wconf 87' lang='grc' dir='ltr'><strong>τι</strong></span> <span class='ocrx_word' id='word_1_69' title='bbox 860 362 1162 412; x_wconf 78' lang='grc' dir='ltr'><strong><em>παραδιατυποῦν</em></strong></span> <span class='ocrx_word' id='word_1_70' title='bbox 1186 365 1247 399; x_wconf 76' lang='grc' dir='ltr'><strong>ἐπὶ</strong></span> <span class='ocrx_word' id='word_1_71' title='bbox 1315 362 1498 414; x_wconf 80' lang='lat' dir='ltr'><strong>quippiam</strong></span> <span class='ocrx_word' id='word_1_72' title='bbox 1521 359 1620 397; x_wconf 80' lang='lat' dir='ltr'><strong>aliud</strong></span> <span class='ocrx_word' id='word_1_73' title='bbox 1644 359 1820 402; x_wconf 89' lang='lat' dir='ltr'><strong>omnium,</strong></span> <span class='ocrx_word' id='word_1_74' title='bbox 1851 359 1985 405; x_wconf 87' lang='lat' dir='ltr'><strong>aliquid</strong></span> <span class='ocrx_word' id='word_1_75' title='bbox 2012 360 2118 395; x_wconf 82' lang='lat' dir='ltr'><strong>aliter</strong></span> <span class='ocrx_word' id='word_1_76' title='bbox 2146 359 2336 405; x_wconf 80' lang='lat' dir='ltr'><strong>disponere</strong></span> <span class='ocrx_word' id='word_1_77' title='bbox 2359 357 2397 393; x_wconf 92' lang='lat' dir='ltr'><strong>in</strong></span> 
     </span>
     <span class='ocr_line' id='line_1_7' title="bbox 170 407 1449 459; baseline -0.005 -11"><span class='ocrx_word' id='word_1_78' title='bbox 170 415 244 448; x_wconf 86' lang='grc' dir='ltr'><strong><em>τοῖς</em></strong></span> <span class='ocrx_word' id='word_1_79' title='bbox 266 410 473 459; x_wconf 78' lang='grc' dir='ltr'><strong><em>ἀλλοτρίοις.</em></strong></span> <span class='ocrx_word' id='word_1_80' title='bbox 1283 413 1302 444; x_wconf 88' lang='lat'>5</span> <span class='ocrx_word' id='word_1_81' title='bbox 1315 407 1449 443; x_wconf 84' lang='lat' dir='ltr'><strong>aliems.</strong></span> 
     </span>
    </p>

    <p class='ocr_par' dir='ltr' id='par_1_4' title="bbox 170 449 2397 780">
     <span class='ocr_line' id='line_1_8' title="bbox 171 449 2397 502; baseline -0.004 -9"><span class='ocrx_word' id='word_1_82' title='bbox 171 460 190 493; x_wconf 93' lang='lat'>1</span> <span class='ocrx_word' id='word_1_83' title='bbox 244 458 291 492; x_wconf 83' lang='grc' dir='ltr'><strong>Εἰ</strong></span> <span class='ocrx_word' id='word_1_84' title='bbox 312 455 353 492; x_wconf 74' lang='grc' dir='ltr'><strong>δὲ</strong></span> <span class='ocrx_word' id='word_1_85' title='bbox 373 454 486 502; x_wconf 76' lang='grc' dir='ltr'><strong><em>μηδὲν</em></strong></span> <span class='ocrx_word' id='word_1_86' title='bbox 509 452 529 490; x_wconf 83' lang='grc' dir='ltr'>ὁ</span> <span class='ocrx_word' id='word_1_87' title='bbox 554 454 769 499; x_wconf 73' lang='grc' dir='ltr'><strong><em>διαθέμενος</em></strong></span> <span class='ocrx_word' id='word_1_88' title='bbox 801 456 897 490; x_wconf 84' lang='grc' dir='ltr'><strong><em>εἴποι</em></strong></span> <span class='ocrx_word' id='word_1_89' title='bbox 920 450 942 498; x_wconf 81' lang='grc' dir='ltr'>ἢ</span> <span class='ocrx_word' id='word_1_90' title='bbox 973 452 1246 497; x_wconf 80' lang='grc' dir='ltr'><strong><em>διατυπώσειεν,</em></strong></span> <span class='ocrx_word' id='word_1_91' title='bbox 1314 455 1336 489; x_wconf 89' lang='grc'>1</span> <span class='ocrx_word' id='word_1_92' title='bbox 1382 453 1420 488; x_wconf 83' lang='lat' dir='ltr'><strong>Si</strong></span> <span class='ocrx_word' id='word_1_93' title='bbox 1438 462 1520 488; x_wconf 83' lang='lat' dir='ltr'><strong>vero</strong></span> <span class='ocrx_word' id='word_1_94' title='bbox 1542 451 1630 487; x_wconf 82' lang='lat' dir='ltr'><strong>nihil</strong></span> <span class='ocrx_word' id='word_1_95' title='bbox 1648 453 1800 487; x_wconf 79' lang='lat' dir='ltr'><strong>testator</strong></span> <span class='ocrx_word' id='word_1_96' title='bbox 1823 449 1951 485; x_wconf 73' lang='lat' dir='ltr'><strong>dixerit</strong></span> <span class='ocrx_word' id='word_1_97' title='bbox 1969 451 2032 485; x_wconf 78' lang='lat' dir='ltr'><strong>aut</strong></span> <span class='ocrx_word' id='word_1_98' title='bbox 2054 449 2280 496; x_wconf 71' lang='lat' dir='ltr'><strong>disposuerit,</strong></span> <span class='ocrx_word' id='word_1_99' title='bbox 2301 449 2397 494; x_wconf 91' lang='lat' dir='ltr'><strong>quod</strong></span> 
     </span>
     <span class='ocr_line' id='line_1_9' title="bbox 170 495 2396 549; baseline -0.004 -12"><span class='ocrx_word' id='word_1_100' title='bbox 170 503 260 549; x_wconf 78' lang='grc' dir='ltr'><strong><em>ὅπερ</em></strong></span> <span class='ocrx_word' id='word_1_101' title='bbox 289 501 338 548; x_wconf 88' lang='grc' dir='ltr'><strong>μὴ</strong></span> <span class='ocrx_word' id='word_1_102' title='bbox 371 504 444 537; x_wconf 85' lang='grc' dir='ltr'><strong><em>τοῖς</em></strong></span> <span class='ocrx_word' id='word_1_103' title='bbox 474 499 541 544; x_wconf 85' lang='grc' dir='ltr'><strong>ἢδη</strong></span> <span class='ocrx_word' id='word_1_104' title='bbox 569 503 742 545; x_wconf 79' lang='grc' dir='ltr'><strong><em>κειμένοις</em></strong></span> <span class='ocrx_word' id='word_1_105' title='bbox 771 503 831 534; x_wconf 89' lang='grc' dir='ltr'><strong>καὶ</strong></span> <span class='ocrx_word' id='word_1_106' title='bbox 860 501 1030 547; x_wconf 78' lang='grc' dir='ltr'><strong><em>κρατοῦσι</em></strong></span> <span class='ocrx_word' id='word_1_107' title='bbox 1059 502 1246 547; x_wconf 79' lang='grc' dir='ltr'><strong><em>προκατεί·</em></strong></span> <span class='ocrx_word' id='word_1_108' title='bbox 1315 509 1388 534; x_wconf 90' lang='lat' dir='ltr'><strong>non</strong></span> <span class='ocrx_word' id='word_1_109' title='bbox 1411 498 1480 533; x_wconf 88' lang='lat' dir='ltr'><strong>iam</strong></span> <span class='ocrx_word' id='word_1_110' title='bbox 1504 497 1630 543; x_wconf 87' lang='lat' dir='ltr'><strong>positis</strong></span> <span class='ocrx_word' id='word_1_111' title='bbox 1653 499 1689 532; x_wconf 92' lang='lat' dir='ltr'><strong>et</strong></span> <span class='ocrx_word' id='word_1_112' title='bbox 1712 495 1912 531; x_wconf 85' lang='lat' dir='ltr'><strong>valentibus</strong></span> <span class='ocrx_word' id='word_1_113' title='bbox 1943 499 2244 540; x_wconf 85' lang='lat' dir='ltr'><strong>praeoccupatum</strong></span> <span class='ocrx_word' id='word_1_114' title='bbox 2275 495 2323 530; x_wconf 88' lang='lat' dir='ltr'><strong>sit</strong></span> <span class='ocrx_word' id='word_1_115' title='bbox 2346 495 2396 529; x_wconf 91' lang='lat' dir='ltr'><strong>le-</strong></span> 
     </span>
     <span class='ocr_line' id='line_1_10' title="bbox 172 540 2396 592; baseline -0.004 -10"><span class='ocrx_word' id='word_1_116' title='bbox 172 548 304 592; x_wconf 83' lang='grc' dir='ltr'><strong><em>ληπται</em></strong></span> <span class='ocrx_word' id='word_1_117' title='bbox 335 543 473 592; x_wconf 80' lang='grc' dir='ltr'><strong><em>νόμοις,</em></strong></span> <span class='ocrx_word' id='word_1_118' title='bbox 504 544 598 591; x_wconf 83' lang='grc' dir='ltr'><strong><em>μηδέ</em></strong></span> <span class='ocrx_word' id='word_1_119' title='bbox 625 558 662 580; x_wconf 86' lang='grc' dir='ltr'><strong>τι</strong></span> <span class='ocrx_word' id='word_1_120' title='bbox 694 545 792 592; x_wconf 82' lang='grc' dir='ltr'><strong><em>παρὰ</em></strong></span> <span class='ocrx_word' id='word_1_121' title='bbox 822 545 904 580; x_wconf 74' lang='grc' dir='ltr'><strong><em>τοὺς</em></strong></span> <span class='ocrx_word' id='word_1_122' title='bbox 934 544 1096 580; x_wconf 87' lang='grc' dir='ltr'><strong><em>καθόλου</em></strong></span> <span class='ocrx_word' id='word_1_123' title='bbox 1119 543 1246 589; x_wconf 83' lang='grc' dir='ltr'><strong><em>νόμους</em></strong></span> <span class='ocrx_word' id='word_1_124' title='bbox 1313 544 1436 589; x_wconf 82' lang='lat' dir='ltr'><strong>gibus,</strong></span> <span class='ocrx_word' id='word_1_125' title='bbox 1469 553 1535 579; x_wconf 89' lang='lat' dir='ltr'><strong>nec</strong></span> <span class='ocrx_word' id='word_1_126' title='bbox 1566 541 1701 587; x_wconf 84' lang='lat' dir='ltr'><strong>aliquid</strong></span> <span class='ocrx_word' id='word_1_127' title='bbox 1734 544 1861 577; x_wconf 88' lang='lat' dir='ltr'><strong>contra</strong></span> <span class='ocrx_word' id='word_1_128' title='bbox 1890 541 2110 576; x_wconf 89' lang='lat' dir='ltr'><strong>universales</strong></span> <span class='ocrx_word' id='word_1_129' title='bbox 2133 541 2227 585; x_wconf 88' lang='lat' dir='ltr'><strong>leges</strong></span> <span class='ocrx_word' id='word_1_130' title='bbox 2253 540 2396 575; x_wconf 85' lang='lat' dir='ltr'><strong>ordina-</strong></span> 
     </span>
     <span class='ocr_line' id='line_1_11' title="bbox 170 585 2397 635; baseline -0.004 -7"><span class='ocrx_word' id='word_1_131' title='bbox 170 590 367 635; x_wconf 80' lang='grc' dir='ltr'><strong><em>διατάττοι,</em></strong></span> <span class='ocrx_word' id='word_1_132' title='bbox 384 592 584 635; x_wconf 82' lang='grc' dir='ltr'><strong><em>τηνικαῦτα</em></strong></span> <span class='ocrx_word' id='word_1_133' title='bbox 604 587 666 625; x_wconf 77' lang='grc' dir='ltr'><strong><em>ὅδε</em></strong></span> <span class='ocrx_word' id='word_1_134' title='bbox 683 588 768 635; x_wconf 81' lang='grc' dir='ltr'><strong><em>ἡμῖν</em></strong></span> <span class='ocrx_word' id='word_1_135' title='bbox 786 588 806 625; x_wconf 83' lang='grc' dir='ltr'>ὁ</span> <span class='ocrx_word' id='word_1_136' title='bbox 826 589 932 635; x_wconf 88' lang='grc' dir='ltr'><strong><em>νόμος</em></strong></span> <span class='ocrx_word' id='word_1_137' title='bbox 951 591 1104 632; x_wconf 83' lang='grc' dir='ltr'><strong><em>κείσθω,</em></strong></span> <span class='ocrx_word' id='word_1_138' title='bbox 1124 587 1246 626; x_wconf 85' lang='grc' dir='ltr'><strong><em>πάντα</em></strong></span> <span class='ocrx_word' id='word_1_139' title='bbox 1314 590 1415 632; x_wconf 86' lang='lat' dir='ltr'><strong>verit,</strong></span> <span class='ocrx_word' id='word_1_140' title='bbox 1437 591 1526 624; x_wconf 87' lang='lat' dir='ltr'><strong>tunc</strong></span> <span class='ocrx_word' id='word_1_141' title='bbox 1545 588 1635 623; x_wconf 87' lang='lat' dir='ltr'><strong>haec</strong></span> <span class='ocrx_word' id='word_1_142' title='bbox 1655 587 1758 623; x_wconf 89' lang='lat' dir='ltr'><strong>nobis</strong></span> <span class='ocrx_word' id='word_1_143' title='bbox 1779 586 1837 621; x_wconf 86' lang='lat' dir='ltr'><strong>lex</strong></span> <span class='ocrx_word' id='word_1_144' title='bbox 1857 585 1976 632; x_wconf 87' lang='lat' dir='ltr'><strong>posita</strong></span> <span class='ocrx_word' id='word_1_145' title='bbox 1996 586 2045 621; x_wconf 94' lang='lat' dir='ltr'><strong>sit</strong></span> <span class='ocrx_word' id='word_1_146' title='bbox 2075 586 2203 628; x_wconf 87' lang='lat' dir='ltr'><strong>omnia,</strong></span> <span class='ocrx_word' id='word_1_147' title='bbox 2224 589 2397 630; x_wconf 86' lang='lat' dir='ltr'><strong>quantum</strong></span> 
     </span>
     <span class='ocr_line' id='line_1_12' title="bbox 171 631 2397 684; baseline -0.003 -12"><span class='ocrx_word' id='word_1_148' title='bbox 171 636 260 672; x_wconf 84' lang='grc' dir='ltr'><strong><em>καθ’</em></strong></span> <span class='ocrx_word' id='word_1_149' title='bbox 283 636 371 672; x_wconf 79' lang='grc' dir='ltr'><strong><em>ὅσον</em></strong></span> <span class='ocrx_word' id='word_1_150' title='bbox 390 635 585 684; x_wconf 83' lang='grc' dir='ltr'><strong><em>ἀνθρώπῳ</em></strong></span> <span class='ocrx_word' id='word_1_151' title='bbox 611 634 766 671; x_wconf 87' lang='grc' dir='ltr'><strong><em>δυνατὸν</em></strong></span> <span class='ocrx_word' id='word_1_152' title='bbox 785 634 1068 683; x_wconf 76' lang='grc' dir='ltr'><strong><em>περιλαμβάνων</em></strong></span> <span class='ocrx_word' id='word_1_153' title='bbox 1089 638 1148 670; x_wconf 80' lang='grc' dir='ltr'><strong>καὶ</strong></span> <span class='ocrx_word' id='word_1_154' title='bbox 1170 633 1245 670; x_wconf 82' lang='grc' dir='ltr'><strong><em>δια·</em></strong></span> <span class='ocrx_word' id='word_1_155' title='bbox 1262 639 1302 671; x_wconf 83' lang='grc'><strong>10</strong></span> <span class='ocrx_word' id='word_1_156' title='bbox 1316 636 1371 670; x_wconf 89' lang='lat' dir='ltr'><strong>est</strong></span> <span class='ocrx_word' id='word_1_157' title='bbox 1393 634 1527 670; x_wconf 89' lang='lat' dir='ltr'><strong>homini</strong></span> <span class='ocrx_word' id='word_1_158' title='bbox 1545 632 1734 681; x_wconf 84' lang='lat' dir='ltr'><strong>possibile,</strong></span> <span class='ocrx_word' id='word_1_159' title='bbox 1770 631 2074 677; x_wconf 86' lang='lat' dir='ltr'><strong>comprehendens</strong></span> <span class='ocrx_word' id='word_1_160' title='bbox 2099 634 2136 666; x_wconf 90' lang='lat' dir='ltr'><strong>et</strong></span> <span class='ocrx_word' id='word_1_161' title='bbox 2158 631 2336 666; x_wconf 84' lang='lat' dir='ltr'><strong>transiens</strong></span> <span class='ocrx_word' id='word_1_162' title='bbox 2360 631 2397 665; x_wconf 88' lang='lat' dir='ltr'><strong>in</strong></span> 
     </span>
     <span class='ocr_line' id='line_1_13' title="bbox 170 676 2396 730; baseline -0.003 -13"><span class='ocrx_word' id='word_1_163' title='bbox 170 687 314 728; x_wconf 78' lang='grc' dir='ltr'><strong><em>βαίνων</em></strong></span> <span class='ocrx_word' id='word_1_164' title='bbox 337 685 377 717; x_wconf 76' lang='grc' dir='ltr'><strong>ἐν</strong></span> <span class='ocrx_word' id='word_1_165' title='bbox 400 685 543 730; x_wconf 81' lang='grc' dir='ltr'><strong><em>βραχεῖ,</em></strong></span> <span class='ocrx_word' id='word_1_166' title='bbox 575 685 634 716; x_wconf 83' lang='grc' dir='ltr'><strong>καὶ</strong></span> <span class='ocrx_word' id='word_1_167' title='bbox 658 681 704 716; x_wconf 80' lang='grc' dir='ltr'><strong><em>τὰ</em></strong></span> <span class='ocrx_word' id='word_1_168' title='bbox 727 683 788 717; x_wconf 78' lang='grc' dir='ltr'><strong>ἐπὶ</strong></span> <span class='ocrx_word' id='word_1_169' title='bbox 811 684 883 716; x_wconf 87' lang='grc' dir='ltr'><strong><em>τοῖς</em></strong></span> <span class='ocrx_word' id='word_1_170' title='bbox 912 679 1071 727; x_wconf 79' lang='grc' dir='ltr'><strong><em>πρώτοις</em></strong></span> <span class='ocrx_word' id='word_1_171' title='bbox 1095 683 1245 727; x_wconf 80' lang='grc' dir='ltr'><strong><em>ἐπανορ·</em></strong></span> <span class='ocrx_word' id='word_1_172' title='bbox 1307 680 1414 715; x_wconf 68' lang='lat' dir='ltr'><strong>‘brevi</strong></span> <span class='ocrx_word' id='word_1_173' title='bbox 1445 681 1482 715; x_wconf 91' lang='lat' dir='ltr'><strong>et</strong></span> <span class='ocrx_word' id='word_1_174' title='bbox 1513 689 1604 725; x_wconf 85' lang='lat' dir='ltr'><strong>quae</strong></span> <span class='ocrx_word' id='word_1_175' title='bbox 1634 678 1672 714; x_wconf 92' lang='lat' dir='ltr'><strong>in</strong></span> <span class='ocrx_word' id='word_1_176' title='bbox 1704 677 1886 724; x_wconf 77' lang='lat' dir='ltr'><strong>prioribus</strong></span> <span class='ocrx_word' id='word_1_177' title='bbox 1913 680 2017 712; x_wconf 85' lang='lat' dir='ltr'><strong>erant</strong></span> <span class='ocrx_word' id='word_1_178' title='bbox 2049 677 2230 721; x_wconf 84' lang='lat' dir='ltr'><strong>corrigens</strong></span> <span class='ocrx_word' id='word_1_179' title='bbox 2262 676 2396 721; x_wconf 88' lang='lat' dir='ltr'><strong>nuptiis</strong></span> 
     </span>
     <span class='ocr_line' id='line_1_14' title="bbox 171 721 2397 780; baseline -0.003 -17"><span class='ocrx_word' id='word_1_180' title='bbox 171 726 347 774; x_wconf 80' lang='grc' dir='ltr'><strong><em>θούμενος</em></strong></span> <span class='ocrx_word' id='word_1_181' title='bbox 397 727 498 772; x_wconf 89' lang='grc' dir='ltr'><strong><em>άμοις</em></strong></span> <span class='ocrx_word' id='word_1_182' title='bbox 528 731 588 762; x_wconf 82' lang='grc' dir='ltr'><strong>καὶ</strong></span> <span class='ocrx_word' id='word_1_183' title='bbox 618 725 664 761; x_wconf 81' lang='grc' dir='ltr'><strong><em>τὰ</em></strong></span> <span class='ocrx_word' id='word_1_184' title='bbox 695 729 755 762; x_wconf 76' lang='grc' dir='ltr'><strong><em>ἐπὶ</em></strong></span> <span class='ocrx_word' id='word_1_185' title='bbox 786 729 859 761; x_wconf 83' lang='grc' dir='ltr'><strong><em>τοῖς</em></strong></span> <span class='ocrx_word' id='word_1_186' title='bbox 888 724 1080 780; x_wconf 59' lang='grc' dir='ltr'><strong><em>δευτέροις,</em></strong></span> <span class='ocrx_word' id='word_1_187' title='bbox 1112 728 1171 760; x_wconf 84' lang='grc' dir='ltr'><strong>καὶ</strong></span> <span class='ocrx_word' id='word_1_188' title='bbox 1201 725 1247 759; x_wconf 84' lang='grc' dir='ltr'><strong><em>τὰ</em></strong></span> <span class='ocrx_word' id='word_1_189' title='bbox 1316 729 1352 760; x_wconf 90' lang='lat' dir='ltr'><strong>et</strong></span> <span class='ocrx_word' id='word_1_190' title='bbox 1375 725 1527 770; x_wconf 85' lang='lat' dir='ltr'><strong>quaein</strong></span> <span class='ocrx_word' id='word_1_191' title='bbox 1550 723 1736 766; x_wconf 89' lang='lat' dir='ltr'><strong>secundis,</strong></span> <span class='ocrx_word' id='word_1_192' title='bbox 1770 726 1806 758; x_wconf 90' lang='lat' dir='ltr'><strong>et</strong></span> <span class='ocrx_word' id='word_1_193' title='bbox 1837 723 1876 758; x_wconf 90' lang='lat' dir='ltr'><strong>in</strong></span> <span class='ocrx_word' id='word_1_194' title='bbox 1900 721 2188 758; x_wconf 85' lang='lat' dir='ltr'><strong>successionibus</strong></span> <span class='ocrx_word' id='word_1_195' title='bbox 2220 723 2256 756; x_wconf 91' lang='lat' dir='ltr'><strong>et</strong></span> <span class='ocrx_word' id='word_1_196' title='bbox 2278 721 2315 756; x_wconf 92' lang='lat' dir='ltr'><strong>in</strong></span> <span class='ocrx_word' id='word_1_197' title='bbox 2340 732 2397 756; x_wconf 89' lang='lat' dir='ltr'><strong>so·</strong></span> 
     </span>
    </p>
   </div>
   <div class='ocr_carea' id='block_1_4' title="bbox 115 767 2397 825">
    <p class='ocr_par' dir='ltr' id='par_1_5' title="bbox 115 767 2397 825">
     <span class='ocr_line' id='line_1_15' title="bbox 115 767 2397 825; baseline -0.003 -18"><span class='ocrx_word' id='word_1_198' title='bbox 115 787 121 794; x_wconf 92' lang='lat'>·</span> <span class='ocrx_word' id='word_1_199' title='bbox 171 777 232 810; x_wconf 76' lang='grc' dir='ltr'><strong>ἐπὶ</strong></span> <span class='ocrx_word' id='word_1_200' title='bbox 255 776 332 808; x_wconf 85' lang='grc' dir='ltr'><strong><em>ταῖς</em></strong></span> <span class='ocrx_word' id='word_1_201' title='bbox 379 771 538 816; x_wconf 88' lang='grc' dir='ltr'><strong><em>ιαδοχαῖς</em></strong></span> <span class='ocrx_word' id='word_1_202' title='bbox 569 776 628 806; x_wconf 84' lang='grc' dir='ltr'><strong>καὶ</strong></span> <span class='ocrx_word' id='word_1_203' title='bbox 661 775 739 807; x_wconf 87' lang='grc' dir='ltr'><strong><em>ταῖς</em></strong></span> <span class='ocrx_word' id='word_1_204' title='bbox 771 770 892 806; x_wconf 78' lang='grc' dir='ltr'><strong><em>λύσεσι</em></strong></span> <span class='ocrx_word' id='word_1_205' title='bbox 923 783 1001 806; x_wconf 91' lang='grc' dir='ltr'><strong>των</strong></span> <span class='ocrx_word' id='word_1_206' title='bbox 1023 770 1152 825; x_wconf 39' lang='grc' dir='ltr'><strong><em>κάμω-,ν</em></strong></span> <span class='ocrx_word' id='word_1_207' title='bbox 1176 771 1247 805; x_wconf 75' lang='grc' dir='ltr'><strong><em>εἴτε</em></strong></span> <span class='ocrx_word' id='word_1_208' title='bbox 1315 770 1513 806; x_wconf 88' lang='lat' dir='ltr'><strong>lutionibus</strong></span> <span class='ocrx_word' id='word_1_209' title='bbox 1537 769 1742 815; x_wconf 84' lang='lat' dir='ltr'><strong>nuptiarum</strong></span> <span class='ocrx_word' id='word_1_210' title='bbox 1767 769 1840 804; x_wconf 87' lang='lat' dir='ltr'><strong>sive</strong></span> <span class='ocrx_word' id='word_1_211' title='bbox 1863 778 1909 804; x_wconf 90' lang='lat' dir='ltr'><strong>ex</strong></span> <span class='ocrx_word' id='word_1_212' title='bbox 1931 767 2106 803; x_wconf 87' lang='lat' dir='ltr'><strong>mortibus</strong></span> <span class='ocrx_word' id='word_1_213' title='bbox 2127 767 2200 803; x_wconf 85' lang='lat' dir='ltr'><strong>sive</strong></span> <span class='ocrx_word' id='word_1_214' title='bbox 2226 777 2270 802; x_wconf 85' lang='lat' dir='ltr'><strong>ex</strong></span> <span class='ocrx_word' id='word_1_215' title='bbox 2293 776 2397 810; x_wconf 87' lang='lat' dir='ltr'><strong>sepa-</strong></span> 
     </span>
    </p>
   </div>
   <div class='ocr_carea' id='block_1_5' title="bbox 170 813 2401 1273">
    <p class='ocr_par' dir='ltr' id='par_1_6' title="bbox 170 813 2401 1234">
     <span class='ocr_line' id='line_1_16' title="bbox 171 813 2400 863; baseline -0.004 -10"><span class='ocrx_word' id='word_1_216' title='bbox 171 822 209 853; x_wconf 77' lang='grc' dir='ltr'><strong>ἐκ</strong></span> <span class='ocrx_word' id='word_1_217' title='bbox 228 816 410 853; x_wconf 75' lang='grc' dir='ltr'><strong><em>θανάτων</em></strong></span> <span class='ocrx_word' id='word_1_218' title='bbox 433 819 504 853; x_wconf 83' lang='grc' dir='ltr'><strong><em>εἴτε</em></strong></span> <span class='ocrx_word' id='word_1_219' title='bbox 527 820 566 852; x_wconf 79' lang='grc' dir='ltr'><strong>ἐκ</strong></span> <span class='ocrx_word' id='word_1_220' title='bbox 590 816 810 861; x_wconf 82' lang='grc' dir='ltr'><strong><em>διαζεύξεως,</em></strong></span> <span class='ocrx_word' id='word_1_221' title='bbox 834 818 895 850; x_wconf 86' lang='grc' dir='ltr'><strong>καὶ</strong></span> <span class='ocrx_word' id='word_1_222' title='bbox 915 815 961 851; x_wconf 84' lang='grc' dir='ltr'><strong><em>τὰ</em></strong></span> <span class='ocrx_word' id='word_1_223' title='bbox 984 829 1055 863; x_wconf 91' lang='grc' dir='ltr'><strong>προ</strong></span> <span class='ocrx_word' id='word_1_224' title='bbox 1076 828 1139 850; x_wconf 89' lang='grc' dir='ltr'><strong>του</strong></span> <span class='ocrx_word' id='word_1_225' title='bbox 1162 828 1245 850; x_wconf 87' lang='grc' dir='ltr'><strong><em>πεν-</em></strong></span> <span class='ocrx_word' id='word_1_226' title='bbox 1315 816 1463 858; x_wconf 85' lang='lat' dir='ltr'><strong>ratione,</strong></span> <span class='ocrx_word' id='word_1_227' title='bbox 1489 819 1525 851; x_wconf 88' lang='lat' dir='ltr'><strong>et</strong></span> <span class='ocrx_word' id='word_1_228' title='bbox 1548 825 1640 860; x_wconf 88' lang='lat' dir='ltr'><strong>quae</strong></span> <span class='ocrx_word' id='word_1_229' title='bbox 1664 814 1972 850; x_wconf 86' lang='lat' dir='ltr'><strong>anteluctuosum</strong></span> <span class='ocrx_word' id='word_1_230' title='bbox 1996 816 2135 859; x_wconf 86' lang='lat' dir='ltr'><strong>tempus</strong></span> <span class='ocrx_word' id='word_1_231' title='bbox 2156 813 2240 848; x_wconf 88' lang='lat' dir='ltr'><strong>sunt</strong></span> <span class='ocrx_word' id='word_1_232' title='bbox 2260 815 2297 846; x_wconf 90' lang='lat' dir='ltr'><strong>et</strong></span> <span class='ocrx_word' id='word_1_233' title='bbox 2317 815 2400 856; x_wconf 85' lang='lat' dir='ltr'><strong>post</strong></span> 
     </span>
     <span class='ocr_line' id='line_1_17' title="bbox 173 856 2398 911; baseline -0.003 -13"><span class='ocrx_word' id='word_1_234' title='bbox 173 865 285 909; x_wconf 75' lang='grc' dir='ltr'><strong><em>θίμου</em></strong></span> <span class='ocrx_word' id='word_1_235' title='bbox 305 863 434 911; x_wconf 84' lang='grc' dir='ltr'><strong><em>χρόνου</em></strong></span> <span class='ocrx_word' id='word_1_236' title='bbox 465 867 525 898; x_wconf 84' lang='grc' dir='ltr'><strong>καὶ</strong></span> <span class='ocrx_word' id='word_1_237' title='bbox 548 862 628 908; x_wconf 72' lang='grc' dir='ltr'><strong><em>μετ’</em></strong></span> <span class='ocrx_word' id='word_1_238' title='bbox 655 865 808 904; x_wconf 81' lang='grc' dir='ltr'><strong><em>ἐκεῖνον,</em></strong></span> <span class='ocrx_word' id='word_1_239' title='bbox 840 864 900 896; x_wconf 80' lang='grc' dir='ltr'><strong>καὶ</strong></span> <span class='ocrx_word' id='word_1_240' title='bbox 928 865 1018 906; x_wconf 84' lang='grc' dir='ltr'><strong><em>μίαν</em></strong></span> <span class='ocrx_word' id='word_1_241' title='bbox 1047 860 1132 896; x_wconf 82' lang='grc' dir='ltr'><strong><em>τινὰ</em></strong></span> <span class='ocrx_word' id='word_1_242' title='bbox 1165 872 1245 895; x_wconf 87' lang='grc' dir='ltr'><strong><em>συν-</em></strong></span> <span class='ocrx_word' id='word_1_243' title='bbox 1264 865 1302 897; x_wconf 84' lang='lat'>15</span> <span class='ocrx_word' id='word_1_244' title='bbox 1315 861 1420 903; x_wconf 88' lang='lat' dir='ltr'><strong>illud,</strong></span> <span class='ocrx_word' id='word_1_245' title='bbox 1454 863 1490 896; x_wconf 89' lang='lat' dir='ltr'><strong>et</strong></span> <span class='ocrx_word' id='word_1_246' title='bbox 1514 868 1620 896; x_wconf 88' lang='lat' dir='ltr'><strong>unam</strong></span> <span class='ocrx_word' id='word_1_247' title='bbox 1645 859 1823 905; x_wconf 83' lang='lat' dir='ltr'><strong>quandam</strong></span> <span class='ocrx_word' id='word_1_248' title='bbox 1856 859 2161 895; x_wconf 82' lang='lat' dir='ltr'><strong>continuationem</strong></span> <span class='ocrx_word' id='word_1_249' title='bbox 2183 856 2320 901; x_wconf 83' lang='lat' dir='ltr'><strong>faciens</strong></span> <span class='ocrx_word' id='word_1_250' title='bbox 2344 860 2398 891; x_wconf 89' lang='lat' dir='ltr'><strong>to-</strong></span> 
     </span>
     <span class='ocr_line' id='line_1_18' title="bbox 172 901 2400 954; baseline -0.004 -10"><span class='ocrx_word' id='word_1_251' title='bbox 172 913 290 953; x_wconf 77' lang='grc' dir='ltr'><strong><em>έχειαν</em></strong></span> <span class='ocrx_word' id='word_1_252' title='bbox 314 910 524 954; x_wconf 85' lang='grc' dir='ltr'><strong><em>ποιούμενος</em></strong></span> <span class='ocrx_word' id='word_1_253' title='bbox 547 907 684 944; x_wconf 87' lang='grc' dir='ltr'><strong><em>παντὸς</em></strong></span> <span class='ocrx_word' id='word_1_254' title='bbox 714 906 758 951; x_wconf 87' lang='grc' dir='ltr'><strong>δὴ</strong></span> <span class='ocrx_word' id='word_1_255' title='bbox 781 906 910 941; x_wconf 85' lang='grc' dir='ltr'><strong><em>τούτου</em></strong></span> <span class='ocrx_word' id='word_1_256' title='bbox 933 908 997 941; x_wconf 78' lang='grc' dir='ltr'><strong>τοῦ</strong></span> <span class='ocrx_word' id='word_1_257' title='bbox 1022 903 1250 954; x_wconf 75' lang='grc' dir='ltr'><strong><em>συγγράμμα-</em></strong></span> <span class='ocrx_word' id='word_1_258' title='bbox 1318 906 1391 941; x_wconf 89' lang='lat' dir='ltr'><strong>tius</strong></span> <span class='ocrx_word' id='word_1_259' title='bbox 1422 906 1528 941; x_wconf 85' lang='lat' dir='ltr'><strong>huius</strong></span> <span class='ocrx_word' id='word_1_260' title='bbox 1561 905 1855 951; x_wconf 85' lang='lat' dir='ltr'><strong>conscriptionis,</strong></span> <span class='ocrx_word' id='word_1_261' title='bbox 1887 908 1995 950; x_wconf 87' lang='lat' dir='ltr'><strong>atque</strong></span> <span class='ocrx_word' id='word_1_262' title='bbox 2024 903 2282 949; x_wconf 85' lang='lat' dir='ltr'><strong>legislationem</strong></span> <span class='ocrx_word' id='word_1_263' title='bbox 2317 901 2400 937; x_wconf 92' lang='lat' dir='ltr'><strong>olim</strong></span> 
     </span>
     <span class='ocr_line' id='line_1_19' title="bbox 170 948 2401 999; baseline -0.004 -10"><span class='ocrx_word' id='word_1_264' title='bbox 170 967 244 997; x_wconf 76' lang='grc' dir='ltr'><strong><em>τος,</em></strong></span> <span class='ocrx_word' id='word_1_265' title='bbox 276 958 336 988; x_wconf 83' lang='grc' dir='ltr'><strong>καὶ</strong></span> <span class='ocrx_word' id='word_1_266' title='bbox 360 955 587 999; x_wconf 76' lang='grc' dir='ltr'><strong><em>νομοθεσίαν</em></strong></span> <span class='ocrx_word' id='word_1_267' title='bbox 608 952 721 988; x_wconf 78' lang='grc' dir='ltr'><strong><em>πάλαι</em></strong></span> <span class='ocrx_word' id='word_1_268' title='bbox 743 955 810 998; x_wconf 81' lang='grc' dir='ltr'><strong>μὲν</strong></span> <span class='ocrx_word' id='word_1_269' title='bbox 831 949 1046 997; x_wconf 73' lang='grc' dir='ltr'><strong><em>ἀρξαμένην,</em></strong></span> <span class='ocrx_word' id='word_1_270' title='bbox 1078 956 1117 986; x_wconf 80' lang='grc' dir='ltr'><strong>ἐκ</strong></span> <span class='ocrx_word' id='word_1_271' title='bbox 1141 954 1251 986; x_wconf 80' lang='grc' dir='ltr'><strong><em>πέντε</em></strong></span> <span class='ocrx_word' id='word_1_272' title='bbox 1319 951 1461 995; x_wconf 87' lang='lat' dir='ltr'><strong>quidem</strong></span> <span class='ocrx_word' id='word_1_273' title='bbox 1495 951 1718 994; x_wconf 80' lang='lat' dir='ltr'><strong>incohatam,</strong></span> <span class='ocrx_word' id='word_1_274' title='bbox 1754 960 1798 986; x_wconf 86' lang='lat' dir='ltr'><strong>ex</strong></span> <span class='ocrx_word' id='word_1_275' title='bbox 1834 950 1989 996; x_wconf 84' lang='lat' dir='ltr'><strong>quinque</strong></span> <span class='ocrx_word' id='word_1_276' title='bbox 2024 960 2107 985; x_wconf 84' lang='lat' dir='ltr'><strong>vero</strong></span> <span class='ocrx_word' id='word_1_277' title='bbox 2139 948 2332 994; x_wconf 76' lang='lat' dir='ltr'><strong>praecipue</strong></span> <span class='ocrx_word' id='word_1_278' title='bbox 2365 950 2401 982; x_wconf 79' lang='lat' dir='ltr'><strong>et</strong></span> 
     </span>
     <span class='ocr_line' id='line_1_20' title="bbox 171 994 2399 1044; baseline -0.004 -10"><span class='ocrx_word' id='word_1_279' title='bbox 171 998 211 1034; x_wconf 79' lang='grc' dir='ltr'><strong>δὲ</strong></span> <span class='ocrx_word' id='word_1_280' title='bbox 232 998 391 1044; x_wconf 86' lang='grc' dir='ltr'><strong><em>μάλιστα</em></strong></span> <span class='ocrx_word' id='word_1_281' title='bbox 413 1003 474 1034; x_wconf 80' lang='grc' dir='ltr'><strong>καὶ</strong></span> <span class='ocrx_word' id='word_1_282' title='bbox 495 996 723 1043; x_wconf 84' lang='grc' dir='ltr'><strong><em>πεντήκοντα</em></strong></span> <span class='ocrx_word' id='word_1_283' title='bbox 754 1001 815 1031; x_wconf 82' lang='grc' dir='ltr'><strong>καὶ</strong></span> <span class='ocrx_word' id='word_1_284' title='bbox 846 996 976 1031; x_wconf 84' lang='grc' dir='ltr'><strong><em>ἑκατὸν</em></strong></span> <span class='ocrx_word' id='word_1_285' title='bbox 1006 998 1102 1032; x_wconf 79' lang='grc' dir='ltr'><strong><em>ἐτῶν</em></strong></span> <span class='ocrx_word' id='word_1_286' title='bbox 1126 995 1249 1040; x_wconf 84' lang='grc' dir='ltr'><strong><em>συχνό-</em></strong></span> <span class='ocrx_word' id='word_1_287' title='bbox 1320 997 1576 1042; x_wconf 83' lang='lat' dir='ltr'><strong>quinquaginta</strong></span> <span class='ocrx_word' id='word_1_288' title='bbox 1600 1000 1636 1031; x_wconf 90' lang='lat' dir='ltr'><strong>et</strong></span> <span class='ocrx_word' id='word_1_289' title='bbox 1660 999 1801 1031; x_wconf 89' lang='lat' dir='ltr'><strong>centum</strong></span> <span class='ocrx_word' id='word_1_290' title='bbox 1825 996 1928 1031; x_wconf 89' lang='lat' dir='ltr'><strong>annis</strong></span> <span class='ocrx_word' id='word_1_291' title='bbox 1951 994 2173 1041; x_wconf 85' lang='lat' dir='ltr'><strong>frequentius</strong></span> <span class='ocrx_word' id='word_1_292' title='bbox 2200 997 2333 1029; x_wconf 87' lang='lat' dir='ltr'><strong>motam</strong></span> <span class='ocrx_word' id='word_1_293' title='bbox 2363 998 2399 1026; x_wconf 86' lang='lat' dir='ltr'><strong>ct</strong></span> 
     </span>
     <span class='ocr_line' id='line_1_21' title="bbox 171 1039 2399 1092; baseline -0.003 -13"><span class='ocrx_word' id='word_1_294' title='bbox 171 1043 277 1092; x_wconf 85' lang='grc' dir='ltr'><strong><em>τερόν</em></strong></span> <span class='ocrx_word' id='word_1_295' title='bbox 308 1058 348 1079; x_wconf 82' lang='grc' dir='ltr'><strong>τε</strong></span> <span class='ocrx_word' id='word_1_296' title='bbox 371 1046 605 1088; x_wconf 73' lang='grc' dir='ltr'><strong><em>κινηθεῖσαν,</em></strong></span> <span class='ocrx_word' id='word_1_297' title='bbox 637 1046 697 1078; x_wconf 83' lang='grc' dir='ltr'><strong>καὶ</strong></span> <span class='ocrx_word' id='word_1_298' title='bbox 729 1043 819 1077; x_wconf 81' lang='grc' dir='ltr'><strong><em>κατὰ</em></strong></span> <span class='ocrx_word' id='word_1_299' title='bbox 848 1046 952 1090; x_wconf 78' lang='grc' dir='ltr'><strong><em>μέρος</em></strong></span> <span class='ocrx_word' id='word_1_300' title='bbox 982 1039 1249 1090; x_wconf 85' lang='grc' dir='ltr'><strong><em>ἀθροισθεῖσάν</em></strong></span> <span class='ocrx_word' id='word_1_301' title='bbox 1318 1041 1585 1087; x_wconf 84' lang='lat' dir='ltr'><strong>particulariter</strong></span> <span class='ocrx_word' id='word_1_302' title='bbox 1605 1041 1790 1077; x_wconf 87' lang='lat' dir='ltr'><strong>collectam</strong></span> <span class='ocrx_word' id='word_1_303' title='bbox 1813 1041 1919 1077; x_wconf 89' lang='lat' dir='ltr'><strong>simul</strong></span> <span class='ocrx_word' id='word_1_304' title='bbox 1943 1045 1978 1076; x_wconf 91' lang='lat' dir='ltr'><strong>et</strong></span> <span class='ocrx_word' id='word_1_305' title='bbox 1997 1040 2172 1086; x_wconf 88' lang='lat' dir='ltr'><strong>paulatim</strong></span> <span class='ocrx_word' id='word_1_306' title='bbox 2195 1039 2399 1083; x_wconf 84' lang='lat' dir='ltr'><strong>colligatam</strong></span> 
     </span>
     <span class='ocr_line' id='line_1_22' title="bbox 171 1083 2398 1136; baseline -0.003 -12"><span class='ocrx_word' id='word_1_307' title='bbox 171 1103 210 1124; x_wconf 80' lang='grc' dir='ltr'><strong>τε</strong></span> <span class='ocrx_word' id='word_1_308' title='bbox 234 1087 308 1136; x_wconf 79' lang='grc' dir='ltr'><strong>ἅμα</strong></span> <span class='ocrx_word' id='word_1_309' title='bbox 328 1092 388 1125; x_wconf 82' lang='grc' dir='ltr'><strong>καὶ</strong></span> <span class='ocrx_word' id='word_1_310' title='bbox 416 1091 470 1134; x_wconf 75' lang='grc' dir='ltr'><strong><em>τῷ</em></strong></span> <span class='ocrx_word' id='word_1_311' title='bbox 495 1088 587 1124; x_wconf 79' lang='grc' dir='ltr'><strong><em>κατὰ</em></strong></span> <span class='ocrx_word' id='word_1_312' title='bbox 608 1089 737 1135; x_wconf 83' lang='grc' dir='ltr'><strong><em>μικρὸν</em></strong></span> <span class='ocrx_word' id='word_1_313' title='bbox 760 1086 980 1122; x_wconf 86' lang='grc' dir='ltr'><strong><em>συνδεῖσθαί</em></strong></span> <span class='ocrx_word' id='word_1_314' title='bbox 999 1101 1039 1122; x_wconf 88' lang='grc' dir='ltr'><strong>τε</strong></span> <span class='ocrx_word' id='word_1_315' title='bbox 1060 1086 1149 1134; x_wconf 84' lang='grc' dir='ltr'><strong><em>πρὸς</em></strong></span> <span class='ocrx_word' id='word_1_316' title='bbox 1172 1088 1249 1122; x_wconf 84' lang='grc' dir='ltr'><strong><em>ἑαυ-</em></strong></span> <span class='ocrx_word' id='word_1_317' title='bbox 1264 1090 1306 1122; x_wconf 89' lang='grc'>20</span> <span class='ocrx_word' id='word_1_318' title='bbox 1319 1087 1366 1123; x_wconf 86' lang='lat' dir='ltr'><strong>ad</strong></span> <span class='ocrx_word' id='word_1_319' title='bbox 1390 1090 1502 1122; x_wconf 89' lang='lat' dir='ltr'><strong>semet</strong></span> <span class='ocrx_word' id='word_1_320' title='bbox 1525 1087 1640 1130; x_wconf 88' lang='lat' dir='ltr'><strong>ipsam</strong></span> <span class='ocrx_word' id='word_1_321' title='bbox 1664 1089 1701 1122; x_wconf 88' lang='lat' dir='ltr'><strong>et</strong></span> <span class='ocrx_word' id='word_1_322' title='bbox 1726 1087 1992 1130; x_wconf 81' lang='lat' dir='ltr'><strong>cohaerentem,</strong></span> <span class='ocrx_word' id='word_1_323' title='bbox 2017 1085 2205 1122; x_wconf 81' lang='lat' dir='ltr'><strong>confusam</strong></span> <span class='ocrx_word' id='word_1_324' title='bbox 2226 1085 2263 1120; x_wconf 89' lang='lat' dir='ltr'><strong>in</strong></span> <span class='ocrx_word' id='word_1_325' title='bbox 2287 1083 2398 1129; x_wconf 88' lang='lat' dir='ltr'><strong>pluri-</strong></span> 
     </span>
     <span class='ocr_line' id='line_1_23' title="bbox 171 1131 2399 1180; baseline -0.003 -10"><span class='ocrx_word' id='word_1_326' title='bbox 171 1135 239 1180; x_wconf 86' lang='grc' dir='ltr'><strong>τὴν</strong></span> <span class='ocrx_word' id='word_1_327' title='bbox 261 1139 322 1170; x_wconf 85' lang='grc' dir='ltr'><strong>καὶ</strong></span> <span class='ocrx_word' id='word_1_328' title='bbox 347 1147 390 1170; x_wconf 87' lang='grc' dir='ltr'><strong>συ</strong></span> <span class='ocrx_word' id='word_1_329' title='bbox 414 1133 616 1170; x_wconf 74' lang='grc' dir='ltr'><strong><em>κολλᾶσθαι</em></strong></span> <span class='ocrx_word' id='word_1_330' title='bbox 646 1133 886 1180; x_wconf 75' lang='grc' dir='ltr'><strong><em>συγχεθεῖσαν</em></strong></span> <span class='ocrx_word' id='word_1_331' title='bbox 917 1135 957 1167; x_wconf 83' lang='grc' dir='ltr'><strong>ἐν</strong></span> <span class='ocrx_word' id='word_1_332' title='bbox 986 1132 1167 1168; x_wconf 78' lang='grc' dir='ltr'><strong><em>πλείστοις</em></strong></span> <span class='ocrx_word' id='word_1_333' title='bbox 1190 1137 1253 1167; x_wconf 82' lang='grc' dir='ltr'><strong>καί</strong></span> <span class='ocrx_word' id='word_1_334' title='bbox 1319 1133 1385 1168; x_wconf 90' lang='lat' dir='ltr'><strong>mis</strong></span> <span class='ocrx_word' id='word_1_335' title='bbox 1409 1137 1445 1168; x_wconf 86' lang='lat' dir='ltr'><strong>et</strong></span> <span class='ocrx_word' id='word_1_336' title='bbox 1469 1131 1622 1176; x_wconf 86' lang='lat' dir='ltr'><strong>quadam</strong></span> <span class='ocrx_word' id='word_1_337' title='bbox 1646 1142 1787 1176; x_wconf 90' lang='lat' dir='ltr'><strong>semper</strong></span> <span class='ocrx_word' id='word_1_338' title='bbox 1810 1136 1969 1177; x_wconf 88' lang='lat' dir='ltr'><strong>egentem</strong></span> <span class='ocrx_word' id='word_1_339' title='bbox 1994 1131 2227 1175; x_wconf 86' lang='lat' dir='ltr'><strong>correctione,</strong></span> <span class='ocrx_word' id='word_1_340' title='bbox 2255 1139 2399 1175; x_wconf 87' lang='lat' dir='ltr'><strong>puram-</strong></span> 
     </span>
     <span class='ocr_line' id='line_1_24' title="bbox 172 1149 2151 1234; baseline -0.002 -19"><span class='ocrx_word' id='word_1_341' title='bbox 172 1193 269 1215; x_wconf 79' lang='grc' dir='ltr'><strong><em>τινος</em></strong></span> <span class='ocrx_word' id='word_1_342' title='bbox 299 1180 355 1215; x_wconf 81' lang='grc' dir='ltr'><strong><em>ἀεὶ</em></strong></span> <span class='ocrx_word' id='word_1_343' title='bbox 386 1149 558 1225; x_wconf 69' lang='grc' dir='ltr'><strong><em>ἔεομένην</em></strong></span> <span class='ocrx_word' id='word_1_344' title='bbox 589 1177 896 1234; x_wconf 52' lang='grc' dir='ltr'><strong><em>ἐπανορθώσεως,</em></strong></span> <span class='ocrx_word' id='word_1_345' title='bbox 932 1176 1104 1227; x_wconf 76' lang='grc' dir='ltr'><strong><em>καθαράν</em></strong></span> <span class='ocrx_word' id='word_1_346' title='bbox 1123 1191 1164 1213; x_wconf 82' lang='grc' dir='ltr'><strong>τε</strong></span> <span class='ocrx_word' id='word_1_347' title='bbox 1187 1181 1248 1212; x_wconf 85' lang='grc' dir='ltr'><strong>καὶ</strong></span> <span class='ocrx_word' id='word_1_348' title='bbox 1317 1188 1387 1224; x_wconf 86' lang='lat' dir='ltr'><strong>que</strong></span> <span class='ocrx_word' id='word_1_349' title='bbox 1411 1181 1447 1214; x_wconf 82' lang='lat' dir='ltr'><strong>et</strong></span> <span class='ocrx_word' id='word_1_350' title='bbox 1471 1187 1666 1213; x_wconf 82' lang='lat' dir='ltr'><strong>consonam</strong></span> <span class='ocrx_word' id='word_1_351' title='bbox 1691 1177 1761 1213; x_wconf 81' lang='lat' dir='ltr'><strong>sibi</strong></span> <span class='ocrx_word' id='word_1_352' title='bbox 1785 1177 1928 1213; x_wconf 76' lang='lat' dir='ltr'><strong>omnino</strong></span> <span class='ocrx_word' id='word_1_353' title='bbox 1953 1177 2151 1214; x_wconf 74' lang='lat' dir='ltr'><strong>declarans.</strong></span> 
     </span>
    </p>

    <p class='ocr_par' dir='ltr' id='par_1_7' title="bbox 173 1225 961 1273">
     <span class='ocr_line' id='line_1_25' title="bbox 173 1225 961 1273; baseline -0.001 -14"><span class='ocrx_word' id='word_1_354' title='bbox 173 1226 370 1272; x_wconf 83' lang='grc' dir='ltr'><strong><em>σύμφωνον</em></strong></span> <span class='ocrx_word' id='word_1_355' title='bbox 392 1225 500 1273; x_wconf 83' lang='grc' dir='ltr'><strong><em>ἑαυτῇ</em></strong></span> <span class='ocrx_word' id='word_1_356' title='bbox 525 1227 707 1260; x_wconf 78' lang='grc' dir='ltr'><strong><em>παντοίως</em></strong></span> <span class='ocrx_word' id='word_1_357' title='bbox 729 1227 961 1270; x_wconf 80' lang='grc' dir='ltr'><strong><em>αποφαίνων.</em></strong></span> 
     </span>
    </p>
   </div>
   <div class='ocr_carea' id='block_1_6' title="bbox 1165 1336 1410 1373">
    <p class='ocr_par' dir='ltr' id='par_1_8' title="bbox 1165 1336 1410 1373">
     <span class='ocr_line' id='line_1_26' title="bbox 1165 1336 1410 1373; baseline 0 -1"><span class='ocrx_word' id='word_1_358' title='bbox 1165 1336 1322 1373; x_wconf 87' lang='lat' dir='ltr'>CAPUT</span> <span class='ocrx_word' id='word_1_359' title='bbox 1345 1337 1410 1373; x_wconf 92' lang='lat'>111.</span> 
     </span>
    </p>
   </div>
   <div class='ocr_carea' id='block_1_7' title="bbox 170 1401 2404 1861">
    <p class='ocr_par' dir='ltr' id='par_1_9' title="bbox 170 1401 2404 1861">
     <span class='ocr_line' id='line_1_27' title="bbox 1368 1401 2399 1450; baseline -0.003 -10"><span class='ocrx_word' id='word_1_360' title='bbox 1368 1404 1524 1450; x_wconf 83' lang='lat' dir='ltr'><strong>Nuptias</strong></span> <span class='ocrx_word' id='word_1_361' title='bbox 1558 1404 1681 1449; x_wconf 89' lang='lat' dir='ltr'><strong>itaque</strong></span> <span class='ocrx_word' id='word_1_362' title='bbox 1715 1403 1866 1448; x_wconf 81' lang='lat' dir='ltr'><strong>affectus</strong></span> <span class='ocrx_word' id='word_1_363' title='bbox 1901 1402 2062 1438; x_wconf 83' lang='lat' dir='ltr'><strong>alternus</strong></span> <span class='ocrx_word' id='word_1_364' title='bbox 2104 1401 2194 1437; x_wconf 84' lang='lat' dir='ltr'><strong>facit</strong></span> <span class='ocrx_word' id='word_1_365' title='bbox 2228 1402 2399 1438; x_wconf 87' lang='lat' dir='ltr'><strong>dotalium</strong></span> 
     </span>
     <span class='ocr_line' id='line_1_28' title="bbox 171 1447 2402 1500; baseline -0.003 -12"><span class='ocrx_word' id='word_1_366' title='bbox 171 1465 366 1500; x_wconf 81' lang='grc' dir='ltr'><strong><em>προικῳων</em></strong></span> <span class='ocrx_word' id='word_1_367' title='bbox 386 1465 428 1499; x_wconf 74' lang='grc' dir='ltr'><strong><em>γε</em></strong></span> <span class='ocrx_word' id='word_1_368' title='bbox 450 1451 514 1486; x_wconf 79' lang='grc' dir='ltr'><strong>οὐκ</strong></span> <span class='ocrx_word' id='word_1_369' title='bbox 537 1449 749 1495; x_wconf 77' lang='grc' dir='ltr'><strong><em>ἐπιδεομένη</em></strong></span> <span class='ocrx_word' id='word_1_370' title='bbox 773 1450 989 1497; x_wconf 82' lang='grc' dir='ltr'><strong><em>προςθὴκης.</em></strong></span> <span class='ocrx_word' id='word_1_371' title='bbox 1036 1448 1186 1485; x_wconf 76' lang='grc' dir='ltr'><strong><em>ἐπειδὰν</em></strong></span> <span class='ocrx_word' id='word_1_372' title='bbox 1210 1448 1250 1484; x_wconf 79' lang='grc' dir='ltr'><strong>δὲ</strong></span> <span class='ocrx_word' id='word_1_373' title='bbox 1264 1453 1303 1484; x_wconf 82' lang='grc'>25</span> <span class='ocrx_word' id='word_1_374' title='bbox 1318 1460 1391 1485; x_wconf 94' lang='lat' dir='ltr'><strong>non</strong></span> <span class='ocrx_word' id='word_1_375' title='bbox 1422 1460 1529 1494; x_wconf 90' lang='lat' dir='ltr'><strong>egens</strong></span> <span class='ocrx_word' id='word_1_376' title='bbox 1559 1452 1759 1494; x_wconf 85' lang='lat' dir='ltr'><strong>augmento.</strong></span> <span class='ocrx_word' id='word_1_377' title='bbox 1809 1448 1898 1483; x_wconf 88' lang='lat' dir='ltr'><strong>Cum</strong></span> <span class='ocrx_word' id='word_1_378' title='bbox 1930 1448 2024 1483; x_wconf 90' lang='lat' dir='ltr'><strong>enim</strong></span> <span class='ocrx_word' id='word_1_379' title='bbox 2055 1447 2165 1483; x_wconf 87' lang='lat' dir='ltr'><strong>semel</strong></span> <span class='ocrx_word' id='word_1_380' title='bbox 2197 1449 2402 1483; x_wconf 85' lang='lat' dir='ltr'><strong>convenerit</strong></span> 
     </span>
     <span class='ocr_line' id='line_1_29' title="bbox 170 1493 2401 1543; baseline -0.001 -12"><span class='ocrx_word' id='word_1_381' title='bbox 170 1496 268 1538; x_wconf 74' lang='grc' dir='ltr'><strong><em>ι’ίπαξ</em></strong></span> <span class='ocrx_word' id='word_1_382' title='bbox 298 1496 472 1532; x_wconf 80' lang='grc' dir='ltr'><strong><em>συνέλθοι</em></strong></span> <span class='ocrx_word' id='word_1_383' title='bbox 501 1497 573 1532; x_wconf 76' lang='grc' dir='ltr'><strong><em>εἴτε</em></strong></span> <span class='ocrx_word' id='word_1_384' title='bbox 600 1498 660 1532; x_wconf 79' lang='grc' dir='ltr'><strong>ἐπὶ</strong></span> <span class='ocrx_word' id='word_1_385' title='bbox 689 1495 778 1543; x_wconf 79' lang='grc' dir='ltr'><strong><em>ψιλῇ</em></strong></span> <span class='ocrx_word' id='word_1_386' title='bbox 832 1497 940 1543; x_wconf 83' lang='grc' dir='ltr'><strong><em>αμικῇ</em></strong></span> <span class='ocrx_word' id='word_1_387' title='bbox 975 1494 1143 1530; x_wconf 79' lang='grc' dir='ltr'><strong><em>διαθέσει</em></strong></span> <span class='ocrx_word' id='word_1_388' title='bbox 1178 1496 1250 1530; x_wconf 83' lang='grc' dir='ltr'><strong><em>εἴτε</em></strong></span> <span class='ocrx_word' id='word_1_389' title='bbox 1319 1505 1382 1531; x_wconf 85' lang='lat' dir='ltr'><strong>seu</strong></span> <span class='ocrx_word' id='word_1_390' title='bbox 1413 1506 1506 1541; x_wconf 90' lang='lat' dir='ltr'><strong>puro</strong></span> <span class='ocrx_word' id='word_1_391' title='bbox 1535 1494 1692 1540; x_wconf 83' lang='lat' dir='ltr'><strong>nuptiali</strong></span> <span class='ocrx_word' id='word_1_392' title='bbox 1715 1494 1848 1530; x_wconf 82' lang='lat' dir='ltr'><strong>affectu</strong></span> <span class='ocrx_word' id='word_1_393' title='bbox 1875 1493 1949 1529; x_wconf 87' lang='lat' dir='ltr'><strong>sive</strong></span> <span class='ocrx_word' id='word_1_394' title='bbox 1973 1493 2081 1529; x_wconf 85' lang='lat' dir='ltr'><strong>etiam</strong></span> <span class='ocrx_word' id='word_1_395' title='bbox 2101 1493 2283 1530; x_wconf 88' lang='lat' dir='ltr'><strong>oblatione</strong></span> <span class='ocrx_word' id='word_1_396' title='bbox 2307 1493 2401 1529; x_wconf 90' lang='lat' dir='ltr'><strong>dotis</strong></span> 
     </span>
     <span class='ocr_line' id='line_1_30' title="bbox 171 1539 2401 1590; baseline -0.002 -13"><span class='ocrx_word' id='word_1_397' title='bbox 171 1546 230 1577; x_wconf 82' lang='grc' dir='ltr'><strong>καὶ</strong></span> <span class='ocrx_word' id='word_1_398' title='bbox 254 1540 415 1578; x_wconf 79' lang='grc' dir='ltr'><strong><em>ἐπιδόσει</em></strong></span> <span class='ocrx_word' id='word_1_399' title='bbox 437 1541 584 1590; x_wconf 80' lang='grc' dir='ltr'><strong><em>προικὸς</em></strong></span> <span class='ocrx_word' id='word_1_400' title='bbox 615 1544 675 1576; x_wconf 78' lang='grc' dir='ltr'><strong>καὶ</strong></span> <span class='ocrx_word' id='word_1_401' title='bbox 698 1542 759 1585; x_wconf 82' lang='grc' dir='ltr'><strong>τῆς</strong></span> <span class='ocrx_word' id='word_1_402' title='bbox 814 1539 851 1574; x_wconf 81' lang='grc' dir='ltr'><strong>ιὰ</strong></span> <span class='ocrx_word' id='word_1_403' title='bbox 875 1540 941 1576; x_wconf 83' lang='grc' dir='ltr'><strong>τὸν</strong></span> <span class='ocrx_word' id='word_1_404' title='bbox 963 1539 1080 1589; x_wconf 74' lang='grc' dir='ltr'><strong><em>γάμον</em></strong></span> <span class='ocrx_word' id='word_1_405' title='bbox 1103 1539 1249 1588; x_wconf 82' lang='grc' dir='ltr'><strong><em>δωρεᾶς,</em></strong></span> <span class='ocrx_word' id='word_1_406' title='bbox 1319 1544 1356 1576; x_wconf 87' lang='lat' dir='ltr'><strong>et</strong></span> <span class='ocrx_word' id='word_1_407' title='bbox 1378 1543 1527 1586; x_wconf 89' lang='lat' dir='ltr'><strong>propter</strong></span> <span class='ocrx_word' id='word_1_408' title='bbox 1550 1540 1697 1585; x_wconf 86' lang='lat' dir='ltr'><strong>nuptias</strong></span> <span class='ocrx_word' id='word_1_409' title='bbox 1723 1539 1944 1582; x_wconf 86' lang='lat' dir='ltr'><strong>donationis,</strong></span> <span class='ocrx_word' id='word_1_410' title='bbox 1976 1542 2119 1584; x_wconf 85' lang='lat' dir='ltr'><strong>oportet</strong></span> <span class='ocrx_word' id='word_1_411' title='bbox 2150 1548 2296 1574; x_wconf 83' lang='lat' dir='ltr'><strong>causam</strong></span> <span class='ocrx_word' id='word_1_412' title='bbox 2328 1550 2401 1574; x_wconf 92' lang='lat' dir='ltr'><strong>om-</strong></span> 
     </span>
     <span class='ocr_line' id='line_1_31' title="bbox 171 1580 2403 1635; baseline -0.001 -13"><span class='ocrx_word' id='word_1_413' title='bbox 171 1587 227 1623; x_wconf 78' lang='grc' dir='ltr'>δοῖ</span> <span class='ocrx_word' id='word_1_414' title='bbox 247 1589 301 1631; x_wconf 76' lang='grc' dir='ltr'><strong><em>τῷ</em></strong></span> <span class='ocrx_word' id='word_1_415' title='bbox 327 1600 356 1622; x_wconf 90' lang='grc' dir='ltr'><strong><em>π</em></strong></span> <span class='ocrx_word' id='word_1_416' title='bbox 390 1587 512 1635; x_wconf 78' lang='grc' dir='ltr'><strong><em>’γματι</em></strong></span> <span class='ocrx_word' id='word_1_417' title='bbox 536 1585 682 1623; x_wconf 82' lang='grc' dir='ltr'><strong><em>πάντως</em></strong></span> <span class='ocrx_word' id='word_1_418' title='bbox 705 1584 951 1631; x_wconf 78' lang='grc' dir='ltr'><strong><em>ἀκολουθῆσαι</em></strong></span> <span class='ocrx_word' id='word_1_419' title='bbox 979 1590 1039 1621; x_wconf 84' lang='grc' dir='ltr'><strong>καὶ</strong></span> <span class='ocrx_word' id='word_1_420' title='bbox 1064 1584 1166 1621; x_wconf 82' lang='grc' dir='ltr'><strong><em>λύσιν</em></strong></span> <span class='ocrx_word' id='word_1_421' title='bbox 1191 1580 1249 1620; x_wconf 67' lang='grc' dir='ltr'><strong>αὖ·</strong></span> <span class='ocrx_word' id='word_1_422' title='bbox 1318 1586 1403 1623; x_wconf 88' lang='lat' dir='ltr'><strong>nino</strong></span> <span class='ocrx_word' id='word_1_423' title='bbox 1427 1586 1529 1632; x_wconf 88' lang='lat' dir='ltr'><strong>sequi</strong></span> <span class='ocrx_word' id='word_1_424' title='bbox 1553 1586 1660 1622; x_wconf 88' lang='lat' dir='ltr'><strong>etiam</strong></span> <span class='ocrx_word' id='word_1_425' title='bbox 1683 1585 1896 1621; x_wconf 89' lang='lat' dir='ltr'><strong>solutionem</strong></span> <span class='ocrx_word' id='word_1_426' title='bbox 1925 1586 1991 1619; x_wconf 86' lang='lat' dir='ltr'><strong>aut</strong></span> <span class='ocrx_word' id='word_1_427' title='bbox 2023 1584 2207 1620; x_wconf 87' lang='lat' dir='ltr'><strong>innoxiam</strong></span> <span class='ocrx_word' id='word_1_428' title='bbox 2230 1587 2293 1620; x_wconf 86' lang='lat' dir='ltr'><strong>aut</strong></span> <span class='ocrx_word' id='word_1_429' title='bbox 2321 1595 2403 1620; x_wconf 92' lang='lat' dir='ltr'><strong>cum</strong></span> 
     </span>
     <span class='ocr_line' id='line_1_32' title="bbox 170 1628 2402 1678; baseline -0.002 -9"><span class='ocrx_word' id='word_1_430' title='bbox 170 1634 234 1672; x_wconf 84' lang='grc' dir='ltr'><strong>θις</strong></span> <span class='ocrx_word' id='word_1_431' title='bbox 261 1632 345 1669; x_wconf 80' lang='grc' dir='ltr'><strong><em>ἀνεύ</em></strong></span> <span class='ocrx_word' id='word_1_432' title='bbox 380 1647 467 1668; x_wconf 87' lang='grc' dir='ltr'><strong><em>υνον</em></strong></span> <span class='ocrx_word' id='word_1_433' title='bbox 498 1630 520 1676; x_wconf 84' lang='grc' dir='ltr'><em>ἢ</em></span> <span class='ocrx_word' id='word_1_434' title='bbox 546 1631 638 1677; x_wconf 80' lang='grc' dir='ltr'><strong><em>μετὰ</em></strong></span> <span class='ocrx_word' id='word_1_435' title='bbox 668 1633 809 1676; x_wconf 87' lang='grc' dir='ltr'><strong><em>ποινῆς·</em></strong></span> <span class='ocrx_word' id='word_1_436' title='bbox 851 1631 976 1676; x_wconf 78' lang='grc' dir='ltr'><strong><em>ἐπειδὴ</em></strong></span> <span class='ocrx_word' id='word_1_437' title='bbox 1007 1632 1086 1667; x_wconf 82' lang='grc' dir='ltr'><strong>τῶν</strong></span> <span class='ocrx_word' id='word_1_438' title='bbox 1118 1634 1158 1666; x_wconf 85' lang='grc' dir='ltr'><strong>ἐν</strong></span> <span class='ocrx_word' id='word_1_439' title='bbox 1189 1628 1249 1666; x_wconf 82' lang='grc' dir='ltr'><strong>ἄν·</strong></span> <span class='ocrx_word' id='word_1_440' title='bbox 1318 1642 1452 1676; x_wconf 88' lang='lat' dir='ltr'><strong>poena,</strong></span> <span class='ocrx_word' id='word_1_441' title='bbox 1490 1631 1657 1678; x_wconf 86' lang='lat' dir='ltr'><strong>quoniam</strong></span> <span class='ocrx_word' id='word_1_442' title='bbox 1692 1631 1822 1667; x_wconf 88' lang='lat' dir='ltr'><strong>horum</strong></span> <span class='ocrx_word' id='word_1_443' title='bbox 1857 1640 1950 1675; x_wconf 90' lang='lat' dir='ltr'><strong>quae</strong></span> <span class='ocrx_word' id='word_1_444' title='bbox 1981 1630 2019 1665; x_wconf 93' lang='lat' dir='ltr'><strong>in</strong></span> <span class='ocrx_word' id='word_1_445' title='bbox 2047 1629 2248 1666; x_wconf 86' lang='lat' dir='ltr'><strong>hominibus</strong></span> <span class='ocrx_word' id='word_1_446' title='bbox 2277 1630 2402 1665; x_wconf 86' lang='lat' dir='ltr'><strong>subse-</strong></span> 
     </span>
     <span class='ocr_line' id='line_1_33' title="bbox 170 1673 2403 1724; baseline -0.002 -10"><span class='ocrx_word' id='word_1_447' title='bbox 170 1676 338 1724; x_wconf 78' lang='grc' dir='ltr'><strong><em>θρώποις</em></strong></span> <span class='ocrx_word' id='word_1_448' title='bbox 360 1676 741 1723; x_wconf 82' lang='grc' dir='ltr'><strong><em>παρακολουθούντων</em></strong></span> <span class='ocrx_word' id='word_1_449' title='bbox 771 1673 830 1712; x_wconf 57' lang='grc' dir='ltr'><strong><em>(τὸ</em></strong></span> <span class='ocrx_word' id='word_1_450' title='bbox 853 1675 967 1712; x_wconf 71' lang='grc' dir='ltr'><strong><em>δοθὲν</em></strong></span> <span class='ocrx_word' id='word_1_451' title='bbox 989 1675 1090 1713; x_wconf 86' lang='grc' dir='ltr'><strong><em>ἅπαν</em></strong></span> <span class='ocrx_word' id='word_1_452' title='bbox 1111 1674 1248 1712; x_wconf 73' lang='grc' dir='ltr'><strong><em>λυτόν’.</em></strong></span> <span class='ocrx_word' id='word_1_453' title='bbox 1263 1679 1305 1712; x_wconf 90' lang='grc'><strong>30</strong></span> <span class='ocrx_word' id='word_1_454' title='bbox 1319 1682 1496 1722; x_wconf 89' lang='lat' dir='ltr'><strong>quuntur,</strong></span> <span class='ocrx_word' id='word_1_455' title='bbox 1527 1676 1699 1722; x_wconf 84' lang='lat' dir='ltr'><strong>quidquid</strong></span> <span class='ocrx_word' id='word_1_456' title='bbox 1730 1676 1880 1721; x_wconf 86' lang='lat' dir='ltr'><strong>ligatur,</strong></span> <span class='ocrx_word' id='word_1_457' title='bbox 1913 1675 2063 1711; x_wconf 90' lang='lat' dir='ltr'><strong>solubile</strong></span> <span class='ocrx_word' id='word_1_458' title='bbox 2092 1679 2158 1711; x_wconf 87' lang='lat' dir='ltr'><strong>est.</strong></span> <span class='ocrx_word' id='word_1_459' title='bbox 2207 1675 2257 1711; x_wconf 92' lang='lat' dir='ltr'><strong>Ut</strong></span> <span class='ocrx_word' id='word_1_460' title='bbox 2283 1677 2403 1710; x_wconf 87' lang='lat' dir='ltr'><strong>autem</strong></span> 
     </span>
     <span class='ocr_line' id='line_1_34' title="bbox 170 1720 2404 1776; baseline -0.002 -17"><span class='ocrx_word' id='word_1_461' title='bbox 170 1723 213 1759; x_wconf 82' lang='grc' dir='ltr'><strong><em>τὸ</em></strong></span> <span class='ocrx_word' id='word_1_462' title='bbox 231 1722 272 1758; x_wconf 79' lang='grc' dir='ltr'><strong>δὲ</strong></span> <span class='ocrx_word' id='word_1_463' title='bbox 291 1727 351 1758; x_wconf 76' lang='grc' dir='ltr'><strong>καὶ</strong></span> <span class='ocrx_word' id='word_1_464' title='bbox 371 1726 432 1760; x_wconf 79' lang='grc' dir='ltr'><strong>ἐπὶ</strong></span> <span class='ocrx_word' id='word_1_465' title='bbox 448 1725 527 1759; x_wconf 80' lang='grc' dir='ltr'><strong>τῶν</strong></span> <span class='ocrx_word' id='word_1_466' title='bbox 542 1723 595 1759; x_wconf 83' lang='grc' dir='ltr'><strong>ἇπ</strong></span> <span class='ocrx_word' id='word_1_467' title='bbox 618 1726 729 1758; x_wconf 85' lang='grc' dir='ltr'><strong><em>οίκων</em></strong></span> <span class='ocrx_word' id='word_1_468' title='bbox 746 1721 979 1767; x_wconf 79' lang='grc' dir='ltr'><strong><em>συμβολαίων</em></strong></span> <span class='ocrx_word' id='word_1_469' title='bbox 1004 1721 1253 1776; x_wconf 74' lang='grc' dir='ltr'><strong><em>διαλυομένων</em></strong></span> <span class='ocrx_word' id='word_1_470' title='bbox 1322 1723 1430 1758; x_wconf 88' lang='lat' dir='ltr'><strong>etiam</strong></span> <span class='ocrx_word' id='word_1_471' title='bbox 1459 1733 1569 1768; x_wconf 89' lang='lat' dir='ltr'><strong>super</strong></span> <span class='ocrx_word' id='word_1_472' title='bbox 1591 1721 1761 1757; x_wconf 85' lang='lat' dir='ltr'><strong>indotatis</strong></span> <span class='ocrx_word' id='word_1_473' title='bbox 1793 1720 2028 1758; x_wconf 83' lang='lat' dir='ltr'><strong>matrimoniis</strong></span> <span class='ocrx_word' id='word_1_474' title='bbox 2052 1720 2286 1756; x_wconf 88' lang='lat' dir='ltr'><strong>distractione</strong></span> <span class='ocrx_word' id='word_1_475' title='bbox 2305 1720 2404 1756; x_wconf 88' lang='lat' dir='ltr'><strong>facta</strong></span> 
     </span>
     <span class='ocr_line' id='line_1_35' title="bbox 171 1737 2400 1822; baseline -0.001 -18"><span class='ocrx_word' id='word_1_476' title='bbox 171 1773 252 1822; x_wconf 49' lang='lat' dir='ltr'><strong>mzt-</strong></span> <span class='ocrx_word' id='word_1_477' title='bbox 262 1767 394 1813; x_wconf 85' lang='grc' dir='ltr'><strong><em>ποινὴν</em></strong></span> <span class='ocrx_word' id='word_1_478' title='bbox 424 1769 511 1805; x_wconf 82' lang='grc' dir='ltr'><strong><em>ἴσως</em></strong></span> <span class='ocrx_word' id='word_1_479' title='bbox 533 1737 765 1810; x_wconf 51' lang='grc' dir='ltr'><strong><em>ἀκοῇουθεῖν,</em></strong></span> <span class='ocrx_word' id='word_1_480' title='bbox 794 1769 902 1803; x_wconf 84' lang='grc' dir='ltr'><strong><em>τοῦτο</em></strong></span> <span class='ocrx_word' id='word_1_481' title='bbox 933 1764 1030 1813; x_wconf 86' lang='grc' dir='ltr'><strong><em>ἡμεῖς</em></strong></span> <span class='ocrx_word' id='word_1_482' title='bbox 1055 1768 1250 1815; x_wconf 79' lang='grc' dir='ltr'><strong><em>·έξευρομεν</em></strong></span> <span class='ocrx_word' id='word_1_483' title='bbox 1318 1779 1436 1814; x_wconf 77' lang='lat' dir='ltr'><strong>poena</strong></span> <span class='ocrx_word' id='word_1_484' title='bbox 1448 1768 1574 1807; x_wconf 81' lang='lat' dir='ltr'><strong>merito</strong></span> <span class='ocrx_word' id='word_1_485' title='bbox 1589 1767 1842 1813; x_wconf 78' lang='lat' dir='ltr'><strong>subsequatur,</strong></span> <span class='ocrx_word' id='word_1_486' title='bbox 1861 1766 1930 1803; x_wconf 83' lang='lat' dir='ltr'><strong>hoc</strong></span> <span class='ocrx_word' id='word_1_487' title='bbox 1943 1777 2010 1804; x_wconf 83' lang='lat' dir='ltr'><strong>nos</strong></span> <span class='ocrx_word' id='word_1_488' title='bbox 2028 1765 2272 1803; x_wconf 82' lang='lat' dir='ltr'><strong>adinvenimus</strong></span> <span class='ocrx_word' id='word_1_489' title='bbox 2285 1766 2400 1812; x_wconf 85' lang='lat' dir='ltr'><strong>primi.</strong></span> 
     </span>
     <span class='ocr_line' id='line_1_36' title="bbox 172 1828 321 1861; baseline 0 -11"><span class='ocrx_word' id='word_1_490' title='bbox 172 1828 321 1861; x_wconf 80' lang='grc' dir='ltr'><strong><em>πρωτοι.</em></strong></span> 
     </span>
    </p>
   </div>
   <div class='ocr_carea' id='block_1_8' title="bbox 217 1399 1249 1460">
    <p class='ocr_par' dir='ltr' id='par_1_10' title="bbox 217 1399 1249 1460">
     <span class='ocr_line' id='line_1_37' title="bbox 217 1399 1249 1460; baseline -0.002 -19"><span class='ocrx_word' id='word_1_491' title='bbox 217 1405 339 1460; x_wconf 73' lang='grc' dir='ltr'><strong><em>Γάμον</em></strong></span> <span class='ocrx_word' id='word_1_492' title='bbox 369 1408 437 1451; x_wconf 77' lang='grc' dir='ltr'><strong>μὲν</strong></span> <span class='ocrx_word' id='word_1_493' title='bbox 466 1399 530 1441; x_wconf 73' lang='grc' dir='ltr'><strong>οὖν</strong></span> <span class='ocrx_word' id='word_1_494' title='bbox 553 1403 719 1440; x_wconf 79' lang='grc' dir='ltr'><strong><em>διάθεσις</em></strong></span> <span class='ocrx_word' id='word_1_495' title='bbox 742 1402 918 1449; x_wconf 70' lang='grc' dir='ltr'><strong><em>ἀμοιβαῖα</em></strong></span> <span class='ocrx_word' id='word_1_496' title='bbox 941 1407 1054 1447; x_wconf 84' lang='grc' dir='ltr'><strong><em>ποιεῖ,</em></strong></span> <span class='ocrx_word' id='word_1_497' title='bbox 1086 1406 1147 1448; x_wconf 78' lang='grc' dir='ltr'><strong>τῆς</strong></span> <span class='ocrx_word' id='word_1_498' title='bbox 1170 1405 1249 1439; x_wconf 80' lang='grc' dir='ltr'><strong>τῶν</strong></span> 
     </span>
    </p>
   </div>
   <div class='ocr_carea' id='block_1_9' title="bbox 1164 1904 1408 1941">
    <p class='ocr_par' dir='ltr' id='par_1_11' title="bbox 1164 1904 1408 1941">
     <span class='ocr_line' id='line_1_38' title="bbox 1164 1904 1408 1941; baseline -0.008 0"><span class='ocrx_word' id='word_1_499' title='bbox 1164 1904 1319 1941; x_wconf 86' lang='lat' dir='ltr'>CAPUT</span> <span class='ocrx_word' id='word_1_500' title='bbox 1346 1904 1408 1939; x_wconf 87' lang='lat' dir='ltr'><strong>IV.</strong></span> 
     </span>
    </p>
   </div>
   <div class='ocr_carea' id='block_1_10' title="bbox 172 1970 2402 2066">
    <p class='ocr_par' dir='ltr' id='par_1_12' title="bbox 172 1970 2402 2066">
     <span class='ocr_line' id='line_1_39' title="bbox 218 1970 2402 2021; baseline -0.001 -14"><span class='ocrx_word' id='word_1_501' title='bbox 218 1971 436 2008; x_wconf 85' lang='grc' dir='ltr'><strong><em>Διαλύονται</em></strong></span> <span class='ocrx_word' id='word_1_502' title='bbox 468 1971 508 2007; x_wconf 72' lang='grc' dir='ltr'><strong>δὲ</strong></span> <span class='ocrx_word' id='word_1_503' title='bbox 537 1974 578 2007; x_wconf 72' lang='grc' dir='ltr'><strong>ἐν</strong></span> <span class='ocrx_word' id='word_1_504' title='bbox 603 1974 678 2021; x_wconf 83' lang='grc' dir='ltr'><strong><em>ζωῇ</em></strong></span> <span class='ocrx_word' id='word_1_505' title='bbox 707 1974 786 2008; x_wconf 80' lang='grc' dir='ltr'><strong>τῶν</strong></span> <span class='ocrx_word' id='word_1_506' title='bbox 816 1971 1105 2018; x_wconf 65' lang='grc' dir='ltr'><strong><em>συμβαλλόντων</em></strong></span> <span class='ocrx_word' id='word_1_507' title='bbox 1133 1972 1178 2020; x_wconf 80' lang='grc' dir='ltr'><strong>γά</strong></span> <span class='ocrx_word' id='word_1_508' title='bbox 1207 1985 1251 2014; x_wconf 87' lang='grc' dir='ltr'><strong>οι,</strong></span> <span class='ocrx_word' id='word_1_509' title='bbox 1365 1971 1626 2007; x_wconf 87' lang='lat' dir='ltr'><strong>Distrahuntur</strong></span> <span class='ocrx_word' id='word_1_510' title='bbox 1655 1972 1777 2017; x_wconf 88' lang='lat' dir='ltr'><strong>itaque</strong></span> <span class='ocrx_word' id='word_1_511' title='bbox 1803 1972 1841 2007; x_wconf 93' lang='lat' dir='ltr'><strong>in</strong></span> <span class='ocrx_word' id='word_1_512' title='bbox 1873 1971 1946 2006; x_wconf 86' lang='lat' dir='ltr'><strong>vita</strong></span> <span class='ocrx_word' id='word_1_513' title='bbox 1971 1970 2256 2007; x_wconf 88' lang='lat' dir='ltr'><strong>contrahentium</strong></span> <span class='ocrx_word' id='word_1_514' title='bbox 2279 1970 2402 2005; x_wconf 84' lang='lat' dir='ltr'><strong>matri-</strong></span> 
     </span>
     <span class='ocr_line' id='line_1_40' title="bbox 172 2015 2402 2066; baseline -0.001 -13"><span class='ocrx_word' id='word_1_515' title='bbox 172 2018 207 2053; x_wconf 87' lang='grc' dir='ltr'><strong>οἱ</strong></span> <span class='ocrx_word' id='word_1_516' title='bbox 228 2021 295 2064; x_wconf 76' lang='grc' dir='ltr'><strong>μὲν</strong></span> <span class='ocrx_word' id='word_1_517' title='bbox 319 2019 571 2053; x_wconf 86' lang='grc' dir='ltr'><strong><em>συναινοῦντος</em></strong></span> <span class='ocrx_word' id='word_1_518' title='bbox 595 2019 763 2066; x_wconf 83' lang='grc' dir='ltr'><strong><em>ἑκατέρου</em></strong></span> <span class='ocrx_word' id='word_1_519' title='bbox 784 2022 909 2066; x_wconf 77' lang='grc' dir='ltr'><strong><em>μέρους</em></strong></span> <span class='ocrx_word' id='word_1_520' title='bbox 940 2015 1043 2065; x_wconf 79' lang='grc' dir='ltr'><strong><em>(ὑπὲρ</em></strong></span> <span class='ocrx_word' id='word_1_521' title='bbox 1068 2017 1122 2053; x_wconf 82' lang='grc' dir='ltr'><strong>ὡν</strong></span> <span class='ocrx_word' id='word_1_522' title='bbox 1144 2016 1250 2053; x_wconf 79' lang='grc' dir='ltr'><strong><em>ουδὲν</em></strong></span> <span class='ocrx_word' id='word_1_523' title='bbox 1264 2021 1304 2054; x_wconf 88' lang='grc'><strong>35</strong></span> <span class='ocrx_word' id='word_1_524' title='bbox 1319 2017 1439 2053; x_wconf 83' lang='lat' dir='ltr'><strong>monia</strong></span> <span class='ocrx_word' id='word_1_525' title='bbox 1471 2016 1542 2052; x_wconf 89' lang='lat' dir='ltr'><strong>alia</strong></span> <span class='ocrx_word' id='word_1_526' title='bbox 1574 2016 1715 2063; x_wconf 85' lang='lat' dir='ltr'><strong>quidem</strong></span> <span class='ocrx_word' id='word_1_527' title='bbox 1737 2017 1982 2054; x_wconf 87' lang='lat' dir='ltr'><strong>consentiente</strong></span> <span class='ocrx_word' id='word_1_528' title='bbox 2007 2020 2159 2062; x_wconf 89' lang='lat' dir='ltr'><strong>utraque</strong></span> <span class='ocrx_word' id='word_1_529' title='bbox 2181 2019 2301 2062; x_wconf 84' lang='lat' dir='ltr'><strong>parte,</strong></span> <span class='ocrx_word' id='word_1_530' title='bbox 2337 2026 2402 2060; x_wconf 91' lang='lat' dir='ltr'><strong>pro</strong></span> 
     </span>
    </p>
   </div>
   <div class='ocr_carea' id='block_1_11' title="bbox 217 2106 1906 2201">
    <p class='ocr_par' dir='ltr' id='par_1_13' title="bbox 217 2106 1906 2201">
     <span class='ocr_line' id='line_1_41' title="bbox 217 2106 1906 2156; baseline -0.002 -11"><span class='ocrx_word' id='word_1_531' title='bbox 217 2124 288 2155; x_wconf 82' lang='lat' dir='ltr'><strong>cap.</strong></span> <span class='ocrx_word' id='word_1_532' title='bbox 311 2111 376 2144; x_wconf 91' lang='grc' dir='ltr'><strong>ΙΙΙ</strong></span> <span class='ocrx_word' id='word_1_533' title='bbox 395 2112 438 2144; x_wconf 83' lang='lat' dir='ltr'><strong>in.</strong></span> <span class='ocrx_word' id='word_1_534' title='bbox 469 2108 538 2143; x_wconf 81' lang='grc' dir='ltr'><strong>Τὸν</strong></span> <span class='ocrx_word' id='word_1_535' title='bbox 560 2107 674 2156; x_wconf 81' lang='grc' dir='ltr'><strong><em>γάμον</em></strong></span> <span class='ocrx_word' id='word_1_536' title='bbox 699 2106 864 2144; x_wconf 75' lang='grc' dir='ltr'><strong><em>διάθεσις</em></strong></span> <span class='ocrx_word' id='word_1_537' title='bbox 887 2130 931 2135; x_wconf 84' lang='grc'><strong>-</strong></span> <span class='ocrx_word' id='word_1_538' title='bbox 956 2106 1166 2156; x_wconf 75' lang='grc' dir='ltr'><strong><em>προσθήκης</em></strong></span> <span class='ocrx_word' id='word_1_539' title='bbox 1189 2117 1276 2144; x_wconf 76' lang='lat' dir='ltr'><strong>extat</strong></span> <span class='ocrx_word' id='word_1_540' title='bbox 1299 2110 1335 2143; x_wconf 85' lang='lat' dir='ltr'><em>B</em></span> <span class='ocrx_word' id='word_1_541' title='bbox 1360 2110 1414 2151; x_wconf 85' lang='lat'><strong>28,</strong></span> <span class='ocrx_word' id='word_1_542' title='bbox 1436 2116 1463 2151; x_wconf 81' lang='lat'><strong>4,</strong></span> <span class='ocrx_word' id='word_1_543' title='bbox 1484 2116 1519 2143; x_wconf 85' lang='grc'><strong>47</strong></span> <span class='ocrx_word' id='word_1_544' title='bbox 1543 2109 1608 2150; x_wconf 60' lang='grc' dir='ltr'><strong>(Βὃ</strong></span> <span class='ocrx_word' id='word_1_545' title='bbox 1629 2123 1663 2153; x_wconf 85' lang='lat' dir='ltr'><strong>p.</strong></span> <span class='ocrx_word' id='word_1_546' title='bbox 1688 2111 1751 2143; x_wconf 83' lang='grc'><strong>144</strong></span> <span class='ocrx_word' id='word_1_547' title='bbox 1776 2109 1906 2151; x_wconf 79' lang='grc' dir='ltr'><strong><em>ΖασΙι.).</em></strong></span> 
     </span>
     <span class='ocr_line' id='line_1_42' title="bbox 217 2155 1527 2201; baseline -0.002 -11"><span class='ocrx_word' id='word_1_548' title='bbox 217 2169 289 2200; x_wconf 85' lang='lat' dir='ltr'><strong>cap.</strong></span> <span class='ocrx_word' id='word_1_549' title='bbox 314 2157 373 2189; x_wconf 86' lang='lat' dir='ltr'><strong>IV</strong></span> <span class='ocrx_word' id='word_1_550' title='bbox 393 2157 436 2190; x_wconf 83' lang='lat' dir='ltr'><strong>in.</strong></span> <span class='ocrx_word' id='word_1_551' title='bbox 459 2158 617 2199; x_wconf 82' lang='lat' dir='ltr'><strong>respicere</strong></span> <span class='ocrx_word' id='word_1_552' title='bbox 641 2157 766 2189; x_wconf 75' lang='lat' dir='ltr'><strong>videtur</strong></span> <span class='ocrx_word' id='word_1_553' title='bbox 786 2157 913 2201; x_wconf 79' lang='lat' dir='ltr'><strong>Ecloqa</strong></span> <span class='ocrx_word' id='word_1_554' title='bbox 932 2158 1068 2199; x_wconf 85' lang='lat' dir='ltr'><strong>privata</strong></span> <span class='ocrx_word' id='word_1_555' title='bbox 1089 2163 1186 2190; x_wconf 82' lang='lat' dir='ltr'><strong>aucta</strong></span> <span class='ocrx_word' id='word_1_556' title='bbox 1210 2157 1243 2197; x_wconf 83' lang='lat'><strong>2,</strong></span> <span class='ocrx_word' id='word_1_557' title='bbox 1267 2163 1300 2189; x_wconf 87' lang='lat'><strong>18</strong></span> <span class='ocrx_word' id='word_1_558' title='bbox 1318 2168 1352 2198; x_wconf 87' lang='lat' dir='ltr'><strong>p.</strong></span> <span class='ocrx_word' id='word_1_559' title='bbox 1367 2162 1399 2188; x_wconf 82' lang='lat'>14</span> <span class='ocrx_word' id='word_1_560' title='bbox 1423 2155 1527 2188; x_wconf 80' lang='lat' dir='ltr'><strong>Zach.</strong></span> 
     </span>
    </p>
   </div>
   <div class='ocr_carea' id='block_1_12' title="bbox 170 2214 2406 3015">
    <p class='ocr_par' dir='ltr' id='par_1_14' title="bbox 170 2214 2406 2742">
     <span class='ocr_line' id='line_1_43' title="bbox 189 2214 2405 2229; baseline 0 -4"><span class='ocrx_word' id='word_1_561' title='bbox 189 2214 2405 2229; x_wconf 67' lang='lat'><em>-.-——————————-—————————————-—-——-——·——·—-——-———</em></span> 
     </span>
     <span class='ocr_line' id='line_1_44' title="bbox 170 2242 2403 2292; baseline -0 -11"><span class='ocrx_word' id='word_1_562' title='bbox 170 2246 253 2292; x_wconf 83' lang='lat' dir='ltr'><strong>fere</strong></span> <span class='ocrx_word' id='word_1_563' title='bbox 275 2245 393 2281; x_wconf 87' lang='lat' dir='ltr'><strong>dicat:</strong></span> <span class='ocrx_word' id='word_1_564' title='bbox 422 2245 484 2281; x_wconf 88' lang='lat' dir='ltr'><strong>Uti</strong></span> <span class='ocrx_word' id='word_1_565' title='bbox 506 2245 652 2289; x_wconf 86' lang='lat' dir='ltr'><strong>legassit</strong></span> <span class='ocrx_word' id='word_1_566' title='bbox 675 2245 826 2290; x_wconf 90' lang='lat' dir='ltr'><strong>quisque</strong></span> <span class='ocrx_word' id='word_1_567' title='bbox 847 2244 891 2279; x_wconf 89' lang='lat' dir='ltr'><strong>de</strong></span> <span class='ocrx_word' id='word_1_568' title='bbox 915 2254 1053 2288; x_wconf 83' lang='lat' dir='ltr'><strong>snare,</strong></span> <span class='ocrx_word' id='word_1_569' title='bbox 1077 2244 1130 2279; x_wconf 88' lang='lat' dir='ltr'><strong>ita</strong></span> <span class='ocrx_word' id='word_1_570' title='bbox 1152 2245 1209 2279; x_wconf 91' lang='lat' dir='ltr'><strong>ius</strong></span> <span class='ocrx_word' id='word_1_571' title='bbox 1230 2247 1328 2284; x_wconf 75' lang='lat' dir='ltr'><strong>esto.v</strong></span> <span class='ocrx_word' id='word_1_572' title='bbox 1367 2243 1443 2278; x_wconf 86' lang='lat' dir='ltr'><strong>Nec</strong></span> <span class='ocrx_word' id='word_1_573' title='bbox 1467 2243 1635 2289; x_wconf 81' lang='lat' dir='ltr'><strong>cuiquam</strong></span> <span class='ocrx_word' id='word_1_574' title='bbox 1666 2243 1776 2290; x_wconf 85' lang='lat' dir='ltr'><strong>liceat</strong></span> <span class='ocrx_word' id='word_1_575' title='bbox 1798 2246 1928 2278; x_wconf 88' lang='lat' dir='ltr'><strong>contra</strong></span> <span class='ocrx_word' id='word_1_576' title='bbox 1951 2242 2051 2278; x_wconf 88' lang='lat' dir='ltr'><strong>illius</strong></span> <span class='ocrx_word' id='word_1_577' title='bbox 2074 2242 2313 2287; x_wconf 84' lang='lat' dir='ltr'><strong>voluntatem,</strong></span> <span class='ocrx_word' id='word_1_578' title='bbox 2344 2255 2403 2280; x_wconf 89' lang='lat' dir='ltr'><strong>ne-</strong></span> 
     </span>
     <span class='ocr_line' id='line_1_45' title="bbox 173 2287 2349 2339; baseline -0.001 -12"><span class='ocrx_word' id='word_1_579' title='bbox 173 2302 242 2338; x_wconf 87' lang='lat' dir='ltr'><strong>que</strong></span> <span class='ocrx_word' id='word_1_580' title='bbox 263 2290 295 2326; x_wconf 82' lang='lat' dir='ltr'><strong>si</strong></span> <span class='ocrx_word' id='word_1_581' title='bbox 317 2301 461 2325; x_wconf 87' lang='lat' dir='ltr'><strong>sacram</strong></span> <span class='ocrx_word' id='word_1_582' title='bbox 483 2290 644 2335; x_wconf 86' lang='lat' dir='ltr'><strong>formam</strong></span> <span class='ocrx_word' id='word_1_583' title='bbox 666 2300 781 2335; x_wconf 88' lang='lat' dir='ltr'><strong>neque</strong></span> <span class='ocrx_word' id='word_1_584' title='bbox 803 2288 837 2324; x_wconf 86' lang='lat' dir='ltr'><strong>si</strong></span> <span class='ocrx_word' id='word_1_585' title='bbox 860 2289 1002 2334; x_wconf 86' lang='lat' dir='ltr'><strong>quidvis</strong></span> <span class='ocrx_word' id='word_1_586' title='bbox 1024 2289 1202 2336; x_wconf 80' lang='lat' dir='ltr'><strong>impetret,</strong></span> <span class='ocrx_word' id='word_1_587' title='bbox 1227 2288 1330 2323; x_wconf 86' lang='lat' dir='ltr'><strong>aliud</strong></span> <span class='ocrx_word' id='word_1_588' title='bbox 1352 2289 1547 2339; x_wconf 88' lang='lat' dir='ltr'><strong>quicquam</strong></span> <span class='ocrx_word' id='word_1_589' title='bbox 1564 2291 1717 2334; x_wconf 82' lang='lat' dir='ltr'><strong>praeter</strong></span> <span class='ocrx_word' id='word_1_590' title='bbox 1739 2288 1805 2323; x_wconf 88' lang='lat' dir='ltr'><strong>illa</strong></span> <span class='ocrx_word' id='word_1_591' title='bbox 1828 2287 1874 2323; x_wconf 92' lang='lat' dir='ltr'><strong>de</strong></span> <span class='ocrx_word' id='word_1_592' title='bbox 1892 2288 1999 2323; x_wconf 83' lang='lat' dir='ltr'><strong>rebus</strong></span> <span class='ocrx_word' id='word_1_593' title='bbox 2022 2287 2154 2323; x_wconf 83' lang='lat' dir='ltr'><strong>alienis</strong></span> <span class='ocrx_word' id='word_1_594' title='bbox 2180 2292 2349 2325; x_wconf 81' lang='lat' dir='ltr'><strong>statuere.</strong></span> 
     </span>
     <span class='ocr_line' id='line_1_46' title="bbox 172 2332 2403 2388; baseline -0.001 -16"><span class='ocrx_word' id='word_1_595' title='bbox 172 2340 193 2372; x_wconf 91' lang='lat' dir='ltr'><strong>l</strong></span> <span class='ocrx_word' id='word_1_596' title='bbox 250 2335 294 2371; x_wconf 72' lang='lat' dir='ltr'><strong>Sa·</strong></span> <span class='ocrx_word' id='word_1_597' title='bbox 313 2345 398 2371; x_wconf 87' lang='lat' dir='ltr'><strong>vero</strong></span> <span class='ocrx_word' id='word_1_598' title='bbox 422 2333 515 2369; x_wconf 78' lang='lat' dir='ltr'><strong>nihil</strong></span> <span class='ocrx_word' id='word_1_599' title='bbox 537 2338 690 2370; x_wconf 88' lang='lat' dir='ltr'><strong>testator</strong></span> <span class='ocrx_word' id='word_1_600' title='bbox 712 2333 851 2369; x_wconf 80' lang='lat' dir='ltr'><strong>dixerit</strong></span> <span class='ocrx_word' id='word_1_601' title='bbox 872 2337 938 2369; x_wconf 86' lang='lat' dir='ltr'><strong>aut</strong></span> <span class='ocrx_word' id='word_1_602' title='bbox 958 2334 1147 2375; x_wconf 86' lang='lat' dir='ltr'><strong>statuerit,</strong></span> <span class='ocrx_word' id='word_1_603' title='bbox 1178 2333 1280 2379; x_wconf 86' lang='lat' dir='ltr'><strong>quod</strong></span> <span class='ocrx_word' id='word_1_604' title='bbox 1301 2333 1444 2378; x_wconf 82' lang='lat' dir='ltr'><strong>quidem</strong></span> <span class='ocrx_word' id='word_1_605' title='bbox 1476 2332 1614 2379; x_wconf 82' lang='lat' dir='ltr'><strong>leqibus</strong></span> <span class='ocrx_word' id='word_1_606' title='bbox 1644 2333 1717 2368; x_wconf 84' lang='lat' dir='ltr'><strong>iam</strong></span> <span class='ocrx_word' id='word_1_607' title='bbox 1741 2332 1828 2368; x_wconf 88' lang='lat' dir='ltr'><strong>latis</strong></span> <span class='ocrx_word' id='word_1_608' title='bbox 1850 2338 1886 2368; x_wconf 89' lang='lat' dir='ltr'><strong>et</strong></span> <span class='ocrx_word' id='word_1_609' title='bbox 1909 2332 2111 2368; x_wconf 82' lang='lat' dir='ltr'><strong>valentibus</strong></span> <span class='ocrx_word' id='word_1_610' title='bbox 2133 2343 2207 2368; x_wconf 89' lang='lat' dir='ltr'><strong>non</strong></span> <span class='ocrx_word' id='word_1_611' title='bbox 2219 2364 2220 2367; x_wconf 72' lang='grc'><strong><em>,</em></strong></span> <span class='ocrx_word' id='word_1_612' title='bbox 2223 2345 2403 2388; x_wconf 84' lang='lat' dir='ltr'><strong>praecep-</strong></span> 
     </span>
     <span class='ocr_line' id='line_1_47' title="bbox 176 2376 2403 2425; baseline 0 -10"><span class='ocrx_word' id='word_1_613' title='bbox 176 2386 249 2416; x_wconf 88' lang='lat' dir='ltr'><strong>tum</strong></span> <span class='ocrx_word' id='word_1_614' title='bbox 267 2380 327 2422; x_wconf 87' lang='lat' dir='ltr'><strong>sit,</strong></span> <span class='ocrx_word' id='word_1_615' title='bbox 350 2389 466 2425; x_wconf 89' lang='lat' dir='ltr'><strong>neque</strong></span> <span class='ocrx_word' id='word_1_616' title='bbox 482 2378 676 2425; x_wconf 89' lang='lat' dir='ltr'><strong>quicquam</strong></span> <span class='ocrx_word' id='word_1_617' title='bbox 695 2382 825 2413; x_wconf 90' lang='lat' dir='ltr'><strong>contra</strong></span> <span class='ocrx_word' id='word_1_618' title='bbox 843 2378 941 2424; x_wconf 82' lang='lat' dir='ltr'><strong>leqes</strong></span> <span class='ocrx_word' id='word_1_619' title='bbox 964 2378 1003 2412; x_wconf 90' lang='lat' dir='ltr'><strong>in</strong></span> <span class='ocrx_word' id='word_1_620' title='bbox 1023 2378 1227 2414; x_wconf 83' lang='lat' dir='ltr'><strong>universum</strong></span> <span class='ocrx_word' id='word_1_621' title='bbox 1251 2377 1308 2413; x_wconf 88' lang='lat' dir='ltr'><strong>dis</strong></span> <span class='ocrx_word' id='word_1_622' title='bbox 1336 2377 1483 2419; x_wconf 86' lang='lat' dir='ltr'><strong>osuerit,</strong></span> <span class='ocrx_word' id='word_1_623' title='bbox 1510 2382 1594 2412; x_wconf 88' lang='lat' dir='ltr'><strong>tunc</strong></span> <span class='ocrx_word' id='word_1_624' title='bbox 1611 2376 1701 2413; x_wconf 66' lang='lat' dir='ltr'><strong>llaec</strong></span> <span class='ocrx_word' id='word_1_625' title='bbox 1721 2377 1826 2412; x_wconf 80' lang='lat' dir='ltr'><strong>nobis</strong></span> <span class='ocrx_word' id='word_1_626' title='bbox 1849 2377 1912 2413; x_wconf 76' lang='lat' dir='ltr'><strong>lex</strong></span> <span class='ocrx_word' id='word_1_627' title='bbox 1928 2377 2018 2412; x_wconf 85' lang='lat' dir='ltr'><strong>data</strong></span> <span class='ocrx_word' id='word_1_628' title='bbox 2037 2382 2127 2420; x_wconf 87' lang='lat' dir='ltr'><strong>esto,</strong></span> <span class='ocrx_word' id='word_1_629' title='bbox 2152 2388 2247 2423; x_wconf 87' lang='lat' dir='ltr'><strong>quae</strong></span> <span class='ocrx_word' id='word_1_630' title='bbox 2270 2390 2403 2421; x_wconf 84' lang='lat' dir='ltr'><strong>omma,</strong></span> 
     </span>
     <span class='ocr_line' id='line_1_48' title="bbox 175 2389 2272 2475; baseline -0.001 -15"><span class='ocrx_word' id='word_1_631' title='bbox 175 2428 349 2472; x_wconf 86' lang='lat' dir='ltr'><strong>quantum</strong></span> <span class='ocrx_word' id='word_1_632' title='bbox 369 2435 438 2471; x_wconf 88' lang='lat' dir='ltr'><strong>per</strong></span> <span class='ocrx_word' id='word_1_633' title='bbox 461 2423 637 2459; x_wconf 79' lang='lat' dir='ltr'><strong>hominem</strong></span> <span class='ocrx_word' id='word_1_634' title='bbox 657 2423 741 2475; x_wconf 84' lang='lat' dir='ltr'><strong>fieri</strong></span> <span class='ocrx_word' id='word_1_635' title='bbox 757 2427 900 2469; x_wconf 87' lang='lat' dir='ltr'><strong>potest,</strong></span> <span class='ocrx_word' id='word_1_636' title='bbox 936 2422 1218 2469; x_wconf 75' lang='lat' dir='ltr'><strong>comprehendat</strong></span> <span class='ocrx_word' id='word_1_637' title='bbox 1239 2426 1276 2458; x_wconf 88' lang='lat' dir='ltr'><strong>et</strong></span> <span class='ocrx_word' id='word_1_638' title='bbox 1298 2389 1452 2458; x_wconf 45' lang='lat' dir='ltr'><strong>{ieviter</strong></span> <span class='ocrx_word' id='word_1_639' title='bbox 1473 2426 1686 2468; x_wconf 81' lang='lat' dir='ltr'><strong>percurrat,</strong></span> <span class='ocrx_word' id='word_1_640' title='bbox 1722 2433 1816 2468; x_wconf 89' lang='lat' dir='ltr'><strong>quae</strong></span> <span class='ocrx_word' id='word_1_641' title='bbox 1841 2427 1913 2458; x_wconf 90' lang='lat' dir='ltr'><strong>tam</strong></span> <span class='ocrx_word' id='word_1_642' title='bbox 1938 2433 2033 2468; x_wconf 88' lang='lat' dir='ltr'><strong>quae</strong></span> <span class='ocrx_word' id='word_1_643' title='bbox 2056 2422 2107 2458; x_wconf 90' lang='lat' dir='ltr'><strong>ad</strong></span> <span class='ocrx_word' id='word_1_644' title='bbox 2155 2423 2272 2459; x_wconf 87' lang='lat' dir='ltr'><strong>riores</strong></span> 
     </span>
     <span class='ocr_line' id='line_1_49' title="bbox 174 2435 2406 2517; baseline 0 -12"><span class='ocrx_word' id='word_1_645' title='bbox 174 2481 268 2517; x_wconf 89' lang='lat' dir='ltr'><strong>quae</strong></span> <span class='ocrx_word' id='word_1_646' title='bbox 291 2469 340 2505; x_wconf 90' lang='lat' dir='ltr'><strong>ad</strong></span> <span class='ocrx_word' id='word_1_647' title='bbox 361 2470 539 2505; x_wconf 86' lang='lat' dir='ltr'><strong>secundas</strong></span> <span class='ocrx_word' id='word_1_648' title='bbox 558 2473 717 2515; x_wconf 77' lang='lat' dir='ltr'><strong>nuptias,</strong></span> <span class='ocrx_word' id='word_1_649' title='bbox 743 2479 836 2514; x_wconf 89' lang='lat' dir='ltr'><strong>quae</strong></span> <span class='ocrx_word' id='word_1_650' title='bbox 862 2479 907 2503; x_wconf 90' lang='lat' dir='ltr'><strong>ue</strong></span> <span class='ocrx_word' id='word_1_651' title='bbox 930 2467 980 2503; x_wconf 82' lang='lat' dir='ltr'><strong>acl</strong></span> <span class='ocrx_word' id='word_1_652' title='bbox 1001 2468 1244 2504; x_wconf 80' lang='lat' dir='ltr'><strong>successiones</strong></span> <span class='ocrx_word' id='word_1_653' title='bbox 1266 2472 1302 2503; x_wconf 89' lang='lat' dir='ltr'><strong>et</strong></span> <span class='ocrx_word' id='word_1_654' title='bbox 1322 2467 1523 2503; x_wconf 79' lang='lat' dir='ltr'><strong>solutiones</strong></span> <span class='ocrx_word' id='word_1_655' title='bbox 1545 2467 1756 2514; x_wconf 83' lang='lat' dir='ltr'><strong>nuptiarum</strong></span> <span class='ocrx_word' id='word_1_656' title='bbox 1778 2467 1853 2503; x_wconf 88' lang='lat' dir='ltr'><strong>sive</strong></span> <span class='ocrx_word' id='word_1_657' title='bbox 1875 2471 1991 2503; x_wconf 84' lang='lat' dir='ltr'><strong>morte</strong></span> <span class='ocrx_word' id='word_1_658' title='bbox 2009 2467 2085 2503; x_wconf 85' lang='lat' dir='ltr'><strong>sive</strong></span> <span class='ocrx_word' id='word_1_659' title='bbox 2129 2468 2263 2504; x_wconf 81' lang='lat' dir='ltr'><strong>ivortio</strong></span> <span class='ocrx_word' id='word_1_660' title='bbox 2279 2435 2406 2515; x_wconf 52' lang='grc' dir='ltr'><strong><em>λιθίας</em></strong></span> 
     </span>
     <span class='ocr_line' id='line_1_50' title="bbox 171 2512 2405 2562; baseline -0 -11"><span class='ocrx_word' id='word_1_661' title='bbox 171 2515 365 2562; x_wconf 82' lang='lat' dir='ltr'><strong>pertinent,</strong></span> <span class='ocrx_word' id='word_1_662' title='bbox 386 2525 550 2561; x_wconf 87' lang='lat' dir='ltr'><strong>quaeque</strong></span> <span class='ocrx_word' id='word_1_663' title='bbox 566 2517 651 2550; x_wconf 87' lang='lat' dir='ltr'><strong>ante</strong></span> <span class='ocrx_word' id='word_1_664' title='bbox 672 2518 810 2560; x_wconf 86' lang='lat' dir='ltr'><strong>tempus</strong></span> <span class='ocrx_word' id='word_1_665' title='bbox 844 2517 948 2549; x_wconf 83' lang='lat' dir='ltr'><strong>uetus</strong></span> <span class='ocrx_word' id='word_1_666' title='bbox 968 2517 1005 2549; x_wconf 87' lang='lat' dir='ltr'><strong>et</strong></span> <span class='ocrx_word' id='word_1_667' title='bbox 1019 2517 1108 2560; x_wconf 89' lang='lat' dir='ltr'><strong>post</strong></span> <span class='ocrx_word' id='word_1_668' title='bbox 1129 2512 1222 2548; x_wconf 84' lang='lat' dir='ltr'><strong>illud</strong></span> <span class='ocrx_word' id='word_1_669' title='bbox 1241 2517 1337 2555; x_wconf 88' lang='lat' dir='ltr'><strong>sunt,</strong></span> <span class='ocrx_word' id='word_1_670' title='bbox 1363 2512 1528 2558; x_wconf 81' lang='lat' dir='ltr'><strong>corriqat</strong></span> <span class='ocrx_word' id='word_1_671' title='bbox 1549 2517 1660 2558; x_wconf 87' lang='lat' dir='ltr'><strong>atque</strong></span> <span class='ocrx_word' id='word_1_672' title='bbox 1683 2524 1792 2548; x_wconf 88' lang='lat' dir='ltr'><strong>unam</strong></span> <span class='ocrx_word' id='word_1_673' title='bbox 1816 2512 1977 2558; x_wconf 84' lang='lat' dir='ltr'><strong>aliquam</strong></span> <span class='ocrx_word' id='word_1_674' title='bbox 2000 2512 2143 2559; x_wconf 82' lang='lat' dir='ltr'><strong>efficiat</strong></span> <span class='ocrx_word' id='word_1_675' title='bbox 2161 2514 2405 2550; x_wconf 84' lang='lat' dir='ltr'><strong>continuatio-</strong></span> 
     </span>
     <span class='ocr_line' id='line_1_51' title="bbox 174 2557 2404 2606; baseline 0 -11"><span class='ocrx_word' id='word_1_676' title='bbox 174 2571 254 2596; x_wconf 86' lang='lat' dir='ltr'><strong>nem</strong></span> <span class='ocrx_word' id='word_1_677' title='bbox 277 2560 387 2595; x_wconf 83' lang='lat' dir='ltr'><strong>totius</strong></span> <span class='ocrx_word' id='word_1_678' title='bbox 410 2558 517 2594; x_wconf 73' lang='lat' dir='ltr'><strong>liuius</strong></span> <span class='ocrx_word' id='word_1_679' title='bbox 539 2559 686 2605; x_wconf 87' lang='lat' dir='ltr'><strong>scripti,</strong></span> <span class='ocrx_word' id='word_1_680' title='bbox 709 2564 746 2595; x_wconf 91' lang='lat' dir='ltr'><strong>et</strong></span> <span class='ocrx_word' id='word_1_681' title='bbox 768 2558 1030 2605; x_wconf 78' lang='lat' dir='ltr'><strong>leqislationem</strong></span> <span class='ocrx_word' id='word_1_682' title='bbox 1055 2558 1140 2594; x_wconf 88' lang='lat' dir='ltr'><strong>olim</strong></span> <span class='ocrx_word' id='word_1_683' title='bbox 1163 2558 1306 2604; x_wconf 86' lang='lat' dir='ltr'><strong>quidem</strong></span> <span class='ocrx_word' id='word_1_684' title='bbox 1329 2557 1556 2599; x_wconf 80' lang='lat' dir='ltr'><strong>incohatam,</strong></span> <span class='ocrx_word' id='word_1_685' title='bbox 1591 2557 1722 2593; x_wconf 77' lang='lat' dir='ltr'><strong>abhinc</strong></span> <span class='ocrx_word' id='word_1_686' title='bbox 1752 2561 1872 2594; x_wconf 87' lang='lat' dir='ltr'><strong>autem</strong></span> <span class='ocrx_word' id='word_1_687' title='bbox 1903 2561 2046 2593; x_wconf 88' lang='lat' dir='ltr'><strong>centum</strong></span> <span class='ocrx_word' id='word_1_688' title='bbox 2077 2562 2114 2594; x_wconf 84' lang='lat' dir='ltr'><strong>et</strong></span> <span class='ocrx_word' id='word_1_689' title='bbox 2135 2558 2404 2606; x_wconf 76' lang='lat' dir='ltr'><strong>quinquaqinta</strong></span> 
     </span>
     <span class='ocr_line' id='line_1_52' title="bbox 173 2602 2405 2655; baseline 0 -15"><span class='ocrx_word' id='word_1_690' title='bbox 173 2605 333 2652; x_wconf 83' lang='lat' dir='ltr'><strong>quinque</strong></span> <span class='ocrx_word' id='word_1_691' title='bbox 353 2605 437 2650; x_wconf 85' lang='lat' dir='ltr'><strong>fere</strong></span> <span class='ocrx_word' id='word_1_692' title='bbox 460 2615 577 2640; x_wconf 89' lang='lat' dir='ltr'><strong>annos</strong></span> <span class='ocrx_word' id='word_1_693' title='bbox 599 2604 831 2650; x_wconf 84' lang='lat' dir='ltr'><strong>frequentius</strong></span> <span class='ocrx_word' id='word_1_694' title='bbox 859 2615 882 2639; x_wconf 90' lang='lat' dir='ltr'><strong>a</strong></span> <span class='ocrx_word' id='word_1_695' title='bbox 909 2604 1036 2639; x_wconf 88' lang='lat' dir='ltr'><strong>itatam</strong></span> <span class='ocrx_word' id='word_1_696' title='bbox 1067 2607 1103 2639; x_wconf 89' lang='lat' dir='ltr'><strong>et</strong></span> <span class='ocrx_word' id='word_1_697' title='bbox 1131 2615 1181 2639; x_wconf 80' lang='lat' dir='ltr'><strong>ex</strong></span> <span class='ocrx_word' id='word_1_698' title='bbox 1205 2604 1282 2639; x_wconf 84' lang='lat' dir='ltr'><strong>suis</strong></span> <span class='ocrx_word' id='word_1_699' title='bbox 1296 2603 1497 2650; x_wconf 80' lang='lat' dir='ltr'><strong>particulis</strong></span> <span class='ocrx_word' id='word_1_700' title='bbox 1528 2603 1732 2646; x_wconf 85' lang='lat' dir='ltr'><strong>collectam,</strong></span> <span class='ocrx_word' id='word_1_701' title='bbox 1768 2614 1884 2649; x_wconf 88' lang='lat' dir='ltr'><strong>eoque</strong></span> <span class='ocrx_word' id='word_1_702' title='bbox 1907 2602 2011 2655; x_wconf 86' lang='lat' dir='ltr'><strong>quod</strong></span> <span class='ocrx_word' id='word_1_703' title='bbox 2033 2603 2220 2650; x_wconf 87' lang='lat' dir='ltr'><strong>paulatim</strong></span> <span class='ocrx_word' id='word_1_704' title='bbox 2247 2604 2344 2641; x_wconf 85' lang='lat' dir='ltr'><strong>inter</strong></span> <span class='ocrx_word' id='word_1_705' title='bbox 2365 2617 2405 2642; x_wconf 92' lang='lat' dir='ltr'><strong>se</strong></span> 
     </span>
     <span class='ocr_line' id='line_1_53' title="bbox 174 2647 2406 2696; baseline 0 -10"><span class='ocrx_word' id='word_1_706' title='bbox 174 2649 349 2696; x_wconf 81' lang='lat' dir='ltr'><strong>colliqata</strong></span> <span class='ocrx_word' id='word_1_707' title='bbox 372 2652 407 2684; x_wconf 88' lang='lat' dir='ltr'><strong>et</strong></span> <span class='ocrx_word' id='word_1_708' title='bbox 430 2649 683 2695; x_wconf 82' lang='lat' dir='ltr'><strong>conqlutinata</strong></span> <span class='ocrx_word' id='word_1_709' title='bbox 709 2653 765 2685; x_wconf 86' lang='lat' dir='ltr'><strong>est</strong></span> <span class='ocrx_word' id='word_1_710' title='bbox 786 2649 826 2684; x_wconf 84' lang='lat' dir='ltr'><strong>in</strong></span> <span class='ocrx_word' id='word_1_711' title='bbox 851 2661 878 2696; x_wconf 89' lang='lat' dir='ltr'><strong>p</strong></span> <span class='ocrx_word' id='word_1_712' title='bbox 894 2649 1039 2695; x_wconf 81' lang='lat' dir='ltr'><strong>erisque</strong></span> <span class='ocrx_word' id='word_1_713' title='bbox 1066 2650 1262 2695; x_wconf 66' lang='lat' dir='ltr'><strong>,confusam</strong></span> <span class='ocrx_word' id='word_1_714' title='bbox 1286 2653 1323 2685; x_wconf 89' lang='lat' dir='ltr'><strong>et</strong></span> <span class='ocrx_word' id='word_1_715' title='bbox 1351 2648 1475 2695; x_wconf 90' lang='lat' dir='ltr'><strong>utique</strong></span> <span class='ocrx_word' id='word_1_716' title='bbox 1498 2648 1724 2684; x_wconf 85' lang='lat' dir='ltr'><strong>correctione</strong></span> <span class='ocrx_word' id='word_1_717' title='bbox 1751 2648 1878 2694; x_wconf 88' lang='lat' dir='ltr'><strong>aliqua</strong></span> <span class='ocrx_word' id='word_1_718' title='bbox 1900 2647 2132 2695; x_wconf 69' lang='lat' dir='ltr'><strong>andiqentem,</strong></span> <span class='ocrx_word' id='word_1_719' title='bbox 2156 2653 2193 2685; x_wconf 91' lang='lat' dir='ltr'><strong>et</strong></span> <span class='ocrx_word' id='word_1_720' title='bbox 2206 2660 2346 2696; x_wconf 86' lang='lat' dir='ltr'><strong>puram</strong></span> <span class='ocrx_word' id='word_1_721' title='bbox 2369 2655 2406 2687; x_wconf 86' lang='lat' dir='ltr'><strong>et</strong></span> 
     </span>
     <span class='ocr_line' id='line_1_54' title="bbox 173 2694 974 2742; baseline -0.001 -11"><span class='ocrx_word' id='word_1_722' title='bbox 173 2695 249 2731; x_wconf 83' lang='lat' dir='ltr'><strong>sibi·</strong></span> <span class='ocrx_word' id='word_1_723' title='bbox 263 2695 334 2742; x_wconf 86' lang='lat' dir='ltr'><strong>ipsi</strong></span> <span class='ocrx_word' id='word_1_724' title='bbox 358 2694 504 2730; x_wconf 88' lang='lat' dir='ltr'><strong>omnino</strong></span> <span class='ocrx_word' id='word_1_725' title='bbox 527 2704 725 2730; x_wconf 87' lang='lat' dir='ltr'><strong>consonam</strong></span> <span class='ocrx_word' id='word_1_726' title='bbox 748 2694 974 2730; x_wconf 84' lang='lat' dir='ltr'><strong>demonstret.</strong></span> 
     </span>
    </p>

    <p class='ocr_par' dir='ltr' id='par_1_15' title="bbox 173 2738 2406 2968">
     <span class='ocr_line' id='line_1_55' title="bbox 307 2738 2402 2788; baseline 0.001 -13"><span class='ocrx_word' id='word_1_727' title='bbox 307 2740 370 2775; x_wconf 89' lang='lat'>111.</span> <span class='ocrx_word' id='word_1_728' title='bbox 417 2739 536 2785; x_wconf 80' lang='lat' dir='ltr'><strong>Atque</strong></span> <span class='ocrx_word' id='word_1_729' title='bbox 559 2739 707 2786; x_wconf 81' lang='lat' dir='ltr'><strong>nuptias</strong></span> <span class='ocrx_word' id='word_1_730' title='bbox 730 2739 873 2786; x_wconf 84' lang='lat' dir='ltr'><strong>quidem</strong></span> <span class='ocrx_word' id='word_1_731' title='bbox 896 2740 1052 2786; x_wconf 84' lang='lat' dir='ltr'><strong>affectus</strong></span> <span class='ocrx_word' id='word_1_732' title='bbox 1071 2740 1169 2786; x_wconf 86' lang='lat' dir='ltr'><strong>facit</strong></span> <span class='ocrx_word' id='word_1_733' title='bbox 1191 2742 1346 2781; x_wconf 89' lang='lat' dir='ltr'><strong>mutuus,</strong></span> <span class='ocrx_word' id='word_1_734' title='bbox 1370 2738 1547 2775; x_wconf 84' lang='lat' dir='ltr'><strong>dotalium</strong></span> <span class='ocrx_word' id='word_1_735' title='bbox 1566 2739 1888 2776; x_wconf 84' lang='lat' dir='ltr'><strong>instrumentorum</strong></span> <span class='ocrx_word' id='word_1_736' title='bbox 1908 2738 2113 2775; x_wconf 83' lang='lat' dir='ltr'><strong>accessione</strong></span> <span class='ocrx_word' id='word_1_737' title='bbox 2131 2750 2206 2775; x_wconf 89' lang='lat' dir='ltr'><strong>non</strong></span> <span class='ocrx_word' id='word_1_738' title='bbox 2225 2739 2402 2788; x_wconf 78' lang='lat' dir='ltr'><strong>indiqens.</strong></span> 
     </span>
     <span class='ocr_line' id='line_1_56' title="bbox 176 2783 2406 2834; baseline 0.001 -13"><span class='ocrx_word' id='word_1_739' title='bbox 176 2785 262 2822; x_wconf 84' lang='lat' dir='ltr'><strong>Cum</strong></span> <span class='ocrx_word' id='word_1_740' title='bbox 290 2789 410 2821; x_wconf 88' lang='lat' dir='ltr'><strong>autem</strong></span> <span class='ocrx_word' id='word_1_741' title='bbox 438 2785 546 2820; x_wconf 85' lang='lat' dir='ltr'><strong>semel</strong></span> <span class='ocrx_word' id='word_1_742' title='bbox 576 2790 786 2821; x_wconf 89' lang='lat' dir='ltr'><strong>contractae</strong></span> <span class='ocrx_word' id='word_1_743' title='bbox 814 2785 890 2821; x_wconf 86' lang='lat' dir='ltr'><strong>sint</strong></span> <span class='ocrx_word' id='word_1_744' title='bbox 918 2785 993 2821; x_wconf 86' lang='lat' dir='ltr'><strong>sive</strong></span> <span class='ocrx_word' id='word_1_745' title='bbox 1015 2797 1065 2821; x_wconf 83' lang='lat' dir='ltr'><strong>ex</strong></span> <span class='ocrx_word' id='word_1_746' title='bbox 1087 2796 1184 2821; x_wconf 89' lang='lat' dir='ltr'><strong>mero</strong></span> <span class='ocrx_word' id='word_1_747' title='bbox 1216 2784 1401 2830; x_wconf 83' lang='lat' dir='ltr'><strong>coniuqali</strong></span> <span class='ocrx_word' id='word_1_748' title='bbox 1433 2784 1568 2830; x_wconf 82' lang='lat' dir='ltr'><strong>affectu</strong></span> <span class='ocrx_word' id='word_1_749' title='bbox 1597 2785 1671 2821; x_wconf 85' lang='lat' dir='ltr'><strong>sive</strong></span> <span class='ocrx_word' id='word_1_750' title='bbox 1700 2785 1809 2821; x_wconf 85' lang='lat' dir='ltr'><strong>etiam</strong></span> <span class='ocrx_word' id='word_1_751' title='bbox 1839 2784 1925 2820; x_wconf 89' lang='lat' dir='ltr'><strong>dote</strong></span> <span class='ocrx_word' id='word_1_752' title='bbox 1953 2787 1990 2820; x_wconf 88' lang='lat' dir='ltr'><strong>et</strong></span> <span class='ocrx_word' id='word_1_753' title='bbox 2019 2783 2219 2821; x_wconf 87' lang='lat' dir='ltr'><strong>donatione</strong></span> <span class='ocrx_word' id='word_1_754' title='bbox 2244 2791 2406 2834; x_wconf 84' lang='lat' dir='ltr'><strong>propter</strong></span> 
     </span>
     <span class='ocr_line' id='line_1_57' title="bbox 174 2830 2405 2878; baseline 0 -11"><span class='ocrx_word' id='word_1_755' title='bbox 174 2831 321 2878; x_wconf 82' lang='lat' dir='ltr'><strong>nuptias</strong></span> <span class='ocrx_word' id='word_1_756' title='bbox 344 2830 442 2872; x_wconf 89' lang='lat' dir='ltr'><strong>data,</strong></span> <span class='ocrx_word' id='word_1_757' title='bbox 467 2830 575 2866; x_wconf 84' lang='lat' dir='ltr'><strong>etiam</strong></span> <span class='ocrx_word' id='word_1_758' title='bbox 598 2830 813 2866; x_wconf 88' lang='lat' dir='ltr'><strong>solutionem</strong></span> <span class='ocrx_word' id='word_1_759' title='bbox 832 2841 961 2866; x_wconf 88' lang='lat' dir='ltr'><strong>rursus</strong></span> <span class='ocrx_word' id='word_1_760' title='bbox 980 2842 1056 2866; x_wconf 87' lang='lat' dir='ltr'><strong>rem</strong></span> <span class='ocrx_word' id='word_1_761' title='bbox 1079 2831 1184 2876; x_wconf 84' lang='lat' dir='ltr'><strong>sequi</strong></span> <span class='ocrx_word' id='word_1_762' title='bbox 1204 2830 1348 2866; x_wconf 87' lang='lat' dir='ltr'><strong>omnino</strong></span> <span class='ocrx_word' id='word_1_763' title='bbox 1368 2840 1445 2875; x_wconf 87' lang='lat' dir='ltr'><strong>par</strong></span> <span class='ocrx_word' id='word_1_764' title='bbox 1467 2834 1522 2865; x_wconf 87' lang='lat' dir='ltr'><strong>est</strong></span> <span class='ocrx_word' id='word_1_765' title='bbox 1544 2833 1609 2865; x_wconf 90' lang='lat' dir='ltr'><strong>aut</strong></span> <span class='ocrx_word' id='word_1_766' title='bbox 1631 2830 1848 2876; x_wconf 87' lang='lat' dir='ltr'><strong>impunitam</strong></span> <span class='ocrx_word' id='word_1_767' title='bbox 1871 2833 1936 2865; x_wconf 88' lang='lat' dir='ltr'><strong>aut</strong></span> <span class='ocrx_word' id='word_1_768' title='bbox 1959 2840 2041 2865; x_wconf 85' lang='lat' dir='ltr'><strong>cum</strong></span> <span class='ocrx_word' id='word_1_769' title='bbox 2056 2841 2202 2877; x_wconf 88' lang='lat' dir='ltr'><strong>poena:</strong></span> <span class='ocrx_word' id='word_1_770' title='bbox 2233 2832 2405 2878; x_wconf 84' lang='lat' dir='ltr'><strong>quoniam</strong></span> 
     </span>
     <span class='ocr_line' id='line_1_58' title="bbox 173 2871 2406 2924; baseline 0 -12"><span class='ocrx_word' id='word_1_771' title='bbox 173 2887 224 2912; x_wconf 79' lang='lat' dir='ltr'><strong>ex</strong></span> <span class='ocrx_word' id='word_1_772' title='bbox 245 2876 291 2911; x_wconf 85' lang='lat' dir='ltr'><strong>iis</strong></span> <span class='ocrx_word' id='word_1_773' title='bbox 312 2887 406 2922; x_wconf 89' lang='lat' dir='ltr'><strong>quae</strong></span> <span class='ocrx_word' id='word_1_774' title='bbox 427 2874 522 2910; x_wconf 81' lang='lat' dir='ltr'><strong>inter</strong></span> <span class='ocrx_word' id='word_1_775' title='bbox 543 2874 706 2912; x_wconf 74' lang='lat' dir='ltr'><strong>homines</strong></span> <span class='ocrx_word' id='word_1_776' title='bbox 728 2875 907 2918; x_wconf 89' lang='lat' dir='ltr'><strong>eveniunt,</strong></span> <span class='ocrx_word' id='word_1_777' title='bbox 930 2871 1095 2922; x_wconf 80' lang='lat' dir='ltr'><strong>‘liqatum</strong></span> <span class='ocrx_word' id='word_1_778' title='bbox 1120 2887 1224 2911; x_wconf 90' lang='lat' dir='ltr'><strong>omne</strong></span> <span class='ocrx_word' id='word_1_779' title='bbox 1246 2872 1484 2910; x_wconf 78' lang='lat' dir='ltr'><strong>dissolubile&#39;.</strong></span> <span class='ocrx_word' id='word_1_780' title='bbox 1532 2873 1639 2918; x_wconf 81' lang='lat' dir='ltr'><strong>Quod</strong></span> <span class='ocrx_word' id='word_1_781' title='bbox 1660 2878 1780 2911; x_wconf 84' lang='lat' dir='ltr'><strong>autem</strong></span> <span class='ocrx_word' id='word_1_782' title='bbox 1803 2875 1843 2910; x_wconf 88' lang='lat' dir='ltr'><strong>in</strong></span> <span class='ocrx_word' id='word_1_783' title='bbox 1864 2874 2041 2911; x_wconf 83' lang='lat' dir='ltr'><strong>indotatis</strong></span> <span class='ocrx_word' id='word_1_784' title='bbox 2057 2885 2204 2922; x_wconf 85' lang='lat' dir='ltr'><strong>quoque</strong></span> <span class='ocrx_word' id='word_1_785' title='bbox 2224 2876 2406 2924; x_wconf 82' lang='lat' dir='ltr'><strong>coniuqiis</strong></span> 
     </span>
     <span class='ocr_line' id='line_1_59' title="bbox 173 2919 1529 2968; baseline -0.001 -11"><span class='ocrx_word' id='word_1_786' title='bbox 173 2921 302 2957; x_wconf 84' lang='lat' dir='ltr'><strong>solutis</strong></span> <span class='ocrx_word' id='word_1_787' title='bbox 322 2919 405 2965; x_wconf 84' lang='lat' dir='ltr'><strong>fieri</strong></span> <span class='ocrx_word' id='word_1_788' title='bbox 455 2924 548 2956; x_wconf 89' lang='lat' dir='ltr'><strong>otest</strong></span> <span class='ocrx_word' id='word_1_789' title='bbox 570 2924 611 2956; x_wconf 89' lang='lat' dir='ltr'><strong>ut</strong></span> <span class='ocrx_word' id='word_1_790' title='bbox 626 2931 752 2967; x_wconf 90' lang='lat' dir='ltr'><strong>poena</strong></span> <span class='ocrx_word' id='word_1_791' title='bbox 768 2924 955 2967; x_wconf 87' lang='lat' dir='ltr'><strong>sequatur,</strong></span> <span class='ocrx_word' id='word_1_792' title='bbox 978 2920 1047 2956; x_wconf 74' lang='lat' dir='ltr'><strong>ltoc</strong></span> <span class='ocrx_word' id='word_1_793' title='bbox 1069 2932 1137 2957; x_wconf 87' lang='lat' dir='ltr'><strong>nos</strong></span> <span class='ocrx_word' id='word_1_794' title='bbox 1158 2920 1271 2968; x_wconf 88' lang='lat' dir='ltr'><strong>primi</strong></span> <span class='ocrx_word' id='word_1_795' title='bbox 1292 2919 1529 2967; x_wconf 84' lang='lat' dir='ltr'><strong>repperimus.</strong></span> 
     </span>
    </p>

    <p class='ocr_par' dir='ltr' id='par_1_16' title="bbox 307 2964 2406 3015">
     <span class='ocr_line' id='line_1_60' title="bbox 307 2964 2406 3015; baseline 0.002 -15"><span class='ocrx_word' id='word_1_796' title='bbox 307 2965 369 3001; x_wconf 87' lang='lat' dir='ltr'><strong>IV.</strong></span> <span class='ocrx_word' id='word_1_797' title='bbox 453 2965 624 3001; x_wconf 83' lang='lat' dir='ltr'><strong>olvuntur</strong></span> <span class='ocrx_word' id='word_1_798' title='bbox 652 2969 771 3001; x_wconf 88' lang='lat' dir='ltr'><strong>autem</strong></span> <span class='ocrx_word' id='word_1_799' title='bbox 802 2966 952 3012; x_wconf 87' lang='lat' dir='ltr'><strong>nuptiae</strong></span> <span class='ocrx_word' id='word_1_800' title='bbox 982 2966 1077 3002; x_wconf 82' lang='lat' dir='ltr'><strong>inter</strong></span> <span class='ocrx_word' id='word_1_801' title='bbox 1104 2966 1203 3002; x_wconf 83' lang='lat' dir='ltr'><strong>vivos</strong></span> <span class='ocrx_word' id='word_1_802' title='bbox 1234 2965 1298 3012; x_wconf 87' lang='lat' dir='ltr'><strong>qui</strong></span> <span class='ocrx_word' id='word_1_803' title='bbox 1320 2976 1383 3000; x_wconf 85' lang='lat' dir='ltr'><strong>eas</strong></span> <span class='ocrx_word' id='word_1_804' title='bbox 1406 2968 1689 3008; x_wconf 78' lang='lat' dir='ltr'><strong>contraxerunt,</strong></span> <span class='ocrx_word' id='word_1_805' title='bbox 1725 2964 1822 3001; x_wconf 88' lang='lat' dir='ltr'><strong>aliae</strong></span> <span class='ocrx_word' id='word_1_806' title='bbox 1845 2965 2090 3002; x_wconf 86' lang='lat' dir='ltr'><strong>consentiente</strong></span> <span class='ocrx_word' id='word_1_807' title='bbox 2113 2969 2269 3013; x_wconf 85' lang='lat' dir='ltr'><strong>utraque</strong></span> <span class='ocrx_word' id='word_1_808' title='bbox 2292 2972 2406 3015; x_wconf 86' lang='lat' dir='ltr'><strong>parte</strong></span> 
     </span>
    </p>
   </div>
   <div class='ocr_carea' id='block_1_13' title="bbox 2321 2435 2452 2460">
    <p class='ocr_par' dir='ltr' id='par_1_17' title="bbox 2321 2435 2452 2460">
     <span class='ocr_line' id='line_1_61' title="bbox 2321 2435 2452 2460; baseline 0 -1"><span class='ocrx_word' id='word_1_809' title='bbox 2321 2435 2405 2460; x_wconf 76' lang='lat' dir='ltr'><strong>uam</strong></span> <span class='ocrx_word' id='word_1_810' title='bbox 2449 2451 2452 2455; x_wconf 87' lang='lat'><em>-</em></span> 
     </span>
    </p>
   </div>
   <div class='ocr_carea' id='block_1_14' title="bbox 173 3078 1255 3531">
    <p class='ocr_par' dir='ltr' id='par_1_18' title="bbox 173 3078 1255 3531">
     <span class='ocr_line' id='line_1_62' title="bbox 221 3078 1253 3121; baseline 0 -9"><span class='ocrx_word' id='word_1_811' title='bbox 221 3082 237 3113; x_wconf 91' lang='lat'>1</span> <span class='ocrx_word' id='word_1_812' title='bbox 270 3079 323 3112; x_wconf 80' lang='lat' dir='ltr'><strong>uti</strong></span> <span class='ocrx_word' id='word_1_813' title='bbox 352 3078 493 3121; x_wconf 83' lang='lat' dir='ltr'><strong>legasset</strong></span> <span class='ocrx_word' id='word_1_814' title='bbox 521 3079 661 3120; x_wconf 88' lang='lat' dir='ltr'><strong>quisque</strong></span> <span class='ocrx_word' id='word_1_815' title='bbox 691 3079 820 3120; x_wconf 86' lang='lat' dir='ltr'><strong>(auisue</strong></span> <span class='ocrx_word' id='word_1_816' title='bbox 844 3079 888 3121; x_wconf 91' lang='lat' dir='ltr'><strong>L)</strong></span> <span class='ocrx_word' id='word_1_817' title='bbox 913 3079 1007 3115; x_wconf 64' lang='lat' dir='ltr'><strong>ML:</strong></span> <span class='ocrx_word' id='word_1_818' title='bbox 1030 3079 1095 3121; x_wconf 90' lang='lat' dir='ltr'><strong>(uti</strong></span> <span class='ocrx_word' id='word_1_819' title='bbox 1118 3079 1253 3121; x_wconf 88' lang='lat' dir='ltr'><strong>legassit</strong></span> 
     </span>
     <span class='ocr_line' id='line_1_63' title="bbox 173 3123 1253 3168; baseline 0.001 -11"><span class='ocrx_word' id='word_1_820' title='bbox 173 3135 272 3168; x_wconf 81' lang='lat' dir='ltr'><strong>super</strong></span> <span class='ocrx_word' id='word_1_821' title='bbox 294 3123 436 3167; x_wconf 85' lang='lat' dir='ltr'><strong>pecunia</strong></span> <span class='ocrx_word' id='word_1_822' title='bbox 456 3123 601 3156; x_wconf 88' lang='lat' dir='ltr'><strong>tutelave</strong></span> <span class='ocrx_word' id='word_1_823' title='bbox 626 3125 677 3157; x_wconf 79' lang='lat' dir='ltr'><strong>lex</strong></span> <span class='ocrx_word' id='word_1_824' title='bbox 695 3124 779 3157; x_wconf 92' lang='lat' dir='ltr'><strong>XII</strong></span> <span class='ocrx_word' id='word_1_825' title='bbox 798 3125 862 3157; x_wconf 80' lang='lat' dir='ltr'><strong>tab.</strong></span> <span class='ocrx_word' id='word_1_826' title='bbox 882 3136 919 3167; x_wconf 89' lang='lat' dir='ltr'><strong>p.</strong></span> <span class='ocrx_word' id='word_1_827' title='bbox 939 3126 997 3157; x_wconf 87' lang='lat'><strong>127</strong></span> <span class='ocrx_word' id='word_1_828' title='bbox 1024 3125 1075 3158; x_wconf 80' lang='lat' dir='ltr'><strong>ed.</strong></span> <span class='ocrx_word' id='word_1_829' title='bbox 1088 3124 1221 3158; x_wconf 76' lang='lat' dir='ltr'><strong>S&#39;choell</strong></span> <span class='ocrx_word' id='word_1_830' title='bbox 1241 3124 1253 3167; x_wconf 80' lang='grc' dir='ltr'><strong>ΙΙ</strong></span> 
     </span>
     <span class='ocr_line' id='line_1_64' title="bbox 174 3167 1255 3210; baseline 0 -7"><span class='ocrx_word' id='word_1_831' title='bbox 174 3170 214 3203; x_wconf 87' lang='lat' dir='ltr'><strong>de</strong></span> <span class='ocrx_word' id='word_1_832' title='bbox 238 3171 396 3202; x_wconf 68' lang='lat' dir='ltr'><strong>suaretm</strong></span> <span class='ocrx_word' id='word_1_833' title='bbox 419 3169 451 3202; x_wconf 91' lang='lat' dir='ltr'><em>L</em></span> <span class='ocrx_word' id='word_1_834' title='bbox 484 3169 524 3201; x_wconf 90' lang='lat' dir='ltr'><strong>de</strong></span> <span class='ocrx_word' id='word_1_835' title='bbox 547 3179 634 3201; x_wconf 87' lang='lat' dir='ltr'><strong>suar.</strong></span> <span class='ocrx_word' id='word_1_836' title='bbox 655 3167 734 3202; x_wconf 81' lang='grc' dir='ltr'><strong><em>εἶτα</em></strong></span> <span class='ocrx_word' id='word_1_837' title='bbox 758 3169 798 3202; x_wconf 90' lang='lat' dir='ltr'><em>M</em></span> <span class='ocrx_word' id='word_1_838' title='bbox 820 3169 913 3210; x_wconf 85' lang='lat' dir='ltr'><strong>(suae</strong></span> <span class='ocrx_word' id='word_1_839' title='bbox 937 3169 1004 3210; x_wconf 87' lang='lat' dir='ltr'><strong>rei,</strong></span> <span class='ocrx_word' id='word_1_840' title='bbox 1027 3169 1076 3201; x_wconf 86' lang='lat' dir='ltr'><strong>ita</strong></span> <span class='ocrx_word' id='word_1_841' title='bbox 1100 3170 1151 3203; x_wconf 77' lang='lat' dir='ltr'><strong>lex</strong></span> <span class='ocrx_word' id='word_1_842' title='bbox 1173 3170 1255 3203; x_wconf 89' lang='lat' dir='ltr'><strong>XII</strong></span> 
     </span>
     <span class='ocr_line' id='line_1_65' title="bbox 174 3209 1252 3259; baseline 0.001 -11"><span class='ocrx_word' id='word_1_843' title='bbox 174 3217 254 3256; x_wconf 78' lang='lat' dir='ltr'><strong>tab.)</strong></span> <span class='ocrx_word' id='word_1_844' title='bbox 281 3213 294 3258; x_wconf 89' lang='grc' dir='ltr'><strong>ΙΙ</strong></span> <span class='ocrx_word' id='word_1_845' title='bbox 323 3216 342 3248; x_wconf 88' lang='grc'>3</span> <span class='ocrx_word' id='word_1_846' title='bbox 377 3215 438 3258; x_wconf 77' lang='lat' dir='ltr'><strong>leq.</strong></span> <span class='ocrx_word' id='word_1_847' title='bbox 463 3210 542 3247; x_wconf 80' lang='grc' dir='ltr'><strong><em>οὔτ’</em></strong></span> <span class='ocrx_word' id='word_1_848' title='bbox 568 3209 614 3246; x_wconf 79' lang='grc' dir='ltr'><strong>ἂν</strong></span> <span class='ocrx_word' id='word_1_849' title='bbox 636 3233 681 3237; x_wconf 90' lang='grc'><strong>-</strong></span> <span class='ocrx_word' id='word_1_850' title='bbox 701 3210 780 3247; x_wconf 75' lang='grc' dir='ltr'><strong><em>οὔτ’</em></strong></span> <span class='ocrx_word' id='word_1_851' title='bbox 806 3209 876 3248; x_wconf 56' lang='lat' dir='ltr'><strong>dv?</strong></span> <span class='ocrx_word' id='word_1_852' title='bbox 892 3213 904 3256; x_wconf 87' lang='grc' dir='ltr'><strong>ΙΙ</strong></span> <span class='ocrx_word' id='word_1_853' title='bbox 935 3215 954 3248; x_wconf 91' lang='grc'>8</span> <span class='ocrx_word' id='word_1_854' title='bbox 983 3211 1099 3258; x_wconf 88' lang='grc' dir='ltr'><strong><em>*μήτε</em></strong></span> <span class='ocrx_word' id='word_1_855' title='bbox 1132 3215 1209 3249; x_wconf 84' lang='lat' dir='ltr'><strong>libri</strong></span> <span class='ocrx_word' id='word_1_856' title='bbox 1240 3212 1252 3259; x_wconf 87' lang='grc' dir='ltr'><strong>ΙΙ</strong></span> 
     </span>
     <span class='ocr_line' id='line_1_66' title="bbox 178 3255 1250 3306; baseline -0.001 -13"><span class='ocrx_word' id='word_1_857' title='bbox 178 3263 217 3295; x_wconf 86' lang='grc'><strong>10</strong></span> <span class='ocrx_word' id='word_1_858' title='bbox 238 3261 320 3305; x_wconf 82' lang='grc' dir='ltr'><strong><em>περὶ</em></strong></span> <span class='ocrx_word' id='word_1_859' title='bbox 345 3256 534 3303; x_wconf 76' lang='grc' dir='ltr'><strong><em>λαμβάνην</em></strong></span> <span class='ocrx_word' id='word_1_860' title='bbox 557 3255 769 3302; x_wconf 76' lang='grc' dir='ltr'><strong><em>(λαμβάνειν</em></strong></span> <span class='ocrx_word' id='word_1_861' title='bbox 793 3259 855 3300; x_wconf 80' lang='lat' dir='ltr'><strong>L2)</strong></span> <span class='ocrx_word' id='word_1_862' title='bbox 879 3259 911 3292; x_wconf 90' lang='lat' dir='ltr'><em>L</em></span> <span class='ocrx_word' id='word_1_863' title='bbox 936 3257 950 3304; x_wconf 79' lang='grc' dir='ltr'><strong>ΙΙ</strong></span> <span class='ocrx_word' id='word_1_864' title='bbox 983 3261 1020 3293; x_wconf 89' lang='grc'><strong>11</strong></span> <span class='ocrx_word' id='word_1_865' title='bbox 1048 3259 1088 3293; x_wconf 83' lang='grc' dir='ltr'><strong>ἐν</strong></span> <span class='ocrx_word' id='word_1_866' title='bbox 1110 3261 1250 3306; x_wconf 85' lang='grc' dir='ltr'><strong><em>βραχεῖ]</em></strong></span> 
     </span>
     <span class='ocr_line' id='line_1_67' title="bbox 174 3300 1253 3351; baseline 0.001 -14"><span class='ocrx_word' id='word_1_867' title='bbox 174 3303 287 3351; x_wconf 78' lang='grc' dir='ltr'><strong><em>βραχὺ</em></strong></span> <span class='ocrx_word' id='word_1_868' title='bbox 313 3305 345 3337; x_wconf 91' lang='lat' dir='ltr'><em>L</em></span> <span class='ocrx_word' id='word_1_869' title='bbox 363 3303 375 3346; x_wconf 89' lang='grc' dir='ltr'><strong>ΙΙ</strong></span> <span class='ocrx_word' id='word_1_870' title='bbox 395 3306 434 3338; x_wconf 85' lang='grc'><strong>14</strong></span> <span class='ocrx_word' id='word_1_871' title='bbox 458 3303 528 3336; x_wconf 80' lang='grc' dir='ltr'><strong><em>εἴτε</em></strong></span> <span class='ocrx_word' id='word_1_872' title='bbox 552 3300 770 3345; x_wconf 74' lang='grc' dir='ltr'><strong><em>ὃιαζεύξσων</em></strong></span> <span class='ocrx_word' id='word_1_873' title='bbox 793 3304 825 3337; x_wconf 90' lang='lat' dir='ltr'><em>L</em></span> <span class='ocrx_word' id='word_1_874' title='bbox 840 3303 853 3347; x_wconf 78' lang='grc' dir='ltr'><strong>ΙΙ</strong></span> <span class='ocrx_word' id='word_1_875' title='bbox 876 3306 913 3338; x_wconf 87' lang='grc'><strong>15</strong></span> <span class='ocrx_word' id='word_1_876' title='bbox 937 3307 1154 3347; x_wconf 82' lang='grc' dir='ltr'><strong><em>μετεκείνων</em></strong></span> <span class='ocrx_word' id='word_1_877' title='bbox 1178 3306 1209 3338; x_wconf 93' lang='lat' dir='ltr'><em>L</em></span> <span class='ocrx_word' id='word_1_878' title='bbox 1241 3305 1253 3349; x_wconf 79' lang='grc' dir='ltr'><strong>ΙΙ</strong></span> 
     </span>
     <span class='ocr_line' id='line_1_68' title="bbox 179 3346 1250 3395; baseline -0.002 -10"><span class='ocrx_word' id='word_1_879' title='bbox 179 3354 217 3385; x_wconf 87' lang='grc'><strong>16</strong></span> <span class='ocrx_word' id='word_1_880' title='bbox 231 3346 378 3391; x_wconf 85' lang='grc' dir='ltr'><strong><em>παντὸς]</em></strong></span> <span class='ocrx_word' id='word_1_881' title='bbox 391 3349 455 3383; x_wconf 80' lang='grc' dir='ltr'><strong>τοῦ</strong></span> <span class='ocrx_word' id='word_1_882' title='bbox 468 3346 605 3382; x_wconf 85' lang='grc' dir='ltr'><strong><em>παντὸς</em></strong></span> <span class='ocrx_word' id='word_1_883' title='bbox 616 3349 648 3382; x_wconf 91' lang='lat' dir='ltr'><em>L</em></span> <span class='ocrx_word' id='word_1_884' title='bbox 663 3348 676 3392; x_wconf 90' lang='grc' dir='ltr'><strong>ΙΙ</strong></span> <span class='ocrx_word' id='word_1_885' title='bbox 699 3351 735 3382; x_wconf 89' lang='lat'><strong>17</strong></span> <span class='ocrx_word' id='word_1_886' title='bbox 747 3362 793 3392; x_wconf 79' lang='lat' dir='ltr'><strong>sq.</strong></span> <span class='ocrx_word' id='word_1_887' title='bbox 814 3350 855 3391; x_wconf 72' lang='lat' dir='ltr'><strong>cs.</strong></span> <span class='ocrx_word' id='word_1_888' title='bbox 866 3361 901 3392; x_wconf 87' lang='lat' dir='ltr'><strong>p.</strong></span> <span class='ocrx_word' id='word_1_889' title='bbox 918 3351 992 3391; x_wconf 86' lang='lat'><strong>147,</strong></span> <span class='ocrx_word' id='word_1_890' title='bbox 1003 3357 1034 3384; x_wconf 80' lang='lat'>21</span> <span class='ocrx_word' id='word_1_891' title='bbox 1044 3363 1093 3393; x_wconf 83' lang='lat' dir='ltr'><strong>sq.</strong></span> <span class='ocrx_word' id='word_1_892' title='bbox 1112 3350 1124 3395; x_wconf 85' lang='grc' dir='ltr'><strong>ΙΙ</strong></span> <span class='ocrx_word' id='word_1_893' title='bbox 1141 3352 1183 3384; x_wconf 88' lang='grc'>20</span> <span class='ocrx_word' id='word_1_894' title='bbox 1197 3349 1250 3393; x_wconf 73' lang='grc' dir='ltr'><strong><em>τῷ</em></strong></span> 
     </span>
     <span class='ocr_line' id='line_1_69' title="bbox 176 3390 1252 3440; baseline 0 -12"><span class='ocrx_word' id='word_1_895' title='bbox 176 3409 233 3429; x_wconf 91' lang='lat' dir='ltr'><strong>om-.</strong></span> <span class='ocrx_word' id='word_1_896' title='bbox 256 3396 286 3428; x_wconf 91' lang='lat' dir='ltr'><em>L</em></span> <span class='ocrx_word' id='word_1_897' title='bbox 303 3394 316 3438; x_wconf 80' lang='grc'><strong>11</strong></span> <span class='ocrx_word' id='word_1_898' title='bbox 332 3393 461 3427; x_wconf 79' lang='grc' dir='ltr'><strong><em>ἑαυτὸν</em></strong></span> <span class='ocrx_word' id='word_1_899' title='bbox 485 3395 528 3427; x_wconf 89' lang='grc' dir='ltr'><em>Μ</em></span> <span class='ocrx_word' id='word_1_900' title='bbox 543 3393 555 3437; x_wconf 80' lang='grc' dir='ltr'><strong>ΙΙ</strong></span> <span class='ocrx_word' id='word_1_901' title='bbox 572 3395 611 3427; x_wconf 96' lang='grc'><strong>21</strong></span> <span class='ocrx_word' id='word_1_902' title='bbox 639 3390 886 3440; x_wconf 73' lang='grc' dir='ltr'><strong><em>συγκολάσθαι</em></strong></span> <span class='ocrx_word' id='word_1_903' title='bbox 909 3394 942 3427; x_wconf 92' lang='lat' dir='ltr'><em>L</em></span> <span class='ocrx_word' id='word_1_904' title='bbox 963 3394 976 3438; x_wconf 86' lang='grc' dir='ltr'><strong>ΙΙ</strong></span> <span class='ocrx_word' id='word_1_905' title='bbox 1003 3396 1045 3428; x_wconf 89' lang='grc'><strong>22</strong></span> <span class='ocrx_word' id='word_1_906' title='bbox 1069 3392 1252 3439; x_wconf 78' lang='grc' dir='ltr'><strong><em>δεομένων</em></strong></span> 
     </span>
     <span class='ocr_line' id='line_1_70' title="bbox 175 3434 1252 3486; baseline -0.002 -12"><span class='ocrx_word' id='word_1_907' title='bbox 175 3441 222 3474; x_wconf 88' lang='lat' dir='ltr'><strong>L¹</strong></span> <span class='ocrx_word' id='word_1_908' title='bbox 242 3440 254 3483; x_wconf 77' lang='grc' dir='ltr'><strong>ῃ</strong></span> <span class='ocrx_word' id='word_1_909' title='bbox 271 3442 312 3474; x_wconf 87' lang='lat'><strong>25</strong></span> <span class='ocrx_word' id='word_1_910' title='bbox 335 3452 377 3486; x_wconf 68' lang='grc' dir='ltr'><strong>γε</strong></span> <span class='ocrx_word' id='word_1_911' title='bbox 397 3434 459 3473; x_wconf 78' lang='grc' dir='ltr'><strong><em>οὐκ</em></strong></span> <span class='ocrx_word' id='word_1_912' title='bbox 479 3440 584 3482; x_wconf 79' lang='grc' dir='ltr'><strong><em>Μ(ς)]</em></strong></span> <span class='ocrx_word' id='word_1_913' title='bbox 609 3434 664 3485; x_wconf 71' lang='grc' dir='ltr'><strong>ᾀει</strong></span> <span class='ocrx_word' id='word_1_914' title='bbox 683 3435 747 3472; x_wconf 74' lang='grc' dir='ltr'><strong><em>οὐκ</em></strong></span> <span class='ocrx_word' id='word_1_915' title='bbox 762 3440 794 3472; x_wconf 86' lang='lat' dir='ltr'><em>L</em></span> <span class='ocrx_word' id='word_1_916' title='bbox 817 3435 882 3472; x_wconf 79' lang='grc' dir='ltr'><strong>οὐκ</strong></span> <span class='ocrx_word' id='word_1_917' title='bbox 900 3434 955 3472; x_wconf 69' lang='grc' dir='ltr'><strong>ἀεὶ</strong></span> <span class='ocrx_word' id='word_1_918' title='bbox 974 3440 1009 3473; x_wconf 87' lang='grc' dir='ltr'><em>Β</em></span> <span class='ocrx_word' id='word_1_919' title='bbox 1030 3436 1126 3481; x_wconf 73' lang='grc' dir='ltr'><strong><em>(ἀλλ’</em></strong></span> <span class='ocrx_word' id='word_1_920' title='bbox 1147 3437 1169 3483; x_wconf 82' lang='grc' dir='ltr'>ἢ</span> <span class='ocrx_word' id='word_1_921' title='bbox 1191 3441 1252 3475; x_wconf 63' lang='grc' dir='ltr'><strong><em>ἐπὶ</em></strong></span> 
     </span>
     <span class='ocr_line' id='line_1_71' title="bbox 175 3480 1254 3531; baseline 0.001 -12"><span class='ocrx_word' id='word_1_922' title='bbox 175 3481 300 3530; x_wconf 85' lang='grc' dir='ltr'><strong><em>μόνων</em></strong></span> <span class='ocrx_word' id='word_1_923' title='bbox 319 3485 398 3518; x_wconf 79' lang='grc' dir='ltr'><strong>τῶν</strong></span> <span class='ocrx_word' id='word_1_924' title='bbox 417 3495 461 3518; x_wconf 87' lang='grc' dir='ltr'><strong>συ</strong></span> <span class='ocrx_word' id='word_1_925' title='bbox 484 3482 664 3527; x_wconf 82' lang='grc' dir='ltr'><strong><em>κλητικῶν</em></strong></span> <span class='ocrx_word' id='word_1_926' title='bbox 685 3485 793 3517; x_wconf 86' lang='lat' dir='ltr'><strong>adnot.</strong></span> <span class='ocrx_word' id='word_1_927' title='bbox 806 3480 1000 3526; x_wconf 70' lang='lat' dir='ltr'><strong>B2;cfin0v.</strong></span> <span class='ocrx_word' id='word_1_928' title='bbox 1015 3485 1172 3528; x_wconf 83' lang='lat' dir='ltr'><strong>CXVII,</strong></span> <span class='ocrx_word' id='word_1_929' title='bbox 1187 3488 1221 3527; x_wconf 86' lang='lat'><strong>4)</strong></span> <span class='ocrx_word' id='word_1_930' title='bbox 1241 3485 1254 3531; x_wconf 84' lang='grc' dir='ltr'><strong>ΙΙ</strong></span> 
     </span>
    </p>
   </div>
   <div class='ocr_carea' id='block_1_15' title="bbox 177 3525 1253 3574">
    <p class='ocr_par' dir='ltr' id='par_1_19' title="bbox 177 3525 1253 3574">
     <span class='ocr_line' id='line_1_72' title="bbox 177 3525 1253 3574; baseline 0 -10"><span class='ocrx_word' id='word_1_931' title='bbox 177 3525 341 3564; x_wconf 76' lang='grc' dir='ltr'><strong><em>ἐπειδόἷν</em></strong></span> <span class='ocrx_word' id='word_1_932' title='bbox 361 3527 401 3563; x_wconf 82' lang='grc' dir='ltr'><strong><em>δε</em></strong></span> <span class='ocrx_word' id='word_1_933' title='bbox 495 3526 645 3564; x_wconf 80' lang='grc' dir='ltr'><strong><em>ἐπειδὰν</em></strong></span> <span class='ocrx_word' id='word_1_934' title='bbox 668 3529 714 3562; x_wconf 90' lang='lat' dir='ltr'><strong>L¹</strong></span> <span class='ocrx_word' id='word_1_935' title='bbox 747 3531 806 3562; x_wconf 88' lang='grc' dir='ltr'><strong>καὶ</strong></span> <span class='ocrx_word' id='word_1_936' title='bbox 831 3526 980 3563; x_wconf 78' lang='grc' dir='ltr'><strong><em>ἐπειδὰν</em></strong></span> <span class='ocrx_word' id='word_1_937' title='bbox 1003 3530 1052 3563; x_wconf 77' lang='lat' dir='ltr'><strong>L2</strong></span> <span class='ocrx_word' id='word_1_938' title='bbox 1073 3530 1086 3574; x_wconf 88' lang='grc' dir='ltr'><strong>ΙΙ</strong></span> <span class='ocrx_word' id='word_1_939' title='bbox 1116 3532 1157 3565; x_wconf 82' lang='grc' dir='ltr'>2Ἰ</span> <span class='ocrx_word' id='word_1_940' title='bbox 1192 3532 1253 3565; x_wconf 78' lang='grc' dir='ltr'><strong>ἐπὶ</strong></span> 
     </span>
    </p>
   </div>
   <div class='ocr_carea' id='block_1_16' title="bbox 150 3569 1254 3621">
    <p class='ocr_par' dir='ltr' id='par_1_20' title="bbox 150 3569 1254 3621">
     <span class='ocr_line' id='line_1_73' title="bbox 150 3569 1254 3621; baseline 0.002 -13"><span class='ocrx_word' id='word_1_941' title='bbox 150 3595 152 3597; x_wconf 90' lang='grc'>-</span> <span class='ocrx_word' id='word_1_942' title='bbox 178 3572 274 3609; x_wconf 79' lang='grc' dir='ltr'><strong><em>δόσει</em></strong></span> <span class='ocrx_word' id='word_1_943' title='bbox 299 3577 488 3610; x_wconf 79' lang='lat' dir='ltr'><strong>Zachariae</strong></span> <span class='ocrx_word' id='word_1_944' title='bbox 515 3575 527 3619; x_wconf 83' lang='grc' dir='ltr'><strong>Ι]</strong></span> <span class='ocrx_word' id='word_1_945' title='bbox 557 3575 618 3618; x_wconf 83' lang='grc' dir='ltr'><strong>τῆς</strong></span> <span class='ocrx_word' id='word_1_946' title='bbox 639 3587 696 3608; x_wconf 83' lang='grc' dir='ltr'><strong><em>οηι,</em></strong></span> <span class='ocrx_word' id='word_1_947' title='bbox 718 3575 750 3608; x_wconf 93' lang='lat' dir='ltr'><em>L</em></span> <span class='ocrx_word' id='word_1_948' title='bbox 778 3573 790 3619; x_wconf 76' lang='grc' dir='ltr'><strong>ΙΙ</strong></span> <span class='ocrx_word' id='word_1_949' title='bbox 821 3571 880 3607; x_wconf 83' lang='grc' dir='ltr'><strong>διὰ</strong></span> <span class='ocrx_word' id='word_1_950' title='bbox 911 3574 990 3608; x_wconf 81' lang='grc' dir='ltr'><strong>τῶν</strong></span> <span class='ocrx_word' id='word_1_951' title='bbox 1045 3569 1150 3619; x_wconf 85' lang='grc' dir='ltr'><strong><em>άμων</em></strong></span> <span class='ocrx_word' id='word_1_952' title='bbox 1173 3577 1204 3610; x_wconf 89' lang='lat' dir='ltr'><em>L</em></span> <span class='ocrx_word' id='word_1_953' title='bbox 1242 3575 1254 3621; x_wconf 81' lang='grc' dir='ltr'><strong>ΙΙ</strong></span> 
     </span>
    </p>
   </div>
   <div class='ocr_carea' id='block_1_17' title="bbox 178 3612 1254 3757">
    <p class='ocr_par' dir='ltr' id='par_1_21' title="bbox 178 3612 1254 3757">
     <span class='ocr_line' id='line_1_74' title="bbox 178 3612 1251 3666; baseline 0.002 -12"><span class='ocrx_word' id='word_1_954' title='bbox 178 3621 220 3654; x_wconf 88' lang='grc'>28</span> <span class='ocrx_word' id='word_1_955' title='bbox 255 3612 365 3655; x_wconf 68' lang='grc' dir='ltr'><strong><em>αὖθις</em></strong></span> <span class='ocrx_word' id='word_1_956' title='bbox 388 3621 471 3662; x_wconf 89' lang='lat' dir='ltr'><strong>ML]</strong></span> <span class='ocrx_word' id='word_1_957' title='bbox 505 3612 613 3654; x_wconf 71' lang='grc' dir='ltr'><strong><em>αὖθις</em></strong></span> <span class='ocrx_word' id='word_1_958' title='bbox 635 3618 877 3663; x_wconf 71' lang='grc' dir='ltr'><strong><em>ἢΗαΙοαιιᾱεν,</em></strong></span> <span class='ocrx_word' id='word_1_959' title='bbox 900 3622 960 3652; x_wconf 87' lang='lat' dir='ltr'><strong>aut</strong></span> <span class='ocrx_word' id='word_1_960' title='bbox 983 3632 1003 3657; x_wconf 80' lang='grc' dir='ltr'><strong><em>ς</em></strong></span> <span class='ocrx_word' id='word_1_961' title='bbox 1025 3619 1092 3666; x_wconf 77' lang='lat'><strong>129</strong></span> <span class='ocrx_word' id='word_1_962' title='bbox 1116 3621 1251 3663; x_wconf 78' lang='grc' dir='ltr'><strong><em>ποινῆς]</em></strong></span> 
     </span>
     <span class='ocr_line' id='line_1_75' title="bbox 178 3661 1254 3711; baseline 0.001 -12"><span class='ocrx_word' id='word_1_963' title='bbox 178 3666 296 3707; x_wconf 81' lang='grc' dir='ltr'><strong><em>ζητεῖν</em></strong></span> <span class='ocrx_word' id='word_1_964' title='bbox 320 3668 397 3701; x_wconf 80' lang='lat' dir='ltr'><strong>add.</strong></span> <span class='ocrx_word' id='word_1_965' title='bbox 410 3666 487 3710; x_wconf 74' lang='lat' dir='ltr'><strong>L²11</strong></span> <span class='ocrx_word' id='word_1_966' title='bbox 506 3668 548 3701; x_wconf 87' lang='lat'><strong>30</strong></span> <span class='ocrx_word' id='word_1_967' title='bbox 569 3666 667 3700; x_wconf 86' lang='lat' dir='ltr'><strong>Plato</strong></span> <span class='ocrx_word' id='word_1_968' title='bbox 693 3666 825 3699; x_wconf 77' lang='lat' dir='ltr'><strong>Timaeo</strong></span> <span class='ocrx_word' id='word_1_969' title='bbox 846 3678 881 3709; x_wconf 87' lang='lat' dir='ltr'><strong>p.</strong></span> <span class='ocrx_word' id='word_1_970' title='bbox 894 3667 934 3700; x_wconf 88' lang='lat'><strong>41</strong></span> <span class='ocrx_word' id='word_1_971' title='bbox 951 3667 1001 3699; x_wconf 82' lang='lat' dir='ltr'><strong>A.-</strong></span> <span class='ocrx_word' id='word_1_972' title='bbox 1036 3663 1079 3699; x_wconf 82' lang='grc' dir='ltr'><strong><em>τὸ</em></strong></span> <span class='ocrx_word' id='word_1_973' title='bbox 1098 3667 1165 3711; x_wconf 73' lang='grc' dir='ltr'><strong>μὲν</strong></span> <span class='ocrx_word' id='word_1_974' title='bbox 1187 3661 1254 3700; x_wconf 64' lang='grc' dir='ltr'><strong>οὖν</strong></span> 
     </span>
     <span class='ocr_line' id='line_1_76' title="bbox 179 3707 1251 3757; baseline 0.003 -13"><span class='ocrx_word' id='word_1_975' title='bbox 179 3708 222 3753; x_wconf 82' lang='grc' dir='ltr'><strong>δὴ</strong></span> <span class='ocrx_word' id='word_1_976' title='bbox 245 3707 356 3747; x_wconf 73' lang='grc' dir='ltr'><strong><em>δεθὲν</em></strong></span> <span class='ocrx_word' id='word_1_977' title='bbox 378 3711 454 3746; x_wconf 82' lang='grc' dir='ltr'><strong>πᾶν</strong></span> <span class='ocrx_word' id='word_1_978' title='bbox 477 3707 614 3757; x_wconf 80' lang='grc' dir='ltr'><strong><em>λυτάνΙΙ</em></strong></span> <span class='ocrx_word' id='word_1_979' title='bbox 633 3713 672 3750; x_wconf 84' lang='grc'><strong>31</strong></span> <span class='ocrx_word' id='word_1_980' title='bbox 700 3707 968 3755; x_wconf 78' lang='grc' dir='ltr'><strong><em>διαλυουμένων</em></strong></span> <span class='ocrx_word' id='word_1_981' title='bbox 985 3711 1018 3745; x_wconf 94' lang='lat' dir='ltr'><em>L</em></span> <span class='ocrx_word' id='word_1_982' title='bbox 1036 3710 1049 3757; x_wconf 85' lang='grc' dir='ltr'><strong>ΙΙ</strong></span> <span class='ocrx_word' id='word_1_983' title='bbox 1066 3714 1107 3747; x_wconf 84' lang='grc'><strong>34</strong></span> <span class='ocrx_word' id='word_1_984' title='bbox 1131 3709 1172 3746; x_wconf 71' lang='grc' dir='ltr'><strong>δὲ</strong></span> <span class='ocrx_word' id='word_1_985' title='bbox 1191 3725 1251 3747; x_wconf 88' lang='lat' dir='ltr'><strong>om.</strong></span> 
     </span>
    </p>
   </div>
   <div class='ocr_carea' id='block_1_18' title="bbox 1320 3069 2403 3163">
    <p class='ocr_par' dir='ltr' id='par_1_22' title="bbox 1320 3069 2403 3163">
     <span class='ocr_line' id='line_1_77' title="bbox 1321 3069 2403 3125; baseline 0.001 -13"><span class='ocrx_word' id='word_1_986' title='bbox 1321 3080 1352 3112; x_wconf 94' lang='lat' dir='ltr'><em>L</em></span> <span class='ocrx_word' id='word_1_987' title='bbox 1371 3078 1383 3123; x_wconf 78' lang='lat' dir='ltr'>ss</span> <span class='ocrx_word' id='word_1_988' title='bbox 1399 3079 1439 3111; x_wconf 80' lang='grc' dir='ltr'><strong>ἐν</strong></span> <span class='ocrx_word' id='word_1_989' title='bbox 1452 3078 1537 3120; x_wconf 81' lang='grc' dir='ltr'><strong>ζωῆ]</strong></span> <span class='ocrx_word' id='word_1_990' title='bbox 1551 3069 1615 3111; x_wconf 65' lang='grc' dir='ltr'><strong>οὖν</strong></span> <span class='ocrx_word' id='word_1_991' title='bbox 1628 3078 1745 3119; x_wconf 66' lang='grc' dir='ltr'><strong><em>ζωαὶῗ</em></strong></span> <span class='ocrx_word' id='word_1_992' title='bbox 1763 3078 1812 3111; x_wconf 82' lang='lat' dir='ltr'><strong>L2</strong></span> <span class='ocrx_word' id='word_1_993' title='bbox 1827 3077 1840 3123; x_wconf 72' lang='grc' dir='ltr'><strong>ΙΙ</strong></span> <span class='ocrx_word' id='word_1_994' title='bbox 1858 3075 2126 3122; x_wconf 74' lang='grc' dir='ltr'><strong><em>συμβαλόντων</em></strong></span> <span class='ocrx_word' id='word_1_995' title='bbox 2141 3081 2173 3114; x_wconf 92' lang='lat' dir='ltr'><em>L</em></span> <span class='ocrx_word' id='word_1_996' title='bbox 2189 3079 2202 3125; x_wconf 80' lang='grc' dir='ltr'><strong>ΙΙ</strong></span> <span class='ocrx_word' id='word_1_997' title='bbox 2221 3082 2262 3114; x_wconf 89' lang='lat'><strong>35</strong></span> <span class='ocrx_word' id='word_1_998' title='bbox 2284 3091 2403 3113; x_wconf 85' lang='grc' dir='ltr'><strong><em>συναι-</em></strong></span> 
     </span>
     <span class='ocr_line' id='line_1_78' title="bbox 1320 3120 1919 3163; baseline -0.002 -5"><span class='ocrx_word' id='word_1_999' title='bbox 1320 3124 1468 3158; x_wconf 82' lang='grc' dir='ltr'><strong><em>νοῦντος</em></strong></span> <span class='ocrx_word' id='word_1_1000' title='bbox 1492 3142 1535 3148; x_wconf 92' lang='grc'>-</span> <span class='ocrx_word' id='word_1_1001' title='bbox 1564 3125 1636 3163; x_wconf 87' lang='grc'><strong><em>150,</em></strong></span> <span class='ocrx_word' id='word_1_1002' title='bbox 1651 3131 1667 3157; x_wconf 82' lang='grc'>2</span> <span class='ocrx_word' id='word_1_1003' title='bbox 1690 3121 1727 3156; x_wconf 85' lang='grc' dir='ltr'><strong>οἱ</strong></span> <span class='ocrx_word' id='word_1_1004' title='bbox 1746 3120 1786 3157; x_wconf 79' lang='grc' dir='ltr'><strong>δὲ</strong></span> <span class='ocrx_word' id='word_1_1005' title='bbox 1810 3136 1868 3158; x_wconf 91' lang='lat' dir='ltr'><strong>om.</strong></span> <span class='ocrx_word' id='word_1_1006' title='bbox 1886 3124 1919 3157; x_wconf 88' lang='lat' dir='ltr'><em>L</em></span> 
     </span>
    </p>
   </div>
   <div class='ocr_carea' id='block_1_19' title="bbox 1320 3213 2406 3754">
    <p class='ocr_par' dir='ltr' id='par_1_23' title="bbox 1320 3213 2406 3747">
     <span class='ocr_line' id='line_1_79' title="bbox 1368 3213 2405 3260; baseline 0 -11"><span class='ocrx_word' id='word_1_1007' title='bbox 1368 3217 1383 3249; x_wconf 91' lang='lat'>1</span> <span class='ocrx_word' id='word_1_1008' title='bbox 1410 3214 1544 3256; x_wconf 81' lang='lat' dir='ltr'><strong>legassit</strong></span> <span class='ocrx_word' id='word_1_1009' title='bbox 1567 3214 1653 3258; x_wconf 78' lang='lat' dir='ltr'><strong>vulq.</strong></span> <span class='ocrx_word' id='word_1_1010' title='bbox 1684 3213 1697 3256; x_wconf 86' lang='grc' dir='ltr'><strong>ΙΙ</strong></span> <span class='ocrx_word' id='word_1_1011' title='bbox 1723 3216 1745 3248; x_wconf 93' lang='grc'>4</span> <span class='ocrx_word' id='word_1_1012' title='bbox 1774 3213 1811 3247; x_wconf 89' lang='lat' dir='ltr'><strong>in</strong></span> <span class='ocrx_word' id='word_1_1013' title='bbox 1835 3214 1968 3258; x_wconf 83' lang='lat' dir='ltr'><strong>alienis]</strong></span> <span class='ocrx_word' id='word_1_1014' title='bbox 1997 3215 2124 3249; x_wconf 83' lang='lat' dir='ltr'><strong>malens</strong></span> <span class='ocrx_word' id='word_1_1015' title='bbox 2145 3216 2253 3249; x_wconf 83' lang='lat' dir='ltr'><strong>RVT</strong></span> <span class='ocrx_word' id='word_1_1016' title='bbox 2276 3214 2290 3260; x_wconf 76' lang='grc' dir='ltr'><strong>ΙΙ</strong></span> <span class='ocrx_word' id='word_1_1017' title='bbox 2319 3217 2337 3249; x_wconf 93' lang='lat'><strong>7</strong></span> <span class='ocrx_word' id='word_1_1018' title='bbox 2360 3216 2405 3249; x_wconf 88' lang='lat' dir='ltr'><strong>sit</strong></span> 
     </span>
     <span class='ocr_line' id='line_1_80' title="bbox 1321 3258 2406 3305; baseline 0.001 -12"><span class='ocrx_word' id='word_1_1019' title='bbox 1321 3273 1379 3294; x_wconf 90' lang='lat' dir='ltr'><strong>om.</strong></span> <span class='ocrx_word' id='word_1_1020' title='bbox 1404 3260 1438 3293; x_wconf 80' lang='lat' dir='ltr'><strong><em>R</em></strong></span> <span class='ocrx_word' id='word_1_1021' title='bbox 1456 3260 1504 3301; x_wconf 82' lang='grc'><strong>118</strong></span> <span class='ocrx_word' id='word_1_1022' title='bbox 1529 3258 1699 3292; x_wconf 82' lang='lat' dir='ltr'><strong>ordinauit</strong></span> <span class='ocrx_word' id='word_1_1023' title='bbox 1718 3259 1753 3292; x_wconf 84' lang='lat' dir='ltr'><strong><em>R</em></strong></span> <span class='ocrx_word' id='word_1_1024' title='bbox 1775 3260 1788 3303; x_wconf 73' lang='lat' dir='ltr'>ss</span> <span class='ocrx_word' id='word_1_1025' title='bbox 1814 3261 1853 3294; x_wconf 92' lang='lat'><strong>11</strong></span> <span class='ocrx_word' id='word_1_1026' title='bbox 1879 3259 1968 3294; x_wconf 64' lang='lat' dir='ltr'><strong>bren*</strong></span> <span class='ocrx_word' id='word_1_1027' title='bbox 1988 3262 2060 3303; x_wconf 83' lang='lat' dir='ltr'><strong>(sic)</strong></span> <span class='ocrx_word' id='word_1_1028' title='bbox 2087 3259 2144 3305; x_wconf 73' lang='lat' dir='ltr'><strong>Vn</strong></span> <span class='ocrx_word' id='word_1_1029' title='bbox 2160 3263 2193 3293; x_wconf 91' lang='lat' dir='ltr'><strong>et</strong></span> <span class='ocrx_word' id='word_1_1030' title='bbox 2216 3273 2274 3295; x_wconf 87' lang='lat' dir='ltr'><strong>om.</strong></span> <span class='ocrx_word' id='word_1_1031' title='bbox 2299 3261 2378 3294; x_wconf 84' lang='lat' dir='ltr'><strong>RV</strong></span> <span class='ocrx_word' id='word_1_1032' title='bbox 2393 3263 2406 3303; x_wconf 73' lang='grc' dir='ltr'><strong>ΙΙ</strong></span> 
     </span>
     <span class='ocr_line' id='line_1_81' title="bbox 1321 3304 2403 3351; baseline 0.003 -14"><span class='ocrx_word' id='word_1_1033' title='bbox 1321 3308 1354 3338; x_wconf 86' lang='lat' dir='ltr'><strong>et</strong></span> <span class='ocrx_word' id='word_1_1034' title='bbox 1382 3305 1418 3337; x_wconf 90' lang='lat' dir='ltr'><strong>in</strong></span> <span class='ocrx_word' id='word_1_1035' title='bbox 1448 3305 1493 3345; x_wconf 93' lang='lat' dir='ltr'><strong>V]</strong></span> <span class='ocrx_word' id='word_1_1036' title='bbox 1526 3306 1559 3337; x_wconf 90' lang='lat' dir='ltr'><strong>et</strong></span> <span class='ocrx_word' id='word_1_1037' title='bbox 1577 3304 1612 3337; x_wconf 80' lang='lat' dir='ltr'><strong><em>R</em></strong></span> <span class='ocrx_word' id='word_1_1038' title='bbox 1650 3306 1683 3337; x_wconf 90' lang='lat' dir='ltr'><strong>et</strong></span> <span class='ocrx_word' id='word_1_1039' title='bbox 1707 3314 1792 3346; x_wconf 84' lang='lat' dir='ltr'><strong>quae</strong></span> <span class='ocrx_word' id='word_1_1040' title='bbox 1818 3305 1855 3338; x_wconf 87' lang='lat' dir='ltr'><strong>in</strong></span> <span class='ocrx_word' id='word_1_1041' title='bbox 1883 3306 1916 3339; x_wconf 81' lang='lat' dir='ltr'><strong><em>T</em></strong></span> <span class='ocrx_word' id='word_1_1042' title='bbox 1932 3306 2020 3351; x_wconf 78' lang='lat' dir='ltr'><strong>vulq.</strong></span> <span class='ocrx_word' id='word_1_1043' title='bbox 2047 3306 2060 3349; x_wconf 77' lang='lat' dir='ltr'>ss</span> <span class='ocrx_word' id='word_1_1044' title='bbox 2093 3308 2133 3340; x_wconf 87' lang='lat'>13</span> <span class='ocrx_word' id='word_1_1045' title='bbox 2162 3305 2325 3339; x_wconf 85' lang='lat' dir='ltr'><strong>mortibus</strong></span> <span class='ocrx_word' id='word_1_1046' title='bbox 2358 3307 2403 3348; x_wconf 92' lang='lat' dir='ltr'><strong>V]</strong></span> 
     </span>
     <span class='ocr_line' id='line_1_82' title="bbox 1320 3348 2405 3397; baseline 0.002 -14"><span class='ocrx_word' id='word_1_1047' title='bbox 1320 3352 1425 3384; x_wconf 88' lang='lat' dir='ltr'><strong>morte</strong></span> <span class='ocrx_word' id='word_1_1048' title='bbox 1444 3349 1478 3382; x_wconf 88' lang='lat' dir='ltr'><strong><em>R</em></strong></span> <span class='ocrx_word' id='word_1_1049' title='bbox 1494 3350 1579 3393; x_wconf 76' lang='lat' dir='ltr'><strong>vulq.</strong></span> <span class='ocrx_word' id='word_1_1050' title='bbox 1599 3348 1612 3392; x_wconf 88' lang='grc' dir='ltr'><strong>ΙΙ</strong></span> <span class='ocrx_word' id='word_1_1051' title='bbox 1638 3351 1677 3383; x_wconf 87' lang='lat'><strong>15</strong></span> <span class='ocrx_word' id='word_1_1052' title='bbox 1701 3350 1824 3383; x_wconf 85' lang='lat' dir='ltr'><strong>totiens</strong></span> <span class='ocrx_word' id='word_1_1053' title='bbox 1842 3349 1919 3394; x_wconf 68' lang='lat' dir='ltr'><strong>Ra!</strong></span> <span class='ocrx_word' id='word_1_1054' title='bbox 1952 3353 1993 3385; x_wconf 86' lang='lat'>16</span> <span class='ocrx_word' id='word_1_1055' title='bbox 2017 3350 2261 3393; x_wconf 82' lang='lat' dir='ltr'><strong>*legislationis</strong></span> <span class='ocrx_word' id='word_1_1056' title='bbox 2286 3352 2363 3385; x_wconf 83' lang='lat' dir='ltr'><strong>libri</strong></span> <span class='ocrx_word' id='word_1_1057' title='bbox 2391 3351 2405 3397; x_wconf 85' lang='grc' dir='ltr'><strong>ΙΙ</strong></span> 
     </span>
     <span class='ocr_line' id='line_1_83' title="bbox 1325 3393 2404 3441; baseline 0.001 -13"><span class='ocrx_word' id='word_1_1058' title='bbox 1325 3398 1363 3430; x_wconf 87' lang='grc'><strong>19</strong></span> <span class='ocrx_word' id='word_1_1059' title='bbox 1389 3394 1527 3428; x_wconf 88' lang='lat' dir='ltr'><strong>collecta</strong></span> <span class='ocrx_word' id='word_1_1060' title='bbox 1558 3394 1608 3427; x_wconf 86' lang='lat' dir='ltr'><strong>V¹</strong></span> <span class='ocrx_word' id='word_1_1061' title='bbox 1623 3393 1637 3438; x_wconf 84' lang='grc' dir='ltr'><strong>ΙΙ</strong></span> <span class='ocrx_word' id='word_1_1062' title='bbox 1663 3395 1706 3428; x_wconf 87' lang='grc'>20</span> <span class='ocrx_word' id='word_1_1063' title='bbox 1729 3394 1784 3437; x_wconf 89' lang='lat' dir='ltr'><strong>ad]</strong></span> <span class='ocrx_word' id='word_1_1064' title='bbox 1808 3406 1827 3428; x_wconf 90' lang='lat' dir='ltr'><strong>a</strong></span> <span class='ocrx_word' id='word_1_1065' title='bbox 1847 3396 1900 3429; x_wconf 70' lang='lat' dir='ltr'><strong>Ra</strong></span> <span class='ocrx_word' id='word_1_1066' title='bbox 1925 3394 1931 3440; x_wconf 73' lang='grc' dir='ltr'>Ι</span> <span class='ocrx_word' id='word_1_1067' title='bbox 1953 3395 2107 3439; x_wconf 84' lang='lat' dir='ltr'><strong>pluribus</strong></span> <span class='ocrx_word' id='word_1_1068' title='bbox 2139 3396 2174 3430; x_wconf 85' lang='lat' dir='ltr'><strong><em>V</em></strong></span> <span class='ocrx_word' id='word_1_1069' title='bbox 2195 3394 2209 3441; x_wconf 84' lang='grc' dir='ltr'><strong>ΙΙ</strong></span> <span class='ocrx_word' id='word_1_1070' title='bbox 2230 3397 2271 3431; x_wconf 85' lang='grc'><strong>21</strong></span> <span class='ocrx_word' id='word_1_1071' title='bbox 2297 3406 2404 3441; x_wconf 87' lang='lat' dir='ltr'><strong>quan-</strong></span> 
     </span>
     <span class='ocr_line' id='line_1_84' title="bbox 1322 3438 2403 3485; baseline 0.002 -12"><span class='ocrx_word' id='word_1_1072' title='bbox 1322 3441 1397 3473; x_wconf 88' lang='lat' dir='ltr'><strong>dam</strong></span> <span class='ocrx_word' id='word_1_1073' title='bbox 1416 3440 1464 3473; x_wconf 82' lang='lat' dir='ltr'><strong>R¹</strong></span> <span class='ocrx_word' id='word_1_1074' title='bbox 1480 3438 1493 3484; x_wconf 83' lang='grc' dir='ltr'><strong>ΙΙ</strong></span> <span class='ocrx_word' id='word_1_1075' title='bbox 1513 3441 1629 3481; x_wconf 87' lang='lat' dir='ltr'><strong>egente</strong></span> <span class='ocrx_word' id='word_1_1076' title='bbox 1652 3439 1703 3474; x_wconf 82' lang='lat' dir='ltr'><strong>R³</strong></span> <span class='ocrx_word' id='word_1_1077' title='bbox 1718 3440 1730 3484; x_wconf 76' lang='grc' dir='ltr'><strong>ΙΙ</strong></span> <span class='ocrx_word' id='word_1_1078' title='bbox 1749 3441 1987 3474; x_wconf 84' lang='lat' dir='ltr'><strong>correctionem</strong></span> <span class='ocrx_word' id='word_1_1079' title='bbox 2018 3441 2051 3474; x_wconf 90' lang='lat' dir='ltr'><strong><em>V</em></strong></span> <span class='ocrx_word' id='word_1_1080' title='bbox 2065 3440 2077 3485; x_wconf 78' lang='lat' dir='ltr'>ss</span> <span class='ocrx_word' id='word_1_1081' title='bbox 2101 3442 2144 3475; x_wconf 86' lang='lat'><strong>22</strong></span> <span class='ocrx_word' id='word_1_1082' title='bbox 2168 3444 2403 3475; x_wconf 82' lang='lat' dir='ltr'><strong>consonantem</strong></span> 
     </span>
     <span class='ocr_line' id='line_1_85' title="bbox 1320 3485 2403 3531; baseline 0.001 -12"><span class='ocrx_word' id='word_1_1083' title='bbox 1320 3485 1398 3530; x_wconf 60' lang='lat'>1321}</span> <span class='ocrx_word' id='word_1_1084' title='bbox 1417 3485 1587 3517; x_wconf 85' lang='lat' dir='ltr'><strong>declarans</strong></span> <span class='ocrx_word' id='word_1_1085' title='bbox 1610 3485 1709 3530; x_wconf 58' lang='lat' dir='ltr'><strong>vulq]</strong></span> <span class='ocrx_word' id='word_1_1086' title='bbox 1734 3485 1935 3519; x_wconf 86' lang='lat' dir='ltr'><strong>declaratam</strong></span> <span class='ocrx_word' id='word_1_1087' title='bbox 1957 3486 2065 3521; x_wconf 79' lang='lat' dir='ltr'><strong>RVY</strong></span> <span class='ocrx_word' id='word_1_1088' title='bbox 2087 3485 2099 3530; x_wconf 85' lang='grc' dir='ltr'><strong>ΙΙ</strong></span> <span class='ocrx_word' id='word_1_1089' title='bbox 2126 3488 2171 3521; x_wconf 86' lang='grc'>24</span> <span class='ocrx_word' id='word_1_1090' title='bbox 2190 3493 2267 3531; x_wconf 80' lang='lat' dir='ltr'><strong>post</strong></span> <span class='ocrx_word' id='word_1_1091' title='bbox 2288 3488 2403 3530; x_wconf 87' lang='lat' dir='ltr'><strong>itaque</strong></span> 
     </span>
     <span class='ocr_line' id='line_1_86' title="bbox 1321 3529 2403 3621; baseline 0.001 -11"><span class='ocrx_word' id='word_1_1092' title='bbox 1321 3532 1467 3621; x_wconf 45' lang='lat' dir='ltr'><strong>titis</strong></span> <span class='ocrx_word' id='word_1_1093' title='bbox 1486 3542 1695 3616; x_wconf 55' lang='lat' dir='ltr'><strong>&#39;&#39;fig‘ffimmii‘</strong></span> <span class='ocrx_word' id='word_1_1094' title='bbox 1715 3529 2075 3621; x_wconf 60' lang='lat' dir='ltr'><strong>‹‡{.²}=f‘1,²5.·5‚.²&#39;.³²„¹⁷2fl1</strong></span> <span class='ocrx_word' id='word_1_1095' title='bbox 2093 3531 2242 3611; x_wconf 58' lang='grc' dir='ltr'><strong>ῗῖἕξῗηῗ</strong></span> <span class='ocrx_word' id='word_1_1096' title='bbox 2265 3533 2403 3611; x_wconf 49' lang='lat' dir='ltr'><strong>iiiiii}</strong></span> 
     </span>
     <span class='ocr_line' id='line_1_87' title="bbox 1322 3620 2403 3667; baseline 0.002 -12"><span class='ocrx_word' id='word_1_1097' title='bbox 1322 3622 1355 3655; x_wconf 89' lang='lat' dir='ltr'><em>R</em></span> <span class='ocrx_word' id='word_1_1098' title='bbox 1385 3621 1398 3665; x_wconf 77' lang='grc' dir='ltr'><strong>ΙΙ</strong></span> <span class='ocrx_word' id='word_1_1099' title='bbox 1432 3621 1474 3654; x_wconf 86' lang='grc'>29</span> <span class='ocrx_word' id='word_1_1100' title='bbox 1499 3620 1652 3654; x_wconf 86' lang='lat' dir='ltr'><strong>omnibus</strong></span> <span class='ocrx_word' id='word_1_1101' title='bbox 1675 3621 1709 3655; x_wconf 79' lang='lat' dir='ltr'><em>R</em></span> <span class='ocrx_word' id='word_1_1102' title='bbox 1731 3620 1744 3666; x_wconf 82' lang='grc' dir='ltr'><strong>ΙΙ</strong></span> <span class='ocrx_word' id='word_1_1103' title='bbox 1778 3623 1821 3655; x_wconf 89' lang='grc'><strong>30</strong></span> <span class='ocrx_word' id='word_1_1104' title='bbox 1844 3622 1895 3662; x_wconf 86' lang='lat' dir='ltr'><strong>ut]</strong></span> <span class='ocrx_word' id='word_1_1105' title='bbox 1918 3623 1977 3654; x_wconf 85' lang='lat' dir='ltr'><strong>aut</strong></span> <span class='ocrx_word' id='word_1_1106' title='bbox 1999 3621 2053 3655; x_wconf 79' lang='lat' dir='ltr'><strong>R⁰</strong></span> <span class='ocrx_word' id='word_1_1107' title='bbox 2086 3621 2100 3667; x_wconf 78' lang='grc' dir='ltr'><strong>ΙΙ</strong></span> <span class='ocrx_word' id='word_1_1108' title='bbox 2132 3624 2172 3657; x_wconf 88' lang='lat'><strong>31</strong></span> <span class='ocrx_word' id='word_1_1109' title='bbox 2195 3623 2403 3657; x_wconf 85' lang='lat' dir='ltr'><strong>matrimonis</strong></span> 
     </span>
     <span class='ocr_line' id='line_1_88' title="bbox 1323 3665 2402 3747; baseline 0.003 -47"><span class='ocrx_word' id='word_1_1110' title='bbox 1323 3666 1383 3747; x_wconf 48' lang='lat' dir='ltr'><strong>{gl}</strong></span> <span class='ocrx_word' id='word_1_1111' title='bbox 1402 3667 1446 3743; x_wconf 60' lang='lat' dir='ltr'><strong>3t4</strong></span> <span class='ocrx_word' id='word_1_1112' title='bbox 1469 3667 1585 3746; x_wconf 78' lang='lat' dir='ltr'><strong>rubr.R</strong></span> <span class='ocrx_word' id='word_1_1113' title='bbox 1580 3666 1630 3732; x_wconf 59' lang='lat'><strong>130</strong></span> <span class='ocrx_word' id='word_1_1114' title='bbox 1653 3665 1811 3700; x_wconf 82' lang='lat' dir='ltr'><strong>diuortiis</strong></span> <span class='ocrx_word' id='word_1_1115' title='bbox 1832 3665 1920 3700; x_wconf 80' lang='lat' dir='ltr'><strong>bona</strong></span> <span class='ocrx_word' id='word_1_1116' title='bbox 1943 3667 2053 3710; x_wconf 81' lang='lat' dir='ltr'><strong>gratia</strong></span> <span class='ocrx_word' id='word_1_1117' title='bbox 2074 3667 2232 3703; x_wconf 74' lang='lat' dir='ltr'><strong>satiandis</strong></span> <span class='ocrx_word' id='word_1_1118' title='bbox 2255 3669 2289 3703; x_wconf 81' lang='lat' dir='ltr'><strong><em>R</em></strong></span> <span class='ocrx_word' id='word_1_1119' title='bbox 2304 3682 2366 3714; x_wconf 73' lang='lat' dir='ltr'><strong>my.</strong></span> <span class='ocrx_word' id='word_1_1120' title='bbox 2390 3667 2402 3712; x_wconf 88' lang='grc' dir='ltr'>Η</span> 
     </span>
    </p>

    <p class='ocr_par' dir='ltr' id='par_1_24' title="bbox 1389 3721 1530 3754">
     <span class='ocr_line' id='line_1_89' title="bbox 1389 3721 1530 3754; baseline 0.007 -11"><span class='ocrx_word' id='word_1_1121' title='bbox 1389 3722 1412 3743; x_wconf 93' lang='lat' dir='ltr'><strong>u</strong></span> <span class='ocrx_word' id='word_1_1122' title='bbox 1429 3721 1530 3754; x_wconf 88' lang='lat' dir='ltr'><strong>erque</strong></span> 
     </span>
    </p>
   </div>
  </div>
 </body>
</html>
