2618 4010
159 145 161 147 ·
191 127 302 159 FILII
331 121 631 158 EFFIGIUNTUR
659 125 863 157 LEGI'rmn

191 230 265 263 τοῖς
345 229 434 261 σίοις
449 223 775 271 συναριθμοῦνται,
797 222 892 259 διότι
908 229 967 259 καὶ
983 224 1162 274 πρόφασις
1177 221 1268 261 ὅλως

194 270 280 309 αὐτο
296 284 311 308 ς
347 272 416 310 εἰσὶ
454 271 516 313 τῆς
549 267 758 317 γεννήσεως.
816 266 913 304 Ἀλλ’
950 273 1030 315 ἔσχε
1068 274 1128 306 καὶ
1167 262 1269 306 οὗτος

193 315 452 364 ἐπανόρθωσιν
483 313 502 350 ὁ
534 313 652 360 νόμος.
699 313 825 359 ἐπειδὴ
857 315 927 363 γὰρ
962 317 999 351 οἱ
1034 315 1196 364 δεύτεροί
1227 328 1268 351 τε

192 367 252 398 καὶ
283 360 374 408 μετὰ
405 359 452 396 τὰ
486 362 653 407 προικῷα
688 361 880 404 τεχθέντες
907 359 1154 406 ἐτελεύτησαν,
1191 361 1270 396 εἶτα

193 409 313 453 ἠξίουν
330 408 424 442 τιν’ἑς
447 409 574 451 μηκέτι
590 404 672 441 τοὺς
687 409 879 454 προτέρους
900 403 972 442 ὑπὸ
992 409 1070 442 τῶν
1089 406 1269 454 δευτέρων

193 452 255 489 σῦκ
286 451 406 487 ὅντων
436 451 682 496 βοηθεῖσθαι,
715 455 775 487 καὶ
799 453 906 487 τοῦτο
930 451 1268 501 ἐπηνωρθώσαμεν,

191 501 251 534 καὶ
273 495 483 542 δεδώκαμεν
508 494 627 531 αὐτοῖς
655 500 715 531 καὶ
739 494 845 541 οὕτω,
875 495 944 533 κᾶν
966 499 998 532 εἰ
1020 497 1269 542 τετελευτήκα-

192 554 251 578 σιν
274 541 311 577 οἱ
332 539 491 589 δεύτεροι
513 541 696 590 γεγονότες
718 540 870 589 ἀδελφοί
878 571 886 586 ,
919 544 961 578 τὸ
986 541 1141 589 νόμιμον
1164 546 1269 587 ἔχειν,

191 586 331 623 κάκεῖνο
354 588 572 634 προςθέντες
603 586 741 643 (ἐπειδὴ
763 592 822 622 καὶ
853 589 969 643 τοῦτοι
982 586 1269 634 ἦμφισβητὴθη),

1274 75 1356 158 371

2016 111 2123 155 Nov.
2156 110 2332 153 LXXIV
2363 98 2420 165 pr.

1334 225 1386 261 illi
1410 224 1484 261 suis
1509 226 1821 267 connumerentur,
1846 233 1888 260 eo
1937 223 2009 260 uod
2032 223 2176 260 occasio
2200 221 2343 259 omnino
2367 221 2420 258 eis

1337 273 1423 307 sunt
1458 270 1560 307 nasci
1593 269 1639 313 [le
1664 269 1796 312 'timis].
1858 269 1904 305 Se
1960 269 2086 305 habuit
2123 269 2227 304 etiam
2262 268 2333 303 ista
2362 266 2420 302 lex

1338 315 1606 352 correctionem.
1675 325 1732 351 am
1749 314 1844 360 quod
1869 315 2018 351 secundi
2041 318 2076 350 et
2094 317 2178 360 post
2202 313 2320 350 dotem
2343 312 2420 348 nati

1336 362 1469 398 mortui
1485 365 1579 405 sunt,
1603 361 1684 397 ideo
1699 360 1865 397 volebant
1882 361 2024 406 quidam
2040 358 2419 412 nequaquam-priores

1306 410 1360 443 5a
1383 417 1457 443 non
1481 406 1715 444 existentibus
1739 406 1914 442 adiuvari:
1945 409 1981 442 et
2004 406 2074 441 hoc
2099 406 2359 442 emendawmus
2384 407 2420 439 et

1337 453 1496 489 dedimus
1522 453 1572 489 eis
1597 453 1704 488 etiam
1727 452 1790 495 sic,
1815 452 1870 488 vel
1894 452 1924 488 si
1941 451 2071 492 mortui
2096 451 2176 494 [sui]
2202 453 2286 486 sunt
2305 450 2342 485 hi
2359 449 2420 494 qui

1340 498 1488 535 secundi
1511 498 1658 534 fuerunt
1676 497 1826 541 fratres,
1862 497 1997 533 habere
2020 497 2100 532 iura
2122 496 2296 540 legitima,
2330 493 2419 532 illud

1339 555 1479 590 quoque
1495 543 1699 586 adicientes,
1725 542 1891 589 quoniam
1916 544 1952 578 et
1971 542 2040 578 hoc
2064 541 2265 578 dubitatum
2290 544 2355 584 est,
2379 543 2420 575 ut

1338 591 1392 625 vel
1417 590 1447 625 si
1471 589 1581 634 aliqui
1602 589 1667 623 filii
1690 590 1773 634 post
1790 588 1924 624 dotalia
1940 597 2014 623 non
2030 588 2236 629 nascantur,
2262 587 2419 621 attamen

193 629 240 667 ὠς
262 631 330 667 κᾶν
353 633 389 667 εἴ
413 645 506 668 τινες
535 647 626 677 μετα
655 647 701 668 τα
733 635 899 687 προικῷα
926 648 975 687 ew
999 637 1164 682 γένοιντο
1188 637 1269 669 παῖ·
1284 637 1325 668 10
1338 634 1605 680 praecedentes,
1630 634 1714 669 licet
1737 636 1820 669 ante
1842 632 1976 669 dotalia
2000 632 2076 667 nati
2097 635 2191 675 sunt,
2216 631 2311 668 inter
2334 641 2418 668 suos

191 676 263 722 δες,
300 675 381 713 ἀλλ’
414 672 479 713 οὖν
509 678 591 713 τοὺς
622 678 883 726 προειληφοτας
918 692 985 714 καν
1019 680 1050 713 εἰ
1085 678 1157 726 πρὸ
1191 680 1270 713 τῶν

190 722 387 771 προικιρων
410 725 615 767 ἐτέχθησαν
638 727 711 759 τοῖς
733 728 891 772 γνησίοις
915 722 1179 782 ἐγγράφεσθαι,
1204 725 1269 758 τοῦ

189 771 210 805 1
256 767 394 823 πατρὸς
417 766 508 804 ὅλως
540 770 588 804 εἰς
609 771 718 804 τοῦτο
742 767 976 818 ὁρμηθέντος.
1022 767 1118 804 Αλλ’
1147 767 1270 815 ἕτερόν

189 827 226 848 τι
254 827 422 849 τοιουτον
459 813 680 859 ἀπήντησεν.
735 817 791 868 ἐκ-
802 813 871 870 γὰρ
905 812 950 858 δὴ
981 812 1148 857 τοιαύτης
1188 826 1268 848 συν-

1338 679 1480 722 ascribi‚
1505 682 1609 725 patre
1632 680 1764 724 quippe
1787 678 1835 714 ad
1857 678 1927 714 hoc
1950 677 2156 713 festinante.

1337 772 1356 806 1
1404 769 1474 805 Sed
1498 769 1596 805 aliud
1623 768 1791 814 quiddam
1814 768 1887 803 tale
1910 767 2079 803 occurrit.
2127 768 2185 802 Ex
2216 765 2420 802 huiusmodi

1337 824 1490 859 namque
1519 813 1779 850 consuetudine
1807 813 1884 848 nati
1915 812 1978 848 filii
2003 815 2105 848 erant
2128 812 2254 854 alicui,
2292 813 2330 846 at
2359 811 2419 846 ille

188 859 320 903 ηθείας
346 860 535 907 γενόμενοι
566 859 691 896 παῖδες
721 859 881 904 ὑπηρχον
907 872 999 903 τινι,
1021 857 1052 915 ’ὁ
1078 858 1118 894 δὲ
1143 857 1269 894 αὐτοὺς
1284 861 1324 893 15
1337 870 1398 896 eos
1416 859 1560 895 volebat
1583 869 1605 894 a
1629 858 1733 895 nobis
1759 858 1948 895 adinvento
1972 858 2077 894 modo
2102 858 2220 893 facere
2245 866 2328 893 suos
2352 867 2417 891 nu-

190 903 362 949 ἠβούλετο
386 907 439 950 τῷ
465 903 555 950 παρ’
579 902 683 950 ἡμῶν
706 905 944 947 ἐπινοηθέντι
966 918 1093 951 τροπῳ
1119 906 1268 948 ποιῆσαι

189 954 354 997 γνησίους
383 953 429 998 τῇ
452 953 530 986 τῶν
557 952 724 998 γαμικῶν
748 947 889 994 ποιήσει
913 950 1157 996 συμβολαίων,
1186 953 1268 995 βου-

191 995 367 1040 λευομένῳ
393 996 432 1031 δὲ
463 997 579 1031 ταῦτα
608 997 661 1040 τῷ
694 999 806 1041 πατρὶ
836 994 1088 1039 τετελεύτηκεν
1118 993 1140 1039 ἡ
1168 992 1267 1043 γυνή,

190 1044 249 1096 καὶ
274 1038 293 1075 ὁ
316 1040 598 1096 τῆςιδιατάξεως
628 1039 740 1076 αὐτὸν
763 1039 911 1077 ἐπέλιπε
934 1040 1085 1087 τρόπος·
1128 1038 1169 1076 οὗ
1199 1039 1267 1087 γὰρ

1337 906 1500 950 ptialium
1525 904 1751 941 confectione
1776 904 2086 944 documentorum
2113 903 2332 939 deliberante
2356 911 2418 936 au-

1337 955 1407 986 tem
1442 951 1534 986 haec
1561 954 1663 995 patre
1691 953 1832 985 mortua
1865 953 1919 986 est
1948 949 2073 985 mulier
2096 953 2132 985 et
2157 947 2419 985 constitutionis

1338 1007 1418 1032 eum
1443 996 1600 1032 deseruit
1623 996 1767 1031 modus:
1798 1006 1871 1031 non
1896 995 1988 1031 enim
2012 998 2090 1031 erat
2112 994 2159 1030 ad
2183 1004 2289 1040 quam
2313 1003 2418 1038 opor-

1336 1044 1429 1077 teret
1451 1053 1500 1077 nu
1527 1042 1612 1077 tiale
1637 1041 1766 1077 confici
1791 1040 2052 1083 documentum,
2077 1043 2113 1076 et
2137 1040 2319 1075 naturales
2343 1047 2418 1074 ma-

190 1100 234 1130 ην
266 1098 355 1134 προς
384 1084 514 1131 η’ντινα
542 1085 615 1122 ἔδει
644 1086 798 1134 γαμικὸν
829 1086 1004 1141 σύντάξαι
1034 1084 1266 1131 συμβόλαιον,
1282 1088 1323 1120 20
1337 1088 1469 1124 nebant
1519 1087 1555 1122 lii
1583 1087 1693 1123 invito
1718 1090 1830 1132 patre.
1878 1087 1928 1122 Et
1957 1085 2124 1132 quiddam
2156 1086 2260 1121 etiam
2292 1094 2418 1121 secun-

190 1135 251 1166 καὶ
285 1132 396 1167 νόθοι
428 1135 598 1178 μένουσιν
631 1132 668 1167 οἱ
697 1130 822 1167 παῖδες
854 1144 1002 1167 ακοντος
1031 1134 1094 1167 τοῦ
1120 1130 1267 1179 πατρός.

192 1180 268 1211 Καί
296 1190 333 1212 τι
359 1181 420 1212 καὶ
448 1176 613 1224 δεύτερον
643 1176 774 1221 ἀνέστη
806 1179 972 1212 τοιοῦτον
1004 1176 1066 1214 ἐπ’
1092 1174 1269 1225 ἀνδράσιν

191 1220 274 1257 οὐδὲ
291 1220 490 1269 ἀγνώστοις
510 1221 606 1267 ἡμῖν.
645 1221 950 1267 ἐπαιδοποιήσατο
974 1225 1042 1268 μὲν
1065 1220 1131 1269 γάρ
1150 1234 1204 1257 τις
1227 1220 1266 1256 οὐ

189 1271 365 1314 νομίμως,
396 1271 457 1303 καὶ
486 1268 568 1303 τούς
597 1270 665 1313 μὲν
696 1266 828 1304 παῖδας
851 1265 1069 1325 ὑπερηγὸξπα
1100 1272 1160 1303 καὶ
1183 1281 1268 1316 γνη-

1338 1133 1421 1170 dum
1441 1134 1514 1169 tale
1539 1134 1702 1168 exortum
1727 1135 1781 1168 est
1801 1132 1899 1178 apud
1917 1132 2012 1168 viros
2037 1141 2152 1178 neque
2181 1129 2288 1165 nobis
2317 1128 2417 1182 inco·
2460 1148 2463 1150 v

1337 1178 1468 1222 gnitos.
1490 1179 1699 1214 Procreavit
1723 1177 1854 1214 etenim
1875 1177 2016 1223 quidam
2041 1177 2134 1213 filios
2158 1186 2231 1212 non
2252 1175 2418 1220 legitime,

1337 1227 1373 1260 et
1396 1224 1489 1261 filios
1509 1223 1649 1270 quidem
1673 1223 1875 1269 ultraquam
1900 1223 2069 1268 diligebat
2092 1226 2128 1259 et
2151 1220 2326 1267 legitimos
2351 1219 2420 1255 sibi

1337 1270 1415 1306 fieri
1439 1270 1636 1307 secundum
1660 1269 1772 1315 legem
1795 1269 1953 1311 volebat,
1985 1279 2028 1311 ea
2059 1270 2180 1314 autem
2212 1276 2304 1313 quae
2335 1267 2421 1301 sunt

190 1317 286 1348 σίους
314 1311 413 1357 αὐτῷ
443 1314 638 1369 γενέσθοιιγ
648 1313 740 1369 κατα
770 1313 837 1349 τὸν
860 1327 974 1359 νυμον
998 1312 1189 1370 ηρούλετο,
1221 1313 1269 1348 τὰ
1282 1315 1324 1348 25
1338 1315 1494 1352 mulieris
1518 1326 1590 1352 non
1614 1317 1718 1351 erant
1750 1314 1894 1351 omnino
1926 1313 2003 1350 sine
2026 1317 2197 1360 peccato,
2229 1321 2344 1358 neque
2368 1310 2418 1346 di-

190 1356 230 1392 δὲ
251 1359 313 1402 τῆς
378 1371 499 1394 ναικος
530 1372 594 1393 ουκ
617 1372 661 1402 ην
684 1360 784 1403 αυτῷ
810 1359 997 1395 παντελῶς
1020 1358 1267 1406 αναμάρτητα,

189 1402 272 1437 οὐδὲ
295 1371 401 1445 ἀξὶίὲν
426 1401 537 1448 αὐτὴν
560 1402 678 1451 ἡγεῖτο
701 1408 854 1450 νομίμου
878 1404 976 1441 τινὸς
1001 1402 1177 1450 ὀνόματος
1201 1403 1267 1448 τήν

187 1462 228 1501 χε
262 1449 393 1494 ἑαυτὴν
426 1448 632 1504 ὑβρίῖσασαν
671 1447 784 1498 (ἀρκεῖ
815 1452 883 1497 γὰρ
918 1452 1094 1486 τοσοῦτον
1129 1451 1265 1493 εἰπεῖν).

135 1497 139 1500 ”
189 1505 278 1528 ωςτε
300 1492 461 1549 δεύτερος
484 1507 585 1530 ουτος
603 1493 737 1542 τρόπος
757 1494 775 1530 ὁ
796 1494 879 1531 τοὺς
902 1494 1033 1531 παῖδας
1053 1494 1203 1539 ἀδικῶν,
1229 1497 1268 1530 ἑν

1337 1371 1442 1407 gnam
1466 1370 1545 1397 eam
1570 1360 1769 1396 aestimavit
1791 1360 1947 1406 legitimo
1973 1360 2127 1404 quodam
2150 1358 2304 1402 nomine,
2330 1366 2420 1402 quae

1338 1407 1445 1443 etiam
1469 1409 1581 1443 semet
1595 1407 1710 1452 ipsam
1728 1406 1961 1442 iniuriaverat
1979 1404 2127 1450 (sufficit
2146 1404 2238 1440 enim
2255 1403 2325 1439 hoc
2341 1406 2420 1440 tan-

1336 1457 1412 1488 tum
1443 1453 1584 1496 dicere).
1633 1452 1859 1498 Quapropter
1894 1450 2073 1487 secundus
2109 1451 2176 1486 iste
2210 1448 2336 1485 modus
2368 1451 2422 1483 est

1338 1499 1398 1544 qui
1421 1498 1514 1534 filios
1537 1502 1673 1543 gravat,
1696 1498 1734 1533 in
1749 1497 1861 1543 priori
1877 1496 2018 1543 quidem
2037 1497 2267 1542 per'mortem
2285 1493 2420 1535 matris,

187 1541 253 1583 μὲν
277 1537 321 1583 δὴ
343 1553 396 1583 τῳ
422 1543 586 1589 προτέρῳ
611 1539 755 1596 διὰῗτῆς
778 1540 941 1585 τελευτῆς
964 1543 1025 1585 τῆς
1047 1539 1195 1597 μητρός,
1227 1543 1268 1575 ἐν
1281 1543 1323 1576 30
1336 1544 1374 1579 in
1399 1543 1557 1580 secundo
1582 1554 1664 1579 vero
1689 1553 1753 1589 per
1777 1543 1814 1579 id
1838 1542 1934 1588 quod
1957 1542 2021 1577 illa
2043 1541 2217 1588 peccavit.

187 1585 211 1619 2
259 1583 298 1619 δὲ
320 1587 373 1629 τῷ
400 1584 553 1633 δευτέρῳ
585 1583 637 1620 δι’
666 1600 719 1621 ων
749 1584 948 1634 ἐξήμαρτεν
972 1590 1098 1631 ἐκείνη.
1160 1589 1268 1632 Ισμεν

188 1628 228 1663 δὲ
256 1634 318 1664 καί
346 1643 382 1665 τι
405 1635 530 1677 τρίτον
562 1633 686 1679 ἕτερον
709 1633 872 1676 κινηθέν.
922 1630 940 1667 ὁ
965 1635 1032 1678 μὲν
1054 1632 1122 1681 γὰρ
1147 1632 1267 1677 πατὴρ

186 1679 349 1723 γνησίους
379 1673 551 1721 ἠβούλετο
580 1679 730 1721 ποιῆσαι
761 1677 843 1713 τούς
873 1676 1006 1714 παῖδας
1035 1681 1095 1712 καὶ
1129 1677 1175 1713 τὰ
1207 1679 1268 1713 ἐπὶ

186 1725 259 1756 τοῖς
291 1720 482 1769 προικῴοις
513 1723 820 1767 νομοθετηθέντα
851 1722 944 1771 παρ’
977 1722 1082 1768 ἡμῶν
1112 1723 1267 1765 ἐσκόπει,

1337 1590 1360 1626 2
1408 1589 1579 1626 Novimus
1611 1591 1731 1625 autem
1763 1589 1871 1624 etiam
1905 1588 2082 1641 quoddam
2106 1587 2248 1622 tertium
2273 1588 2441 1620 motum„

1336 1636 1444 1671 Pater
1473 1645 1628 1679 namque
1658 1634 1801 1670 volebat
1832 1633 2007 1679 legitimos
2037 1632 2158 1669 facere
2188 1631 2280 1667 filios
2313 1631 2350 1684 et
2376 1630 2422 1665 ad
2461 1648 2464 1651 >

1337 1691 1380 1716 ea
1398 1691 1489 1726 quae
1514 1681 1558 1716 de
1583 1680 1725 1716 dotibus
1751 1680 1890 1716 sancita
1911 1682 1996 1715 sunt
2020 1689 2042 1714 a
2066 1678 2168 1714 nobis
2194 1676 2421 1722 respiciebat,

1336 1727 1400 1762 filii
1424 1737 1506 1762 vero
1532 1726 1728 1762 sentientes
1754 1725 1921 1770 quoniam
1943 1724 2118 1770 quaedam
2150 1723 2333 1769 inopinate
2362 1731 2420 1757 ve-

186 1766 223 1802 οἱ
250 1770 376 1812 μέντοι
407 1766 531 1803 παῖδες
563 1766 777 1814 αἰσθόμενοι
808 1770 962 1812 τούτων,
997 1767 1191 1812 ἐπειδήπερ
1215 1781 1268 1803 τις
1281 1771 1323 1805 35
1337 1772 1474 1808 nissent
1491 1772 1538 1808 ad
1555 1774 1704 1807 matrem
1720 1781 1844 1808 eorum
1860 1771 1956 1815 (licet
1977 1780 2123 1806 uxorem
2141 1780 2215 1805 non
2231 1767 2421 1813 legitimam

187 1811 403 1870 παραδόξως
433 1807 548 1869 ἦλθεν
578 1814 626 1849 εἰς
653 1813 721 1870 τὴν
743 1815 919 1861 τεκοῦσαν
944 1812 1072 1850 αὐτοὺς
1096 1817 1268 1861 (καίτοιγε

115 1892 119 1896 ,
187 1870 227 1892 ου
258 1871 414 1903 νομιμον
446 1861 545 1903 αυτῷ
576 1873 737 1914 γαμετην
767 1862 892 1914 οέισαν)
924 1860 1024 1907 παρά
1054 1872 1152 1896 τινος
1183 1871 1266 1915 συγ-

186 1905 310 1950 γενοῦς
336 1901 505 1951 εὐπορία,
536 1917 742 1953 κακουργως
773 1920 849 1952 αμα
877 1909 938 1940 καὶ
962 1904 1116 1953 δολερῶς
1155 1917 1268 1952 πρατ-

187 1961 310 1984 τοντες
341 1950 409 2004 την
437 1953 574 1996 μητέρα
604 1948 738 2006 ἀπέκρυ
772 1965 829 1995 αν,
862 1952 923 1986 ἵνα
953 1950 1003 1997 μὴ
1030 1954 1179 2007 γένηται
1210 1949 1268 1986 δυ-

187 1995 301 2030 νατὸν
336 2008 389 2039 τῳ
425 1999 536 2042 πατρὶ
572 2008 730 2051 ποιησασ
764 2010 813 2051 αι..
838 2001 1004 2045 γνησίους
1043 2009 1171 2053 aurove
1210 2000 1269 2031 καὶ
1282 2000 1326 2033 40

188 2039 408 2096 τελευτώσης
431 2041 517 2076 ἴσως
536 2044 598 2085 τῆς
615 2054 748 2089 μητρος
771 2054 833 2086 της
857 2044 935 2078 τῶν
954 2056 1137 2088 μητρῳων
1157 2055 1271 2091 πραγ-

187 2084 317 2129 μάτων
338 2085 543 2121 απολαῦσαι
565 2086 739 2135 χρήσεως,
771 2089 878 2122 τοῦτο
902 2084 991 2136 ὅπερ
1015 2090 1089 2123 τοῖς
1112 2087 1271 2136 πατράσι

1337 1818 1558 1862 existentem)
1581 1827 1603 1853 a
1619 1817 1773 1863 quodam
1797 1819 1949 1862 cognato
1971 1815 2123 1860 divitiae,
2149 1814 2302 1859 maligne
2319 1813 2422 1849 simul

1336 1866 1374 1900 et
1398 1864 1521 1900 dolose
1544 1866 1689 1908 agentes
1714 1865 1866 1899 matrem
1889 1862 2177 1904 occultaverunt,
2216 1869 2262 1896 ne
2282 1869 2342 1895 eos
2367 1858 2421 1893 fa-

1338 1919 1419 1945 cere
1443 1909 1616 1954 legitimos
1642 1912 1737 1945 esset
1760 1908 1856 1954 patri
1876 1907 2047 1954 possibile
2072 1910 2108 1943 et
2131 1906 2305 1942 moriente
2331 1904 2424 1940 forte

1337 1958 1451 1992 matre
1473 1958 1716 1992 maternarum
1746 1964 1866 1991 rerum
1897 1953 2078 1990 frueretur
2109 1952 2321 1994 usufructu,
2355 1950 2424 1985 hoc

190 2224 277 2304 {gaia
301 2233 445 2258 causam
473 2222 629 2273 omnino.
649 2222 723 2257 illis
746 2222 1013 2269 praestiterunt
1032 2225 1073 2257 ut
1095 2227 1341 2259 nascerentur.
1390 2221 1465 2258 Sed
1490 2222 1580 2258 baec
1604 2233 1749 2268 quoque
1774 2222 1837 2258 lex
1860 2223 2110 2259 emendatione
2144 2223 2330 2270 impertita
2359 2227 2424 2259 est.

229 2269 335 2304 tenim
358 2267 542 2312 defunctis
555 2266 650 2319 filiis
670 2266 836 2302 secundis
859 2267 920 2312 qui
940 2271 1029 2313 post
1052 2267 1192 2303 dotalia
1214 2269 1453 2303 instrumenta
1476 2268 1554 2303 nati
1577 2271 1663 2303 sunt
1686 2277 1765 2303 cum
1787 2267 1935 2314 quidam.
1956 2268 2102 2314 priores
2121 2278 2144 2303 a
2162 2268 2330 2304 secundis
2349 2280 2424 2304 non

189 2312 444 2360 superstitibus
459 2323 533 2348 non
548 2322 621 2347 iam
636 2312 755 2349 iuvari
779 2311 919 2354 vellent,
945 2311 1015 2347 Ιιοο
1031 2322 1175 2359 quoque
1198 2312 1463 2349 emendavimus
1487 2313 1511 2348 it

189 2370 252 2441 guz
276 2357 425 2394 secundi
447 2358 528 2393 nati
548 2361 656 2393 erant
683 2358 846 2403 fratreS,
882 2356 1124 2404 leqitimorum
1146 2358 1205 2394 ius
1229 2357 1406 2400 habeant‚·
1446 2357 1512 2393 illu

1513 2323 1602 2393 fflue
1625 2312 1733 2348 etiam
1757 2312 1810 2347 sic
1831 2312 2005 2356 dedimus,
2028 2316 2069 2349 ut
2083 2314 2150 2349 etsi
2170 2314 2336 2360 defuncti
2349 2314 2426 2349 sint

1569 2368 1715 2410 quoque
1744 2357 1948 2394 addidimus
1971 2358 2157 2411 (quoniam
2184 2359 2292 2395 etiam
2315 2359 2360 2395 de
2379 2370 2423 2395 eo

215 2405 389 2442 ubitatum
407 2405 512 2446 erat),
535 2406 578 2439 ut
599 2402 665 2439 etsi
679 2406 770 2450 post
788 2402 928 2439 dotalia
950 2403 1188 2439 instrumenta
1211 2403 1302 2439 nulli
1325 2403 1429 2439 liberi
1451 2403 1530 2438 nati
1553 2407 1636 2446 sint,
1662 2405 1782 2439 tamen
1803 2403 1950 2450 priores
1971 2403 2053 2439 licet
2076 2407 2160 2440 ante
2181 2404 2322 2440 dotalia
2345 2405 2424 2440 nati

189 2452 211 2487 1
257 2449 425 2496 leqitimis
449 2448 722 2501 adscribantur,
745 2448 890 2502 ‘quippe
914 2458 994 2483 cum
1014 2452 1125 2495 pater
1147 2449 1293 2484 omnino
1317 2448 1366 2490 ad
1389 2447 1458 2483 Ιιοο
1480 2448 1719 2494 festinaverit.

1812 2447 1887 2485 Sed
1917 2448 2020 2485 aliud
2049 2449 2140 2495 quid
2161 2449 2338 2486 eiusmodi
2361 2460 2422 2486 ac-

189 2495 287 2532 cidit.
333 2494 429 2530 Nam
452 2505 502 2530 ex
525 2505 602 2529 etus
650 2505 768 2530 eneris
790 2493 1047 2529 consuetudine
1070 2498 1176 2530 erant
1199 2494 1302 2530 liberi
1326 2493 1439 2529 alicui
1458 2494 1548 2537 nati,
1572 2494 1633 2530 ille
1651 2499 1771 2529 autem
1795 2505 1858 2530 eos
1877 2494 2020 2530 ratione
2042 2505 2066 2529 a
2085 2494 2191 2531 nobis
2209 2495 2422 2542 excoqitata

190 2541 367 2588 leqitimos
381 2539 529 2586 efficere
545 2539 622 2576 vole
645 2543 686 2575 at
699 2539 915 2586 nuptialium
930 2539 1249 2575 instrumentorum
1266 2539 1512 2592 confectione:
1537 2539 1640 2586 atqui
1662 2538 1746 2574 dum
1763 2544 1876 2586 pater
1892 2539 1980 2576 baec
2000 2542 2115 2576 mente
2135 2540 2254 2588 aqitat
2272 2541 2424 2578 decessit

189 2586 328 2630 mulier,
352 2589 388 2622 et
410 2585 675 2621 constitutionis
697 2585 793 2620 ratio
817 2595 897 2621 eum
921 2583 1104 2621 destituit:
1139 2595 1255 2631 neque
1277 2595 1372 2621 enim
1402 2588 1483 2620 erat
1513 2596 1592 2621 cum
1624 2596 1697 2631 qua
1721 2596 1769 2620 nu
1800 2585 1885 2621 tiale
1907 2586 2182 2622 instrumentum
2206 2597 2423 2640 componere

190 2632 323 2675 liceret,
347 2634 382 2668 et
397 2630 584 2666 naturales
606 2629 799 2666 manebant
821 2630 926 2666 liberi
947 2630 1058 2666 invito
1076 2634 1246 2677 parente.
1294 2631 1411 2676 Atque
1439 2630 1546 2666 etiam
1570 2630 1674 2666 aliud
1696 2596 1796 2678 quui,
1806 2631 1984 2667 eiusmodi
2005 2634 2176 2667 exortum
2197 2635 2252 2668 est
2274 2643 2312 2668 m
2336 2633 2423 2670 viris

188 2677 290 2713 nobis
312 2676 412 2713 haud
434 2676 581 2730 iqnotis.
629 2675 774 2711 Etenim
792 2675 922 2712 liberos
938 2675 993 2724 ali
1017 2676 1074 2711 uis
1089 2686 1162 2712 non
1179 2675 1336 2722 leqitime
1344 2676 1569 2723 procreavit,
1595 2679 1704 2722 atque
1720 2675 1804 2712 illos
1820 2676 1964 2723 quidem
1980 2676 2173 2713 admodum
2194 2677 2371 2725 diliqebat
2389 2682 2424 2714 et

189 2723 367 2770 legitimos
389 2721 456 2758 sibz
476 2721 560 2767 fieri
581 2720 779 2757 secundum
803 2721 915 2768 leqem
939 2732 983 2757 vo
999 2721 1093 2764 ebat,
1117 2721 1279 2757 mulieris
1298 2726 1417 2757 autem
1439 2732 1500 2757 res
1517 2722 1655 2773 probro
1680 2732 1755 2757 non
1778 2723 1924 2758 omnino
1949 2722 2122 2758 carebant
2144 2733 2260 2770 neque
2275 2723 2422 2771 diqnam

187 2779 267 2804 eam
283 2766 517 2805 existimabat
532 2766 692 2814 leqitimo
709 2766 835 2813 aliquo
851 2766 1005 2810 nomine,
1026 2767 1162 2814 quippe
1178 2778 1272 2813 quae
1286 2766 1356 2802 sibi
1371 2767 1454 2813 ipsa
1470 2767 1643 2802 iniuriam
1656 2767 1807 2813 fecisset
1822 2767 1977 2813 (sufficit
1992 2768 2085 2803 enim
2104 2771 2243 2805 tantum
2259 2768 2420 2813 dixisse).

187 2813 320 2860 Itaque
349 2812 444 2849 alter
470 2811 528 2848 bic
559 2811 688 2848 modus
719 2816 775 2848 est
804 2823 877 2865 quo
903 2812 1009 2848 liberi
1030 2813 1163 2848 damno
1187 2812 1415 2858 afficiantur,
1446 2822 1573 2859 nempe
1596 2815 1637 2847 ut
1652 2812 1784 2859 priore
1806 2824 1880 2860 per
1901 2817 2052 2849 mortem
2075 2814 2204 2850 matris
2226 2815 2279 2850 ita
2303 2814 2421 2851 altero

187 2859 213 2896 2
251 2870 325 2912 per
348 2869 391 2895 ea
415 2868 509 2905 quae
531 2862 647 2894 mater
676 2861 849 2905 peccavit.
942 2857 1117 2894 Novimus
1141 2868 1226 2894 vero
1250 2857 1358 2894 etiam
1391 2857 1535 2893 tertium
1567 2857 1708 2903 aliquid
1736 2868 1813 2894 esse
1836 2862 1981 2895 motum.
2029 2858 2125 2895 Nam
2146 2863 2255 2907 pater
2279 2860 2422 2907 quidem

131 2928 134 2930 v
189 2905 222 2940 le
264 2905 370 2940 timos
399 2903 547 2949 efficere
578 2903 712 2939 liberos
740 2902 883 2939 volebat
913 2907 1024 2950 atque
1046 2914 1170 2939 eorum
1194 2914 1288 2949 quae
1311 2902 1356 2938 de
1387 2902 1569 2938 dotalibus
1592 2914 1616 2938 a
1642 2902 1748 2939 nobis
1770 2904 1913 2940 sancita
1943 2908 2029 2940 sunt
2054 2905 2233 2941 rationem
2257 2904 2421 2949 babebat,

189 2916 292 2986 tigri
317 2954 434 2986 tamen
458 2949 519 2985 ubi
542 2948 631 2985 baec
652 2952 859 3001 senserunt,
894 2949 1067 2995 quoniam
1088 2948 1473 3001 praeter-opinionem
1497 2947 1547 2984 ad
1569 2951 1720 3000 matrem
1742 2960 1868 2985 eorum
1891 2949 1990 2993 (licet
2012 2950 2174 2996 leqitima
2201 2950 2300 2987 illius
2322 2962 2423 2987 uxor

189 3006 263 3031 non
287 2997 392 3037 esset)
416 3005 439 3030 a
463 2998 621 3046 coqnato
646 2994 770 3040 aliquo
794 3005 883 3041 opes
906 2994 1085 3040 quaedam
1102 2997 1365 3041 pervenissent,
1390 2994 1437 3029 im
1466 2994 1554 3029 robe
1576 2994 1685 3029 szmul
1707 2998 1743 3030 et
1766 2994 1893 3031 dolose
1915 2998 2064 3042 aqentes
2086 2999 2236 3032 matrem
2263 2997 2421 3041 occulta—

189 3043 327 3082 verunt,
351 3050 396 3075 ne
411 3043 516 3087 patri
541 3039 648 3086 copia
668 3040 775 3085 fieret
796 3039 896 3086 ipsos
920 3039 1100 3086 leqitimos
1123 3039 1308 3086 efficiendi
1330 3043 1367 3076 et
1381 3039 1425 3075 de
1447 3042 1556 3074 uncta
1570 3039 1673 3084 forte
1696 3043 1810 3076 matre
1825 3043 2072 3077 maternarum
2089 3051 2210 3077 rerum
2226 3042 2422 3087 usufructu

1341 3176 1422 3217 quot
1442 3174 1490 3208 R¹
1507 3174 1520 3218 ΙΙ
1545 3175 1701 3207 nascatur
1716 3174 1765 3207 13¹
1783 3174 1796 3218 11
1823 3177 1864 3209 10
1885 3175 1953 3208 sint
1974 3175 2062 3220 VTn
2089 3177 2131 3211 13
2152 3176 2229 3218 Sed]
2254 3176 2318 3209 Sed
2335 3178 2369 3210 et
2393 3178 2426 3211 T

1339 3222 1428 3265 vuly.
1445 3220 1457 3263 11
1476 3220 1678 3261 huiusmodi]
1696 3219 1797 3252 huius
1817 3220 1869 3253 V¹
1888 3222 1900 3264 11
1920 3221 1960 3255 16
1975 3222 2179 3254 correctione
2202 3222 2236 3255 V
2248 3221 2260 3266 11
2277 3223 2319 3256 18
2333 3222 2421 3255 enim

1341 3279 1398 3299 om.
1419 3265 1469 3299 V¹
1486 3264 1499 3310 11
1515 3266 1555 3299 21
1570 3265 1760 3307 incognitos
1771 3266 1880 3307 Beck]
1900 3267 2052 3308 cognitos
2074 3267 2152 3300 libri
2165 3266 2177 3310 11
2202 3268 2245 3300 23
2270 3269 2303 3299 et
2321 3267 2421 3310 filios]

1341 3315 1373 3344 et
1393 3311 1471 3344 filiis
1495 3311 1544 3343 Β*
1568 3314 1601 3344 et
1624 3310 1713 3356 filius
1734 3311 1780 3343 V¹
1794 3310 1847 3344 T¹
1878 3313 1911 3344 et
1933 3311 2042 3344 filium
2062 3311 2113 3346 V³
2135 3311 2148 3356 11
2177 3311 2313 3354 quidam
2337 3312 2386 3346 Β*
2409 3313 2422 3358 11

1342 3359 1385 3390 24
1409 3356 1498 3399 leges
1524 3357 1557 3389 T
1569 3356 1582 3394 11
1598 3355 1732 3389 nolebat
1754 3356 1789 3389 R
1805 3355 1818 3400 11
1843 3367 1880 3389 ea
1906 3370 1963 3390 om.
1978 3357 2026 3390 R¹
2045 3356 2057 3401 11
2082 3357 2232 3390 mulieris
2254 3359 2334 3390 sunt
2353 3358 2388 3392 R
2409 3359 2422 3403 11

1342 3404 1383 3436 25
1409 3404 1514 3443 erant]
1540 3403 1596 3435 eat
1615 3402 1637 3435 i.
1652 3414 1678 3435 e.
1696 3403 1773 3435 eant
1793 3401 1849 3445 Vll
1876 3404 1918 3437 26
1944 3402 2165 3435 esxistimauit
2188 3403 2221 3435 R
2238 3401 2250 3447 11
2274 3403 2420 3444 nomine]

1341 3447 1437 3480 modo
1461 3447 1512 3480 Εἰ
1541 3447 1623 3490 11427
1648 3446 1865 3480 iniuriauerit
1888 3448 1937 3481 R¹
1966 3446 1983 3514 11
2005 3449 2048 3483 28
2074 3448 2153 3490 quia
2176 3451 2313 3492 propter
2335 3448 2389 3482 R*

1342 3494 1401 3534 est]
1423 3494 1455 3526 et
1478 3493 1512 3525 R
1542 3492 1555 3534 11
1583 3494 1626 3527 29
1646 3503 1710 3536 ,per
1732 3494 1872 3527 mortem
1894 3493 2003 3534 TV]
2029 3496 2104 3537 post
2126 3495 2265 3527 mortem
2290 3494 2386 3528 RV⁰

1342 3540 1385 3572 30
1406 3538 1500 3571 illam
1524 3538 1573 3570 R¹
1597 3537 1610 3583 11
1640 3539 1679 3572 31
1708 3538 1872 3580 quoddam
1894 3538 1994 3580 RT¹]
2021 3538 2186 3581 quendam
2206 3538 2288 3574 VT2
2297 3540 2386 3584 vulq.

1341 3585 1467 3616 motum
1487 3584 1550 3624 1⁷¹]
1575 3583 1708 3616 modum
1729 3583 1957 3629 RT²Vvul9.
1976 3583 1988 3627 11
2007 3586 2049 3619 32
2072 3584 2159 3618 filios
2182 3583 2349 3627 legitimos
2372 3585 2420 3618 fa-

1342 3639 1414 3663 cere
1439 3629 1508 3662 RT
1522 3627 1534 3673 11
1551 3630 1594 3663 33
1610 3629 1650 3662 de
1669 3642 1726 3663 om.
1749 3629 1804 3673 Vll
1822 3631 1936 3662 sancta
1956 3629 2006 3663 V¹
2024 3629 2036 3675 11
2063 3632 2106 3665 34
2121 3630 2294 3674 inopinate
2310 3631 2421 3664 uenis-

1342 3677 1415 3708 sent
1445 3671 1521 3716 VT]
1558 3675 1732 3718 inopinata
1757 3676 1947 3709 euenissent
1969 3676 2003 3710 R
2028 3677 2040 3719 11
2072 3676 2115 3711 36
2139 3675 2275 3710 *diuite
2300 3678 2377 3711 libri
2410 3676 2421 3719 11

1344 3722 1384 3754 37
1410 3730 1470 3753 uec
1497 3720 1529 3753 T
1549 3719 1562 3765 11
1585 3721 1629 3755 39
1652 3723 1876 3754 maternrum
1899 3721 1949 3754 Va

236 3177 252 3210 1
279 3176 340 3208 καὶ
364 3187 422 3208 om.
438 3173 484 3216 ς11
511 3176 531 3208 2
555 3168 668 3208 οὕτως
684 3174 750 3218 Ml}
779 3176 798 3208 5
820 3171 998 3219 δευτέρων
1020 3187 1078 3208 οηι.
1092 3186 1111 3212 ς
1128 3174 1140 3219 ΙΙ
1164 3176 1184 3209 6
1210 3176 1270 3210 ἐπ-

189 3218 482 3266 ηνωρθώσαμεν]
502 3220 580 3253 Cod.
591 3221 622 3262 5,
633 3227 678 3262 27,
689 3228 735 3259 113
759 3222 802 3265 cf.
817 3221 901 3254 Νου.
917 3220 998 3254 XII
1010 3222 1068 3254 c.4
1082 3221 1095 3263 11
1114 3222 1157 3255 26
1172 3217 1270 3263 αὐτῷ

192 3279 251 3300 οηι.
273 3278 292 3303 ς
316 3265 328 3310 ΙΙ
355 3266 397 3300 32
418 3265 542 3312 ἕτερον
567 3278 625 3298 om.
641 3276 660 3301 ς
684 3266 771 3309 quod
790 3267 998 3309 probaverim
1025 3265 1037 3310 ΙΙ
1063 3268 1105 3301 35
1130 3263 1272 3300 ’τούτων

192 3324 250 3346 om.
276 3324 295 3348 ς
319 3311 331 3356 ΙΙ
356 3313 397 3346 37
423 3308 522 3355 παρά
545 3310 661 3344 τινων
686 3311 750 3344 Ma
778 3309 790 3354 11
819 3311 863 3345 42
888 3306 1116 3345 *ἀπολαύσω
1136 3312 1184 3345 M
1186 3323 1206 3348 ς

239 3448 256 3481 1
271 3459 319 3490 sq.
345 3446 472 3479 occasio
494 3465 536 3470 —
558 3444 717 3487 legitimis
740 3458 802 3480 scr.
824 3446 874 3479 R2
898 3448 930 3480 in
951 3459 1016 3480 ras.
1030 3448 1071 3480 20
1085 3449 1163 3490 fere
1178 3448 1237 3482 liu.
1261 3446 1273 3492 11

193 3493 215 3528 2
238 3493 327 3534 sunt]
353 3491 457 3524 fuerit
480 3490 555 3534 R(²)
574 3489 587 3535 11
613 3491 716 3532 nasci]
743 3492 868 3525 litteras
891 3492 938 3525 sci
962 3504 1024 3525 scr.
1046 3491 1099 3526 V²
1119 3494 1152 3527 in
1164 3495 1272 3537 spatio

192 3550 295 3572 vacuo
324 3538 336 3581 11
364 3536 525 3579 legitimis
558 3543 591 3570 ut
621 3537 780 3580 ylossema
813 3537 929 3571 delevit
952 3538 1189 3582 Spanyenbery
1216 3539 1272 3582 (cs.

166 3612 168 3614 ,
200 3583 276 3617 Cod.
291 3585 323 3625 5,
337 3590 384 3625 2¹1,
400 3590 432 3617 ιο
448 3583 502 3626 §1)
518 3583 530 3626 11
554 3581 607 3615 lex
632 3583 870 3615 correctionem
893 3583 1113 3624 (correctione
1132 3583 1180 3624 R)
1203 3584 1280 3618 RV

194 3629 295 3672 vulq]
320 3628 557 3662 correctionem
575 3628 627 3660 lex
649 3628 681 3661 T
702 3628 750 3671 113
773 3629 862 3670 quod
881 3628 944 3670 Τί]
969 3628 1028 3671 qui
1049 3628 1171 3663 RVT²
1195 3629 1274 3671 quia

195 3673 282 3716 ναῖς.
306 3673 319 3718 11
341 3675 363 3709 6
386 3673 546 3715 dedimus]
572 3673 814 3706 declinauimus
838 3674 887 3707 R¹
903 3674 915 3719 11
943 3675 1053 3714 etiam]
1082 3676 1115 3707 et
1135 3675 1166 3709 V
1185 3674 1198 3718 ΙΙ
1221 3676 1272 3707 sui

196 3718 352 3762 ylouema
365 3721 524 3764 σεμναῖς.
551 3719 564 3764 11
587 3719 653 3752 sint
678 3719 728 3752 hii
756 3720 784 3752 R
802 3719 814 3763 11
845 3721 861 3753 7
888 3719 1068 3753 secundum
1090 3720 1147 3763 Vl]
1170 3722 1190 3755 9
1212 3720 1271 3752 ali-

2085 3778 2149 3811 47*
