2618 4010
175 161 234 190 DE
262 158 438 190 NUPTHS

172 260 280 293 αυτοῦ
326 256 523 304 συνάφειαν
564 256 710 292 εἰκότως
752 256 933 306 ἀπείργει·
978 263 1037 293 καὶ
1077 258 1252 293 τοσοῦτόν

172 306 248 338 ἐστι
282 302 327 338 τὰ
363 305 425 346 τῆς
459 301 645 337 κωλύσεως
680 305 865 346 ἐντεῦθεν,
903 301 958 338 ὅτι
992 301 1059 339 κᾶν
1092 305 1124 338 εἰ
1158 305 1253 339 bona

171 349 287 393 gratia
311 347 531 391 διαλυθῆναι
556 352 713 392 συμβαίη
745 348 810 383 τὸν
840 349 967 396 γάμον,
1000 348 1089 384 ἀλλὰ
1111 353 1169 383 καὶ
1194 346 1250 383 οἱ]-

171 405 242 428 τως
265 396 303 428 ἐκ
326 395 387 437 τῆς
404 391 642 427 Ἀναστασίου
664 395 728 428 τοῦ
753 395 813 437 τῆς
837 393 1001 439 εὐσεβοῦς
1022 394 1152 438 λήξεως
1173 393 1247 429 δια-

170 438 303 479 τάξεως
326 439 373 473 εἰς
397 437 563 473 ἐνιαυτὸν
586 436 608 481 ἡ
631 437 783 474 κώλυσις
814 441 892 475 τῶν
918 439 1096 488 δευτέρων
1121 439 1252 487 γάμων

170 487 247 519 ταῖς
268 484 432 531 γυναιξὶν
455 486 698 528 ἐπιτέτακται.

169 531 188 564 1
255 527 390 564 Ταύτας
423 530 492 573 μὲν
525 529 590 563 οὖν
625 528 686 563 τὰς
727 531 842 564 αἰτίας
885 528 968 574 ἡμῖν
1003 528 1022 565 ὁ
1061 529 1250 566 Θεοδόσιος

169 572 389 621 ἀφηγήσατο.
436 571 533 617 ἡμεῖς
563 572 602 608 δὲ
634 577 672 608 ἐκ
697 576 774 609 τῶν
799 574 968 610 παλαιῶν
992 575 1164 620 λαβόντες
1189 580 1249 610 καὶ

169 621 291 665 ἑτέρας
314 617 587 666 προςεθήκαμεν
604 623 715 673 ςτρεῖς.
763 622 808 654 Εἰ
838 620 907 667 γὰρ
932 618 953 663 ἡ
976 621 1065 667 γυνὴ
1089 619 1248 667 τοσαύτῃ

1152 206 1208 210 m
1242 144 1320 191 157

1947 149 2054 193 Nov.
2086 150 2211 192 XXII
2246 153 2406 193 16-—18

1323 260 1442 301 betur,
1481 262 1517 294 et
1547 262 1650 294 tanta
1681 262 1737 294 est
1768 259 1961 303 prohibitio
1989 272 2030 295 ex
2056 260 2143 303 hoc,
2178 260 2280 306 quia,
2320 261 2407 296 licet

1322 305 1416 339 bona
1439 305 1554 348 gratia
1578 304 1721 339 dissolvi
1755 305 1939 348 contingat
1969 306 2248 349 matrimonium,
2282 310 2404 342 tamen

1322 350 1427 384 etiam
1453 350 1504 385 sic
1530 360 1574 385 ex
1597 349 1782 385 Anastasii
1815 350 1896 393 piae
1929 352 2118 386 memoriae
2150 352 2405 387 constitutione

1316 395 1353 430 in
1377 406 1509 430 annum
1532 395 1726 440 prohibitio
1756 395 1993 430 secundarum
2019 397 2223 441 nuptiarum
2249 397 2404 432 mulieri-

1289 445 1307 476 5
1323 441 1390 475 bus
1415 441 1579 476 instituta
1601 444 1666 476 est.

1319 533 1334 566 1
1397 532 1471 567 Has
1501 531 1622 576 itaque
1646 540 1776 565 causas
1809 529 1912 565 nobis
1938 531 2162 566 Theodosius
2188 534 2403 577 explanavit.

1319 577 1394 611 Nos
1420 580 1540 612 autem
1562 587 1606 611 ex
1629 575 1809 611 veteribus
1835 580 2014 610 sumentes
2040 580 2075 611 et
2101 577 2190 612 alias
2208 579 2403 614 adiecimus

1320 625 1402 657 tres.
1453 622 1489 657 Si
1523 622 1616 657 enim
1640 621 1766 656 mulier
1791 624 1892 655 tanta
1927 621 2130 656 detineatur
2154 624 2330 667 nequitia,
2366 629 2404 658 ut

168 678 352 707 κατεχοιτο
376 669 549 718 πονηρίᾳ,
584 677 631 699 ως
655 669 714 699 καὶ
748 664 950 709 ἐξεπίτηδες
974 665 1165 710 ἀμβλῶναι
1190 670 1248 700 καὶ
1267 671 1305 702 10
1319 667 1426 701 etiam
1452 678 1497 702 ex
1523 667 1641 703 studio
1667 667 1831 701 abortum
1863 665 1975 700 faciat
2008 667 2192 711 virumque
2219 670 2404 704 contristet

168 709 233 745 τὸν
256 708 371 755 ἄνδρα
397 708 551 753 λυπησαι
580 714 638 744 καὶ
663 709 865 756 ἀφελέσθαι
891 713 951 754 τῆς
976 714 1036 746 ἐπὶ
1065 715 1137 745 τοῖς
1166 725 1247 747 παι-

168 758 228 789 σὶν
250 753 408 797 ἐλπίδος,
439 758 498 789 καὶ
522 757 683 790 τοσαῦτα
708 755 753 790 τὰ
776 758 837 800 τῆς
860 753 1051 791 ἀκολασίας
1076 759 1176 791 ἐστὶν
1202 753 1248 790 ὠς

167 803 226 834 καὶ
257 798 409 847 ἀνδράσι
442 800 532 834 κατὰ
567 802 698 847 τρυφῆς
723 798 908 848 πρόφασιν
932 800 1193 843 συλλούεσθαι,
1228 799 1247 844 ἢ

167 848 225 879 καὶ
258 847 324 880 ἕως
355 849 548 889 συνέστηκε
579 846 620 880 τὸ
655 846 743 891 πρὸς
777 846 843 880 τὸν
872 844 988 893 ἄνδρα
1024 851 1247 881 συνοικέσιον

1319 717 1355 746 ct
1380 713 1496 757 privet
1517 724 1581 757 spe
1605 712 1776 755 filiorum,
1811 712 1865 746 vel
1891 714 1993 746 tanta
2018 711 2128 747 libido
2154 716 2209 748 est
2234 718 2273 748 ut
2299 715 2403 749 etiam

1320 769 1400 792 cum
1437 758 1520 792 viris
1559 757 1751 802 voluptatis
1785 757 1974 792 occasione
2007 757 2161 799 lavetur,
2199 762 2263 793 aut
2297 760 2403 794 etiam

1319 803 1402 837 dum
1424 803 1541 838 adhuc
1567 807 1706 838 constet
1730 813 1812 837 cum
1836 802 1909 836 viro
1935 803 2216 846 matrimonium,
2244 804 2289 838 ad
2315 805 2404 839 alios

1319 848 1362 882 de
1388 849 1521 893 nuptiis
1547 849 1620 883 suis
1645 849 1823 892 loquatur,
1850 847 1996 882 licentia
2021 848 2127 882 datur
2151 859 2172 883 a
2198 850 2298 884 nobis
2320 850 2403 885 viris

167 890 254 935 πρὸς
272 891 510 947 &epops-‘negt
529 890 657 938 γάμων
678 892 800 935 ἑαυτῆς
822 890 1040 947 διαλεγοιτο’
1071 890 1171 925 ἄδεια
1195 891 1246 925 δί-
1267 896 1302 927 15
1319 894 1458 928 mittere
1483 894 1532 928 eis
1558 894 1718 938 repudia,
1744 897 1779 928 et
1795 893 1929 927 lucrari
1954 893 2053 928 dotes
2081 897 2114 928 et
2139 895 2403 938 antenuptiales

140 968 146 974 ,
167 934 271 970 δοται
295 949 370 983 παρ
412 950 516 980 ημων
536 940 607 971 τοῖς
627 935 778 981 ἀνδράσι
799 940 956 980 πέμπειν
976 940 1099 971 αυταῖς
1121 937 1245 984 ῥεπού-

167 980 246 1023 δια,
271 984 330 1016 καὶ
353 980 555 1028 κερδαίνειν
577 981 639 1016 τὰς
664 985 810 1028 προῖκας
836 985 895 1015 καὶ
919 981 981 1015 τὰς
1006 987 1247 1028 προγαμιαίας

166 1030 259 1069 ἔχειν
280 1025 425 1073 δωρεάς,
452 1024 499 1062 ais
519 1026 585 1071 ἤδη
605 1031 664 1061 καὶ
682 1026 824 1061 τούτων
843 1028 921 1061 τιῦν
943 1029 1072 1061 αἰτιῶν
1094 1026 1246 1074 εὐλόγως

166 1070 326 1107 διαλύειν
356 1071 569 1125 δυναμένων
599 1071 664 1126 rgias
693 1071 808 1118 γάμον
839 1075 899 1125 καὶ
934 1069 1004 1107 ὑπὸ
1034 1072 1102 1114 τὴν
1133 1074 1247 1115 αὐτὴν

1318 939 1448 973 habere
1475 939 1704 974 donationes:
1740 942 1866 983 utpote
1890 937 1997 972 etiam
2021 938 2077 973 his
2103 939 2221 975 causis
2247 940 2402 975 rationa-

1318 983 1435 1018 biliter
1468 984 1605 1019 solvere
1639 984 1839 1019 valentibus
1873 983 2135 1019 matrimonium
2160 989 2195 1019 et
2224 986 2291 1020 sub
2316 996 2402 1020 eun-

1318 1029 1397 1063 dem
1422 1029 1664 1065 deferentibus
1691 1030 1868 1070 ordinem,
1903 1031 1970 1065 sub
1995 1039 2098 1073 quem
2123 1041 2257 1074 poenas
2283 1031 2402 1066 Theo-

1317 1073 1408 1109 dosii
1432 1075 1513 1118 piae
1537 1075 1727 1109 memoriae
1752 1074 1962 1110 constitutio
1987 1074 2157 1110 definivit.

166 1115 353 1164 ἀγομένων
376 1117 490 1158 τάξιν,
520 1115 586 1162 υφ’
613 1130 657 1159 ην
680 1116 742 1150 τὰς
767 1129 894 1152 ποινας
918 1115 939 1160 ἡ
964 1117 1158 1152 Θεοδοσίου
1182 1120 1246 1152 τοῦ
1262 1121 1303 1152 20

166 1164 226 1206 τῆς
250 1161 413 1208 εὐσεβοῦς
438 1160 567 1206 λήξεως
593 1160 700 1207 ὥρισε
725 1160 895 1204 διάταξις.

1137 1254 1294 1290 CAPUT
1320 1254 1434 1289 XVII.

208 1317 468 1375 Ἐναπογρᾶφῳ
501 1318 540 1353 δὲ
571 1319 748 1366 ἀλλοτρίῳ
779 1324 908 1367 γαμεῖν
945 1321 1143 1369 ἐλευθέραν
1179 1320 1242 1356 οὐκ

164 1366 314 1408 ἔξεστιν,
339 1379 420 1400 ουτε
440 1365 652 1413 ἀγνοοῦντος
672 1366 754 1400 οὔτε
776 1364 911 1400 εἰδότος
932 1367 1012 1400 οὔτε
1035 1369 1243 1401 συναινοῖιν-

164 1422 223 1446 τος
241 1412 303 1445 τοῦ
325 1415 549 1456 κεκτημένου,
573 1410 662 1445 ἀλλὰ
686 1409 752 1445 κᾶν
777 1412 813 1445 εἴ
831 1426 867 1445 τι
891 1413 1033 1446 τοιοῦτο
1059 1412 1157 1458 παρὰ
1181 1414 1243 1447 τοῦ

1359 1321 1576 1366 Ascripticio
1602 1323 1722 1356 autem
1748 1322 1863 1356 alieno
1890 1323 2026 1357 nubere
2050 1324 2198 1358 liberam
2225 1335 2296 1359 non
2322 1325 2405 1360 licet

1315 1377 1429 1411 neque
1465 1367 1654 1410 ignorante
1691 1377 1806 1411 neque
1840 1367 1973 1401 sciente
2010 1378 2126 1412 neque
2159 1370 2403 1405 consentiente

1315 1423 1536 1457 possessore,
1563 1412 1625 1447 sed
1650 1412 1736 1446 licet
1760 1412 1894 1456 aliquid
1919 1413 1991 1447 tale
2010 1413 2055 1447 ab
2075 1414 2280 1458 ascripticio
2301 1426 2402 1459 gera-

164 1454 415 1510 έναπογράφου
434 1457 628 1503 πραχθείη,
647 1454 867 1511 Ξτάρεστιτῷ
887 1456 1044 1510 δεσπότῃ
1064 1462 1124 1491 καὶ
1144 1457 1242 1501 αὐτῷ
1261 1461 1301 1492 25
1316 1462 1384 1500 tur,
1410 1458 1535 1492 licebit
1559 1458 1701 1492 domino
1727 1458 1794 1501 ipsi
1819 1467 1883 1501 per
1908 1469 1946 1492 se
1972 1461 2006 1492 et
2031 1468 2095 1502 per
2119 1459 2324 1503 provinciae
2348 1460 2402 1495 iu-

163 1498 253 1536 καθ·’
282 1501 411 1536 ἑαυτον
435 1505 495 1536 καὶ
519 1500 579 1535 διὰ
600 1515 663 1536 του
688 1503 749 1545 τῆς
772 1514 889 1548 χωρας
913 1515 1082 1548 αρχοντος
1103 1515 1243 1548 σωφρο-

163 1550 276 1590 νίζειν
299 1560 338 1581 τε
362 1546 512 1594 πληγαῖς
541 1551 702 1593 μετρίαις
732 1546 797 1581 τὸν
822 1549 936 1581 ταῦτα
971 1546 1163 1594 πράξαντα
1190 1551 1243 1582 ἐν·

164 1590 377 1640 απὸγραφον
399 1596 459 1626 καὶ
482 1588 650 1638 ἀφέλκειν
670 1589 741 1626 ἀπὸ
766 1594 827 1635 τῆς
850 1591 968 1637 μάτην
995 1591 1094 1636 αὐτῷ
1121 1592 1243 1628 συνού-

163 1649 239 1682 σης·
273 1635 362 1692 ὥςτε
385 1636 468 1672 οὐδὲ
490 1636 600 1685 γάμος
625 1640 700 1672 ἐστὶ
725 1639 767 1672 τὸ
798 1636 993 1684 γενόμενον
1018 1637 1101 1673 οὐδὲ
1125 1638 1243 1674 ἐπίδο-

1316 1503 1431 1537 dicein
1468 1503 1643 1547 castigare
1681 1503 1795 1547 plagis
1832 1503 2070 1538 mediocribus
2113 1504 2203 1539 haec
2240 1507 2403 1548 agentem

1316 1549 1562 1593 ascripticiiini
1600 1552 1634 1582 et
1670 1548 1880 1583 abstrahere
1917 1549 1962 1583 ab
2002 1559 2044 1582 ea
2081 1559 2171 1592 quae
2203 1551 2340 1585 frustra
2373 1552 2404 1585 ei

1317 1594 1510 1632 coniuncta
1534 1597 1599 1628 est.
1650 1593 1751 1629 Unde
1775 1604 1890 1637 neque
1915 1593 2062 1638 nuptiae
2087 1598 2180 1636 sunt,
2207 1595 2302 1639 quod
2326 1595 2403 1631 fac-

1315 1643 1390 1674 tum
1415 1642 1489 1683 est,
1523 1650 1588 1674 nec
1614 1639 1748 1675 oblatio
1775 1639 1868 1673 dotis
1903 1650 1969 1673 nec
1999 1640 2255 1684 antenuptialis
2292 1641 2401 1676 doua-

163 1695 215 1718 σις
239 1695 383 1728 προικος
407 1679 489 1736 οὐδὲ
512 1687 753 1736 προγαμιαίας
777 1681 921 1730 δωρεᾶς,
955 1682 1043 1717 ἀλλὰ
1068 1683 1156 1730 ψιλὴ
1180 1686 1242 1718 τοῦ
1260 1688 1301 1719 30
1317 1685 1434 1728 tionis,
1461 1685 1526 1719 sed
1550 1695 1643 1729 pura
1670 1685 1755 1718 facti
1781 1684 1863 1718 mali
1890 1685 2076 1719 correctio.

161 1728 347 1776 γεγονότος
370 1740 487 1762 κακως
512 1729 778 1774 ἐπανορθωσις.

162 1777 182 1809 1
242 1771 346 1809 Οὕτω
367 1776 433 1818 μὲν
453 1768 516 1807 οὖν
539 1773 584 1807 τὰ
608 1777 811 1808 συνοικέσια
833 1771 1016 1808 διαλύεται
1038 1775 1244 1821 περιόντων

162 1822 216 1854 ἔτι
235 1820 313 1853 τῶν
336 1820 448 1854 ταῦτα
469 1817 750 1863 συμβαλόντων,
782 1823 842 1853 καὶ
869 1825 1085 1866 χρηματικαὶ
1108 1820 1146 1854 αἱ
1166 1833 1243 1854 ποι-

162 1868 222 1898 ναὶ
247 1867 328 1909 περὶ
360 1863 426 1907 τὴν
451 1863 579 1910 προῖκά
611 1876 688 1898 πως
718 1868 778 1898 καὶ
802 1864 868 1908 τὴν
892 1870 1139 1912 προγαμιαίαν
1165 1878 1243 1909 σχε-

163 1908 228 1944 δὸν
249 1911 417 1944 ἵστανται
441 1907 593 1957 δωρεάν.

1315 1778 1331 1809 1
1394 1775 1452 1810 Sic
1489 1776 1609 1819 itaque
1653 1774 1879 1809 matrimonia
1925 1775 2166 1809 dissolvuntur
2205 1775 2404 1810 viventibus

1315 1821 1434 1855 adhuc
1459 1821 1514 1855 his
1541 1821 1599 1864 qui
1627 1830 1669 1854 ea
1695 1824 1970 1859 contraxerunt,
2000 1823 2037 1854 et
2065 1820 2293 1864 pecuniariae
2318 1832 2403 1865 poe-

1316 1876 1383 1900 nae
1417 1865 1513 1900 circa
1546 1866 1663 1901 dotem
1695 1869 1731 1900 et
1768 1865 2023 1910 sponsalicium
2056 1876 2169 1909 paene
2203 1865 2404 1901 consistunt

1260 1915 1300 1946 35
1316 1912 1554 1945 donationem.

1122 2001 1278 2037 CAPUT
1308 2001 1435 2037 XVIII.

204 2066 298 2103 Ἀλλ’
326 2065 410 2113 ἡμῖν
433 2082 469 2102 τι
498 2071 557 2102 καὶ
582 2071 705 2113 ἕτερον
730 2067 1004 2116 προςεξεύρηται
1029 2068 1070 2102 τὸ
1098 2072 1157 2102 καὶ
1183 2068 1245 2104 τὰς

162 2113 352 2161 ἀπροίκους
383 2118 577 2159 συναφείας
608 2111 750 2161 ἀλόγων
772 2117 978 2161 γινομένων
1012 2116 1091 2148 τῶν
1116 2113 1245 2160 διαιρέ-

1361 2069 1430 2104 Sed
1462 2080 1483 2103 a
1516 2069 1617 2103 nobis
1651 2067 1784 2111 aliquid
1818 2068 1923 2102 etiam
1952 2068 2049 2103 aliud
2083 2068 2312 2103 adinventum
2339 2074 2403 2111 est,

1317 2117 1357 2150 ut
1382 2115 1488 2149 etiam
1512 2114 1676 2149 indotata
1700 2113 1928 2148 matrimonia
1959 2113 2267 2148 irrationabilibus
2297 2114 2403 2150 factis

216 2219 287 2249 cap.
313 2205 433 2239 XVII
458 2218 509 2248 pr.
534 2206 651 2239 habent
680 2206 715 2238 Β
743 2207 804 2247 28,
832 2214 866 2247 5,
891 2213 936 2243 41;
977 2207 1057 2238 idem
1090 2207 1160 2239 cod.
1196 2206 1373 2239 Vaticanus
1406 2207 1473 2239 828
1505 2204 1747 2238 Nomocanonis
1781 2205 1882 2238 XIV
1902 2206 1949 2237 cie.
1981 2206 2026 2237 ad
2053 2206 2112 2246 13,
2138 2212 2154 2238 2
2185 2201 2315 2250 τνεαροὶ
2347 2204 2402 2247 κβ’

162 2263 237 2295 unp.
261 2247 327 2293 ιβ”
354 2251 406 2293 (ρ.
423 2252 486 2284 612
514 2251 635 2287 Para).

216 2309 288 2339 cap.
314 2295 433 2329 XVII
454 2295 508 2338 §1
537 2303 566 2328 et
588 2294 726 2328 XVIII
746 2308 803 2327 om.
828 2296 858 2327 L
885 2302 913 2327 et
939 2295 983 2327 Β,

164 2384 352 2419 conubium
381 2395 427 2419 ne
447 2385 516 2428 fiat
545 2389 629 2419 ante
660 2394 794 2419 annum
823 2383 952 2419 merito
985 2382 1148 2429 impedit,
1182 2393 1226 2418 ae
1250 2386 1389 2418 tantum
1414 2382 1510 2418 valet
1535 2382 1739 2429 prohibitio
1768 2382 1853 2417 inde
1868 2383 2008 2429 petita,
2048 2389 2109 2424 ut,
2143 2383 2283 2419 etiamsi
2307 2384 2402 2419 bona

163 2430 284 2476 qratia
305 2430 407 2475 forte
431 2429 698 2464 matrimonium
721 2429 879 2463 solutum
902 2429 961 2470 sit,
987 2433 1105 2464 tamen
1129 2428 1181 2462 sio
1201 2439 1345 2473 quoque
1366 2439 1415 2463 ex
1434 2428 1622 2462 Anastasii
1639 2428 1728 2474 piae
1750 2430 1944 2463 memoriae
1963 2428 2218 2463 constitutione
2237 2429 2404 2465 mulieres

162 2476 202 2509 in
222 2485 357 2509 annum
381 2485 403 2509 a
426 2474 593 2510 secundis
613 2486 662 2509 nu
693 2474 749 2509 tiis
766 2473 1046 2519 prohibeantur.

162 2522 181 2555 1
238 2519 320 2555 Has
339 2519 453 2566 iqitur
472 2530 602 2555 causas
622 2519 654 2554 Τ
676 2519 845 2554 eodosius
865 2518 969 2554 nobis
988 2518 1256 2554 demonstravit.
1303 2517 1381 2552 Nos
1398 2529 1482 2553 vero
1502 2518 1596 2553 alias
1616 2529 1761 2564 quoque
1782 2517 1827 2552 ab
1849 2518 2011 2564 antiquis
2027 2518 2181 2553 mutuati
2198 2518 2403 2554 addidimus

164 2569 245 2601 tres.
295 2564 336 2600 Si
359 2565 453 2600 enim
477 2565 606 2600 mulier
628 2569 729 2600 tanta
753 2564 915 2610 nequitia
933 2564 1109 2611 praedita
1133 2564 1191 2606 sit,
1217 2567 1258 2598 ut
1280 2564 1389 2598 etiam
1413 2562 1457 2598 de
1484 2563 1665 2598 industria
1689 2563 1856 2598 abortum
1877 2564 2000 2608 faciat
2022 2568 2057 2599 ec
2080 2564 2251 2610 maritum
2275 2563 2401 2600 dolore

162 2610 309 2656 afficiat
330 2620 502 2656 spemque
524 2609 558 2645 ei
578 2610 772 2645 liberorum
794 2610 955 2655 auferat,
980 2614 1016 2645 et
1034 2610 1066 2644 si
1089 2614 1191 2644 tanta
1214 2609 1262 2643 sit
1285 2608 1384 2643 illius
1407 2607 1570 2650 luxuria,
1596 2612 1636 2643 ut
1659 2609 1768 2644 etiam
1793 2619 1867 2643 una
1892 2619 1972 2643 eum
1997 2609 2085 2645 viris
2111 2608 2270 2644 libidinis
2289 2619 2400 2645 eausa

162 2655 314 2698 lavetur,
343 2656 418 2690 sive
446 2656 554 2690 etiam
579 2655 664 2690 dum
688 2659 833 2690 constat
858 2665 937 2690 eum
966 2655 1097 2690 marito
1123 2653 1348 2699 coniugium,
1381 2663 1460 2687 eum
1485 2653 1569 2688 aliis
1598 2653 1641 2688 de
1673 2655 1813 2700 nuptiis
1844 2665 1963 2689 seeum
1986 2654 2172 2700 faciendis
2202 2665 2401 2690 sermonem

162 2701 349 2745 conferat:
380 2700 484 2736 venia
509 2712 532 2735 a
551 2700 656 2736 nobis
679 2700 766 2735 data
791 2704 846 2735 est
863 2700 950 2735 viris
973 2700 1128 2746 repudia
1153 2699 1225 2734 iltis
1248 2698 1433 2740 mittendi,
1467 2702 1502 2734 et
1522 2698 1625 2734 dotes
1647 2699 1815 2734 lue-randi
1835 2703 1871 2734 et
1891 2699 2161 2745 antenuptiales
2185 2699 2401 2735 donationes

162 2745 336 2781 habendi:
378 2749 420 2780 ut
449 2746 522 2780 iam
554 2745 623 2781 liae
659 2757 804 2792 quoque
836 2746 966 2792 culpae
1003 2746 1151 2791 nuptias
1182 2755 1231 2779 ex
1263 2744 1359 2778 iusta
1392 2754 1504 2778 causa
1535 2744 1677 2780 solvere
1709 2744 1852 2790 possint
1885 2748 1919 2779 et
1956 2746 2021 2780 sub
2056 2744 2205 2780 eundem
2238 2744 2401 2780 ordinem

160 2790 386 2836 rediqantur,
410 2790 605 2826 seeundum
625 2802 729 2837 quem
755 2790 946 2826 Theodosii
964 2792 1054 2836 piae
1073 2789 1265 2836 memoriae
1290 2789 1500 2835 constitutio
1516 2800 1658 2835 poenas
1679 2789 1850 2834 delinivit.

295 2836 410 2872 XVII.
470 2836 714 2881 Adseriptieio
740 2847 824 2872 vero
849 2836 969 2871 alieno
991 2836 1139 2871 liberam
1164 2835 1294 2870 ducere
1318 2844 1389 2867 non
1416 2833 1500 2868 lieet
1523 2845 1638 2880 neque
1662 2835 1859 2880 iqnorante
1883 2846 1998 2881 neque
2020 2835 2154 2870 sciente
2179 2845 2295 2880 neque
2316 2845 2400 2870 eon-

160 2881 333 2917 sentiente
353 2881 510 2916 domino.
559 2880 673 2916 Immo
701 2882 809 2916 etiam
833 2881 865 2916 si
891 2881 962 2916 tale
986 2881 1075 2926 quid
1098 2880 1141 2915 ab
1167 2879 1402 2924 adserz'ptieio
1426 2879 1568 2924 factum
1590 2880 1655 2922 sit,
1689 2880 1773 2915 lieet
1796 2879 1943 2915 domino
1969 2884 2005 2915 et
2027 2891 2095 2926 per
2118 2891 2158 2921 se
2180 2879 2253 2926 ipsi
2277 2884 2312 2915 et
2332 2891 2402 2926 per

158 2926 363 2973 praesidem
385 2926 601 2972 provinciae
630 2930 665 2961 et
687 2926 838 2961 modieis
861 2926 1067 2962 verberibus
1092 2926 1273 2971 eastiqare
1306 2923 1580 2969 adscripticium
1610 2926 1675 2970 qui
1702 2924 1790 2960 haee
1817 2925 1953 2970 feeerit
1981 2929 2017 2960 et
2041 2924 2252 2960 abstrahere
2277 2924 2320 2959 ab
2346 2936 2400 2965 ea,

161 2982 255 3017 quae
279 2974 408 3007 temere
432 2971 485 3007 illi
508 2971 701 3006 coniuncta
722 2975 792 3006 est:
814 2971 867 3006 ita
891 2975 932 3006 ut
954 2983 999 3007 ne
1022 2970 1290 3006 matrimonium
1318 2968 1464 3015 quidem
1487 2969 1536 3004 sit
1558 2969 1658 3015 quod
1678 2974 1798 3005 aetum
1822 2974 1874 3005 est
1900 2981 2015 3015 neque
2039 2970 2136 3005 dotis
2159 2970 2260 3005 datio
2286 2981 2402 3015 neque

161 3016 422 3062 antenuptialis
445 3016 664 3058 donationis,
688 3016 754 3051 sed
775 3027 875 3051 mera
893 3016 948 3051 rei
971 3017 1064 3052 male
1087 3020 1211 3062 qestae
1236 3014 1426 3049 eorrectio.
1696 3046 1698 3048 ,

159 3063 181 3096 1
251 3060 333 3096 Hoc
367 3061 482 3106 iqitur
510 3062 617 3096 modo
655 3061 889 3097 matrimonia
920 3061 1112 3097 solvuntur
1140 3059 1396 3106 superstitibus
1427 3058 1548 3094 adbuc
1582 3059 1629 3094 iis
1662 3059 1726 3104 qui
1758 3070 1801 3095 ea
1834 3063 2119 3101 contraxerunt,
2157 3062 2265 3105 atque
2290 3069 2400 3106 pecu·

160 3105 303 3140 niariae
325 3106 464 3141 seilicet
475 3117 622 3151 poenae
644 3106 683 3141 in
703 3106 786 3141 dote
808 3110 843 3142 et
866 3106 1109 3152 antenuptiali
1134 3105 1331 3141 donatione
1349 3104 1432 3149 fere
1458 3115 1497 3139 se
1522 3103 1718 3139 continent.

297 3150 428 3196 XVIII.
488 3151 618 3186 Verum
643 3162 666 3186 a
690 3151 794 3186 nobis
814 3152 922 3186 eliam
946 3151 1048 3186 aliud
1071 3151 1159 3196 quid
1181 3152 1330 3195 insuper
1354 3150 1601 3194 exeoyitatnm
1627 3153 1700 3190 est,
1733 3152 1772 3184 ut
1795 3148 1963 3184 indotata
1987 3160 2133 3195 quoque
2154 3149 2326 3195 coniuqia
2348 3160 2401 3185 se-

1311 3241 1481 3273 oocasione
1502 3239 1687 3281 uoluptatis
1708 3240 1766 3282 Vl}
1789 3242 1825 3273 13
1851 3241 1982 3272 constat
1994 3241 2079 3284 vulq.
2098 3239 2110 3284 ΙΙ
2132 3242 2172 3274 14
2193 3250 2212 3272 a
2229 3239 2325 3272 nobis
2345 3240 2400 3272 da-

1311 3289 1367 3318 tur
1387 3285 1440 3329 Vll
1466 3287 1502 3318 15
1527 3284 1774 3327 antenuptialia
1788 3285 1837 3318 Β1
1858 3284 1869 3327 ΙΙ
1892 3286 1928 3319 19
1955 3285 2040 3327 piae]
2061 3286 2136 3327 piae
2156 3285 2233 3317 diue
2247 3285 2279 3317 R
2303 3285 2402 3318 diuae

1321 3330 1492 3365 Vdivinae
1509 3331 1593 3373 vzcly.
1611 3330 1622 3373 ΙΙ
1647 3331 1690 3362 22
1706 3332 1794 3363 rubr.
1820 3330 1856 3362 Si
1878 3330 2008 3363 alienus
2032 3330 2237 3372 ascriptitias
2259 3329 2400 3363 liberam

208 3244 227 3276 2
252 3239 428 3275 κολάσεως
442 3243 491 3275 B⁸
507 3241 520 3285 ΙΙ
537 3242 624 3275 bona
644 3243 753 3284 gratia
768 3243 826 3282 M]
852 3237 976 3287 ἀγαθῇ
995 3239 1113 3286 χάριτι
1134 3243 1241 3285 (βονα

159 3299 291 3333 γρατια
306 3289 350 3320 Bl
363 3289 437 3330 my.)
459 3288 494 3320 B
511 3286 522 3331 ΙΙ
542 3289 562 3321 4
586 3287 624 3320 ἐκ
647 3287 708 3329 τῆς
725 3306 772 3311 -
790 3284 986 3326 διατάξεως
1011 3300 1068 3319 om.
1084 3288 1118 3319 B
1137 3287 1148 3330 ΙΙ
1165 3283 1241 3319 δια-

160 3331 306 3373 τάξεως]
337 3333 413 3366 Coe.
441 3335 476 3371 5,
502 3340 545 3372 17,
570 3340 586 3365 9
607 3332 654 3374 119
679 3329 951 3377 προςεθήκαμεν
975 3334 1078 3377 τρεῖς]
1109 3333 1185 3365 Cod.
1208 3335 1239 3373 5,

161 3386 244 3418 1¹1‚11
271 3383 317 3417 §2
334 3377 346 3422 ΙΙ
365 3379 406 3410 22
431 3389 546 3423 γαμῇ*
562 3378 609 3410 L¹
629 3377 640 3418 ΙΙ
658 3378 700 3411 26
723 3372 843 3410 *καθ’
863 3373 962 3409 αὑτῶ
983 3377 1023 3410 M
1047 3374 1140 3410 καθ’
1164 3376 1241 3409 ἑαυ-

160 3423 225 3456 τοῦ
249 3424 280 3456 L
311 3420 361 3456 δι’
389 3422 517 3455 ἑαυτοῦ
540 3423 637 3463 Β(ς)
664 3421 676 3466 ΙΙ
700 3424 771 3463 καὶ]
796 3418 817 3463 ἢ
842 3423 878 3454 Β
905 3420 917 3466 ΙΙ
941 3423 982 3456 28
1008 3419 1126 3455 αὐτοῖς
1150 3422 1195 3455 L²
1231 3421 1242 3463 ΙΙ

162 3469 204 3502 29
219 3481 266 3511 sq.
302 3469 363 3510 leq.
387 3466 470 3501 οὔτε
493 3487 537 3491 --—
558 3465 640 3500 οὔτε
671 3486 707 3490 -
740 3464 847 3500 οὔτεῗ
878 3465 890 3511 ΙΙ
920 3469 961 3499 30
995 3469 1242 3512 προγαμιαῖαν

161 3509 302 3559 δωρεὰν
322 3514 354 3546 L
373 3514 384 3555 ss
402 3515 443 3547 33
469 3509 757 3555 συμβαλλόντων
784 3512 830 3544 Μ

207 3606 226 3635 2
251 3604 401 3645 contigat
423 3603 476 3646 Vn
494 3603 708 3635 matrimoni*
733 3603 783 3636 V¹
809 3602 1014 3634 matrimonii
1040 3602 1090 3635 V³
1108 3602 1120 3646 ΙΙ
1135 3604 1245 3634 tamen

162 3665 205 3671 —
218 3649 238 3681 3
251 3649 428 3681 memoriae
439 3656 514 3692 post
526 3648 721 3690 nuptiarum
736 3649 784 3689 (4)
805 3649 877 3681 coll.
892 3649 924 3680 R
936 3648 1003 3687 VT,
1028 3659 1110 3681 corr.
1124 3648 1210 3690 vulg).
1235 3645 1247 3691 ΙΙ

164 3694 183 3726 3
205 3693 384 3734 Anastasii]
416 3694 590 3726 Anastasio
615 3693 721 3726 RVT
744 3692 755 3736 ΙΙ
787 3692 1059 3725 constitutionem
1084 3692 1136 3726 V³
1168 3703 1245 3724 oon-

163 3737 318 3771 fltitutore
342 3739 376 3771 R
391 3737 404 3783 ΙΙ
429 3741 466 3772 10
492 3739 646 3772 obortum
664 3737 719 3782 VH
740 3740 779 3772 12
806 3738 890 3771 uiris
915 3739 946 3769 ct
972 3737 1155 3780 uoluptatis
1179 3738 1212 3770 R
1235 3735 1247 3781 ΙΙ

1312 3377 1484 3408 mulierem
1509 3385 1644 3407 uxorem
1670 3375 1804 3407 duxerit
1826 3376 1860 3408 R
1875 3388 1935 3419 my.
1953 3375 1965 3420 ΙΙ
1995 3373 2173 3419 Ascripltio
2187 3375 2236 3407 R¹
2259 3374 2401 3418 Scripti-

1312 3422 1361 3454 tio
1382 3421 1433 3453 V¹
1452 3419 1463 3464 ss
1481 3422 1522 3453 24
1544 3420 1701 3462 ascriptio
1717 3421 1748 3453 R
1767 3420 1779 3462 ss
1796 3421 1838 3454 26
1859 3424 2012 3461 agentem
2033 3421 2069 3452 in
2093 3420 2318 3462 ascriptitium
2340 3421 2374 3453 V

1314 3468 1355 3500 28
1382 3465 1583 3498 conuictaR
1602 3464 1613 3509 Η
1629 3467 1708 3497 sunt
1733 3464 1883 3508 orn-13¹1}
1904 3467 1946 3499 29
1974 3467 2031 3506 est,
2057 3465 2128 3507 nec]
2155 3467 2203 3498 est
2226 3475 2316 3497 nunc
2339 3466 2374 3499 V

1315 3514 1356 3545 30
1373 3512 1432 3554 leq.
1447 3510 1527 3542 facti
1539 3509 1648 3542 male?
1665 3510 1676 3552 ΙΙ
1697 3512 1738 3543 32
1759 3510 1956 3542 inuentibus
1972 3511 2005 3543 V
2017 3509 2029 3554 l}
2048 3512 2088 3544 33
2102 3510 2315 3553 pecuniariae
2329 3513 2399 3550 cet]

1313 3557 1362 3588 ric
1382 3566 1465 3598 pene
1491 3575 1531 3579 ——
1555 3557 1597 3589 36
1621 3555 1678 3588 sed
1701 3555 1831 3596 aliquid
1856 3566 1874 3587 a
1898 3555 1994 3588 nobis
2018 3568 2081 3589 scr.
2096 3555 2145 3590 12²
2158 3557 2190 3589 in
2203 3568 2269 3590 ras.
2287 3558 2301 3589 1
2319 3555 2403 3634 υςᾸΙ

1314 3611 1417 3643 paene
1438 3601 1500 3633 del.
1517 3600 1575 3640 17³,
1589 3613 1647 3633 om.
1661 3600 1695 3633 R
1709 3602 1794 3644 vuly.
1814 3599 1825 3644 ΙΙ
1845 3602 1886 3634 36
1912 3611 1931 3632 a
1944 3600 2039 3633 nobis
2051 3600 2181 3642 aliquid
2194 3601 2293 3634 etiam
2309 3601 2378 3633 aliu

1315 3647 1427 3687 (etiam
1447 3645 1577 3687 aliquid
1595 3645 1688 3678 aliud
1706 3646 1751 3687 T)
1772 3646 1991 3678 adiuuentum
2012 3648 2060 3678 est
2075 3647 2210 3690 Tvuly.]
2232 3646 2362 3688 aliquid
2383 3657 2402 3679 a

1316 3691 1412 3723 nobis
1435 3690 1494 3731 (ali
1523 3698 1551 3724 et
1577 3701 1595 3722 a
1620 3690 1717 3722 nobis
1741 3703 1802 3723 scr.
1827 3691 1890 3731 R2)
1925 3692 2024 3723 etiam
2056 3691 2149 3724 aliud
2181 3692 2398 3724 adiuuentum

1317 3738 1365 3768 cst
1389 3737 1439 3777 R,
1474 3736 1566 3768 aliud
1590 3746 1609 3768 a
1633 3735 1729 3769 nobis
1754 3735 1973 3769 adiuuentum
1998 3738 2045 3770 est
2069 3737 2102 3771 in
2126 3749 2193 3770 ras.
2212 3750 2274 3770 ser.
2297 3736 2346 3770 V³
