2618 4010
196 147 319 177 HAEC
349 142 644 177 cous'm'ru'rlo
673 143 1051 175 mrsRPRETATUR
1235 118 1237 120 ¹
1269 126 1356 174 379
1514 174 1516 177 ,
2039 128 2148 171 Νον.
2170 125 2348 169 LXXVI
2369 139 2428 181 pr.

708 292 767 344 ὄξ
1652 296 1816 331 LXXVI.
1853 295 1964 331 Auth.
1977 295 2159 332 LXXVII.
2182 293 2429 330 Coll.V1tit.4

269 371 327 423 H
366 369 707 423 ΔΙΑΤΑΞΙΣ
745 368 1193 422 EPMHNEYEI
1340 368 1392 416 R
1439 364 1623 416 HAEC
1675 364 2147 432 CONSTITUTIO
2197 365 2429 415 INTER-

192 438 351 491 THN
409 437 839 490 IlPOTEPAN
905 435 1273 490 ΔΙΑΤΑΞΙΝ
1346 434 1718 486 PRETATUR
1765 433 2101 482 PRIOREM
2150 432 2428 484 CONSTI-

192 505 351 559 THN
410 505 590 559 ΠΕΡΙ
648 504 799 558 ΤΩΝ
857 502 1276 558 ΕΙΣΙΟΝΤῼΝ
1347 502 1711 554 TUTIONEM
1751 502 1844 550 DE
1881 501 1995 552 HIS
2043 501 2163 561 QUI
2198 500 2428 550 INGRE-

192 574 312 627 ΕΙΣ
336 574 434 626 ΤΑ
454 573 954 627 ΜΟΝΑΣΤΗΡΙΑ
975 573 1112 625 ΚΑΙ
1137 572 1276 624 ΤΑΣ
1315 572 1664 622 5DIUNTUR
1702 571 1776 620 IN
1803 568 2306 619 MONASTERIUM
2339 570 2429 618 ET

193 641 466 696 ΟῩΣΙΑΣ
511 641 762 695 ΑῩΤῼΝ
804 640 1275 694 ΚΑΘΙΕΡΟΥΝ-
1348 641 1442 690 DE
1465 636 1917 690 SUBSTANTIIS
1939 636 2191 698 EORUM,
2221 638 2313 686 ΕΤ
2333 638 2428 686 EX
2491 662 2493 664 ·

192 710 353 771 ΤΩΝ,
398 711 499 764 ΕΚ
540 710 778 765 ΠΟΙΟΥ
818 708 1119 762 XPONOY
1162 708 1275 760 ΔΕΙ
1423 707 1573 770 ΩΠΟ
1609 705 1934 758 TEMPORE
1974 704 2341 756 OPORTEAT

411 779 675 832 AYTHN
716 776 1061 831 KPATEIN.
1627 776 1770 826 EAM
1806 775 2079 825 VALERE
2111 774 2162 823 R

192 855 228 891 ‘0
243 856 348 892 αὐτὸς
363 857 529 901 βασιλεὺς
544 857 692 901 Ἰωάννη
712 859 765 900 τῷ
787 854 1012 899 ἐνδοξοτάτῳ
1031 852 1178 900 ἐπάρχῳ
1198 856 1276 889 τῶν
1548 853 1647 889 Idem
1671 857 1761 898 Aug.
1788 853 1942 888 Iohanni
1967 863 2026 897 pp.
2055 852 2225 888 secundo.

194 902 303 949 ἱερῶν
325 908 564 950 πραιτωρίων
586 902 628 938 τὸ
652 895 705 948 ῤ’,
737 901 811 936 ἀπὸ
830 899 988 940 ὑπάτων
1011 898 1157 946 (ὑπάτῳ
1183 897 1278 945 ‹3931-
1294 902 1334 934 10

522 949 654 995 ναρίῳ>
678 951 737 983 καὶ
761 950 953 994 πατρικίῳ.
1328 953 1332 956 ”

239 1016 536 1063 (Προοίμιον.)
584 1017 737 1061 Πρᾷγμα
756 1017 923 1050 τοιοῦτον
944 1015 991 1048 εἰς
1011 1012 1099 1059 ἡμᾶς
1119 1011 1279 1059 ἀφίκετο,
1393 1011 1550 1056 <Praef
1559 1011 1683 1056 atio.)
1731 1011 1847 1046 Causa
1868 1011 1950 1047 talis
1974 1010 2021 1047 ad
2044 1021 2109 1047 nos
2129 1010 2301 1056 pervenit,
2325 1019 2430 1055 quam

195 1058 285 1108 ὅπερ
301 1062 460 1107 οἰόμεθα
479 1062 606 1107 χρῆναι
626 1060 687 1104 τῆς
703 1058 941 1106 προςηκούσης
960 1057 1164 1095 ἀπολαῦσαι
1184 1056 1276 1106 παρ’
1349 1056 1576 1092 aestimamus
1606 1058 1772 1102 oportere
1797 1056 2014 1102 competenti
2047 1056 2101 1092 uti
2133 1066 2156 1091 a
2187 1056 2290 1092 nobis
2321 1055 2430 1091 inter-

195 1107 301 1164 ἡμῶν
323 1107 507 1153 ἑρμηνείας
538 1120 578 1142 τε
601 1102 675 1151 ἅμα
699 1110 758 1140 καὶ
782 1106 966 1151 βοηθείας.
1013 1108 1177 1152 ἔγνωμεν
1199 1104 1278 1151 γάρ,
1349 1102 1550 1147 pretatione
1583 1102 1688 1138 simul
1721 1106 1756 1137 et
1788 1102 1976 1139 adiutorio.
2027 1101 2263 1146 cognovimus
2291 1100 2431 1142 etenim,

198 1165 245 1188 ως
266 1153 357 1200 γυνή
380 1164 432 1187 τις
454 1155 584 1196 ἔχουσα
608 1150 723 1186 παῖδα
753 1153 790 1185 ἐκ
813 1151 943 1199 γάμων
968 1151 1059 1198 αὐτῇ
1083 1151 1279 1197 γενόμενον
1296 1153 1335 1185 15
1350 1147 1433 1193 quia
1457 1147 1583 1182 mulier
1615 1148 1789 1193 quaedam
1820 1148 1955 1184 habens
1988 1147 2100 1183 filium
2131 1147 2199 1183 sibi
2229 1157 2273 1183 ex
2298 1146 2431 1191 nuptiis

196 1202 362 1244 νομίμων
399 1195 584 1242 ἠβουλήθη
618 1201 770 1244 χωρίσαι
804 1199 872 1241 μὲν
904 1196 1035 1240 ἑαυτὴν
1071 1197 1132 1239 τῆς
1163 1198 1280 1238 κοινῆς
1349 1193 1514 1238 legitimis
1549 1197 1778 1237 procreatum
1810 1193 1922 1229 voluit
1954 1193 2095 1238 quidem
2126 1203 2312 1238 segregare
2342 1203 2380 1228 se
2410 1202 2432 1226 a

196 1243 327 1288 ταύτης
351 1242 498 1286 διαίτης,
523 1246 562 1277 ἑν
583 1241 713 1277 δέτινι
732 1244 917 1290 γυναικῶν
940 1243 1145 1287 ἀσκητηρίῳ
1171 1255 1279 1275 κατα·
1350 1238 1529 1274 communi
1552 1240 1622 1274 ista
1648 1239 1914 1275 conversatione
1945 1243 1980 1274 et
2006 1238 2042 1274 in
2067 1238 2221 1284 quodam
2243 1239 2432 1274 mulierum

196 1292 336 1334 μεῖναι,
364 1288 479 1324 πολλὰ
503 1287 546 1332 δὴ
570 1289 617 1322 εἰς
640 1287 702 1323 τὰς
726 1291 798 1322 ἐκεῖ
820 1291 1042 1335 συνηγμένος
1066 1285 1279 1331 εὐλαβεστά-
1350 1283 1568 1320 monasterio
1594 1294 1828 1326 commanere,
1854 1284 2008 1329 plurima
2026 1285 2119 1320 bona
2143 1284 2278 1320 faciens
2299 1284 2338 1320 in
2354 1294 2431 1319 mu-

196 1346 260 1368 τας
278 1337 446 1382 γυναῖκας
464 1331 591 1381 ἀγαθοὶ
614 1337 849 1379 ποιησαμένη.
888 1336 947 1368 καὶ
969 1330 1163 1378 ἐπειδήπερ
1183 1328 1202 1366 ὁ
1222 1333 1281 1386 τῆς
1350 1330 1495 1365 lieribus
1521 1329 1815 1365 reverentissimis
1847 1330 1977 1366 ibidem
2003 1330 2244 1375 congregatis;
2285 1333 2320 1365 et
2344 1339 2431 1374 quo-

196 1378 366 1426 ἡμετέρας
397 1377 576 1424 εὐσεβείας
607 1378 774 1423 βούλεται
806 1379 913 1418 νόμος
945 1378 1026 1413 τοὺς
1058 1379 1105 1412 εἰς
1129 1376 1280 1421 ἀσκητη-
1295 1376 1444 1413 201]Ῑᾶ111
1469 1380 1612 1411 nostrae
1635 1375 1779 1421 pietatis
1804 1375 1860 1410 lex
1884 1376 1959 1411 vult
1984 1385 2046 1411 eos
2070 1376 2131 1420 qui
2149 1385 2186 1411 se
2208 1374 2433 1411 monasteriis

197 1438 277 1470 ριον
307 1423 452 1459 ἑαυτοὺς
475 1425 737 1471 καθιεροῦντας
768 1422 790 1467 ἢ
813 1423 946 1471 ἄνδρας
971 1420 991 1467 ἢ
1009 1426 1184 1478 γυναῖκας
1209 1422 1280 1468 πρὸ
1351 1421 1519 1457 dedicant
1555 1431 1618 1457 seu
1654 1421 1747 1457 viros
1781 1432 1845 1457 seu
1875 1421 2058 1464 mulieres,
2095 1424 2286 1465 antequam
2316 1421 2432 1465 ingre-

196 1471 258 1513 τῆς
273 1471 322 1504 εἰς
337 1468 581 1516 μοναστὴριον
600 1468 733 1504 εῐςύδου
751 1469 963 1505 διατιθέναι
979 1484 1024 1504 τα
1047 1471 1160 1504 οἰκεῖα
1183 1469 1278 1503 καθ’
1351 1467 1495 1503 diantur
1519 1466 1556 1502 in
1575 1467 1838 1510 monasterium,
1863 1476 1905 1502 eo
1927 1477 1996 1512 quo
2022 1466 2198 1503 voluerint
2218 1466 2322 1502 modo
2343 1475 2434 1511 quae

197 1511 239 1549 ὃν
262 1513 456 1560 βούλονται
480 1514 627 1562 τρόπον,
659 1515 708 1560 μὴ
732 1514 920 1550 δύνασθαι
952 1514 992 1550 δὲ
1013 1514 1105 1560 μετὰ
1130 1514 1196 1558 τὴν
1220 1514 1282 1548 εἴς·
1352 1524 1417 1549 sua
1443 1516 1527 1548 sunt
1551 1512 1750 1558 disponere,
1782 1522 1849 1548 nec
1879 1523 1986 1558 posse
2010 1516 2200 1557 postquam
2231 1511 2433 1556 ingrediun-

197 1559 283 1595 οδον
306 1559 373 1604 τὴν
391 1562 439 1595 εἰς
461 1559 504 1595 τὸ
528 1558 741 1608 ἀσκητὴριον
766 1563 821 1596 ἔτι
843 1562 1017 1608 πράττειν
1041 1575 1076 1595 τι
1097 1564 1180 1606 περὶ
1204 1561 1282 1594 τῶν
1352 1562 1411 1594 tur
1435 1559 1472 1593 in
1497 1559 1751 1594 monasterium
1775 1557 1926 1594 ulterius
1950 1568 2055 1602 agere
2072 1558 2263 1603 quiequam
2288 1558 2330 1592 de
2351 1567 2434 1602 pro-

197 1606 340 1640 οἰκείων
364 1606 422 1640 οἷα
447 1610 584 1653 κυρίους
609 1606 725 1642 οὐκέτι
749 1604 992 1654 τυγχάνοντας
1015 1608 1093 1641 τῶν
1117 1605 1281 1652 πραγμά-
1296 1608 1336 1640 25
1353 1604 1460 1649 priis,
1493 1608 1618 1650 utpote
1651 1604 1784 1640 domini
1816 1614 1935 1639 rerum
1965 1615 2038 1639 non
2069 1603 2262 1639 existentes
2287 1602 2434 1638 ulterius

197 1665 284 1694 των,
311 1650 370 1686 διὰ
390 1652 431 1686 τὸ
457 1653 705 1696 νομοθετῆσαι
727 1650 825 1697 ἡμᾶς,
851 1652 932 1688 τούς
948 1651 1130 1687 τοιούτους
1149 1650 1283 1698 ἄνδρας
1354 1660 1408 1691 (eo
1435 1650 1527 1695 quod
1559 1649 1814 1685 sanciverimus
1846 1660 1911 1685 nos
1943 1649 2147 1685 huiusmodi
2171 1649 2266 1685 viros
2298 1650 2335 1685 et
2358 1659 2454 1683 mu·-

197 1711 236 1731 τε
268 1700 328 1731 καὶ
357 1701 527 1744 γυναῖκας
556 1698 647 1742 μετὰ
682 1699 745 1732 τοῦ
779 1695 946 1743 σώματος
982 1701 1043 1732 καὶ
1078 1699 1139 1741 τῆς
1172 1698 1283 1743 ψυχῆς
1354 1696 1459 1731 lieres
1485 1706 1566 1731 cum
1589 1705 1742 1741 corpore
1766 1698 1802 1731 et
1821 1696 1940 1730 anima
1963 1695 2043 1740 ipso
2064 1695 2227 1740 ingressu
2248 1694 2294 1730 ad
2313 1704 2435 1730 mona-

199 1740 289 1790 αὐτῇ
312 1744 357 1790 τῇ
390 1740 512 1786 εἱςύδιρ
544 1744 589 1790 τῇ
619 1743 710 1778 κατὰ
742 1743 784 1778 τὸ
807 1742 1053 1791 μοναστήριον
1086 1743 1283 1789 καθιεροῦν
1353 1741 1499 1777 sterium
1523 1741 1690 1777 dedicare
1712 1751 1751 1777 se
1771 1751 1926 1785 suasque
1946 1741 2182 1783 substantias,
2208 1742 2245 1776 et
2264 1739 2437 1785 siquidem

198 1787 342 1823 ἑαυτοὺς
366 1792 425 1822 καὶ
450 1787 512 1822 τὰς
528 1789 671 1823 ἑαυτῶν
688 1793 892 1836 περιουσίας
912 1804 1019 1821 *uu
1041 1790 1080 1823 ἐν
1100 1789 1154 1833 τῷ
1172 1802 1282 1833 μονα·
1354 1787 1595 1829 discesserint,
1627 1797 1773 1823 manere
1798 1787 1904 1823 etiam
1929 1786 1981 1822 sic
2007 1796 2130 1822 eorum
2155 1786 2376 1822 substantias
2400 1785 2437 1821 in

199 1837 346 1882 στηρίῳ,
379 1831 473 1868 ὃιὸτι
505 1834 620 1881 κύριοι
652 1833 796 1869 τούτων
826 1833 944 1869 οὐκέτι
968 1835 1190 1878 nathaniae,
1224 1837 1283 1868 καὶ
1298 1837 1340 1869 30
1353 1832 1626 1874 monasterium,
1662 1843 1704 1868 eo
1736 1832 1831 1878 quod
1863 1832 1995 1868 domini
2028 1832 2156 1868 harum
2185 1832 2333 1867 ulterius
2365 1841 2438 1866 non

199 1879 375 1914 ἐντεῦθεν
399 1877 556 1914 δεδιέναι
579 1879 627 1924 μη
651 1893 750 1922 ποτε,
783 1885 899 1915 καίτοι
927 1882 989 1923 τῆς
1014 1877 1184 1928 ἡμετέρας
1208 1877 1283 1914 ὃια-
1354 1879 1542 1922 existunt)‚
1581 1878 1664 1913 hinc
1701 1881 1823 1914 autem
1858 1881 2015 1913 metuere
2051 1888 2096 1914 ne
2131 1877 2241 1921 forte,
2278 1876 2438 1922 quamvis

198 1925 333 1965 τάξεως
357 1924 480 1968 πολλῷ
504 1929 807 1974 μεταγενεστέρας
830 1925 936 1970 οὔσῃ-ς
960 1927 1021 1969 τῆς
1039 1926 1086 1960 εἰς
1110 1924 1176 1960 τὸν
1195 1926 1285 1972 εἰρη-
1356 1928 1480 1960 nostra
1504 1924 1711 1960 constitutio
1737 1924 1849 1959 multo
1899 1923 2054 1960 osterior
2079 1923 2125 1960 sit
2152 1933 2259 1968 quam
2283 1922 2378 1968 quod
2401 1923 2438 1958 in

198 1974 308 2015 μένον
331 1968 440 2017 εὐαγῆ
463 1970 562 2005 οἷκον
585 1969 691 2015 αὐτῆς
716 1970 860 2013 εἶςόὸου,
886 1973 979 2006 τινες
998 1969 1285 2017 ἀποστερήσαιεν
1353 1970 1576 2016 praedictam
1600 1969 1838 2005 venerabilem
1895 1979 2015 2005 omum
2038 1969 2198 2013 ingressa
2221 1970 2293 2012 est,
2329 1968 2438 2013 aliqui

201 2016 314 2060 αὐτὴν
346 2018 411 2050 τοῦ
434 2018 498 2050 τοῦ
522 2017 650 2051 οἰκείου
671 2016 950 2064 προνοήσασθαι
976 2015 1121 2060 παιδός,
1154 2018 1285 2063 χρῆναί
1352 2016 1570 2062 prohibeant
1608 2025 1685 2051 eam
1721 2026 1786 2052 suo
1822 2014 2030 2061 prospicere
2065 2014 2159 2059 filio,
2204 2017 2239 2050 et
2274 2017 2439 2060 oportere

251 2109 334 2142 Νου.
351 2109 523 2142 LXXVI
537 2109 699 2150 (Anthene.
715 2109 823 2140 LXX
832 2108 956 2141 Vll=
975 2109 1054 2142 Coll.
1072 2108 1124 2142 VI
1142 2110 1187 2142 tit.
1202 2111 1239 2142 4:
1266 2110 1377 2150 qloss.)
1405 2109 1531 2142 Graece
1553 2116 1639 2142 extat
1659 2109 1691 2141 in
1714 2108 1758 2141 M
1777 2109 1848 2148 (om.
1873 2108 1903 2140 L
1926 2115 2057 2151 praeter
2081 2109 2168 2141 rubr.
2195 2115 2225 2141 et
2249 2108 2370 2150 insen).
2402 2126 2437 2130 -—

201 2154 290 2198 Epit.
308 2155 428 2187 Theod.
444 2155 497 2195 76,
523 2155 642 2187 Athan.
663 2156 692 2195 1,
709 2161 741 2187 16
766 2154 854 2195 (inde
884 2154 964 2187 Coll.
990 2161 1089 2188 const.
1116 2155 1190 2188 eccl.
1216 2154 1287 2196 III,
1315 2156 1344 2195 1,
1366 2156 1423 2195 16).
1472 2154 1593 2188 Iulian.
1619 2162 1719 2187 const.
1745 2154 1863 2188 LXX.

1234 2253 1343 2288 LXX
1349 2252 1410 2288 VI.

203 2321 396 2373 HAEC
441 2319 893 2371 CONSTITUTJO
940 2320 1523 2371 INTERPRETATUR
1579 2320 1915 2371 PRIOREM
1972 2320 2442 2373 CONSTITUTIO-

204 2389 361 2441 NEM
406 2387 506 2439 DE
545 2388 657 2438 IIS
702 2388 829 2449 QUI
859 2388 1321 2440 MONASTERIA
1359 2387 1899 2439 INGBEDIUNTUR
1939 2388 2041 2439 ΕΤ
2077 2386 2268 2440 BONA
2313 2389 2439 2440 SUA

304 2456 762 2521 CONSECRANT,
802 2457 897 2507 EX
931 2457 1063 2517 QUO
1099 2456 1439 2508 TEMPORE
1469 2456 1627 2507 EAM
1672 2456 1948 2507 VALERE
1978 2457 2347 2510 OPORTEAT.

250 2537 351 2575 Idem
377 2538 562 2583 Auqastus
587 2534 747 2572 Iohanni
767 2535 1031 2582 qloriosissimo
1050 2537 1246 2616 praesecet}
1271 2547 1378 2588 sacro
1397 2536 1592 2588 *praetorio
1617 2536 1764 2577 iterum,
1795 2536 1987 2571 exconsuli
2011 2537 2172 2583 <consuli
2193 2537 2397 2581 ordinario>

1211 2593 1230 2616 e
1263 2586 1436 2627 patrtozo.

346 2649 607 2696 Praefatio.
668 2650 783 2685 Causa
815 2649 990 2685 eiusmodi
1022 2649 1071 2684 ad
1100 2660 1167 2684 nos
1199 2649 1321 2685 delata
1351 2655 1423 2691 est,
1460 2660 1569 2695 quam
1600 2648 1852 2689 existimamus
1887 2649 2112 2686 convenienti
2143 2651 2441 2697 interpretatione

204 2696 311 2732 simed
334 2700 368 2732 et
393 2695 599 2730 adiumento
620 2694 766 2730 anobis
791 2694 1064 2742 impertiendam
1083 2705 1168 2730 esse.
1221 2694 1460 2741 Coqnovimus
1483 2694 1577 2730 enim
1601 2694 1783 2730 mulierem
1809 2695 2004 2740 quandam,
2029 2706 2125 2741 quae
2145 2695 2260 2741 silium
2285 2707 2334 2732 ex
2355 2697 2441 2744 ἱερέ-

207 2743 302 2778 timis
333 2741 401 2776 sibi
433 2740 570 2787 nuptiis
602 2745 727 2775 natum
751 2740 908 2782 haberet,
939 2751 1135 2786 seqre-flare
1166 2751 1243 2776 sese
1275 2751 1298 2775 a
1326 2740 1508 2775 communi
1535 2740 1606 2775 ista
1638 2739 1896 2776 consuetudine
1928 2740 2111 2776 hominum
2146 2742 2242 2777 etin
2266 2743 2441 2778 asceterio

206 2787 363 2834 quodam
388 2786 576 2822 mulierum
600 2796 743 2821 manere
768 2786 1008 2827 constituisse,
1034 2785 1155 2836 multis
1178 2785 1215 2819 in
1237 2785 1404 2821 mulieres
1427 2784 1719 2830 reiiqiosissimas
1743 2784 1792 2820 ibi
1817 2790 2062 2832 eonqreqatas
2087 2786 2268 2832 benefieiis
2287 2787 2440 2823 collatis.

208 2833 257 2868 Ec
281 2843 360 2868 eum
395 2832 458 2867 lex
482 2831 635 2878 pietatis
659 2836 807 2867 nostrae
832 2831 916 2867 velit
947 2842 1010 2866 eos
1041 2831 1106 2876 qui
1134 2831 1307 2866 asceterio
1339 2841 1377 2866 se
1408 2830 1511 2876 ipsos
1534 2831 1719 2865 sacraturi
1746 2830 1819 2866 sint
1842 2831 1916 2867 sive
1941 2831 2039 2867 viros
2070 2833 2144 2868 sive
2168 2832 2334 2868 mulieres
2358 2838 2441 2869 ante

206 2880 408 2925 inqressum
433 2877 471 2911 in
495 2877 753 2912 monasterium
785 2876 829 2912 de
853 2876 960 2913 rebus
982 2877 1058 2911 suis
1082 2887 1123 2911 eo
1146 2887 1217 2922 quo
1243 2876 1352 2912 velint
1376 2875 1480 2910 modo
1507 2874 1712 2921 disponere,
1743 2887 1808 2912 nec
1831 2887 1916 2912 vero
1942 2882 2033 2923 post
2056 2878 2257 2923 inqressum
2281 2879 2320 2913 in
2344 2889 2440 2915 asce-

209 2924 335 2959 terium
359 2923 431 2958 iam
456 2921 654 2969 quidquam
677 2933 785 2968 posse
810 2922 854 2958 de
877 2923 955 2957 suis
978 2921 1085 2958 rebus
1108 2926 1279 2963 statuere,
1315 2921 1451 2967 quippe
1474 2920 1537 2966 qui
1561 2932 1634 2956 non
1660 2921 1817 2967 amplius
1841 2921 1979 2957 domini
2001 2923 2076 2959 sint
2098 2934 2237 2966 rerum,
2269 2925 2440 2970 quoniam

207 2980 273 3004 nos
297 2969 375 3015 leqe
398 2967 589 3004 sanximus
613 2968 788 3003 eiusmodi
814 2967 912 3003 viros
934 2971 969 3003 et
993 2967 1161 3002 mulieres
1192 2978 1271 3001 eum
1296 2977 1451 3013 corpore
1481 2969 1515 3000 et
1538 2966 1660 3001 anima
1692 2967 1772 3013 ipso
1805 2967 1843 3002 in
1874 2968 2133 3004 monasterium
2167 2969 2333 3021 inqressu
2356 2980 2441 3006 eon-

207 3025 352 3049 secrare
374 3024 413 3049 se
436 3014 536 3059 ipsos
559 3017 595 3048 et
618 3024 685 3048 sua
711 3013 804 3048 oona
827 3014 854 3057 <,
876 3017 911 3048 et
933 3012 1109 3058 siquidem
1134 3012 1331 3054 discedant,
1357 3012 1479 3057 utique
1503 3022 1647 3047 manere
1671 3023 1794 3047 eorum
1820 3012 1932 3057 bona>
1956 3014 1993 3048 in
2017 3018 2249 3057 monasteria,
2275 3026 2354 3050 oum
2379 3015 2441 3050 do-

209 3059 295 3094 mini
319 3069 443 3094 eorum
468 3069 541 3093 non
563 3058 719 3103 amplius
742 3058 826 3100 sint,
852 3062 960 3103 atque
977 3057 1070 3099 inde,
1093 3058 1173 3093 ticet
1194 3057 1403 3093 constitutio
1422 3060 1548 3092 nostra
1570 3056 1682 3092 multo
1703 3059 1890 3103 posterior
1913 3058 1960 3093 sit
1979 3059 2139 3094 mulieris
2158 3059 2257 3095 illius
2276 3061 2441 3106 inqressu

209 3105 246 3139 in
276 3115 418 3138 sacram
447 3103 547 3138 iilam
579 3103 741 3145 domum,
777 3108 893 3138 tamen
919 3114 1082 3138 veremur
1111 3114 1156 3138 ne
1180 3104 1245 3148 qui
1264 3104 1366 3148 forte
1395 3114 1472 3138 eam
1492 3106 1677 3147 potestate
1708 3103 1854 3148 privent
1882 3105 2037 3149 proprio
2068 3105 2146 3149 silio
2171 3105 2442 3152 prospiciendi:

256 3196 275 3228 2
290 3197 376 3227 rubr.
401 3193 447 3227 ‘H
466 3192 624 3233 διάταξις
643 3214 686 3218 -—
710 3197 728 3228 5
747 3194 791 3227 τὰ
811 3192 1036 3238 μοναστὴρια
1060 3196 1119 3226 καὶ
1145 3193 1189 3227 τὰ
1215 3194 1292 3236 ἑξῆς
1409 3198 1423 3228 1
1450 3194 1561 3225 Const.
1588 3193 1627 3239 151
1651 3196 1711 3237 ΟΖ]-
1732 3194 1767 3234 (i.
1782 3207 1806 3227 e.
1831 3205 1932 3227 ouum
1954 3208 2014 3229 err.
2030 3208 2068 3229 ex
2089 3187 2167 3237 DZ)
2191 3196 2359 3229 LXXVII
2383 3197 2415 3230 V
2432 3198 2443 3242 Η
2482 3194 2484 3196 ’

211 3242 286 3273 ΑιΙι.
319 3241 408 3285 Περὶ
432 3239 603 3282 μοναχῶν
630 3240 770 3278 Theod.;
805 3241 854 3272 De
879 3239 1117 3272 constitutione
1149 3240 1291 3283 impera·
1363 3242 1381 3274 3
1397 3239 1634 3272 constitutione
1656 3238 1711 3282 Vll
1736 3241 1754 3273 5
1770 3239 1806 3271 in
1824 3252 1881 3272 om.
1899 3240 1931 3272 T
1939 3241 2026 3284 vulq.
2046 3240 2058 3283 ΙΙ
2082 3244 2099 3274 7
2114 3244 2245 3284 oportet
2258 3243 2290 3274 R
2307 3242 2319 3285 ΙΙ
2338 3243 2357 3276 8
2371 3253 2441 3275 eam

211 3285 293 3318 toris
318 3295 401 3327 quae
421 3284 572 3326 loquitur
598 3285 636 3316 de
656 3285 851 3317 substantiis
867 3285 1105 3318 monachorum
1130 3285 1183 3318 vel
1203 3296 1291 3318 asee-
1363 3299 1420 3319 om.
1440 3284 1493 3327 Vll
1524 3286 1564 3318 12
1582 3284 1701 3324 Causa]
1724 3285 1775 3318 Ne
1798 3285 1845 3317 V¹
1867 3285 1878 3327 ΙΙ
1895 3288 2005 3327 quam]
2025 3288 2193 3328 tamquam
2212 3287 2267 3331 Vn
2288 3289 2328 3321 13
2342 3288 2439 3321 exsti-

212 3331 354 3363 triarum
379 3330 440 3362 Iul.
464 3332 519 3372 (cf.
535 3331 565 3370 ς)
594 3329 605 3367 ΙΙ
637 3332 656 3363 6
682 3327 806 3363 αὐτῶν
827 3331 914 3374 υιιΙ9.
947 3329 959 3374 ll
987 3332 1006 3364 9
1032 3327 1176 3378 ἐπάρχῳ
1202 3332 1292 3372 Ath.]
1362 3330 1573 3363 manimusR
1598 3329 1860 3362 existimauimus
1875 3332 1962 3374 vuly.
1981 3331 1993 3374 ΙΙ
2015 3333 2055 3365 14
2068 3331 2284 3365 auditorioR
2302 3332 2314 3377 ΙΙ
2341 3335 2381 3367 16
2393 3344 2440 3366 se-

210 3373 360 3421 ὖπάρχω
388 3375 459 3407 ML
486 3374 498 3418 u
532 3376 572 3408 10
592 3371 720 3418 ὑπάτῳ
743 3373 940 3422 ὀρδιναρίῳ
967 3377 1044 3409 add.
1070 3377 1258 3410 Zachariae
1282 3380 1294 3421 ΙΙ
1363 3378 1537 3418 gregatum
1550 3376 1601 3407 Ra
1617 3376 1628 3417 ΙΙ
1649 3376 1690 3409 20
1704 3375 1915 3408 monasteriis
1930 3376 2064 3418 RVT²J
2090 3378 2125 3409 in
2147 3379 2356 3411 monasteriis
2370 3378 2442 3423 T¹fl

214 3424 257 3456 20
281 3420 401 3465 νόμος]
428 3433 500 3453 που.
523 3420 593 3454 Vc.
610 3422 628 3453 5
645 3420 657 3464 ΙΙ
676 3421 723 3453 εἰς
744 3418 972 3465 ἀσκητήριον]
1005 3422 1216 3454 monasteriis
1241 3434 1259 3458 ς
1282 3426 1293 3459 11
1365 3424 1404 3455 21
1433 3421 1587 3453 dedicant
1611 3420 1661 3453 R²
1674 3421 1744 3462 (om.
1761 3421 1809 3453 R¹
1830 3423 1862 3455 in
1876 3429 1960 3464 spat.
1977 3425 2061 3464 υαο.)
2082 3424 2128 3463 Τ]
2154 3423 2316 3456 dederunt
2340 3425 2368 3457 V
2387 3424 2442 3457 de-

214 3469 257 3501 22
283 3464 503 3506 διατιθέναι]
535 3462 744 3513 διατιθέναι
775 3465 1036 3512 καθιεροῦντας
1068 3463 1089 3509 ἢ
1118 3464 1250 3515 ἄνδρας
1273 3463 1295 3509 ἢ
1366 3466 1476 3499 derint
1498 3467 1586 3510 vulq.
1606 3465 1618 3508 ΙΙ
1641 3466 1852 3508 ingrediatur
1873 3467 1922 3499 R²
1948 3467 2186 3510 ingrediuntur
2208 3469 2240 3501 T
2248 3469 2260 3489 ¹
2286 3467 2298 3512 ΙΙ
2323 3471 2365 3503 22
2383 3481 2442 3503 uo-

213 3514 381 3559 γυναῖκας
405 3512 470 3545 Ma
497 3510 509 3555 ss
536 3512 577 3545 29
603 3512 724 3544 hiatum
748 3513 937 3556 siqnfficczvi
960 3525 997 3545 ex
1022 3524 1040 3548 ς
1064 3514 1293 3556 supplendum:
1364 3513 1466 3545 luerit
1490 3512 1523 3544 R
1555 3510 1738 3544 uoluerunt
1763 3512 1809 3544 Τι
1827 3512 1838 3553 ΙΙ
1871 3513 1912 3545 23
1937 3516 2014 3546 sunt
2039 3524 2097 3546 sua.
2120 3514 2151 3547 V
2169 3513 2181 3558 ss
2209 3515 2253 3547 24
2277 3515 2313 3546 in
2338 3528 2396 3549 om.
2411 3516 2444 3548 R

210 3566 347 3602 propter
383 3558 649 3590 homoeoteleuton
687 3565 762 3600 post
803 3555 866 3590 τὰς
908 3556 1049 3591 ἑαυτῶν
1093 3561 1297 3604 περιουσίας
1364 3559 1449 3602 vulq.
1467 3557 1479 3601 11
1505 3558 1546 3590 26
1567 3557 1779 3590 statuerimus
1800 3556 1853 3600 ΤΙΙ
1879 3568 1938 3590 nos
1963 3571 2020 3591 om.
2038 3559 2068 3591 R
2088 3558 2101 3603 ΙΙ
2129 3560 2169 3593 27
2191 3559 2264 3602 ipso
2289 3573 2347 3594 om.
2362 3561 2409 3594 R·
2432 3560 2444 3604 ΙΙ

217 3605 448 3636 interciderunt
468 3605 566 3636 verba
590 3604 648 3635 καὶ
674 3601 773 3648 εἴπερ
791 3599 1072 3648 ἀναχωρήσαιεν,
1093 3606 1216 3647 μένειν
1238 3605 1296 3636 καὶ
1330 3615 1331 3622 ³
1366 3605 1407 3637 28
1433 3603 1543 3635 dicare
1565 3603 1648 3636 VT¹
1672 3602 1684 3647 Η
1723 3604 1764 3636 29
1791 3602 1990 3636 decesserint
2013 3604 2046 3637 R
2075 3604 2086 3648 ΙΙ
2117 3605 2164 3637 sie
2190 3605 2289 3638 etiam
2310 3606 2345 3640 V
2366 3606 2378 3649 ΙΙ
2408 3607 2443 3638 in

216 3644 329 3681 οὕτως
353 3648 415 3682 τὰς
440 3644 564 3681 αὐτῶν
588 3651 793 3692 περιουσίας
817 3649 871 3691 (cf.
894 3661 965 3682 nov.
988 3649 1060 3682 Vc.
1074 3651 1107 3691 4)
1134 3649 1146 3692 ΙΙ
1171 3652 1213 3683 30
1238 3651 1296 3681 καὶ
1366 3649 1563 3682 monasterio
1591 3649 1683 3681 Beck
1706 3647 1718 3692 ΙΙ
1749 3649 1790 3682 32
1816 3649 1904 3689 quod
1930 3650 1991 3682 del.
2008 3650 2100 3683 Beck
2126 3650 2137 3693 ss
2169 3651 2212 3683 34
2238 3650 2444 3695 *prohibent

218 3693 405 3734 ἐντεῦθεν]
431 3694 509 3726 hinc
527 3695 637 3726 autem
658 3706 686 3730 ς.
721 3695 780 3726 καὶ
798 3695 966 3728 abundare
989 3702 1092 3728 censet
1111 3695 1297 3729 Zachariae
1368 3695 1458 3736 libri,
1489 3693 1704 3736 prohiberent
1728 3695 1813 3736 vulfl-

219 3751 279 3772 non
307 3747 388 3772 reete
1332 3754 1334 3759 ⁴

2178 3798 2241 3831 48*
