2618 4010
246 141 356 184 Nov.
377 140 533 183 XCVII
563 143 599 181 4.
621 141 655 183 5,
1307 135 1394 183 474
1816 153 1876 184 nn
1905 151 2219 190 AEQUALITATE
2247 150 2378 183 nous
2404 151 2462 182 m

244 253 305 327 ’5¹ss
335 251 451 303 ‘³⁷²7‘5‘
480 246 525 326 ‘2³³
529 247 688 327 ‘infit
690 261 709 282 ⁰
733 249 942 328 Zyffssvmssssv
955 248 1240 328 τῷἕῖῗέῗέἔέῳ
1262 252 1322 284 ’‘“²
1390 248 1984 331 bsstssssnissffieumssss2⁰ssstst¹fu3²⁰⁰
1998 250 2079 332 1¹³5&
2129 249 2343 332 35⁸3&AEss
2373 259 2462 330 {⁸:5¹3
2517 252 2519 254 ’

242 306 591 383 μῖεξνοῖιουκῖιῖιιέτὲἕον
620 306 851 382 ιτνέιφμόνον
872 307 960 373 &ovs
975 307 1048 373 ἷπῖ
1058 337 1178 382 τούτῳ
1202 307 1319 374 85:12²!-
1389 304 1466 374 {olo
1499 338 1599 373 casui
1628 304 1754 373 elidere
1783 306 1998 383 mulierenil,u
2011 350 2126 387 neque
2156 340 2261 376 facile
2284 321 2460 375 erehendo

243 394 378 425 σαντα,
402 383 522 426 τούτῳ
543 382 647 426 μόνῳ
671 384 725 426 τῷ
749 383 886 428 &duan
917 386 1147 429 παραχωρεῖν
1175 383 1244 418 τ“ν
1263 397 1321 428 γυ-
1391 392 1504 427 neque
1533 392 1599 427 per
1629 385 1757 427 testes,
1795 383 1857 418 sed
1886 385 2026 429 negotio
2060 389 2097 421 et
2130 387 2265 430 scripto
2294 387 2394 429 gaeto
2425 388 2461 419 et

242 430 364 468 ναῖκα,
397 425 489 471 μηδὲ
519 423 618 470 αὐτῷ
647 432 843 474 προχείρως
872 431 1119 472 πιστευομένῳ
1148 441 1197 473 μη
1223 430 1240 462 ὲ
1262 427 1322 463 διὰ
1357 432 1376 464 5
1390 428 1535 462 testium
1558 427 1712 463 habente
1736 427 2016 474 subscriptiones
2045 434 2082 466 et
2103 431 2181 477 ipso
2205 440 2312 475 opere
2335 439 2459 474 proce-

240 471 449 518 μαρτύρων,
479 469 569 506 ἀλλὰ
592 473 657 506 τοῦ
681 473 888 519 πράγματος
916 476 976 507 καὶ
1000 474 1186 520 ἐγγράφως
1207 486 1320 518 πρατ-
1391 473 1507 508 dente.
1552 472 1654 508 Tune
1685 472 1780 508 enim
1809 473 1841 508 si
1871 483 1935 525 per
1963 485 2100 511 omnem
2134 475 2335 511 huiusmodi
2369 474 2460 510 viam

241 520 392 561 τομε’νου
415 519 475 551 καὶ
497 516 694 563 μαρτύρων
725 520 866 561 ἔχοντος
897 515 1036 564 ὑπογρα
1068 519 1109 552 ὰς
1135 521 1195 552 καὶ
1220 515 1319 560 αὐτῷ
1391 527 1501 553 causa
1529 517 1717 563 procedat,
1750 517 1988 562 suspicionem
2019 530 2089 555 non
2120 520 2262 564 habeat,
2299 522 2335 555 et
2365 530 2459 555 com-

242 563 294 604 τῷ
328 563 420 609 ἔργῳ
452 565 722 607 προβαίνοντος.
771 561 857 597 τότε
887 562 957 609 γὰρ
983 565 1014 597 εἰ
1038 533 1098 598 διὰ
1123 562 1238 606 πάσης
1261 564 1321 605 τῆς
1389 563 1479 607 petit
1502 563 1753 598 contrahentes
1784 562 1937 608 propriis
1969 574 2040 600 non
2062 566 2210 610 privari:
2247 566 2325 601 aliis
2350 564 2461 600 omni·

241 605 407 650 τοιαύτης
437 604 524 641 ὁδοῦ
556 607 599 641 τὸ
623 609 773 654 πρᾶγμα
802 607 997 654 προέλθοι,
1028 608 1071 643 τὸ
1104 607 1321 643 ἀνύποπτον
1390 608 1456 643 bus
1502 608 1681 643 raevalere
1696 608 1879 643 mulierem
1898 608 2093 644 secundum
2111 611 2206 655 quod
2224 611 2294 646 iam
2315 621 2338 646 a
2358 610 2460 645 nobis

242 653 322 696 ἔχει,
346 655 406 686 καὶ
430 651 595 698 προςήκει
619 656 678 686 καὶ
701 652 784 687 τοὺς
806 652 1078 698 συμβάλλοντας
1100 652 1149 698 μὴ
1173 655 1252 688 τῶν
1271 654 1320 687 οἱ·
1336 656 1377 688 10
1389 653 1440 689 eis
1490 656 1588 689 atum
1612 658 1667 689 est
1690 653 1922 698 privilegium.

242 700 349 731 κείων
379 693 681 742 ἀποστερεῖσθαι·
715 699 793 732 τῶν
825 696 864 732 δὲ
886 697 1010 733 ἄλλων
1034 697 1214 733 ἁπάντων
1237 711 1320 743 κρα-

241 745 317 776 τεῖν
339 742 408 785 τὴν
431 746 583 789 γυναῖκα
606 743 699 777 κατὰ
722 743 766 778 τὸ
791 741 859 787 ἤδη
884 741 972 789 παρ’
992 742 1097 789 ἡμῶν
1120 741 1244 778 αὐταῖς
1268 741 1320 778 δε-

243 784 394 831 δομένον
419 787 627 833 προνόμιον.

1241 867 1397 904 CAPUT
1420 867 1462 903 V.

295 919 441 966 Ἐπειδὴ
471 920 511 957 δὲ
541 919 609 966 ἤδη
639 921 754 967 νόμον
785 921 1004 970 ἐγράψαμεν,
1037 920 1125 958 ὥςτε
1155 924 1222 959 τὸν
1251 938 1320 960 πα-
1447 922 1536 967 Quia
1558 932 1639 958 vero
1663 923 1732 958 iam
1755 924 1867 969 legem
1892 925 2108 970 scripsimus,
2141 927 2182 960 ut
2204 928 2326 970 patres
2356 927 2462 961 semel

241 970 329 1013 τέρα
359 963 461 1008 ἅπαξ
493 965 670 1002 ἐπιδόντα
693 971 824 1014 προῖκα
853 967 944 1014 ὑπὲρ
967 969 1150 1016 θυγατρὸς
1173 967 1320 1011 ὑπεξου-
1337 973 1376 1004 15
1390 968 1577 1004 offerentes
1611 967 1729 1003 dotem
1760 980 1825 1014 pro
1855 970 1928 1005 filia
1959 971 2026 1006 sub
2056 974 2249 1015 potestate,
2286 973 2348 1005 aut
2376 980 2462 1006 suae

243 1016 331 1055 σίας,
351 1010 374 1056 ἢ
391 1009 617 1054 αὖτεξουσίας
631 1015 709 1057 με’ν,
733 1016 802 1056 τὴν
819 1011 858 1047 δὲ
874 1012 1097 1048 ἐπανάδοσιν
1119 1016 1167 1049 εἰς
1190 1015 1322 1049 ἑαυτὸν
1414 1013 1530 1048 uidem
1551 1014 1749 1057 potestatis,
1771 1015 2007 1051 reversionem
2027 1020 2145 1050 autem
2163 1015 2200 1050 in
2218 1018 2329 1051 semet
2346 1015 2462 1060 ipsum

242 1058 466 1101 πεποιηκότα
493 1073 598 1100 een,
634 1059 795 1102 ἐζητήθη
826 1057 924 1103 παρά
950 1071 1058 1101 τισιν,
1090 1061 1121 1094 εἰ
1144 1058 1322 1105 προςῆκόν
1406 1059 1598 1102 unientem,
1635 1059 1834 1103 quaesitum
1865 1065 1919 1096 est
1948 1061 2044 1106 apud
2076 1061 2228 1106 aliquos,
2263 1061 2293 1096 si
2324 1070 2460 1105 compe-

242 1104 320 1137 ἐστι
354 1102 632 1147 τελευτήσαντος
665 1105 730 1137 τοῦ
761 1105 925 1150 γαμβροῦ
960 1107 1021 1138 καὶ
1051 1104 1322 1147 ἐπανελθούσης
1390 1109 1469 1139 tens
1490 1107 1544 1138 est
1563 1104 1736 1139 moriente
1755 1115 1884 1149 genero
1905 1110 1939 1141 et
1958 1111 2136 1141 remeante
2159 1106 2206 1141 ad
2251 1107 2361 1141 atrem
2381 1105 2464 1141 dote

242 1149 289 1182 εἰς
322 1148 391 1182 τὸν
422 1152 562 1193 πατέρα
595 1149 658 1192 τῆς
692 1146 783 1194 παρ’
815 1147 926 1183 αὐτοῦ
959 1148 1147 1195 δεδομένης
1176 1151 1323 1194 προικὸς
1392 1159 1482 1192 quae
1505 1149 1550 1183 ab
1575 1158 1615 1184 eo
1641 1148 1726 1184 data
1749 1153 1820 1192 est,
1850 1151 1943 1186 hanc
1966 1156 2104 1196 patrem
2132 1161 2205 1187 sem
2260 1150 2463 1186 offerentem

242 1190 380 1236 ταύτην
398 1193 466 1228 τὸν
482 1197 621 1238 πατέρα
639 1194 707 1228 τὸν
722 1191 824 1235 ἅπαξ
854 1193 1102 1230 ἐπιδεδωκότα
1135 1194 1322 1230 δύνασθαι
1336 1197 1377 1229 20
1391 1204 1496 1239 posse
1531 1194 1578 1229 ad
1608 1194 1783 1230 secundas
1813 1197 1974 1231 veniente
2009 1196 2082 1231 filia
2116 1196 2260 1241 nuptias
2293 1196 2462 1237 minuere,

242 1239 290 1272 εἰς
319 1236 499 1284 δευτέρους
529 1235 789 1285 ἆφικνουμένης
817 1241 879 1283 τῆς
907 1239 1038 1275 παιδὸς
1065 1240 1197 1287 γάμους
1221 1240 1321 1275 ἐλατ·
1390 1244 1454 1274 aut
1477 1239 1546 1274 hoc
1569 1249 1640 1274 non
1664 1239 1801 1283 facere,
1827 1242 2039 1286 cogitantem
2071 1242 2154 1287 quia
2179 1242 2286 1277 semel
2310 1241 2464 1276 alienata

241 1285 342 1327 τοῦν,
367 1282 389 1327 ἢ
412 1285 519 1318 τοῦτο
541 1284 591 1328 μὴ
615 1287 744 1328 ποιεῖν,
768 1284 1044 1330 ἐνθυμούμενον
1072 1284 1120 1320 ὠς
1144 1283 1245 1326 ἅπαξ
1268 1288 1321 1319 ἐκ·
1391 1288 1445 1319 est
1467 1284 1513 1319 ab
1537 1284 1613 1319 eius
1638 1285 1857 1329 substantia,
1885 1287 1947 1322 sed
1970 1287 2049 1332 ipsa
2071 1297 2238 1322 mensura
2260 1287 2293 1322 ei
2316 1287 2463 1322 nubenti

243 1333 438 1372 πεποίηται
453 1330 516 1373 τῆς
531 1326 643 1364 αὑτοῦ
659 1334 880 1375 περιουσίας,
904 1329 995 1365 ἀλλὰ
1011 1333 1063 1374 τῷ
1082 1328 1180 1374 αὐτῷ
1201 1335 1321 1377 μέτρῳ
1391 1340 1514 1365 rursus
1539 1329 1639 1371 dare,
1672 1332 1853 1376 tamquam
1884 1332 1915 1367 si
1946 1342 2012 1367 nec
2043 1332 2250 1377 contigisset
2272 1331 2461 1367 viduatam.

244 1372 334 1421 αὐτῇ
365 1378 570 1422 γαμουμένῃ
606 1373 716 1410 πάλιν
747 1373 905 1418 διδόναι,
941 1373 1057 1421 ὥςπερ
1093 1374 1140 1410 ἂν
1172 1378 1202 1410 εἰ
1232 1375 1323 1420 μηδὲ
1390 1375 1468 1410 Hoc
1500 1375 1593 1410 enim
1617 1375 1720 1411 nobis
1750 1377 1950 1412 nuntiatum
1975 1381 2047 1420 est,
2082 1378 2164 1422 quia
2187 1378 2332 1422 triginta
2354 1377 2462 1412 libra-

242 1421 342 1462 ἔτυχε
365 1421 576 1465 χηρεύσασα.
623 1422 729 1455 τοῦτο
752 1421 822 1467 γὰρ
845 1422 914 1455 νῦν
945 1416 1031 1466 ἦμῖν
1061 1421 1321 1468 προςηγγέλθη,
1335 1422 1376 1455 25
1390 1431 1469 1455 rum
1493 1420 1571 1455 auri
1602 1420 1745 1465 quidam
1774 1424 1879 1466 pater
1901 1422 2057 1458 existens
2079 1422 2209 1458 obtulit
2232 1423 2366 1463 dotem,
2403 1422 2462 1457 de-

243 1461 302 1499 ὅτι
337 1465 532 1510 τριάκοντα
567 1469 711 1511 χρυσίου
751 1465 884 1511 λιτρῶν
919 1466 1040 1511 πατήρ
1075 1479 1128 1501 τις
1163 1465 1322 1501 ἐπέδωκε
1389 1465 1471 1500 inde
1502 1465 1576 1500 filia
1603 1465 1749 1501 viduata
1783 1470 1818 1502 et
1848 1467 1894 1502 ad
1922 1468 2096 1503 secundas
2127 1467 2289 1503 veniente
2319 1467 2463 1512 nuptias

243 1513 390 1555 προῖκα,
421 1510 499 1545 εἶτα
522 1512 584 1554 τῆς
608 1511 789 1557 θυγατρὸς
812 1512 1042 1557 χηρευθείσης
1065 1515 1125 1545 καὶ
1150 1511 1322 1557 δευτέροις
1390 1521 1462 1546 non
1485 1511 1556 1545 iam
1579 1511 1722 1554 triginta
1744 1511 1821 1556 ipse
1846 1513 1984 1554 obtulit,
2015 1514 2077 1548 sed
2101 1513 2256 1558 quinque
2284 1516 2319 1548 et
2342 1513 2467 1557 decem>

243 1550 461 1599 ὅμιλησάσης
477 1553 603 1602 γάμοις
617 1553 678 1589 οὐκ
696 1558 749 1590 ἔτι
766 1557 829 1590 τὰς
844 1556 1039 1602 τριάκοντα
1056 1556 1188 1592 ταύτας
1204 1555 1320 1591 ἐπιδέ-
1391 1556 1496 1597 solas,
1522 1556 1687 1600 quoniam
1706 1557 1903 1601 contigerat
1923 1559 2102 1594 mulierem
2121 1559 2295 1594 lucratam
2314 1557 2463 1593 mediam

244 1598 371 1643 δωκεν,
392 1597 478 1635 ἀλλὰ
504 1599 761 1635 πεντεκαίδεκα
783 1601 908 1645 μόνον,
936 1600 1127 1647 ἐπειδήπερ
1153 1605 1273 1645 ἔτυχεν
1297 1599 1318 1645 ἦ
1389 1601 1645 1646 antenuptialis
1670 1602 1871 1638 donationis
1892 1608 2029 1648 partem
2051 1604 2089 1639 in
2109 1604 2263 1648 quinque
2285 1607 2321 1639 et
2341 1603 2463 1640 decem

242 1646 331 1692 γυνὴ
366 1643 571 1691 κερδάνασα
605 1646 648 1680 τὸ
680 1646 788 1691 ἥμισυ
823 1649 886 1691 τῆς
916 1652 1155 1694 προγαμιαίιις
1179 1646 1322 1693 ,δωρεᾶς
1334 1648 1375 1681 30
1390 1647 1468 1681 auri
1499 1646 1599 1682 libris
1629 1647 1855 1691 existentem,
1887 1652 1923 1683 et
1945 1651 2047 1693 pater
2077 1658 2300 1694 nequaquam
2330 1648 2374 1684 de
2397 1659 2462 1684 suo

242 1694 345 1736 μέρος
361 1693 401 1726 ἐν
417 1689 673 1726 πεντεκαίδεκα
697 1695 839 1735 χρυσίου
860 1692 995 1738 λίτραις
1014 1691 1069 1736 ὄν,
1088 1691 1183 1727 καὶὸ
1201 1693 1321 1737 πατὴρ
1389 1692 1518 1727 obtulit
1540 1692 1684 1736 triginta
1706 1692 1827 1736 libras,
1856 1694 1918 1729 sed
1942 1695 2096 1739 quinque
2121 1695 2260 1738 quidem
2284 1698 2319 1729 et
2341 1694 2463 1729 decem

242 1733 306 1770 οὐκ
338 1738 392 1771 ἔτι
417 1738 455 1770 ἐκ
483 1737 560 1771 τῶν
583 1737 712 1771 ἑαυτοῦ
744 1737 809 1771 τὰς
831 1737 1028 1784 τριάκοντα
1051 1736 1246 1772 ἐπιδέδωκε
1270 1737 1319 1772 m-
1389 1737 1466 1782 ipse
1489 1737 1687 1782 quindecim
1718 1748 1800 1774 vero
1823 1749 1867 1773 ex
1890 1739 1990 1774 lucro
2013 1740 2180 1775 mulieris.
2226 1739 2309 1775 Non
2331 1739 2463 1775 iustum

242 1793 344 1827 τρας,
369 1779 460 1816 ἀλλὰ
484 1780 741 1816 πεντεκαίδεκα
762 1784 830 1826 μὲν
855 1781 980 1827 αὐτός,
1003 1782 1259 1818 πεντεκαίδεκα
1284 1782 1322 1817 δὲ
1389 1782 1496 1825 igitur
1526 1782 1787 1818 aestimavimus
1818 1783 1888 1819 hoc
1919 1794 2008 1826 esse,
2038 1784 2102 1820 sed
2127 1784 2287 1820 Similiter
2315 1784 2351 1819 in
2375 1784 2462 1819 divi-

243 1827 283 1860 έκ
306 1828 370 1861 τοῦ
393 1824 537 1873 κέρδους
559 1828 622 1870 τῆς
643 1827 816 1873 γυναικός.
859 1826 900 1862 ού
925 1826 1067 1873 δίκαιον
1089 1833 1213 1863 τοίνυν
1236 1828 1258 1871 ἡ
1284 1842 1321 1871 η-
1390 1827 1490 1863 sione
1520 1827 1653 1863 habere
1683 1827 1823 1872 quidem
1853 1838 1931 1864 eam
1957 1830 2187 1875 praecipuum
2211 1829 2462 1875 antenuptialis

243 1872 392 1916 σάμεθα
422 1873 531 1907 τοῦτο
560 1870 806 1916 καθεστάναι,
837 1869 918 1907 ἀλλ’
945 1872 1077 1918 ὁμοίως
1108 1874 1148 1908 ἐν
1176 1875 1219 1921 τῇ
1245 1842 1320 1907 ὁζα-
1334 1875 1377 1907 35
1390 1872 1592 1908 donationis
1624 1873 1780 1917 lucrum,
1814 1883 1859 1908 ex
1890 1875 2047 1918 paternis
2082 1880 2202 1910 autem
2237 1876 2393 1920 quinque
2426 1877 2464 1910 et

243 1918 335 1964 νομῇ
364 1918 458 1960 ἔχειν
515 1919 554 1951 ἐν
577 1914 692 1951 αὗτ“ν
717 1917 900 1964 ἐξαίρετον
923 1918 964 1952 τὸ
990 1919 1052 1962 τῆς
1084 1922 1323 1965 προγαμιαίας

244 1959 381 2007 δωρεᾶς
412 1931 548 2008 κέρδιιιιε,
578 1965 616 1997 ἐκ
670 1964 687 1995 ὲ
716 1964 794 1997 τῶν
825 1963 1013 2010 πατρῴων
1042 1964 1106 1998 τὰς
1137 1968 1322 1998 πεντεκαί-

311 2042 337 2064 c.
360 2030 392 2063 V
410 2043 560 2064 summam
587 2033 681 2064 habet
704 2032 854 2074 Epitome
876 2033 923 2064 ad
946 2032 1062 2064 Proch.
1085 2039 1206 2064 mutata
1226 2034 1256 2070 8,
1274 2039 1310 2065 63
1335 2032 1537 2069 (Zachariae
1561 2034 1594 2064 in
1618 2033 1668 2065 ed.
1693 2033 1820 2066 Novell.
1840 2034 1885 2067 II
1901 2047 1934 2076 p.
1951 2034 2038 2075 118).

244 2107 313 2143 hoc
335 2108 454 2154 ipsum
477 2109 514 2143 in
536 2108 774 2144 instrumento
798 2109 1043 2155 conscriptum
1074 2113 1109 2143 et
1133 2114 1285 2155 pactum
1316 2119 1359 2143 ea
1389 2108 1432 2143 de
1461 2120 1503 2144 re
1534 2110 1771 2155 compositum
1801 2110 1867 2153 sit,
1899 2114 1939 2145 ut
1962 2121 2049 2145 casu
2072 2110 2248 2146 existente
2263 2111 2394 2157 potior
2415 2112 2465 2148 sit

242 2152 345 2189 solus
374 2153 438 2199 qui
468 2153 507 2188 in
538 2164 616 2189 eam
646 2164 721 2188 rem
751 2153 922 2189 credidit:
956 2157 997 2188 ut
1028 2152 1111 2188 kuic
1142 2164 1275 2188 causae
1304 2153 1378 2188 soli
1406 2153 1535 2189 mulier
1566 2154 1690 2197 cedat,
1721 2165 1764 2189 ac
1792 2166 1838 2190 ne
1860 2155 1932 2207 ipsi
1963 2154 2104 2201 quidem
2131 2160 2259 2191 temere
2289 2167 2375 2192 neve
2392 2166 2464 2202 per

247 2203 352 2234 testes
371 2198 465 2243 fides
484 2197 669 2241 habeatur,
694 2197 759 2234 sed
780 2209 839 2234 res
863 2203 897 2234 et
920 2199 958 2232 in
977 2198 1125 2245 scriptis
1148 2203 1282 2244 aqatur
1306 2203 1340 2234 et
1366 2199 1505 2233 testium
1530 2198 1662 2234 habeat
1683 2199 1966 2246 subscriptiones
1988 2205 2022 2235 et
2041 2200 2122 2245 ipso
2148 2211 2257 2246 opere
2274 2202 2462 2247 procedat.

246 2243 346 2278 Tunc
374 2243 468 2280 enim
498 2244 532 2278 si
559 2254 628 2290 per
660 2254 798 2279 omnem
828 2242 1005 2279 eiusmodi
1033 2245 1127 2279 viam
1158 2254 1218 2279 res
1234 2245 1476 2290 processerit,
1507 2244 1713 2290 suspicione
1744 2249 1855 2287 caret,
1888 2250 1998 2291 atque
2023 2248 2192 2280 convenit
2224 2250 2265 2280 ut
2292 2246 2355 2298 qui
2379 2257 2463 2282 con-

245 2289 428 2324 traxerint
449 2290 557 2325 rebus
579 2289 654 2324 suis
677 2299 751 2324 non
773 2290 981 2335 priventur.-
1017 2289 1145 2325 ceteris
1168 2293 1287 2324 autem
1316 2288 1480 2324 omnibus
1509 2289 1637 2325 mulier
1657 2291 1897 2336 praeferatur
1926 2290 2120 2326 secundum
2141 2290 2369 2337 priviteqzum
2392 2292 2464 2328 iam

243 2345 267 2369 a
290 2333 393 2368 nobis
416 2333 624 2369 mulieribus
646 2333 779 2369 datum.

379 2379 421 2414 V.
469 2378 647 2422 Quoniam
678 2384 798 2414 autem
829 2379 903 2414 iam
936 2378 1048 2425 leqem
1079 2378 1369 2424 conscripsimus,
1401 2382 1441 2413 ut
1466 2383 1578 2424 pater
1608 2379 1672 2424 qui
1701 2379 1811 2415 semel
1838 2379 1954 2415 dotem
1977 2380 2073 2416 dedit
2096 2392 2170 2427 pro
2190 2380 2271 2426 filia
2299 2380 2363 2416 sub
2387 2382 2465 2417 eius

241 2428 422 2472 potestate
446 2425 662 2467 constituta,
693 2424 749 2460 vel
770 2425 831 2459 sui
851 2423 994 2469 quidem
1018 2424 1109 2458 iuris
1130 2424 1255 2468 facta,
1287 2423 1351 2458 sed
1374 2428 1415 2458 ut
1437 2424 1616 2459 restitutio
1647 2424 1715 2460 sibi
1735 2425 1803 2469 fiat
1826 2429 1960 2471 pactus
1984 2430 2039 2461 est
2062 2440 2160 2468 uu,
2191 2426 2392 2478 quaesitum
2411 2430 2466 2462 est

244 2469 346 2516 apud
360 2469 568 2511 nonnullos,
591 2473 712 2505 utrum
728 2470 942 2505 conveniens
956 2469 1006 2504 sit
1028 2475 1068 2504 ut
1087 2468 1261 2514 defuncto
1284 2479 1418 2514 qenero
1443 2473 1477 2503 et
1499 2474 1645 2505 reversa
1665 2469 1715 2505 ad
1721 2474 1869 2516 patrem
1889 2470 1971 2506 dote
1994 2482 2102 2517 quam
2123 2471 2232 2514 dedit,
2250 2482 2327 2506 eam
2341 2476 2463 2518 pater,

244 2515 310 2561 qui
329 2514 438 2550 semet
460 2525 539 2550 eam
563 2514 678 2557 dedit,
706 2514 787 2559 filia
818 2513 868 2549 ad
889 2514 1066 2550 secundas
1095 2515 1243 2560 nuptias
1273 2514 1433 2549 veniente
1464 2514 1623 2549 minuere
1646 2516 1785 2567 possit,
1817 2527 1864 2549 an
1897 2515 1935 2550 id
1956 2517 2084 2563 facere
2115 2527 2159 2551 ne
2185 2520 2269 2552 ueat
2290 2521 2465 2563 reputans

244 2570 322 2596 eam
344 2559 456 2595 semel
475 2571 499 2595 a
521 2559 723 2595 substantia
745 2570 814 2595 sua
833 2570 910 2595 esse
933 2560 1146 2601 alienatam,
1175 2558 1240 2594 sed
1261 2559 1385 2594 eadem
1408 2569 1576 2594 mensura
1598 2559 1651 2594 illi
1676 2559 1822 2595 nubenti
1845 2561 1974 2595 iterum
1998 2560 2087 2596 dare
2110 2561 2154 2596 de
2178 2566 2247 2605 eat,
2283 2565 2464 2608 tamquam

243 2605 276 2640 si
296 2605 405 2641 vidua
426 2605 533 2650 facta
563 2616 637 2640 non
660 2610 761 2640 esset.
812 2604 893 2640 Hoc
916 2605 1009 2640 enim
1036 2615 1132 2639 nuiic
1162 2604 1265 2640 nobis
1296 2604 1499 2639 nuntiatum
1530 2608 1594 2648 est,
1619 2610 1766 2650 patrem
1795 2605 1973 2651 quendam
2006 2606 2156 2651 triqinta
2180 2606 2354 2641 librarum
2382 2607 2465 2642 auri

245 2650 364 2686 dotem
387 2649 538 2693 dedisse,
570 2650 699 2686 deinde
724 2650 805 2695 filia
836 2650 944 2685 vidua
971 2650 1078 2695 facta
1108 2654 1143 2685 et
1172 2649 1350 2684 secundas
1381 2650 1530 2701 nuptias
1553 2649 1788 2685 contrahente
1819 2661 1891 2685 non
1914 2651 2071 2697 amplius
2096 2651 2247 2697 triqinta
2269 2651 2371 2694 illas,
2401 2652 2466 2688 sed

245 2695 447 2741 quindecim
473 2699 609 2731 tantum
634 2694 790 2738 dedisse,
820 2695 991 2741 quoniam
1022 2695 1151 2729 mulier
1180 2694 1282 2740 forte
1311 2694 1495 2729 dimidiam
1545 2699 1658 2730 artem
1683 2694 1891 2730 donationis
1922 2700 2004 2731 ante
2024 2706 2072 2730 nu
2102 2697 2171 2731 tias
2201 2696 2239 2731 in
2288 2696 2464 2732 uindecim

245 2740 348 2776 tibris
371 2740 454 2776 auri
485 2744 709 2776 constantem
733 2741 877 2776 lucrata
906 2744 986 2776 erat
1016 2745 1127 2786 atque
1143 2743 1256 2786 pater
1283 2750 1357 2775 non
1387 2739 1460 2774 iam
1517 2752 1536 2774 e
1559 2741 1633 2775 suis
1655 2740 1762 2775 rebus
1783 2740 1933 2792 triginta
1963 2740 2047 2775 illas
2085 2740 2182 2776 ibras
2205 2740 2249 2776 de
2274 2746 2369 2783 erat,
2400 2742 2466 2778 sed

246 2785 447 2832 quindecim
466 2785 613 2837 quidem
635 2786 724 2832 ipse,
755 2785 957 2831 quindecim
981 2790 1099 2821 autem
1123 2795 1173 2820 ex·
1195 2784 1297 2820 lucro
1328 2784 1497 2820 mulieris.
1546 2784 1630 2820 Non
1661 2786 1792 2820 iustum
1821 2786 1935 2831 tyitur
1966 2787 2033 2821 lzoc
2062 2796 2139 2821 esse
2168 2786 2462 2828 existimavimus,

247 2842 366 2867 verum
383 2835 530 2878 pariter
550 2831 587 2866 in
603 2830 779 2866 divisione
802 2841 880 2866 eam
897 2830 1036 2865 lucrum
1059 2830 1269 2865 donationis
1292 2833 1376 2865 ante
1391 2830 1540 2876 nuptias
1554 2830 1797 2876 praecipuum
1813 2830 1953 2873 habere,
1978 2841 2029 2866 ex
2043 2832 2207 2877 paternis
2227 2835 2344 2866 autem
2361 2831 2464 2867 bonis

305 2923 325 2956 2
348 2923 541 2966 συμφωνία
566 2921 676 2954 Tract.
701 2922 741 2954 de
765 2922 894 2954 creditis
911 2920 924 2964 ΙΙ
946 2918 1081 2953 κοίοσου
1108 2921 1191 2961 ML]
1215 2918 1325 2953 κάσου
1451 2922 1467 2954 1
1493 2920 1616 2953 factum
1641 2919 1732 2959 RTn
1751 2923 1789 2952 ut
1810 2920 1946 2964 Vvul9,]
1972 2923 2005 2952 et
2023 2921 2108 2954 RT¹
2133 2923 2165 2953 et
2186 2923 2223 2953 ut
2248 2919 2298 2954 Τ2
2313 2919 2325 2963 ΙΙ
2349 2922 2369 2954 2
2393 2922 2463 2963 qui]

246 2979 316 3001 cum
340 2967 523 3010 Ser-impero
546 2966 645 3010 only„
677 2966 779 3018 ἔργου
798 2966 835 2999 Β
857 2967 964 3007 (casov
984 2963 1083 2999 τινὸς
1107 2967 1324 3009 συμβαίνον-
1393 2964 1473 3007 quia
1494 2965 1527 2998 V
1546 2965 1559 3009 fl
1581 2965 1660 2998 huic
1685 2965 1790 3007 Beck]
1815 2967 1848 2998 et
1870 2965 1949 2998 huic
1973 2966 2050 2999 iibri
2071 2965 2084 3010 ss
2113 2966 2133 2999 3
2155 2965 2353 2999 credendum
2379 2967 2463 3009 libri,

246 3021 307 3046 τος
331 3012 453 3046 Theod.
476 3010 514 3043 in
537 3021 614 3044 casu
638 3011 779 3044 militiae
802 3011 880 3053 Iul.)
897 3010 910 3053 ΙΙ
933 3013 1127 3056 γενομένου
1151 3011 1259 3043 Tract.
1285 3012 1325 3044 de
1392 3023 1474 3043 corr.
1490 3011 1582 3044 Beck
1597 3012 1609 3054 ΙΙ
1632 3012 1653 3044 4
1678 3012 1711 3043 et
1733 3010 1857 3053 scripto
1880 3011 1968 3053 RV]
1993 3021 2032 3043 ex
2051 3011 2174 3054 scripto
2202 3011 2325 3055 Tvulq.
2343 3011 2355 3055 Ε
2372 3014 2465 3054 gesto

247 3058 377 3092 creditis
393 3055 406 3100 ΙΙ
422 3058 444 3091 4
466 3054 583 3100 μόνον
599 3057 668 3089 LB
684 3057 697 3100 ΙΙ
713 3055 873 3099 &eopia-n
890 3057 920 3088 L
937 3056 950 3099 ΙΙ
971 3058 1011 3091 10
1027 3056 1109 3110 ἔχει]
1133 3055 1253 3088 habeat
1272 3067 1292 3092 ς
1313 3053 1325 3100 ΙΙ
1392 3055 1509 3088 om.R¹
1526 3055 1539 3099 ΙΙ
1556 3058 1590 3088 et
1606 3068 1663 3089 om.
1673 3056 1707 3088 R
1723 3055 1736 3099 ΙΙ
1753 3057 1772 3089 5
1786 3056 1961 3089 habentem
1975 3056 2018 3089 Τι
2034 3057 2046 3098 ΙΙ
2065 3057 2085 3089 6
2096 3056 2125 3088 si
2136 3067 2196 3100 per
2208 3058 2348 3097 omnem]
2365 3067 2464 3100 super

246 3103 307 3135 καὶ
325 3100 420 3143 τοὺς]
436 3102 496 3134 καὶ
513 3114 572 3135 om.
585 3102 638 3138 L:
653 3101 665 3146 ΙΙ
691 3099 963 3145 συμβάλλοντας
976 3102 1046 3142 Mc]
1071 3097 1168 3134 ου’τω
1188 3096 1324 3144 συμβά-
1391 3111 1521 3133 omnem
1535 3101 1568 3134 T
1585 3101 1840 3143 supernam&
1858 3100 1870 3145 ΙΙ
1894 3104 1912 3135 ’7
1933 3111 2064 3135 causam
2086 3101 2138 3134 V‘*
2156 3101 2169 3145 fl
2189 3102 2464 3135 suun-tionem

247 3145 376 3181 λοντας
385 3148 431 3188 (in
446 3148 544 3180 litura
558 3160 596 3180 ex
609 3144 923 3192 ἐπιτυγχάνοντας)
937 3147 968 3180 L
990 3142 1089 3188 αὐτῷ
1104 3144 1323 3189 συμβάλλον-
1396 3145 1441 3178 T¹
1458 3146 1470 3189 ΙΙ
1488 3145 1586 3179 habet
1599 3146 1693 3180 Beck
1708 3145 1720 3190 ΙΙ
1739 3147 1759 3180 8
1776 3145 1863 3188 aliis]
1879 3157 1956 3180 vero
1973 3148 2050 3180 add.
2067 3147 2158 3180 Beck
2176 3146 2188 3191 ss
2207 3149 2246 3181 10
2261 3147 2291 3180 ei
2307 3146 2422 3180 datum
2436 3148 2469 3181 Τ

247 3202 311 3226 τας
324 3192 360 3226 Β
374 3191 388 3237 ss
407 3193 450 3226 12
461 3190 566 3233 κατὰ]
590 3190 638 3225 τὰ
651 3192 698 3225 L¹
718 3191 730 3231 ΙΙ
750 3193 789 3225 14
802 3189 929 3235 νόμον]
950 3192 1027 3226 Cod.
1042 3193 1074 3234 5,
1088 3199 1130 3232 13,
1144 3200 1156 3225 ι
1173 3196 1189 3230 §
1203 3198 1244 3225 13.
1260 3198 1290 3224 14
1313 3194 1326 3236 ΙΙ
1354 3170 1358 3251 1
1392 3200 1445 3223 eas
1462 3190 1575 3224 datum
1591 3191 1639 3225 V¹
1659 3192 1774 3224 datum
1790 3192 1836 3224 eis
1847 3191 1897 3224 3²
1917 3192 2031 3224 datum
2043 3191 2091 3225 Β*
2109 3191 2121 3234 ΙΙ
2141 3193 2181 3226 14
2191 3194 2278 3225 rubr.
2292 3192 2338 3225 Ut
2353 3192 2463 3225 eadem

247 3235 316 3271 τὸν
338 3238 478 3281 πατέρα
502 3233 603 3277 ἅπαξ
626 3233 813 3277 ἐπιδόντα]
837 3241 947 3279 patres
963 3236 1063 3269 semel
1078 3237 1252 3269 offerentes
1276 3247 1296 3272 ς
1312 3238 1324 3279 11
1392 3236 1561 3277 quantitas
1585 3236 1672 3269 dotis
1695 3236 1732 3269 in
1755 3236 1907 3270 secundis
1930 3237 2057 3280 nuptiis
2085 3236 2153 3269 filie
2175 3247 2196 3270 a
2217 3239 2311 3280 patre
2332 3247 2461 3270 conser-

252 3285 292 3316 16
315 3282 364 3315 εἰς
386 3280 518 3315 ἑαυτὸν
542 3281 767 3325 πεποιηκότα
790 3280 950 3324 ἐζητήθη
974 3281 1073 3327 παρά
1097 3292 1194 3315 τισιν
1215 3281 1324 3322 ΜΒς,
1391 3284 1490 3314 uetur
1504 3282 1579 3315 Tin
1592 3295 1694 3325 mar-9.
1709 3283 1762 3323 (ex
1773 3281 1878 3325 11⁴1.)ss
1901 3284 1940 3316 15
1964 3292 2043 3315 suae
2066 3282 2211 3323 quidem]
2235 3281 2307 3315 siue
2329 3281 2462 3324 quidam

250 3340 308 3361 om.
333 3327 392 3367 L¹‚
427 3326 475 3360 sis
507 3322 621 3360 αὐτὸν
651 3328 869 3370 ποιουμένην
898 3328 1056 3369 ζητεῖται
1087 3325 1187 3371 παρὰ
1210 3326 1325 3360 τινῶν
1391 3326 1439 3358 R‘
1456 3326 1468 3370 ΙΙ
1490 3329 1528 3361 17
1552 3326 1740 3368 facientem]
1764 3326 1921 3359 facientes
1949 3327 1999 3360 T³
2010 3327 2095 3369 vulq-
2119 3326 2132 3370 ΙΙ
2148 3326 2231 3360 alios
2246 3327 2280 3360 R
2294 3327 2307 3369 u
2323 3327 2370 3358 sic
2384 3323 2461 3367 3¹11

250 3374 302 3413 (et
315 3373 347 3414 ς)
371 3372 421 3405 L²
434 3372 639 3415 Haloander,
663 3374 721 3416 qui
743 3374 891 3406 lacunam
917 3374 1057 3405 notavit:
1094 3385 1176 3415 quae
1200 3373 1325 3405 videtur
1394 3371 1433 3405 18
1447 3372 1601 3404 dotemR
1616 3370 1628 3415 ΙΙ
1651 3373 1690 3406 19
1715 3372 1814 3405 semel
1839 3384 1896 3405 om.
1919 3372 1974 3415 Vss
1994 3373 2036 3406 20
2056 3371 2125 3405 filia
2149 3385 2207 3406 οηι.
2222 3369 2297 3415 ΒἾΙ
2315 3371 2354 3404 21
2370 3368 2460 3420 cogi-

250 3419 283 3450 in
297 3419 380 3451 hanc
390 3419 466 3461 sere
480 3418 665 3451 sententiam
677 3419 860 3461 supplenda
880 3414 1115 3451 διαλυθέντος
1130 3416 1193 3450 τοῦ
1211 3416 1325 3462 γάμου
1390 3418 1481 3448 tante
1507 3417 1538 3449 R
1561 3416 1574 3460 11
1601 3417 1643 3450 22
1668 3417 1714 3449 eis
1734 3417 1783 3450 1⁷¹
1799 3415 1812 3460 ΙΙ
1838 3418 1880 3451 26
1905 3416 1946 3450 ad
1969 3417 2105 3461 nuptias
2126 3415 2284 3450 secundas
2306 3416 2460 3447 nemente

251 3461 319 3515 Τὴν
341 3463 472 3515 πρθῗῖῑα
496 3460 739 3506 ἐπαναλαβεῖν
765 3462 778 3507 ΙΙ
801 3464 840 3496 2¹
868 3459 1036 3516 3⁸²5‘l'290’1
1059 3462 1090 3495 L
1116 3461 1129 3505 l!
1155 3457 1178 3494 ἆ
1209 3473 1324 3513 mm:
1390 3471 1424 3505 R
1447 3473 1453 3514 1
1471 3474 1512 3505 27
1529 3472 1692 3513 uoniam]
1715 3467 1737 3505 n*
1757 3473 1788 3506 T
1795 3472 1806 3492 ¹
1821 3472 1834 3516 [l
1852 3474 1999 3515 quinque
2016 3475 2048 3506 et
2066 3472 2186 3512 decem]
2206 3469 2395 3512 quindecim
2410 3468 2461 3502 T2

251 3509 365 3560 μξνηξ]
389 3517 519 3552 Y‘WW‘
535 3509 612 3541 ααα·
628 3509 674 3541 Μ
683 3509 739 3561 (Rs-
753 3509 800 3541 “d
809 3509 952 3562 4713142
961 3508 973 3551 ΙΙ
989 3519 1104 3560 Y‘ZWW
1116 3507 1165 3540 L²
1212 3507 1253 3541 23
1269 3518 1323 3548 ‘ff-⁰
1390 3515 1424 3549 X
1476 3517 1527 3550 V³
1543 3518 1555 3560 11
1573 3518 1616 3552 28
1636 3517 1706 3550 sola
1734 3517 1783 3551 Τ2
1799 3517 1812 3561 ΙΙ
1829 3518 1998 3560 quoniam]
2022 3519 2103 3550 haec
2119 3515 2273 3558 quoniam
2291 3514 2333 3546 T·
2351 3513 2364 3557 ΙΙ
2380 3524 2458 3546 οοιι-

254 3562 352 3603 “315⁹
383 3553 502 3605 (ιε’τρῳ
532 3553 817 3605 GGEHezmchk]
854 3564 953 3594 αυτφ
984 3564 1038 3594 τῳ
1067 3554 1188 3600 μέτρῳ
1220 3551 1325 3603 MR}-
1390 3561 1500 3603 tingat
1518 3563 1574 3607 Τιι
1591 3563 1635 3597 30
1658 3562 1755 3596 libris
1771 3562 1816 3604 R]
1840 3562 1941 3596 libras
1961 3562 2116 3606 VTvulq.
2131 3559 2145 3604 ι
2162 3560 2201 3594 31
2228 3557 2369 3600 trigmta
2385 3558 2460 3592 auri

254 3606 340 3627 ‘ww
365 3607 406 3627 w
431 3598 563 3641 μέτρον
578 3598 610 3631 L
628 3598 699 3643 1125
723 3611 792 3632 νυν
816 3610 908 3634 orn-c
923 3597 937 3641 ΙΙ
955 3598 997 3631 26
1021 3595 1140 3643 πατήρ
1163 3598 1227 3638 τις]
1252 3606 1324 3639 qm-
1390 3605 1493 3639 libras
1519 3607 1644 3651 Tvulq.
1664 3606 1677 3651 ιι
1692 3608 1736 3641 34
1760 3617 1832 3640 eum
1857 3607 1904 3640 ιιι
1915 3606 1964 3641 1⁷¹
2032 3634 2035 3637 ,

254 3638 329 3670 dam
352 3643 445 3681 pater
468 3641 609 3676 existens
631 3655 652 3680 ς
674 3642 687 3687 Ι
711 3644 754 3678 28
776 3639 921 3684 ταύτας]
945 3643 1015 3685 ipse
1039 3644 1073 3684 (ί.
1088 3656 1113 3676 e.
1128 3637 1247 3683 αὐτὸς)
1272 3653 1292 3678 5
1312 3639 1326 3685 ΙΙ
1747 3683 1749 3686 ,

256 3684 296 3716 31
321 3687 462 3726 χρυσίου
485 3683 630 3731 λίτραις]
663 3685 804 3740 χρρνοις
829 3689 878 3722 L‘
903 3687 916 3731 ss
946 3689 990 3721 34
1012 3684 1166 3732 κέρδους]
1200 3687 1326 3731 μέρουσ

257 3726 320 3770 Β.
343 3729 386 3761 35
409 3728 634 3764 namatium
656 3744 762 3765 τουτο
783 3733 814 3765 L
