2618 4010
1256 151 1340 197 323

1323 265 1389 299 bus
1415 265 1617 300 oeconomis
1643 265 1808 309 cogendis
1841 265 1895 302 vel
1920 275 1963 301 ex
1987 265 2102 301 reditu
2135 266 2180 300 ab
2205 266 2398 301 Anastasio

1324 309 1422 344 divae
1454 310 1645 345 memoriae
1673 310 1797 345 relicto
1833 311 1888 346 vel
1918 320 1961 346 ex
1990 310 2159 346 trecentis
2196 311 2398 355 ergasteriis

180 162 310 193 0111οΑ
341 161 671 194 DEFUNCTORUM
701 164 925 202 EXEQmAs
2039 156 2145 198 Nov.
2179 156 2273 198 LIX
2305 159 2341 198 6.
2374 161 2395 199 7

178 264 388 306 καζομένων
411 263 450 294 ἔκ
473 273 513 295 τε
536 261 597 302 τῆς
620 258 793 306 προςὸδου
817 264 878 305 τῆς
902 262 999 310 παρὰ
1017 262 1251 299 Ἀναστασιόυ

178 308 242 340 τοῦ
278 307 340 349 τῆς
374 306 478 340 θείας
514 303 644 348 λήξεως
674 306 992 352 καταλελειμμένης
1028 311 1067 342 ἔκ
1101 323 1141 343 τε
1175 311 1253 343 τῶν

177 355 396 397 τριακοσίων
419 352 667 397 ἐργαστηρίων
690 350 756 394 τὴν
781 353 969 397 εἰρημένην
994 355 1116 388 πᾶσαν
1137 352 1249 389 δαπά-
1321 364 1460 389 omnem
1484 357 1714 390 memoratam
1739 365 1931 399 expensam
1957 355 2032 390 fieri
2059 356 2154 390 circa
2179 355 2292 391 dictas
2317 365 2397 400 per-

177 410 246 438 νην
270 395 457 430 ποιεῖσθαι
489 398 571 441 περὶ
601 395 646 429 τὰ
679 397 845 442 εἰρημένα
869 398 1043 442 πρὸςωπα
1074 398 1165 434 κατὰ
1189 399 1256 442 τὴν
1324 409 1431 435 sonas
1456 400 1650 435 secundum
1679 401 1715 434 in
1747 400 1909 435 omnibus
1942 401 2140 435 ordinatam
2171 410 2193 435 a
2217 401 2319 436 nobis
2344 401 2396 435 di-

177 437 236 485 έφ’
263 438 376 474 ἅπασι
406 443 628 487 τεταγμένην
653 439 741 485 παρ’
769 441 871 485 ἡμῶν
901 442 1088 490 διαίρεσιν.
1140 441 1253 478 οὕτως
1291 445 1500 480 5visionem.
1539 445 1597 480 Sic
1618 445 1704 479 nihil
1722 445 1944 480 indefinitum
1965 445 2042 487 erit,
2068 445 2129 480 sed
2151 448 2185 479 et
2202 446 2397 481 mediocres

176 483 282 518 οὐδὲν
309 483 476 531 ἀόριστον
507 487 630 528 ἔσται,
666 484 753 520 ἀλλὰ
785 491 844 521 καὶ
872 488 908 522 οἱ
929 492 1169 535 μετριωτέρας
1191 489 1253 524 τὰς
1322 490 1526 533 sepulturas
1557 490 1634 524 fieri
1669 490 1827 525 volentes
1864 490 1933 524 hac
1969 490 2133 525 fruentur
2165 490 2397 534 dispositione

175 528 291 575 ταφὰς
313 530 484 576 γίνεσθαι
514 529 725 575 βουλόμενοι
755 530 886 576 ταύτης
909 531 1152 568 ἀπολαύσουσι
1192 536 1252 578 τῆς
1321 538 1356 569 ct
1381 535 1426 569 ad
1450 535 1726 570 munificentiam
1757 535 1989 579 respicientes
2022 543 2093 569 non
2124 535 2236 578 magis
2261 535 2396 571 damni-

175 572 432 610 διατυπώσεως
454 578 514 609 καὶ
543 575 579 609 οἱ
610 576 698 622 πρὸς
722 576 931 622 φιλοτιμίαν
955 577 1111 624 ὁρῶντες
1135 579 1175 613 οὗ
1192 593 1251 623 με·
1321 579 1536 624 ficabuntur,
1570 581 1633 616 Sed
1657 584 1761 616 eruut
1785 590 1867 616 cum
1890 579 2134 615 mediocrItate
2158 579 2326 615 munifici.

173 619 265 699 γάέα
284 619 594 665 ζημιωθήσονται,
619 619 700 656 ἀλλ’
727 623 874 657 ἔσονται
896 623 986 667 μετὰ
1018 626 1081 659 τοῦ
1106 629 1251 671 μετρίου

175 677 215 708 φι
239 677 367 710 οτιμοι.
1266 672 1307 703 10

1153 747 1310 782 CAPUT
1334 747 1413 782 VII.

231 801 350 834 Ταῦτα
380 804 504 835 τοίνυν
535 799 631 845 ἡμεῖς
655 799 876 847 διωρίσαμεν
900 803 964 837 ἐπί
990 814 1029 834 τε
1053 804 1125 835 τοῖς
1149 803 1250 848 ἐργα-
1368 803 1468 837 Haec
1499 802 1605 847 igitur
1636 812 1700 838 nos
1736 803 1955 839 decrevimus
1988 805 2023 839 et
2054 814 2162 850 super
2193 805 2395 848 ergasteriis

172 849 329 891 στηρίοις
362 847 424 880 ἐπί
452 859 491 880 τε
522 850 598 880 ταῖς
630 845 812 893 προςόδοις
836 849 899 881 ε’πί
920 859 960 880 τε
983 849 1060 880 ταῖς
1085 848 1250 893 ἐκφοραῖς
1318 849 1372 893 <et
1396 858 1504 892 super
1528 848 1718 891 reditibus>
1742 853 1778 883 et
1802 859 1910 894 super
1935 850 2103 894 exequiis,
2130 851 2183 885 vel
2208 860 2298 894 quae
2317 860 2395 893 gra-

172 894 249 924 ταῖς
273 904 312 924 τε
337 894 467 934 προῖκα
499 895 577 925 ταῖς
608 905 646 926 τε
677 891 770 926 κατὰ
802 891 1010 936 φιλοτιμίαν
1034 895 1248 937 γινομέναις.
1317 894 1363 928 tis
1383 894 1437 928 vel
1462 902 1553 937 quae
1580 903 1643 938 per
1660 894 1937 929 munificentiam
1962 894 2063 929 fiunt.
2113 895 2287 930 Custodes
2309 905 2395 939 quo-

172 935 330 980 φύλακας
359 935 399 970 δὲ
422 933 601 981 τάττομεν
623 937 687 970 τοῦ
712 934 891 980 ἇμείωτον
921 935 974 970 ἀεὶ
1000 935 1248 981 φυλάττεσθαι
1318 947 1386 981 que
1405 939 1582 982 ponimus,
1608 941 1648 973 ut
1668 938 1862 975 inminutus
1887 949 2027 984 semper
2048 940 2272 976 custodiatur
2294 949 2394 984 erga-

171 980 237 1014 τὸν
261 982 339 1015 τῶν
359 983 606 1029 ἐργαστηρίων
630 980 791 1027 ἀριθμὸν
815 980 854 1015 οὐ
881 981 994 1025 μόνον
1018 982 1083 1015 τὸν
1108 980 1247 1023 ἐνδοξὸ-
1266 986 1304 1017 15
1319 983 1508 1018 steriorum
1529 993 1708 1026 numeruS,
1735 994 1807 1019 non
1827 984 1942 1020 solum
1962 985 2156 1028 gloriosum
2176 985 2396 1029 praefectum

170 1038 284 1059 τατον
299 1027 459 1073 ἔπαρχον
479 1028 539 1070 τῆς
561 1024 769 1071 εὐδαίμονος
788 1026 921 1069 ταύτης
941 1024 1079 1062 πόλεως
1102 1030 1162 1061 καὶ
1181 1027 1248 1070 τὴν
1317 1027 1466 1073 (felicis)
1497 1029 1603 1063 huius
1638 1029 1737 1065 urbis
1771 1033 1806 1064 et
1837 1030 1870 1065 ei
1901 1030 2093 1066 oboediens
2125 1030 2301 1073 officium,
2334 1030 2397 1065 sed

172 1069 270 1114 αὐτῷ
297 1073 522 1116 πειθομένην
543 1071 657 1114 τάξιν,
682 1069 770 1105 ἀλλὰ
791 1070 913 1115 πολλῷ
934 1071 1070 1115 μᾶλλον
1093 1071 1161 1115 τὴν
1181 1072 1248 1115 σὴν
1316 1073 1427 1108 multo
1452 1073 1572 1117 potius
1600 1077 1699 1108 tuam
1724 1074 1969 1110 celsitudinem
2002 1078 2038 1110 et
2068 1075 2127 1119 qui
2159 1085 2299 1120 semper
2322 1075 2395 1109 cin-

170 1114 347 1164 ὑπεροχὴν
377 1120 437 1151 καὶ
466 1116 547 1151 τοὺς
576 1113 631 1151 ἀεὶ
662 1117 723 1159 τῆς
754 1114 859 1162 ἀρχῆς
891 1120 1202 1165 προστησομένους
1225 1117 1246 1162 ᾑ
1316 1118 1398 1162 gulo
1423 1121 1506 1153 sunt
1529 1118 1682 1153 addendi
1707 1119 1765 1154 cui
1789 1130 1885 1155 nunc
1908 1121 1985 1164 ipse
2008 1120 2202 1164 praesides.
2244 1121 2397 1164 Insuper

171 1162 238 1195 νῦν
265 1160 368 1196 αὐτὸς
393 1164 596 1207 ἐφέστηκας.
645 1164 705 1194 καὶ
729 1161 818 1206 πρός
839 1174 880 1208 γε
900 1165 959 1195 καὶ
979 1162 1113 1204 ποινὴν
1133 1163 1246 1208 ὁρίζο-
1316 1165 1353 1198 et
1384 1172 1535 1208 poenam
1567 1163 1788 1199 definivimus
1823 1168 1858 1212 et
1887 1166 2058 1200 adversus
2095 1165 2252 1201 officium
2282 1168 2395 1208 tuum,

169 1219 254 1250 μεν,
289 1205 381 1240 κατά
413 1220 452 1240 τε
482 1207 543 1249 τῆς
573 1204 708 1246 τάξεως
741 1208 803 1249 τῆς
834 1208 912 1250 σῆς,
949 1207 981 1240 εἰ
1013 1206 1247 1253 ῥᾳθυμήσειε,
1261 1210 1303 1242 20
1316 1208 1347 1243 si
1371 1208 1576 1252 neglexerit,
1607 1209 1863 1253 quinquaginta
1887 1209 2057 1245 librarum
2081 1210 2179 1252 auri,
2212 1213 2248 1245 et
2271 1210 2396 1245 adver-

171 1252 426 1296 quinquaginta
446 1251 618 1286 librarum
636 1251 734 1294 auri,
755 1250 847 1285 κατά
865 1265 905 1286 τε
923 1253 1001 1286 τῶν
1020 1250 1075 1286 ἀεὶ
1095 1252 1161 1287 τὸν
1181 1251 1247 1287 σὸν
1317 1264 1378 1289 sus
1403 1263 1474 1296 eos,
1501 1253 1561 1298 qui
1586 1263 1725 1297 semper
1749 1258 1848 1288 tuam
1872 1255 2098 1300 perceperint
2122 1255 2251 1299 sedem,
2281 1255 2396 1300 dupli-

170 1296 486 1342 παραληψομένων
509 1295 648 1340 θρόνον
672 1294 881 1338 διπλασίαν,
913 1294 1002 1331 ὥςτε
1033 1296 1082 1341 μὴ
1112 1309 1245 1344 συγχω-
1319 1308 1411 1339 cem,
1443 1302 1485 1334 ut
1509 1309 1581 1333 non
1606 1299 1754 1334 cedatur
1784 1299 1976 1343 aliquando
2001 1303 2278 1336 memoratorum
2301 1300 2397 1335 mille

170 1342 278 1388 ρῆσαί
299 1353 389 1376 ποτε
418 1340 484 1375 τὸν
516 1342 593 1375 τῶν
617 1342 816 1387 εἰρημένων
839 1341 968 1384 χιλίων
991 1342 1121 1377 ἑκατὸν
1145 1346 1245 1389 εργα-
1318 1347 1459 1378 centum
1496 1343 1771 1388 ergasteriorum
1807 1354 1974 1380 numerus
2014 1345 2166 1380 deficere
2202 1346 2397 1382 secundum

169 1390 328 1431 στηρίων
351 1384 512 1433 ἀριθμὸν
542 1384 703 1431 ἐλλεῖψαι
735 1388 827 1421 κατὰ
857 1386 923 1430 τὴν
947 1388 1136 1433 εἰρημένην
1162 1389 1247 1432 ἡμῖν
1317 1388 1450 1424 dictam
1486 1398 1507 1423 a
1542 1389 1645 1424 nobis
1682 1388 1898 1424 divisionem.
1958 1389 2029 1425 Sed
2065 1390 2096 1425 si
2128 1390 2289 1427 docearis
2327 1391 2398 1426 hoc

168 1429 357 1477 διαίρεσιν.
405 1429 485 1465 ἀλλ’
513 1431 544 1464 εἰ
576 1429 786 1474 διδαχθείης
816 1434 924 1466 τοῦτο
959 1431 980 1475 ἢ
1014 1431 1121 1467 αὐτὸς
1156 1431 1177 1476 ἢ
1213 1433 1394 1478 oi25ipse
1427 1436 1490 1468 aut
1522 1434 1581 1478 qui
1611 1437 1693 1478 post
1724 1438 1778 1476 te,
1809 1434 1917 1470 huius
1950 1444 2089 1470 omnem
2121 1445 2254 1479 ponere
2278 1435 2396 1480 provi-

167 1477 257 1520 μετά
273 1487 324 1519 σε,
348 1473 476 1510 τούτου
502 1477 624 1510 πᾶσαν
646 1477 827 1510 τίθεσθαι
852 1475 1031 1520 πρόνοιαν
1054 1481 1114 1511 καὶ
1132 1490 1245 1524 παρα·
1317 1478 1474 1515 dentiam
1510 1482 1546 1514 et
1579 1489 1776 1523 procurare
1811 1489 1892 1514 eum
1927 1479 2140 1515 inminutum
2182 1490 2247 1525 per
2279 1481 2398 1516 omnia

168 1519 351 1563 σκευάζειν
387 1519 498 1555 αὐτὸν
528 1519 708 1565 ἀμείωτον
743 1520 802 1556 διὰ
839 1522 994 1557 πάντων
1029 1525 1153 1566 μένειν
1186 1526 1246 1557 καὶ
1315 1524 1512 1568 perdurare
1551 1527 1587 1559 et
1619 1524 1826 1560 inonustum
1855 1526 1891 1559 et
1922 1525 1998 1560 Sine
2029 1525 2277 1561 adinventione
2310 1529 2345 1560 et
2376 1536 2398 1560 a

166 1564 284 1613 ἀβαρῆ
305 1570 364 1600 καὶ
385 1563 624 1609 ἀνεπινόητον
647 1565 745 1612 παρά
771 1580 811 1600 τε
827 1568 888 1611 τῆς
912 1569 973 1610 σῆς
992 1566 1163 1613 ὑπεροχῆς
1187 1571 1247 1601 καὶ
1316 1573 1380 1604 tua
1401 1569 1613 1604 celsitudine
1634 1572 1669 1604 et
1690 1570 1735 1604 ab
1760 1570 1856 1604 omni
1880 1569 1952 1605 alia
1968 1579 2134 1614 persona,
2159 1572 2200 1605 ut
2218 1581 2290 1607 non
2307 1571 2397 1605 haec

167 1611 304 1646 παντὸς
327 1612 448 1657 ἑτέρου
473 1610 681 1657 προςώπου,
714 1609 803 1646 εἶν’ςτε
833 1611 882 1655 μὴ
911 1611 1049 1656 ταύτην
1071 1613 1247 1658 γενέσθαι
1317 1614 1381 1649 fiat
1405 1614 1547 1650 occasio
1574 1614 1762 1659 quatinus,
1797 1618 1923 1650 eontra
1955 1616 2051 1659 quod
2082 1615 2265 1650 definitum
2297 1619 2352 1651 est
2375 1626 2398 1651 a

167 1656 353 1703 πρόφασιν
370 1657 433 1690 τοῦ
450 1656 550 1702 παρὰ
566 1657 607 1690 τὸ
626 1654 867 1702 διωρισμένον
883 1655 967 1702 ἡμῖν
987 1656 1148 1701 δοθῆναί
1163 1672 1247 1692 τινα
1261 1662 1302 1693 30
1317 1659 1431 1702 nobis,
1464 1660 1567 1695 detur
1591 1660 1710 1704 aliqua
1734 1669 1870 1695 merces
1899 1670 1964 1704 pro
1990 1660 2116 1696 funere
2139 1661 2291 1696 alicuius
2315 1670 2395 1706 per-

166 1701 307 1745 μισθὸν
330 1699 421 1747 ὑπὲρ
445 1700 585 1744 κηδείας
608 1701 704 1736 τινὸς
729 1700 929 1748 προςώπου.
979 1701 1143 1747 οὐδεμιᾶς
1172 1702 1246 1738 δια·
1316 1714 1436 1740 sonae.
1485 1704 1594 1740 Nulla
1627 1705 1840 1740 discretione
1874 1705 2040 1740 facienda
2069 1716 2304 1750 personarum
2336 1706 2396 1741 de-

167 1750 315 1791 κρίσεως
345 1749 533 1794 γινομένης
565 1748 643 1781 τῶν
667 1746 873 1793 προςώπων
892 1749 970 1782 τῶν
989 1747 1247 1783 τελευτώντων
1315 1749 1531 1793 iunctarum,
1553 1750 1626 1785 sive
1646 1750 1770 1785 divites
1788 1750 1860 1786 sint
1880 1750 1952 1785 sive
1968 1761 2156 1795 pauperes,
2180 1751 2249 1786 nisi
2265 1755 2396 1793 tamen,

167 1794 237 1826 εἴτε
259 1791 446 1827 πλουτοῖεν
470 1792 541 1826 εἴτε
561 1795 741 1835 πένοιντο,
766 1792 861 1836 πλὴν
879 1794 910 1826 εἰ
928 1792 987 1837 μή,
1012 1792 1182 1839 καθάπερ
1202 1795 1247 1827 εἰ-
1317 1795 1424 1830 sicuti
1455 1795 1712 1839 praecedenter
1737 1795 1907 1837 diximus,
1943 1806 2053 1830 unum
2083 1796 2191 1830 trium
2222 1797 2397 1832 lectorum

167 1837 297 1871 πάντες
312 1838 491 1883 ἕφθημεν,
516 1841 606 1881 μίαν
628 1839 704 1871 τῶν
723 1839 838 1885 τριῶν
858 1837 993 1873 κλινῶν
1011 1838 1163 1881 ἕλοιντο,
1185 1842 1202 1872 ἐ
1235 1836 1242 1848 ²
1317 1839 1507 1884 elegerint,
1543 1841 1580 1875 in
1614 1841 1743 1885 quibus
1776 1841 2016 1885 competentia
2048 1841 2300 1885 disposuimus.
2348 1842 2398 1876 Et

168 1882 221 1916 αἶς
255 1882 301 1916 τὰ
336 1881 560 1929 προς-ἥκοντα
592 1880 878 1927 διετυπώσαμεν.
940 1887 1000 1917 καὶ
1036 1853 1246 1928 βουλόμειξα
1261 1887 1301 1919 35
1316 1886 1478 1921 volumus
1511 1885 1618 1921 etiam
1649 1886 1712 1920 illa
1742 1888 1864 1921 tenere
1897 1885 2093 1921 secundum
2125 1886 2221 1921 hunc
2252 1887 2397 1922 modum

167 1925 312 1962 κάκεῖνα
345 1930 490 1972 κρατεῖν
521 1926 614 1962 κατὰ
645 1929 775 1962 τοῦτον
807 1927 872 1963 τὸν
901 1927 1039 1975 τρόπον
1070 1933 1129 1963 καὶ
1154 1930 1247 1963 εἶναι
1317 1934 1352 1965 et
1387 1940 1466 1966 esse
1501 1940 1566 1976 per
1601 1931 1720 1966 omnia
1755 1931 1958 1966 inmutilata
1993 1934 2029 1966 et
2064 1931 2286 1975 inmortalia,
2327 1932 2396 1967 hac

167 1971 227 2006 διὰ
248 1972 383 2008 παντὸς
403 1970 553 2016 ἀκίνητά
573 1986 612 2007 τε
632 1976 692 2006 καὶ
713 1971 903 2008 ἀθάνατα·
929 1973 1035 2008 τοῦδε
1055 1976 1118 2008 τοῦ
1140 1975 1246 2008 θείου
1316 1986 1422 2011 sacra
1458 1976 1679 2021 pragmatica
1714 1976 1790 2020 lege
1827 1986 1892 2020 per
1928 1976 2047 2012 omnia
2082 1979 2243 2019 tenente,
2284 1977 2397 2012 donec

167 2019 416 2064 πραγματικοῦ
441 2016 552 2062 νόμου
577 2016 635 2052 διὰ
656 2017 792 2052 παντὸς
816 2020 1043 2064 κρατοῦντος,
1068 2022 1134 2054 ἕως
1156 2021 1247 2054 εἰσὶν
1316 2024 1400 2056 sunt
1429 2021 1606 2064 homines,
1640 2021 1754 2057 donec
1786 2031 1951 2066 magnum
1983 2025 2018 2056 et
2049 2022 2150 2056 valde
2181 2022 2397 2057 laudandum

167 2063 379 2109 ἄνθρωποι,
412 2064 478 2096 ἕως
501 2061 543 2097 τὸ
575 2066 667 2110 μέγα
690 2067 749 2097 καὶ
774 2063 1026 2108 πολυύμνητον
1057 2067 1134 2099 τῶν
1160 2069 1246 2111 Χρι-
1318 2066 1600 2102 Christianorum
1637 2077 1766 2102 nomen
1799 2066 1836 2101 in
1868 2067 2070 2102 hominibus
2106 2069 2162 2103 est
2196 2070 2231 2102 et
2266 2068 2398 2103 cotidie

167 2110 331 2142 στιανῶν
347 2107 462 2152 ὄνομα
486 2110 526 2142 ἐν
549 2107 764 2154 ἀνθρώποις
795 2111 872 2142 ἐστὶ
903 2113 963 2142 καὶ
993 2108 1084 2144 καθ’
1111 2108 1248 2156 ἡμέραν
1261 2114 1303 2145 40
1316 2121 1381 2156 per
1398 2111 1454 2147 dei
1471 2112 1694 2147 clementiam
1711 2115 1872 2157 augetur.
1909 2112 2122 2148 Providente
2139 2112 2271 2158 quippe
2290 2113 2397 2149 huius

168 2152 227 2186 διὰ
258 2155 319 2196 τῆς
353 2155 416 2187 τοῦ
449 2151 625 2187 δεσπότου
657 2154 746 2186 θεοῦ
775 2153 1057 2199 φιλανθρωπίας
1090 2155 1246 2194 αὒξεται.

167 2224 331 2266 sumptus
355 2220 449 2255 ullos
470 2219 652 2264 faciendi:
683 2231 763 2255 cum
787 2220 853 2256 deo
879 2221 1056 2256 carissimi
1080 2222 1265 2257 oeconomi
1288 2227 1322 2257 et
1345 2233 1395 2258 ex
1417 2223 1538 2258 reditu
1561 2224 1606 2258 ab
1625 2224 1822 2259 Anastasio
1846 2234 1975 2260 sacrae
1998 2226 2191 2260 memoriae
2213 2226 2338 2261 relicto
2362 2229 2397 2262 et

168 2277 217 2301 ex
249 2264 416 2301 trecentis
447 2275 468 2299 ο
488 2264 610 2309 ficinis
640 2275 778 2300 omnem
810 2276 914 2310 quem
943 2265 1104 2301 diximus
1133 2270 1315 2313 sumptum
1352 2268 1389 2301 in
1417 2278 1598 2312 personas
1628 2268 1713 2303 illas
1741 2269 1870 2312 facere
1902 2273 2084 2314 coquntur
2114 2270 2310 2305 secundum
2342 2270 2395 2305 di—

169 2311 340 2346 visionem
363 2321 386 2344 a
410 2320 456 2344 no
483 2310 514 2343 is
536 2309 575 2344 in
600 2309 763 2344 omnibus
788 2310 1029 2345 constitutam.
1078 2310 1139 2345 Ita
1168 2311 1262 2346 ninii
1289 2311 1361 2347 erit
1390 2312 1634 2391 indefinitum,
1667 2323 1789 2347 verum
1812 2317 1849 2348 et
1879 2314 1943 2358 qui
1967 2313 2164 2349 mediocres
2186 2315 2396 2360 sepulturas

166 2356 248 2400 sieri
271 2354 407 2396 volunt,
433 2354 501 2389 Izac
526 2354 782 2390 constitutione
803 2355 988 2399 fruentur,
1013 2358 1050 2391 et
1073 2357 1136 2400 qui
1160 2356 1350 2391 ambitioni
1371 2356 1459 2392 indu
1474 2360 1571 2402 qent,
1603 2368 1677 2392 non
1701 2357 1844 2403 maqnis
1864 2358 2078 2402 afficientur
2097 2358 2307 2405 dispendiis,
2331 2360 2397 2396 sed

169 2411 247 2436 cum
271 2399 518 2435 mediocritate
541 2403 646 2434 erunt
669 2399 856 2434 ambitiosi.

302 2444 382 2481 VII.
437 2443 540 2479 Haec
570 2443 684 2489 iyitur
714 2455 780 2479 nos
804 2444 1028 2488 definivimus
1059 2448 1094 2480 et
1125 2445 1169 2480 de
1202 2446 1365 2490 officinis
1395 2449 1431 2482 et
1462 2445 1505 2481 de
1528 2446 1702 2482 reditibus
1726 2450 1759 2483 et
1783 2446 1827 2483 de
1850 2448 2034 2494 exequiis,
2068 2451 2139 2484 tam
2162 2461 2255 2495 quae
2277 2451 2396 2496 qratis

169 2501 275 2536 quam
309 2500 402 2536 quae
426 2500 498 2535 per
529 2489 757 2525 ambitionem
784 2490 887 2534 fiant.
946 2488 1118 2525 Custodes
1148 2494 1265 2526 autem
1328 2501 1374 2526 uo
1405 2502 1544 2537 semper
1579 2492 1720 2542 inteqer
1752 2497 1915 2528 servetur
1956 2494 2189 2538 officinarum
2227 2507 2395 2531 numerus

169 2535 420 2570 constituimus
450 2544 525 2569 non
556 2534 672 2569 solum
703 2534 1004 2580 qloriosissimum
1028 2535 1261 2580 praefectum
1306 2536 1401 2570 iuius
1430 2536 1553 2581 felicis
1584 2535 1684 2572 urbis
1718 2541 1754 2572 et
1784 2538 1884 2582 quod
1914 2538 1947 2573 ei
1978 2543 2086 2584 paret
2113 2540 2294 2585 officium,
2331 2541 2396 2577 sed

168 2581 281 2615 multo
314 2580 432 2625 maqis
464 2582 562 2613 tuam
592 2579 845 2615 sublimitatem
878 2583 913 2615 et
944 2580 1008 2624 qui
1037 2579 1204 2626 deinceps
1235 2582 1468 2627 magistratui
1485 2581 1702 2627 praefuturi
1732 2587 1817 2616 sunt
1847 2584 1908 2618 cui
1929 2593 2024 2618 nunc
2055 2583 2069 2618 i
2095 2594 2133 2619 se
2150 2596 2293 2630 praees.
2342 2590 2394 2621 Ac

163 2629 358 2671 praeterea
381 2625 488 2660 etiam
507 2634 667 2669 poenam
691 2626 881 2660 statuimus
904 2628 937 2659 et
962 2625 999 2659 in
1023 2625 1186 2669 officium
1212 2628 1327 2668 tuum,
1354 2626 1386 2660 si
1410 2637 1484 2661 rem
1509 2627 1724 2672 neqlexerit,
1746 2627 1909 2673 quinqua
1936 2628 2013 2663 inta
2037 2595 2213 2664 librarum
2236 2631 2335 2673 auri,
2359 2636 2395 2667 et

167 2672 204 2706 in
227 2681 290 2706 eos
321 2671 386 2715 qui
406 2680 481 2715 pro
512 2673 672 2715 tempore
705 2673 802 2704 tuam
824 2669 943 2705 sedem
968 2671 1184 2715 occupaturi
1213 2674 1297 2705 sunt
1328 2670 1523 2716 duplicem,
1556 2683 1600 2707 ne
1635 2682 1804 2717 umquam
1836 2673 1931 2708 mile
1955 2677 2094 2709 centum
2119 2685 2211 2719 quas
2234 2675 2394 2711 diximus

168 2715 402 2761 officinarum
426 2725 612 2750 numerum
641 2714 793 2759 deficere
808 2715 1007 2761 patiantur
1030 2715 1224 2750 secundum
1249 2716 1457 2751 divisionem
1482 2727 1505 2751 a
1533 2716 1636 2751 nobis
1660 2717 1801 2752 dictam.
1851 2717 1925 2753 Sed
1946 2719 1981 2753 si
2002 2718 2070 2753 lioc
2094 2719 2240 2755 edoctus
2265 2721 2316 2756 sis
2340 2721 2395 2757 vel

167 2762 244 2807 ipse
266 2760 323 2796 vel
350 2760 413 2805 qui
436 2763 527 2805 post
558 2763 591 2795 te
613 2759 735 2804 futuri
758 2763 854 2802 sunt,
889 2760 972 2794 liuic
995 2761 1052 2795 rei
1074 2770 1211 2796 omnem
1235 2772 1358 2795 curam
1391 2760 1593 2796 adhibeatis
1623 2764 1731 2807 atque
1754 2762 1927 2808 efficiatis
1956 2767 1997 2798 ut
2019 2764 2159 2809 inteqer
2175 2776 2248 2811 per
2272 2767 2393 2801 omnia

166 2809 310 2840 maneat
340 2814 405 2840 nec
436 2808 610 2850 qravatus
640 2815 706 2840 nec
737 2806 946 2840 commentis
977 2805 1062 2840 ullis
1093 2810 1248 2842 vexatus
1280 2810 1345 2841 aut
1375 2817 1397 2840 a
1432 2809 1493 2840 tua
1517 2805 1734 2842 sublimitate
1766 2811 1830 2842 aut
1860 2808 1905 2843 ab
1929 2808 2005 2843 ulla
2037 2809 2111 2844 alia
2135 2821 2316 2856 persona,
2348 2823 2394 2847 ne

166 2850 249 2886 inde
279 2850 422 2885 occasio
455 2850 591 2885 existat
621 2849 795 2885 mercedis
819 2850 974 2885 alicuius
995 2854 1148 2896 praeter
1170 2851 1210 2886 id
1232 2851 1331 2896 quod
1361 2862 1384 2885 a
1407 2850 1512 2886 nobis
1536 2850 1720 2895 delinitum
1750 2856 1803 2888 est
1833 2863 1904 2898 pro
1936 2854 2103 2899 exequiis
2135 2855 2289 2891 alicuius
2305 2868 2392 2903 per-

166 2907 279 2931 sonae
302 2895 455 2930 dandae.
504 2894 601 2930 Neve
624 2894 701 2929 ulla
725 2895 932 2940 differentia
952 2895 1023 2940 fiat
1045 2897 1139 2931 inter
1159 2906 1339 2948 personas
1363 2895 1635 2940 defunctorum,
1669 2907 1753 2931 num
1776 2897 1904 2933 divites
1926 2899 2000 2934 sint
2023 2910 2071 2933 an
2088 2910 2291 2945 pauperes,
2323 2902 2394 2937 nisi

165 2941 278 2984 forte,
308 2941 417 2976 sicuti
437 2940 548 2986 prius
578 2939 756 2981 diximus,
789 2951 899 2974 unum
929 2951 978 2975 ex
1011 2941 1124 2976 tribus
1152 2941 1225 2976 illis
1254 2941 1354 2976 lectis
1386 2940 1570 2986 eleqerint,
1602 2940 1646 2976 de
1670 2941 1798 2986 quibus
1830 2953 1923 2987 quae
1951 2954 2024 2989 par
2055 2948 2109 2979 est
2133 2947 2391 2983 constituimus.

167 2986 285 3030 Atque
308 2985 373 3019 illa
396 2995 540 3030 quoque
563 2985 756 3019 secundum
779 2984 874 3019 liunc
896 2984 1038 3019 modum
1062 2986 1181 3021 valere
1206 2986 1367 3021 volumus
1398 2989 1432 3020 et
1455 2985 1602 3020 immota
1630 2991 1808 3031 perpetuo
1838 2993 1947 3032 atque
1978 2988 2198 3024 immortalia
2221 3002 2318 3027 esse:
2353 2996 2394 3028 ut

169 3029 257 3064 staec
280 3040 387 3065 sacra
409 3030 640 3075 praqmatica
671 3029 734 3065 lex
750 3033 932 3075 perpetuo
957 3030 1092 3073 valeat,
1125 3031 1239 3066 donec
1272 3030 1433 3065 homines
1455 3034 1557 3071 sunt,
1589 3029 1703 3065 donec
1727 3042 1895 3077 maqnum
1926 3036 1962 3068 et
1986 3033 2153 3069 laudibus
2177 3035 2393 3072 celebratum

171 3073 456 3109 Christianorum
487 3085 615 3109 nomen
647 3074 742 3109 inter
772 3074 933 3109 nomines
964 3079 1016 3109 est
1046 3079 1083 3110 et
1112 3076 1243 3111 cotidie
1267 3087 1339 3122 per
1363 3075 1499 3110 domini
1530 3074 1588 3109 dei
1612 3076 1833 3110 clementiam
1857 3078 2058 3122 auqebitur.
2107 3078 2285 3115 Nimirum
2302 3093 2392 3127 pro·

1315 3157 1468 3197 spuentes
1489 3168 1504 3187 r
1528 3153 1540 3197 ΙΙ
1568 3154 1682 3195 magis]
1710 3156 1769 3197 leq.
1784 3156 1928 3196 magna?
1947 3156 1958 3199 ΙΙ
1986 3159 2026 3190 12
2052 3159 2084 3190 et
2108 3169 2207 3200 super
2229 3161 2393 3195 reditibus

1316 3201 1392 3233 add.
1407 3201 1491 3243 vulq.
1510 3198 1522 3241 ΙΙ
1542 3200 1582 3231 13
1600 3199 1771 3240 Custodes]
1796 3200 1889 3232 Iusto
1911 3201 1983 3233 dem
2008 3201 2062 3246 VH
2091 3205 2132 3237 14
2150 3204 2312 3239 iminutus
2333 3207 2392 3251 Vss

1317 3245 1574 3286 ergasteriorum
1597 3254 1722 3285 semper
1747 3245 1952 3278 custodiatur
1977 3260 1994 3278 r
2021 3246 2033 3290 ll
2067 3249 2107 3280 16
2132 3248 2238 3281 felicis
2262 3253 2394 3285 addidit

1321 3291 1550 3333 Osenbru'qqen
1562 3288 1573 3333 ΙΙ
1585 3289 1696 3321 uerbis
1709 3290 1741 3321 et
1755 3299 1791 3322 eo
1806 3290 1943 3323 ueniens
1956 3291 2101 3324 officium
2117 3307 2132 3325 r
2148 3292 2160 3336 Η
2183 3297 2221 3327 17
2236 3297 2268 3327 et
2283 3309 2339 3329 om.
2351 3310 2368 3329 r
2380 3297 2392 3341 ΙΙ

1316 3335 1374 3376 qui
1400 3336 1537 3375 semper]
1571 3343 1655 3374 quae
1678 3344 1804 3376 semper
1825 3345 1884 3376 per
1909 3349 1925 3367 r
1954 3335 1966 3379 ΙΙ
1998 3338 2036 3369 18
2062 3338 2226 3379 praesidet
2247 3354 2264 3373 r
2296 3351 2390 3383 prae-

1316 3380 1402 3412 sedit
1418 3379 1448 3411 V
1462 3379 1473 3421 ΙΙ
1494 3381 1532 3412 19
1547 3378 1766 3411 diffiniuimus
1781 3392 1797 3412 r
1815 3379 1827 3423 Η
1845 3381 1884 3414 21
1899 3382 2119 3423 perceperint]
2135 3393 2194 3425 per
2208 3397 2224 3417 r
2240 3384 2252 3429 Η
2269 3387 2310 3419 22
2323 3397 2390 3419 non

217 3154 234 3187 1
251 3153 313 3194 τῆς
329 3150 437 3197 παρὰ]
463 3152 523 3193 τῆς
544 3166 601 3186 om.
616 3154 647 3186 L
665 3153 676 3196 Ι]
696 3155 714 3187 8
731 3153 782 3194 οὗ]
804 3150 887 3186 οὐδὲ
903 3155 934 3186 L
952 3154 963 3196 Η
992 3156 1089 3197 13sq.
1105 3157 1246 3199 γενομέ-

168 3208 257 3232 ναις.
284 3196 434 3241 eilanes
448 3198 478 3230 L
495 3197 507 3240 ΙΙ
528 3199 566 3231 17
583 3196 734 3239 αὐτὴνΕ
753 3198 764 3240 ΙΙ
783 3200 824 3232 18
839 3200 898 3230 καὶ
911 3197 992 3231 τοὺς
1004 3195 1059 3230 ἀεὶ
1073 3200 1133 3241 τῆς
1145 3197 1248 3244 ἀρχῆς

170 3244 492 3288 προστησομένους]
526 3245 557 3273 et
590 3243 648 3283 qui
678 3253 804 3284 semper
836 3243 1081 3284 cingEIOJunt
1104 3244 1247 3277 addendi

171 3289 205 3329 (i.
232 3301 256 3321 e.
282 3288 326 3334 τῇ
351 3285 439 3331 ἀρχῇ
466 3286 815 3332 προςθησομένουςῖ)
836 3299 855 3323 ς
872 3287 883 3330 ΙΙ
908 3285 942 3333 ᾗ]
970 3285 1067 3321 ὡνΕ
1085 3289 1096 3332 ΙΙ
1123 3291 1163 3323 19
1189 3286 1247 3322 αὖ·

170 3330 251 3366 τοὺς
268 3333 299 3365 L
315 3334 327 3376 Η
346 3329 523 3376 ὁρίζομεν]
549 3332 758 3364 definivimus
775 3344 794 3367 ς
809 3332 822 3375 ΙΙ
841 3334 881 3366 21
902 3333 1127 3375 quinquginta
1145 3334 1247 3367 libra-

172 3389 246 3410 rum
269 3379 345 3410 auri
359 3378 417 3417 M,
443 3375 668 3417 πεντὴκοντα
693 3375 827 3420 λιτρῶν
850 3380 992 3421 χρυσίου
1018 3380 1059 3411 Μ
1068 3393 1091 3412 s.
1106 3393 1146 3418 v.,
1172 3381 1203 3412 L
1238 3379 1250 3423 ΙΙ

171 3422 260 3463 τῶν]
285 3420 351 3455 τὸν
373 3421 415 3454 M
428 3421 440 3465 ΙΙ
467 3422 543 3454 σῶν
568 3422 616 3453 La
636 3420 648 3465 ss
675 3422 716 3455 22
741 3418 893 3466 θρόνων
917 3423 948 3454 L
973 3422 985 3466 ΙΙ
1011 3425 1053 3456 24
1077 3420 1249 3468 ἀριθμῶν

174 3468 204 3499 L
222 3467 234 3510 ΙΙ
260 3469 301 3501 25
328 3464 536 3507 διδαχθείης
563 3467 748 3507 Zachariae
766 3479 833 3499 cum
850 3469 879 3507 ς]
906 3464 1094 3509 διδαχθείη
1120 3471 1185 3511 (είη
1212 3483 1249 3503 ex

175 3524 255 3546 corr.
269 3513 326 3553 M)
346 3513 417 3545 ML
435 3511 447 3555 ΙΙ
472 3509 492 3552 ἢ
519 3507 634 3551 αὐτὸς]
660 3507 680 3553 ἢ
705 3524 762 3544 om.
778 3523 796 3547 ς
814 3511 827 3555 ΙΙ
852 3513 892 3545 27
918 3514 1038 3555 με’νειν
1061 3515 1131 3554 Μς]
1157 3514 1249 3548 εἶναι

174 3556 294 3600 131132
318 3557 395 3590 τῶν
420 3554 625 3601 προςώπων
649 3558 835 3601 γινομένης
860 3557 890 3589 L

234 3689 250 3721 1
273 3690 432 3730 yconimis
455 3703 473 3722 r
499 3689 512 3733 ΙΙ

546 3691 565 3723 3
590 3689 673 3729 fieri]
704 3690 763 3733 leq.
790 3691 921 3723 facere?
949 3690 960 3732 Η
995 3693 1014 3723 4
1039 3691 1075 3722 in
1107 3705 1164 3725 om.
1190 3707 1206 3725 r
1239 3695 1251 3737 ss

178 3732 198 3766 5
223 3736 320 3766 erunt
344 3747 361 3767 r
386 3734 399 3778 ss
422 3735 456 3767 et
480 3747 568 3768 om.r
583 3735 595 3778 ss
623 3736 643 3768 6
669 3735 822 3768 uolumus
857 3736 885 3769 V
903 3735 915 3779 ΙΙ
941 3736 1071 3768 fruetur
1095 3751 1111 3769 ι·
1128 3737 1139 3779 ΙΙ
1159 3740 1175 3770 ἵ
1202 3748 1251 3770 re-

1318 3424 1517 3457 concedatur
1542 3425 1626 3466 vuly.
1645 3423 1656 3466 ΙΙ
1681 3423 1828 3464 aliquam
1849 3425 1882 3458 V
1901 3426 1912 3468 ΙΙ
1939 3426 1983 3458 24
2005 3426 2034 3458 si
2059 3440 2116 3459 om.
2132 3441 2148 3460 r
2164 3429 2220 3471 VH
2244 3430 2391 3464 docearis

1326 3470 1463 3511 Vvuly.]
1497 3468 1653 3501 doceatur
1677 3482 1693 3501 r
1721 3468 1733 3511 Η
1759 3470 1833 3510 hoc]
1858 3470 1947 3502 hune
1976 3471 2005 3503 V
2026 3481 2115 3503 nunc
2140 3486 2157 3505 r
2182 3473 2194 3515 ΙΙ
2223 3475 2265 3509 25
2291 3477 2391 3510 huius

1319 3527 1375 3547 om.
1400 3514 1431 3546 V
1457 3513 1469 3557 ΙΙ
1497 3523 1626 3545 omnem
1649 3517 1782 3555 ponere]
1809 3514 1898 3547 omni
1922 3516 2068 3556 tempore
2090 3517 2122 3549 V
2139 3516 2151 3561 ΙΙ
2176 3519 2218 3551 26
2244 3530 2317 3553 eum
2338 3523 2389 3555 in-

1318 3559 1496 3598 minutum]
1530 3558 1618 3590 enim
1641 3558 1807 3591 minutum
1833 3572 1849 3592 r
1879 3559 1890 3602 ΙΙ
1921 3561 1962 3592 27
1988 3560 2206 3595 inhonustum
2235 3565 2270 3599 V
2294 3567 2389 3600 inob-

1319 3605 1454 3635 nustum
1473 3616 1490 3635 r
1507 3602 1519 3643 ΙΙ
1537 3603 1808 3635 adiuuentionem
1827 3616 1845 3635 r
1861 3603 1875 3644 il
1891 3605 1934 3638 29
1948 3607 2063 3637 contra
2077 3619 2133 3639 om.
2152 3607 2182 3638 V
2197 3608 2208 3651 ΙΙ
2225 3612 2313 3651 quod
2326 3613 2389 3645 dif.

1320 3649 1450 3680 {initum
1468 3651 1515 3679 est
1536 3661 1553 3681 r
1570 3649 1621 3681 Va
1644 3648 1825 3679 diffinitum
1847 3649 1895 3680 est
1915 3649 2001 3687 quod
2024 3648 2072 3681 Vt>
2089 3649 2101 3691 ΙΙ
2127 3651 2169 3684 30
2189 3654 2305 3686 mercis
2328 3655 2361 3686 V
2378 3654 2389 3698 ΙΙ

1320 3696 1362 3726 Μ
1387 3693 1529 3734 legerint
1556 3694 1585 3725 V
1605 3692 1617 3735 ΙΙ
1642 3694 1683 3726 30
1706 3695 1907 3727 inmaculata
1927 3696 1961 3728 V
1977 3695 1989 3738 ΙΙ
2015 3698 2055 3730 37
2081 3702 2251 3741 pragmata
2275 3712 2354 3742 rpr.
2379 3703 2390 3740 ll

1321 3742 1361 3771 248
1384 3740 1461 3770 sunt
1486 3750 1543 3771 om.
1562 3737 1595 3771 V
1611 3738 1623 3781 ΙΙ
1649 3740 1690 3771 30
1712 3739 1865 3772 omnibus
1886 3741 1919 3774 V
1938 3740 1949 3783 ΙΙ
1975 3744 2017 3774 40
2042 3745 2252 3803 ιποξὲῐᾱεῃῒίε
2276 3757 2293 3776 r
