2612 4004
295 115 402 158 Nov.
418 116 515 157 LIX
548 118 583 156 1.
605 117 630 155 2

296 222 344 258 ὦς
367 222 509 266 ἐλλιπὴς
532 223 596 266 εἴη,
629 220 718 257 ἀλλὰ
748 221 816 267 τὴν
847 219 1104 272 ἆναπλῆρωσιν
1134 226 1173 258 ἐκ
1203 227 1265 267 τῆς
1294 226 1372 260 τῶν

295 271 513 322 τριακοσίων
547 269 795 315 ἐργαστηρίων
829 265 963 325 δόσεως
999 271 1146 348 &gnae
1163 269 1371 348 .⁷‘⁰‘'{⁶·’⁶.“

294 315 1370 412 Ξ1Ξοξωὲάῗὲἕὲῒῖἴῖ.)ἔᾝΐέφᾶῖΐτέῑωῖἕῖἕὲἰιζῖιῖἔιέ

1373 111 1456 160 318

1892 130 1952 161 DE
1981 129 2196 162 EXPENSIS
2225 127 2345 168 QUAE
2373 129 2510 162 rrum*

1441 235 1547 270 quam
1569 226 1683 262 minor
1706 226 1753 263 sit
1802 228 1867 264 sed
1890 239 1956 274 sup
1984 228 2172 265 lementum
2203 239 2245 264 ex
2273 230 2512 264 trecentorum
2579 214 2581 216 ,

1439 270 1716 315 ergasteriorum
1744 254 1936 309 donatione
2011 274 2135 310 bentes
2167 274 2287 310 facere
2310 276 2511 309 menstruo-

1436 325 1515 351 rum
1546 325 1726 368 expensas
1759 319 1797 351 et
1833 316 1976 354 decanis
2012 322 2050 354 et
2086 319 2165 355 aliis
2201 318 2404 373 ordinibus,
2444 317 2512 353 deo

1437 360 1608 396 amabiles
1632 362 1753 396 autem
1771 360 1976 398 defensores
1995 362 2168 400 habentes
2185 365 2392 408 octlngenta
2411 372 2510 407 erga-

294 413 359 435 τας
371 414 417 435 τα
429 399 622 437 bnamma
635 399 852 458 ἐργαστῄρια
863 402 946 438 τούς
958 417 999 438 τε
1010 402 1245 447 καλουμένους
1258 402 1368 438 λεκτι-
1404 407 1423 439 5
1439 405 1548 440 steriu
1570 409 1606 441 et
1628 405 1830 450 appellatos
1854 406 2007 443 domos
2029 409 2201 454 praebete
2230 413 2268 444 et
2289 407 2387 444 aliud
2409 407 2511 442 mini-

294 449 434 491 καρίουε
458 450 628 493 παρέχειν
650 451 711 482 καὶ
733 460 802 492 την
819 446 932 493 ἄλλην
954 447 1154 495 ὑπουργίαν
1173 451 1302 492 ποιεῖν,
1325 445 1370 492 ἣν

294 488 315 533 ἡ
335 491 414 525 τῶν
433 491 691 527 τελευτώντων
709 490 792 528 ὁσία
809 491 996 538 βούλεται,
1021 490 1110 528 ὥστε
1138 494 1230 528 κατὰ
1261 494 1370 528 τοῦτο

293 534 357 570 τὰς
380 537 507 581 ζημίας
528 534 675 583 ἀφελεῖν
696 539 777 573 τῶν
799 539 1054 574 πενθούντων.

1438 450 1585 485 sterium
1607 448 1748 492 faeere,
1781 449 1877 495 quod
1900 450 2146 489 defunctorum
2175 453 2347 498 exequiae
2377 453 2511 494 volunt,
2540 486 2543 488 ,

1439 494 1607 539 quatinus
1629 504 1696 540 per
1719 494 1790 530 hoc
1813 494 1944 531 damna
1965 496 2174 534 auferantur
2197 499 2404 543 lugentium.

1294 650 1450 687 CAPUT
1475 651 1522 687 11.

352 717 416 749 Δεῖ
437 719 562 752 τοίνυν
592 719 637 752 τὰ
669 719 837 764 εἰρημένα
867 717 962 761 χίλια
996 716 1126 752 ἑκατὸν
1157 717 1374 774 ἐργαστήρια

1499 718 1651 763 Oportet
1672 719 1781 764 igitur
1804 720 2013 764 supradicta
2036 719 2130 756 mille
2153 724 2294 758 centum
2319 732 2338 758 e
2381 721 2514 758 asteria

295 759 546 805 φυλάττεσθαι
579 766 652 797 τοῖς
686 776 727 797 τε
758 762 1053 809 θεοφιλεστάτοιε
1082 763 1280 808 οἰκονομοιε
1312 766 1374 797 καὶ
1389 766 1430 798 10
1443 763 1615 800 custodiri
1643 766 1681 800 et
1704 765 1771 800 deo
1795 765 2006 800 amabilibus
2029 766 2232 802 oeconomis
2260 770 2297 802 et
2319 767 2342 802 d
2379 767 2514 803 81180τί-

295 804 444 841 exitum
467 804 526 842 διὰ
550 808 687 843 παντὸς
706 805 813 851 ἀτελῆ
843 821 884 842 τε
915 811 974 842 καὶ
998 806 1170 853 ἆμείωτα,
1202 811 1263 842 καὶ
1286 804 1372 842 ἄνα-

294 849 524 898 πληρούμενα
543 852 644 899 παρὰ
662 854 726 887 τοῦ
744 851 980 894 ἐνδοξοτάτου
997 850 1151 899 ἐπάρχου
1173 853 1234 897 τῆς
1254 850 1373 888 εὐδαί-

293 907 402 939 μονος
424 896 556 941 ταύτης
578 897 725 940 πόλεως,
756 898 792 932 εἴ
810 910 864 933 τις
885 901 1028 945 γένοιτο
1052 896 1253 933 διάπτωσις
1275 896 1371 933 καθ’

1441 808 1509 844 bus
1533 818 1673 854 semper
1704 810 1785 863 sine
1804 810 1949 862 tributis
1981 812 2018 845 et
2041 810 2117 846 sine
2140 809 2395 863 deminutione,
2429 822 2513 864 sup-

1441 853 1573 899 plenda
1597 864 1619 889 a
1641 855 1896 899 gloriosissimo
1920 854 2103 899 praefecto
2135 854 2251 891 felicis
2273 856 2380 892 huius
2404 857 2514 899 urbis,

1440 899 1472 935 si
1496 899 1574 943 quis
1598 899 1662 934 fiat
1685 909 1791 936 casus
1816 900 1975 945 quolibet
1997 899 2103 936 modo
2136 904 2198 935 aut
2218 901 2369 937 mutatio
2389 902 2515 938 horum

294 939 508 985 οἱονδὴποτε
530 941 669 988 τρόπον
692 942 714 986 ἢ
738 942 914 990 έναλλαγὴ
944 945 1006 986 τῆς
1037 942 1179 978 τούτων
1210 942 1329 990 ὅψεως
1350 940 1373 986 ἢ
1439 944 1545 980 faciei
1565 948 1627 980 aut
1650 945 1889 987 mercationis,
1913 949 1954 980 ut
1975 945 2041 981 deo
2058 945 2229 981 amabiles
2253 945 2392 990 quidem
2411 956 2514 982 oeco-

295 987 483 1032 ἐμπορίαε,
516 984 604 1022 «zm
634 986 716 1022 τοὺς
746 990 813 1032 μὲν
844 986 1147 1034 θεοφιλεστάτους
1167 986 1373 1033 οἰκονόμους
1387 991 1427 1023 15
1441 989 1536 1025 nomi
1559 989 1734 1026 habentes
1766 989 1993 1035 praediorum
2023 990 2315 1035 gubernationem
2340 1000 2436 1035 vquae
2459 1001 2514 1026 se-

294 1032 442 1074 ἔχοντασ
464 1032 531 1075 τῆν
553 1033 632 1066 τῶν
655 1036 801 1080 χωρίων
826 1031 1002 1077 διοίκησιν
1031 1034 1110 1069 τῶν
1138 1037 1216 1068 ταῖς
1241 1037 1373 1079 ταφαῖς

294 1074 593 1122 ἆπονεμομὲνων,
628 1079 653 1111 ἔ
668 1089 776 1112 οντας
808 1076 848 1112 δὲ
877 1081 937 1112 καὶ
968 1076 1076 1123 ἀτελῆ
1106 1077 1154 1113 τὰ
1184 1077 1372 1126 τριακόσια

296 1121 521 1174 ἐργαστήρια,
545 1122 627 1175 τοὺς
673 1124 691 1156 ἐ
714 1120 870 1158 ἐκδίκους
895 1122 942 1158 τὰ
964 1122 1172 1167 ὀκτακόσια,
1201 1123 1269 1167 τὴν
1290 1127 1372 1169 περὶ

1440 1034 1593 1079 pulturis
1618 1035 1790 1079 deputata
1813 1038 1913 1078 sunt,
1947 1035 2121 1071 habentes
2146 1045 2285 1080 quoque
2307 1035 2415 1071 etiam
2436 1036 2516 1071 sine

1440 1079 1584 1115 tributis
1606 1082 1768 1115 trecenta
1791 1080 1997 1124 ergasteria,
2032 1080 2239 1116 defensores
2258 1084 2377 1116 autem
2400 1081 2515 1116 octin-

1439 1127 1564 1170 genta,
1598 1125 1695 1160 cirea
1718 1125 1826 1161 funus
1850 1125 2101 1161 defunctorum
2124 1125 2262 1161 faciant
2288 1125 2516 1170 gubernatio-

294 1179 361 1209 την
385 1170 490 1221 ogiam
513 1180 591 1202 των
613 1166 871 1204 τελευτώντων
893 1169 1083 1204 ποιεῖσθαι
1103 1167 1289 1212 διοίκησιν.
1328 1167 1372 1203 τὸ
1440 1179 1531 1205 nem.
1578 1169 1635 1205 Ea
1660 1170 1800 1215 quidem
1818 1180 1917 1251 i‹iluae
1947 1180 1992 1206 ex
2014 1170 2241 1216 praediorum
2272 1170 2389 1206 reditu
2413 1180 2514 1205 acce-

294 1213 361 1254 μὲν
383 1224 448 1246 ουν
478 1213 517 1246 ἐκ
547 1213 608 1256 τῆς
639 1214 718 1248 τῶν
747 1217 893 1268 χωρίων
916 1211 1090 1260 προςόδου
1122 1214 1251 1261 προϊὸν
1271 1212 1371 1259 παρὰ
1385 1216 1427 1249 20
1441 1214 1530 1250 dunt
1561 1224 1584 1250 a
1614 1214 1680 1251 deo
1713 1215 1817 1251 amab

295 1257 372 1291 τῶν
395 1255 697 1302 θεοφιλεστάτων
725 1259 927 1303 οἰκονομων
951 1257 1187 1295 ἐπιδίδοσθαι
1211 1262 1288 1294 ταῖς
1310 1272 1371 1293 τα-

296 1304 394 1347 φαῖς,
426 1301 596 1349 καθάπερ
618 1301 875 1339 ὑποκατιόντες
904 1305 1064 1352 ἐροῦμεν,
1092 1304 1373 1351 προς-τιθεμένης

294 1350 353 1380 καὶ
377 1348 439 1390 τῆς
469 1349 508 1382 ἐκ
530 1349 609 1382 τῶν
631 1353 850 1396 τριακοσίων
881 1351 1129 1396 ἐργαστηρίων
1158 1346 1372 1396 προςθήκης,

294 1389 339 1435 ἣν
362 1395 422 1426 καὶ
446 1390 561 1437 αὐτὴν
590 1394 632 1428 ἐν
654 1391 754 1437 αὐτῷ
778 1395 834 1450 τῷ
856 1392 951 1447 ἔργῳ
985 1392 1185 1439 λαμβάνειν
1213 1392 1371 1442 ᾔτησαν·

1858 1216 1927 1252 bus
1963 1216 2166 1252 oeconomis
2202 1215 2280 1251 dari
2310 1215 2515 1260 sepulturis,

1442 1260 1537 1295 sicut
1557 1260 1811 1296 descendentes
1829 1260 1990 1305 dicimus,
2011 1261 2149 1296 adiecto
2166 1260 2272 1296 etiam
2287 1270 2332 1296 ex
2346 1260 2515 1296 trecentis

1441 1305 1643 1349 ergasteriis
1662 1309 1857 1348 cremento,
1902 1305 1975 1341 uod
1995 1307 2102 1342 etiam
2117 1306 2233 1351 ipsum
2251 1306 2289 1340 in
2308 1306 2388 1350 ipso
2407 1315 2516 1350 opere

1440 1350 1625 1395 percipere
1647 1350 1840 1395 petierunt.
1918 1351 1979 1386 uia
2002 1351 2097 1387 mille
2120 1351 2227 1394 igitur
2248 1353 2392 1386 centum
2415 1360 2514 1394 erga-

1441 1394 1632 1430 steriorum
1666 1395 1705 1430 in
1739 1395 1808 1430 hac
1845 1396 2071 1431 existentium
2107 1395 2206 1431 felici
2241 1396 2330 1431 urbe
2363 1395 2515 1440 plurima

296 1435 420 1481 ἐπειδὴ
446 1435 492 1492 ,ᾅὲ
521 1437 750 1491 τῶν-χιλίων
773 1452 904 1474 εκατον
937 1441 1186 1486 ἐργαστηρίων
1208 1440 1287 1473 τῶν
1312 1440 1372 1474 ἐπὶ
1386 1441 1427 1473 25
1441 1439 1662 1483 ceciderunt,
1687 1440 1928 1485 praecipimus
1951 1443 1993 1476 ut
2016 1440 2211 1476 secundum
2235 1450 2403 1486 praesens
2426 1445 2513 1475 tem-

295 1481 426 1526 ταύτης
441 1496 563 1518 οντων
576 1495 638 1526 της
658 1481 866 1529 εὐδαίμονος
885 1481 1024 1519 πόλεως
1044 1484 1197 1519 πλεῖστα
1219 1482 1371 1526 διέπεσε,

296 1524 565 1573 προστάττομεν
589 1527 683 1563 κατὰ
712 1528 755 1563 τὸ
779 1528 897 1576 παρὸν
928 1527 1232 1577 ἀναπληροῦσθαι
1255 1529 1373 1563 ταῦτα

295 1575 355 1606 καὶ
373 1573 437 1607 τοῦ
456 1573 535 1607 τῶν
576 1571 681 1608 ιλίων
696 1574 826 1609 ἑκατὸν
850 1576 1098 1622 ἐργαστηρίων
1117 1571 1277 1620 ἀριθμοῦ
1297 1571 1371 1608 δια-

294 1619 512 1671 τηρουμένου
536 1616 702 1671 ,αμείωτά
735 1631 777 1654 τε
807 1622 868 1653 καὶ
894 1617 1002 1663 ἀτελῆ
1030 1617 1122 1654 κατὰ
1145 1617 1212 1653 τὸν
1235 1619 1371 1664 εἰρημέ-

1439 1494 1509 1530 pus
1532 1485 1740 1530 repleantur
1761 1485 1862 1528 haec,
1893 1488 1931 1521 et
1953 1485 2049 1521 mille
2077 1488 2220 1521 centum
2242 1485 2515 1530 ergasteriorum

1440 1539 1627 1565 numerum
1649 1530 1874 1566 imminutum
1897 1532 1934 1565 et
1955 1530 2033 1566 sine
2054 1530 2190 1566 tributo
2215 1529 2365 1566 divisum
2389 1539 2513 1566 secun-

1441 1574 1527 1610 dum
1550 1574 1684 1610 dictum
1708 1585 1731 1610 a
1752 1575 1859 1611 nobis
1882 1575 2028 1611 modum
2051 1575 2185 1611 servari
2209 1578 2244 1611 et
2267 1575 2332 1611 deo
2356 1575 2514 1611 amabili—

1441 1620 1509 1655 bus
1540 1620 1744 1656 oeconomis
1779 1623 1815 1655 et
1849 1620 1907 1656 dei
1943 1620 2140 1656 cultoribus
2176 1620 2441 1662 defensoribus,
2475 1623 2516 1654 ut

295 1675 362 1697 νον
377 1665 462 1719 ημῖν
481 1675 620 1709 τροπον
644 1661 894 1709 φυλάττεσθαι
917 1667 990 1698 τοῖς
1015 1677 1056 1699 τε
1079 1662 1374 1710 &memorarem
1385 1667 1428 1700 30
1441 1669 1561 1700 tamen
1583 1675 1656 1701 non
1679 1665 1797 1701 minus
1821 1665 1893 1701 sint
1916 1665 2041 1701 decani
2069 1675 2132 1701 seu
2155 1665 2378 1702 laboratores
2401 1664 2514 1701 octin-

295 1708 495 1751 οἰκονομοις
516 1711 590 1742 τοῖς
612 1722 652 1743 τε
675 1707 972 1763 θεοσεβεστάτοις
996 1707 1155 1763 sumitque,
1182 1705 1270 1744 ὥςτε
1290 1711 1372 1762 μέν·

1440 1710 1556 1754 gentis
1588 1710 1750 1755 deputati
1789 1710 1855 1746 deo
1891 1711 2105 1746 amabilibus
2143 1710 2410 1754 defensoribus,
2449 1720 2516 1755 pro

295 1765 352 1787 τοι
373 1751 424 1797 μὴ
453 1752 621 1788 ἐλάττους
651 1754 744 1788 εἶναι
778 1765 859 1789 τους
889 1752 1058 1789 ὃεκανοὺς
1087 1767 1168 1798 ητοι
1199 1765 1373 1789 ‚concavae
1441 1765 1525 1791 vero
1545 1755 1716 1791 trecentis
1741 1755 1834 1791 datis
1854 1755 1920 1791 deo
1941 1756 2157 1792 amabilibus
2179 1756 2381 1792 oeconomis
2404 1755 2515 1791 licen-

295 1798 374 1832 τῶν
396 1795 623 1834 ὀκτακοσίων
653 1798 731 1833 τῶν
762 1799 1076 1844 ἅπονεμηθέντων
1103 1802 1178 1834 τοῖς
1205 1797 1372 1842 θεοφιλε-
1440 1800 1528 1836 tiam
1551 1809 1631 1836 esse
1653 1800 1788 1836 eisdem
1812 1800 1878 1837 deo
1903 1801 2115 1837 amabilibus
2137 1801 2240 1844 viris,
2276 1801 2307 1836 si
2329 1800 2515 1842 voluerint,

296 1841 439 1878 στάτοις
463 1841 631 1886 ἐκδίκως,
661 1843 744 1878 ἀντὶ
767 1843 807 1879 δὲ
829 1846 907 1879 τῶν
931 1848 1150 1891 τριακοσίων
1172 1845 1251 1879 τῶν
1274 1841 1372 1879 ὃεδο-
1439 1845 1477 1880 in
1499 1845 1711 1891 corporibus
1733 1845 1897 1899 accipere
1914 1848 2080 1882 trecenta
2100 1845 2295 1891 ergasteria
2317 1849 2381 1881 aut
2399 1845 2517 1881 omnia

294 1890 418 1932 μένων
451 1891 526 1923 τοῖς
559 1887 856 1935 θεοφιλεστάτοιε
891 1887 1088 1934 οἰκονόμοις
1122 1887 1251 1924 ἄδειαν
1279 1889 1372 1923 εἶναι
1385 1892 1502 1926 358111
1525 1890 1699 1936 quaedam
1722 1900 1767 1926 ex
1789 1890 1856 1934 hls,
1890 1894 1954 1926 aut
1976 1892 2159 1937 percipere
2182 1891 2372 1927 occasione
2393 1890 2516 1936 appel-

295 1936 369 1968 τοῖς
400 1931 519 1968 αὐτοῖς
547 1932 843 1979 θεοφιλεστάτου·
873 1931 1061 1980 ἀνδράσιν,
1093 1935 1125 1968 εἰ
1146 1933 1371 1979 βουληθεῖεν,
1438 1935 1593 1971 latorum
1626 1938 1877 1972 excusatorum
1907 1936 2077 1980 pecunias
2108 1947 2174 1982 pro
2199 1936 2337 1972 cunctis
2366 1940 2430 1971 aut
2451 1945 2516 1981 pro

297 1979 337 2012 ἐν
371 1975 516 2023 σώμασι
551 1977 752 2023 λαμβάνειν
790 1978 836 2014 τὰ
868 1977 1059 2025 τριακόσια
1098 1980 1314 2027 ἐργαστήρια
1349 1977 1372 2022 ἢ
1438 1980 1617 2027 aliquibus
1633 1981 1849 2026 ergasteriis,
1862 1981 2037 2027 'ipsasque
2051 1982 2224 2027 pecunias
2239 1991 2329 2027 quas
2342 1981 2517 2016 hactenus

295 2020 419 2059 πάντα
442 2021 465 2067 ἦ
487 2035 572 2059 τινα
595 2025 634 2066 ἐξ
657 2022 791 2067 αὐτῶν,
815 2021 836 2068 ἢ
856 2024 1074 2069 κομίζεσθαι
1098 2023 1276 2071 προφάσει
1294 2025 1372 2059 τῶν

295 2067 527 2114 καλουμένων
541 2068 768 2110 ἐξκουσάτων
783 2068 948 2116 χρήματα
967 2065 1056 2116 ὑπὲρ
1076 2069 1230 2105 πάντων
1244 2067 1267 2113 ἢ
1282 2067 1374 2117 ὑπέρ

294 2126 411 2149 τινων
429 2116 689 2162 ἐργαστηρίων,
712 2118 773 2148 καὶ
793 2112 885 2149 αὐτὰ
907 2113 954 2148 τὰ
973 2113 1138 2161 χρήματα
1157 2111 1250 2161 ἅπερ
1271 2117 1374 2160 μέχρι
1386 2117 1431 2151 40

295 2227 452 2274 amplius
479 2237 559 2262 eum
591 2226 744 2271 deficere
775 2229 988 2272 querantur,
1018 2225 1084 2261 sed
1104 2226 1392 2272 supplementum
1421 2226 1591 2262 habentes
1621 2237 1670 2263 ex
1694 2226 1842 2262 datione
1872 2230 2112 2263 trecentarum
2138 2227 2370 2273 officinarum
2401 2234 2436 2264 et
2458 2229 2517 2264 de-

296 2272 398 2308 canis
420 2275 456 2307 et
478 2271 607 2307 cetem's
629 2270 816 2307 ordinibus
838 2273 1023 2306 menstrua
1045 2281 1113 2317 sup
1143 2271 1295 2314 editent,
1327 2270 1395 2307 deo
1419 2271 1598 2307 carissimi
1622 2275 1741 2307 autem
1764 2271 1978 2318 defensores
2009 2272 2237 2319 octinqentas
2259 2273 2432 2318 officinas
2454 2273 2517 2310 ha·

295 2318 415 2353 bentes
437 2319 473 2352 ct
495 2316 699 2352 lecticarios
727 2316 794 2362 qui
813 2319 989 2351 vocantur
1014 2326 1110 2362 prae
1132 2320 1218 2352 eant
1247 2319 1284 2351 et
1310 2316 1490 2363 reliquum
1520 2316 1757 2352 ministerium
1780 2320 1972 2364 praestent
2002 2317 2102 2363 quod
2124 2317 2381 2363 defunctorum
2401 2319 2518 2364 funus

294 2362 459 2409 requirit,
483 2365 525 2397 ut
547 2360 616 2397 hoc
638 2360 745 2396 modo
769 2360 903 2396 damna
927 2372 950 2395 a
974 2360 1178 2407 luqentibus
1201 2360 1435 2407 auferantur.

437 2405 483 2442 11.
534 2405 684 2453 Oportet
715 2406 831 2453 iqitur
861 2405 958 2442 mille
989 2410 1130 2442 centum
1160 2417 1254 2452 quas
1276 2405 1437 2442 diximus
1469 2407 1641 2453 officinas
1671 2406 1738 2444 deo
1763 2407 1961 2443 carissimis
1985 2408 2188 2444 oeconomis
2211 2412 2246 2443 et
2267 2407 2519 2460 defensoribus

292 2463 362 2500 per
384 2452 505 2488 omnia
528 2452 703 2487 immunes
725 2455 760 2487 et
782 2451 857 2487 inte
904 2461 946 2486 as
967 2451 1118 2494 servari,
1151 2456 1261 2503 atque
1282 2462 1326 2486 su
1345 2451 1506 2503 plendas
1529 2463 1552 2487 a
1573 2452 1838 2498 gloriosissimo
1858 2453 2054 2506 praefecto
2077 2451 2185 2488 huius
2204 2453 2329 2499 felicis
2351 2452 2462 2495 urbis,
2485 2453 2518 2489 si

294 2498 358 2545 qui
382 2497 634 2544 qualicumque
662 2495 770 2532 modo
802 2461 967 2542 defictas
996 2496 1053 2532 vel
1082 2500 1236 2532 mutatw
1267 2495 1314 2532 lia
1353 2501 1412 2532 tus
1441 2507 1566 2533 earum
1597 2501 1664 2533 aut
1691 2497 1948 2544 neqotiattonis
1978 2496 2142 2533 accidat:
2176 2501 2219 2533 ut
2248 2497 2316 2534 deo
2340 2498 2518 2534 carissimi

295 2542 482 2580 oeconomi
505 2553 584 2578 cum
594 2541 841 2594 praediorum
865 2551 960 2587 quae
981 2541 1179 2589 sepulturis
1200 2541 1380 2578 destinata
1410 2546 1496 2578 sunt
1526 2541 1874 2578 administrationem
1903 2541 2091 2585 habentes,
2126 2546 2199 2577 tum
2229 2553 2314 2579 vero
2345 2543 2518 2579 immunes

294 2588 466 2625 babentes
497 2587 670 2634 officinas
694 2590 889 2629 trecentas,
922 2585 1136 2632 defensores
1159 2589 1279 2623 autem
1302 2587 1546 2634 octinqentas,
1577 2598 1621 2624 ea
1644 2598 1739 2633 quae
1769 2587 1820 2622 ad
1847 2588 2024 2634 exequias
2053 2587 2308 2633 defunctorum
2334 2588 2518 2634 pertinent

295 2633 557 2669 administrent.
605 2630 711 2675 Quod
732 2632 746 2667 i
773 2632 847 2667 itur
869 2631 1052 2667 redundat
1080 2642 1130 2667 ex
1146 2631 1387 2679 praediorum
1415 2632 1535 2668 reditu
1566 2643 1590 2668 a
1612 2631 1679 2668 deo
1704 2632 1901 2668 carissimis
1930 2632 2134 2668 oeconomis
2163 2632 2200 2667 in
2222 2632 2431 2678 sepulturas
2452 2633 2516 2668 im—

289 2678 487 2727 pendatur,
521 2677 733 2724 quemadmo
761 2687 820 2712 um
852 2677 1020 2712 oratione
1049 2676 1269 2723 procedente
1299 2676 1475 2720 dicemus,
1511 2676 1652 2714 adiecto
1682 2677 1790 2713 etiam
1819 2677 2039 2713 incremento
2075 2687 2126 2712 ex
2156 2677 2325 2712 trecentis
2355 2687 2376 2712 o
2425 2678 2517 2714 cinis

292 2722 479 2771 faciendo,
510 2722 611 2769 quod
632 2723 750 2769 ipsum
774 2732 919 2768 quoque
941 2726 984 2757 ut
1004 2732 1046 2757 re
1067 2722 1150 2769 ipsa
1173 2722 1380 2774 acciperent
1401 2722 1603 2769 petierunt:
1636 2722 1807 2768 *quoniam
1834 2726 1952 2757 autem
1982 2732 2033 2757 ex
2062 2721 2159 2757 mille
2190 2727 2330 2757 centum
2354 2732 2375 2757 o
2395 2722 2517 2767 ficinis

295 2780 391 2816 quae
413 2769 452 2804 in
475 2767 544 2804 hac
565 2767 670 2814 felici
691 2767 780 2803 urbe
802 2770 886 2802 sunt
913 2766 1100 2814 plurimae
1123 2767 1391 2810 interciderunt,
1410 2767 1659 2815 praecipimus
1681 2771 1722 2803 ut
1743 2768 1782 2803 in
1831 2767 2013 2803 raesentia
2034 2777 2098 2803 eae
2116 2767 2366 2813 suppleantur,
2389 2771 2426 2803 et
2440 2778 2515 2803 ser-

294 2818 379 2852 vato
410 2823 561 2849 numero
592 2811 689 2848 mille
718 2815 860 2848 centum
890 2812 1125 2858 officinarum
1155 2816 1192 2848 et
1221 2812 1386 2859 inteqrae
1416 2817 1453 2849 et
1481 2812 1654 2848 immunes
1683 2822 1792 2848 secun
1818 2823 1877 2848 um
1899 2811 2044 2847 modum
2073 2823 2097 2847 a
2120 2812 2222 2848 nobis
2244 2811 2378 2847 dictum
2399 2817 2515 2848 custo-

294 2859 445 2895 diantur
468 2862 503 2894 et
526 2857 584 2893 dei
607 2857 804 2893 carissimis
827 2857 1032 2892 oeconomis
1047 2860 1082 2893 et
1096 2857 1379 2910 reliqiosissimis
1393 2856 1647 2903 defensoribus
1660 2861 1860 2901 serventur,
1884 2861 1925 2893 ut
1942 2861 2059 2893 tamen
2082 2867 2156 2892 non
2178 2856 2374 2903 pauciores
2388 2856 2516 2892 decani

294 2905 352 2941 vel
373 2904 542 2950 copiatae
570 2903 644 2938 sint
667 2902 882 2954 octinqentis
912 2902 977 2948 qui
1005 2901 1072 2938 deo
1097 2902 1294 2938 carissimis
1324 2901 1579 2948 defensoribus
1601 2902 1772 2938 destinati
1794 2906 1898 2945 sunt,
1927 2912 2003 2949 pro
2028 2900 2195 2938 trecentis
2217 2912 2302 2937 vero
2325 2900 2430 2953 illus·
2452 2902 2516 2948 qui

294 2949 373 2986 dati
394 2953 479 2985 sunt
501 2947 569 2983 deo
592 2947 787 2983 carissimis
810 2947 1026 2989 oeconomis,
1051 2947 1159 2983 liceat
1179 2947 1305 2983 iisdem
1328 2947 1396 2983 deo
1419 2947 1615 2983 carissimis
1638 2948 1744 2990 viris,
1766 2947 1801 2983 si
1823 2947 2019 2989 voluerint,
2051 2947 2090 2981 in
2113 2946 2328 2993 corporibus
2351 2956 2517 2993 accipere

295 2998 475 3031 trecentas
496 2992 581 3028 illas
605 2992 778 3038 officinas
800 2992 857 3028 vel
880 3003 1003 3028 omnes
1024 2992 1081 3028 vel
1102 2991 1278 3038 quasdam
1302 3003 1353 3028 ex
1371 2992 1439 3034 iis,
1470 2996 1536 3027 aut
1561 2994 1705 3029 nomine
1735 2996 1993 3029 excusatorum
2024 2991 2087 3037 qui
2118 2996 2293 3027 vocantur
2320 2991 2516 3038 pecuniam

295 3040 448 3086 auferre
477 3038 550 3075 sive
574 3048 650 3084 pro
683 3037 846 3074 omnibus
875 3038 949 3073 sive
965 3048 1040 3084 pro
1065 3036 1279 3083 quibusdam
1302 3037 1463 3082 officinis
1493 3041 1602 3083 atque
1625 3038 1741 3085 ipsam
1757 3038 1952 3084 pecuniam
1983 3047 2058 3082 qua
2087 3047 2199 3083 usque
2229 3035 2320 3072 adeo
2344 3035 2517 3073 carebant

345 3158 358 3189 1
382 3151 519 3188 ἐλλιπὲς
543 3154 573 3185 L
590 3153 602 3197 11
627 3153 664 3185 ἐκ
688 3153 748 3194 τῆς
771 3153 849 3186 τῶν
871 3154 927 3193 M]
951 3152 1011 3194 τῆς
1036 3153 1073 3184 ἐκ
1097 3151 1172 3185 τῶν
1196 3150 1255 3195 Lu
1280 3152 1300 3184 4
1320 3151 1372 3182 ἐκ·

295 3197 424 3241 δίκσυς]
457 3195 673 3233 ἐπισκόπους
697 3198 747 3230 L⁶
776 3197 789 3242 11
822 3199 841 3231 5
867 3195 1115 3242 λεκτικαρίους]
1148 3196 1287 3229 decanos
1311 3208 1330 3232 ς
1362 3195 1373 3238 11

296 3248 316 3279 9
340 3242 470 3278 ἑκατὸν
493 3256 551 3276 om.
570 3243 620 3276 La
647 3242 660 3286 11
691 3244 732 3276 10
755 3255 795 3275 τε
819 3255 877 3275 om.
898 3242 929 3275 L
956 3243 968 3286 11
1002 3243 1040 3276 11
1066 3243 1126 3275 καὶ
1150 3237 1372 3286 ἀναπληρού-

294 3292 396 3333 μενα]
421 3291 481 3322 καὶ
507 3299 598 3324 oms
613 3286 631 3331 ΙΙ
661 3289 699 3321 17
725 3284 1051 3331 ἆπονενεμημένων
1076 3285 1138 3330 Lss
1161 3284 1207 3319 τὰ
1229 3282 1372 3331 τριακό-

296 3336 368 3374 σια]
390 3332 436 3367 τὰ
457 3346 517 3368 οηι.
530 3333 562 3366 L
575 3332 593 3386 11
620 3334 662 3366 28
685 3332 746 3366 τοῦ
768 3333 845 3365 τῶν
864 3345 893 3373 χ.
914 3331 941 3365 ἑ.
959 3332 985 3365 ἐ.
1006 3329 1167 3384 ἀριθμοῦ
1187 3327 1270 3364 ὃιατ
1294 3341 1371 3377 ρου-

294 3381 412 3421 μένου,
425 3376 585 3432 tiltentona
597 3389 638 3411 τε
650 3379 708 3410 καὶ
721 3374 827 3419 ἀτελῆ
841 3378 898 3417 Μ]
918 3374 983 3409 τὸν
995 3388 1074 3410 των
1085 3388 1116 3417 χ.
1129 3375 1155 3410 ἑ.
1170 3376 1195 3410 ἐ.
1209 3343 1372 3420 ἀριᾍμὸν

295 3421 475 3465 ἀμείωτον
490 3436 530 3457 τε
546 3423 605 3455 καὶ
621 3419 728 3464 ἀτελῆ
747 3418 998 3467 διαιρούμενον
1015 3422 1046 3454 L
1057 3433 1075 3457 ς
1092 3420 1104 3464 11
1123 3422 1165 3454 30
1181 3433 1222 3454 τε
1241 3433 1299 3454 om.
1315 3419 1346 3453 L
1357 3418 1370 3464 11

296 3469 339 3500 32
362 3467 556 3501 κοπιαστὰς
580 3468 610 3501 L
637 3467 649 3511 11
674 3467 715 3501 33
740 3468 823 3507 τοῖς]
848 3467 921 3500 τοῖς
944 3478 984 3499 τε
1008 3466 1039 3499 L
1060 3467 1073 3511 11
1101 3466 1144 3499 34
1169 3461 1370 3509 διδομένων

299 3512 328 3544 L
346 3511 359 3555 11
374 3514 413 3545 37
432 3513 574 3555 σώματι
590 3513 621 3545 L

1441 3151 1610 3193 octoginta
1630 3152 1674 3196 νῆ
1693 3153 1713 3185 5
1734 3150 1837 3184 alium
1854 3150 1900 3195 ν’11
1916 3151 1939 3184 6
1960 3149 2078 3192 exequi
2097 3162 2115 3182 r
2129 3149 2142 3192 11
2161 3149 2271 3182 uoluit
2292 3149 2325 3183 V
2364 3151 2385 3183 9
2398 3158 2515 3192 suprs-

1439 3196 1528 3228 diota
1551 3196 1659 3238 igitur
1678 3195 1734 3237 Vn
1766 3199 1807 3230 10
1832 3196 2030 3229 oeconomiis
2052 3196 2122 3228 Vet
2132 3196 2180 3228 sic
2191 3195 2322 3238 saepius
2379 3195 2417 3229 11
2441 3194 2514 3226 sine

1439 3239 1587 3282 tributis]
1610 3240 1672 3276 sim
1692 3241 1828 3275 tributis
1850 3254 1868 3274 r
1891 3239 1905 3284 11
1932 3240 2154 3273 diminutione
2177 3252 2195 3273 r
2222 3239 2236 3283 11
2261 3248 2346 3282 supp
2360 3237 2456 3278 enda]
2480 3239 2513 3270 et

1438 3285 1623 3328 supplenda
1642 3286 1726 3330 vulq.
1746 3285 1759 3329 11
1777 3286 1818 3321 12
1836 3285 1937 3318 huius
1957 3284 2063 3318 felicis
2086 3285 2119 3318 V
2136 3284 2149 3328 fl
2175 3285 2215 3318 13
2232 3283 2261 3316 si
2279 3283 2353 3325 quis
2375 3294 2433 3315 om.
2457 3282 2488 3314 V
2499 3282 2511 3325 11

1438 3329 1506 3370 fiat]
1531 3330 1629 3363 fatiat
1649 3332 1683 3364 V
1699 3330 1712 3376 11
1738 3341 1851 3364 eorum
1875 3343 1892 3363 r
1917 3329 1929 3373 11
1953 3331 1993 3364 16
2018 3330 2173 3372 deputate
2193 3327 2251 3372 1711
2279 3329 2318 3362 1¹1
2342 3325 2512 3360 defensore

1438 3373 1504 3453 21ΞἸ1
1519 3374 1654 3452 {im
1673 3377 1717 3419 ν11
1742 3377 1781 3410 21
1805 3375 2000 3408 defendente
2021 3388 2039 3408 r
2056 3374 2069 3418 11
2092 3374 2237 3407 dicemus
2250 3372 2483 3448 Osenbreqqess
2496 3371 2511 3460 ’11

1506 3430 1522 3452 e
1553 3430 1603 3453 am
2414 3425 2432 3447 e

1437 3465 1480 3498 24
1493 3464 1594 3498 uerbe
1613 3421 1724 3509 νῘ11]25
1743 3465 1936 3499 acciderunt
1957 3463 2012 3509 1711
2035 3461 2280 3506 *praecipimus
2295 3461 2346 3499 ut]
2365 3462 2397 3491 et
2414 3470 2508 3501 ΡΥΕΘ-

1435 3509 1576 3551 cipimus
1591 3523 1608 3543 r
1630 3511 1851 3553 praecipimus
1871 3509 1906 3543 V
1923 3509 1936 3553 11
1959 3510 2001 3543 27
2021 3508 2186 3540 minutum
2206 3506 2239 3538 et
2257 3504 2508 3555 nine-tributam

1444 3554 1500 3596 Vn
1524 3556 1567 3587 30
1592 3555 1722 3588 decanis
1747 3569 1763 3588 r
1795 3555 1802 3599 1
1828 3554 2015 3587 laborantes
2035 3550 2101 3595 V!
2123 3552 2162 3584 31
2190 3549 2355 3591 deputatis
2380 3549 2473 3582 Beck
2498 3550 2510 3591 11

1434 3599 1479 3632 32
1503 3600 1644 3633 recentis
1667 3600 1742 3633 date
1819 3598 1832 3644 1
1859 3600 1900 3633 33
1926 3608 1993 3631 esse
2009 3595 2142 3636 eisdem]
2169 3594 2220 3645 liis
2243 3603 2310 3626 esse
2334 3593 2456 3625 hisdem
2482 3594 2512 3626 1'

1434 3653 1501 3676 esse
1518 3644 1569 3677 his
1585 3644 1625 3678 de
1643 3644 1690 3688 ν11
1715 3646 1758 3679 35
1779 3654 1818 3677 ex
1834 3643 1898 3684 his]
1922 3642 1968 3676 eis
1989 3639 2053 3685 V.
2079 3648 2279 3672 occasionem
2306 3652 2322 3671 r
2343 3639 2356 3681 11
2384 3640 2426 3671 36
2451 3649 2505 3671 ex-

1434 3688 1640 3723 cusatoribus
1662 3699 1764 3732 ponas
1793 3689 1825 3721 V

1695 3423 1728 3453 et
1747 3434 1763 3454 r
1787 3419 1801 3465 11
1825 3420 1867 3454 23
1885 3419 1977 3452 mille
1996 3419 2114 3462 igitur]
2138 3417 2196 3451 ille
2214 3416 2321 3459 igitur
2339 3414 2398 3447 mil

350 3600 370 3632 2
395 3602 665 3641 ergasterioorum
688 3600 748 3645 Vn
773 3600 951 3634 donatione
971 3600 1015 3640 V]
1041 3600 1174 3632 datione
1199 3614 1216 3633 r
1240 3598 1254 3643 11
1278 3609 1366 3632 men-

294 3646 461 3676 struorum
486 3655 639 3686 expensus
663 3648 696 3679 et
720 3645 852 3679 decanis
875 3645 973 3690 cuiq]
1005 3645 1232 3678 ministrorum
1257 3644 1367 3686 (mini-

293 3688 467 3721 steriorum
486 3693 514 3729 r)
532 3699 685 3730 expensas
703 3693 736 3723 et
751 3690 883 3723 decanis
899 3690 1084 3723 menstruas
1104 3703 1121 3723 r
1137 3687 1192 3734 1711
1210 3690 1232 3722 4
1249 3690 1309 3721 aut
1322 3700 1340 3721 r
1353 3686 1366 3733 11
