2580 4022
1273 118 1356 164 τοο
1398 98 1404 102 “

1383 240 1429 274 11.

488 313 583 362 DE
618 311 864 362 USURIS
903 310 1123 360 SUPER
1156 240 1441 358 ΒῗξζῖξΜ
1475 307 1617 359 NON
1650 308 2148 360 CONPUTANDIS.

719 400 808 444 Imp.
834 397 1053 433 Iustinianus
1076 407 1137 442 pp.
1163 397 1255 440 Aug.
1279 396 1493 440 Hermogeni
1516 397 1683 441 magistro
1708 396 1919 432 officiorum.

339 467 633 504 Manifestissima
663 469 719 503 est
749 465 863 501 nostri
893 464 1047 500 numinis
1077 463 1303 506 constitutio,
1335 472 1427 507 quae
1458 473 1571 507 usque
1602 463 1649 498 ad
1681 463 1779 507 dupli
1811 463 2044 507 quantitatem
2075 463 2295 497 exactIonem
2321 460 2430 512 debiti

211 514 400 550 concludit.
448 513 487 548 Si
517 512 626 557 igitur
656 511 849 547 creditores
878 510 932 545 tui
959 510 1101 554 quidam
1123 509 1160 542 in
1184 508 1330 552 duplum
1353 511 1580 552 acceperunt,
1604 508 1666 543 alii
1689 508 1806 543 adhuc
1830 508 1945 543 minus
1970 507 2153 542 consecuti
2176 511 2269 550 sunt,
2293 506 2330 541 hi
2354 517 2429 558 qui·
2477 510 2495 541 5

209 560 288 595 dem
320 558 381 604 qui
409 558 447 593 in
479 557 625 601 duplum
657 567 700 591 ex
730 565 920 591 usurarum
952 554 1150 598 quantitate
1180 563 1245 597 per
1274 553 1412 587 diversa
1445 557 1616 597 tempora·
1635 553 1820 588 consecuti
1844 555 1947 594 sunt,
1973 552 2107 587 nullam
2126 552 2295 587 adversus
2319 553 2354 586 te
2377 562 2429 585 in-

209 604 449 648 quietudinem
472 611 672 647 proponere
697 600 951 640 concedantur‚
976 599 1036 634 alii
1059 601 1188 641 autem,
1218 597 1249 633 si
1272 597 1377 633 simili
1400 597 1504 632 modo
1528 598 1656 642 repleti
1678 598 1821 640 fuerint,
1843 607 1885 633 eo
1907 597 2012 632 modo
2036 597 2139 632 silere
2163 596 2428 648 conpelluntur;

209 654 244 683 et
267 650 297 684 si
321 648 441 683 debita
464 656 529 682 sua
554 645 735 682 consecuti
758 645 903 686 fuerint,
934 643 1163 679 feneraticias
1184 643 1367 678 cautiones
1391 643 1608 687 recuperari,
1632 643 1686 678 vel
1710 643 1740 678 si
1763 642 2013 684 remanserint,
2039 642 2111 677 suis
2135 642 2267 677 viribus
2290 650 2429 683 vacare,

208 694 238 728 si
261 703 385 739 preces
408 701 513 729 verae
536 693 632 733 sunt,
656 690 854 736 praesentis
879 689 1015 724 oraculi
1032 688 1218 723 sanctione
1241 687 1473 722 decernimus.

1224 747 1240 763 ι*
1270 746 1285 763 *
1316 747 1330 763 Ut
1361 747 1375 763 ’k
1405 747 1420 763 *k
1450 746 1465 763 ’te
1495 747 1510 762 *ι

213 129 319 172 Nov.
340 126 611 173 CXXXVIII.
643 124 865 167 CXXXIX
899 126 917 163 1
2183 131 2244 161 nn
2271 130 2429 163 nsnms

2459 735 2498 766 10

345 805 429 838 Νου.
453 804 690 837 CXXXVIII
702 805 822 836 Latine
847 810 967 835 tantum
993 775 1079 834 extat
1096 803 1128 834 in
1148 801 1337 844 Appendice
1353 801 1480 833 Iuliani
1494 807 1592 833 const.
1611 799 1806 833 CXXXIII
1817 813 1851 842 p.
1872 802 1931 833 197
1952 800 2063 832 Hiinel
2078 800 2146 842 (kp.
2159 797 2438 831 DLXXXVIII

204 847 628 936 ssulgigpkssfiagsXXlX
646 849 735 882 lum
759 849 813 891 kp.
832 847 1073 880 DLXXXVI
1090 846 1196 888 laist),
1214 865 1258 869 —
1274 846 1363 888 Epic.
1390 846 1511 878 leeod.
1531 846 1594 879 138
1619 846 1709 887 (inde
1725 845 1756 877 L
1782 853 1810 877 et
1833 845 1868 877 B
1886 846 1939 886 23,
1957 853 1985 886 3,
1999 852 2047 879 78.
2063 852 2098 878 79
2116 847 2158 877 in.
2172 859 2215 870 =
2229 843 2312 875 B⁸T
2327 844 2379 884 11,
2396 849 2432 875 20

338 1070 795 1123 ΣῩΓΧῼΡΗΣΙΣ
838 1068 1131 1122 ΠΟΙΝΗΣ
1175 1002 1375 1121 IlEl’llfl
1397 1067 1546 1120 ΤῼΝ
1591 1067 1981 1121 ΑΘΕΜΙΤῼΝ
2023 1067 2301 1121 ΓΑΜῼΝ.

207 1160 267 1196 Ἐν
290 1158 444 1204 ὀνόματι
467 1161 531 1195 τοῦ
557 1159 736 1195 δεσπότου
760 1157 871 1203 Ἰησοῦ
895 1161 1055 1206 Χριστοῦ
1079 1159 1144 1192 τοῦ
1169 1159 1258 1192 θεοῦ
1283 1157 1389 1202 ἡμῶν
1413 1157 1660 1203 Αὐτοκράτωρ
1684 1162 1827 1205 Καῖσαρ
1847 1159 2004 1204 Φλάβιος
2025 1157 2274 1194 Ἰουστινιανὸς
2292 1158 2432 1204 Φλώρῳ

995 1203 1150 1250 (κόμητι
1173 1205 1251 1238 τῶν
1275 1205 1394 1237 θείων
1419 1202 1646 1249 πριβάτων).

342 1273 657 1318 (Προοίμιον.)
698 1271 894 1319 Ἀνήγαγεν
924 1269 1011 1315 ἡμῖν
1042 1270 1063 1314 ἡ
1098 1271 1143 1314 σὴ
1169 1268 1358 1314 ἑνδοξότης
1381 1270 1463 1304 τοὺς
1487 1268 1560 1305 ἀπὸ
1584 1269 1735 1305 Σινδύος
1759 1273 1820 1315 τῆς
1843 1269 1961 1316 κώμης
1985 1275 2044 1306 καὶ
2067 1270 2149 1306 τοὺς
2168 1269 2348 1316 Ἐβραίους
2371 1274 2433 1314 τῆς
2461 1278 2499 1309 15

207 1320 330 1365 (τῶν)
356 1322 494 1363 Τυρίων
516 1317 647 1363 γάμους
671 1316 867 1362 ἀθεμίτους
887 1315 1159 1361 συμβάλλοντας
1182 1315 1254 1351 ὑπὸ
1273 1316 1342 1358 τὴν
1358 1317 1470 1349 θείαν
1484 1313 1589 1359 ἡμῶν
1609 1317 1784 1362 γενέσθαι
1801 1315 1978 1358 διάταξιν,
2003 1320 2061 1350 καὶ
2077 1314 2161 1350 οὐδὲ
2175 1317 2243 1359 τὴν
2257 1316 2434 1361 τετάρτην

207 1368 337 1409 μοῖραν
360 1365 420 1405 τῆς
445 1360 568 1396 αὐτῶν
590 1361 733 1396 διδόναι
756 1366 959 1407 περιουσίας
979 1362 1071 1396 κατὰ
1095 1362 1141 1395 τὰ
1161 1364 1243 1406 περὶ
1266 1359 1395 1394 τούτου
1417 1364 1721 1406 προςτεταγμένα,
1744 1359 1812 1405 ἤδη
1837 1360 1877 1395 δὲ
1899 1366 1960 1396 καί
1980 1373 2080 1396 τινας
2105 1363 2142 1402 ἐξ
2166 1358 2290 1395 αὐτῶν
2313 1366 2434 1405 τρίτης

209 1407 344 1451 ἡλικίας
376 1408 604 1442 καθεστάναι
635 1411 694 1441 καὶ
715 1406 861 1442 παίδων
888 1407 980 1441 εἶναι
1004 1409 1176 1451 πατέρας,
1208 1409 1269 1439 καὶ
1292 1404 1353 1439 διὰ
1377 1406 1485 1439 τοῦτο
1508 1406 1599 1449 μετὰ
1624 1405 1790 1452 δακρύων
1814 1407 1991 1441 ἱκετεῦσαι
2009 1407 2058 1451 μὴ
2083 1405 2129 1440 ἂν
2153 1404 2435 1451 ἀναγκασθῆναι

209 1455 277 1487 νῦν
297 1451 514 1497 ἀποπέμψαι
538 1451 599 1486 τὰς
621 1451 789 1498 γαμετάς,
814 1450 905 1486 ἀλλὰ
930 1455 990 1485 καὶ
1013 1455 1107 1494 ἔχειν
1128 1449 1237 1485 αὐτὰς
1257 1454 1316 1484 καὶ
1339 1450 1421 1484 τοὺς
1445 1451 1483 1490 ἐξ
1504 1448 1626 1485 αὐτῶν
1649 1454 1857 1498 γενομένους
1881 1449 1904 1495 ἢ
1926 1454 2180 1498 γενησομένους
2204 1449 2334 1486 παῖδας
2359 1450 2434 1485 δια-

211 1497 335 1541 δόχους
359 1497 484 1532 αὐτῶν
508 1498 747 1542 καθεστάναι,
772 1501 832 1531 καὶ
854 1495 1034 1541 μηδεμίαν
1058 1495 1186 1530 αὐτοὺς
1205 1496 1382 1530 ἐντεῦθεν
1405 1492 1642 1540 εὐλαβεῖσθαι
1667 1496 1809 1540 ποινήν.

1221 1585 1376 1622 CAPUT
1405 1586 1432 1621 Ι.

2459 1502 2501 1534 20

348 1656 571 1697 Θεσπίζομεν
602 1658 726 1688 τοίνυν
756 1652 848 1698 ὑπὲρ
878 1655 940 1697 τῆς
970 1653 1137 1695 τοιαύτης
1169 1652 1423 1699 συγχωρήσεως
1456 1651 1584 1688 αὐτοὺς
1616 1652 1744 1688 δοῦναι
1774 1651 1844 1687 ἀνὰ
1870 1651 1955 1687 δέκα
1978 1652 2099 1698 λίτρας
2122 1658 2265 1698 χρυσίου
2290 1651 2351 1687 διὰ
2374 1651 2437 1688 τὰς

212 1700 423 1744 ἑζιιπροσθεν
450 1700 634 1744 εἰρημένας
665 1699 798 1741 αἰτίας,
832 1695 950 1732 αὐτοῖς
979 1697 1018 1732 δὲ
1048 1702 1107 1731 καὶ
1135 1696 1250 1742 μόνον
1281 1699 1563 1744 συγχωρηθῆναι
1593 1702 1653 1732 καὶ
1674 1698 1742 1741 τὴν
1764 1701 1912 1742 μείζονα
1933 1696 2077 1741 ποινήν,
2107 1702 2167 1731 καὶ
2191 1700 2284 1741 ἐχειν
2308 1695 2437 1732 αὐτοὺς

347 1778 432 1811 Νου.
455 1778 650 1810 CXXXIX
674 1778 799 1811 Graece
831 1785 951 1811 tantum
984 1785 1070 1810 extat
1101 1779 1133 1810 in
1159 1778 1209 1819 L3
1241 1779 1274 1810 in
1297 1778 1339 1810 M
1368 1779 1435 1810 eius
1456 1778 1523 1810 loco
1548 1779 1652 1811 nescio
1674 1791 1736 1820 quo
1762 1791 1869 1811 errore
1893 1779 2047 1821 repetitur
2070 1778 2215 1811 novellae
2243 1778 2443 1811 CXXXIV

212 1836 238 1855 c.
258 1824 277 1856 3
303 1823 324 1865 ξ
343 1824 360 1857 1
386 1821 512 1865 (νεαρὰ
537 1820 641 1865 ρλθ’.·
665 1821 729 1854 τὰς
751 1819 844 1854 κατὰ
868 1820 998 1864 νόμους
1021 1819 1273 1865 ἑπιδιδομένας
1294 1819 1718 1866 ἐκκλήτους-κρίσεως).
1739 1841 1784 1847 -
1808 1824 1899 1865 Epic.
1925 1824 2043 1856 Theoti.
2071 1824 2145 1857 139.

502 2008 855 2059 REMJSSIO
889 2008 1173 2059 ΡΟΕΝΑΕ
1203 1942 1682 2060 ΙΟΞΞᾸΙΙέΙΤΑΕΠΜ
1716 2010 2146 2061 NUPTIARUM.

210 2097 257 2133 In
289 2097 429 2133 nomine
459 2097 596 2132 domini
619 2095 703 2132 Iesu
729 2096 862 2133 Christi
891 2097 952 2133 dei
968 2098 1104 2140 nostri,
1134 2097 1342 2149 Imperator
1366 2098 1671 2188 Caesar>Ftavius
1695 2099 1920 2136 Iustinianus
1943 2100 2056 2136 Floro
2085 2101 2224 2147 <comiti
2249 2113 2437 2140 sacrarum

1124 2154 1245 2178 rerum
1265 2153 1373 2189 priva
1391 2155 1495 2178 arum
1520 2172 1528 2180 .

346 2209 609 2255 Praefatio.
657 2209 810 2245 Rettulit
840 2209 890 2244 ad
918 2220 986 2244 nos
1015 2209 1136 2256 yloria
1161 2214 1243 2252 tua,
1277 2221 1339 2246 eos
1362 2211 1427 2256 qui
1448 2210 1614 2247 habitant
1631 2223 1772 2258 paqum
1797 2212 1939 2257 Sindyn
1962 2215 1999 2248 et
2022 2212 2207 2249 Hebraeos
2229 2215 2328 2251 urbis
2353 2216 2386 2251 Τ
2406 2227 2439 2251 ri

210 2255 345 2290 illicitis
377 2255 516 2300 nuptiis
543 2255 742 2289 contractis
771 2265 899 2290 sacrae
929 2260 1078 2290 nostrae
1100 2256 1351 2291 constitutioni
1376 2255 1556 2291 obnoaeios
1579 2267 1665 2300 esse,
1689 2268 1804 2302 neque
1829 2263 1946 2294 tamen
1969 2258 2163 2293 secundum
2187 2271 2231 2295 ea
2253 2271 2347 2306 quae
2370 2228 2438 2297 ἔας

211 2301 255 2335 de
284 2311 324 2335 re
347 2310 482 2345 praece
513 2303 548 2334 ta
578 2303 680 2340 sunt,
713 2304 881 2344 quartam
902 2303 1047 2345 partem
1081 2299 1305 2335 substantiae
1327 2311 1416 2335 suae
1439 2301 1547 2343 dare,
1580 2301 1652 2336 iam
1674 2313 1757 2338 vero
1782 2303 1889 2338 etiam
1913 2303 2108 2338 nonnullos
2130 2314 2179 2339 ex
2202 2305 2248 2340 iis
2270 2306 2306 2340 in
2332 2307 2438 2342 tertia

211 2349 327 2379 aetate
350 2355 426 2379 esse
447 2344 472 2378 li
497 2354 709 2389 erorumque
726 2348 868 2389 patreS,
893 2355 937 2379 ac
957 2347 1155 2391 propterea
1179 2355 1257 2379 cum
1283 2345 1442 2380 lacrimis
1464 2346 1699 2392 supplicasse,
1724 2358 1768 2383 ne
1785 2358 1881 2383 nunc
1901 2358 2036 2383 uxores
2053 2347 2231 2385 dimittere
2250 2356 2438 2396 coquntur,

210 2390 274 2424 sed
304 2394 343 2424 ut
374 2394 410 2423 et
439 2389 621 2424 retineant
651 2400 714 2423 eas
742 2394 778 2424 et
808 2389 912 2424 liberi
941 2400 991 2425 ex
1022 2389 1067 2424 iis
1099 2390 1180 2425 nati
1207 2395 1271 2425 aut
1299 2390 1475 2425 nascituri
1507 2402 1733 2427 successores
1766 2391 1834 2427 sibi
1871 2393 2044 2435 existant,
2083 2404 2170 2429 neve
2206 2394 2318 2430 uttam
2356 2395 2440 2433 inde

207 2445 362 2480 poenam
384 2435 629 2469 extimescant,

345 2479 374 2514 1.
421 2478 611 2514 Sancimus
641 2479 772 2524 iqitur,
803 2482 844 2514 ut
868 2489 943 2525 pro
973 2477 1180 2514 huiusmodi
1208 2478 1416 2514 remissione
1447 2479 1561 2516 denas
1591 2481 1728 2528 sinquli
1757 2482 1868 2518 libras
1899 2483 1984 2519 auri
2012 2486 2167 2530 propter
2195 2493 2325 2520 causas
2356 2490 2441 2522 ante

210 2524 324 2559 dictas
351 2523 571 2570 praebeant,
602 2524 692 2569 ipsis
724 2527 843 2559 autem
873 2524 961 2558 solis
991 2524 1108 2559 maior
1132 2523 1196 2558 illa
1213 2533 1335 2569 poena
1359 2525 1576 2567 remittatur,
1602 2527 1827 2573 habeantque
1851 2533 1922 2563 tam
1944 2529 2116 2573 coniuqes
2138 2539 2247 2574 quam
2271 2530 2336 2574 qui
2356 2530 2441 2567 inde

255 2648 276 2680 2
300 2649 387 2680 rubr.
419 2645 505 2691 ρλη’.
553 2649 642 2690 Περὶ
673 2644 858 2690 βασιλικῆς
889 2646 1093 2690 ἑρμηνείας,
1126 2648 1291 2691 καὶπερὶ
1325 2655 1327 2694 ξ
1356 2651 1496 2692 pertinet
1526 2652 1581 2694 (ef.
1607 2651 1725 2684 Theod.
1755 2648 1974 2698 ὑπεξῄρηται
2005 2649 2045 2686 δὲ
2074 2650 2117 2686 τὸ
2151 2655 2313 2696 κείμενον
2333 2654 2372 2687 ἐν
2396 2654 2441 2697 τῆ

210 2692 273 2724 τοῦ
305 2691 387 2724 τοὺς
418 2690 510 2724 κατὰ
538 2694 642 2736 μέρος
665 2689 997 2735 καταβαλλομένους
1020 2691 1144 2725 τόκους
1166 2694 1226 2734 (ita
1249 2693 1292 2733 L,
1325 2695 1327 2720 1
1360 2693 1413 2739 ρξ’
1436 2696 1545 2741 νεαρᾷ
1571 2697 1654 2739 περὶ
1677 2697 1753 2729 τῶν
1775 2695 1896 2730 τόκων
1920 2697 1997 2730 τῶν
2020 2696 2218 2731 πολιτικῶν
2233 2689 2441 2744 χρημάτων)

209 2735 291 2769 τοὺς
307 2734 639 2779 καταβαλλομένους
655 2736 777 2770 τόκους
795 2736 886 2769 κατὰ
902 2738 1006 2781 μέρος
1022 2737 1235 2777 cod.leeod.)
1247 2736 1290 2769 τὸ
1360 2744 1371 2782 Η
1389 2742 1428 2773 10
1454 2742 1573 2774 hiatum
1600 2742 1754 2783 indicavi,
1775 2743 1938 2775 intercidit
1954 2743 2088 2775 atterum
2107 2751 2215 2785 caput,
2236 2747 2325 2777 cuius
2343 2756 2440 2787 arqu-

211 2779 363 2814 διπλοῦν
378 2781 426 2823 μὴ
444 2777 678 2825 ’ὑπερβαίνειν
691 2779 878 2823 (Βασιλικὴ
895 2785 1006 2825 κρίσις
1019 2781 1177 2825 περὶτοῦ
1189 2781 1236 2815 εἰς
1249 2781 1291 2814 τὸ
1361 2792 1493 2818 mentum
1516 2786 1659 2819 servavit
1674 2786 1795 2819 Theod.
1820 2786 1928 2819 Πᾶσα
1952 2786 2041 2819 θεία
2059 2788 2120 2820 καὶ
2141 2785 2310 2830 βασιλικὴ
2336 2787 2440 2832 ἑρμη-

211 2823 363 2859 διπλοῦν
376 2826 518 2870 ῥέοντος
531 2824 638 2859 τόκου
651 2829 726 2859 add.
737 2827 946 2868 cod-Theoti.)
954 2828 1072 2859 leeod.
1083 2824 1194 2871 νεαροὶ
1208 2824 1292 2868 ρλη’.

210 2870 378 2914 ἑρμηνεία
403 2871 479 2904 πῶς
502 2869 538 2904 οἱ
559 2869 647 2915 ὑπὲρ
671 2870 713 2904 τὸ
741 2868 933 2904 διπλάσιον
946 2869 1046 2905 τόκοι
1062 2868 1103 2904 οὗ
1122 2874 1294 2917 παρέχον-

211 2927 271 2947 ται
283 2916 338 2958 Ml!
348 2917 368 2949 3
381 2918 451 2958 pp.]
467 2919 647 2958 perpetuus
658 2916 969 2960 IulstllHermogeni
981 2918 1152 2958 magistro]
1165 2917 1294 2949 hermo-

209 2959 354 3001 geniano
383 2961 463 2993 Ιιιί.υ
488 2961 741 3002 ermogenianus
770 2962 857 2994 Ιιιί.ω
881 2961 894 3004 ΙΙ
919 2963 939 2995 4
967 2963 1000 2993 et
1023 2963 1103 2995 Iul.²'
1122 2962 1133 3004 ΙΙ
1149 2961 1296 2994 numinis

210 3005 471 3048 A.Au9ustinus]
488 3007 634 3038 nominis
652 3007 727 3039 libri
742 3005 754 3049 ΙΙ
772 3006 980 3047 constitutio]
1005 3007 1082 3040 Cod.
1098 3008 1130 3049 4,
1144 3014 1190 3047 32,
1205 3014 1238 3040 27
1255 3012 1295 3046 §t

210 3052 220 3090 l}
233 3050 338 3092 duplu
354 3049 436 3082 Iul!
452 3050 618 3093 duplicem
633 3051 714 3084 Iutv
727 3050 954 3117 &exactionem
971 3052 1007 3084 P.
1017 3051 1179 3092 Pithoeus]
1196 3054 1228 3084 et
1243 3062 1294 3083 ac-

210 3093 335 3126 tionem
360 3096 436 3128 libri
446 3095 456 3138 ΙΙ
470 3097 489 3128 5
514 3096 648 3136 quidam
664 3096 727 3129 Iul.
748 3100 761 3117 ι’
772 3094 784 3140 Η
797 3097 816 3129 6
833 3096 1053 3137 quantitatem
1068 3096 1165 3129 Iutbv
1176 3095 1188 3141 11
1200 3095 1295 3129 nulla

210 3139 290 3170 Iutv
301 3139 311 3181 ΙΙ
324 3141 341 3172 7
360 3142 580 3181 oonpetantur
595 3141 684 3173 Iul.w
698 3140 787 3183 [lalio
804 3141 884 3174 Iut.v
899 3140 911 3185 ΙΙ
922 3143 950 3173 si
964 3154 1021 3174 om.
1034 3142 1121 3174 Iul-¹⁰
1134 3141 1146 3185 ΙΙ
1157 3141 1295 3174 fuerunt

210 3192 285 3215 eum
303 3184 399 3216 modo
418 3184 477 3217 sile
495 3185 535 3217 de
556 3195 591 3217 re
612 3186 852 3228 compellentur
867 3186 949 3219 lum
962 3185 1004 3228 118
1020 3185 1132 3219 debita
1144 3197 1202 3219 sua
1216 3197 1293 3218 con-

210 3228 315 3260 secuti
327 3228 464 3270 suerint,
480 3229 691 3262 feneraticias
705 3230 874 3263 cautiones
892 3231 1081 3273 recuperari
1093 3232 1292 3271 Zachariae]

211 3271 321 3304 debita
336 3272 502 3306 subsecuti
517 3274 655 3316 fuerint,
669 3275 876 3308 feneratitias
892 3275 1094 3315 (feneratitia
1106 3275 1201 3318 luth)
1215 3286 1292 3308 cau-

211 3316 316 3348 tiones
328 3327 520 3360 recuperare
533 3320 778 3361 (recuperarent
789 3320 881 3362 Iul.v)
896 3321 971 3354 libri
983 3320 1105 3362 (debita
1117 3320 1294 3353 subsecuta

211 3359 337 3392 fuerint
356 3362 555 3404 feneratitia‚
581 3365 751 3397 cautiones
774 3375 968 3407 recuperare
993 3366 1116 3406 Hiinel)
1132 3365 1144 3409 ΙΙ
1162 3376 1292 3398 reman-

211 3404 289 3436 serit
312 3406 392 3438 Iul.v
415 3407 427 3448 ΙΙ
453 3417 613 3440 euacuare
636 3410 717 3442 Iut.²¹
742 3409 754 3453 ΙΙ
778 3411 797 3442 9
821 3410 988 3451 praesenti
1011 3410 1093 3443 Iutv
1108 3410 1120 3453 ΙΙ
1148 3410 1292 3443 oraculis

211 3448 298 3481 Ιιιῖ.ω
315 3450 327 3492 n
344 3451 473 3483 actione
485 3453 572 3485 Ιιιί.ω
597 3453 760 3486 actionem
772 3455 855 3488 lum
879 3455 890 3497 ΙΙ
909 3454 1124 3496 decernimus]
1149 3457 1181 3489 in
1200 3456 1292 3489 libris

213 3493 344 3543 additur
376 3496 522 3528 clausula
555 3497 673 3530 similis
705 3499 785 3531 huic
809 3499 1047 3532 constitutioni
1070 3510 1188 3541 graeca
1211 3500 1290 3532 sub-

213 3539 362 3576 sequitur
391 3549 475 3579 quae
505 3541 599 3574 iubet
628 3542 664 3573 in
697 3543 748 3574 his
777 3546 909 3576 tantum
933 3554 1017 3586 quae
1041 3545 1193 3577 ciuitates
1217 3555 1290 3578 mu-

213 3581 349 3613 tuantur
373 3583 557 3623 (mutantur
578 3586 687 3627 IulJ’v)
711 3587 819 3620 locum
841 3600 908 3621 non
932 3589 1053 3621 habere
1077 3590 1198 3631 (locum
1221 3601 1289 3623 non

213 3623 332 3656 habere
364 3639 420 3658 om.
446 3629 571 3670 Iul.²¹¹¹').
623 3630 714 3667 Quae
746 3634 912 3666 adnotatio
939 3635 985 3666 ad
1007 3635 1163 3668 novellam
1193 3635 1294 3669 CLX

1361 2832 1440 2862 νεία
1464 2828 1568 2872 ἰσχὺν
1590 2830 1660 2871 ἔχει
1682 2830 1794 2874 νόμου
1820 2831 1874 2874 (cf
1900 2833 2001 2874 rubr.)
2026 2844 2109 2874 quae
2133 2834 2179 2865 ad
2201 2834 2440 2866 adnotationem

1362 2887 1423 2908 non
1448 2883 1530 2908 recte
1554 2877 1654 2918 refert
1667 2875 1853 2909 Zachariae
1871 2876 1884 2920 ΙΙ
1902 2878 2065 2920 antiquius
2089 2889 2155 2910 esse
2180 2878 2238 2910 hoc
2253 2880 2440 2921 rescriptum

1363 2932 1447 2952 anno
1480 2921 1546 2954 536
1576 2933 1614 2953 ex
1642 2933 1712 2953 nov.
1738 2921 1856 2954 XXII
1882 2934 1908 2954 c.
1934 2923 1976 2955 46
1997 2934 2051 2965 pr.
2079 2923 2130 2965 (p.
2159 2923 2234 2964 181,
2256 2924 2304 2964 24)
2335 2924 2441 2956 verbis

1361 2961 1575 3010 Ἑρμογένην
1609 2963 1677 2998 τὸν
1711 2965 1775 3007 τῆς
1809 2962 1956 3006 ἐνδόξου
1991 2966 2130 3010 μνήμης
2163 2969 2323 3010 sequitur3
2368 2975 2441 3011 ante

1363 3022 1479 3042 annum
1505 3012 1569 3044 535
1601 3011 1667 3051 (cui
1699 3012 1893 3054 adscriptum
1923 3019 1969 3044 est
1991 3024 2013 3045 a
2036 3012 2180 3045 Bienero
2201 3025 2235 3055 p.
2260 3013 2336 3046 526.
2362 3013 2441 3055 533)

1363 3055 1470 3087 datum
1503 3067 1569 3088 esse
1600 3068 1639 3088 ex
1670 3057 1794 3088 novella
1815 3058 1882 3089 eius
1907 3058 1986 3090 anni
2013 3057 2141 3098 CXXI,
2164 3058 2222 3090 ubi
2242 3058 2347 3090 verbis
2370 3070 2395 3090 c.
2422 3059 2438 3091 1

1361 3101 1420 3130 καὶ
1444 3100 1590 3145 ἔναγχος
1613 3099 1716 3133 θεῖον
1741 3100 1969 3144 πορίσασθαι
1992 3099 2110 3135 τύπον
2133 3099 2207 3134 κτλ.
2227 3103 2280 3145 (p.
2301 3103 2378 3143 591,
2396 3103 2441 3143 16)

1362 3145 1421 3176 lzoc
1453 3146 1555 3187 ipsum
1585 3146 1771 3187 rescriptum
1803 3148 1922 3188 respici
1944 3148 2086 3187 videtur,
2117 3147 2305 3179 Zachariae
2328 3148 2439 3188 efficit,

1362 3190 1419 3230 qui
1439 3191 1553 3222 varias
1577 3192 1815 3223 constitutiones
1837 3191 1963 3224 Codicis
1986 3192 2028 3224 X
2035 3190 2142 3224 Vkal.
2158 3192 2234 3223 Dec.
2250 3192 2315 3225 533
2342 3193 2440 3224 eidem

1361 3234 1560 3277 Hermoyeni
1581 3236 1755 3277 inscriptas
1778 3247 1845 3268 esse
1868 3243 1969 3268 monet
1983 3235 1995 3280 ss
2017 3237 2057 3269 12
2083 3238 2169 3268 rubr.
2191 3237 2280 3279 Περὶ
2305 3246 2440 3281 συγχω-

1360 3276 1494 3322 ρήσεως
1517 3276 1818 3324 ἀθεμιτογαμιῶν
1843 3281 1963 3313 Theod.
1989 3284 2000 3324 ΙΙ
2029 3281 2068 3314 13
2091 3276 2203 3322 Ἰησοῦ
2228 3294 2286 3314 om.
2310 3282 2342 3314 L
2360 3281 2373 3323 ΙΙ
2399 3283 2440 3314 14

1360 3322 1758 3367 κόμητι-πριβάτων
1795 3326 1912 3359 addidi
1945 3338 1982 3358 ex
2016 3327 2111 3358 inser.
2146 3326 2291 3359 novellae
2327 3325 2448 3359 CLIV

1359 3369 1414 3410 (cf.
1441 3381 1511 3401 nov.
1537 3370 1633 3410 XII)
1664 3369 1676 3412 ΙΙ
1708 3371 1747 3403 15
1778 3369 1861 3403 τοὺς
1890 3371 2046 3414 τυρίωνῖ
2065 3370 2116 3402 La
2137 3369 2199 3412 τῆς
2222 3373 2356 3414 τυρίων
2379 3368 2438 3409 L⁶‚

1358 3412 1435 3444 τῶν
1450 3415 1525 3446 add.
1547 3426 1614 3447 cum
1629 3414 1824 3447 Haloandro
1841 3416 1926 3457 vuly.
1944 3415 1955 3456 ΙΙ
1978 3417 2017 3449 16
2035 3412 2284 3458 συμβάλοντας
2296 3415 2339 3454 L,
2352 3422 2438 3455 συμ-

1358 3454 1539 3499 βαλόντας
1563 3459 1759 3492 Haloander
1781 3458 1793 3502 ΙΙ
1819 3456 1998 3500 διάταξιν]
2023 3472 2093 3492 nov.
2119 3460 2199 3492 XII
2209 3459 2221 3502 ΙΙ
2250 3460 2289 3491 17
2316 3454 2439 3490 αὑτῶν

1358 3514 1426 3534 cum
1453 3503 1647 3536 Haloandro
1671 3504 1757 3548 vuly.
1787 3504 1799 3547 ΙΙ
1828 3507 1947 3547 τρίτης
1972 3505 2177 3543 Haloander]
2213 3500 2357 3545 πρώτης
2380 3503 2410 3534 L
2427 3502 2439 3547 ss

1360 3548 1401 3581 18
1425 3545 1603 3580 ἱκετεῦσαι
1628 3549 1833 3589 Haloander]
1859 3547 2043 3581 ἱκέτευσαν
2066 3549 2097 3581 L
2119 3548 2133 3591 fl
2162 3549 2200 3581 19
2231 3548 2438 3590 γενομένους

1357 3592 1564 3632 Haloander]
1587 3593 1829 3637 γέννωμὲνους
1845 3594 1876 3626 L
1893 3594 1976 3637 vuly.
1995 3593 2007 3635 ΙΙ
2022 3592 2296 3637 γεννησομένοι·9
2320 3591 2351 3623 L
2367 3592 2378 3632 {l
2396 3594 2435 3626 21

1356 3633 1485 3670 αὐτοὺς
1509 3637 1715 3682 Haloander]
1748 3634 1869 3674 αὐτῶν
1893 3638 1924 3676 L
1940 3641 1952 3680 ΙΙ
1971 3639 2014 3673 22
2046 3634 2086 3676 δὲ
2108 3636 2312 3675 Haloana'er]
2342 3633 2384 3687 δη
2406 3638 2438 3673 L
