2618 4010
173 195 329 230 SEVERI
359 199 490 229 PETRI
520 194 576 228 m*
605 196 777 229 ZOORAE

171 297 237 332 τὸν
271 295 379 338 άξίως
405 296 614 351 ὑπέθηκεν,
651 301 710 330 καὶ
744 311 833 351 μητε
869 301 966 331 τισὶν
1002 299 1252 332 ἐπικοινωνεῖν

171 342 260 388 μήτε
284 340 491 398 ἐμβιβάζειν
524 340 651 376 αὐτοὺς
675 343 722 376 εἰς
751 343 816 396 τὴν
848 344 925 377 τῶν
950 356 1195 394 απηγορευμει
1199 356 1252 376 ων

171 391 191 424 1
240 387 430 435 δογμάτων
463 384 658 422 ἀπώλειαν.
716 385 764 421 Οὐ
794 387 865 432 μὴν
897 386 979 422 οὐδὲ
1008 402 1074 430 την
1107 386 1252 422 δικαίως

173 434 454 489 ἐξενεχθεῖσαν
454 433 545 466 κατὰ
577 432 737 479 Σεβὴρου
771 435 896 479 ψῆψον
928 432 994 476 τὴν
1029 435 1067 466 ἐκ
1101 433 1252 468 πάντων

173 491 221 514 ως
254 491 367 513 ειπειν
402 479 479 512 τῶν
512 476 772 535 ἀρχιερατικῶν
811 492 850 512 τε
885 482 945 512 καὶ
981 480 1252 532 πατριαρχικιῦν

171 522 262 568 μετὰ
296 525 356 566 τῆς
389 535 580 576 μοναχικης
616 536 853 558 συναινεσεως
880 523 1133 578 προελθοῦσαν
1163 522 1250 569 θρό-

171 583 259 610 νων,
283 567 349 610 τὴν
370 567 436 602 τὸν
456 565 758 621 άναθειιατισμὸν
783 569 988 624 ἐπάγουσαν
1015 566 1124 612 αὐτῶ,
1150 573 1252 612 βασι-

173 612 267 666 λικῆς
290 613 360 654 ἐξω
386 611 705 665 καταλιμπιινομει
727 615 992 666 ἐπικυρώσεως·
1018 612 1054 647 ὃς
1075 614 1254 660 πρότερον

172 657 271 704 παρὰ
303 670 384 692 τους
417 657 529 702 ἱεροὺς
565 658 722 693 θεσμοὺς
757 658 978 702 καταλαβὼν
1014 658 1080 692 τὸν
1105 646 1253 714 θρόνον

1252 178 1335 230 265

2090 181 2196 227 Nov.
2227 183 2346 225 XLII
2381 186 2397 224 1

1323 307 1391 341 que
1422 296 1601 341 aliquibus
1633 295 1894 331 communicare
1926 305 2041 340 neque
2072 296 2231 331 imbuere
2262 305 2324 331 eos
2354 294 2401 330 ad

1321 342 1592 377 interdictorum
1616 341 1820 394 dogmatum
1845 340 2087 385 perditionem.

1322 389 1343 422 1
1390 387 1460 422 Sed
1491 397 1606 430 neque
1637 386 1731 421 iuste
1761 386 1936 430 prolatam
1968 390 2091 421 contra
2122 386 2289 421 Severum
2320 395 2400 420 sen-

1323 433 1470 467 tentiam
1504 434 1548 467 ab
1581 431 1742 466 omnibus
1775 435 1815 464 ut
1847 430 2032 465 dicendum
2057 435 2112 466 est
2135 431 2399 475 pontificalibus

1288 482 1306 512 5
1323 482 1357 512 et
1381 477 1628 522 patriarchicis
1662 486 1742 512 cum
1767 475 1977 510 monachico
2003 486 2177 511 consensu
2201 476 2398 520 proceden-

1320 524 1392 558 tem
1409 523 1564 566 sedibus,
1583 521 1917 557 anathematismum
1936 520 2144 555 inferentem
2166 521 2208 563 ei,
2226 521 2401 565 imperiali

1323 572 1528 603 extraneam
1560 567 1825 602 confirmatione
1860 566 2109 609 relinquimus:
2148 567 2205 610 qui
2236 567 2400 611 primitus

1323 618 1449 648 contra
1473 623 1593 648 sacras
1618 612 1823 647 sanctiones
1847 611 2118 655 apprehendens
2143 611 2262 646 sedem
2285 612 2399 646 Theo-

1321 659 1562 703 politanorum
1598 657 1844 692 sanctissimae
1880 656 2049 691 ecclesiae
2089 657 2139 690 ita
2181 657 2402 701 perturbavit

171 705 232 746 τῆς
258 703 511 738 Θεουπολιτῶν
542 701 741 749 ἁγιωτάτης
772 702 956 746 ἐκκλησίας
988 700 1083 736 ου’τω
1109 703 1252 737 συνετά·
1271 707 1308 738 10
1322 714 1451 745 omma
1475 704 1527 737 ita
1547 703 1653 747 plena
1672 701 1759 737 fecit
1779 701 1943 744 tumultu,
1970 701 2064 745 quod
2087 711 2269 736 commune
2289 701 2398 745 q-uod

172 745 313 801 ραξεν
296 746 456 790 α’παντα,
482 745 577 782 ου’τω
597 750 711 793 μεστὰ
733 753 906 803 πεποίηκε
927 750 1091 803 ταραχῆς,
1119 760 1164 782 ως
1183 762 1251 782 κοι-

171 808 237 827 νον
267 807 352 828 τινα
382 797 440 827 καὶ
473 791 671 835 άκιοικτον
701 798 778 828 ταῖς
809 791 1027 845 αγιωτάταις
1054 793 1253 850 εκκλησίαις

172 838 340 892 ἐμβαλεῖν
369 839 455 885 πρὸς
485 823 635 880 αλληλας
659 837 827 894 πίλεμον,
858 841 916 872 καὶ
949 851 1055 872 τουτο
1089 841 1148 872 καὶ
1179 842 1252 872 τοῖς

171 883 242 931 πρὸ
275 882 379 927 ἡμῶν
412 897 603 939 σκηπτροις
634 885 729 943 πρὸς
750 882 861 917 αὐτὸν
883 881 1106 930 γεγραφθαι,
1140 887 1250 917 ποικι-

1322 749 1403 782 dam
1428 753 1464 783 et
1487 747 1725 783 abdicandum
1756 746 1990 782 sanctissimis
2015 746 2174 781 ecclesiis
2207 746 2400 781 inmitteret

1322 793 1517 828 adinvicem
1547 793 1690 828 bellum.
1739 793 1787 826 Et
1815 792 1885 827 hoc
1916 792 2022 826 etiam
2054 802 2075 826 a
2106 791 2400 836 praecedentibus

1320 849 1385 873 nos
1424 839 1575 882 sceptris
1610 839 1655 872 ad
1688 848 1769 873 eum
1804 838 1976 881 scriptum
2009 840 2080 879 est,
2118 837 2224 871 variis
2260 837 2401 880 quidem

1322 883 1526 926 dogmatum
1552 887 1588 918 et
1607 883 1731 918 alienis
1753 894 1773 918 a
1795 882 2006 917 rectitudine
2032 882 2196 917 sensibus
2218 882 2285 927 (et)
2307 882 2400 916 blas-

172 917 248 963 λαις
280 931 347 974 μὲν
384 927 576 975 δογμάτων
616 933 674 963 καὶ
710 916 1007 973 άπηλλοτριωμεν
1010 940 1063 962 αις
1100 929 1160 970 τῆς
1196 926 1250 973 ὀρ·
1269 931 1306 963 15
1321 929 1470 972 phemiis
1495 930 1669 970 utentem,
1703 929 1821 963 omnia
1844 938 1927 963 vero
1961 929 2234 962 conturbantem
2265 930 2300 961 et
2323 928 2402 961 sola

170 972 329 1027 θότητος
361 979 558 1019 περινοίαις
591 988 630 1008 τε
665 977 723 1007 καὶ
747 974 996 1031 βλασφημίαις
1017 971 1251 1029 χρησάμενον,

170 1016 317 1053 ἅπαντα
340 1018 379 1053 δὲ
403 1008 677 1074 συνταράξαντα
707 1023 766 1052 καὶ
789 1017 916 1063 μόνων
943 1020 1022 1052 τῶν
1049 1020 1110 1061 τῆς
1134 1019 1251 1051 ἑκατέ-

171 1078 233 1109 ρου
266 1067 342 1098 τῶν
375 1064 613 1120 αἱρεσιαρχῶν
646 1062 782 1106 πλάνης
811 1061 998 1108 βδελυρῶν
1034 1077 1072 1097 τε
1103 1066 1162 1097 καὶ
1193 1060 1251 1096 άν-

171 1114 284 1143 οσίων
302 1099 516 1163 δογμάτων
516 1109 537 1142 (ἶ.
535 1108 754 1153 ντεχόμενον
770 1111 980 1162 (Νεστορίου
999 1112 1041 1142 τέ
1055 1122 1173 1163 φαμεν
1192 1111 1252 1141 καὶ

1321 974 1505 1017 utriusque
1543 975 1673 1008 erroris
1704 973 1977 1008 haeresiarchae
2006 972 2259 1007 abominabilia
2295 975 2401 1016 atque

1322 1019 1475 1052 scelesta
1507 1019 1672 1070 dogmata
1704 1019 1950 1054 defendentem
1981 1017 2151 1059 (Nestorii
2185 1018 2332 1052 dicimus
2365 1020 2401 1052 et

1321 1063 1514 1108 Eutychis,
1547 1063 1733 1108 utriusque
1764 1064 1864 1098 ducis
1898 1074 1917 1098 e
1949 1064 2128 1098 contrario
2161 1063 2300 1107 quidem
2332 1062 2401 1098 sibi

1321 1108 1518 1143 adinvicem
1550 1119 1628 1143 esse
1662 1110 1780 1153 aliquo
1813 1109 1919 1144 modo
1951 1109 2078 1153 putati,
2111 1108 2157 1143 ad
2182 1119 2291 1143 unum
2316 1118 2399 1143 vero

171 1152 349 1197 Ευτυχοῦς
381 1158 440 1188 καὶ
464 1156 541 1188 τῶν
566 1155 732 1207 εκατέρου
755 1151 898 1187 τούτων
922 1152 1188 1206 καθηγεμόνων
1214 1153 1252 1193 ἐξ
1266 1155 1307 1187 20
1320 1154 1510 1187 terminum
1533 1154 1725 1197 impietatis
1750 1154 1907 1198 impulsi)
1942 1156 1979 1188 et
2001 1154 2142 1188 illorum
2167 1153 2340 1197 figuratos
2364 1153 2401 1187 in

172 1202 338 1234 ἐναντίας
361 1213 428 1244 μεν
452 1200 546 1232 εἶναι’
567 1210 644 1233 πως
669 1197 875 1232 δοκούντων
898 1196 1074 1241 ἀλληλοις,
1101 1199 1188 1246 πρὸς
1212 1201 1251 1232 ἓν

172 1244 212 1278 δὲ
235 1244 332 1279 τέλος
356 1247 417 1288 τῆς
440 1242 602 1298 ἀσεβείας
626 1246 890 1299 ἐπειγομενων)
917 1257 976 1276 και
999 1242 1081 1277 τοὺς
1102 1231 1251 1277 ἐκείνων

170 1300 507 1343 χαρακτηριστικους
529 1288 833 1342 ἐντυπωσάμενον
854 1287 986 1343 λόγους.
1022 1286 1085 1322 δύο
1108 1289 1176 1343 γὰρ
1195 1288 1250 1322 ὅν-

170 1348 248 1368 των
267 1336 446 1368 ἐναντίων
462 1331 623 1385 αλλήλοις
635 1332 842 1387 δογμάτων,
866 1333 918 1367 ὡν
936 1334 1103 1381 ἑκάτερον
1120 1333 1251 1378 ὁμοίως

1321 1208 1359 1233 se
1383 1198 1623 1242 designantem
1651 1209 1840 1233 sermones.
1882 1199 2031 1233 Duobus
2051 1199 2146 1233 enim
2166 1199 2400 1233 existentibus

1321 1243 1509 1278 contrariis
1536 1244 1732 1278 adinvicem
1758 1244 2000 1287 dogmatibus,
2036 1255 2185 1288 quorum
2209 1250 2401 1287 utrumque

1321 1289 1479 1324 similiter
1511 1289 1557 1323 ad
1589 1289 1727 1323 animae
1761 1289 1992 1332 perditionem
2017 1290 2141 1331 tendit,
2178 1293 2214 1324 et
2245 1289 2402 1323 Nestorii

1321 1337 1357 1368 et
1373 1334 1560 1379 Eutychis,
1587 1334 1694 1368 sicuti
1711 1334 1961 1378 praediximus,
1988 1344 2077 1377 quae
2102 1344 2146 1368 ex
2167 1334 2344 1368 Arianicis
2367 1338 2401 1368 et

170 1380 218 1413 εἰς
241 1378 394 1424 ψυχικὴν
418 1377 649 1412 ἀπωλειαν
612 1393 705 1435 αγει
736 1380 812 1420 (τοῦ
837 1393 877 1413 τε
902 1382 1099 1432 Νεστορίου
1124 1382 1186 1414 τοῦ
1211 1393 1251 1413 τε
1265 1382 1306 1414 25
1321 1379 1552 1424 Apollinariis
1577 1382 1745 1414 constant
1768 1379 2036 1423 pollutionibus,
2063 1380 2139 1423 ipse
2161 1380 2293 1423 aliquid
2317 1390 2399 1423 pas-

167 1422 364 1479 Εὐτυχοῦς,
396 1422 566 1470 καθάπερ
591 1424 752 1459 εἰπόντες
783 1425 962 1469 ἔφθημεν,
995 1422 1086 1468 ἆπερ
1111 1427 1149 1458 ἐκ
1173 1438 1250 1458 των

167 1471 401 1525 Αρειανικῶν
437 1483 476 1503 τε
512 1473 572 1503 καὶ
601 1469 880 1523 Απολλιναριου
908 1482 1060 1513 συνεστη
1096 1470 1250 1514 μιασμά-

169 1518 269 1557 των),
295 1515 400 1548 αὐτός
421 1528 457 1549 τι
467 1513 680 1571 παράδοξον
701 1516 842 1549 παθών
863 1511 994 1557 ὁμοίως
1014 1516 1061 1549 εἰς
1083 1515 1250 1560 ἑκάτερον

171 1562 395 1604 ἐμπεπτωκε,
417 1563 475 1593 καὶ
493 1560 543 1602 πη
563 1562 629 1604 μὲν
649 1562 757 1594 τοῦτο
778 1559 828 1603 πη
848 1558 888 1594 δὲ
907 1563 1019 1594 ἐκεῖνο
1036 1561 1250 1616 πρεσβεύων

1321 1436 1382 1460 sus
1402 1424 1620 1469 inopinabile
1640 1425 1801 1459 similiter
1821 1425 1856 1458 in
1877 1428 2068 1468 utrumque
2087 1425 2232 1466 corruit,
2261 1429 2296 1458 et
2316 1424 2402 1458 alibi

1320 1470 1461 1514 quidem
1485 1471 1554 1504 hoc
1586 1470 1672 1505 alibi
1697 1472 1815 1504 autem
1840 1469 1926 1504 illud
1950 1479 2116 1504 asserens
2141 1479 2327 1504 commune
2350 1469 2400 1503 vi-

1320 1517 1424 1550 detur
1447 1516 1715 1560 receptaculum
1742 1515 1970 1558 semetipsum
2002 1524 2158 1559 suosque
2185 1515 2296 1550 libros
2320 1517 2399 1550 tan-

1319 1565 1436 1596 torum
1461 1560 1679 1596 constituere
1704 1560 1926 1595 delictorum.

169 1606 292 1639 κοινὸν
322 1603 422 1646 εδοξε
451 1603 590 1647 δοχεῖον
620 1604 749 1639 ἑαυτόν
780 1619 820 1639 τε
851 1608 911 1638 καὶ
935 1604 1016 1639 τοὺς
1040 1606 1168 1639 ἑαυτου
1194 1605 1248 1639 λὸ-
1264 1608 1305 1640 30

169 1662 249 1696 γους
284 1651 363 1684 τῶν
398 1649 619 1693 τηλικούτων
659 1649 984 1706 πλημμελημάτων
1011 1663 1246 1706 καταστησαι.

170 1695 194 1730 2
244 1696 359 1729 Εστω
383 1700 506 1730 τοίνυν
540 1699 599 1729 καὶ
632 1693 738 1729 αυτὸς
767 1693 837 1730 ὑπὸ
861 1695 928 1730 τὸν
938 1696 1140 1751 ειρημένον
1163 1694 1247 1730 ἀνα-

170 1739 412 1798 θεματισμόν,
445 1737 488 1774 ὃν
511 1736 612 1775 ἅπαν
642 1740 685 1774 τὸ
710 1740 970 1798 πατριαρχικόν
1001 1755 1041 1775 τε
1069 1744 1128 1774 καὶ
1154 1741 1247 1798 ἱερα-

169 1785 270 1819 τικὸν
294 1789 354 1819 καὶ
376 1785 573 1830 μοναχικὸν
596 1786 656 1828 τῆς
674 1784 841 1839 ἡμετέρας
866 1785 1046 1821 πολιτείας
1067 1799 1113 1820 ως
1134 1787 1249 1822 εἰπεῖν

1319 1696 1342 1731 2
1389 1696 1443 1731 Sit
1466 1697 1575 1740 igitur
1607 1699 1644 1732 et
1674 1696 1752 1741 ipse
1785 1696 1851 1731 sub
1875 1695 2060 1741 praedicto
2093 1694 2401 1738 anathematismo,

1319 1751 1424 1786 quem
1441 1742 1556 1777 omnis
1574 1742 1826 1786 patriarchalis
1843 1745 1879 1776 et
1894 1740 2128 1776 sacerdotalis
2144 1745 2179 1775 et
2193 1741 2404 1775 monachica

1317 1791 1463 1821 nostrae
1493 1787 1713 1832 reipublicae
1744 1787 1860 1831 figura
1883 1786 1978 1821 iuste
2001 1786 2124 1821 intulit
2148 1786 2191 1828 ei,
2227 1785 2403 1829 Theopoli

170 1832 288 1872 σχῆμα
312 1829 458 1865 δικαίως
483 1831 662 1886 ἐπήγαγεν
686 1828 796 1886 αυτῷ,
822 1833 881 1885 τῆς
903 1834 970 1888 μὲν
996 1831 1249 1867 Θεουπολιτων
1263 1834 1304 1866 35
1319 1832 1459 1876 quidem
1492 1833 1672 1877 expulsus,
1708 1843 1748 1867 eo
1775 1832 1869 1876 quod
1902 1843 1983 1866 eum
2015 1831 2091 1866 eius
2123 1830 2271 1866 removit
2296 1830 2402 1873 sedis,

171 1875 443 1935 ἐκβεβλημένος,
478 1874 571 1910 διότι
594 1889 661 1922 περ
687 1874 799 1911 αὐτὸν
829 1874 848 1910 ὁ
880 1891 948 1911 κατ
991 1879 1132 1919 ἐκείνην
1164 1875 1247 1911 ἀπε-

171 1925 316 1955 σείσατο
348 1921 497 1968 θρόνος,
533 1920 591 1955 οἶα
621 1908 713 1966 μηδὲ
746 1922 814 1966 τὴν
843 1920 954 1968 ἀρχὴν
986 1922 1109 1968 ὀρθῶς
1146 1935 1253 1966 αυτης

171 2058 192 2091 1
238 2055 498 2090 communicare
521 2065 637 2100 neque
661 2065 722 2091 eos
746 2056 905 2091 imbuere
929 2056 965 2090 in
989 2055 1223 2107 perditionem
1246 2054 1517 2090 interdictorum
1538 2054 1752 2099 dogmatum.

1319 1881 1444 1922 utpote
1468 1888 1534 1913 nec
1558 1878 1658 1913 initio
1680 1882 1776 1913 recte
1798 1888 1875 1913 eam
1898 1876 2234 1922 apprehendentem,
2256 1877 2318 1912 sed
2339 1876 2401 1911 ad-

1824 2055 1900 2091 Nec
1921 2055 2044 2100 utique
2065 2057 2167 2090 extra
2182 2054 2399 2106 imperialem

172 2101 475 2136 confirmationem
506 2101 738 2145 relinquimus
771 2102 984 2136 sententiam
1014 2102 1107 2135 iuste
1139 2105 1265 2136 contra
1289 2100 1457 2135 Severum
1488 2101 1598 2135 latam
1623 2111 1666 2136 ac
1690 2111 1735 2135 ex
1759 2101 1922 2136 omnibus
1955 2106 1995 2135 ut
2020 2101 2072 2135 ita
2096 2101 2256 2135 dicamus
2281 2099 2398 2152 ponti-

170 2146 332 2181 ficalibus
358 2150 394 2180 et
418 2146 718 2190 patriarchalibus
743 2157 816 2181 una
841 2157 921 2181 cum
945 2146 1164 2181 monachicis
1190 2146 1423 2180 consensibus
1448 2146 1713 2197 provenientem
1745 2146 1890 2181 sedibus
1914 2148 1951 2181 et
1973 2146 2306 2180 anathematismum
2330 2144 2400 2188 ipsi

170 2191 398 2226 inferentem:
425 2191 485 2235 qui
504 2191 603 2235 prius
629 2196 755 2226 contra
778 2202 899 2226 sacras
924 2192 1127 2225 sanctiones
1152 2190 1359 2234 accipiendo
1386 2190 1504 2224 sedem
1527 2191 1772 2225 sanctissimae
1794 2191 1966 2226 ecclesiae
1979 2190 2321 2234 Theopolitanorum
2346 2189 2400 2224 sic

173 2237 339 2271 universa
365 2237 591 2270 conturbavit
615 2237 736 2279 sicque
761 2236 1006 2270 accumulatas
1030 2235 1251 2269 turbationes
1275 2234 1372 2277 fecit,
1406 2235 1500 2279 quod
1527 2245 1711 2270 commune
1736 2236 1913 2279 quoddam
1939 2246 1982 2270 ac
2007 2234 2244 2269 abominabile
2268 2235 2400 2269 bellum

172 2281 405 2315 sanctissimis
435 2280 593 2314 ecclesiis
627 2281 822 2315 adinvicem
852 2280 1067 2314 immitteret.
1128 2280 1175 2313 Et
1204 2280 1273 2313 hoc
1306 2283 1340 2313 et
1373 2290 1395 2314 a
1427 2280 1577 2323 sceptris
1610 2290 1700 2322 quae
1734 2285 1817 2315 ante
1849 2291 1914 2315 nos
1945 2281 2091 2315 luerunt
2124 2282 2250 2315 contra
2281 2279 2399 2332 ipsum

173 2326 345 2369 scriptum
369 2329 461 2366 erat,
492 2324 597 2359 variis
622 2324 825 2367 dogmatum
850 2329 885 2358 et
907 2335 929 2358 a
954 2324 1167 2359 rectitudine
1196 2324 1360 2358 alienatis
1384 2324 1622 2358 intellectibus
1655 2334 1699 2358 ac
1723 2325 1952 2369 blasphemiis
1983 2335 2086 2359 usum
2110 2325 2222 2359 fuisse
2252 2334 2295 2359 ac
2319 2324 2398 2358 uni-

172 2380 275 2405 versa
299 2370 532 2404 conturbasse
564 2373 599 2403 et
627 2369 727 2403 illum
759 2379 1014 2413 quemcumque
1046 2379 1201 2403 errorem
1233 2368 1505 2403 abominabilem
1537 2369 1868 2404 haeresiarcharum
1900 2373 1935 2405 et
1965 2370 2168 2422 iniquorum
2196 2370 2399 2412 dogmatum

173 2415 344 2459 recipere
375 2414 533 2449 Nestorii
557 2414 704 2448 dicimus
730 2418 766 2448 et
789 2414 974 2458 Eutychis
1008 2418 1042 2447 et
1072 2424 1152 2448 cum
1185 2417 1332 2457 uterque
1365 2414 1489 2448 horum
1515 2418 1788 2466 piaeceptorum
1820 2415 1988 2450 contrarii
2015 2415 2274 2458 quodammodo
2299 2414 2398 2448 adin-

172 2460 283 2496 vicem
308 2470 385 2494 esse
409 2459 605 2500 videantur,
635 2459 681 2493 ad
712 2470 823 2494 unum
853 2469 936 2494 vero
966 2459 1159 2503 impietatis
1191 2458 1297 2492 finem
1321 2458 1486 2501 inferant,
1523 2459 1627 2493 etiam
1659 2459 1800 2493 illorum
1825 2460 2020 2504 divulgatos
2053 2469 2234 2495 sermones
2260 2469 2339 2494 eum
2362 2459 2399 2494 in

174 2516 284 2541 unum
307 2504 526 2540 formavisse
575 2504 725 2539 Duobus
751 2505 842 2539 enim
867 2504 1101 2539 existentibus
1126 2503 1350 2546 dogmatibus
1375 2504 1570 2538 adinvicem
1595 2505 1887 2548 repugnantibus,
1913 2515 2063 2550 quorum
2088 2509 2278 2558 utrumque
2302 2504 2399 2539 simi-

173 2551 253 2585 liter
277 2550 322 2585 ad
345 2549 484 2584 animae
504 2549 738 2593 perditionem
759 2549 914 2590 adducit,
940 2549 1095 2584 Nestorii
1117 2549 1279 2583 videlicet
1300 2552 1335 2583 et
1354 2549 1538 2594 Eutychis,
1564 2549 1858 2593 quemadmodum
1883 2549 2033 2585 dicendo
2051 2550 2285 2592 narravimus,
2311 2559 2401 2594 quae

172 2607 217 2631 ex
242 2596 456 2630 Arianorum
489 2597 524 2629 et
547 2595 758 2638 Apollinarii
791 2594 1001 2638 contagione
1034 2594 1245 2635 consistunt,
1277 2593 1356 2638 ipse
1380 2594 1600 2639 paladoxum
1633 2594 1718 2638 quid
1741 2604 1933 2640 perpessus
1965 2596 2000 2630 in
2025 2599 2218 2648 utrumque
2239 2595 2399 2630 similiter

172 2640 297 2676 incidit
322 2644 356 2675 et
376 2640 423 2674 ibi
447 2640 587 2684 quidem
611 2640 690 2680 hoc,
715 2640 763 2674 ibi
787 2639 927 2684 quidem
950 2639 1038 2674 illud
1062 2639 1233 2674 mittendo
1264 2649 1303 2673 se
1325 2639 1441 2683 ipsum
1467 2644 1502 2674 et
1526 2650 1708 2675 sermones
1734 2651 1818 2675 suos
1842 2642 1939 2676 visus
1971 2645 2027 2675 est
2051 2641 2280 2676 constituisse
2306 2651 2398 2693 com-

173 2685 197 2721 2
243 2696 349 2720 mune
372 2685 637 2729 receptaculum
661 2689 842 2719 tantorum
866 2685 1085 2719 delictorum

172 2741 296 2766 versus

173 2777 284 2819 duxit,

219 2914 238 2946 2
260 2908 465 2955 ἐκβιβάζειν
490 2912 519 2945 C
537 2911 549 2951 ΙΙ
578 2910 624 2944 εἷς
643 2924 700 2944 om.
719 2911 748 2944 C
766 2909 778 2955 ΙΙ
805 2912 824 2944 6
844 2909 1058 2965 μοναρχικῆς
1078 2909 1252 2942 συνεσεως

173 2958 205 2990 L
221 2957 233 3001 ΙΙ
253 2959 272 2991 9
286 2955 496 3000 καταλαβὴν
509 2957 556 2989 L¹
584 2955 595 2999 ΙΙ
622 2958 661 2989 10
676 2954 967 3008 συνεταράξαμεν
981 2955 1028 2987 L¹
1047 2955 1059 2995 ΙΙ
1086 2957 1120 2987 11
1138 2951 1252 2997 μεστὰ

173 3005 346 3057 πεποίηκε
375 3003 564 3035 Zachariae
588 3015 626 3034 ex
650 3003 680 3042 ς]
718 2998 807 3043 μετὰ
835 3003 1008 3041 πεποίηκε
1035 2999 1064 3033 0
1098 3010 1251 3042 μεταπε-

174 3050 300 3087 ποίηκε
316 3047 360 3078 M
376 3044 663 3089 μεταπεποιῆκαι
678 3047 708 3078 L
727 3051 739 3089 ΙΙ
763 3045 916 3097 ταραχῆς
931 3044 1060 3085 MCQJ.
1076 3045 1254 3089 ,ταραχαῖ

175 3092 222 3124 L¹
247 3090 467 3135 συνταράξας
482 3091 529 3124 L2
548 3093 558 3132 ΙΙ
580 3093 618 3124 13
627 3104 673 3133 sq
688 3093 760 3124 τοῖς
778 3088 848 3134 πρὸ
867 3085 970 3132 ἡμῶν
989 3087 1191 3132 σκήπτροις]
1213 3090 1252 3121 de

176 3136 505 3221 ιΙηέέἅιιςὶἰηίὧιίίξῖζο
526 3137 850 3214 ςίῖζῖξαῖῦοηὶιιεὸαιιη.
853 3136 1095 3224 2ε2εΞί.ΙΙαιῖ4αηη.
1111 3136 1174 3167 518
1187 3135 1250 3210 ¹gol.

294 3194 372 3213 ucae
669 3194 688 3213 a
713 3195 723 3214 ι
745 3194 755 3213 2
1070 3191 1085 3211 ε
1110 3191 1152 3210 οα
1217 3190 1253 3210 αι

177 3227 248 3259 ML
257 3226 296 3266 C']
321 3194 525 3278 γέγραπταί)
530 3195 719 3268 [lomberqyk
732 3227 787 3268 (cf
802 3193 855 3266 gl)
880 3224 892 3267 ΙΙ
923 3226 960 3258 17
977 3191 1252 3268 συντ(ι)ράξζντα

175 3271 222 3304 M
223 3272 278 3311 Ος]
303 3271 371 3303 νῦν
391 3267 598 3314 ταράξαντα
623 3272 654 3303 L
677 3271 689 3314 ΙΙ
718 3273 756 3304 17
770 3284 817 3312 sq
844 3271 904 3302 καὶ
927 3288 971 3293 -
995 3266 1183 3320 βδελυρῶν
1201 3270 1251 3309 τε]

177 3320 209 3349 et
229 3316 327 3348 illum
350 3325 589 3357 quemcumque
614 3327 757 3348 errorem
782 3314 1037 3346 abominabilem
1063 3315 1074 3346 l
1100 3316 1111 3356 ΙΙ
1141 3311 1252 3356 μόνον

175 3362 254 3395 τῶν
283 3362 311 3395 C
331 3359 443 3404 μόνον
462 3359 526 3393 τὸν
542 3361 571 3392 L
595 3359 606 3403 ΙΙ
637 3362 676 3394 19
702 3361 821 3404 φαμὲν
846 3373 903 3392 om.
923 3360 949 3392 G
965 3358 977 3403 ΙΙ
1005 3361 1046 3393 20
1071 3371 1251 3403 εκατερων

178 3408 224 3439 L¹
249 3406 416 3451 ἑκατέρας
428 3407 478 3438 vel
490 3405 671 3448 ἑκατέραις
699 3405 743 3437 L²
766 3405 777 3448 ΙΙ
801 3416 943 3437 τουτων
967 3417 1024 3436 om.
1039 3415 1058 3440 ς
1081 3403 1093 3448 ΙΙ
1120 3406 1158 3437 21
1185 3406 1253 3446 μέν

177 3463 254 3485 πως
275 3450 367 3485 εἶναι
393 3452 421 3484 C
440 3450 452 3495 ΙΙ
481 3452 521 3484 22
541 3451 797 3503 ἐπειγομένων]
824 3450 970 3481 inferant
990 3451 1024 3490 (ι’.
1040 3463 1065 3482 e.
1080 3450 1251 3493 ἐπαγομέ-

177 3500 267 3534 νων)
294 3498 306 3528 l

179 3497 417 3584 ἐτυπωσδιμεν
442 3542 489 3574 L¹
521 3542 556 3572 in
581 3551 613 3572 se
638 3540 865 3581 designantem
891 3551 910 3575 ς
940 3538 951 3583 ΙΙ
986 3536 1049 3572 δύο
1076 3540 1132 3579 Μ]
1167 3535 1252 3571 δῦον

179 3587 227 3619 L¹
262 3583 362 3619 δυοῖν
386 3586 469 3620 L²C
493 3586 515 3639 ΙΙ
535 3583 657 3618 ὄντοιν
684 3585 730 3617 L2
754 3585 766 3628 ΙΙ
799 3586 840 3618 25
867 3595 929 3616 του
954 3585 1152 3635 Νεστορίου
1180 3585 1207 3617 C
1240 3585 1252 3626 ΙΙ

179 3633 222 3665 26
245 3629 414 3676 καθάπερ
438 3629 599 3665 εἰπόντες
619 3629 798 3674 ἔφθημεν]
819 3629 1091 3670 quemadmodum
1113 3629 1252 3661 dicendo

180 3678 385 3709 narravimus
398 3678 430 3717 (i.
443 3690 468 3710 e.
483 3678 550 3720 ἔφη
579 3679 630 3716 εν)
651 3675 689 3719 ΙΙΙ
713 3675 791 3708 τῶν
811 3687 1051 3720 νεαριανικων
1067 3686 1106 3707 τε
1120 3674 1151 3707 L
1175 3674 1253 3707 τῶν

176 3718 372 3774 Ἀρειανῶν
391 3722 420 3756 C'
439 3721 451 3765 ΙΙ
475 3724 515 3755 27
542 3718 775 3764 απολιναρίου
801 3720 908 3753 MLC
926 3719 938 3763 ΙΙ
969 3721 1010 3753 29
1036 3720 1161 3752 ἐκείνω
1188 3720 1217 3751 L

181 3767 223 3799 30
237 3761 344 3799 αὐτου
361 3765 414 3811 ΟΙΙ
434 3768 475 3800 34
494 3778 541 3800 ως
562 3766 675 3799 ειπεῖι
693 3753 872 3798 πολιτείας
891 3765 918 3798 C
941 3774 986 3797 ως
999 3764 1112 3798 εἰπεῖν
1126 3777 1181 3797 οηι.
1199 3776 1217 3800 ς
1241 3723 1253 3809 ΙΙ

250 3821 300 3847 Ill

375 3497 416 3530 23
441 3495 743 3538 ἐντυπωσάμενον
763 3494 860 3534 1320]
886 3494 1198 3537 ἐντυπωσαμένων
1215 3494 1259 3526 Μ

1176 2684 1231 2719 Sit
1253 2684 1374 2728 itaque
1398 2689 1433 2718 et
1444 2685 1532 2737 ipse
1556 2685 1623 2720 sub
1648 2685 1831 2729 praedicto
1857 2686 2166 2728 anathematismo,
2192 2696 2295 2731 quem
2319 2685 2397 2720 uni-

346 2730 586 2773 atriarchalis‚
620 2730 836 2774 pontificalis
869 2740 911 2764 ac
940 2730 1170 2764 monachicus
1196 2733 1339 2764 nostrae
1372 2734 1412 2764 ut
1442 2729 1493 2764 ita
1517 2730 1674 2765 dicamus
1699 2731 1846 2775 politiae
1871 2735 1994 2766 coetus
2027 2731 2121 2766 iuste
2143 2731 2182 2766 in
2204 2732 2320 2784 ipsum
2344 2730 2397 2765 in-

332 2786 352 2812 e
376 2775 636 2820 Theopolitana
660 2775 800 2820 quidem
825 2775 976 2810 ecclesia
1000 2775 1144 2818 eiectus,
1169 2774 1302 2809 idcirco
1327 2774 1421 2819 quod
1446 2775 1595 2810 thronus
1620 2776 1663 2810 de
1686 2775 1748 2811 illa
1770 2777 1886 2821 ipsum
1909 2776 2066 2820 removit,
2100 2786 2142 2811 eo
2167 2776 2262 2821 quod
2285 2775 2398 2821 ipsius

1323 2911 1364 2942 36
1390 2909 1529 2950 ἐκείνην
1550 2910 1606 2949 0ςῖ
1632 2911 1769 2943 ἐκεῖνον
1790 2911 1837 2944 M
1853 2911 2003 2945 ἐκείνων
2025 2912 2055 2944 L
2078 2911 2090 2956 ΙΙ
2118 2914 2158 2945 37
2186 2907 2291 2953 αὐτης
2313 2909 2400 2954 MC]

1322 2951 1434 2995 αὐτὴν
1460 2954 1506 2986 L¹
1532 2951 1638 2988 αυτοῦ
1664 2956 1712 2988 L²

1367 3069 1386 3100 3
1410 3066 1541 3108 prolata
1565 3068 1595 3099 Τ
1613 3067 1625 3109 ΙΙ
1649 3067 1814 3099 sententia
1836 3068 1868 3100 T
1886 3068 1898 3111 ΙΙ
1924 3070 1946 3102 4
1971 3071 2009 3101 ut
2027 3068 2204 3101 dicendum
2227 3068 2272 3108 V]
2297 3068 2401 3101 inter-

1322 3112 1497 3143 dicendum
1524 3113 1554 3144 Τ
1578 3112 1590 3154 ΙΙ
1620 3114 1639 3145 5
1666 3111 1891 3154 *patriarchis
1917 3114 1995 3147 libri
2013 3114 2024 3157 ΙΙ
2052 3113 2318 3146 commonachico
2339 3111 2393 3157 V}

1323 3159 1339 3189 7
1367 3157 1585 3188 *extraneum
1612 3157 1688 3189 libri
1718 3157 1730 3199 ΙΙ
1767 3156 1964 3198 reliquimus
1997 3159 2030 3191 V
2058 3158 2070 3202 ΙΙ
2108 3159 2146 3191 13
2172 3159 2230 3199 est]
2263 3160 2296 3190 et
2327 3157 2363 3191 V
2388 3160 2392 3201 Ι

1322 3202 1465 3243 quidem]
1491 3202 1549 3242 qui
1573 3201 1612 3233 de
1633 3201 1689 3244 Vn
1721 3203 1761 3234 14
1787 3206 1819 3233 et
1843 3215 1900 3235 om.
1916 3203 1992 3236 libri
2013 3203 2025 3246 ΙΙ
2063 3206 2097 3237 18
2122 3202 2271 3245 ethychis
2291 3202 2325 3235 V
2343 3213 2400 3235 eu-

1321 3247 1396 3279 ticis
1425 3248 1455 3279 T
1471 3245 1483 3290 ΙΙ
1510 3246 1696 3287 uniusque]
1722 3248 1754 3278 et
1778 3247 1951 3288 utriusque
1978 3249 2010 3281 Τ
2029 3247 2041 3292 ΙΙ
2076 3250 2117 3281 22
2143 3247 2306 3289 dogmatis
2334 3248 2364 3280 V
2374 3246 2402 3299 ΙΙ

1322 3303 1461 3333 quarum
1493 3292 1554 3324 VT
1577 3291 1589 3334 ΙΙ
1619 3293 1662 3325 24
1687 3292 1861 3334 euthychis
1894 3293 1926 3325 V
1958 3293 2099 3325 eutichis
2126 3293 2158 3325 Τ
2183 3293 2195 3336 ΙΙ
2226 3292 2400 3325 arrianicis

1331 3338 1361 3370 V
1378 3336 1389 3377 ΙΙ
1421 3339 1463 3370 25
1488 3336 1682 3378 apolinariis
1707 3337 1738 3368 Τ
1764 3337 1980 3379 apolianariis
2001 3338 2035 3370 V
2058 3339 2069 3380 ΙΙ
2101 3337 2257 3369 *constat
2282 3339 2359 3371 libri
2387 3337 2401 3382 ΙΙ

1322 3384 1360 3415 27
1386 3392 1515 3414 aserens
1547 3381 1580 3414 V
1604 3381 1616 3422 ΙΙ
1646 3382 1687 3415 32
1711 3384 1743 3413 et
1768 3395 1824 3414 om.
1850 3382 1882 3415 T
1906 3382 1918 3426 ΙΙ
1949 3384 1991 3416 33
2013 3383 2101 3424 quod
2133 3383 2167 3415 V
2187 3381 2200 3426 ΙΙ
2231 3385 2263 3415 et
2285 3393 2398 3415 mona-

1321 3425 1426 3470 chica]
1451 3429 1483 3459 et
1507 3439 1565 3459 om.
1587 3425 1620 3459 V
1635 3425 1648 3469 ΙΙ
1675 3428 1718 3460 34
1743 3427 1785 3467 ei]
1810 3438 1827 3459 e
1846 3426 1904 3471 Vss
1930 3429 1971 3462 36
1997 3431 2034 3460 ut
2052 3430 2132 3470 pute
2153 3427 2216 3461 VT
2236 3426 2249 3472 ΙΙ
2273 3427 2400 3461 *initia

1323 3473 1400 3505 libri

1366 3586 1407 3616 42
1422 3583 1522 3624 quod]
1543 3584 1582 3614 ut
1597 3583 1712 3616 Man-si
1728 3582 1740 3624 ΙΙ
1757 3583 1934 3624 quoddam]
1956 3584 2121 3624 quondam
2136 3585 2252 3619 Mansa*
2267 3585 2280 3628 ΙΙ
2303 3588 2346 3621 43
2366 3589 2399 3619 et

1321 3630 1350 3669 a]
1373 3628 1471 3659 etiam
1496 3638 1516 3659 a
1540 3628 1657 3661 Mansz'
1681 3628 1693 3670 ΙΙ
1726 3630 1770 3661 44
1794 3627 2031 3669 intellectibus]
2055 3629 2229 3662 fraudibus
2253 3632 2286 3663 et
2310 3642 2397 3664 com—

1321 3674 1439 3705 mentis
1464 3673 1580 3705 Mansa
1594 3673 1606 3715 ΙΙ
1637 3675 1679 3707 45
1705 3672 1977 3705 abominabilium
2003 3674 2119 3708 Mansz
2132 3677 2144 3719 ΙΙ
2170 3678 2211 3709 47
2238 3676 2397 3728 inserant]

1322 3718 1459 3750 tendant
1484 3718 1599 3751 Iliensi
1614 3717 1627 3761 ΙΙ
1652 3719 1694 3751 49
1721 3719 1816 3759 quae]
1841 3717 1899 3759 qui
1924 3718 2040 3752 Mami
2055 3719 2067 3763 ΙΙ
2090 3722 2133 3754 53
2156 3720 2306 3763 politiae]
2332 3722 2395 3754 rei-

1320 3763 1472 3805 publicae
1500 3762 1614 3797 lilansi
1634 3761 1648 3807 ΙΙ
1671 3765 1713 3797 54
1739 3763 1776 3795 de
1801 3762 1872 3803 illa]
1894 3762 1988 3795 illius
2013 3764 2129 3798 Man-si

2083 3822 2125 3854 3⁴

2424 2149 2467 2181 40

2424 2375 2467 2406 45

2424 2600 2466 2632 50
