2618 4010
272 145 377 188 Nov.
408 143 462 187 01
490 157 551 198 pr.
584 147 619 185 1.
650 145 676 185 2

271 252 409 288 πόλεως
436 251 627 295 βουλευτὰς
648 252 869 286 ἐνίστασθαι
892 250 1131 296 κληρονόμους
1153 253 1274 293 (τοῦτο
1299 251 1342 295 δὴ

268 298 312 331 τὸ
337 300 397 330 καὶ
418 299 518 341 μέχρι
537 297 604 330 νῦν
620 299 830 342 ἐφιέμενον),
855 294 947 330 ἀλλὰ
971 299 1031 329 καὶ
1047 295 1083 329 εἴ
1100 307 1202 330 τινας
1215 296 1342 340 βουλῆς

269 340 474 385 ἐλευθέρους
490 338 742 384 ἐνστήσασθαι
756 340 951 386 βούλονται
967 338 1212 386 κληρονόμους,
1236 343 1344 376 τοῦτο

268 386 454 430 πράττειν,
487 388 547 420 ἐπὶ
576 386 695 430 τούτῳ
724 389 848 430 μέντοι
872 387 924 429 τῷ
950 383 1025 432 ὅρῳ
1049 381 1108 431 ἐφ’
1142 377 1215 428 (ὅτι
1243 397 1344 432 προς·

269 433 414 476 αγαγεῖν
438 431 585 465 πάντως
608 431 740 465 ἑαυτὸν
763 431 830 465 τὸν
845 430 1069 476 κληρονόμον
1084 427 1108 473 ἢ
1124 429 1207 465 τοὺς
1220 429 1343 476 κληρο-

267 474 397 518 νόμους
430 475 476 522 τῇ
499 474 706 522 βουλευτικῇ
735 475 822 523 τύχῃ
848 477 910 509 τοῦ
936 473 1210 519 διατιθεμένου,
1241 489 1343 510 τουτ-

267 522 367 553 έστιν
379 519 418 559 ἐξ
430 513 469 563 ἧς
481 523 610 554 ἐκεῖνος
627 517 802 565 ὥρμηται,
819 524 878 554 καὶ
893 520 940 554 τά
957 518 1166 564 βουλευτικά
1182 523 1343 563 μετιέναι

268 563 561 611 λειτουργήματα,
578 569 638 599 καὶ
653 566 721 600 τὸν
733 564 862 611 κλῆρον
875 563 1076 609 λαμβάνειν
1088 562 1344 608 ἐμποδίζοντος

267 606 418 643 οὐδενός.
459 610 690 653 ἐπιστάμενοι
706 609 773 657 γὰρ
782 609 839 664 “⁰⁵⁶
853 611 917 644 τοῦ
935 611 1144 657 πράγματος
1159 611 1262 644 ἔσται
1278 611 1342 644 τοῦ

1325 137 1408 185 488

1710 156 1772 188 ΒΕ
1799 155 2129 189 ΒΟΝΔΤΙΟΝΙΒΠΒ
2158 156 2194 192 Α,
2216 155 2481 187 GURIALIBUS

1411 250 1558 286 rialibus
1581 260 1653 286 non
1676 251 1792 288 solum
1822 253 1978 291 eiusdem
2008 255 2155 291 heredes
2186 255 2372 290 instituere
2395 253 2480 288 civi-

1410 295 1494 347 tatis
1518 295 1704 341 (curiales)
1725 297 1809 337 (hoc
1832 299 1926 342 qnod
1946 299 2120 335 hactenus
2141 299 2278 335 licitum
2299 298 2393 341 fuit),
2417 297 2480 333 sed

1414 344 1520 375 etiam
1544 339 1715 384 quosdam
1734 341 1864 378 liberos
1887 353 1911 378 a
1933 344 2032 380 curia
2052 345 2082 380 si
2102 344 2279 380 voluerint
2295 343 2482 379 instituere

1412 383 1572 428 heredes,
1596 384 1666 420 hoc
1689 395 1806 430 agere,
1829 387 1896 422 sub
1918 387 1989 424 hac
2010 389 2173 425 videlicet
2195 388 2409 430 definitione,
2441 390 2481 422 ut

1380 435 1398 466 5
1412 430 1539 466 offerat
1572 429 1686 464 modis
1722 430 1886 466 omnibus
1919 441 1959 468 se
1990 433 2093 470 heres
2123 434 2178 470 vel
2213 434 2361 469 heredes
2395 442 2480 468 con-

1411 474 1542 510 dicioni
1563 474 1684 509 curiae
1704 474 1874 515 defuncti,
1896 475 1935 511 id
1957 474 2013 513 es't
2034 488 2078 514 ex
2101 489 2171 524 qua
2194 479 2253 514 ille
2271 489 2336 524 pro
2379 487 2482 513 essus

1411 522 1484 562 est,
1516 523 1552 554 et
1583 519 1726 555 curialis
1757 519 1804 555 sit
1834 520 2014 567 particeps
2042 523 2252 566 functionis,
2283 528 2320 559 et
2368 522 2480 558 eredi-

1410 566 1521 600 tatem
1560 564 1658 600 nullo
1695 564 1907 609 impediente
1946 566 2129 612 percipiat.
2188 568 2347 604 Scientes
2389 567 2482 603 enim

1411 609 1495 654 quia
1525 608 1615 644 haec
1646 619 1703 645 res
1732 610 1800 644 erit
1828 610 1865 644 in
1894 612 2071 655 praesenti
2094 613 2284 657 correctio,
2315 613 2481 658 quoniam

266 654 448 698 παρόντος
476 655 746 701 ἐπανόρθωσις,
777 668 836 689 οτι
857 656 925 688 νῦν
948 658 1016 709 μὲν
1039 655 1275 701 προςτίθεται
1298 656 1343 712 τῇ
1359 658 1397 690 10
1411 665 1507 690 nunc
1549 654 1690 699 quidem
1733 654 1887 690 adicitur
1930 655 2049 691 curiae
2091 667 2135 692 ex
2170 658 2250 694 infin
2287 658 2402 694 modis
2443 658 2482 692 in

265 697 375 746 βουλῇ
401 700 439 733 ἐκ
463 701 540 734 τῶν
562 701 740 734 τοιούτων
763 699 915 745 τρόπων
938 714 960 743 η
986 702 1026 734 ἐν
1045 699 1223 745 χρήμασιν
1247 697 1338 746 ὠφε-

266 742 362 797 teta&
385 745 424 799 ἐκ
452 743 493 778 δὲ
511 747 574 788 τῆς
597 746 764 787 ἐσομένης
786 745 1005 789 νομοθεσίας
1028 748 1088 779 καὶ
1110 743 1130 778 ὁ
1154 744 1345 788 βουλευτὴς

265 791 326 822 καὶ
342 802 363 832 η
380 794 484 824 ουσία
501 790 782 837 περιγενήσεται,
799 794 858 823 καὶ
874 786 1032 834 ἀνθήσει
1047 790 1095 824 τὰ
1110 789 1344 835 βουλευτήρια

265 834 411 876 σώμασί
443 848 484 869 τε
512 836 651 870 πλείοσι
685 839 746 869 καὶ
781 835 846 869 τὰς
879 839 1084 881 περιουσίας
1117 837 1246 877 ἔχοντα
1281 835 1346 869 τὰς

265 875 398 920 αὐτῶν,

2145 701 2154 709 ‘
2174 702 2305 739 latione
2329 707 2364 739 et
2388 702 2481 738 curi·

1412 744 1479 780 alis
1502 747 1539 779 et
1562 744 1765 780 substantia
1787 744 1961 790 proficiet,
1986 749 2022 780 et
2042 744 2130 782 flore
2154 747 2183 782 it
2204 747 2304 783 curia
2323 748 2480 793 corpori-

1412 789 1479 825 bus
1503 789 1666 834 pluribus
1690 793 1725 824 et
1748 790 1968 825 substantias
1992 790 2139 826 habebit
2161 801 2300 828 eorum:

1411 699 1562 744 pecunia
1585 699 1740 739 utilitas,
1771 709 1815 735 ex
1838 699 1961 735 futura
1984 710 2066 736 vero
2088 701 2102 735 l

1360 883 1400 915 15

1272 967 1429 1004 CAPUT
1453 968 1482 1003 Ι.

332 1023 394 1058 διὰ
419 1026 527 1059 τοῦτο
556 1026 781 1070 θεσπίζομεν
813 1025 941 1060 ἄδειαν
970 1026 1062 1060 εἶναι
1096 1029 1169 1059 τοῖς
1199 1027 1238 1059 ἐκ
1267 1027 1343 1059 τῶν

263 1069 527 1114 βουλευτηρίων
550 1068 815 1115 διατιθεμένοις
835 1072 995 1117 χρῆσθαι
1018 1068 1250 1115 κληρονόμοις
1273 1071 1343 1105 este

263 1114 469 1158 βουλευταῖς
491 1116 553 1158 τῆς
577 1113 685 1159 αὐτῆς
708 1115 846 1150 πόλεως
865 1116 1061 1160 βούλονται
1084 1117 1206 1157 (τοῦτο
1231 1114 1274 1159 δὴ
1298 1116 1340 1150 τὸ

262 1160 328 1193 τοῦ
353 1159 478 1204 νόμου)
502 1160 574 1194 εἴτε
595 1164 668 1195 τισὶ
691 1163 768 1195 τῶν
791 1164 830 1195 ἐκ
849 1164 970 1217 γένους
993 1162 1064 1196 εἴτε
1083 1162 1161 1195 τῶν
1183 1161 1341 1202 ἔξωθεν,

1479 1026 1670 1068 propterea
1705 1024 1883 1060 sancimus
1917 1024 2097 1061 licentiam
2132 1035 2211 1061 esse
2245 1025 2295 1060 eis
2331 1025 2392 1070 qui
2420 1036 2481 1061 cu·

1411 1068 1515 1103 riales
1551 1072 1652 1110 sunt,
1688 1068 1770 1104 tium
1804 1072 2019 1105 testamenta
2053 1070 2224 1113 condent,
2260 1070 2312 1104 uti
2346 1070 2482 1106 heredi-

1412 1115 1479 1149 bus
1510 1113 1584 1148 sive
1616 1113 1807 1149 curialibus
1837 1114 1993 1150 eiusdem
2023 1115 2175 1150 civitatis
2205 1115 2379 1151 voluerint
2402 1115 2483 1158 (hoc

1411 1159 1486 1204 lege
1509 1158 1746 1203 permittente)
1771 1160 1844 1195 sive
1867 1160 2078 1205 quibusdam
2103 1171 2147 1195 ex
2169 1171 2235 1196 suo
2258 1170 2388 1204 genere
2411 1160 2483 1195 sive

264 1205 335 1238 εἴτε
364 1204 553 1250 βουλευταὶ
585 1205 656 1240 εἷεν
685 1206 756 1261 εἴτε
786 1210 846 1240 καὶ
875 1220 943 1261 μή,
975 1207 1047 1240 εἴτε
1075 1207 1124 1240 εἰς
1151 1209 1255 1251 μέρος
1278 1202 1342 1240 οὐκ
1357 1207 1396 1239 20
1411 1204 1599 1246 extraneis,
1624 1213 1687 1239 seu
1711 1205 1863 1240 curiales
1884 1205 2017 1240 fuerint
2036 1215 2100 1241 seu
2121 1216 2203 1246 11011,
2226 1205 2265 1241 in
2285 1205 2483 1250 portionem

263 1248 417 1284 ἔλαττον
444 1251 522 1284 τῶν
552 1252 654 1285 ἐννέα
685 1253 842 1298 ουγκιῶν
865 1254 936 1285 eive
959 1253 1006 1286 sis
1029 1249 1235 1297 ὁλόκληρον,
1266 1253 1341 1286 ἐπι-

263 1292 465 1339 δεδομένοις
487 1299 613 1338 μέντοι
635 1297 680 1342 τῇ
701 1295 812 1344 βουλῇ
836 1301 895 1330 καὶ
914 1297 1116 1340 ἑνουμένοις
1137 1297 1190 1339 τῷ
1210 1296 1341 1339 ταύτης

263 1340 406 1382 σώματι
435 1343 495 1374 καὶ
527 1340 728 1386 πληροῦσιν
751 1339 948 1397 ἀμέμπτως
977 1342 1023 1376 τὰ
1047 1341 1339 1388 λειτουργήματα.

262 1384 392 1419 τούτου
415 1387 633 1430 κρατοῦντος
656 1384 716 1421 ἐπ’
744 1388 868 1421 αυτῶν
891 1401 931 1421 τε
955 1391 1014 1421 καὶ
1037 1384 1184 1422 παίδων
1207 1390 1267 1420 καὶ
1288 1388 1340 1433 ἐγ-

1412 1260 1482 1284 non
1513 1249 1629 1284 minus
1660 1259 1785 1284 novem
1817 1251 2002 1285 unciarum
2026 1251 2080 1285 vel
2104 1253 2200 1286 certe
2227 1251 2265 1285 in
2295 1250 2483 1295 integrum,

1411 1295 1578 1329 dantibus
1609 1303 1647 1329 se
1676 1299 1795 1329 tamen
1826 1296 1944 1331 curiae
1975 1300 2010 1331 et
2041 1296 2149 1331 unitis
2181 1295 2259 1331 eius
2283 1295 2426 1340 corpori
2448 1299 2485 1330 et

1410 1339 1634 1384 explentibus
1666 1339 1928 1384 inculpabiliter
1962 1341 2176 1376 functiones.
2233 1340 2312 1376 Hoc
2345 1340 2484 1375 valente

1410 1386 1506 1419 circa
1536 1394 1598 1420 eos
1628 1388 1665 1419 et
1688 1384 1785 1420 circa
1807 1385 1900 1421 filios
1925 1390 1961 1421 et
1983 1390 2132 1431 nepotes
2156 1388 2193 1421 et
2215 1385 2377 1421 residuos
2402 1395 2483 1421 suc-

261 1430 386 1483 γόνων
409 1433 468 1464 καὶ
492 1431 793 1485 εἰςιτοὺεςέφεξῆςη
813 1430 1009 1475 διαδόχους,
1033 1429 1074 1466 οὐ
1098 1431 1172 1475 μὴν
1192 1431 1285 1466 κατὰ
1299 1432 1340 1465 τὸ
1355 1433 1397 1466 25
1411 1440 1590 1472 cessores,
1622 1440 1694 1465 non
1724 1434 1842 1466 tamen
1874 1432 2068 1467 secundum
2098 1431 2239 1466 modum
2269 1441 2373 1476 quem
2401 1433 2485 1466 ante

263 1487 381 1519 σχημα
404 1474 497 1510 καθ’
524 1473 614 1523 ὅπερ
638 1491 660 1520 η
707 1490 794 1522 ικρῳ
819 1477 991 1523 πρόσθεν
1006 1478 1158 1511 τεθεῖσα
1181 1475 1342 1517 διάταξις

263 1522 324 1555 ἐπὶ
347 1522 424 1555 τῶν
441 1522 586 1556 ἑαυτοὺς
601 1524 660 1557 ἐπι
687 1520 847 1557 ιὸόντων
861 1526 934 1556 τοῖς
950 1522 1210 1577 βουλευτῃρίοις
1227 1535 1341 1566 παρα-

1410 1475 1594 1520 paululum
1627 1475 1835 1511 constitutio
1866 1476 2091 1521 promulgata
2123 1477 2219 1512 circa
2254 1486 2316 1512 eos
2353 1475 2414 1520 qui
2445 1485 2485 1511 se

1411 1520 1530 1556 curiae
1564 1520 1717 1555 offerunt
1751 1526 1983 1566 praeceperat
2021 1522 2156 1566 prolem
2191 1531 2314 1557 eorum
2349 1520 2410 1565 qui
2444 1531 2484 1555 se

263 1564 443 1600 κελεύεται
466 1566 532 1609 τὴν
552 1568 664 1613 γονὴν
687 1569 766 1601 τῶν
786 1565 1050 1611 ἐπιδιὸομένων
1065 1581 1130 1610 ουχ
1154 1567 1342 1613 υπάγουσα
1411 1566 1617 1600 obtulerunt
1647 1566 1694 1600 ad
1723 1566 1964 1602 condicionem
1999 1577 2071 1602 11011
2098 1567 2264 1609 trahens,
2300 1566 2363 1602 Sed
2393 1569 2483 1601 tam·

262 1610 362 1658 τύχῃ,
387 1607 470 1645 ἀλλ’
498 1607 614 1657 ὥςπερ
637 1613 668 1646 εἰ
690 1613 760 1655 τὴν
781 1609 893 1656 ἀρχὴν
917 1612 1111 1660 ἐτύγχανον
1134 1610 1236 1647 ὄντες
1259 1616 1341 1656 βου-
1411 1621 1516 1654 quam
1548 1610 1578 1645 si
1601 1621 1623 1645 a
1645 1610 1822 1655 principio
1846 1611 1999 1648 fuissent
2022 1612 2207 1647 constituti
2230 1611 2402 1655 curiales,
2433 1610 2485 1645 ita

263 1653 400 1696 λευταί,
432 1654 531 1690 οὕτω
562 1660 622 1691 καὶ
651 1655 775 1692 αὐτῶν
797 1658 865 1691 σὺν
887 1659 931 1705 τῇ
956 1660 1068 1701 οἰκείᾳ
1091 1658 1180 1704 γονῇ
1202 1658 1255 1713 τῷ
1281 1658 1343 1700 τῆς
1355 1659 1396 1691 30
1409 1661 1446 1691 et
1468 1656 1556 1700 ipsis
1588 1666 1670 1690 cum
1694 1656 1840 1700 propria
1862 1658 1964 1701 prole
1995 1657 2116 1692 curiae
2146 1656 2311 1692 uniendis
2342 1659 2379 1692 et
2400 1655 2483 1690 albo

262 1700 391 1744 βουλῆς
414 1701 619 1746 ἑνουμένων
642 1701 846 1746 λευκώματί
867 1717 907 1737 τε
929 1707 990 1737 καὶ
1013 1703 1172 1747 σώματι·
1205 1715 1247 1736 ου
1270 1702 1341 1748 γὰρ
1409 1703 1444 1736 et
1469 1701 1627 1745 corpori;
1662 1711 1776 1745 neque
1808 1702 1900 1737 enim
1932 1702 2119 1746 quicquam
2148 1702 2283 1745 differt,
2318 1705 2381 1736 aut
2403 1710 2483 1736 eum

263 1743 311 1779 ἂν
333 1759 370 1780 τι
402 1744 567 1792 διαφέροι
590 1745 612 1790 ἢ
633 1747 700 1781 τὸν
724 1747 816 1782 ὄντα
835 1747 1032 1792 βουλευτὴν
1055 1749 1118 1791 τῆς
1142 1745 1251 1790 αὐτῆς
1274 1748 1339 1782 πό·
1410 1746 1471 1791 qui
1493 1746 1601 1781 fuerit
1625 1746 1768 1781 curialis
1792 1747 1948 1782 eiusdem
1969 1747 2120 1782 civitatis
2142 1747 2297 1782 scribere
2319 1745 2482 1781 heredem

264 1789 352 1825 λεως
373 1790 513 1837 γράψαι
537 1790 760 1837 κληρονόμον
783 1790 807 1836 ἢ
829 1792 898 1827 τὸν
917 1790 1047 1827 αὐτίκα
1069 1793 1249 1836 ἐσόμενον.
1409 1795 1470 1826 aut
1494 1800 1574 1825 eum
1597 1791 1659 1835 qui
1682 1802 1762 1826 mox
1785 1792 1861 1826 erit.

1253 1881 1409 1917 CAPUT
1431 1881 1465 1916 ΙΙ
1468 1908 1476 1916 .

311 1939 357 1972 Εἰ
375 1936 416 1972 δὲ
437 1941 499 1972 καί
520 1949 574 1972 τις
597 1937 767 1984 συγγενὴς
790 1937 981 1982 βουλευτὴς
1012 1936 1066 1972 ὢν
1089 1935 1112 1980 ἢ
1136 1941 1196 1971 καὶ
1228 1936 1345 1972 ἄλλως
1468 1937 1538 1972 Sed
1562 1939 1598 1972 et
1621 1937 1651 1971 si
1668 1937 1746 1982 quis
1772 1937 2055 1981 consanguineus
2080 1937 2224 1973 curialis
2249 1937 2404 1972 existens
2428 1937 2482 1972 vel

264 1984 327 2027 τῆς
344 1984 512 2025 τοιαύτης
535 1983 640 2026 τύχης
663 1982 850 2028 ἐλεύθερος
873 1985 933 2018 ἐπὶ
957 1983 1024 2017 τὸν
1047 1981 1178 2028 κλῆρον
1196 1982 1341 2017 καλοῖτο
1352 1985 1394 2017 35
1409 1983 1498 2017 alter
1522 1983 1567 2017 ab
1589 1981 1712 2017 eadem
1737 1982 1944 2017 condicione
1963 1983 2054 2018 liber
2074 1984 2119 2018 ad
2134 1982 2396 2018 successionem
2420 1992 2480 2017 cu-

330 2065 357 2085 c.
381 2052 426 2085 II
444 2052 647 2086 summarium
669 2058 756 2084 extat
777 2047 871 2084 ‘Pom
893 2053 933 2085 19
958 2064 988 2084 n.
1007 2052 1046 2084 31
1074 2053 1125 2093 (ex
1154 2053 1280 2085 Cuiacii
1303 2053 1462 2092 editione).

266 2140 414 2177 heredes
436 2141 623 2176 instituere
646 2139 697 2182 (id
720 2138 820 2186 quod
841 2140 949 2174 etiam
972 2150 1085 2185 usque
1105 2140 1224 2175 adhuc
1247 2150 1454 2175 concessum
1476 2144 1581 2181 erat),
1603 2139 1669 2174 sed
1685 2139 1793 2175 etiam
1812 2140 1846 2174 si
1865 2150 1956 2185 quos
1979 2150 2003 2174 a
2023 2140 2126 2174 curia
2146 2138 2279 2174 liberos
2298 2139 2484 2176 instituere

267 2185 415 2222 heredes
437 2186 556 2225 velint.
581 2185 620 2220 id
640 2186 777 2230 faeere,
802 2184 871 2220 hae
896 2189 1013 2219 tamen
1036 2184 1259 2228 condicione,
1279 2189 1322 2220 ut
1343 2184 1447 2220 heres
1469 2185 1526 2220 vel
1548 2184 1697 2222 heredes
1716 2195 1793 2220 sese
1816 2185 1961 2220 omnino
1982 2184 2143 2229 offerant
2161 2183 2292 2219 curiali
2305 2184 2484 2230 fortunae

268 2231 462 2274 testatoris,
491 2230 531 2265 ici
552 2234 605 2266 est
628 2241 678 2265 ea:
701 2241 773 2276 qua
796 2229 856 2265 ille
876 2229 1028 2276 prodiit,
1052 2235 1086 2265 et
1109 2230 1263 2265 curialia
1293 2241 1442 2265 munera
1462 2234 1704 2275 exequantur,
1736 2230 1859 2275 itaque
1886 2229 2117 2265 hereditatem
2145 2229 2245 2265 nullo
2271 2229 2485 2275 impediente

266 2277 423 2323 capiant.
474 2276 557 2312 Cum
585 2276 678 2311 enim
701 2274 823 2310 intelle
849 2285 952 2310 amus
981 2273 1076 2309 hanc
1098 2275 1152 2310 rei
1183 2274 1302 2327 qualis
1325 2276 1363 2310 in
1383 2275 1593 2321 praesentia
1616 2279 1669 2310 est
1689 2275 1970 2310 emendationem
1992 2275 2090 2319 fore,
2115 2275 2202 2320 quia
2223 2285 2320 2309 nunc
2342 2274 2483 2320 quidem

265 2322 389 2357 euriae
411 2331 461 2357 ex
483 2320 658 2356 eiusmodi
679 2285 883 2355 rationibus
900 2320 1119 2365 pecuniaria
1142 2320 1283 2355 utzlitas
1305 2319 1464 2362 accedit,
1488 2330 1537 2355 ex
1562 2319 1696 2372 futura
1719 2324 1838 2355 autem
1861 2319 2087 2365 leqislatione
2111 2326 2183 2355 tam
2205 2319 2354 2354 curialis
2377 2330 2484 2365 quam

264 2366 467 2402 substantia
485 2371 638 2412 praesto
662 2365 742 2407 erit,
766 2369 803 2400 et
820 2364 1002 2410 florebunt
1025 2365 1149 2400 curiae
1171 2371 1207 2400 et
1230 2365 1446 2411 corporibus
1466 2364 1633 2411 pluribus
1655 2369 1690 2399 et
1713 2375 1792 2400 cum
1815 2375 1939 2400 eorum
1961 2364 2183 2400 substantias
2206 2363 2380 2400 habeant:

375 2411 405 2447 1.
451 2415 649 2458 propterea
671 2409 862 2452 sancimus,
887 2414 929 2444 ut
951 2410 997 2444 iis
1021 2411 1084 2456 qui
1105 2421 1156 2445 ex
1177 2411 1290 2445 curiis
1311 2411 1385 2446 sint
1407 2414 1618 2445 testamenta
1639 2409 1859 2455 facientibus
1882 2409 1988 2445 liceat
2010 2408 2199 2445 heredibus
2219 2410 2275 2445 uti
2293 2410 2367 2445 sive
2391 2410 2483 2445 curi-

265 2457 383 2493 alibus
402 2455 558 2492 eiusdem
581 2455 735 2491 civitatis
758 2454 866 2490 velint
889 2454 940 2497 (id
954 2454 1053 2501 quod
1071 2459 1305 2501 praeceptum
1329 2455 1419 2501 leqis
1441 2456 1507 2498 est)
1530 2455 1603 2490 sive
1625 2454 1838 2501 quibusdam
1857 2465 1907 2490 ex
1926 2454 2093 2501 coquatis
2121 2454 2195 2490 sive
2218 2465 2269 2491 ex
2287 2455 2484 2495 extraneis,

264 2503 339 2538 sive
362 2502 518 2537 curiales
537 2502 612 2536 sint
639 2500 713 2536 sive
736 2510 807 2535 non
829 2500 912 2542 sint,
942 2500 1017 2536 sive
1045 2500 1084 2534 in
1106 2505 1250 2546 partem
1273 2511 1398 2536 novem
1422 2501 1539 2535 unciis
1569 2510 1643 2535 non
1665 2500 1838 2535 minorem
1865 2500 1939 2535 sive
1969 2502 2007 2535 in
2039 2499 2211 2542 solidum,
2241 2503 2281 2535 ut
2310 2503 2428 2535 tamen
2457 2499 2487 2534 ii

266 2547 390 2583 curiae
415 2547 619 2599 offerantur
641 2546 787 2591 eiusque
809 2545 959 2591 corpori
981 2546 1155 2580 uniantur
1178 2549 1213 2580 et
1234 2545 1374 2592 inteqre
1396 2556 1546 2580 munera
1568 2544 1752 2591 impleant.
1789 2546 1838 2580 At
1863 2555 1907 2580 ue
1923 2543 1992 2580 hoc
2015 2549 2051 2580 et
2068 2544 2113 2580 de
2135 2545 2225 2590 ipsis
2246 2548 2283 2580 et
2305 2544 2350 2579 de
2365 2544 2485 2581 liberis

267 2597 302 2628 et
323 2591 514 2639 nepotibus
537 2595 573 2627 et
594 2591 659 2637 qui
680 2591 848 2643 deinceps
871 2594 977 2625 erunt
999 2590 1265 2626 successoribus
1288 2590 1416 2632 valeat,
1453 2601 1568 2642 neque
1591 2601 1676 2626 vero
1707 2600 1814 2625 secun
1843 2601 1900 2625 um
1932 2601 2010 2626 eam
2032 2590 2191 2636 formam
2222 2601 2330 2636 quam
2353 2591 2484 2625 eonsti-

268 2637 359 2673 tutio
380 2637 494 2684 paulo
518 2640 602 2671 ante
625 2636 704 2672 lata
727 2635 771 2670 de
794 2636 840 2670 tis
863 2636 929 2687 qui
949 2646 988 2670 se
1012 2635 1134 2671 curiae
1158 2635 1316 2680 offerant
1331 2635 1533 2682 praecipu,
1557 2636 1692 2681 quippe
1715 2646 1809 2681 quae
1827 2634 1970 2688 prolem
1993 2646 2117 2671 eorum
2140 2634 2205 2680 qui
2226 2645 2304 2670 sese
2327 2634 2486 2681 offerant

266 2693 340 2718 non
362 2682 517 2718 subiciat
538 2680 650 2716 eidem
675 2680 890 2722 condicioni,
914 2680 979 2716 sed
1001 2684 1183 2726 tamquam
1205 2680 1238 2715 si
1261 2679 1307 2715 ab
1331 2681 1433 2716 initio
1457 2680 1613 2716 curiales
1630 2680 1800 2725 fuissent,
1824 2686 1875 2715 ιτα
1898 2683 1934 2715 et
1955 2679 2028 2726 ipsi
2051 2691 2129 2715 eum
2149 2679 2256 2726 prole
2277 2690 2344 2715 sua
2363 2680 2485 2714 curiae

267 2733 304 2763 et
333 2727 415 2763 albo
447 2731 483 2762 et
512 2727 662 2772 corpori
692 2726 875 2761 uniantur.
923 2725 1048 2772 Neque
1077 2726 1170 2761 enim
1204 2726 1396 2771 quicquam
1428 2725 1554 2771 differt
1583 2729 1648 2760 aut
1674 2735 1754 2760 eum
1786 2725 1850 2771 qui
1880 2729 1932 2760 est
1963 2724 2112 2760 curialis
2142 2724 2298 2760 eiusdem
2329 2724 2485 2760 civitatis

267 2772 430 2808 heredem
454 2770 610 2807 scribere
633 2776 698 2806 aut
721 2781 799 2806 eum
824 2770 887 2816 qui
909 2772 1031 2806 statim
1053 2771 1205 2814 futurus
1228 2775 1291 2806 est.

402 2817 447 2852 11.
498 2815 571 2852 Sed
599 2817 706 2851 etiam
737 2817 773 2850 si
801 2816 883 2861 quis
913 2820 1090 2861 coqnatus
1125 2816 1189 2861 qui
1223 2815 1373 2850 curialis
1407 2816 1456 2850 sit
1486 2814 1544 2851 vel
1570 2814 1661 2850 adeo
1691 2814 1836 2850 omnino
1868 2814 1957 2850 liber
1986 2813 2031 2849 ab
2060 2812 2234 2849 eiusmodi
2262 2813 2483 2856 condicione,

1458 2906 1478 2938 2
1496 2904 1637 2937 curiales
1655 2905 1713 2937 hoc
1731 2905 1799 2938 loco
1816 2906 1946 2945 inserui,
1970 2903 2115 2936 civitatis
2132 2903 2271 2936 curiales
2294 2911 2368 2937 ante
2391 2904 2484 2936 here-

314 2909 335 2942 2
348 2905 390 2940 τὸ
407 2908 479 2948 καὶ]
495 2905 537 2939 τὸ
554 2919 612 2939 om.
623 2907 665 2946 L,
681 2908 741 2938 καὶ
758 2919 815 2938 om.
831 2917 850 2941 ς
868 2905 880 2942 11
897 2907 917 2940 3
930 2904 1149 2938 ἐνίστασθαι
1162 2905 1193 2938 L
1209 2904 1221 2949 11
1241 2907 1258 2937 7
1275 2917 1343 2951 ωρ-
1412 2949 1468 2982 des
1491 2951 1538 2991 (¹)
1562 2950 1634 2983 σου.
1658 2950 1744 2993 vulq.
1763 2948 1777 2992 Ι
1798 2948 1955 2982 sslicitum
1978 2948 2081 2981 fuerit
2101 2949 2153 2981 Va
2174 2950 2186 2991 ss
2211 2950 2231 2982 3
2255 2948 2396 2991 qaudam
2423 2949 2455 2982 T
2472 2948 2486 2992 Ι

267 2963 379 2997 μηται
394 2952 449 2993 Μ]
474 2946 620 2995 ὥρμητο
632 2951 674 2984 L.
709 2951 772 2993 τῆς
791 2947 931 2985 πόλεως
950 2952 1058 2984 deesse
1074 2958 1149 2984 ante
1172 2949 1211 2990 ἐξ
1234 2941 1273 2991 ἧς
1293 2963 1343 2982 su-

268 3000 413 3042 spicatur
428 2997 616 3031 Zachariae
632 2996 645 3040 11
659 2995 707 3029 τὰ
728 2993 939 3039 βουλευτικὰ
962 2997 1122 3039 μετιέναι
1145 2992 1261 3028 λειτου
1284 2992 1343 3040 γή-
1411 3005 1431 3027 a
1452 3005 1545 3027 cuna
1568 3007 1626 3028 om.
1647 2993 1712 3038 Vll
1742 2993 1888 3027 uoluerit
1912 2994 1946 3028 T
1967 2992 1980 3038 11
2008 2996 2028 3028 5
2051 2995 2097 3035 se]
2121 2995 2169 3026 set
2201 2992 2265 3045 1711
2293 2993 2484 3026 conditione

268 3044 379 3086 ματα]
404 3041 539 3074 curialis
561 3042 605 3074 sit
627 3041 789 3083 particeps
814 3041 996 3074 functionis
1019 3042 1054 3082 (i.
1068 3054 1094 3074 e.
1110 3040 1176 3073 τοῦ
1199 3042 1266 3083 βου
1289 3051 1343 3071 ευ-
1420 3039 1514 3082 17116
1534 3039 1621 3072 idem
1645 3041 1693 3071 est
1719 3039 1751 3072 T
1764 3038 1777 3083 11
1793 3040 1814 3072 9
1829 3039 1891 3071 hoc
1909 3049 1962 3072 res
1983 3039 2020 3078 V;
2047 3039 2106 3081 leq.
2131 3038 2193 3071 hoc
2216 3049 2264 3072 rei
2283 3040 2364 3080 (sim.
2383 3039 2484 3073 Osen-

269 3087 369 3120 τικοῦ
403 3089 564 3128 μετεῖναι
598 3084 905 3131 λειτουργήματος)
931 3098 950 3122 ς
979 3087 992 3130 11
1018 3087 1038 3120 8
1068 3081 1243 3129 λαμβάνει
1267 3085 1298 3118 L
1339 3084 1344 3127 1
1414 3084 1597 3128 bru'qyen)?
1619 3084 1631 3128 11
1658 3086 1699 3118 10
1724 3085 1775 3125 ex]
1800 3087 1832 3117 et
1852 3084 1887 3117 V
1905 3084 1917 3125 11
1945 3086 1984 3119 11
2011 3083 2151 3116 curiales
2172 3084 2242 3125 171²,
2262 3096 2344 3117 corr.
2360 3084 2447 3128 ναις.
2470 3082 2484 3126 Ι

270 3136 291 3167 9
315 3130 549 3175 ἐπιστάμενος
572 3132 615 3174 L,
649 3130 882 3175 ἐπιστάμεθα
905 3131 1093 3164 Zachariae
1116 3133 1186 3164 sine
1209 3142 1310 3163 causa
1340 3128 1344 3173 Ι
1415 3131 1454 3163 17
1480 3130 1615 3163 credent
1641 3128 1673 3162 T
1692 3128 1705 3172 11
1729 3130 1794 3170 uti]
1818 3129 1854 3162 in
1886 3129 1920 3162 V
1935 3128 1948 3172 11
1977 3130 2016 3163 18
2042 3129 2115 3169 hoc]
2140 3130 2224 3161 hano
2257 3128 2316 3172 Vss
2344 3130 2385 3163 19
2409 3128 2482 3170 qui-

269 3174 312 3211 τό
330 3177 479 3222 πρᾶγμα
496 3190 534 3211 ex
550 3188 570 3213 ς
585 3190 648 3210 non
664 3178 747 3210 male
763 3178 855 3219 effici
865 3183 960 3220 putat
971 3176 1159 3209 Zachariae
1175 3175 1188 3218 11
1207 3175 1248 3209 12
1260 3173 1343 3209 ἄπο·
1412 3174 1549 3207 busdam
1574 3175 1764 3215 Heimbaeh]
1800 3173 1922 3216 quibus
1947 3183 2039 3206 suam
2072 3174 2141 3207 VT
2171 3173 2340 3215 quibusvis
2363 3173 2447 3217 vulq.
2469 3170 2484 3258 11

270 3224 376 3266 μένης
400 3223 574 3266 Scrimyer,
596 3223 684 3266 vuly.
701 3221 714 3260 11
732 3219 752 3254 ὁ
775 3229 804 3255 et
824 3223 865 3256 13
882 3217 903 3263 ἡ
929 3234 987 3254 om.
1002 3221 1094 3254 M‘L
1109 3220 1122 3259 ΙΙ
1142 3222 1181 3254 17
1201 3217 1343 3263 βσυλσυ-
1413 3221 1454 3253 20
1479 3230 1536 3253 seu
1557 3220 1603 3260 V]
1626 3218 1697 3252 uiue
1715 3219 1748 3252 T
1756 3220 1840 3262 vulq.
1856 3219 1869 3262 11
1895 3218 2015 3251 curiles
2037 3219 2070 3251 V
2086 3220 2098 3261 11
2123 3229 2180 3252 seu
2204 3221 2283 3260 non]
2307 3218 2397 3259 selus!
2418 3217 2452 3250 Τ

270 3268 406 3312 τηριῶν
418 3267 450 3300 L
466 3268 478 3309 11
505 3268 547 3301 18
562 3262 681 3309 αὐτῆς]
701 3263 807 3309 ἄλλης
819 3267 865 3300 Μ
876 3266 889 3310 11
904 3265 1012 3299 τοῦτο
1029 3262 1074 3308 δὴ
1084 3263 1126 3298 τὸ
1140 3265 1205 3299 τοῦ
1218 3262 1343 3308 νόμον]
1411 3264 1447 3298 in
1463 3264 1663 3307 portionem]
1686 3263 1754 3297 sive
1774 3264 1810 3296 in
1829 3263 2015 3306 portionem
2035 3265 2121 3306 vuly.
2138 3263 2151 3302 ΙΙ
2170 3265 2211 3299 21
2225 3263 2281 3297 uel
2297 3265 2384 3296 oei-to
2405 3261 2479 3300 VT]

272 3314 334 3345 boc
356 3311 429 3352 lege
449 3312 660 3354 permittente
683 3324 702 3347 ς
718 3311 731 3354 11
750 3313 791 3345 20
807 3310 878 3344 εἴτε
900 3310 958 3352 εἰς]
983 3309 1054 3344 εἴτε
1078 3323 1135 3344 om.
1149 3311 1196 3354 ς11
1215 3310 1253 3344 21
1274 3308 1344 3343 εἴτε
1410 3310 1478 3342 sive
1494 3311 1578 3354 vuly.
1593 3310 1606 3352 11
1624 3309 1661 3342 in
1681 3309 1859 3351 integrum]
1881 3309 2048 3351 integrum
2068 3309 2102 3342 V
2119 3308 2155 3342 ιῇ
2174 3309 2212 3342 ui
2232 3307 2287 3350 Τ11
2305 3308 2348 3341 22
2366 3305 2481 3339 dantes

271 3358 318 3390 εἰς
341 3354 549 3401 ὁλόκληρον]
586 3357 638 3390 vel
660 3360 748 3389 certe
772 3358 806 3398 (ι’.
831 3369 857 3389 e.
881 3353 905 3398 ἥ
926 3355 1005 3401 γεῚ)
1029 3356 1064 3388 in
1089 3355 1257 3397 integrum
1280 3366 1299 3390 ς
1333 3355 1344 3395 ΙΙ
1420 3355 1476 3398 1711
1493 3357 1526 3386 et
1549 3354 1654 3387 unitis
1673 3367 1730 3387 om.
1749 3356 1782 3388 in
1802 3355 1908 3397 spatio
1926 3366 2027 3387 vacuo
2044 3353 2100 3397 1⁷1
2117 3355 2159 3388 26
2175 3353 2312 3396 paulum
2331 3349 2385 3393 V!
2403 3359 2480 3382 con—

272 3399 522 3445 έπιδεδομένης
542 3410 572 3435 et
591 3403 634 3436 22
652 3401 840 3444 ἑνουμένης
854 3402 886 3434 L
902 3401 914 3443 11
934 3403 977 3435 24
992 3398 1131 3441 τούτου]
1155 3395 1251 3434 οὕτω
1264 3400 1314 3433 L⁰
1332 3397 1345 3444 11
1411 3399 1513 3432 stituo
1529 3400 1557 3433 Τ
1572 3399 1585 3442 11
1602 3400 1644 3433 27
1658 3398 1863 3442 praeoiperat
1876 3397 1970 3442 prole
1985 3409 2132 3432 meorum
2149 3398 2204 3442 Vfl
2221 3398 2264 3431 28
2274 3394 2478 3445 obtulerunt]

274 3445 434 3491 ἐκγόνων
452 3448 482 3480 L
498 3447 511 3489 11
530 3447 572 3480 26
591 3446 722 3491 μικρὸν
738 3447 769 3480 L
785 3447 797 3490 11
816 3443 986 3487 διάταξις]
1011 3458 1082 3479 που.
1097 3444 1315 3479 XXXVIII
1333 3447 1345 3483 11
1411 3443 1606 3477 obtulerunt
1628 3444 1719 3477 curie
1739 3444 1792 3478 ΤΟ
1808 3444 1821 3487 11
1839 3445 1881 3478 30
1904 3444 1986 3487 ipsis
2002 3444 2090 3485 libr-2]
2113 3443 2178 3486 ipsi
2199 3438 2320 3516 νυῷ-Δ
2330 3443 2477 3471 ourlentc

274 3494 313 3525 27
340 3488 623 3535 παραδιδόντων
646 3493 676 3525 L
701 3491 713 3535 fl
738 3493 780 3526 29
804 3489 892 3545 τύᾷῃ
917 3503 975 3524 om.
1000 3491 1031 3524 L
1053 3490 1066 3543 fl
1093 3490 1135 3531 εἰ]
1159 3489 1237 3523 sio?
1261 3489 1311 3522 L⁰
1341 3487 1346 3533 1
1399 3488 1686 3531 ’ῘῘ11*11ηἰειιᾱὶι]
1710 3489 1867 3522 ueniente
1888 3489 1972 3526 libri,
1996 3487 2086 3522 uniti
2107 3484 2270 3529 1111194111
2322 3483 2362 3515 bo
2381 3485 2477 3527 nuta]

275 3532 547 3580 :3(i*a1’1n5v(cf.
561 3539 604 3578 ς)]
630 3532 734 3570 αὐτοὶ
748 3537 795 3570 Μ
817 3535 909 3569 αυτὰ
932 3536 983 3569 L‘
1020 3537 1139 3568 αυτοὶς
1161 3536 1233 3573 (εἰσ)
1259 3532 1306 3567 L0
1341 3536 1345 3576 1
1411 3543 1449 3565 ex
1473 3533 1550 3566 aluo
1574 3534 1607 3567 V
1625 3544 1663 3567 ex
1687 3533 1783 3567 alnoo
1808 3534 1842 3568 T
1854 3534 1868 3577 11
1890 3535 1929 3567 31
1957 3532 2086 3576 corpori
2106 3530 2204 3573 vulg-l
2228 3539 2364 3571 corpore
2387 3530 2446 3561 VT
2465 3529 2477 3571 11

275 3582 313 3613 31
342 3578 552 3623 *autumi
570 3582 641 3615 ML
657 3583 711 3625 (cf.
731 3583 777 3615 ad
791 3580 851 3625 ς)11
869 3593 908 3614 τι
930 3582 1002 3622 καὶ]
1026 3579 1106 3614 τοὺς
1130 3579 1190 3623 L!
1212 3580 1255 3613 32
1279 3573 1343 3613 πό-
1410 3580 1469 3611 aut
1492 3589 1567 3611 eum
1589 3597 1633 3603 -
1658 3579 1808 3612 hei-edem
1832 3591 1889 3612 om.
1917 3578 1950 3611 T
1973 3578 1987 3621 Ι
2014 3578 2058 3612 32
2078 3574 2180 3625 snei-it
2206 3572 2249 3614 V]
2282 3576 2330 3606 est
2353 3574 2437 3618 vulq.
2467 3574 2479 3617 n

277 3621 362 3656 λαως
385 3622 431 3656 αἱς
454 3625 592 3670 γράψαι
611 3627 641 3660 L
658 3627 670 3669 11
688 3628 731 3661 34
755 3623 939 3667 ἄλλωςΜ]
963 3622 1068 3659 ἄλλος
1084 3625 1147 3666 Le,
1172 3624 1254 3658 idem
1266 3635 1343 3667 pro-
1411 3622 1568 3664 eiusdem]
1591 3623 1663 3657 eius
1685 3623 1726 3657 de
1747 3623 1802 3667 Vfl
1827 3625 1870 3658 :35
1893 3621 1979 3656 alm
1998 3619 2071 3662 Vr]
2093 3618 2190 3652 ahter
2213 3618 2297 3661 vutq.

274 3670 367 3710 ponit
390 3669 572 3703 Zachariae
596 3672 628 3704 in
653 3672 822 3704 Addendis
842 3683 904 3704 non
926 3678 1008 3704 recte
1031 3669 1044 3714 Ι
1075 3666 1260 3713 ἐλεύθερος
1282 3667 1345 3711 τῆς

278 3711 438 3753 τοιαύτης
461 3711 565 3755 τύχης
585 3714 643 3758 L}
662 3717 704 3749 35
726 3715 789 3757 τῆς
809 3713 988 3757 τοιαύτης]
1012 3715 1122 3747 eadem
1145 3726 1166 3750 ς
