2586 3990
158 160 215 190 ΕΤ
248 156 533 191 EMPHYTEOSI

156 255 247 301 μεθ’
276 254 383 304 ὅρκου
407 258 450 305 τῇ
476 256 614 303 ὦνεακῇ
638 258 836 304 συγγραφῇ,
869 258 928 290 καὶ
953 251 1012 290 ὅτι
1029 253 1134 290 οὐδὲν
1151 254 1240 299 πρὸς

157 301 300 347 βλάβην
331 300 347 313 ’“
371 302 595 358 περιγραφὴν
630 304 692 336 τοῦ
727 299 836 336 αὐτοῦ
861 299 1006 348 εὖαγοῦς
1030 301 1126 335 οἴκου
1148 305 1239 347 γίνε-

157 360 226 382 ται.
274 348 305 381 εἰ
344 349 361 381 ὲ
376 361 469 382 κατα
488 349 557 382 τὸν
578 348 764 393 εἰρημένον
787 347 930 391 τρόπον
954 344 1153 394 άγοραστὴς
1176 346 1240 379 τοῦ

156 392 321 427 τοιούτου
340 392 550 440 πράγματος
568 393 616 437 μὴ
649 389 796 440 εὑρεθῇ,
830 391 1019 437 κελεύομεν
1050 390 1118 426 τὸν
1142 388 1240 436 ὀφει-

159 435 312 480 λόμενον
343 439 382 471 ἔκ
414 450 511 472 τινος
543 439 618 472 τῶν
648 439 846 484 εἰρημένων
878 435 1020 484 εὖαγῶν
1045 436 1155 471 οἴκων
1185 436 1239 479 τῷ

159 480 286 526 δικαίῳ
304 479 395 528 ὅπερ
418 494 484 527 pro
502 484 619 518 soluto
646 483 785 530 λέγεται
809 482 878 527 τὴν
897 479 1012 526 αὐτὴν
1039 481 1241 527 λαμβάνειν

158 529 296 570 κτῆσιν,
330 525 467 562 δικαίας
497 531 557 561 καὶ
582 525 752 574 ἀκριβοῦς
781 526 1020 571 διατιμήσεως
1042 530 1239 575 γινομένης,

158 575 216 606 καὶ
247 573 528 618 προςτιθεμένης
558 574 609 617 τῷ
642 574 818 619 τιμήματι
850 574 912 616 τῆς
937 571 1085 615 δεκάτης
1114 576 1241 617 μοίρας

157 618 224 651 τοῦ
244 617 380 652 παντὸς
404 618 604 663 τιμήματος
628 620 675 653 εἰς
698 618 835 662 ταύτην
858 618 927 673 τὴν
942 617 1128 661 ποσότητα
1152 616 1239 661 λαμ-

1236 135 1318 183 585

2022 144 2130 188 Nov.
2148 142 2267 187 CXX
2297 145 2334 187 6.
2365 144 2391 187 7

1309 254 1431 296 batur,
1466 254 1549 300 quia
1582 254 1671 289 nihil
1695 254 1740 289 ad
1765 254 1957 289 laesionem
1989 257 2053 290 aut
2077 255 2392 300 praescriptionem

1312 300 1468 336 eiusdem
1494 299 1702 335 venerabilis
1735 299 1859 334 domus
1884 299 2049 335 efficitur.
2098 301 2135 335 Si
2158 311 2240 336 vero
2265 310 2391 336 secun-

1312 345 1394 379 dum
1420 345 1639 389 praedictum
1670 344 1812 380 modum
1844 350 1980 389 emptor
2004 345 2206 381 huiusmodi
2238 345 2289 380 rei
2320 356 2392 380 non

1310 390 1498 431 invenitur,
1532 391 1694 425 iubemus
1726 390 1937 425 creditorem
1962 401 2006 425 ex
2030 391 2104 425 iure
2129 391 2392 435 praedictarum

1277 439 1296 471 5
1310 436 1563 471 venerabilium
1585 436 1783 478 domorum,
1807 435 1900 480 quod
1921 446 1985 479 pro
2007 436 2124 470 soluto
2147 436 2286 479 dicitur,
2308 446 2391 471 ean-

1311 481 1389 516 dem
1414 482 1579 525 accipere
1603 481 1885 525 possessionem,
1916 480 2010 514 iusta
2034 485 2069 515 et
2094 481 2257 516 districta
2284 481 2391 516 aesti-

1310 526 1465 561 matione
1489 526 1598 568 facta,
1623 529 1659 561 et
1683 526 1804 561 addita
1828 526 1865 560 in
1885 525 2000 569 pretio
2026 525 2162 560 decima
2186 530 2289 570 parte
2314 526 2391 561 uni-

1309 582 1431 606 versae
1455 571 1712 606 aestimationis
1735 571 1773 606 in
1795 571 1875 615 ipsa
1900 570 2099 614 quantitate
2132 572 2294 616 accipere
2319 581 2393 606 rem

1312 617 1520 652 creditorem
1546 627 1610 661 pro
1629 616 1806 651 solutione
1831 618 1927 650 certo
1952 615 2106 650 dominio
2132 626 2392 660 possessurum,

157 662 283 706 βάνειν
306 663 348 696 τὸ
372 665 521 710 πρᾶγμα
545 665 613 698 τὸν
635 663 826 707 δανειστὴν
851 666 935 717 α’ντὶ
959 661 1238 717 καταβολῆς-’βε-
1256 665 1295 696 10
1310 661 1360 696 ita
1384 665 1503 697 tamen
1528 666 1567 696 ut
1584 662 1807 696 ordinatores
1833 661 2013 695 debitricis
2038 662 2245 696 venerabilis
2267 662 2392 696 domus

157 710 247 751 βαίᾳ
277 705 471 751 δεσποτεία
502 708 795 754 κτηθησόμενον·
833 721 929 742 ουτω
960 711 1126 754 μέντοιγε
1154 719 1241 741 ωςτε

157 752 237 786 τοὺς
263 751 441 796 διοικητὰς
463 756 527 788 τοῦ
554 754 804 801 ἐποφείλοντος
828 751 975 800 εὐαγοῦς
999 754 1095 787 οἴκου
1119 753 1239 786 καὶτὸ

158 796 268 832 πλέον
287 802 391 844 μέρος
411 801 488 833 τῶν
508 802 548 834 ἐν
569 797 668 843 αὐτῷ
691 799 997 846 λειτουργούντων
1020 800 1097 832 ταῖς
1120 797 1241 832 τοιαύ-

157 855 235 877 ταις
256 843 410 889 πράσεσι
429 848 619 880 συναινεῖν.
663 844 705 880 τὸ
727 843 766 879 δὲ
781 843 1029 888 παρεχόμενον
1045 845 1105 878 ἐπὶ
1121 842 1240 886 τούτῳ

158 884 331 931 ἀκίνητον
364 891 512 936 πρᾶγμα
542 890 591 935 μὴ
624 887 708 924 κατ’
743 889 915 936 ἐπιλογὴν
948 890 1013 923 τοῦ
1050 886 1240 922 δανειστοῦ

159 932 351 977 δίδοσθαι,
376 934 465 969 ἀλλὰ
492 936 583 970 κατὰ
605 936 674 979 τὴν
696 934 847 978 ἰσότητα
870 935 978 968 τοῦτο
1002 935 1068 978 μὲν
1088 935 1165 967 τῶν
1186 931 1240 967 εὖ·

158 978 286 1024 πόρων
311 982 417 1014 τοῦτο
443 979 482 1014 δὲ
505 985 564 1015 καὶ
588 977 742 1026 ἀπόρων
766 980 929 1023 κτήσεων
960 981 1025 1014 τοῦ
1048 976 1159 1013 αὐτοῦ
1185 977 1240 1012 εὐ-

159 1027 263 1070 αγοῡς
287 1026 383 1060 οἴκου
415 1029 474 1060 καὶ
497 1027 560 1069 τῆς
583 1026 727 1060 τούτων
760 1023 935 1071 προςόδου
965 1028 1026 1059 καὶ
1055 1023 1241 1069 δημοσίων

158 1070 182 1105 3
229 1073 287 1104 καὶ
308 1072 371 1125 τῇς
403 1069 527 1115 λοιπῆς
550 1070 814 1105 καταστάσεως.
909 1071 955 1104 Εἰ
979 1068 1021 1104 δέ
1041 1082 1093 1104 τις
1117 1066 1140 1125 ᾗ
1165 1071 1239 1104 ἐπί-

1311 711 1346 741 et
1366 707 1516 751 amplior
1539 717 1622 751 pars
1654 707 1690 741 in
1715 717 1757 742 eo
1783 705 2054 741 deservientium
2088 706 2291 741 huiusmodi
2314 717 2394 741 ven-

1312 752 1506 787 ditionibus
1532 752 1744 787 consentiat.
1794 752 1892 795 Quae
1912 754 2031 786 autem
2056 753 2248 795 praebetur
2269 752 2304 785 in
2324 751 2393 786 hoc

1311 798 1498 832 immobilis
1531 807 1588 832 res
1625 808 1696 832 non
1726 807 1791 841 per
1823 796 2030 831 electionem
2063 796 2248 831 creditoris
2280 796 2392 837 detur,

1311 843 1373 878 sed
1391 842 1587 878 secundum
1611 843 1826 887 aequitatem
1850 842 1947 876 aliud
1962 841 2111 894 ‘quidem
2128 842 2393 877 fructiferarum

1262 890 1296 922 15
1311 889 1408 923 aliud
1442 898 1524 923 vero
1557 890 1593 923 et
1616 889 1789 924 sterilium
1814 897 2081 932 possessionum
2109 887 2266 922 eiusdem
2290 897 2392 922 vene-

1311 934 1436 968 rabilis
1463 933 1587 969 domus
1618 937 1654 969 et
1681 934 1718 968 in
1742 934 1859 968 reditu
1883 943 2005 968 earum
2037 936 2072 968 et
2098 932 2135 967 in
2159 932 2273 968 fiscali
2297 932 2393 968 solu-

1311 979 1406 1014 tione
1430 982 1466 1014 et
1489 979 1648 1024 reliquae
1670 978 1913 1015 ordinationis.

1310 1070 1334 1105 3
1387 1069 1425 1104 Si
1449 1079 1531 1105 vero
1566 1069 1644 1113 quis
1675 1073 1738 1104 aut
1769 1069 1960 1113 episcopus
1992 1071 2055 1103 aut
2087 1078 2302 1104 oeconomus
2333 1070 2395 1103 aut

158 1127 340 1170 ouonos'n
374 1114 560 1161 οἰκονόμος
591 1115 615 1160 ἢ
647 1114 824 1160 διοικητὴς
857 1114 1068 1159 οἱουδήποτε
1094 1115 1241 1162 ευαγοῦς
1255 1117 1296 1149 20
1311 1115 1493 1150 ordinator
1518 1115 1708 1150 cuiuslibet
1731 1114 1942 1149 venerabilis
1975 1115 2100 1149 domus
2130 1114 2204 1149 sive
2237 1114 2274 1148 in
2298 1113 2395 1157 regia

157 1161 253 1194 οἴκου
275 1163 346 1195 εἴτε
369 1163 408 1196 ἐν
428 1163 472 1208 τῇ
490 1160 652 1206 βασιλίδι
676 1159 780 1197 πόλει
805 1161 876 1195 εἴτε
901 1163 940 1194 ἐν
959 1164 1036 1195 ταῖς
1056 1162 1241 1206 ἐπαρχίαις

157 1209 320 1250 κειμένου
350 1205 515 1253 χρήματα
538 1205 748 1241 ἐδανείσατο
781 1205 804 1250 ἢ
827 1205 918 1250 μετὰ
941 1209 1059 1241 ταῦτα
1085 1204 1241 1240 δανείσε-

157 1263 228 1292 ται,
248 1251 437 1296 κελεύομεν
452 1251 541 1295 μήτε
557 1249 677 1286 αὐτοῖς
693 1253 811 1286 ταῦτα
827 1251 1135 1298 καταλογίζεσθαι
1152 1249 1240 1296 ὑπὲρ

157 1297 220 1330 τοῦ
247 1294 392 1344 εὐαγοῦς
423 1297 528 1340 οἴκου,
560 1296 668 1352 εἰ,μὴ
694 1298 873 1343 πρότερον
898 1295 1075 1337 δείξουσιν
1106 1293 1164 1331 ὅτι
1195 1299 1242 1330 εἰς

1313 1160 1454 1195 civitate
1487 1160 1559 1195 sive
1590 1161 1626 1194 in
1659 1160 1849 1205 provinciis
1884 1160 2099 1194 constitutae
2125 1159 2292 1204 pecunias
2318 1169 2394 1194 cre-

1311 1205 1400 1239 didit
1423 1208 1486 1240 aut
1510 1206 1662 1250 posthac
1688 1204 1887 1247 crediderit,
1911 1205 2074 1240 iubemus
2099 1215 2214 1249 neque
2235 1204 2284 1239 eis
2305 1204 2395 1238 haec

1311 1251 1473 1295 reputari
1496 1261 1559 1295 pro
1586 1250 1778 1285 venerabili
1803 1251 1918 1292 domo,
1948 1250 2018 1284 nisi
2041 1250 2206 1294 primitus
2230 1249 2393 1285 ostende-

1310 1298 1382 1330 rint
1413 1296 1494 1340 quia
1524 1297 1559 1330 in
1592 1296 1763 1330 utilitates
1794 1295 1999 1340 praedictae
2026 1295 2236 1330 venerabilis
2270 1295 2395 1330 domus

157 1346 274 1396 xplelas
294 1356 357 1397 του
376 1343 559 1398 εἰρημένου
576 1342 839 1396 ευαγουςλοίκου
861 1344 979 1376 ταῦτα
1000 1341 1240 1397 σ’τροεχώρησε,
1255 1344 1296 1375 25
1310 1343 1380 1376 ista
1404 1340 1654 1385 profecerunt,
1687 1351 1802 1385 neque
1827 1341 1942 1385 ipsum
1965 1340 2176 1375 creditorem
2208 1342 2271 1375 aut
2294 1341 2394 1374 here-

157 1400 247 1430 μητε
271 1387 384 1422 αυτὸν
407 1402 474 1422 τον
498 1386 692 1431 δανειστὴν
716 1402 737 1431 η
759 1388 840 1422 τοὺς
864 1387 1103 1432 κληρονομους
1129 1385 1239 1421 αὐτοῦ

157 1432 250 1466 κατὰ
275 1434 340 1467 τοῦ
365 1430 511 1479 εὖαγοῦς
534 1433 631 1467 οἴκου
656 1435 749 1476 ἔχειν
773 1433 857 1467 τινὰ
883 1430 974 1477 ’ὑπὲρ
1000 1430 1121 1467 αὐτῶν
1146 1430 1240 1478 ἀγω-

156 1477 236 1524 γήν,
269 1479 299 1512 εἰ
322 1478 376 1532 ’μὴ
409 1477 586 1534 δείξουσιν
618 1475 665 1513 ais
699 1479 746 1512 εἰς
778 1480 892 1513 αἰτίας
923 1480 975 1522 τῷ
1006 1475 1125 1524 εὖαγεῖ
1154 1478 1240 1521 οἴκῳ

157 1535 398 1568 προςηκουσας
432 1524 479 1558 τὰ
514 1537 682 1580 χρήματα
716 1522 983 1578 προεχὶρόρησεν,
1010 1522 1114 1579 ,ἀλλὰ
1148 1523 1240 1557 κατὰ

1310 1387 1373 1422 des
1399 1386 1474 1421 eius
1500 1390 1627 1422 contra
1652 1386 1886 1422 venerabilem
1921 1386 2062 1421 domum
2086 1386 2218 1421 habere
2242 1385 2396 1429 aliquam

1310 1443 1374 1477 pro
1399 1432 1487 1476 ipsis
1511 1432 1700 1474 actionem,
1726 1432 1795 1467 nisi
1818 1431 2094 1466 monstraverint
2118 1431 2212 1476 quod
2239 1432 2275 1466 in
2300 1430 2395 1465 utili-

1311 1478 1446 1512 tatibus
1463 1477 1656 1512 venerabili
1674 1477 1796 1512 domui
1815 1476 2100 1521 competentibus
2122 1476 2297 1521 pecuniae
2311 1486 2395 1521 pro-

1310 1522 1493 1565 fecerunt,
1530 1523 1593 1558 sed
1625 1528 1752 1558 contra
1780 1524 1921 1557 mutuas
1958 1522 2191 1567 accipientem
2225 1521 2396 1567 pecunias

156 1570 221 1602 τοῦ
254 1567 511 1613 δανεισαμένου
539 1582 586 1604 τα
618 1583 783 1616 χρηματα
814 1584 836 1613 η
869 1582 947 1604 των
978 1570 1089 1604 αυτοῦ
1119 1567 1240 1614 κληρο-
1257 1572 1298 1604 30
1312 1571 1375 1604 aut
1398 1569 1546 1604 heredes
1571 1568 1646 1604 eius
1671 1569 1837 1614 proprias
1863 1570 2029 1603 moveant
2052 1568 2222 1603 actiones.

158 1612 287 1659 νόμων
309 1614 373 1649 τὰς
396 1613 488 1649 ἰδίας
511 1618 624 1650 κινεῖν
649 1615 842 1662 ἐναγωγάς.

1158 1682 1314 1718 CAPUT
1337 1682 1417 1719 Vn.

207 1742 281 1772 Καὶ
302 1740 408 1774 τοῦτο
430 1738 470 1774 δὲ
489 1739 688 1784 κελεύομεν,
711 1736 799 1774 ὥςτε
820 1740 1033 1787 ἐξῃρημένης
1051 1741 1112 1783 τῆς
1134 1737 1240 1787 ἁγιω-

157 1782 267 1828 τάτης
299 1784 454 1832 μεγάλης
494 1785 678 1829 ἐκκλησίας
709 1786 772 1829 τῆς
802 1784 987 1830 βασιλίδος
1015 1783 1156 1820 πόλεως
1183 1788 1243 1819 καὶ

1368 1740 1446 1774 Hoc
1470 1749 1551 1774 vero
1577 1738 1751 1779 iubemus,
1777 1741 1817 1773 ut
1842 1740 1991 1782 excepta
2016 1737 2243 1773 sanctissima
2265 1737 2399 1772 maiore

1313 1785 1465 1820 ecclesia
1501 1784 1617 1828 regiae
1653 1783 1805 1819 civitatis
1846 1787 1882 1819 et
1918 1783 2181 1819 venerabilibus
2218 1783 2397 1828 orphano-

224 1866 249 1886 c.
272 1853 341 1886 VII
360 1867 411 1897 pr.
438 1852 653 1898 (Κελεύομεν
676 1849 771 1888 ὥστε
792 1874 836 1878 -
858 1855 990 1897 585,11)
1016 1855 1113 1888 habet
1136 1855 1343 1898 Epanayoqe
1370 1855 1423 1896 10,
1443 1861 1488 1896 10,
1521 1866 1675 1886 summam
1706 1853 1785 1887 Coll.
1812 1853 1854 1887 87
1880 1865 1952 1896 cap.
1978 1854 2018 1887 15
2050 1853 2137 1895 (inde
2162 1864 2238 1896 app.
2263 1851 2397 1886 Nomoc,

157 1912 229 1942 cap.
252 1900 326 1932 ecel.
355 1901 420 1938 13).

157 1977 312 2011 iurando
337 1978 374 2011 in
398 1978 636 2012 instrumento
663 1978 852 2023 emptionis
883 1978 1099 2023 inscriptum
1122 1977 1171 2012 sit
1194 1976 1373 2022 simulque
1396 1974 1477 2017 lioc,
1502 1973 1595 2010 nihil
1617 1976 1654 2010 in
1673 1974 1846 2021 fraudem
1879 1974 1935 2011 vel
1958 1974 2008 2010 ad
2030 1974 2398 2021 circumscriptionem

159 2021 313 2056 eiusdem
346 2022 559 2057 venerabilis
591 2022 716 2057 domus
743 2022 836 2066 fieri.
886 2021 1025 2064 Quodsi
1053 2021 1242 2067 praedicto
1275 2021 1382 2056 modo
1414 2024 1555 2067 emptor
1586 2021 1759 2056 eiusmodi
1793 2020 1848 2056 rei
1883 2031 1956 2054 non
1989 2019 2205 2062 inveniatur,
2241 2019 2400 2055 iubemus

159 2066 372 2101 creditorem
397 2067 551 2101 alicuius
574 2077 623 2102 eat·
640 2067 844 2112 praedictis
868 2067 1130 2102 venerabilibus
1153 2066 1316 2101 domibus
1339 2067 1419 2102 iure
1448 2065 1638 2112 quodpro
1662 2066 1782 2101 soluto
1808 2065 1942 2101 dicitur
1964 2065 2114 2101 eandem
2131 2067 2399 2111 possessionem

159 2112 334 2157 accipere,
359 2111 455 2146 iusta
478 2115 513 2146 et
533 2111 660 2146 subtili
681 2111 931 2146 aestimatione
952 2112 1076 2157 facta,
1109 2116 1218 2156 atque
1242 2111 1368 2145 addita
1389 2112 1509 2157 pretio
1535 2110 1672 2146 decima
1694 2114 1802 2156 parte
1828 2111 1936 2145 totius
1957 2110 2220 2146 aestimationis
2243 2111 2281 2145 in
2304 2109 2399 2145 lianc

160 2156 398 2202 quantitatem
423 2156 587 2202 accipere
611 2156 824 2191 creditorem
848 2167 922 2191 rem
941 2167 1016 2202 pro
1040 2156 1222 2191 solutione
1250 2156 1357 2200 firmo
1383 2155 1542 2190 dominio
1568 2155 1844 2200 acquirendam:
1879 2156 1930 2190 ita
1955 2160 2072 2190 tamen
2103 2159 2144 2190 ut
2168 2155 2399 2190 administra-

161 2208 256 2236 tores
280 2201 462 2236 dcbitricis
486 2201 698 2236 venerabilis
722 2201 850 2236 domus
874 2204 908 2235 et
930 2201 1048 2235 maior
1061 2212 1158 2247 pars
1181 2211 1304 2236 eorum
1336 2200 1399 2245 qui
1421 2200 1461 2234 in
1484 2211 1527 2235 ea
1551 2200 1753 2236 ministeria
1777 2200 1910 2235 obeunt
1936 2200 2114 2235 eiusmodi
2136 2200 2399 2235 venditionibus

160 2246 397 2282 consentiant.
445 2244 545 2289 Quae
569 2250 688 2281 autem
712 2246 761 2281 ad
785 2246 853 2280 lioc
875 2250 1087 2291 praestatur
1110 2256 1168 2280 res
1192 2244 1384 2280 immobilis
1413 2256 1487 2280 non
1511 2245 1703 2280 secundum
1727 2244 1934 2280 electionem
1968 2245 2160 2280 creditoris
2189 2245 2304 2290 detur,
2335 2246 2400 2281 secl

158 2303 228 2339 pro
254 2291 438 2336 aequabili
456 2291 631 2337 portione
659 2295 730 2326 tam
753 2291 932 2336 fertiliu7n
965 2302 1073 2336 quam
1103 2291 1278 2325 sterilium
1304 2291 1575 2336 possessionum
1608 2289 1764 2325 eiusdem
1794 2290 2008 2326 venerabilis
2039 2289 2165 2324 domus
2195 2294 2230 2325 et
2260 2290 2399 2326 reditus

160 2338 185 2373 3
230 2347 355 2372 earum
386 2341 419 2371 et
440 2336 666 2382 publicorum
693 2336 906 2371 tributorum
931 2341 965 2370 et
987 2335 1118 2381 reliqui
1142 2340 1268 2371 status.
1386 2335 1427 2369 Si
1451 2335 1513 2380 qui
1537 2338 1654 2370 autem
1678 2335 1753 2370 sive
1779 2336 1971 2381 episcopus
1993 2335 2067 2370 sive
2088 2345 2303 2370 oeconomus
2325 2336 2400 2371 sive

162 2382 438 2417 administrator
468 2382 723 2427 cuiuscumque
753 2381 969 2417 venerabilis
1000 2381 1127 2415 domus
1159 2382 1231 2416 sive
1264 2380 1301 2415 in
1332 2380 1436 2425 reqia
1469 2380 1612 2415 civitate
1642 2380 1716 2415 sive
1748 2379 1785 2414 in
1814 2380 2014 2426 provinciis
2039 2380 2131 2415 sitae
2154 2385 2314 2415 mutuam
2335 2391 2399 2426 pe-

162 2428 303 2462 cuniam
328 2426 509 2472 acceperit
539 2426 596 2462 vel
611 2432 746 2472 postea
770 2430 985 2471 accepturus
1007 2426 1072 2468 sit,
1104 2425 1263 2461 iubemus
1294 2436 1410 2471 neque
1432 2425 1523 2470 ipsis
1547 2435 1625 2459 eam
1649 2426 1686 2460 in
1710 2425 1872 2460 rationes
1896 2424 2110 2460 venerabilis
2134 2425 2261 2460 domus
2283 2426 2398 2471 impu-

163 2473 250 2514 tari,
283 2472 353 2506 nisi
370 2472 480 2518 prius
504 2471 724 2506 ostenderint
746 2481 824 2506 eam
849 2473 886 2505 in
912 2481 1015 2505 usum
1037 2470 1247 2516 praedictae
1271 2469 1483 2506 venerabilis
1507 2470 1633 2505 domus
1650 2470 1870 2515 profecisse,
1902 2480 2017 2516 neque
2041 2471 2159 2516 ipsum
2183 2470 2397 2506 creditorem

162 2518 218 2552 vel
241 2516 389 2552 heredes
420 2516 496 2552 eius
520 2520 650 2552 contra
674 2515 909 2551 venerabilem
940 2515 1084 2550 domum
1116 2526 1158 2551 eo
1182 2515 1324 2550 nomine
1348 2515 1459 2551 ullam
1483 2515 1662 2551 actionem
1686 2514 1829 2557 habere,
1862 2515 1933 2550 nisi
1955 2515 2176 2551 ostenderint
2207 2516 2244 2550 in
2269 2526 2400 2551 causas

163 2563 211 2598 ad
227 2561 461 2597 venerabilem
485 2562 629 2596 domum
646 2561 872 2607 pertinentes
895 2572 973 2596 eam
989 2561 1185 2607 pecuniam
1205 2560 1423 2607 profecisse,
1448 2559 1513 2595 sed
1527 2565 1658 2596 contra
1679 2571 1758 2596 eum
1783 2559 1847 2606 qui
1866 2563 2025 2596 mutuam
2047 2560 2239 2606 pecuniam
2259 2561 2399 2607 accepit

161 2607 217 2643 vel
239 2607 386 2642 heredes
410 2607 487 2642 eius
509 2617 596 2641 suas
620 2607 779 2641 actiones
803 2616 953 2641 movere.

297 2651 376 2687 VII.
426 2651 508 2687 Hoc
528 2662 672 2698 quoque
691 2650 861 2693 iubemus,
887 2654 1042 2697 excepta
1060 2648 1288 2685 sanctissima
1308 2650 1445 2686 maiore
1460 2650 1611 2686 ecclesia
1633 2650 1759 2696 reqiae
1780 2649 1935 2686 civitatis
1951 2652 1987 2685 et
2001 2650 2195 2686 venerabili
2215 2649 2398 2697 orphano-

234 2746 248 2778 1
275 2740 366 2787 μεθ)
388 2738 494 2787 ὅρκου
519 2762 561 2765 ——
583 2742 767 2787 συγγραφῇ
793 2744 852 2774 καὶ
877 2755 934 2774 om.
950 2753 969 2777 ς
995 2740 1007 2785 ΙΙ
1033 2739 1187 2786 ὦνειακῇ
1212 2741 1247 2773 Β

161 2790 237 2822 Aila.
263 2788 411 2834 νεανικῇ
436 2791 533 2829 (corr.
551 2789 584 2820 in
602 2800 703 2831 mary.
731 2790 800 2820 cod.
820 2787 1041 2827 lilonacensis)
1070 2785 1121 2825 CH
1141 2788 1160 2819 2
1186 2781 1247 2818 αὗ-

162 2834 226 2867 τοῦ
252 2847 310 2867 om.
325 2835 356 2866 L
376 2832 387 2876 ΙΙ
412 2835 430 2867 3
455 2833 521 2865 τοῦ
547 2833 616 2872 CL]
642 2845 700 2865 om.
717 2832 826 2874 M(B)
850 2832 861 2874 ΙΙ
889 2833 908 2864 6
934 2827 1246 2876 ὅπερ-λέγεται]

161 2880 224 2921 τῆς
247 2877 497 2922 προτιμήσεως
513 2878 548 2910 Β
566 2878 577 2921 ΙΙ
595 2889 655 2919 pro
672 2877 781 2909 soluto
805 2877 949 2917 Celet]
976 2873 1198 2921 προσολούτο
1217 2878 1246 2908 L

162 2923 383 2958 ποοκόλουτο
408 2924 454 2956 M
490 2922 561 2966 πρὸ
596 2921 747 2955 σολοῦτο
771 2922 867 2964 Aila,
906 2922 969 2963 τῆς
1000 2922 1074 2963 (τῆς
1106 2934 1163 2953 om.
1190 2922 1247 2963 M)

163 2956 409 3014 προτιμήσεως
436 2969 506 3000 ML
520 2981 544 3000 s.
559 2981 589 3000 v.
612 2969 623 3009 Η
652 2970 668 3000 7
693 2968 885 3022 γενομένης
911 2969 945 2999 B
972 2966 983 3010 ΙΙ
1012 2969 1031 2999 9
1057 2965 1194 3008 ταύτην
1224 2967 1252 3000 C

162 3016 240 3054 lut]
267 3010 381 3055 αὐτὴν
396 3014 534 3048 ΜΕΒς
552 3013 563 3055 ΙΙ
581 3011 782 3055 λαμβανειν
802 3012 939 3052 Gelai]
965 3013 1024 3044 καὶ
1045 3009 1245 3054 λαμβάνειν

164 3060 273 3092 MLB
298 3060 427 3100 (rectius
451 3060 510 3090 καὶ
537 3066 609 3090 ante
634 3058 680 3089 εἰς
696 3055 834 3098 ταύτην
859 3058 973 3099 leqisse
994 3058 1122 3089 videtur
1139 3057 1213 3098 lui.)
1234 3055 1245 3100 Η

166 3107 202 3137 11,
230 3106 355 3146 μέντοι
385 3104 413 3136 0
432 3103 444 3145 11
476 3103 515 3135 13
542 3102 581 3135 ἐν
604 3098 715 3143 αὐτῷ]
740 3102 894 3134 ἐνιαυτιῦ
922 3101 968 3134 M
984 3101 996 3144 ΙΙ
1026 3103 1064 3134 17
1090 3103 1162 3141 καὶ]
1186 3105 1246 3134 καὶ

162 3150 239 3183 τῶν
254 3150 303 3181 13⁶
326 3149 404 3182 τῶν
418 3149 466 3181 Β8
483 3147 495 3190 n
514 3144 624 3180 αὐτοῦ
642 3148 793 3179 om.LB⁸
810 3147 821 3190 ΙΙ
844 3149 883 3180 18
899 3144 1028 3180 τούτου
1045 3146 1081 3179 Β
1097 3146 1108 3187 ss
1130 3149 1169 3180 19
1187 3149 1247 3178 καὶ

164 3208 221 3227 om.
240 3195 268 3226 L
285 3190 337 3248 flii
362 3207 421 3226 om.
438 3194 468 3225 L
487 3194 498 3235 ΙΙ
518 3194 559 3226 22
585 3190 794 3233 δανείσηται
821 3193 882 3225 CB
902 3193 911 3232 Η
930 3193 971 3225 23
998 3188 1115 3234 *μηδὲ
1139 3192 1215 3225 libri
1236 3190 1248 3235 ΙΙ

165 3242 225 3282 leq.
252 3237 405 3271 amobe?
425 3237 436 3281 ΙΙ
458 3234 547 3282 ὑπὲρ
578 3237 812 3280 CBgcytlul.
829 3237 977 3276 leeod.)]
1003 3232 1075 3269 ὑπὸ
1103 3237 1245 3279 ML(‹·f.

163 3286 252 3326 Alli.)
273 3288 284 3327 ΙΙ
302 3285 343 3316 24
358 3280 526 3321 δείξωσιν
544 3284 571 3316 0
584 3283 596 3326 ΙΙ
615 3284 656 3316 25
671 3293 817 3326 προειρη
847 3283 926 3314 ε’νου
947 3283 974 3315 C
987 3281 999 3324 ΙΙ
1018 3282 1060 3315 28
1079 3278 1248 3320 δείξωσιν

168 3329 221 3372 CH
246 3331 287 3362 30
312 3325 335 3370 ἢ
364 3329 508 3368 Gelan]
533 3330 593 3360 καὶ
621 3328 728 3359 MLB
751 3327 763 3370 ΙΙ
789 3340 808 3358 κ
832 3325 1025 3370 ηρονόμων
1049 3322 1158 3359 αὐτοῦ
1190 3327 1217 3360 C'
1237 3326 1248 3364 ΙΙ

163 3376 203 3408 31
231 3370 374 3419 ἀγωγάς
402 3375 530 3415 Cunus,
548 3373 583 3405 B
611 3372 622 3416 ΙΙ
647 3374 688 3405 33
713 3370 866 3417 μεγάλης
890 3385 946 3405 om.
970 3371 1021 3404 ΒΓ

218 3467 233 3498 1
261 3463 535 3506 perscriptioncm
557 3463 590 3495 V
607 3463 618 3504 ss
648 3464 667 3495 2
694 3469 767 3495 ante
790 3462 826 3494 Si
850 3472 930 3494 uero
955 3464 987 3495 in
1007 3462 1041 3494 R
1065 3463 1249 3496 inseruntur

164 3511 258 3543 haec:
284 3511 429 3550 emptore
446 3518 512 3540 non
530 3507 670 3540 inuento
686 3518 738 3539 res
754 3507 905 3539 estimata
921 3507 1072 3539 districte
1089 3507 1247 3540 creditori

164 3555 263 3586 datur
286 3554 322 3585 in
344 3554 507 3594 solutum,
540 3552 653 3584 addita
682 3553 718 3584 in
740 3553 873 3595 praecio
899 3552 1024 3584 decima
1053 3554 1146 3595 parte
1170 3553 1246 3585 uni-

164 3609 260 3631 uerso
284 3597 502 3631 estimationis
523 3607 684 3630 consensu
706 3597 908 3630 ordinatoris
934 3599 966 3629 et
987 3597 1122 3647 maipris
1142 3598 1247 3641 partis

164 3643 211 3676 ibi
237 3644 456 3677 seruientium
481 3644 665 3685 accedente,
690 3645 738 3675 set
763 3653 799 3675 ea
819 3654 870 3675 res
894 3643 938 3675 sit
959 3642 1134 3675 mediocris
1158 3643 1247 3675 inter

166 3691 288 3721 ceteras
311 3689 460 3731 inspecta
481 3688 642 3730 qualitate
666 3690 700 3721 et
715 3689 858 3726 honore;
882 3689 1036 3730 scholion,
1057 3689 1143 3732 quod
1159 3701 1247 3731 repe-

167 3736 242 3768 titur
266 3735 299 3767 in
323 3736 478 3778 maryine,
511 3747 618 3768 errore
643 3735 675 3768 in
700 3741 876 3768 contextum
908 3740 1066 3778 receptum
1091 3733 1175 3767 delet
1198 3733 1248 3766 3²

231 3789 283 3817 111.

1315 2749 1391 2774 nota
1410 2743 1505 2774 vacat
1528 2742 1696 2784 adscripta
1713 2740 1724 2785 ΙΙ
1752 2742 1771 2775 3
1793 2739 1986 2772 huiusmodi
2008 2741 2146 2783 Tvuly]
2175 2741 2275 2773 huius
2294 2742 2372 2775 RV
2388 2740 2400 2786 ΙΙ

1315 2788 1335 2820 6
1360 2786 1552 2829 pensionem
1573 2785 1620 2819 T¹
1639 2786 1651 2830 ss
1674 2786 1775 2827 iusta]
1802 2787 1835 2818 et
1858 2786 1947 2819 iusta
1968 2786 2000 2818 T
2021 2787 2032 2828 ΙΙ
2056 2785 2300 2819 examinatione
2319 2787 2350 2819 T
2358 2786 2367 2806 ¹
2388 2788 2399 2830 ΙΙ

1315 2834 1333 2865 7
1353 2831 1465 2863 addito
1482 2831 1531 2863 Β*
1549 2831 1561 2875 ΙΙ
1585 2832 1748 2874 printipio
1768 2831 1816 2864 T¹
1836 2830 1847 2875 ΙΙ
1872 2832 1891 2864 9
1910 2830 2106 2863 creditorem
2124 2845 2180 2865 om.
2200 2831 2257 2874 Vl!
2273 2842 2398 2875 posses-

1314 2887 1424 2909 sorum
1447 2876 1496 2910 V¹
1512 2876 1524 2920 ΙΙ
1547 2879 1586 2910 10
1603 2878 1648 2909 tffi
1665 2877 1698 2909 R
1714 2876 1725 2920 ΙΙ
1746 2877 1917 2909 ordinator
1940 2877 1971 2909 V
1985 2877 2215 2910 ordinatorum
2230 2878 2261 2910 T
2277 2877 2290 2921 ΙΙ
2311 2879 2346 2910 11
2362 2877 2398 2909 in

1314 2932 1352 2954 eo
1368 2922 1412 2962 V]
1438 2933 1497 2954 om.
1511 2922 1581 2954 ΒΤ
1589 2922 1674 2965 vuly.
1702 2921 1714 2965 ΙΙ
1739 2922 1917 2954 desertium
1940 2921 1991 2955 V²
2015 2920 2027 2964 ΙΙ
2054 2921 2287 2954 uenditoribus
2313 2923 2399 2963 libri,

1315 2979 1396 2999 corr.
1410 2967 1494 3009 vulq.
1519 2966 1530 3009 ΙΙ
1559 2968 1598 3000 12
1623 2966 1833 2999 consentiant
1858 2967 1890 2999 T
1901 2967 1986 3009 vutq.
2013 2966 2024 3009 ΙΙ
2049 2967 2141 3003 Quae
2166 2967 2275 3008 Beck]
2310 2968 2399 3008 quod

1316 3012 1393 3045 libri
1410 3011 1421 3051 ΙΙ
1437 3011 1598 3054 probetur
1619 3013 1651 3044 T
1664 3011 1676 3054 ΙΙ
1697 3014 1736 3046 13
1758 3011 1943 3044 immobiles
1966 3011 2015 3043 12¹
2028 3012 2088 3044 VT
2100 3012 2112 3056 ΙΙ
2132 3012 2229 3044 detur
2253 3013 2285 3044 R
2299 3013 2398 3055 only]

1315 3057 1436 3088 dentur
1460 3057 1522 3089 VT
1542 3056 1554 3100 ΙΙ
1573 3058 1614 3090 14
1638 3057 1853 3097 iniquitatem
1867 3056 1910 3090 T¹
1934 3056 2168 3098 aequalitatem
2184 3058 2234 3089 Τ2
2252 3056 2264 3100 ΙΙ
2280 3057 2399 3089 fructi-

1315 3101 1474 3134 ferat-ium
1488 3101 1520 3133 R
1539 3100 1551 3145 ΙΙ
1570 3103 1609 3135 15
1632 3104 1663 3134 et
1688 3115 1746 3134 om.
1764 3103 1796 3135 T
1803 3102 1890 3145 valy.
1910 3101 1922 3146 ΙΙ
1940 3101 2107 3134 sterelium
2131 3103 2162 3135 V
2175 3103 2186 3143 ΙΙ
2206 3103 2246 3136 16
2260 3101 2330 3133 fisci
2342 3102 2375 3134 R
2388 3101 2401 3146 ss

1319 3149 1356 3181 17
1382 3146 1513 3188 reliqua
1536 3146 1748 3179 ordinatione
1774 3148 1868 3179 Beck
1889 3146 1901 3190 ΙΙ
1930 3149 1971 3180 19
1989 3149 2075 3180 rubr.
2101 3146 2139 3178 Si
2163 3148 2316 3188 episcopo
2341 3151 2400 3180 aut

1314 3202 1476 3235 yconomo
1492 3191 1547 3224 uel
1562 3192 1748 3224 ordinatori
1767 3192 1902 3224 ecclesie
1918 3191 2113 3234 peccuniam
2132 3193 2206 3233 quis
2221 3191 2399 3224 crediderit

1315 3238 1347 3269 Ji
1363 3239 1394 3270 in
1408 3250 1509 3280 mar-y.
1529 3236 1541 3279 ΙΙ
1559 3236 1711 3278 episcopo
1731 3238 1789 3269 aut
1810 3247 1987 3269 oeconomo
2007 3240 2065 3269 aut
2082 3237 2267 3269 ordinatori
2287 3238 2375 3280 vulq-

1317 3284 1357 3316 21
1385 3283 1597 3322 constitutae]
1623 3283 1760 3314 ciuitate
1778 3282 1827 3314 Ra
1843 3281 1855 3324 ΙΙ
1875 3282 2016 3315 credidit
2032 3284 2090 3314 aut
2106 3284 2242 3324 posthac
2267 3295 2325 3315 om.
2339 3282 2372 3315 R

1317 3329 1358 3360 22
1372 3328 1520 3369 posthac]
1540 3329 1615 3369 post
1636 3327 1668 3359 V
1678 3326 1689 3370 ΙΙ
1710 3327 1850 3359 (aedidit
1873 3328 1925 3370 Vl}
1945 3327 2096 3360 iubemus
2117 3340 2173 3360 om.
2194 3328 2223 3361 V
2239 3326 2251 3371 ΙΙ
2267 3327 2330 3360 hoc
2345 3328 2377 3360 T

1318 3374 1358 3405 23
1372 3373 1464 3413 prius
1481 3373 1512 3404 T
1526 3372 1538 3415 ΙΙ
1555 3372 1737 3404 ostenderit
1762 3373 1802 3414 R,
1822 3371 1871 3405 V2
1884 3374 1915 3405 in
1930 3385 2043 3416 marq„
2059 3385 2116 3405 om.
2129 3372 2178 3405 V¹
2195 3371 2207 3416 ΙΙ
2227 3374 2270 3406 24
2283 3373 2399 3405 domus

1318 3417 1517 3449 uenerabilis
1533 3416 1584 3449 T¹
1601 3416 1612 3460 ΙΙ
1632 3419 1673 3450 25
1688 3418 1754 3449 ista
1767 3418 1868 3452 om.R
1887 3417 1898 3460 ΙΙ
1916 3418 2129 3460 profecerunt
2152 3415 2198 3450 17⁷
2207 3419 2308 3461 vulq]
2322 3428 2397 3460 pro-

1317 3463 1428 3494 ferunt
1442 3462 1474 3494 R
1484 3463 1535 3495 Va
1545 3462 1588 3494 Τι
1612 3462 1812 3504 profuerunt
1830 3462 1877 3495 Τ2
1893 3461 1905 3507 ΙΙ
1925 3470 1998 3496 ante
2022 3462 2218 3495 creditorem
2239 3465 2271 3496 in
2285 3464 2333 3495 R¹
2352 3465 2399 3496 in-

1316 3510 1432 3540 seritur
1455 3507 1547 3548 large
1571 3507 1626 3539 hic
1650 3507 1844 3540 creditorem
1869 3507 1976 3549 accipi
2000 3509 2074 3552 (leq.
2099 3508 2223 3550 accipe)
2248 3508 2400 3549 alioquin

1318 3553 1427 3584 fraudi
1451 3552 1544 3585 locus
1570 3552 1651 3591 θείω
1676 3554 1820 3586 scholion
1838 3554 1869 3586 in
1888 3555 2033 3596 maryine
2050 3555 2214 3596 repetitum
2240 3555 2301 3586 del.
2317 3553 2366 3586 R²
2389 3552 2401 3598 ΙΙ

1317 3599 1358 3631 26
1372 3597 1594 3630 *uenerabilis
1611 3597 1726 3630 domus
1745 3597 1875 3639 (domus
1895 3611 1953 3630 om.
1968 3598 2028 3640 R1)
2044 3599 2120 3632 libri
2135 3597 2146 3642 ΙΙ
2167 3600 2208 3632 29
2233 3598 2400 3642 accipien-

1317 3647 1381 3675 tem
1399 3643 1539 3685 Rvulffi]
1557 3643 1754 3685 accipientes
1778 3643 1839 3676 VT
1851 3642 1863 3686 ΙΙ
1881 3643 2051 3686 pecunias]
2072 3643 2209 3686 nuptias
2223 3644 2401 3686 peccunias

1318 3690 1367 3721 Ra
1385 3687 1398 3731 ΙΙ
1424 3688 1464 3721 30
1489 3689 1681 3731 propriatur
1699 3687 1747 3720 Εἰ
1771 3688 1783 3731 ΙΙ
1813 3689 1855 3722 32
1880 3689 1961 3721 haec
1976 3687 2080 3732 RVn
2110 3690 2159 3729 ut]
2186 3698 2225 3723 ex
2248 3692 2287 3722 ut
2314 3690 2366 3722 Ta
2389 3688 2401 3734 ΙΙ

1317 3735 1358 3767 33
1382 3732 1474 3775 regia
1495 3733 1544 3767 V²
1561 3734 1574 3777 ΙΙ
1595 3734 1876 3775 orphanotrophis
1900 3734 1932 3766 R

2090 3792 2131 3825 74
