2618 4010
153 160 463 195 CAPPADOCIAE

146 264 206 296 καὶ
229 260 415 309 τριαδικὸν
444 263 546 295 ἔσται
569 273 606 295 τι
631 261 748 304 σχῆμα
779 258 820 294 τὸ
846 259 1001 308 συνάγον
1033 256 1132 304 αὐτῷ
1157 258 1225 302 τὴν

147 304 275 354 ἀρχήν·
311 305 330 342 ὁ
359 305 426 354 γὰρ
457 304 564 340 αὐτὸς
595 304 777 340 πολιτικός
807 318 847 340 τε
878 308 980 340 ἔσται
1014 305 1135 353 ἅρχων
1156 307 1225 338 ’καὶ

146 352 403 398 στρατιωτικὸς
434 355 493 385 καὶ
522 351 600 385 τῶν
631 352 840 394 ταμειακῶν
871 349 1038 407 ἡγήσεται
1063 347 1225 397 πραγμά-

146 411 233 439 των,
267 394 507 450 ὑπουργούσης
531 397 699 441 ἑκατέρας
731 394 831 440 αὐτῷ
856 397 990 437 ταξεως
1018 396 1079 439 τῆς
1106 409 1146 429 τε
1171 408 1225 429 κο-

145 443 318 486 μιτιανῆς,
343 439 434 488 ἢπερ
454 444 513 476 καὶ
537 441 581 476 τὰ
599 442 710 475 οἰκεῖα
734 441 862 489 πράξει
886 445 945 476 καὶ
969 439 1073 476 οὐδὲν
1094 443 1224 476 ἐπικοι-

145 485 299 530 νωνήσει
323 488 367 535 τῇ
394 486 560 534 πολιτικῇ
584 486 698 527 τάξει,
733 489 794 530 τῆς
817 501 856 521 τε
886 488 949 522 τοῦ
975 483 1225 534 λαμπροτάτου

145 533 206 574 τῆς
231 534 401 577 ἐπαρχίας
426 531 603 579 ἄρχοντος.
653 533 774 566 πᾶσαν
798 531 837 566 δὲ
865 530 1149 575 ἆνθυπατιανὴν
1172 545 1225 579 ye-

145 578 279 611 νέσθαι
303 591 342 612 τε
366 581 426 611 καὶ
450 576 643 612 καλεῖσθαι
667 576 888 623 βουλόμεθά,
921 580 980 622 τῆς
1004 575 1138 618 τάξεως
1160 579 1226 622 μὲν

144 626 235 666 μίαν
259 622 402 677 ἐχούσης
426 627 673 670 προςηγορίαν,
698 622 765 666 τὴν
785 625 846 667 τῆς
863 621 1137 665 ἆνθυπατιανῆς
1162 636 1225 668 φα-

1235 143 1315 191 225

1994 145 2101 190 Nov.
2131 145 2256 189 XXX
2290 148 2323 188 1.
2352 147 2376 185 2

1292 259 1426 294 trinum
1451 259 1518 294 erit
1542 255 1721 302 quoddam
1753 257 1896 293 schema
1921 257 2090 301 colligens
2116 258 2148 292 ei
2174 257 2374 309 cingulum3

1294 305 1370 349 ipse
1395 314 1545 349 namque
1569 301 1679 338 civilis
1704 302 1809 338 iudex
1842 304 1909 338 erit
1941 307 1976 338 et
1999 303 2161 338 militaris
2187 306 2222 338 et
2246 302 2376 338 aeraril

1293 350 1448 394 praeerit
1472 350 1590 391 rebus,
1624 347 1848 383 ministrante
1872 352 2025 393 utroque
2050 349 2083 383 ei
2108 348 2227 384 officio
2255 350 2290 383 et
2315 358 2374 383 co-

1296 395 1453 439 mitiano,
1485 394 1579 440 quod
1604 393 1710 428 etiam
1735 393 1880 437 propria
1903 397 1985 438 aget
2009 396 2045 428 et
2068 394 2156 429 nihil
2181 394 2375 429 communi-

1261 441 1393 476 5cabit
1427 441 1518 476 civili
1551 438 1681 480 officio,
1716 443 1751 474 et
1784 439 1968 474 clarissimi
1999 439 2205 483 provinciae
2236 439 2373 474 iudicis.

1296 487 1425 521 Totum
1458 496 1540 521 vero
1574 484 1883 530 proconsularium
1915 489 1950 518 et
1973 484 2049 519 fieri
2074 487 2110 519 et
2133 486 2252 520 vocari
2276 485 2374 520 volu-

1296 542 1391 574 mus,
1433 531 1552 566 officio
1591 530 1731 575 quidem
1766 539 1874 564 unam
1910 529 2065 565 habente
2101 531 2375 574 appellationem

1296 577 1617 622 (proconsulariam
1652 575 1834 619 dicimus),
1870 584 1961 620 quae
1996 585 2078 610 vero
2109 576 2256 620 propria
2281 578 2373 618 sunt,

1297 623 1406 658 divise
1431 627 1557 667 agente
1582 625 1616 656 et
1636 621 1730 665 quod
1754 620 1889 665 pridem
1916 621 2105 655 comitiano
2131 624 2166 655 et
2187 621 2281 665 quod
2302 621 2374 665 pri-

145 670 227 719 μένε
254 681 299 702 τα
321 672 446 712 μέντοι
470 672 581 702 οικεῖα
607 666 827 715 διῃρημενως
851 667 1078 747 πραττούσης
1106 669 1166 711 τῆς
1189 681 1228 702 τε
1244 671 1283 702 10
1297 668 1375 703 dem
1401 668 1502 710 civili,
1527 670 1568 702 ut
1591 666 1691 702 civile
1716 666 1857 711 quidem
1881 666 2095 710 diligentiam
2113 666 2290 700 adhibere
2315 666 2374 700 fis-

146 725 276 758 πρωην
299 716 506 758 κομιτιανῆς
529 716 590 757 τῆς
613 727 653 747 τε
677 714 806 760 πρώην
829 726 876 748 πο
901 717 1020 757 ιτικῆς,
1047 725 1134 747 ωςτε
1158 712 1225 756 τὴν

144 760 212 802 μὲν
233 757 421 802 πολιτικὴν
444 759 697 803 ἐπιμελεῖσθαι
721 761 798 793 τῶν
818 757 1003 803 δημοσίων
1022 772 1061 792 τε
1081 761 1139 791 καὶ
1161 771 1225 792 πο-

146 803 304 844 λιτικῶν,
339 801 407 839 ὅσα
440 806 487 839 εἰς
520 802 632 848 αὐτὴν
663 802 807 848 ἀνήκειν
838 804 989 839 ἄνωθεν
1012 804 1126 847 ἴσμεν,
1159 803 1226 846 τὴν

145 846 185 881 δὲ
208 847 338 894 πρώην
362 850 575 904 κομιτιανὴν
602 849 704 904 τόξξιν
727 850 922 903 ἐφεστάναι
951 850 996 904 τῇ
1020 850 1099 884 τῶν
1122 852 1224 893 βασι-

1295 714 1423 748 calium
1445 718 1478 748 et
1500 712 1654 748 civilium
1675 722 1917 757 quaecumque
1939 711 2050 746 eidem
2072 714 2271 756 competere
2292 712 2375 745 olim

1293 759 1466 801 novimus,
1499 758 1635 804 pridem
1668 768 1749 793 vero
1775 757 2003 792 comitianum
2030 756 2186 792 officium
2210 767 2375 802 praeesse

1294 804 1529 848 imperialium
1551 814 1668 838 rerum
1689 803 1939 848 gubernationi
1961 807 1996 838 et
2015 802 2235 837 exactionem
2257 802 2376 837 facere

1295 850 1490 884 secundum
1515 849 1609 894 quod
1633 860 1728 884 nunc
1753 849 2022 894 explanabimus
2042 849 2197 883 schema.

144 892 256 927 λικων
277 907 501 948 πραγματων
535 894 705 937 διοικησει
744 897 803 928 καὶ
834 909 902 938 την
933 895 1116 941 εὶςπραξιν
1148 907 1224 929 ποι·
1241 898 1281 929 15

144 939 269 973 εῖσθαι
303 938 395 974 καθ’
422 954 511 987 οπερ
535 942 601 975 νῦν
624 938 886 987 ὑφηγησάμεθα
907 941 1033 985 σχῆμα.

1142 1050 1299 1086 CAPUT
1331 1050 1376 1085 11.

195 1119 239 1155 Τὸ
270 1123 338 1165 μὲν
364 1122 434 1167 γὰρ
466 1123 545 1156 τῶν
568 1121 780 1167 ἐπιτρόπων
809 1124 868 1155 καὶ
893 1121 971 1155 τῶν
994 1123 1225 1166 τρακτευτῶν

143 1163 258 1211 ὄνομα
283 1164 366 1200 οὐδὲ
389 1167 482 1200 εἶναι
514 1165 700 1201 παντελῶς
723 1164 952 1211 βουλόμεθα,
986 1165 1074 1212 πρὸς
1097 1166 1142 1199 τὰ
1165 1169 1223 1210 ἔμ-

144 1212 312 1255 προσθεν
345 1210 540 1256 βλέποντες
575 1210 853 1258 παραδείγματα
888 1214 947 1245 καὶ
985 1211 1052 1255 τὴν
1089 1210 1225 1254 πολλὴν

1340 1119 1515 1154 Tutorum
1539 1129 1620 1154 vero
1651 1121 1687 1154 et
1710 1122 1968 1155 tracteutarum
2000 1131 2130 1156 nomen
2158 1131 2273 1165 neque
2297 1131 2376 1157 esse

1293 1165 1434 1209 penitus
1459 1164 1632 1206 volumus,
1667 1165 1712 1199 ad
1735 1166 1856 1209 prisca
1887 1167 2119 1210 respicientes
2153 1166 2316 1211 exempla
2341 1170 2376 1202 et

1293 1210 1482 1255 plurimam
1507 1220 1627 1244 eorum
1654 1211 1867 1245 calumniam
1892 1222 1996 1255 quam
2018 1213 2155 1247 miseris
2173 1212 2375 1247 inferebant

144 1256 268 1291 αὐτῶν
300 1256 470 1303 ἐπήρειαν
497 1254 542 1299 ἣν
572 1261 644 1291 τοῖς
673 1256 817 1291 ἀθλίοις
848 1258 982 1304 ἐπῆγον
1006 1256 1222 1291 συντελέσιν.
1238 1259 1279 1291 20
1294 1256 1539 1291 collatoribus.
1588 1255 1775 1290 Nominari
1799 1260 1916 1290 autem
1937 1258 2098 1293 volumus
2117 1268 2180 1302 per
2200 1258 2376 1303 (domum>

142 1299 405 1345 Ὀνομάζεσθαι
429 1299 470 1335 δὲ
491 1300 702 1347 βουλόμεθα
726 1303 807 1337 κατ’
832 1304 950 1337 οἰκίαν
975 1302 1127 1345 ἑκάστην
1152 1316 1224 1336 κιν-

144 1345 241 1389 δύνῳ
265 1348 326 1389 τῆς
350 1343 431 1389 ὅλης
455 1349 661 1391 κομιτιανῆς
684 1347 818 1388 τάξεως
841 1352 900 1381 καὶ
923 1349 1002 1382 τῶν
1021 1345 1224 1395 δεκατριῶν

142 1391 219 1425 τῶν
251 1392 529 1439 πρωτευόντων,
559 1391 619 1427 οὓς
651 1391 695 1437 δὴ
723 1398 940 1440 μαγίστερας
967 1391 1133 1439 πρώτους
1165 1396 1224 1427 καὶ

144 1435 326 1483 δευτέρους
357 1436 538 1481 καλοῦσιν,
571 1439 709 1484 ἑτέρους
738 1437 930 1493 τοὺς(μετ’
958 1436 1085 1472 αὐτοὺς
1115 1435 1224 1473 εὐθὺς

1294 1311 1579 1346 unamquamque
1603 1301 1763 1345 periculo
1788 1302 1899 1336 totius
1926 1303 2106 1337 comitiani
2124 1302 2235 1338 officii
2251 1308 2287 1338 et
2303 1307 2374 1338 tre·

1293 1347 1407 1382 decim
1437 1347 1613 1392 priorum,
1652 1357 1741 1391 quos
1778 1347 1915 1381 scilicet
1950 1348 2136 1392 magistros
2171 1349 2303 1393 primos
2340 1353 2376 1383 et

1293 1392 1469 1427 secundos
1502 1396 1649 1434 vocant,
1683 1392 1771 1427 alios
1804 1396 1888 1437 post
1919 1392 1998 1428 illos
2031 1394 2200 1429 continuo
2226 1405 2373 1438 respon-

1293 1438 1416 1472 dentes
1434 1437 1614 1480 tredecim,
1641 1448 1761 1479 unum,
1789 1438 1882 1473 sicut
1903 1439 2036 1473 dictum
2059 1443 2122 1482 est,
2148 1449 2212 1483 per
2233 1439 2375 1474 domum

142 1479 442 1538 ἀποκρινομένους
467 1481 661 1538 δεκατρεῖς,
696 1487 777 1526 ἕνα,
809 1496 858 1518 ως
882 1485 1035 1530 εἴρηται,
1065 1483 1148 1518 κατ’
1175 1485 1224 1517 οἰ-
1237 1486 1278 1518 25
1292 1493 1595 1527 unamquamque;
1621 1483 1687 1518 hos
1709 1487 1828 1518 autem
1853 1484 1913 1528 qui
1937 1487 2021 1528 post
2044 1485 2182 1528 priores
2204 1486 2375 1519 tredecim

142 1531 226 1561 κίαν
250 1529 415 1571 ἑκαστην.
462 1541 608 1563 τουτους
638 1528 677 1563 δὲ
700 1528 743 1572 δὴ
769 1529 848 1563 τοὺς
871 1529 961 1574 μετὰ
992 1529 1074 1564 τοὺς
1098 1532 1222 1575 προτέ-

143 1584 222 1619 ρους
258 1571 436 1619 δεκατρεῖς
471 1575 660 1608 ποιεῖσθαι
699 1574 766 1618 τὴν
802 1575 985 1622 εἴςπραξιν
1026 1579 1086 1608 καὶ
1125 1588 1222 1621 περι-

142 1617 275 1660 σώζειν
305 1619 350 1652 τά
382 1620 493 1652 οἰκεῖα
517 1621 570 1663 τῷ
607 1618 781 1665 δημοσίῳ,
797 1624 983 1666 Νπρονοεῖν
1009 1618 1047 1654 δὲ
1078 1623 1136 1654 καὶ
1163 1622 1223 1662 τῆς

142 1661 326 1698 ἀπαθείας
356 1666 435 1698 τῶν
459 1664 654 1707 συντελῶν,
688 1664 750 1714 ἐφ’
784 1665 813 1709 ᾧ
845 1666 945 1711 παρὰ
976 1663 1128 1709 μηδενὸς
1160 1664 1220 1699 αὐ-

1292 1534 1375 1564 sunt
1407 1528 1528 1564 facere
1562 1529 1783 1563 exactionem
1819 1532 1854 1564 et
1887 1529 2024 1564 salvare
2056 1540 2147 1575 quae
2181 1530 2257 1565 eius
2291 1535 2375 1565 sunt

1291 1574 1390 1617 fisco,
1416 1574 1604 1619 providere
1628 1579 1747 1609 autem
1773 1577 1809 1609 et
1829 1575 2013 1609 securitati
2036 1575 2259 1618 collatorum,
2287 1586 2373 1619 qua-

1290 1621 1387 1655 tinus
1418 1630 1440 1654 a
1469 1620 1568 1654 nullo
1601 1620 1710 1654 ullam
1743 1620 1946 1655 sustineant
1976 1621 2186 1662 laesionem,
2222 1621 2374 1656 scientes

1293 1666 1376 1709 quia
1400 1665 1483 1700 hinc
1508 1665 1683 1700 accedens
1717 1665 1884 1700 damnum
1910 1666 2140 1701 collatoribus
2162 1667 2274 1702 multo
2301 1677 2373 1701 am-

142 1708 223 1742 τούς
252 1707 432 1753 μηδεμίαν
461 1708 692 1755 ὑφίστασθαι
716 1710 883 1764 βλάβην,(
901 1709 1147 1758 γινώσκοντας
1177 1709 1222 1744 ὠς
1237 1715 1277 1746 30
1291 1711 1385 1755 plius
1420 1721 1543 1746 eorum
1574 1711 1740 1755 respiciet
1771 1711 1998 1754 facultatem,
2030 1716 2156 1756 utpote
2189 1713 2295 1747 etiam
2326 1714 2369 1753 [a]

142 1753 165 1797 ἡ
181 1755 356 1788 ἐντεῦθεν
379 1757 610 1802 ἐπιγινομένη
636 1758 744 1799 ζημία
768 1760 842 1790 τοῖς
865 1755 1078 1791 υποτελέσιν
1097 1755 1221 1800 πολλῷ

143 1797 254 1833 πλέον
276 1799 343 1843 τὴν
365 1797 489 1834 αὐτῶν
510 1800 641 1845 ὄψεται
662 1806 884 1848 περιουσίαν,
908 1801 967 1835 οἷα
988 1805 1047 1836 καὶ
1067 1803 1130 1836 τοῦ
1148 1816 1222 1835 κιν-

142 1842 251 1878 δύνου
275 1843 336 1879 ἐπ’
366 1842 493 1879 αὐτοὺς
518 1849 714 1891 φερομένου
737 1845 855 1890 πάσης
880 1848 942 1891 τῆς
965 1845 1136 1892 δημοσίας
1160 1848 1222 1881 εἰς-

142 1889 315 1943 πρᾴξεως.
363 1889 461 1933 Μηδ’
489 1888 612 1925 ὁτιοῦν
644 1890 683 1926 δὲ
712 1895 882 1939 παρέχειν
913 1892 1101 1927 παντελῶς
1132 1893 1222 1937 μήτε

1292 1757 1451 1801 periculo
1474 1757 1522 1791 eis
1540 1755 1725 1791 inferendo
1748 1757 1859 1791 totius
1876 1756 2008 1792 fiscalis
2027 1757 2235 1793 exactionis.
2276 1758 2376 1792 Nihil

1292 1804 1410 1837 autem
1427 1802 1599 1846 praebere
1618 1802 1759 1846 penitus
1777 1812 1892 1846 neque
1908 1813 1979 1844 eos,
2008 1803 2068 1846 qui
2086 1802 2218 1837 dudum
2236 1803 2374 1847 priores

1292 1849 1515 1883 vocabantur
1539 1850 1574 1882 et
1597 1847 1743 1882 secundi
1766 1847 1937 1891 magistri,
1963 1858 2077 1892 neque
2100 1858 2188 1892 quos
2211 1853 2291 1893 post
2313 1858 2374 1883 eos

1291 1893 1462 1928 tredecim
1494 1892 1708 1928 sancivimus
1742 1893 1965 1928 exactionem
1989 1893 2166 1928 fiscalium
2193 1894 2375 1928 celebrare

142 1947 223 1969 τους
246 1933 375 1982 πρώην
398 1935 634 1990 καλουμένους
656 1938 822 1993 πρώτους
852 1940 912 1972 καὶ
935 1937 1016 1972 τοὺς
1040 1937 1221 1993 δευτέρους
1235 1941 1276 1973 35
1290 1949 1406 1983 neque
1421 1938 1530 1974 alium
1545 1938 1728 1974 comitiani
1745 1938 1855 1974 officii
1875 1942 1970 1983 [quo]
1988 1949 2054 1984 per
2071 1943 2212 1984 tempus
2232 1942 2373 1984 specta-

141 1984 358 2026 μαγίστερας
378 1980 469 2025 μήτε
492 1994 573 2016 τους
595 1996 663 2027 μετ
708 1982 834 2017 αυτούς
859 1985 928 2017 νῦν
952 1982 1140 2031 δεκατρεῖς,
1166 1995 1221 2018 ους

142 2025 393 2070 ἐθεσπίσαμεν
426 2025 494 2070 τὴν
525 2027 655 2062 ἄνυσιν
689 2029 767 2062 τῶν
803 2027 987 2073 δημοσίων
1021 2029 1222 2070 ποιεῖσθαι,

140 2069 230 2114 μήτε
261 2069 372 2105 ἄλλον
401 2071 539 2116 μηδένα
570 2074 648 2107 τῶν
680 2074 742 2116 τῆς
771 2076 977 2127 κομιτιανῆς
1007 2072 1142 2115 τάξεως
1168 2075 1221 2118 τῷ

140 2114 232 2150 κατὰ
256 2117 383 2163 καιρὸν
407 2117 637 2163 περιβλέπτῳ
663 2117 872 2163 ἀνθυπατῳ
897 2116 919 2163 ἢ
943 2118 1121 2168 προφάσει
1145 2117 1221 2154 ὀνο-

138 2229 278 2276 partita
301 2229 478 2275 quaedam
499 2230 637 2282 species
660 2232 730 2266 erit
752 2231 848 2266 unde
871 2231 905 2266 ei
928 2231 1165 2276 maqistratus
1190 2235 1344 2266 constet:
1374 2231 1465 2266 idem
1484 2231 1577 2266 enim
1601 2235 1637 2266 et
1656 2231 1771 2267 civilis
1794 2233 1866 2267 erit
1888 2243 1946 2266 ma
1973 2232 2126 2267 istratus
2148 2237 2183 2268 et
2205 2234 2375 2270 militaris

141 2279 174 2309 et
199 2275 362 2310 tamiacis
379 2279 545 2320 praeerit
567 2286 612 2310 ne
639 2276 734 2317 otiis,
758 2276 1001 2322 inserviatque
1024 2276 1057 2310 ei
1080 2280 1271 2321 utrumque
1296 2276 1471 2321 officium,
1497 2279 1569 2310 tam
1593 2277 1837 2319 comitianum,
1863 2287 1935 2323 quo
1985 2281 2021 2311 et
2042 2288 2109 2312 sua
2126 2283 2286 2331 peraget
2308 2290 2374 2315 nec

142 2320 335 2365 quicquam
359 2329 543 2354 commune
566 2319 614 2354 lta
638 2320 711 2354 ebit
739 2331 818 2355 cum
843 2320 937 2355 civili
962 2320 1101 2365 officio,
1132 2331 1241 2365 quam
1271 2320 1370 2366 quod
1393 2320 1584 2355 clarissimi
1604 2322 1816 2366 provinciae
1838 2321 2022 2368 praesidis
2044 2327 2105 2357 est.
2164 2321 2373 2359 Universum

142 2374 224 2399 vero
247 2363 512 2409 proconsulare
535 2367 571 2398 et
590 2364 673 2408 fieri
696 2368 733 2399 et
756 2364 938 2410 appellari
962 2365 1142 2400 volumus.-
1181 2370 1290 2410 atque
1316 2365 1480 2410 officium
1506 2376 1613 2400 unam
1638 2366 1781 2411 quidem
1807 2366 1939 2402 habeat
1963 2367 2256 2413 appellationem,
2285 2380 2372 2416 pro-

143 2408 345 2443 consularis
368 2408 520 2443 dicimus
544 2409 673 2454 officii,
701 2420 768 2444 sua
795 2416 912 2444 tamen
935 2413 1129 2461 utrumque
1153 2410 1292 2445 divisim
1318 2415 1407 2456 aqat
1439 2415 1511 2445 tam
1534 2411 1633 2456 quod
1656 2411 1740 2446 olim
1768 2412 1998 2447 comitianum
2031 2423 2139 2458 quam
2163 2414 2264 2458 quod
2288 2415 2372 2449 olim

143 2454 245 2489 civile
263 2453 350 2499 fuit,
374 2457 416 2488 ut
435 2453 537 2489 civile
557 2453 700 2499 quidem
716 2455 926 2501 prospiciat
949 2454 1091 2490 tributis
1113 2459 1150 2490 et
1168 2456 1276 2491 rebus
1299 2455 1473 2497 civilibus,
1499 2466 1742 2502 quascumque
1762 2457 1807 2492 ab
1824 2457 1928 2492 initio
1950 2457 1999 2492 ad
2016 2457 2135 2504 ipsum
2183 2459 2373 2495 erlinuisse

142 2499 285 2541 scimus,
309 2499 542 2534 comitianum
563 2504 682 2534 autem
706 2499 807 2545 quod
830 2500 914 2534 olim
938 2500 1137 2535 vocabatur
1161 2500 1325 2546 officium
1345 2501 1487 2547 praesit
1510 2501 1821 2537 administrationi
1841 2513 1962 2537 rerum
1982 2502 2138 2549 imperia
2155 2514 2227 2538 zum
2251 2509 2287 2540 et
2309 2516 2373 2541 ex-

144 2545 319 2579 actionem
341 2544 463 2589 saciat
486 2543 682 2579 secundum
707 2556 785 2579 eam
809 2556 918 2591 quam
941 2556 1038 2580 nunc
1060 2556 1284 2591 eaeponemus
1304 2546 1494 2581 rationem.

276 2588 323 2624 11.
379 2588 474 2623 Nam
499 2594 710 2624 curatorum
742 2595 778 2625 et
810 2594 1048 2625 tractatorum
1078 2602 1204 2626 nomen
1236 2602 1280 2626 ne
1311 2602 1387 2627 esse
1411 2590 1555 2637 quidem
1579 2592 1725 2627 omnino
1749 2592 1929 2635 volumus,
1962 2604 2041 2628 cum
2064 2594 2301 2640 respiciamus
2325 2595 2375 2631 ad

139 2634 270 2680 priora
294 2634 462 2680 exempla
486 2634 688 2680 multasque
712 2646 836 2670 eorum
859 2635 1014 2670 iniurias
1037 2646 1129 2681 quas
1151 2636 1293 2671 miseris
1315 2636 1521 2677 inferebant
1542 2636 1703 2672 subditis.
1753 2638 1947 2673 Nominari
1974 2642 2092 2674 autem
2108 2650 2182 2685 per
2208 2640 2374 2685 sinqulas

142 2679 268 2714 domos
295 2679 461 2725 periculo
498 2680 683 2715 comitiani
718 2681 836 2726 officii
874 2685 909 2716 et
945 2680 1113 2716 tredecim
1145 2681 1360 2727 primatum,
1405 2692 1498 2727 quos
1532 2683 1727 2729 maqistros
1760 2683 1905 2729 primos
1942 2688 1979 2719 et
2012 2684 2191 2719 secundos
2228 2691 2370 2728 vocant,

142 2724 237 2759 alios
268 2724 435 2760 tredecim
467 2725 629 2760 volumus
659 2726 723 2771 qui
751 2726 873 2761 statim
896 2730 989 2772 post
1018 2726 1100 2761 illos
1130 2727 1342 2772 seliqantur,
1379 2727 1556 2773 sinqulos,
1593 2727 1646 2762 uti
1677 2728 1810 2763 dictum
1841 2734 1904 2771 est,
1934 2740 2008 2775 per
2037 2730 2203 2775 sinqutas
2233 2730 2372 2766 domos.

142 2769 259 2821 Atque
283 2769 351 2804 Itos
374 2770 438 2815 qui
457 2775 549 2816 post
567 2770 715 2816 priores
746 2771 830 2806 illos
855 2771 1021 2807 tredecim
1043 2776 1130 2807 sunt
1152 2772 1378 2807 exactionem
1401 2773 1545 2817 facere,
1577 2776 1613 2808 et
1634 2784 1781 2809 servare
1800 2774 1892 2819 fisco
1925 2785 2019 2820 quae
2042 2775 2118 2810 eius
2140 2779 2249 2817 sunt;
2284 2787 2371 2822 pro-

142 2826 161 2849 s
188 2826 282 2850 were
305 2819 424 2850 autem
447 2815 673 2851 subditorum
698 2827 841 2862 quoque
864 2817 1114 2858 incolumitati,
1139 2828 1183 2852 ne
1199 2816 1253 2851 illi
1275 2829 1297 2851 a
1343 2828 1499 2863 uoquam
1525 2817 1775 2854 detrimentum
1796 2819 1909 2854 ullum
1923 2820 2130 2865 patiantur,
2156 2831 2235 2855 cum
2255 2822 2374 2857 sciant

168 2871 312 2895 amnum
336 2859 489 2895 subditis
512 2860 595 2896 inde
617 2861 760 2896 illatum
784 2861 897 2897 multo
921 2862 1038 2908 maqis
1058 2862 1108 2897 ad
1129 2862 1292 2908 ipsorum
1340 2873 1411 2897 ona
1434 2866 1691 2908 spectatarum,
1717 2864 1890 2909 quoniam
1911 2865 2018 2899 etiam
2037 2865 2238 2911 periculum
2257 2867 2373 2901 omnis

141 2904 310 2952 publicae
341 2906 550 2941 exactionis
584 2905 633 2941 ad
661 2906 763 2952 ipsos
790 2907 990 2952 pertineat.
1049 2907 1126 2942 Nec
1157 2919 1241 2943 vero
1273 2908 1466 2959 quicquam
1503 2908 1648 2943 onmino
1682 2919 1798 2955 neque
1829 2909 1883 2944 illi
1913 2910 1977 2955 qui
2009 2915 2118 2946 antea
2149 2911 2373 2947 vocabantur

139 2950 254 2996 primi
283 2954 319 2985 ct
348 2950 498 2986 secundi
528 2951 695 2997 maqistri
724 2962 840 2997 neque
871 2951 1038 2987 tredecim
1071 2953 1133 2998 qui
1160 2957 1246 2999 post
1275 2952 1358 2988 illos
1382 2963 1478 2986 nunc
1501 2956 1596 2995 sunt,
1626 2964 1718 3005 quos
1747 2954 1963 2990 tributorum
1994 2956 2223 2991 exactionem
2244 2957 2374 3002 facere

141 2995 348 3038 sanximus,
383 3007 498 3041 neque
527 2996 623 3031 alius
652 2996 845 3042 quisquam
877 3007 927 3032 ex
959 2997 1086 3042 officio
1121 2998 1315 3033 comitiano
1349 2996 1539 3043 spectabili
1576 3008 1638 3043 qui
1659 3009 1736 3044 pro
1770 3003 1931 3046 tempore
1962 3002 2033 3036 erit
2056 3002 2274 3047 proconsuli
2306 3005 2372 3037 aut

193 3111 203 3141 1
232 3110 268 3141 τὶ
289 3109 399 3150 ΜΒς]
425 3122 484 3144 om.
502 3110 533 3143 L
549 3109 561 3153 11
587 3111 606 3143 2
624 3110 726 3143 ἔσται
751 3106 871 3155 ἄρχων
898 3112 952 3151 Μ]
977 3108 1098 3156 ἅρχων
1118 3113 1221 3145 ἔσται
2040 3116 2059 3147 9
2084 3117 2202 3156 agente
2226 3115 2315 3156 quod
2340 3117 2373 3148 et

143 3154 179 3187 Β
204 3151 324 3198 ἄρχων
348 3156 442 3187 ἔστω
468 3155 499 3187 L
516 3156 527 3197 11
554 3156 574 3189 6
598 3155 659 3196 τῆς
682 3167 722 3188 τε
742 3156 824 3196 LB]
848 3155 892 3197 τῆ
912 3157 959 3188 Μ
970 3155 981 3200 ΙΙ
1006 3158 1023 3189 7
1049 3156 1224 3202 γίνεσθαί

142 3211 183 3232 τε
207 3199 243 3231 Β
260 3198 271 3242 ΙΙ
295 3201 333 3231 10
358 3196 590 3243 διηρημένηςῖ
615 3200 661 3233 L¹
682 3199 694 3244 11
718 3200 778 3242 τῆς
802 3212 841 3233 τε
865 3198 994 3245 πρώην
1017 3203 1222 3244 κομιτιανῆς

144 3257 202 3278 om.
219 3244 286 3287 ΜΙΙ
315 3246 351 3277 11
379 3245 592 3287 κομητιανῆς
617 3245 651 3277 Β
677 3253 719 3282 (et
740 3248 787 3278 sic
810 3247 944 3289 semper)
962 3246 1051 3289 11τῆς
1076 3243 1116 3280 δὲ
1139 3248 1174 3280 Β
1211 3248 1222 3290 11

145 3291 188 3322 16
213 3289 279 3333 ἐφη
304 3286 471 3332 ησόμεθα
488 3289 521 3322 Β
540 3288 552 3333 ΙΙ
573 3291 609 3322 17
632 3292 691 3322 καὶ
709 3290 798 3331 τῶν]
818 3291 897 3323 τῶν
909 3304 966 3324 om.
982 3292 1051 3324 LB
1070 3291 1082 3336 11
1103 3294 1140 3327 18
1163 3290 1221 3326 οὗ·

144 3331 206 3367 δὲν
230 3335 266 3367 Β
290 3334 294 3377 1
314 3336 353 3376 21
381 3331 538 3367 κινδύνω
563 3331 604 3367 δὲ
626 3336 686 3377 τῆς
710 3336 741 3368 L
758 3335 770 3379 11
790 3337 831 3369 22
856 3336 1071 3379 κομητιανῆς
1095 3338 1138 3370 M
1143 3336 1194 3370 ⁶B
1212 3336 1224 3382 11

145 3381 187 3412 23
212 3375 282 3420 οὓς]
307 3377 391 3413 οὖσι
408 3381 455 3413 L¹
474 3378 485 3423 11
504 3381 545 3413 28
566 3380 644 3412 τῶν
669 3376 854 3422 δημοσίων
879 3381 948 3414 LB
967 3381 1032 3424 1131
1062 3382 1222 3427 ἐπιγενο-

143 3425 277 3467 μένηΖ
296 3425 308 3466 11
333 3427 374 3459 32
400 3421 524 3458 αὐτῶν
538 3426 645 3465 ΜΒς]
670 3421 855 3458 εαῦτῶνὶι
882 3424 894 3469 11
916 3427 959 3460 34
984 3426 1109 3469 *μήτε]
1134 3424 1224 3471 μηδὲ

144 3470 256 3502 MLB
273 3469 285 3513 11
304 3471 345 3504 36
370 3470 437 3504 νῦν
458 3484 515 3504 om.
530 3482 549 3506 ς
566 3470 578 3513 ΙΙ
597 3472 638 3504 38
663 3467 729 3503 τὸν
748 3470 809 3512 τῆς
829 3474 1045 3514 κομητιανῆς
1057 3473 1088 3506 L
1106 3471 1118 3516 11
1136 3475 1177 3507 39
1202 3469 1224 3515 ἢ

145 3527 202 3547 om.
226 3526 245 3551 ς

192 3606 207 3637 1
235 3605 299 3637 erit
318 3605 482 3646 quoddam
502 3616 607 3638 scema
627 3605 790 3646 quoddam
805 3605 868 3638 erit
891 3605 949 3650 Vll
965 3608 984 3640 3
1008 3607 1223 3640 commitiatio

153 3647 209 3692 Vn
235 3652 254 3682 4
280 3651 539 3683 communicauit
567 3651 601 3684 V
621 3650 632 3695 11
664 3653 683 3684 5
709 3650 889 3683 clarissime
915 3652 993 3685 libri
1020 3650 1032 3695 11
1057 3653 1077 3686 6
1102 3653 1222 3686 Totum

146 3695 234 3734 vero]
260 3704 339 3727 uero
362 3695 400 3728 in
422 3698 529 3730 totum
562 3696 617 3739 VH
634 3695 919 3737 proconsolarium
942 3697 997 3739 1711
1016 3699 1049 3729 et
1066 3697 1138 3730 fieri
1164 3711 1221 3731 om.
1256 3711 1258 3721 =

153 3738 207 3781 Vss
234 3741 251 3771 7
279 3739 422 3783 quidem]
447 3741 610 3783 quoddam
634 3742 666 3775 V
687 3741 700 3785 11
728 3751 795 3774 uno
820 3741 854 3775 V
874 3741 887 3786 11
918 3741 1092 3776 habentem
1114 3743 1147 3776 V
1165 3744 1223 3776 ha—

215 3793 266 3822 111.

1290 3112 1405 3144 bentes
1428 3112 1460 3144 T
1482 3110 1494 3154 ΙΙ
1522 3113 1540 3145 8
1565 3112 1872 3154 proconsulariuam
1898 3115 1975 3147 libri
1997 3113 2009 3158 11

1293 3159 1369 3191 libri
1384 3156 1396 3200 11
1413 3157 1540 3199 pridem
1562 3157 1658 3190 ciuili
1674 3159 1718 3199 T]
1740 3158 1835 3190 ciuili
1853 3159 1981 3201 pridem
2004 3159 2060 3203 1711
2082 3162 2120 3193 10
2141 3160 2274 3193 ciuilem
2296 3161 2371 3202 qui-

1291 3202 1364 3235 dem
1386 3204 1418 3234 et
1443 3201 1650 3244 diligentiam
1676 3202 1733 3248 Vfl
1756 3204 1912 3237 adhibeat
1935 3205 2021 3248 vulq.
2040 3204 2052 3248 11
2081 3206 2117 3238 11
2147 3205 2250 3237 eidem
2270 3207 2370 3249 υιιίφ]

1291 3247 1402 3280 eadem
1426 3248 1517 3285 libri;
1545 3248 1604 3290 leq.
1621 3249 1657 3280 in
1679 3248 1815 3281 eodem?
1835 3250 1889 3292 (cf
1904 3250 1981 3291 226,
1996 3252 2045 3291 20)
2062 3249 2073 3293 11
2096 3252 2134 3283 12
2161 3251 2371 3283 comitiacum

1293 3293 1369 3325 libri
1390 3293 1400 3334 ΙΙ
1427 3292 1532 3324 offitio
1554 3292 1609 3336 Vl}
1634 3295 1793 3335 praeesse]
1817 3304 1989 3327 commune
2011 3306 2076 3327 esse
2105 3295 2160 3338 VH
2190 3296 2229 3329 13
2248 3296 2369 3338 guber-

1291 3337 1436 3370 nationis
1457 3337 1491 3370 V
1512 3336 1524 3381 11
1555 3339 1595 3371 14
1624 3338 1901 3381 *explanauimus
1927 3341 2003 3373 libri
2028 3339 2040 3383 11
2075 3342 2111 3373 17
2138 3351 2215 3373 vero
2247 3354 2305 3375 om.
2330 3342 2370 3383 T,

1292 3383 1379 3416 enim
1404 3382 1489 3425 vuly.
1510 3382 1522 3426 11
1550 3385 1852 3417 contracteutarum
1874 3384 1929 3429 Vn
1964 3386 2001 3418 19
2028 3395 2092 3426 qua
2122 3385 2178 3429 Vn
2206 3386 2371 3419 inferebat

1300 3428 1334 3461 V
1349 3427 1360 3471 11
1379 3430 1420 3461 20
1445 3427 1582 3459 nomina
1603 3428 1635 3461 V
1648 3427 1660 3472 11
1675 3430 1746 3471 per]
1772 3430 1830 3471 qui
1850 3440 1908 3472 per
1931 3429 1985 3473 Vn
2003 3430 2135 3462 domum
2160 3432 2237 3465 add.
2252 3432 2337 3475 vulq.
2359 3430 2372 3477 11

1292 3474 1334 3506 24
1365 3483 1468 3504 unum
1503 3485 1561 3505 om.
1594 3473 1685 3506 Val.
1714 3474 1725 3517 11
1757 3476 1798 3508 25
1823 3485 2088 3516 unamquemque
2120 3475 2155 3509 V
2173 3475 2185 3520 11
2217 3477 2259 3510 26
2285 3487 2370 3518 quae

1293 3531 1350 3550 om.
1374 3516 1428 3560 VH
1448 3518 1517 3549 eius
1541 3518 1589 3558 V]
1616 3518 1646 3550 ei
1674 3519 1730 3562 Τ11
1755 3521 1794 3553 27
1818 3521 1860 3560 et]
1887 3530 1925 3551 ex
1955 3520 2038 3553 Val.
2059 3520 2070 3560 ΙΙ
2095 3522 2137 3555 30
2162 3523 2280 3563 utpute
2310 3521 2371 3563 VH

1292 3573 1311 3595 a
1333 3576 1389 3595 om.
1415 3563 1498 3606 vuly.
1527 3561 1540 3606 11
1571 3564 1610 3596 31
1639 3564 1696 3605 eis]
1722 3564 1768 3597 eis
1792 3564 1827 3596 in
1853 3565 1898 3597 eis
1930 3564 1964 3597 V
1993 3565 2095 3597 eisin
2120 3576 2173 3598 eas
2195 3567 2228 3599 T
2258 3567 2295 3599 in
2316 3578 2370 3599 eos

1291 3609 1375 3651 vulo.
1395 3606 1407 3650 11
1425 3607 1554 3648 fiscalis]
1579 3608 1748 3641 facultatis
1780 3610 1863 3642 Val.
1884 3608 1896 3653 11
1914 3611 1955 3643 33
1979 3610 2159 3643 secundum
2189 3611 2245 3656 1711
2263 3623 2370 3654 neque

1290 3655 1365 3695 post
1389 3663 1442 3684 eos
1466 3663 1548 3694 quos
1572 3654 1728 3686 tredecim
1752 3655 1784 3687 T
1804 3665 1910 3695 neque
1934 3657 2008 3696 post
2033 3666 2087 3688 eos
2105 3656 2262 3689 tredecim
2289 3667 2371 3698 quos

1292 3699 1376 3741 ταῖς).
1402 3697 1420 3776 ΙΙΙ
1446 3700 1486 3732 35
1512 3697 1628 3740 alium]
1662 3699 1765 3732 alium
1794 3699 1901 3732 ullum
1925 3700 2030 3734 Neob.
2060 3700 2073 3745 11
2100 3702 2189 3734 offici
2211 3703 2242 3735 V
2265 3701 2278 3746 11
2306 3713 2371 3745 quo

1293 3756 1350 3777 om.
1365 3755 1405 3776 vu
1418 3755 1450 3787 9.

2059 3803 2102 3836 29
