2618 4010
111 137 171 169 ur
200 134 258 167 AB
286 132 574 167 xnnnsrnmus
1165 116 1252 165 357
1579 131 1585 136 “
2052 115 2160 161 Nov.
2181 113 2320 157 LXXI

615 279 672 323 (H
1722 284 1851 322 LXXI.
2055 283 2142 320 (3011.
2157 283 2187 318 v
2208 282 2261 319 tit.
2280 285 2320 318 18

109 360 243 396 ΩΣΤΕ
268 359 406 394 ΤΟΥΣ
428 358 803 393 ῙΛΛΟΥΣΤΡΙΟΥΣ
827 359 889 393 EN
914 358 1036 392 ΤΟῙΣ
1059 358 1179 392 ΧΡΗ-
1249 354 1289 400 Βχ
1314 353 1377 389 UT
1401 354 1465 389 AB
1488 352 1802 389 ILLUSTRIBUS
1833 352 1896 388 ET
1929 351 2009 397 QUI
2037 351 2191 387 SUPER.
2213 350 2321 385 EAM

108 405 368 441 ΜΑΤῙΚΟῙΣ
392 401 453 439 ΔΓ
479 403 747 439 ΕΝΤΟΛΕΩΝ
775 403 983 438 ΠΑΝΤΩΣ
1006 404 1179 438 ΛΕΓΕΙΝ
1248 399 1558 435 DIGNITATEM
1594 397 1717 434 SUNT
1753 397 2015 434 OMNIMODO
2051 395 2206 432 SUPER
2241 395 2319 430 PE-

109 452 214 486 ΤΑΣ
243 450 394 485 ΔΙΚΑΣ
425 450 519 484 ΚΑΙ
548 450 632 483 ΕΠῙ
665 449 770 483 ΤΗΣ
801 446 1098 483 INIURIARUM
1121 450 1179 483 ΔΕ
1250 444 1488 481 CUNIARIIS
1510 443 1674 480 CAUSIS
1705 442 1796 479 SED
1821 443 1886 479 ET
1905 441 2200 479 INIURIARUM
2222 440 2335 476 CRI-r

110 495 519 531 ΕΓΚΑΗΜΑΤΙΚΩΣ
565 495 715 538 ΚΑΤΑ
763 495 833 528 ΤΟ
879 494 1178 529 ΔΕΔΟΜΕΝΟΝ
1216 490 1524 526 5MINALITER.
1547 489 1643 525 PER
1666 486 2063 525 PROCURATOREM
2088 485 2319 528 D10ATUR3

109 542 301 576 ΑΥΤΟΙΣ
335 541 657 575 ΠΡΟΝΟΜΙΟΝ·
702 540 823 574 ΤΟΙΣ
859 540 916 574 ΔΕ
950 540 1179 575 ΛΑΜΠΡΟ-
1249 535 1546 571 CLARISSIMIS
1563 534 1735 571 AUTEM
1749 534 1798 570 IN
1816 531 2123 570 PECUNIARIIS
2139 531 2320 567 LICERE

110 586 304 622 ΤΑΤΟῙΣ
349 586 548 623 ΕΞΕΙΝΑΙ
594 587 687 621 ΚΑΙ
730 580 791 620 ΔΓ
831 585 1040 620 ΕΑῩΤΩΝ
1086 586 1180 619 ΚΑΙ
1249 580 1413 618 CAUSIS
1436 581 1502 617 ET
1522 580 1619 616 PER
1638 577 2037 616 PROCURATOREM
2057 577 2121 613 ET
2141 576 2239 612 PER.
2262 576 2319 611 SE

108 627 169 667 ΔΓ
195 632 463 667 ΕΝΤΟΛΕΩΝ
494 632 667 666 ΛΕΓΕΙΝ
697 631 801 666 ΤΑΣ
828 631 1179 665 ΧΡΗΜΑΤΙΚΑΣ
1633 624 1868 661 LITIGARE
1894 625 1934 672 132

107 729 143 766 Ὁ
157 729 262 767 αὐτὸς
276 731 441 776 βασιλεὺς
455 730 602 781 Ἰωάννῃ
621 732 674 776 τῷ
694 729 917 773 ἐνδοξοτάτῳ
936 727 1081 776 ἐπάρχῳ
1102 731 1179 764 τῶν
1195 731 1235 764 10
1369 725 1467 762 Idem
1491 726 1582 769 Aug.
1608 724 1758 761 Iohanni
1782 736 1841 772 pp.
1867 725 2024 762 secundo
2048 726 2084 759 et
2108 734 2204 760 cons.

107 775 333 812 ἀνατολικῶν
353 782 590 825 πραιτωρίων
612 776 654 812 τὸ
677 774 729 822 β’,
761 772 834 810 ἀπὸ
866 773 1017 810 ὑπάτων
1049 774 1178 819 ὑπάτῳ

398 821 592 869 ὖρδιναρίῳ
617 825 676 857 καὶ
699 824 890 869 πατρικίῳ.

159 891 452 936 (Προοίμιον.>
498 889 634 926 Ὁπόσα
661 889 807 937 προΐασι
835 890 902 933 μὲν
935 886 1050 931 δῆθεν
1079 889 1179 932 τιμῆς
1302 883 1589 931 (Praefatio.)
1646 883 1895 929 Quaecumque
1937 883 2138 928 procedunt
2184 882 2323 928 quidem

108 937 229 969 ἕνεκεν
258 938 318 969 καὶ
342 934 517 980 σχήματος
540 939 756 984 κρείττονος,
788 933 830 969 τὸ
855 932 895 968 δὲ
921 933 1096 968 ἐντεῦθεν
1127 934 1178 966 ἐκ-
1249 929 1351 974 quasi
1374 929 1519 965 honoris
1539 939 1649 965 causa
1673 932 1708 964 et
1727 929 1917 965 schematis
1935 929 2092 965 melioris
2108 931 2204 971 sunt,
2226 928 2321 973 quod

108 984 237 1025 βαῖνον
267 977 308 1015 οὗ
332 982 448 1025 τιμήν,
480 978 561 1016 ἀλλ’
585 981 670 1016 ἴσως
693 979 775 1015 τινὰ
806 982 865 1014 καὶ
891 981 1021 1023 ζημίαν
1045 978 1178 1025 ἐπάγει,
1195 980 1234 1011 15
1248 979 1367 1011 autem
1398 975 1481 1010 hinc
1515 974 1630 1011 evenit
1659 985 1732 1010 non
1760 975 1948 1019 honorem,
1981 974 2045 1011 sed
2070 975 2194 1011 forsan
2218 974 2323 1009 etiam

109 1027 224 1060 ταῦτα
240 1025 356 1061 καλῶς
371 1027 465 1070 ἔχειν
480 1024 666 1074 ἡγούμεθα
680 1027 807 1071 βραχεῖ
820 1025 1049 1072 θεραπεῦσαι
1064 1022 1176 1068 νόμῳ.
1248 1021 1425 1066 quandam
1448 1020 1640 1057 laesionem
1663 1019 1836 1064 inferens,
1869 1021 1938 1056 hoc
1962 1020 2052 1056 bene
2076 1020 2209 1056 habere
2231 1020 2323 1055 Iudi-

110 1072 247 1120 εἴρηται
277 1070 346 1119 γάρ
376 1084 450 1107 τισι
479 1073 557 1107 τῶν
588 1068 798 1112 διατάξεων,
832 1066 919 1105 ὥςτε
942 1067 1070 1114 μηδενὶ
1101 1071 1178 1104 τῶν
1249 1076 1370 1102 camus
1401 1066 1499 1103 brevi
1529 1066 1661 1102 mederi
1691 1066 1777 1111 lege.
1825 1066 1957 1102 Fertur
1988 1066 2080 1102 enim
2113 1065 2324 1111 quibusdam

110 1114 376 1165 λαμπροτάτων
400 1118 530 1159 ἐξεῖναι
558 1114 607 1152 δι’
634 1117 760 1150 ἑαυτοῦ
793 1113 897 1160 δίκην
921 1114 1178 1163 ἀγωνίζεσθαι,
1250 1111 1575 1155 constitutionibus,
1601 1115 1641 1147 ut
1661 1112 1749 1147 nulli
1770 1111 2049 1148 clarissimorum
2071 1111 2179 1148 liceat
2201 1121 2265 1157 per
2285 1121 2324 1147 se

111 1159 154 1196 δι’
183 1161 358 1197 ἐντολέων
382 1161 421 1197 δὲ
447 1161 601 1198 πάντως,
640 1158 744 1196 Ἀλλὰ
766 1162 873 1196 τοῦτο
896 1163 964 1206 μὲν
986 1158 1008 1205 ἡ
1030 1159 1179 1196 παλαιό-
1248 1158 1345 1193 litem
1368 1167 1545 1201 exercere,
1575 1157 1638 1194 sed
1669 1167 1734 1202 per
1756 1160 2027 1203 procuratorem
2051 1157 2205 1194 omnino.
2255 1156 2324 1192 sed

110 1219 172 1250 της
195 1209 255 1243 ἐπὶ
277 1209 321 1252 τῆ
345 1209 422 1243 τῶν
444 1205 661 1253 ἀξιωμάτων
684 1208 820 1254 ἔγραψε
839 1208 936 1252 τιμῆ,
966 1204 1117 1240 πολλοὺς
1142 1203 1181 1240 δὲ
1194 1206 1236 1239 20
1248 1203 1338 1239 haec
1363 1203 1504 1248 quidem
1527 1202 1721 1247 antiquitas
1751 1213 1817 1248 pro
1843 1203 2053 1247 dignitatum
2076 1203 2212 1239 honore
2235 1202 2323 1238 scri-

111 1250 252 1299 ὁρῶμεν
274 1251 297 1287 ἀ
319 1254 388 1288 ιῶν
416 1255 483 1298 μὲν
513 1252 684 1296 τυχόντας
722 1255 782 1286 καὶ
814 1256 887 1287 τοῖς
904 1243 1181 1300 “λαμπροτάτοις
1248 1248 1337 1295 psit,
1374 1249 1504 1285 multos
1535 1250 1655 1284 autem
1691 1248 1929 1294 conspicimus
1965 1249 2152 1294 dignitates
2185 1247 2324 1294 quidem

112 1299 258 1345 ἐγγεγρα
286 1302 410 1343 μένους
432 1297 454 1342 ἢ
473 1297 623 1343 κόμησιν
645 1293 667 1341 ἢ
689 1298 890 1343 τριβούνοις
913 1293 934 1341 ἢ
956 1296 992 1331 εἴ
1009 1308 1103 1332 τινες
1123 1295 1180 1331 ἇλ-
1249 1294 1397 1340 adeptos
1430 1298 1465 1330 et
1496 1294 1589 1331 inter
1621 1293 1836 1330 clarissimos
1867 1294 2058 1340 inscriptos
2089 1297 2153 1329 aut
2177 1293 2324 1330 comites

112 1342 166 1377 λοι
196 1357 240 1378 κα
273 1344 396 1379 εστᾶσι
426 1345 600 1387 τοιοῦτοι,
640 1340 760 1378 οὐσίας
790 1341 830 1378 δὲ
858 1346 1004 1390 μετρίας
1033 1346 1181 1386 κυρίους,
1250 1342 1314 1376 aut
1346 1340 1510 1376 trIbunos
1546 1339 1600 1376 vel
1631 1339 1662 1375 si
1695 1340 1754 1385 qui
1787 1340 1848 1375 alii
1881 1340 2080 1376 consistunt
2113 1339 2324 1381 huiusmodi,

113 1384 200 1423 ὥςτε
229 1387 414 1424 παντελῶς
443 1388 492 1434 μὴ
514 1388 646 1432 ἰσχύειν
676 1387 766 1436 πρὸς
796 1387 967 1424 ἑντολέως
998 1386 1181 1437 προβολὴν
1250 1385 1472 1422 substantiae
1503 1396 1586 1422 vero
1618 1384 1764 1421 minoris
1797 1385 1976 1429 dominos,
2007 1387 2050 1422 ut
2078 1386 2221 1432 penitus
2252 1395 2325 1420 non

111 1437 171 1468 καὶ
193 1433 259 1478 τὴν
282 1432 338 1468 διὰ
360 1435 467 1469 τοῦτο
492 1432 668 1477 δαπάνην.
1197 1433 1240 1468 25
1252 1431 1434 1515 ειιέἑίεέἓῃι
1456 1431 1503 1467 ad
1521 1433 1772 1477 procuratores
1793 1430 2009 1469 ordinandos
2031 1434 2070 1468 et
2087 1434 2234 1478 propter
2255 1430 2326 1467 hoc

1249 1487 1340 1523 agen
1388 1488 1406 1514 s
1429 1487 1616 1524 expensas.

1116 1578 1273 1618 CAPUT
1296 1580 1326 1616 1.

157 1651 377 1694 Θεσπίζομεν
400 1652 533 1691 τοίνυν,
557 1647 638 1695 ἄχρι
660 1651 728 1694 μὲν
751 1650 831 1684 τῶν
848 1647 1183 1696 μεγαλοπρεπεστά-
1298 1648 1482 1685 Sancimus
1506 1648 1614 1694 igitur
1645 1659 1757 1695 usque
1786 1649 1833 1685 ad
1856 1647 2222 1702 magnificentissimos
2246 1647 2325 1683 illu-

110 1707 186 1729 των
216 1693 449 1741 ἰλλουστρίων
479 1695 584 1729 τοῦτο
615 1698 770 1740 κρατεῖν,
803 1698 863 1729 καὶ
887 1692 1033 1729 πάντως
1058 1693 1184 1729 αὐτοὺς
1252 1697 1343 1730 stres
1367 1694 1457 1731 haec
1480 1696 1608 1738 valere,
1640 1700 1676 1731 et
1699 1694 1813 1731 modis
1838 1695 2003 1730 omnibus
2027 1704 2088 1730 eos
2110 1704 2175 1739 per
2198 1703 2326 1739 procu-

111 1738 161 1774 δι’
188 1738 358 1775 ἐντολέως
386 1739 448 1774 τὰς
474 1739 690 1787 χρηματικὰς
713 1738 963 1788 ἀγωνίζεσθαι
986 1738 1100 1784 δίκας,
1124 1743 1183 1774 καὶ
1251 1743 1391 1776 ratores
1413 1740 1639 1786 pecuniarias
1662 1750 1828 1778 exercere
1852 1750 2000 1782 causas,
2032 1749 2099 1775 nec
2121 1749 2195 1776 non
2222 1739 2328 1775 etiam

109 1784 180 1830 μὴν
203 1788 262 1819 καὶ
284 1785 351 1830 τὴν
369 1785 582 1822 iniuriarum
605 1783 656 1820 δι’
678 1785 849 1820 ἐντολέως
868 1784 961 1821 κατὰ
979 1784 1045 1820 τὸν
1064 1784 1182 1841 {pel-⁷7-
1196 1787 1239 1821 30
1251 1785 1464 1821 iniuriarum
1486 1796 1552 1831 per
1570 1790 1842 1832 procuratorem
1863 1784 2037 1822 criminali
2058 1785 2164 1821 modo
2188 1794 2328 1820 movere

109 1827 261 1875 ματικὸν
282 1829 420 1877 τρόπον
443 1833 556 1866 κινεῖν
579 1829 671 1866 κατὰ
700 1830 741 1866 τὸ
766 1829 958 1876 δεδομένον
982 1828 1100 1866 αὐτοις
1124 1832 1184 1866 ἐπὶ
1252 1831 1448 1867 secundum
1471 1832 1566 1877 quod
1586 1832 1709 1869 datum
1729 1834 1784 1869 est
1807 1832 1860 1868 eis
1880 1841 1988 1876 super
2010 1831 2080 1867 hoc
2098 1829 2327 1876 privilegium,

110 1876 240 1920 ταύτης
262 1873 476 1924 προνόμιον,
510 1874 598 1912 dien
626 1875 675 1921 μὴ
704 1874 976 1925 ἀναγκάζεσθαι
1005 1873 1027 1921 ἢ
1056 1887 1182 1925 συγκα-
1252 1887 1299 1913 110
1321 1880 1495 1923 cogantur
1517 1879 1582 1914 aut
1600 1878 1724 1915 sedere
1748 1888 1829 1915 cum
1850 1876 2030 1914 iudicibus
2062 1887 2143 1913 cum
2170 1875 2330 1912 iudicant

111 1922 258 1965 θῆσθαι
281 1924 353 1957 τοῖς
376 1921 544 1970 ἄρχουσιν
563 1924 603 1957 ἐν
623 1914 655 1966 ᾧ
678 1920 883 1966 δικάζουσιν
913 1919 936 1966 ἢ
960 1920 1186 1970 παρεστάναι

155 2014 239 2048 Νου.
253 2015 388 2048 LXXI
403 2015 564 2057 (Anthent.
578 2015 708 2048 LXXI
718 2032 761 2044 =
779 2016 858 2049 Coll.
874 2015 964 2049 Vtit.
981 2016 1039 2050 18:
1064 2015 1175 2057 qloss.)
1200 2014 1325 2049 Graece
1346 2022 1433 2049 extat
1451 2016 1484 2048 in
1503 2015 1587 2057 ML,
1612 2017 1715 2059 cap-1
1744 2016 1777 2049 in
1801 2014 1837 2048 B
1862 2017 1893 2057 7,
1919 2022 1948 2056 8,
1962 2022 1997 2049 30
2023 2015 2110 2055 (inde
2134 2014 2183 2047 B*
2203 2026 2239 2058 p.
2264 2014 2329 2048 234

111 2059 214 2139 ῗαῖοῆ.
229 2068 258 2094 et
270 2060 588 2140 Ecloqzssffl—-X
598 2060 832 2104 Basilicarum)
845 2067 876 2095 et
887 2061 1099 2104 multifariam
1113 2061 1306 2094 immutatum
1326 2062 1360 2095 in
1372 2061 1579 2105 Epanaqoqe
1594 2062 1645 2101 11,
1661 2068 1705 2095 10.
1719 2079 1762 2085 ——
1781 2060 1871 2104 Epa.
1888 2060 2008 2094 Theod.
2023 2061 2042 2094 '1
2049 2061 2078 2101 1,
2102 2059 2221 2094 Athan.
2235 2059 2290 2102 22,
2303 2067 2330 2093 5.

94 2118 100 2125 ·
132 2118 152 2139 u
166 2118 231 2140 zan.
256 2113 355 2140 const.
506 2131 514 2140 .

1152 2203 1288 2241 LXXI.

99 2241 182 2309 *UT
202 2270 479 2308 ILLUSTRES
503 2271 562 2306 IN
583 2270 790 2309 LITIBUS
816 2270 1148 2308 PECUNIARIIS
1173 2271 1373 2308 OMNINO
1396 2271 1499 2309 PER
1522 2272 1917 2310 PROCURATORES
1941 2271 2139 2310 CAUSAM
2155 2272 2334 2315 AGANT,

117 2317 247 2354 ITEM
274 2317 334 2353 IN
365 2315 516 2354 CAUSA
547 2316 864 2353 INIURIARUM
894 2315 1263 2353 CRIMINALITER
1293 2317 1429 2354 MOTA
1460 2317 1737 2354 SECUNDUM
1763 2316 2119 2354 PRIVILEGIUM
2145 2317 2219 2354 IIS
2249 2319 2330 2355 DA-

217 2361 323 2399 TUM
327 2376 340 2405 ;
377 2360 697 2399 CLARISSIMIS
718 2361 895 2399 AUTEM
915 2360 1491 2445 LffffdifflvffRfssRASsffig}
1507 2362 1611 2400 PER
1632 2362 2028 2400 PROCURATORES
2051 2362 2235 2399 OAUSAS

200 2464 302 2502 Idem
325 2458 510 2511 Auqustus
533 2461 693 2500 Iohanni
713 2463 975 2510 gloriosissimo
993 2463 1188 2544 gaugiacum
1210 2463 1408 2545 pgaetqrio·
1417 2475 1491 2511 per
1516 2463 1695 2502 Orientem
1717 2465 1865 2508 iterum,
1893 2464 2084 2503 exconsuli
2108 2465 2252 2502 consuli

1173 2520 1194 2544 o
1216 2521 1236 2546 e
1267 2520 1323 2556 pa
1339 2520 1441 2545 moto.

251 2578 511 2624 Praefatio.
558 2575 809 2623 Quaecumque
832 2575 982 2612 honoris
1005 2576 1146 2622 quidem
1169 2580 1205 2612 et
1220 2577 1366 2622 formae
1388 2577 1549 2613 melioris
1572 2587 1682 2612 causa
1698 2578 1850 2624 prolata
1868 2581 1968 2620 sunt,
2000 2578 2102 2624 atqui
2126 2578 2225 2625 quod
2250 2578 2332 2616 inde

117 2626 233 2662 evenit
254 2636 327 2660 non
351 2623 533 2665 honorem,
556 2622 620 2658 sed
636 2622 738 2668 forte
763 2621 853 2657 adeo
872 2621 1041 2657 damnum
1064 2621 1246 2668 quoddam
1270 2622 1425 2669 confert,
1449 2634 1493 2658 ea
1509 2633 1586 2669 par
1604 2633 1681 2658 esse
1699 2623 1949 2659 existimamus
1972 2622 2069 2660 brevi
2092 2623 2171 2670 leqe
2188 2635 2330 2660 sanare.

119 2672 260 2707 Dictum
290 2670 383 2705 enim
411 2671 466 2704 est
493 2668 531 2703 in
554 2667 766 2714 quibusdam
790 2666 1125 2710 constitutionibus,
1156 2667 1248 2703 nulli
1279 2678 1327 2704 ex
1356 2668 1565 2704 clarissimis
1597 2667 1705 2704 licere
1729 2679 1803 2715 per
1833 2679 1872 2704 se
1894 2668 2011 2715 ipsum
2042 2679 2186 2705 causam
2211 2681 2332 2716 aqere,

117 2716 181 2753 sed
202 2715 346 2752 omnino
366 2725 437 2762 per
485 2717 742 2749 rocuratorem.
798 2712 930 2748 Verum
953 2711 1022 2747 hoc
1044 2711 1188 2764 quidem
1210 2712 1411 2759 antiquitas
1433 2713 1471 2748 in
1495 2712 1666 2749 honorem
1689 2713 1909 2760 diqnitatum
1933 2714 2166 2761 conscrvspsit:
2202 2715 2334 2752 multos

118 2765 237 2798 autem
258 2760 416 2796 videmus
463 2758 635 2805 iqnitates
656 2757 797 2805 quidem
822 2757 975 2804 adeptos
998 2760 1035 2793 et
1052 2760 1146 2793 mter
1169 2757 1388 2794 clarissimos
1412 2762 1476 2794 aut
1498 2759 1646 2795 comites
1667 2763 1734 2795 aut
1752 2758 1914 2795 tribunos
1937 2763 2001 2795 aut
2023 2759 2056 2795 si
2075 2759 2140 2806 qui
2161 2760 2227 2795 alii
2248 2766 2334 2797 sunt

118 2808 194 2844 eius
215 2806 359 2851 qeneris
381 2805 593 2851 inscriptos,
623 2803 687 2839 sed
707 2803 847 2839 eosdem
870 2803 1060 2839 mediocris
1082 2802 1306 2839 substantiae
1336 2803 1501 2840 dominos
1524 2814 1617 2847 esse,
1649 2808 1690 2840 ut
1721 2805 1866 2841 omnino
1897 2815 1971 2841 non
2003 2804 2148 2841 valeant
2177 2805 2227 2842 ad
2246 2817 2333 2854 pro-

119 2856 321 2888 curatorem
344 2849 600 2886 instituendum
623 2853 659 2884 et
680 2852 845 2895 sumptus
860 2852 1062 2895 propterea
1106 2848 1283 2884 aciendos.

251 2897 280 2932 Ι.
328 2894 516 2932 Sane-imus
539 2895 652 2941 iqitur
675 2898 717 2929 ut
739 2904 852 2941 usque
876 2893 925 2929 ad
947 2893 1071 2941 maqni
1098 2894 1319 2930 centissimos
1341 2894 1502 2930 illustres
1523 2893 1592 2930 hoc
1614 2894 1743 2938 valeat,
1775 2895 1873 2942 iique
1896 2895 2041 2932 omnino
2059 2906 2132 2943 per
2150 2907 2332 2944 procura-

121 2948 232 2979 torem
250 2941 485 2989 pecuniarias
509 2945 623 2986 aqant
646 2950 792 2982 causas,
824 2950 890 2975 nec
912 2939 1030 2975 minus
1059 2939 1168 2975 etiam
1199 2950 1345 2976 eausam
1374 2939 1591 2975 iniuriarum
1623 2940 1803 2976 criminali
1833 2940 1940 2977 modo
1998 2952 2036 2977 er
2058 2947 2333 2988 procuratorem

119 2992 283 3024 moveant
310 2986 504 3022 secundum
527 2984 761 3031 privileqium
791 2984 882 3032 ipsis
905 2984 950 3020 de
980 2995 1023 3020 ea
1045 2984 1189 3028 datum,
1220 2996 1266 3021 ne
1297 2989 1361 3021 aut
1389 2995 1468 3020 cum
1499 2984 1771 3031 maqistratibus
1798 2985 1883 3021 dum
1914 2987 1952 3022 iu
1978 2986 2077 3023 icant
2107 2998 2182 3023 una
2210 2988 2334 3025 sedere

122 3049 2319 3061 Μ

166 3090 285 3123 2rubr.
301 3083 411 3120 “Hora
434 3088 493 3121 ἐπὶ
516 3088 584 3130 μὲν
607 3087 685 3120 τῶν
706 3084 847 3120 ἰλλουστ
871 3089 938 3120 ι’ων
958 3087 999 3120 ἐν
1018 3088 1091 3120 τοῖς
1113 3100 1194 3132 χρη·
1263 3086 1432 3121 ἐντολέως
1457 3088 1505 3120 Be*
1534 3086 1546 3131 ΙΙ
1577 3089 1618 3121 29
1643 3084 1696 3120 δι’
1722 3085 1903 3129 ἐντολέως]
1939 3099 1994 3130 per
2018 3092 2246 3130 procuratores
2269 3104 2288 3127 ς
2320 3087 2333 3137 ΙΙ

120 3134 280 3178 ματικοῖς
303 3129 354 3165 δι’
373 3131 543 3165 §molem
566 3129 713 3165 πάντως
736 3129 837 3178 λέγεσ
871 3144 908 3165 αι
930 3130 993 3165 τὰς
1013 3128 1112 3165 δίκας
1135 3135 1195 3165 καὶ
1262 3134 1305 3167 30
1329 3131 1395 3175 τὴν
1419 3130 1646 3179 ἰνιουράρουμ
1670 3134 1710 3166 Μ
1747 3130 1815 3176 τὴν
1839 3133 2068 3166 imovriariiim
2091 3135 2125 3168 L
2162 3133 2228 3177 τὴν
2251 3140 2334 3182 περὶ

121 3177 166 3212 τὰ
189 3177 266 3220 ἑξῆς
288 3177 364 3211 Atk.
404 3177 493 3223 Περὶ
522 3174 778 3221 ἀξιωματικῶν
802 3174 1048 3220 δικαζομένων
1073 3178 1193 3211 Theod.
1261 3178 1322 3220 τῆς
1345 3178 1418 3220 (τῆς
1438 3191 1495 3211 om.
1508 3178 1559 3211 13³
1569 3178 1655 3221 Ecl.)
1677 3172 1814 3222 ὕβρεως
1836 3179 1872 3211 Β
1889 3178 1902 3221 ΙΙ
1917 3174 1977 3211 διά
1993 3178 2058 3212 τοῦ
2077 3177 2246 3214 §molem
2259 3174 2334 3226 B⁶fl

122 3226 170 3258 De
199 3222 384 3266 privilegiis
415 3223 618 3264 dignitatum
651 3223 720 3255 sive
755 3223 795 3255 do
826 3222 1098 3265 procuratoribus
1129 3223 1193 3256 Iul.
1262 3225 1303 3259 31
1330 3220 1520 3266 διδόμενον
1543 3223 1617 3257 Ecl.
1644 3225 1655 3266 ss
1688 3218 1827 3257 τούτοις
1850 3223 1923 3257 Ecl.
1951 3222 1964 3266 ΙΙ
1993 3224 2036 3257 32
2056 3223 2267 3271 προνόμιον]
2291 3229 2333 3270 cf.

122 3271 223 3315 (Περὶ
248 3265 480 3314 ἰλλουστρίων
503 3265 613 3311 νεαρὰ
635 3264 690 3301 οα’
704 3268 803 3303 schol.
816 3267 877 3309 B⁸)
894 3267 907 3311 ΙΙ
930 3269 952 3302 4
975 3268 1035 3311 τῆς
1055 3268 1100 3310 L]
1124 3269 1196 3301 τοῖς
1267 3270 1343 3303 Cod.
1358 3271 1389 3311 9,
1404 3276 1491 3312 35,11

122 3316 168 3349 M
176 3314 189 3359 ss
218 3313 416 3348 tviuriarum
429 3314 462 3346 L
486 3308 727 3358 ινιουριάρουμ.
751 3313 796 3346 Μ
815 3312 828 3357 ΙΙ
855 3314 873 3346 7
892 3315 953 3346 καὶ
976 3309 1028 3346 δι’
1055 3311 1196 3347 ἑαυτῶν

123 3371 180 3394 σιη-
193 3361 226 3393 L
243 3358 256 3404 ss
275 3361 314 3393 10
339 3355 482 3405 ἐπάρχῳ
496 3359 585 3399 Actu]
609 3354 759 3403 ὑπάρχω
773 3358 845 3391 ML
862 3357 875 3402 ΙΙ
894 3360 932 3392 11
960 3361 1195 3405 πραιτωρίων

124 3406 226 3450 om.L
244 3405 256 3448 ΙΙ
279 3401 407 3447 ὑπάτῳ
433 3417 491 3437 om.
506 3404 538 3437 L
555 3403 567 3447 ΙΙ
593 3406 632 3438 15
656 3405 715 3436 καὶ
739 3403 802 3445 Le]
828 3416 885 3437 om.
900 3403 947 3437 M
964 3403 976 3447 ΙΙ
1004 3405 1044 3438 16
1066 3404 1193 3445 ταῦτα]
1311 3406 1326 3438 1
1352 3402 1392 3447 151
1417 3403 1526 3435 omnia
1550 3401 1683 3435 LXX-I
1707 3402 1763 3446 Vss
1779 3404 1797 3436 5
1823 3406 2068 3446 procuratorem
2093 3405 2239 3450 Rvuly.]
2259 3418 2334 3450 pro-

124 3451 186 3494 hoc
210 3462 228 3487 ς
244 3450 257 3495 ΙΙ
274 3447 388 3496 βραχὺ
411 3449 457 3482 Μ
466 3448 479 3493 ΙΙ
505 3451 543 3484 17
569 3458 642 3482 τισι
665 3448 742 3482 τῶν
767 3445 978 3489 διατάξεων]
1003 3451 1046 3492 cs:
1071 3450 1148 3483 cod.
1164 3451 1195 3491 2,
1262 3450 1429 3482 curatores
1449 3448 1483 3481 V
1502 3447 1515 3491 ΙΙ
1538 3447 1667 3480 dicatur
1687 3448 1787 3492 vulq]
1812 3448 1965 3482 dicantur
1986 3450 2020 3484 V
2037 3452 2071 3483 et
2090 3450 2243 3486 dicantur
2267 3453 2301 3485 R
2322 3451 2335 3503 ss

125 3496 279 3538 12(13)‚25
292 3495 304 3534 ΙΙ
321 3497 361 3530 18
376 3494 518 3536 ἐξεῖναι]
532 3493 592 3536 ἐξῆ
604 3494 703 3527 καὶΙὶ
716 3492 727 3538 ΙΙ
742 3495 782 3528 19
794 3493 913 3536 τοῦτο]
926 3494 1006 3527 haec
1019 3492 1063 3540 ςΙΙ
1075 3495 1114 3529 21
1129 3495 1196 3539 μὲν
1264 3495 1285 3528 6
1308 3493 1406 3527 claris
1427 3493 1477 3527 V¹
1497 3492 1508 3536 ΙΙ
1526 3495 1543 3527 ’1
1570 3493 1718 3535 *causis1
1743 3494 1788 3526 eis
1811 3494 1888 3527 RV
1900 3495 1912 3535 ΙΙ
1930 3496 1971 3529 10
1994 3494 2087 3528 Idem
2111 3499 2209 3540 Aug]
2234 3498 2333 3541 Impr.

128 3552 184 3574 om.
198 3541 230 3574 L
253 3541 266 3584 ΙΙ
294 3542 337 3575 22
360 3536 503 3584 κόμισιν
523 3540 554 3573 L
579 3538 591 3585 ΙΙ
621 3541 662 3573 27
684 3540 877 3581 τοίνυνΜ]
907 3531 971 3573 οὗν
994 3540 1037 3582 L,
1053 3553 1111 3573 om.
1126 3540 1161 3574 B
1184 3539 1197 3586 ΙΙ
1264 3542 1303 3573 Δ.
1319 3540 1352 3573 R
1370 3537 1386 3604 ll
1398 3548 1484 3571 cons.
1506 3538 1551 3580 V]
1575 3539 1785 3572 constantino
1799 3539 1831 3571 R
1846 3537 1859 3583 ΙΙ
1886 3540 1926 3574 16
1946 3540 2064 3574 haberi
2075 3541 2125 3575 Β*
2141 3541 2154 3586 ΙΙ
2180 3543 2222 3577 18
2236 3542 2337 3576 liceat

127 3585 193 3628 μὲν
206 3587 262 3627 Μ]
287 3599 345 3620 om.
357 3587 427 3620 LB
436 3586 480 3628 (ς)
498 3585 510 3629 ΙΙ
535 3587 577 3620 28
597 3582 830 3631 ἰλλουστρίων
850 3583 1027 3627 ΜῙιΒθΐς]
1051 3583 1195 3632 συγκλη-
1265 3598 1323 3619 om.
1336 3584 1370 3618 R
1401 3583 1406 3627 Ι
1439 3584 1481 3618 20
1501 3584 1581 3616 haec
1601 3583 1648 3626 V]
1672 3585 1757 3617 hano
1781 3585 1879 3626 (hanc
1899 3585 1944 3618 ha
1962 3585 2027 3628 Ra)
2050 3586 2085 3619 R
2097 3588 2153 3629 aL,
2176 3588 2240 3621 hoc
2263 3590 2335 3622 edd.

128 3630 240 3663 τικῶν
252 3632 380 3665 ΒοΕοί.
399 3631 412 3675 ΙΙ
427 3631 546 3673 τοῦτο]
560 3632 639 3664 haec
653 3641 672 3667 ς
687 3629 824 3709 '‘im-'w
839 3631 983 3675 κρατεῖν
995 3631 1054 3663 καὶ
1066 3644 1123 3665 om.
1137 3631 1173 3665 B
1185 3629 1197 3676 ΙΙ
1265 3631 1389 3674 aliquot
1413 3628 1419 3674 Ι
1445 3630 1486 3663 21
1509 3628 1761 3673 conscripsimus
1782 3629 1814 3663 V
1830 3628 1842 3674 ΙΙ
1870 3630 1913 3663 22
1936 3630 2105 3674 ademptos
2127 3632 2202 3667 RV
2218 3634 2232 3678 ΙΙ
2257 3644 2335 3667 con-

130 3671 237 3708 αὖτοῦ
250 3676 298 3709 L¹
321 3676 334 3721 fl
358 3677 400 3711 28
412 3689 459 3720 sq.
483 3672 608 3710 αὐτοῦς
625 3696 668 3700 -
711 3678 797 3717 ίκας]
828 3674 877 3719 μὴ
900 3672 951 3708 δι’
973 3674 1113 3710 ἑαυτῶν
1137 3673 1197 3709 αὗ-
1264 3676 1404 3719 scriptos
1425 3674 1549 3719 131124
1571 3676 1630 3708 aut
1652 3675 1687 3708 R
1701 3674 1714 3720 ΙΙ
1732 3677 1775 3710 30
1799 3675 1868 3717 per]
1894 3685 1954 3718 pro
1976 3687 2036 3721 per
2057 3677 2109 3711 Ra
2125 3677 2139 3723 ΙΙ
2155 3679 2196 3714 31
2222 3678 2335 3712 datum

130 3717 211 3754 τοὺς
243 3719 304 3755 τὰς
336 3719 551 3768 χρηματικὰς
586 3718 833 3768 ἀγωνίζεσθαι
868 3717 986 3764 δίκας,
1021 3718 1112 3756 ἀλλὰ
1143 3717 1193 3755 δι’
1266 3723 1327 3763 est]
1350 3719 1532 3754 secundum
1553 3720 1643 3763 quod
1661 3721 1738 3756 add.
1751 3721 1802 3754 Ra
1823 3720 1838 3765 ss
1860 3719 1906 3754 eis
1928 3722 2061 3768 one-R!
2085 3722 2161 3767 1100]
2183 3724 2265 3758 haec
2284 3725 2337 3760 γ’*
