<?xml version="1.0" encoding="UTF-8"?>
<!DOCTYPE html PUBLIC "-//W3C//DTD XHTML 1.0 Transitional//EN"
    "http://www.w3.org/TR/xhtml1/DTD/xhtml1-transitional.dtd">
<html xmlns="http://www.w3.org/1999/xhtml" xml:lang="en" lang="en">
 <head>
  <title>
</title>
<meta http-equiv="Content-Type" content="text/html;charset=utf-8" />
  <meta name='ocr-system' content='tesseract 3.04.00' />
  <meta name='ocr-capabilities' content='ocr_page ocr_carea ocr_par ocr_line ocrx_word'/>
</head>
<body>
  <div class='ocr_page' id='page_1' title='image "./corpusiuriscivil03krueuoft_0431.png"; bbox 0 0 2618 4010; ppageno 0'>
   <div class='ocr_carea' id='block_1_1' title="bbox 149 137 620 174">
    <p class='ocr_par' dir='ltr' id='par_1_1' title="bbox 149 137 620 174">
     <span class='ocr_line' id='line_1_1' title="bbox 149 137 620 174; baseline -0.002 -3"><span class='ocrx_word' id='word_1_1' title='bbox 149 140 208 171; x_wconf 76' lang='lat' dir='ltr'><strong>ET</strong></span> <span class='ocrx_word' id='word_1_2' title='bbox 236 141 297 174; x_wconf 70' lang='grc' dir='ltr'><strong>ΠΤ</strong></span> <span class='ocrx_word' id='word_1_3' title='bbox 323 137 620 172; x_wconf 70' lang='lat' dir='ltr'>NULLATENUS</span> 
     </span>
    </p>
   </div>
   <div class='ocr_carea' id='block_1_2' title="bbox 129 235 1227 648">
    <p class='ocr_par' dir='ltr' id='par_1_2' title="bbox 129 235 1227 648">
     <span class='ocr_line' id='line_1_2' title="bbox 129 235 1226 294; baseline 0.001 -22"><span class='ocrx_word' id='word_1_4' title='bbox 129 240 191 273; x_wconf 81' lang='grc' dir='ltr'><strong>-ἐκ</strong></span> <span class='ocrx_word' id='word_1_5' title='bbox 221 240 299 275; x_wconf 83' lang='grc' dir='ltr'><strong>τῶν</strong></span> <span class='ocrx_word' id='word_1_6' title='bbox 329 237 456 283; x_wconf 84' lang='grc' dir='ltr'><strong><em>νόμων</em></strong></span> <span class='ocrx_word' id='word_1_7' title='bbox 487 235 729 294; x_wconf 62' lang='grc' dir='ltr'><strong><em>ὑφηγούμενοι</em></strong></span> <span class='ocrx_word' id='word_1_8' title='bbox 759 243 819 274; x_wconf 84' lang='grc' dir='ltr'><strong>καὶ</strong></span> <span class='ocrx_word' id='word_1_9' title='bbox 849 237 914 275; x_wconf 85' lang='grc' dir='ltr'><strong>τὰς</strong></span> <span class='ocrx_word' id='word_1_10' title='bbox 942 236 1109 283; x_wconf 74' lang='grc' dir='ltr'><strong><em>ἀσχολίας</em></strong></span> <span class='ocrx_word' id='word_1_11' title='bbox 1139 235 1226 274; x_wconf 77' lang='grc' dir='ltr'><strong><em>ἅνα-</em></strong></span> 
     </span>
     <span class='ocr_line' id='line_1_3' title="bbox 151 283 1224 333; baseline -0.001 -14"><span class='ocrx_word' id='word_1_12' title='bbox 151 284 369 331; x_wconf 84' lang='grc' dir='ltr'><strong><em>πληροῢντες</em></strong></span> <span class='ocrx_word' id='word_1_13' title='bbox 390 284 454 319; x_wconf 84' lang='grc' dir='ltr'><strong>τὰς</strong></span> <span class='ocrx_word' id='word_1_14' title='bbox 474 297 608 327; x_wconf 87' lang='grc' dir='ltr'><strong><em>αυτων,</em></strong></span> <span class='ocrx_word' id='word_1_15' title='bbox 634 283 828 331; x_wconf 73' lang='grc' dir='ltr'><em>ἐπειδήπερ</em></span> <span class='ocrx_word' id='word_1_16' title='bbox 852 283 998 320; x_wconf 86' lang='grc' dir='ltr'><strong><em>πολλαῖς</em></strong></span> <span class='ocrx_word' id='word_1_17' title='bbox 1021 298 1120 333; x_wconf 83' lang='grc' dir='ltr'><strong><em>περιε</em></strong></span> <span class='ocrx_word' id='word_1_18' title='bbox 1143 283 1224 329; x_wconf 83' lang='grc' dir='ltr'><strong><em>όμε-</em></strong></span> 
     </span>
     <span class='ocr_line' id='line_1_4' title="bbox 151 299 1222 376; baseline 0 -12"><span class='ocrx_word' id='word_1_19' title='bbox 151 344 208 364; x_wconf 87' lang='grc' dir='ltr'><strong>νοι</strong></span> <span class='ocrx_word' id='word_1_20' title='bbox 232 333 421 376; x_wconf 77' lang='grc' dir='ltr'><strong><em>φροντίσιν</em></strong></span> <span class='ocrx_word' id='word_1_21' title='bbox 450 326 491 364; x_wconf 70' lang='grc' dir='ltr'><strong><em>ἃς</em></strong></span> <span class='ocrx_word' id='word_1_22' title='bbox 515 325 579 376; x_wconf 70' lang='grc' dir='ltr'><strong>ὑφ’</strong></span> <span class='ocrx_word' id='word_1_23' title='bbox 606 326 693 375; x_wconf 82' lang='grc' dir='ltr'><strong><em>ἡμῖν</em></strong></span> <span class='ocrx_word' id='word_1_24' title='bbox 716 332 857 373; x_wconf 74' lang='grc' dir='ltr'><strong><em>ἔχουσιν</em></strong></span> <span class='ocrx_word' id='word_1_25' title='bbox 879 330 1026 365; x_wconf 76' lang='grc' dir='ltr'><strong><em>εἰκότως</em></strong></span> <span class='ocrx_word' id='word_1_26' title='bbox 1055 331 1097 365; x_wconf 60' lang='lat' dir='ltr'><strong>‘to</strong></span> <span class='ocrx_word' id='word_1_27' title='bbox 1121 299 1222 365; x_wconf 58' lang='grc' dir='ltr'><strong><em>δικα-</em></strong></span> 
     </span>
     <span class='ocr_line' id='line_1_5' title="bbox 151 372 1227 423; baseline 0.001 -14"><span class='ocrx_word' id='word_1_28' title='bbox 151 377 278 410; x_wconf 81' lang='grc' dir='ltr'><strong><em>σιικον</em></strong></span> <span class='ocrx_word' id='word_1_29' title='bbox 301 372 548 420; x_wconf 68' lang='grc' dir='ltr'><strong><em>ἀναπληροῦσι</em></strong></span> <span class='ocrx_word' id='word_1_30' title='bbox 571 378 674 420; x_wconf 76' lang='grc' dir='ltr'><strong><em>μέρος</em></strong></span> <span class='ocrx_word' id='word_1_31' title='bbox 697 377 740 423; x_wconf 82' lang='grc' dir='ltr'><strong>τῇ</strong></span> <span class='ocrx_word' id='word_1_32' title='bbox 771 378 849 411; x_wconf 82' lang='grc' dir='ltr'><strong>τῶν</strong></span> <span class='ocrx_word' id='word_1_33' title='bbox 872 378 1016 411; x_wconf 81' lang='grc' dir='ltr'><strong><em>οἰκείων</em></strong></span> <span class='ocrx_word' id='word_1_34' title='bbox 1046 379 1227 422; x_wconf 76' lang='grc' dir='ltr'><strong><em>παρουσίᾳ</em></strong></span> 
     </span>
     <span class='ocr_line' id='line_1_6' title="bbox 151 418 1225 467; baseline 0.001 -13"><span class='ocrx_word' id='word_1_35' title='bbox 151 419 361 466; x_wconf 81' lang='grc' dir='ltr'><strong><em>παρέδρων·</em></strong></span> <span class='ocrx_word' id='word_1_36' title='bbox 394 419 430 454; x_wconf 86' lang='grc' dir='ltr'><strong>οἱ</strong></span> <span class='ocrx_word' id='word_1_37' title='bbox 452 418 492 454; x_wconf 75' lang='grc' dir='ltr'><strong>δὲ</strong></span> <span class='ocrx_word' id='word_1_38' title='bbox 513 419 596 454; x_wconf 81' lang='grc' dir='ltr'><strong><em>οὔτε</em></strong></span> <span class='ocrx_word' id='word_1_39' title='bbox 626 418 738 467; x_wconf 78' lang='grc' dir='ltr'><strong><em>ἀρχὴν</em></strong></span> <span class='ocrx_word' id='word_1_40' title='bbox 768 424 906 465; x_wconf 72' lang='grc' dir='ltr'><strong><em>ἔχοντες</em></strong></span> <span class='ocrx_word' id='word_1_41' title='bbox 935 420 1018 456; x_wconf 77' lang='grc' dir='ltr'><strong><em>οὔτε</em></strong></span> <span class='ocrx_word' id='word_1_42' title='bbox 1042 418 1127 466; x_wconf 82' lang='grc' dir='ltr'><strong><em>ἡμῖν</em></strong></span> <span class='ocrx_word' id='word_1_43' title='bbox 1158 418 1225 456; x_wconf 78' lang='grc' dir='ltr'><strong><em>ὑπ-</em></strong></span> 
     </span>
     <span class='ocr_line' id='line_1_7' title="bbox 150 465 1226 513; baseline 0.001 -14"><span class='ocrx_word' id='word_1_44' title='bbox 150 466 378 510; x_wconf 87' lang='grc' dir='ltr'><strong><em>ηρετούμενοι</em></strong></span> <span class='ocrx_word' id='word_1_45' title='bbox 401 466 432 499; x_wconf 78' lang='grc' dir='ltr'><strong>εἰ</strong></span> <span class='ocrx_word' id='word_1_46' title='bbox 454 465 503 508; x_wconf 86' lang='grc' dir='ltr'><strong>μὴ</strong></span> <span class='ocrx_word' id='word_1_47' title='bbox 531 465 695 508; x_wconf 78' lang='grc' dir='ltr'><strong><em>μέλλοιεν</em></strong></span> <span class='ocrx_word' id='word_1_48' title='bbox 718 467 868 502; x_wconf 79' lang='grc' dir='ltr'><strong><em>οἴκοθεν</em></strong></span> <span class='ocrx_word' id='word_1_49' title='bbox 887 468 977 513; x_wconf 87' lang='grc' dir='ltr'><strong><em>γοῦν</em></strong></span> <span class='ocrx_word' id='word_1_50' title='bbox 1000 467 1226 502; x_wconf 81' lang='grc' dir='ltr'><strong><em>ἐπίστασθαι</em></strong></span> 
     </span>
     <span class='ocr_line' id='line_1_8' title="bbox 153 506 1225 558; baseline 0.003 -15"><span class='ocrx_word' id='word_1_51' title='bbox 153 511 193 543; x_wconf 75' lang='grc' dir='ltr'><strong><em>τὸ</em></strong></span> <span class='ocrx_word' id='word_1_52' title='bbox 212 508 362 550; x_wconf 76' lang='grc' dir='ltr'><strong><em>δίκαιον,</em></strong></span> <span class='ocrx_word' id='word_1_53' title='bbox 386 506 468 544; x_wconf 70' lang='grc' dir='ltr'><strong><em>ἀλλ’</em></strong></span> <span class='ocrx_word' id='word_1_54' title='bbox 486 511 671 556; x_wconf 75' lang='grc' dir='ltr'><strong><em>ἑτέρωθεν</em></strong></span> <span class='ocrx_word' id='word_1_55' title='bbox 695 512 930 558; x_wconf 82' lang='grc' dir='ltr'><strong><em>ἐρανίζεσθαι</em></strong></span> <span class='ocrx_word' id='word_1_56' title='bbox 953 511 1022 556; x_wconf 86' lang='grc' dir='ltr'><strong>τὴν</strong></span> <span class='ocrx_word' id='word_1_57' title='bbox 1043 514 1108 546; x_wconf 83' lang='grc' dir='ltr'><strong>τοῦ</strong></span> <span class='ocrx_word' id='word_1_58' title='bbox 1127 510 1225 546; x_wconf 88' lang='grc' dir='ltr'><strong><em>δικά-</em></strong></span> 
     </span>
     <span class='ocr_line' id='line_1_9' title="bbox 152 552 1226 604; baseline 0.002 -16"><span class='ocrx_word' id='word_1_59' title='bbox 152 557 227 597; x_wconf 83' lang='grc' dir='ltr'><strong><em>ζειν</em></strong></span> <span class='ocrx_word' id='word_1_60' title='bbox 250 552 527 599; x_wconf 75' lang='grc' dir='ltr'><strong><em>εὐσχημοσύνην,</em></strong></span> <span class='ocrx_word' id='word_1_61' title='bbox 552 558 629 591; x_wconf 83' lang='grc' dir='ltr'><strong><em>πῶς</em></strong></span> <span class='ocrx_word' id='word_1_62' title='bbox 649 554 690 591; x_wconf 82' lang='grc' dir='ltr'><strong>οὖ</strong></span> <span class='ocrx_word' id='word_1_63' title='bbox 707 560 878 604; x_wconf 85' lang='grc' dir='ltr'><strong><em>μέγιστον</em></strong></span> <span class='ocrx_word' id='word_1_64' title='bbox 901 558 1009 591; x_wconf 81' lang='grc' dir='ltr'><strong><em>τοῦτο</em></strong></span> <span class='ocrx_word' id='word_1_65' title='bbox 1034 556 1226 601; x_wconf 76' lang='grc' dir='ltr'><strong><em>ἐλάττωμα</em></strong></span> 
     </span>
     <span class='ocr_line' id='line_1_10' title="bbox 150 598 1226 648; baseline 0.002 -14"><span class='ocrx_word' id='word_1_66' title='bbox 150 600 332 635; x_wconf 75' lang='grc' dir='ltr'><strong><em>πολιτείας</em></strong></span> <span class='ocrx_word' id='word_1_67' title='bbox 361 598 409 635; x_wconf 74' lang='grc' dir='ltr'><strong>ἄν</strong></span> <span class='ocrx_word' id='word_1_68' title='bbox 441 601 494 644; x_wconf 85' lang='grc' dir='ltr'><strong>εἴη</strong></span> <span class='ocrx_word' id='word_1_69' title='bbox 523 602 566 634; x_wconf 88' lang='grc' dir='ltr'><strong>τὸ</strong></span> <span class='ocrx_word' id='word_1_70' title='bbox 593 602 642 645; x_wconf 87' lang='grc' dir='ltr'><strong>μὴ</strong></span> <span class='ocrx_word' id='word_1_71' title='bbox 672 605 746 636; x_wconf 87' lang='grc' dir='ltr'><strong><em>τοῖς</em></strong></span> <span class='ocrx_word' id='word_1_72' title='bbox 777 599 940 636; x_wconf 79' lang='grc' dir='ltr'><strong><em>αὐτόθεν</em></strong></span> <span class='ocrx_word' id='word_1_73' title='bbox 969 602 1012 635; x_wconf 87' lang='grc' dir='ltr'><strong>τὸ</strong></span> <span class='ocrx_word' id='word_1_74' title='bbox 1046 605 1226 648; x_wconf 76' lang='grc' dir='ltr'><strong><em>πρακτέον</em></strong></span> 
     </span>
    </p>
   </div>
   <div class='ocr_carea' id='block_1_3' title="bbox 1214 124 1307 172">
    <p class='ocr_par' dir='ltr' id='par_1_3' title="bbox 1214 124 1307 172">
     <span class='ocr_line' id='line_1_11' title="bbox 1214 124 1307 172; baseline 0 0"><span class='ocrx_word' id='word_1_75' title='bbox 1214 124 1307 172; x_wconf 82' lang='grc'><strong>401</strong></span> 
     </span>
    </p>
   </div>
   <div class='ocr_carea' id='block_1_4' title="bbox 1971 125 2363 170">
    <p class='ocr_par' dir='ltr' id='par_1_4' title="bbox 1971 125 2363 170">
     <span class='ocr_line' id='line_1_12' title="bbox 1971 125 2363 170; baseline -0.005 0"><span class='ocrx_word' id='word_1_76' title='bbox 1971 125 2012 170; x_wconf 90' lang='lat' dir='ltr'>N</span> <span class='ocrx_word' id='word_1_77' title='bbox 2014 138 2079 170; x_wconf 88' lang='lat' dir='ltr'><strong>ov.</strong></span> <span class='ocrx_word' id='word_1_78' title='bbox 2110 125 2313 169; x_wconf 92' lang='lat' dir='ltr'>LXXXII</span> <span class='ocrx_word' id='word_1_79' title='bbox 2344 129 2363 168; x_wconf 91' lang='lat'>1</span> 
     </span>
    </p>
   </div>
   <div class='ocr_carea' id='block_1_5' title="bbox 1293 237 2368 421">
    <p class='ocr_par' dir='ltr' id='par_1_5' title="bbox 1293 237 2368 421">
     <span class='ocr_line' id='line_1_13' title="bbox 1295 237 2367 284; baseline -0.001 -10"><span class='ocrx_word' id='word_1_80' title='bbox 1295 239 1401 275; x_wconf 87' lang='lat' dir='ltr'><strong>etiam</strong></span> <span class='ocrx_word' id='word_1_81' title='bbox 1424 248 1634 281; x_wconf 80' lang='lat' dir='ltr'>assessores,</span> <span class='ocrx_word' id='word_1_82' title='bbox 1660 240 1697 275; x_wconf 91' lang='lat' dir='ltr'><strong>et</strong></span> <span class='ocrx_word' id='word_1_83' title='bbox 1717 248 1758 274; x_wconf 87' lang='lat' dir='ltr'><strong>ea</strong></span> <span class='ocrx_word' id='word_1_84' title='bbox 1782 248 1874 284; x_wconf 90' lang='lat' dir='ltr'><strong>quae</strong></span> <span class='ocrx_word' id='word_1_85' title='bbox 1896 238 2014 283; x_wconf 84' lang='lat' dir='ltr'><strong>legum</strong></span> <span class='ocrx_word' id='word_1_86' title='bbox 2042 241 2126 274; x_wconf 89' lang='lat' dir='ltr'><strong>sunt</strong></span> <span class='ocrx_word' id='word_1_87' title='bbox 2150 237 2367 284; x_wconf 79' lang='lat' dir='ltr'>explicantes</span> 
     </span>
     <span class='ocr_line' id='line_1_14' title="bbox 1294 282 2368 330; baseline -0.002 -10"><span class='ocrx_word' id='word_1_88' title='bbox 1294 288 1330 320; x_wconf 90' lang='lat' dir='ltr'><strong>et</strong></span> <span class='ocrx_word' id='word_1_89' title='bbox 1354 284 1607 330; x_wconf 80' lang='lat' dir='ltr'><strong>occupationes</strong></span> <span class='ocrx_word' id='word_1_90' title='bbox 1628 284 1860 329; x_wconf 79' lang='lat' dir='ltr'>adimplentes</span> <span class='ocrx_word' id='word_1_91' title='bbox 1885 295 2022 327; x_wconf 87' lang='lat' dir='ltr'><strong>eorum,</strong></span> <span class='ocrx_word' id='word_1_92' title='bbox 2056 284 2223 329; x_wconf 88' lang='lat' dir='ltr'><strong>quoniam</strong></span> <span class='ocrx_word' id='word_1_93' title='bbox 2246 282 2368 319; x_wconf 87' lang='lat' dir='ltr'><strong>multis</strong></span> 
     </span>
     <span class='ocr_line' id='line_1_15' title="bbox 1293 328 2367 375; baseline -0.002 -9"><span class='ocrx_word' id='word_1_94' title='bbox 1293 330 1425 366; x_wconf 89' lang='lat' dir='ltr'><strong>detenti</strong></span> <span class='ocrx_word' id='word_1_95' title='bbox 1462 330 1556 366; x_wconf 90' lang='lat' dir='ltr'><strong>curis</strong></span> <span class='ocrx_word' id='word_1_96' title='bbox 1592 340 1681 375; x_wconf 89' lang='lat' dir='ltr'><strong>quas</strong></span> <span class='ocrx_word' id='word_1_97' title='bbox 1717 330 1813 374; x_wconf 90' lang='lat' dir='ltr'><strong>apud</strong></span> <span class='ocrx_word' id='word_1_98' title='bbox 1847 340 1912 365; x_wconf 86' lang='lat' dir='ltr'><strong>nos</strong></span> <span class='ocrx_word' id='word_1_99' title='bbox 1947 330 2090 372; x_wconf 81' lang='lat' dir='ltr'><strong>habent</strong></span> <span class='ocrx_word' id='word_1_100' title='bbox 2115 329 2240 365; x_wconf 90' lang='lat' dir='ltr'><strong>merito</strong></span> <span class='ocrx_word' id='word_1_101' title='bbox 2276 328 2367 364; x_wconf 89' lang='lat' dir='ltr'><strong>iudi-</strong></span> 
     </span>
     <span class='ocr_line' id='line_1_16' title="bbox 1296 374 2368 421; baseline -0.002 -11"><span class='ocrx_word' id='word_1_102' title='bbox 1296 376 1431 411; x_wconf 88' lang='lat' dir='ltr'><strong>ciorum</strong></span> <span class='ocrx_word' id='word_1_103' title='bbox 1470 375 1648 421; x_wconf 86' lang='lat' dir='ltr'><strong>complent</strong></span> <span class='ocrx_word' id='word_1_104' title='bbox 1681 380 1819 420; x_wconf 88' lang='lat' dir='ltr'><strong>partem</strong></span> <span class='ocrx_word' id='word_1_105' title='bbox 1855 386 1919 420; x_wconf 90' lang='lat' dir='ltr'><strong>per</strong></span> <span class='ocrx_word' id='word_1_106' title='bbox 1951 385 2097 410; x_wconf 91' lang='lat' dir='ltr'><strong>suorum</strong></span> <span class='ocrx_word' id='word_1_107' title='bbox 2131 374 2368 420; x_wconf 80' lang='lat' dir='ltr'><strong>praesentiam</strong></span> 
     </span>
    </p>
   </div>
   <div class='ocr_carea' id='block_1_6' title="bbox 1261 420 2367 465">
    <p class='ocr_par' dir='ltr' id='par_1_6' title="bbox 1261 420 2367 465">
     <span class='ocr_line' id='line_1_17' title="bbox 1261 420 2367 465; baseline -0.002 -9"><span class='ocrx_word' id='word_1_108' title='bbox 1261 424 1280 456; x_wconf 88' lang='grc'><strong>5</strong></span> <span class='ocrx_word' id='word_1_109' title='bbox 1294 431 1526 457; x_wconf 82' lang='lat' dir='ltr'><strong>assessorum.</strong></span> <span class='ocrx_word' id='word_1_110' title='bbox 1565 420 1621 456; x_wconf 93' lang='lat' dir='ltr'><strong>Illi</strong></span> <span class='ocrx_word' id='word_1_111' title='bbox 1641 422 1762 456; x_wconf 89' lang='lat' dir='ltr'><strong>autem</strong></span> <span class='ocrx_word' id='word_1_112' title='bbox 1782 430 1896 465; x_wconf 88' lang='lat' dir='ltr'><strong>neque</strong></span> <span class='ocrx_word' id='word_1_113' title='bbox 1915 420 2094 465; x_wconf 84' lang='lat' dir='ltr'><strong>cingulum</strong></span> <span class='ocrx_word' id='word_1_114' title='bbox 2115 420 2287 455; x_wconf 87' lang='lat' dir='ltr'><strong>habentes</strong></span> <span class='ocrx_word' id='word_1_115' title='bbox 2307 428 2367 454; x_wconf 90' lang='lat' dir='ltr'><strong>ne-</strong></span> 
     </span>
    </p>
   </div>
   <div class='ocr_carea' id='block_1_7' title="bbox 1293 465 2370 646">
    <p class='ocr_par' dir='ltr' id='par_1_7' title="bbox 1293 465 2370 646">
     <span class='ocr_line' id='line_1_18' title="bbox 1294 465 2369 511; baseline -0.002 -10"><span class='ocrx_word' id='word_1_116' title='bbox 1294 477 1363 511; x_wconf 90' lang='lat' dir='ltr'><strong>que</strong></span> <span class='ocrx_word' id='word_1_117' title='bbox 1395 466 1498 502; x_wconf 88' lang='lat' dir='ltr'><strong>nobis</strong></span> <span class='ocrx_word' id='word_1_118' title='bbox 1528 465 1768 501; x_wconf 80' lang='lat' dir='ltr'><strong>ministrantes</strong></span> <span class='ocrx_word' id='word_1_119' title='bbox 1803 465 1872 501; x_wconf 89' lang='lat' dir='ltr'><strong>nisi</strong></span> <span class='ocrx_word' id='word_1_120' title='bbox 1902 465 2085 510; x_wconf 88' lang='lat' dir='ltr'><strong>potuerint</strong></span> <span class='ocrx_word' id='word_1_121' title='bbox 2114 474 2178 510; x_wconf 90' lang='lat' dir='ltr'><strong>per</strong></span> <span class='ocrx_word' id='word_1_122' title='bbox 2201 475 2240 500; x_wconf 86' lang='lat' dir='ltr'><strong>se</strong></span> <span class='ocrx_word' id='word_1_123' title='bbox 2263 474 2369 499; x_wconf 89' lang='lat' dir='ltr'><strong>nosse</strong></span> 
     </span>
     <span class='ocr_line' id='line_1_19' title="bbox 1293 509 2370 556; baseline -0.004 -9"><span class='ocrx_word' id='word_1_124' title='bbox 1293 511 1387 556; x_wconf 90' lang='lat' dir='ltr'><strong>quod</strong></span> <span class='ocrx_word' id='word_1_125' title='bbox 1410 511 1543 546; x_wconf 89' lang='lat' dir='ltr'><strong>iustum</strong></span> <span class='ocrx_word' id='word_1_126' title='bbox 1565 513 1635 554; x_wconf 89' lang='lat' dir='ltr'><strong>est,</strong></span> <span class='ocrx_word' id='word_1_127' title='bbox 1670 511 1734 546; x_wconf 90' lang='lat' dir='ltr'><strong>sed</strong></span> <span class='ocrx_word' id='word_1_128' title='bbox 1757 510 1900 546; x_wconf 91' lang='lat' dir='ltr'><strong>aliunde</strong></span> <span class='ocrx_word' id='word_1_129' title='bbox 1933 510 2157 546; x_wconf 86' lang='lat' dir='ltr'><strong>emendicare</strong></span> <span class='ocrx_word' id='word_1_130' title='bbox 2187 509 2370 544; x_wconf 85' lang='lat' dir='ltr'><strong>iudicandi</strong></span> 
     </span>
     <span class='ocr_line' id='line_1_20' title="bbox 1293 554 2367 601; baseline -0.003 -10"><span class='ocrx_word' id='word_1_131' title='bbox 1293 557 1529 599; x_wconf 87' lang='lat' dir='ltr'><strong>honestatem,</strong></span> <span class='ocrx_word' id='word_1_132' title='bbox 1555 556 1730 601; x_wconf 90' lang='lat' dir='ltr'><strong>quomodo</strong></span> <span class='ocrx_word' id='word_1_133' title='bbox 1754 566 1826 591; x_wconf 90' lang='lat' dir='ltr'><strong>non</strong></span> <span class='ocrx_word' id='word_1_134' title='bbox 1850 554 2043 590; x_wconf 88' lang='lat' dir='ltr'><strong>maximum</strong></span> <span class='ocrx_word' id='word_1_135' title='bbox 2067 554 2188 589; x_wconf 86' lang='lat' dir='ltr'><strong>vitium</strong></span> <span class='ocrx_word' id='word_1_136' title='bbox 2209 555 2278 589; x_wconf 90' lang='lat' dir='ltr'><strong>erit</strong></span> <span class='ocrx_word' id='word_1_137' title='bbox 2299 554 2367 589; x_wconf 89' lang='lat' dir='ltr'><strong>rei-</strong></span> 
     </span>
     <span class='ocr_line' id='line_1_21' title="bbox 1319 599 2369 646; baseline -0.004 -9"><span class='ocrx_word' id='word_1_138' title='bbox 1319 602 1460 637; x_wconf 87' lang='lat' dir='ltr'><strong>ublicae</strong></span> <span class='ocrx_word' id='word_1_139' title='bbox 1483 612 1555 637; x_wconf 91' lang='lat' dir='ltr'><strong>non</strong></span> <span class='ocrx_word' id='word_1_140' title='bbox 1580 601 1630 636; x_wconf 88' lang='lat' dir='ltr'><strong>eis</strong></span> <span class='ocrx_word' id='word_1_141' title='bbox 1655 601 1716 646; x_wconf 92' lang='lat' dir='ltr'><strong>qui</strong></span> <span class='ocrx_word' id='word_1_142' title='bbox 1739 611 1784 635; x_wconf 87' lang='lat' dir='ltr'><strong>ex</strong></span> <span class='ocrx_word' id='word_1_143' title='bbox 1805 610 1844 635; x_wconf 93' lang='lat' dir='ltr'><strong>se</strong></span> <span class='ocrx_word' id='word_1_144' title='bbox 1869 599 1963 645; x_wconf 91' lang='lat' dir='ltr'><strong>quod</strong></span> <span class='ocrx_word' id='word_1_145' title='bbox 1986 599 2159 644; x_wconf 87' lang='lat' dir='ltr'><strong>agendum</strong></span> <span class='ocrx_word' id='word_1_146' title='bbox 2184 599 2231 634; x_wconf 92' lang='lat' dir='ltr'><strong>sit</strong></span> <span class='ocrx_word' id='word_1_147' title='bbox 2255 599 2369 634; x_wconf 90' lang='lat' dir='ltr'><strong>sciant</strong></span> 
     </span>
    </p>
   </div>
   <div class='ocr_carea' id='block_1_8' title="bbox 150 643 2368 691">
    <p class='ocr_par' dir='ltr' id='par_1_8' title="bbox 150 643 2368 691">
     <span class='ocr_line' id='line_1_22' title="bbox 150 643 2368 691; baseline 0 -12"><span class='ocrx_word' id='word_1_148' title='bbox 150 648 401 690; x_wconf 78' lang='grc' dir='ltr'><strong><em>ἐπισταμένοις</em></strong></span> <span class='ocrx_word' id='word_1_149' title='bbox 425 644 653 691; x_wconf 66' lang='grc' dir='ltr'><strong><em>παραδοῦναι</em></strong></span> <span class='ocrx_word' id='word_1_150' title='bbox 677 647 741 682; x_wconf 77' lang='grc' dir='ltr'><strong>τὰς</strong></span> <span class='ocrx_word' id='word_1_151' title='bbox 765 646 879 689; x_wconf 76' lang='grc' dir='ltr'><strong><em>δίκας,</em></strong></span> <span class='ocrx_word' id='word_1_152' title='bbox 903 643 986 681; x_wconf 75' lang='grc' dir='ltr'><strong><em>ἀλλ’</em></strong></span> <span class='ocrx_word' id='word_1_153' title='bbox 1006 649 1072 681; x_wconf 73' lang='grc' dir='ltr'><strong>ἐᾶν</strong></span> <span class='ocrx_word' id='word_1_154' title='bbox 1097 645 1225 681; x_wconf 80' lang='grc' dir='ltr'><strong><em>αὐτοὺς</em></strong></span> <span class='ocrx_word' id='word_1_155' title='bbox 1241 650 1280 682; x_wconf 90' lang='grc'><strong>10</strong></span> <span class='ocrx_word' id='word_1_156' title='bbox 1306 647 1373 682; x_wconf 91' lang='lat' dir='ltr'><strong>ites</strong></span> <span class='ocrx_word' id='word_1_157' title='bbox 1396 646 1548 687; x_wconf 85' lang='lat' dir='ltr'><strong>tradere,</strong></span> <span class='ocrx_word' id='word_1_158' title='bbox 1573 645 1637 681; x_wconf 89' lang='lat' dir='ltr'><strong>sed</strong></span> <span class='ocrx_word' id='word_1_159' title='bbox 1661 646 1776 681; x_wconf 91' lang='lat' dir='ltr'><strong>sinere</strong></span> <span class='ocrx_word' id='word_1_160' title='bbox 1797 655 1859 680; x_wconf 89' lang='lat' dir='ltr'><strong>eos</strong></span> <span class='ocrx_word' id='word_1_161' title='bbox 1876 654 2046 690; x_wconf 83' lang='lat' dir='ltr'><strong>quaerere</strong></span> <span class='ocrx_word' id='word_1_162' title='bbox 2069 644 2170 686; x_wconf 86' lang='lat' dir='ltr'><strong>alios,</strong></span> <span class='ocrx_word' id='word_1_163' title='bbox 2194 654 2216 679; x_wconf 84' lang='lat' dir='ltr'><strong>a</strong></span> <span class='ocrx_word' id='word_1_164' title='bbox 2240 644 2368 687; x_wconf 90' lang='lat' dir='ltr'><strong>quibus</strong></span> 
     </span>
    </p>
   </div>
   <div class='ocr_carea' id='block_1_9' title="bbox 149 688 1225 873">
    <p class='ocr_par' dir='ltr' id='par_1_9' title="bbox 149 688 1225 873">
     <span class='ocr_line' id='line_1_23' title="bbox 151 688 1224 738; baseline 0 -13"><span class='ocrx_word' id='word_1_165' title='bbox 151 693 270 734; x_wconf 83' lang='grc' dir='ltr'><strong><em>ζητεῖν</em></strong></span> <span class='ocrx_word' id='word_1_166' title='bbox 293 692 446 737; x_wconf 84' lang='grc' dir='ltr'><strong><em>ἑτέρους,</em></strong></span> <span class='ocrx_word' id='word_1_167' title='bbox 470 689 559 737; x_wconf 67' lang='grc' dir='ltr'><strong><em>παρ’</em></strong></span> <span class='ocrx_word' id='word_1_168' title='bbox 588 692 642 726; x_wconf 79' lang='grc' dir='ltr'><strong>ὠν</strong></span> <span class='ocrx_word' id='word_1_169' title='bbox 665 693 785 734; x_wconf 82' lang='grc' dir='ltr'><strong><em>ἔξεστι</em></strong></span> <span class='ocrx_word' id='word_1_170' title='bbox 803 691 1013 737; x_wconf 72' lang='grc' dir='ltr'><strong><em>μανθάνειν</em></strong></span> <span class='ocrx_word' id='word_1_171' title='bbox 1045 688 1138 738; x_wconf 75' lang='grc' dir='ltr'><strong><em>ἅπερ</em></strong></span> <span class='ocrx_word' id='word_1_172' title='bbox 1162 689 1224 725; x_wconf 76' lang='grc' dir='ltr'><strong>αὗ-</strong></span> 
     </span>
     <span class='ocr_line' id='line_1_24' title="bbox 149 734 1224 785; baseline 0.002 -16"><span class='ocrx_word' id='word_1_173' title='bbox 149 736 231 771; x_wconf 83' lang='grc' dir='ltr'><strong><em>τοὺς</em></strong></span> <span class='ocrx_word' id='word_1_174' title='bbox 245 739 286 772; x_wconf 80' lang='grc' dir='ltr'><strong>ἐν</strong></span> <span class='ocrx_word' id='word_1_175' title='bbox 301 738 354 780; x_wconf 77' lang='grc' dir='ltr'><strong>τῷ</strong></span> <span class='ocrx_word' id='word_1_176' title='bbox 371 741 508 782; x_wconf 85' lang='grc' dir='ltr'><strong><em>κρίνειν</em></strong></span> <span class='ocrx_word' id='word_1_177' title='bbox 531 738 764 785; x_wconf 81' lang='grc' dir='ltr'><strong><em>φθέγγεσθαι</em></strong></span> <span class='ocrx_word' id='word_1_178' title='bbox 781 736 854 779; x_wconf 83' lang='grc' dir='ltr'><strong>δεῖ,·</strong></span> <span class='ocrx_word' id='word_1_179' title='bbox 877 738 995 772; x_wconf 80' lang='grc' dir='ltr'><strong><em>ταῦτα</em></strong></span> <span class='ocrx_word' id='word_1_180' title='bbox 1018 734 1110 781; x_wconf 77' lang='grc' dir='ltr'><strong><em>ἡμᾶς</em></strong></span> <span class='ocrx_word' id='word_1_181' title='bbox 1133 736 1224 771; x_wconf 85' lang='grc' dir='ltr'><strong><em>εἰκό-</em></strong></span> 
     </span>
     <span class='ocr_line' id='line_1_25' title="bbox 149 779 1225 828; baseline 0 -12"><span class='ocrx_word' id='word_1_182' title='bbox 149 793 221 816; x_wconf 88' lang='grc' dir='ltr'><strong>τως</strong></span> <span class='ocrx_word' id='word_1_183' title='bbox 244 783 290 816; x_wconf 83' lang='grc' dir='ltr'><strong>εἰς</strong></span> <span class='ocrx_word' id='word_1_184' title='bbox 313 782 380 816; x_wconf 88' lang='grc' dir='ltr'><strong>τὸν</strong></span> <span class='ocrx_word' id='word_1_185' title='bbox 405 782 573 828; x_wconf 87' lang='grc' dir='ltr'><strong><em>παρόντα</em></strong></span> <span class='ocrx_word' id='word_1_186' title='bbox 600 782 715 828; x_wconf 88' lang='grc' dir='ltr'><strong><em>νόμον</em></strong></span> <span class='ocrx_word' id='word_1_187' title='bbox 738 779 912 825; x_wconf 74' lang='grc' dir='ltr'><strong><em>ἀνέστησε</em></strong></span> <span class='ocrx_word' id='word_1_188' title='bbox 939 784 1017 817; x_wconf 81' lang='grc' dir='ltr'><strong>τῶν</strong></span> <span class='ocrx_word' id='word_1_189' title='bbox 1040 779 1225 828; x_wconf 79' lang='grc' dir='ltr'><strong><em>ἡμετέρων</em></strong></span> 
     </span>
     <span class='ocr_line' id='line_1_26' title="bbox 150 824 1223 873; baseline 0 -13"><span class='ocrx_word' id='word_1_190' title='bbox 150 824 325 870; x_wconf 82' lang='grc' dir='ltr'><strong><em>ὑπηκόων</em></strong></span> <span class='ocrx_word' id='word_1_191' title='bbox 357 826 568 872; x_wconf 75' lang='grc' dir='ltr'><strong><em>κηδομένους</em></strong></span> <span class='ocrx_word' id='word_1_192' title='bbox 598 832 659 862; x_wconf 84' lang='grc' dir='ltr'><strong>καὶ</strong></span> <span class='ocrx_word' id='word_1_193' title='bbox 681 827 915 873; x_wconf 83' lang='grc' dir='ltr'><strong><em>βουλομένους</em></strong></span> <span class='ocrx_word' id='word_1_194' title='bbox 938 824 1057 862; x_wconf 75' lang='grc' dir='ltr'><strong><em>αὐτοῖς</em></strong></span> <span class='ocrx_word' id='word_1_195' title='bbox 1087 830 1147 861; x_wconf 85' lang='grc' dir='ltr'><strong>καὶ</strong></span> <span class='ocrx_word' id='word_1_196' title='bbox 1176 826 1223 861; x_wconf 82' lang='grc' dir='ltr'><strong>τὰ</strong></span> 
     </span>
    </p>
   </div>
   <div class='ocr_carea' id='block_1_10' title="bbox 1293 689 2369 871">
    <p class='ocr_par' dir='ltr' id='par_1_10' title="bbox 1293 689 2369 871">
     <span class='ocr_line' id='line_1_27' title="bbox 1293 689 2369 735; baseline -0.003 -8"><span class='ocrx_word' id='word_1_197' title='bbox 1293 692 1400 727; x_wconf 86' lang='lat' dir='ltr'><strong>liceat</strong></span> <span class='ocrx_word' id='word_1_198' title='bbox 1422 691 1559 726; x_wconf 87' lang='lat' dir='ltr'><strong>discere</strong></span> <span class='ocrx_word' id='word_1_199' title='bbox 1593 700 1684 735; x_wconf 89' lang='lat' dir='ltr'><strong>quae</strong></span> <span class='ocrx_word' id='word_1_200' title='bbox 1706 691 1805 735; x_wconf 89' lang='lat' dir='ltr'><strong>ipsos</strong></span> <span class='ocrx_word' id='word_1_201' title='bbox 1828 690 1864 724; x_wconf 92' lang='lat' dir='ltr'><strong>in</strong></span> <span class='ocrx_word' id='word_1_202' title='bbox 1885 689 2074 725; x_wconf 88' lang='lat' dir='ltr'><strong>iudicando</strong></span> <span class='ocrx_word' id='word_1_203' title='bbox 2100 689 2218 734; x_wconf 91' lang='lat' dir='ltr'><strong>eloqui</strong></span> <span class='ocrx_word' id='word_1_204' title='bbox 2242 689 2369 724; x_wconf 83' lang='lat' dir='ltr'><strong>decet?</strong></span> 
     </span>
     <span class='ocr_line' id='line_1_28' title="bbox 1293 735 2368 780; baseline -0.003 -8"><span class='ocrx_word' id='word_1_205' title='bbox 1293 737 1392 772; x_wconf 87' lang='lat' dir='ltr'><strong>Haec</strong></span> <span class='ocrx_word' id='word_1_206' title='bbox 1422 746 1487 771; x_wconf 90' lang='lat' dir='ltr'><strong>nos</strong></span> <span class='ocrx_word' id='word_1_207' title='bbox 1522 736 1648 770; x_wconf 92' lang='lat' dir='ltr'><strong>merito</strong></span> <span class='ocrx_word' id='word_1_208' title='bbox 1682 736 1729 770; x_wconf 88' lang='lat' dir='ltr'><strong>ad</strong></span> <span class='ocrx_word' id='word_1_209' title='bbox 1763 739 1988 780; x_wconf 87' lang='lat' dir='ltr'><strong>praesentem</strong></span> <span class='ocrx_word' id='word_1_210' title='bbox 2019 735 2132 778; x_wconf 89' lang='lat' dir='ltr'><strong>legem</strong></span> <span class='ocrx_word' id='word_1_211' title='bbox 2168 736 2368 776; x_wconf 80' lang='lat' dir='ltr'><strong>erexerunt,</strong></span> 
     </span>
     <span class='ocr_line' id='line_1_29' title="bbox 1293 779 2369 825; baseline -0.003 -8"><span class='ocrx_word' id='word_1_212' title='bbox 1293 785 1498 817; x_wconf 91' lang='lat' dir='ltr'><strong>nostrorum</strong></span> <span class='ocrx_word' id='word_1_213' title='bbox 1532 780 1774 816; x_wconf 88' lang='lat' dir='ltr'><strong>subiectorum</strong></span> <span class='ocrx_word' id='word_1_214' title='bbox 1811 790 1933 815; x_wconf 86' lang='lat' dir='ltr'><strong>curam</strong></span> <span class='ocrx_word' id='word_1_215' title='bbox 1964 783 2108 825; x_wconf 86' lang='lat' dir='ltr'><strong>agentes</strong></span> <span class='ocrx_word' id='word_1_216' title='bbox 2144 781 2180 815; x_wconf 88' lang='lat' dir='ltr'><strong>et</strong></span> <span class='ocrx_word' id='word_1_217' title='bbox 2209 779 2369 815; x_wconf 86' lang='lat' dir='ltr'><strong>volentes</strong></span> 
     </span>
     <span class='ocr_line' id='line_1_30' title="bbox 1294 825 2369 871; baseline -0.002 -9"><span class='ocrx_word' id='word_1_218' title='bbox 1294 827 1346 862; x_wconf 88' lang='lat' dir='ltr'><strong>eis</strong></span> <span class='ocrx_word' id='word_1_219' title='bbox 1371 826 1478 861; x_wconf 90' lang='lat' dir='ltr'><strong>etiam</strong></span> <span class='ocrx_word' id='word_1_220' title='bbox 1504 835 1596 871; x_wconf 86' lang='lat' dir='ltr'><strong>quae</strong></span> <span class='ocrx_word' id='word_1_221' title='bbox 1620 825 1664 861; x_wconf 93' lang='lat' dir='ltr'><strong>de</strong></span> <span class='ocrx_word' id='word_1_222' title='bbox 1687 825 1827 862; x_wconf 89' lang='lat' dir='ltr'><strong>iudiciis</strong></span> <span class='ocrx_word' id='word_1_223' title='bbox 1858 827 1943 860; x_wconf 91' lang='lat' dir='ltr'><strong>sunt</strong></span> <span class='ocrx_word' id='word_1_224' title='bbox 1961 825 1998 860; x_wconf 90' lang='lat' dir='ltr'><strong>in</strong></span> <span class='ocrx_word' id='word_1_225' title='bbox 2021 829 2190 870; x_wconf 88' lang='lat' dir='ltr'><strong>promptu</strong></span> <span class='ocrx_word' id='word_1_226' title='bbox 2212 834 2292 860; x_wconf 87' lang='lat' dir='ltr'><strong>esse</strong></span> <span class='ocrx_word' id='word_1_227' title='bbox 2314 827 2369 860; x_wconf 86' lang='lat' dir='ltr'><strong>at-</strong></span> 
     </span>
    </p>
   </div>
   <div class='ocr_carea' id='block_1_11' title="bbox 150 870 2293 919">
    <p class='ocr_par' dir='ltr' id='par_1_11' title="bbox 150 870 2293 919">
     <span class='ocr_line' id='line_1_31' title="bbox 150 870 2293 919; baseline -0.001 -12"><span class='ocrx_word' id='word_1_228' title='bbox 150 873 210 907; x_wconf 77' lang='grc' dir='ltr'><strong><em>ἐπὶ</em></strong></span> <span class='ocrx_word' id='word_1_229' title='bbox 233 876 311 907; x_wconf 86' lang='grc' dir='ltr'><strong><em>ταῖς</em></strong></span> <span class='ocrx_word' id='word_1_230' title='bbox 334 871 447 907; x_wconf 84' lang='grc' dir='ltr'><strong><em>δίκαις</em></strong></span> <span class='ocrx_word' id='word_1_231' title='bbox 469 872 597 908; x_wconf 75' lang='grc' dir='ltr'><strong><em>εὖκολά</em></strong></span> <span class='ocrx_word' id='word_1_232' title='bbox 629 886 668 908; x_wconf 81' lang='grc' dir='ltr'><strong>τε</strong></span> <span class='ocrx_word' id='word_1_233' title='bbox 691 873 783 908; x_wconf 81' lang='grc' dir='ltr'><strong><em>εἶναι</em></strong></span> <span class='ocrx_word' id='word_1_234' title='bbox 814 876 874 907; x_wconf 82' lang='grc' dir='ltr'><strong>καὶ</strong></span> <span class='ocrx_word' id='word_1_235' title='bbox 898 870 1009 919; x_wconf 75' lang='grc' dir='ltr'><strong><em>ῥᾴδια</em></strong></span> <span class='ocrx_word' id='word_1_236' title='bbox 1036 875 1097 906; x_wconf 82' lang='grc' dir='ltr'><strong>καὶ</strong></span> <span class='ocrx_word' id='word_1_237' title='bbox 1117 875 1225 918; x_wconf 85' lang='grc' dir='ltr'><strong><em>χωρὶς</em></strong></span> <span class='ocrx_word' id='word_1_238' title='bbox 1239 875 1279 907; x_wconf 90' lang='grc'><strong>15</strong></span> <span class='ocrx_word' id='word_1_239' title='bbox 1294 881 1362 918; x_wconf 87' lang='lat' dir='ltr'><strong>que</strong></span> <span class='ocrx_word' id='word_1_240' title='bbox 1385 871 1507 907; x_wconf 78' lang='lat' dir='ltr'><strong>facilia</strong></span> <span class='ocrx_word' id='word_1_241' title='bbox 1530 874 1566 907; x_wconf 75' lang='lat' dir='ltr'><strong>et</strong></span> <span class='ocrx_word' id='word_1_242' title='bbox 1588 871 1725 916; x_wconf 74' lang='lat' dir='ltr'><strong>absque</strong></span> <span class='ocrx_word' id='word_1_243' title='bbox 1746 870 1841 906; x_wconf 86' lang='lat' dir='ltr'><strong>omni</strong></span> <span class='ocrx_word' id='word_1_244' title='bbox 1865 870 2034 906; x_wconf 77' lang='lat' dir='ltr'><strong>dilatione</strong></span> <span class='ocrx_word' id='word_1_245' title='bbox 2054 870 2293 915; x_wconf 76' lang='lat' dir='ltr'><strong>transigenda.</strong></span> 
     </span>
    </p>
   </div>
   <div class='ocr_carea' id='block_1_12' title="bbox 149 914 745 963">
    <p class='ocr_par' dir='ltr' id='par_1_12' title="bbox 149 914 745 963">
     <span class='ocr_line' id='line_1_32' title="bbox 149 914 745 963; baseline 0.002 -12"><span class='ocrx_word' id='word_1_246' title='bbox 149 914 293 962; x_wconf 78' lang='grc' dir='ltr'><strong><em>ἁπάσης</em></strong></span> <span class='ocrx_word' id='word_1_247' title='bbox 316 915 497 963; x_wconf 79' lang='grc' dir='ltr'><strong><em>ἀναβολῆς</em></strong></span> <span class='ocrx_word' id='word_1_248' title='bbox 521 917 745 953; x_wconf 76' lang='grc' dir='ltr'><strong><em>διαλύεσθαι.</em></strong></span> 
     </span>
    </p>
   </div>
   <div class='ocr_carea' id='block_1_13' title="bbox 1147 1007 1355 1044">
    <p class='ocr_par' dir='ltr' id='par_1_13' title="bbox 1147 1007 1355 1044">
     <span class='ocr_line' id='line_1_33' title="bbox 1147 1007 1355 1044; baseline 0.005 -1"><span class='ocrx_word' id='word_1_249' title='bbox 1147 1007 1303 1044; x_wconf 86' lang='lat' dir='ltr'>CAPUT</span> <span class='ocrx_word' id='word_1_250' title='bbox 1326 1008 1355 1044; x_wconf 94' lang='lat' dir='ltr'><strong>I.</strong></span> 
     </span>
    </p>
   </div>
   <div class='ocr_carea' id='block_1_14' title="bbox 150 1071 1227 1220">
    <p class='ocr_par' dir='ltr' id='par_1_14' title="bbox 150 1071 1227 1220">
     <span class='ocr_line' id='line_1_34' title="bbox 208 1071 1227 1121; baseline 0.001 -12"><span class='ocrx_word' id='word_1_251' title='bbox 208 1076 253 1110; x_wconf 87' lang='grc' dir='ltr'><strong>Τὸ</strong></span> <span class='ocrx_word' id='word_1_252' title='bbox 278 1078 346 1121; x_wconf 81' lang='grc' dir='ltr'><strong>μὲν</strong></span> <span class='ocrx_word' id='word_1_253' title='bbox 368 1071 434 1112; x_wconf 69' lang='grc' dir='ltr'><strong>οὗν</strong></span> <span class='ocrx_word' id='word_1_254' title='bbox 457 1076 571 1113; x_wconf 87' lang='grc' dir='ltr'><strong><em>πάλαι</em></strong></span> <span class='ocrx_word' id='word_1_255' title='bbox 602 1078 720 1121; x_wconf 86' lang='grc' dir='ltr'><strong><em>σχῆμα</em></strong></span> <span class='ocrx_word' id='word_1_256' title='bbox 750 1076 813 1119; x_wconf 84' lang='grc' dir='ltr'><strong>τῆς</strong></span> <span class='ocrx_word' id='word_1_257' title='bbox 836 1073 1033 1117; x_wconf 81' lang='grc' dir='ltr'><strong><em>διατάξεως</em></strong></span> <span class='ocrx_word' id='word_1_258' title='bbox 1058 1074 1227 1120; x_wconf 83' lang='grc' dir='ltr'><strong><em>Ζήνωνος</em></strong></span> 
     </span>
     <span class='ocr_line' id='line_1_35' title="bbox 150 1117 1225 1168; baseline 0.001 -13"><span class='ocrx_word' id='word_1_259' title='bbox 150 1122 215 1155; x_wconf 80' lang='grc' dir='ltr'><strong>τοῦ</strong></span> <span class='ocrx_word' id='word_1_260' title='bbox 247 1123 310 1166; x_wconf 83' lang='grc' dir='ltr'><strong>τῆς</strong></span> <span class='ocrx_word' id='word_1_261' title='bbox 332 1119 499 1168; x_wconf 81' lang='grc' dir='ltr'><strong><em>εὐσεβοῦς</em></strong></span> <span class='ocrx_word' id='word_1_262' title='bbox 526 1121 675 1166; x_wconf 79' lang='grc' dir='ltr'><strong><em>λήξεως,</em></strong></span> <span class='ocrx_word' id='word_1_263' title='bbox 706 1117 799 1166; x_wconf 72' lang='grc' dir='ltr'><strong><em>ἥπερ</em></strong></span> <span class='ocrx_word' id='word_1_264' title='bbox 832 1120 972 1165; x_wconf 83' lang='grc' dir='ltr'><strong><em>ἑκάστῳ</em></strong></span> <span class='ocrx_word' id='word_1_265' title='bbox 1006 1119 1225 1168; x_wconf 79' lang='grc' dir='ltr'><strong><em>δικαστηρίῳ</em></strong></span> 
     </span>
     <span class='ocr_line' id='line_1_36' title="bbox 151 1164 1227 1220; baseline 0 -19"><span class='ocrx_word' id='word_1_266' title='bbox 151 1167 279 1220; x_wconf 66' lang='grc' dir='ltr'><strong><em>ῥητρὺς</em></strong></span> <span class='ocrx_word' id='word_1_267' title='bbox 302 1165 325 1201; x_wconf 83' lang='grc' dir='ltr'>ἀ</span> <span class='ocrx_word' id='word_1_268' title='bbox 357 1167 463 1214; x_wconf 85' lang='grc' dir='ltr'><strong><em>ιόρισε</em></strong></span> <span class='ocrx_word' id='word_1_269' title='bbox 484 1166 663 1209; x_wconf 88' lang='grc' dir='ltr'><strong><em>δικαστάς,</em></strong></span> <span class='ocrx_word' id='word_1_270' title='bbox 688 1166 874 1201; x_wconf 81' lang='grc' dir='ltr'><strong><em>παντελῶς</em></strong></span> <span class='ocrx_word' id='word_1_271' title='bbox 895 1164 1124 1213; x_wconf 82' lang='grc' dir='ltr'><strong><em>ἄναιροῦμεν,</em></strong></span> <span class='ocrx_word' id='word_1_272' title='bbox 1150 1169 1227 1202; x_wconf 80' lang='grc' dir='ltr'><strong><em>ἐπι-</em></strong></span> 
     </span>
    </p>
   </div>
   <div class='ocr_carea' id='block_1_15' title="bbox 1295 1073 2372 1217">
    <p class='ocr_par' dir='ltr' id='par_1_15' title="bbox 1295 1073 2372 1217">
     <span class='ocr_line' id='line_1_37' title="bbox 1347 1073 2372 1121; baseline -0.004 -9"><span class='ocrx_word' id='word_1_273' title='bbox 1347 1076 1462 1112; x_wconf 88' lang='lat' dir='ltr'><strong>Vetus</strong></span> <span class='ocrx_word' id='word_1_274' title='bbox 1493 1075 1600 1121; x_wconf 86' lang='lat' dir='ltr'><strong>igitur</strong></span> <span class='ocrx_word' id='word_1_275' title='bbox 1632 1075 1776 1111; x_wconf 89' lang='lat' dir='ltr'><strong>schema</strong></span> <span class='ocrx_word' id='word_1_276' title='bbox 1805 1075 1959 1111; x_wconf 89' lang='lat' dir='ltr'><strong>Zenonis</strong></span> <span class='ocrx_word' id='word_1_277' title='bbox 1993 1074 2259 1111; x_wconf 87' lang='lat' dir='ltr'><strong>constitutionis</strong></span> <span class='ocrx_word' id='word_1_278' title='bbox 2290 1073 2372 1119; x_wconf 84' lang='lat' dir='ltr'><strong>piae</strong></span> 
     </span>
     <span class='ocr_line' id='line_1_38' title="bbox 1295 1118 2372 1166; baseline -0.004 -9"><span class='ocrx_word' id='word_1_279' title='bbox 1295 1122 1500 1164; x_wconf 86' lang='lat' dir='ltr'><strong>memoriae,</strong></span> <span class='ocrx_word' id='word_1_280' title='bbox 1533 1130 1625 1166; x_wconf 90' lang='lat' dir='ltr'><strong>quae</strong></span> <span class='ocrx_word' id='word_1_281' title='bbox 1649 1121 1841 1165; x_wconf 88' lang='lat' dir='ltr'><strong>unicuique</strong></span> <span class='ocrx_word' id='word_1_282' title='bbox 1863 1121 2044 1166; x_wconf 87' lang='lat' dir='ltr'><strong>praetorio</strong></span> <span class='ocrx_word' id='word_1_283' title='bbox 2070 1125 2187 1156; x_wconf 91' lang='lat' dir='ltr'><strong>certos</strong></span> <span class='ocrx_word' id='word_1_284' title='bbox 2212 1118 2372 1155; x_wconf 86' lang='lat' dir='ltr'><strong>definivit</strong></span> 
     </span>
     <span class='ocr_line' id='line_1_39' title="bbox 1295 1165 2371 1217; baseline -0.004 -15"><span class='ocrx_word' id='word_1_285' title='bbox 1295 1167 1443 1208; x_wconf 90' lang='lat' dir='ltr'><strong>iudices,</strong></span> <span class='ocrx_word' id='word_1_286' title='bbox 1469 1167 1611 1202; x_wconf 92' lang='lat' dir='ltr'><strong>omnino</strong></span> <span class='ocrx_word' id='word_1_287' title='bbox 1636 1166 1849 1212; x_wconf 87' lang='lat' dir='ltr'><strong>perimimus,</strong></span> <span class='ocrx_word' id='word_1_288' title='bbox 1874 1167 2002 1210; x_wconf 89' lang='lat' dir='ltr'><strong>eligere</strong></span> <span class='ocrx_word' id='word_1_289' title='bbox 2026 1176 2107 1202; x_wconf 91' lang='lat' dir='ltr'><strong>vero</strong></span> <span class='ocrx_word' id='word_1_290' title='bbox 2127 1165 2371 1217; x_wconf 79' lang='lat' dir='ltr'><strong>perspeximus</strong></span> 
     </span>
    </p>
   </div>
   <div class='ocr_carea' id='block_1_16' title="bbox 151 1210 2371 1259">
    <p class='ocr_par' dir='ltr' id='par_1_16' title="bbox 151 1210 2371 1259">
     <span class='ocr_line' id='line_1_40' title="bbox 151 1210 2371 1259; baseline -0 -14"><span class='ocrx_word' id='word_1_291' title='bbox 151 1217 297 1259; x_wconf 74' lang='grc' dir='ltr'><strong><em>λεγηναι</em></strong></span> <span class='ocrx_word' id='word_1_292' title='bbox 341 1215 357 1246; x_wconf 80' lang='grc' dir='ltr'><em>ὲ</em></span> <span class='ocrx_word' id='word_1_293' title='bbox 376 1211 585 1256; x_wconf 79' lang='grc' dir='ltr'><strong><em>συνείὸομεν</em></strong></span> <span class='ocrx_word' id='word_1_294' title='bbox 610 1210 780 1246; x_wconf 82' lang='grc' dir='ltr'><strong><em>δικαστὰς</em></strong></span> <span class='ocrx_word' id='word_1_295' title='bbox 798 1211 880 1246; x_wconf 75' lang='grc' dir='ltr'><strong><em>τοὺς</em></strong></span> <span class='ocrx_word' id='word_1_296' title='bbox 899 1212 968 1255; x_wconf 82' lang='grc' dir='ltr'><strong>τὴν</strong></span> <span class='ocrx_word' id='word_1_297' title='bbox 986 1212 1227 1255; x_wconf 74' lang='grc' dir='ltr'><strong><em>πανταχόθεν</em></strong></span> <span class='ocrx_word' id='word_1_298' title='bbox 1241 1215 1282 1248; x_wconf 86' lang='grc'><strong>20</strong></span> <span class='ocrx_word' id='word_1_299' title='bbox 1295 1212 1332 1247; x_wconf 91' lang='lat' dir='ltr'><strong>in</strong></span> <span class='ocrx_word' id='word_1_300' title='bbox 1355 1213 1463 1247; x_wconf 89' lang='lat' dir='ltr'><strong>rebus</strong></span> <span class='ocrx_word' id='word_1_301' title='bbox 1488 1212 1634 1247; x_wconf 87' lang='lat' dir='ltr'><strong>utilibus</strong></span> <span class='ocrx_word' id='word_1_302' title='bbox 1664 1212 1836 1247; x_wconf 89' lang='lat' dir='ltr'><strong>habentes</strong></span> <span class='ocrx_word' id='word_1_303' title='bbox 1867 1211 2161 1254; x_wconf 84' lang='lat' dir='ltr'><strong>adtestationem‚</strong></span> <span class='ocrx_word' id='word_1_304' title='bbox 2191 1221 2251 1256; x_wconf 81' lang='lat' dir='ltr'><strong>qui</strong></span> <span class='ocrx_word' id='word_1_305' title='bbox 2276 1220 2371 1245; x_wconf 90' lang='lat' dir='ltr'><strong>com-</strong></span> 
     </span>
    </p>
   </div>
   <div class='ocr_carea' id='block_1_17' title="bbox 150 1257 1229 1442">
    <p class='ocr_par' dir='ltr' id='par_1_17' title="bbox 150 1257 1229 1442">
     <span class='ocr_line' id='line_1_41' title="bbox 151 1257 1226 1304; baseline 0.001 -13"><span class='ocrx_word' id='word_1_306' title='bbox 151 1259 212 1292; x_wconf 83' lang='grc' dir='ltr'><strong><em>ἐπὶ</em></strong></span> <span class='ocrx_word' id='word_1_307' title='bbox 242 1261 405 1304; x_wconf 83' lang='grc' dir='ltr'><strong><em>χρηστοῖς</em></strong></span> <span class='ocrx_word' id='word_1_308' title='bbox 434 1260 580 1302; x_wconf 82' lang='grc' dir='ltr'><strong><em>ἔχοντας</em></strong></span> <span class='ocrx_word' id='word_1_309' title='bbox 610 1261 820 1304; x_wconf 85' lang='grc' dir='ltr'><strong><em>μαρτυρίαν,</em></strong></span> <span class='ocrx_word' id='word_1_310' title='bbox 856 1258 959 1304; x_wconf 90' lang='grc' dir='ltr'><strong><em>οἴπερ</em></strong></span> <span class='ocrx_word' id='word_1_311' title='bbox 989 1261 1103 1292; x_wconf 85' lang='grc' dir='ltr'><strong><em>κοινοὶ</em></strong></span> <span class='ocrx_word' id='word_1_312' title='bbox 1134 1257 1226 1293; x_wconf 88' lang='grc' dir='ltr'><strong><em>πάν-</em></strong></span> 
     </span>
     <span class='ocr_line' id='line_1_42' title="bbox 150 1302 1225 1359; baseline -0.001 -22"><span class='ocrx_word' id='word_1_313' title='bbox 150 1316 228 1338; x_wconf 91' lang='grc' dir='ltr'><strong>των</strong></span> <span class='ocrx_word' id='word_1_314' title='bbox 245 1306 391 1339; x_wconf 79' lang='grc' dir='ltr'><strong><em>ἔσονται</em></strong></span> <span class='ocrx_word' id='word_1_315' title='bbox 408 1302 590 1344; x_wconf 88' lang='grc' dir='ltr'><strong><em>δικασταί,</em></strong></span> <span class='ocrx_word' id='word_1_316' title='bbox 613 1302 671 1337; x_wconf 87' lang='grc' dir='ltr'><strong>οἶα</strong></span> <span class='ocrx_word' id='word_1_317' title='bbox 691 1302 932 1346; x_wconf 68' lang='grc' dir='ltr'><strong><em>πανταχόθεν</em></strong></span> <span class='ocrx_word' id='word_1_318' title='bbox 952 1302 1225 1359; x_wconf 63' lang='grc' dir='ltr'><strong><em>ἐπιλελεγμένοι.</em></strong></span> 
     </span>
     <span class='ocr_line' id='line_1_43' title="bbox 150 1344 1229 1395; baseline 0.001 -13"><span class='ocrx_word' id='word_1_319' title='bbox 150 1352 211 1382; x_wconf 83' lang='grc' dir='ltr'><strong>καὶ</strong></span> <span class='ocrx_word' id='word_1_320' title='bbox 236 1347 279 1393; x_wconf 86' lang='grc' dir='ltr'><strong>δὴ</strong></span> <span class='ocrx_word' id='word_1_321' title='bbox 312 1351 420 1384; x_wconf 81' lang='grc' dir='ltr'><strong><em>τοῦτο</em></strong></span> <span class='ocrx_word' id='word_1_322' title='bbox 442 1352 662 1395; x_wconf 87' lang='grc' dir='ltr'><strong><em>πέπρακται,</em></strong></span> <span class='ocrx_word' id='word_1_323' title='bbox 686 1351 746 1382; x_wconf 87' lang='grc' dir='ltr'><strong>καὶ</strong></span> <span class='ocrx_word' id='word_1_324' title='bbox 763 1344 918 1394; x_wconf 74' lang='grc' dir='ltr'><strong><em>ἥρηνταί</em></strong></span> <span class='ocrx_word' id='word_1_325' title='bbox 936 1361 977 1395; x_wconf 88' lang='grc' dir='ltr'><strong>γε</strong></span> <span class='ocrx_word' id='word_1_326' title='bbox 1000 1361 1076 1395; x_wconf 89' lang='grc' dir='ltr'><strong>παρ</strong></span> <span class='ocrx_word' id='word_1_327' title='bbox 1123 1346 1229 1394; x_wconf 80' lang='grc' dir='ltr'><strong><em>ἡμῶν</em></strong></span> 
     </span>
     <span class='ocr_line' id='line_1_44' title="bbox 152 1384 1229 1442; baseline 0 -14"><span class='ocrx_word' id='word_1_328' title='bbox 152 1392 320 1429; x_wconf 83' lang='grc' dir='ltr'><strong><em>δικασταὶ</em></strong></span> <span class='ocrx_word' id='word_1_329' title='bbox 333 1392 539 1429; x_wconf 84' lang='grc' dir='ltr'><strong><em>Ἀνατόλιός</em></strong></span> <span class='ocrx_word' id='word_1_330' title='bbox 553 1407 593 1428; x_wconf 86' lang='grc' dir='ltr'><strong>τε</strong></span> <span class='ocrx_word' id='word_1_331' title='bbox 609 1390 628 1428; x_wconf 82' lang='grc' dir='ltr'>ὁ</span> <span class='ocrx_word' id='word_1_332' title='bbox 645 1384 892 1438; x_wconf 79' lang='grc' dir='ltr'><strong><em>περίβλεπτος,</em></strong></span> <span class='ocrx_word' id='word_1_333' title='bbox 913 1391 981 1437; x_wconf 73' lang='grc' dir='ltr'><strong><em>ἤδη</em></strong></span> <span class='ocrx_word' id='word_1_334' title='bbox 998 1395 1062 1428; x_wconf 82' lang='grc' dir='ltr'><strong>τοῦ</strong></span> <span class='ocrx_word' id='word_1_335' title='bbox 1080 1406 1229 1442; x_wconf 91' lang='grc' dir='ltr'><strong><em>συνηγο-</em></strong></span> 
     </span>
    </p>
   </div>
   <div class='ocr_carea' id='block_1_18' title="bbox 1295 1255 2373 1440">
    <p class='ocr_par' dir='ltr' id='par_1_18' title="bbox 1295 1255 2373 1440">
     <span class='ocr_line' id='line_1_45' title="bbox 1295 1255 2369 1302; baseline -0.002 -10"><span class='ocrx_word' id='word_1_336' title='bbox 1295 1268 1420 1293; x_wconf 89' lang='lat' dir='ltr'><strong>munes</strong></span> <span class='ocrx_word' id='word_1_337' title='bbox 1438 1257 1593 1294; x_wconf 90' lang='lat' dir='ltr'><strong>omnium</strong></span> <span class='ocrx_word' id='word_1_338' title='bbox 1610 1263 1715 1293; x_wconf 85' lang='lat' dir='ltr'><strong>erunt</strong></span> <span class='ocrx_word' id='word_1_339' title='bbox 1731 1257 1867 1293; x_wconf 87' lang='lat' dir='ltr'><strong>iudices</strong></span> <span class='ocrx_word' id='word_1_340' title='bbox 1883 1261 2064 1302; x_wconf 85' lang='lat' dir='ltr'><strong>tamquam</strong></span> <span class='ocrx_word' id='word_1_341' title='bbox 2080 1257 2237 1301; x_wconf 87' lang='lat' dir='ltr'><strong>undique</strong></span> <span class='ocrx_word' id='word_1_342' title='bbox 2254 1255 2369 1291; x_wconf 90' lang='lat' dir='ltr'><strong>electi.</strong></span> 
     </span>
     <span class='ocr_line' id='line_1_46' title="bbox 1295 1300 2373 1348; baseline -0.003 -10"><span class='ocrx_word' id='word_1_343' title='bbox 1295 1303 1347 1338; x_wconf 89' lang='lat' dir='ltr'><strong>Et</strong></span> <span class='ocrx_word' id='word_1_344' title='bbox 1370 1303 1439 1339; x_wconf 89' lang='lat' dir='ltr'><strong>hoc</strong></span> <span class='ocrx_word' id='word_1_345' title='bbox 1470 1303 1611 1348; x_wconf 87' lang='lat' dir='ltr'><strong>quidem</strong></span> <span class='ocrx_word' id='word_1_346' title='bbox 1641 1306 1780 1347; x_wconf 87' lang='lat' dir='ltr'><strong>gestum</strong></span> <span class='ocrx_word' id='word_1_347' title='bbox 1804 1306 1876 1346; x_wconf 86' lang='lat' dir='ltr'><strong>est,</strong></span> <span class='ocrx_word' id='word_1_348' title='bbox 1909 1306 1946 1338; x_wconf 90' lang='lat' dir='ltr'><strong>et</strong></span> <span class='ocrx_word' id='word_1_349' title='bbox 1973 1302 2079 1338; x_wconf 90' lang='lat' dir='ltr'><strong>electi</strong></span> <span class='ocrx_word' id='word_1_350' title='bbox 2110 1306 2194 1337; x_wconf 92' lang='lat' dir='ltr'><strong>sunt</strong></span> <span class='ocrx_word' id='word_1_351' title='bbox 2222 1312 2244 1336; x_wconf 89' lang='lat' dir='ltr'><strong>a</strong></span> <span class='ocrx_word' id='word_1_352' title='bbox 2267 1300 2373 1336; x_wconf 88' lang='lat' dir='ltr'><strong>nobis</strong></span> 
     </span>
     <span class='ocr_line' id='line_1_47' title="bbox 1297 1347 2372 1393; baseline -0.002 -10"><span class='ocrx_word' id='word_1_353' title='bbox 1297 1348 1433 1385; x_wconf 88' lang='lat' dir='ltr'><strong>iudices</strong></span> <span class='ocrx_word' id='word_1_354' title='bbox 1464 1348 1653 1383; x_wconf 91' lang='lat' dir='ltr'><strong>Anatolius</strong></span> <span class='ocrx_word' id='word_1_355' title='bbox 1685 1348 1738 1383; x_wconf 91' lang='lat' dir='ltr'><strong>vir</strong></span> <span class='ocrx_word' id='word_1_356' title='bbox 1772 1348 1995 1393; x_wconf 84' lang='lat' dir='ltr'><strong>spectabilis,</strong></span> <span class='ocrx_word' id='word_1_357' title='bbox 2034 1349 2104 1382; x_wconf 91' lang='lat' dir='ltr'><strong>iam</strong></span> <span class='ocrx_word' id='word_1_358' title='bbox 2140 1347 2372 1383; x_wconf 89' lang='lat' dir='ltr'><strong>advocatione</strong></span> 
     </span>
     <span class='ocr_line' id='line_1_48' title="bbox 1298 1392 2372 1440; baseline -0.003 -10"><span class='ocrx_word' id='word_1_359' title='bbox 1298 1394 1432 1430; x_wconf 91' lang='lat' dir='ltr'><strong>dudum</strong></span> <span class='ocrx_word' id='word_1_360' title='bbox 1457 1394 1632 1440; x_wconf 89' lang='lat' dir='ltr'><strong>completa</strong></span> <span class='ocrx_word' id='word_1_361' title='bbox 1661 1397 1697 1429; x_wconf 88' lang='lat' dir='ltr'><strong>et</strong></span> <span class='ocrx_word' id='word_1_362' title='bbox 1722 1393 1814 1428; x_wconf 88' lang='lat' dir='ltr'><strong>inter</strong></span> <span class='ocrx_word' id='word_1_363' title='bbox 1838 1393 2052 1438; x_wconf 87' lang='lat' dir='ltr'><strong>spectabiles</strong></span> <span class='ocrx_word' id='word_1_364' title='bbox 2077 1393 2156 1428; x_wconf 91' lang='lat' dir='ltr'><strong>fisci</strong></span> <span class='ocrx_word' id='word_1_365' title='bbox 2179 1392 2372 1428; x_wconf 85' lang='lat' dir='ltr'><strong>advocatos</strong></span> 
     </span>
    </p>
   </div>
   <div class='ocr_carea' id='block_1_19' title="bbox 151 1437 2374 1494">
    <p class='ocr_par' dir='ltr' id='par_1_19' title="bbox 151 1437 2374 1494">
     <span class='ocr_line' id='line_1_49' title="bbox 151 1437 2374 1494; baseline -0.001 -20"><span class='ocrx_word' id='word_1_366' title='bbox 151 1443 227 1483; x_wconf 85' lang='grc' dir='ltr'><strong><em>ρεῖν</em></strong></span> <span class='ocrx_word' id='word_1_367' title='bbox 251 1440 379 1486; x_wconf 81' lang='grc' dir='ltr'><strong><em>πρώην</em></strong></span> <span class='ocrx_word' id='word_1_368' title='bbox 402 1442 627 1485; x_wconf 79' lang='grc' dir='ltr'><strong><em>πεπαυμένος</em></strong></span> <span class='ocrx_word' id='word_1_369' title='bbox 650 1442 709 1472; x_wconf 80' lang='grc' dir='ltr'><strong>καὶ</strong></span> <span class='ocrx_word' id='word_1_370' title='bbox 734 1441 774 1474; x_wconf 78' lang='grc' dir='ltr'><strong>ἐν</strong></span> <span class='ocrx_word' id='word_1_371' title='bbox 797 1442 870 1473; x_wconf 80' lang='grc' dir='ltr'><strong><em>τοῖς</em></strong></span> <span class='ocrx_word' id='word_1_372' title='bbox 891 1438 1142 1494; x_wconf 67' lang='grc' dir='ltr'><strong><em>περιβλέπτοις</em></strong></span> <span class='ocrx_word' id='word_1_373' title='bbox 1164 1441 1228 1474; x_wconf 78' lang='grc' dir='ltr'><strong>τοῦ</strong></span> <span class='ocrx_word' id='word_1_374' title='bbox 1242 1443 1285 1476; x_wconf 81' lang='lat'><strong>25</strong></span> <span class='ocrx_word' id='word_1_375' title='bbox 1298 1439 1505 1486; x_wconf 86' lang='lat' dir='ltr'><strong>deputatus,</strong></span> <span class='ocrx_word' id='word_1_376' title='bbox 1539 1449 1582 1474; x_wconf 89' lang='lat' dir='ltr'><strong>ac</strong></span> <span class='ocrx_word' id='word_1_377' title='bbox 1606 1438 1820 1481; x_wconf 87' lang='lat' dir='ltr'><strong>Flavianus,</strong></span> <span class='ocrx_word' id='word_1_378' title='bbox 1852 1440 1912 1484; x_wconf 92' lang='lat' dir='ltr'><strong>qui</strong></span> <span class='ocrx_word' id='word_1_379' title='bbox 1943 1450 2038 1474; x_wconf 89' lang='lat' dir='ltr'><strong>nunc</strong></span> <span class='ocrx_word' id='word_1_380' title='bbox 2072 1438 2266 1474; x_wconf 87' lang='lat' dir='ltr'><strong>advocatus</strong></span> <span class='ocrx_word' id='word_1_381' title='bbox 2295 1437 2374 1472; x_wconf 89' lang='lat' dir='ltr'><strong>fisci</strong></span> 
     </span>
    </p>
   </div>
   <div class='ocr_carea' id='block_1_20' title="bbox 152 1483 1229 1577">
    <p class='ocr_par' dir='ltr' id='par_1_20' title="bbox 152 1483 1229 1577">
     <span class='ocr_line' id='line_1_50' title="bbox 152 1483 1229 1533; baseline 0 -13"><span class='ocrx_word' id='word_1_382' title='bbox 152 1485 323 1531; x_wconf 85' lang='grc' dir='ltr'><strong><em>δημοσίου</em></strong></span> <span class='ocrx_word' id='word_1_383' title='bbox 350 1484 555 1533; x_wconf 86' lang='grc' dir='ltr'><strong><em>συνηγόροις</em></strong></span> <span class='ocrx_word' id='word_1_384' title='bbox 583 1484 747 1528; x_wconf 85' lang='grc' dir='ltr'><strong><em>ταχθείς,</em></strong></span> <span class='ocrx_word' id='word_1_385' title='bbox 782 1483 989 1529; x_wconf 80' lang='grc' dir='ltr'><strong><em>Φλαβιανος</em></strong></span> <span class='ocrx_word' id='word_1_386' title='bbox 1020 1498 1060 1519; x_wconf 83' lang='grc' dir='ltr'><strong>τε</strong></span> <span class='ocrx_word' id='word_1_387' title='bbox 1090 1483 1109 1519; x_wconf 87' lang='grc' dir='ltr'>ὁ</span> <span class='ocrx_word' id='word_1_388' title='bbox 1141 1484 1229 1530; x_wconf 85' lang='grc' dir='ltr'><strong><em>λαμ-</em></strong></span> 
     </span>
     <span class='ocr_line' id='line_1_51' title="bbox 152 1528 1227 1577; baseline -0.001 -11"><span class='ocrx_word' id='word_1_389' title='bbox 152 1531 346 1577; x_wconf 85' lang='grc' dir='ltr'><strong><em>πρότατος,</em></strong></span> <span class='ocrx_word' id='word_1_390' title='bbox 371 1529 410 1565; x_wconf 77' lang='grc' dir='ltr'><strong><em>ὃς</em></strong></span> <span class='ocrx_word' id='word_1_391' title='bbox 435 1530 628 1577; x_wconf 79' lang='grc' dir='ltr'><strong><em>συνήγορος</em></strong></span> <span class='ocrx_word' id='word_1_392' title='bbox 650 1531 714 1564; x_wconf 78' lang='grc' dir='ltr'><strong>τοῦ</strong></span> <span class='ocrx_word' id='word_1_393' title='bbox 739 1528 908 1574; x_wconf 84' lang='grc' dir='ltr'><strong><em>δημοσίου</em></strong></span> <span class='ocrx_word' id='word_1_394' title='bbox 927 1531 1131 1574; x_wconf 87' lang='grc' dir='ltr'><strong><em>καθέστηκε</em></strong></span> <span class='ocrx_word' id='word_1_395' title='bbox 1149 1532 1227 1571; x_wconf 78' lang='grc' dir='ltr'><strong><em>νῦν,</em></strong></span> 
     </span>
    </p>
   </div>
   <div class='ocr_carea' id='block_1_21' title="bbox 1298 1482 2375 1576">
    <p class='ocr_par' dir='ltr' id='par_1_21' title="bbox 1298 1482 2375 1576">
     <span class='ocr_line' id='line_1_52' title="bbox 1299 1482 2373 1529; baseline -0.004 -8"><span class='ocrx_word' id='word_1_396' title='bbox 1299 1485 1476 1527; x_wconf 87' lang='lat' dir='ltr'><strong>constitit,</strong></span> <span class='ocrx_word' id='word_1_397' title='bbox 1501 1487 1536 1521; x_wconf 93' lang='lat' dir='ltr'><strong>et</strong></span> <span class='ocrx_word' id='word_1_398' title='bbox 1555 1485 1763 1520; x_wconf 87' lang='lat' dir='ltr'><strong>Alexander</strong></span> <span class='ocrx_word' id='word_1_399' title='bbox 1787 1487 1824 1519; x_wconf 93' lang='lat' dir='ltr'><strong>et</strong></span> <span class='ocrx_word' id='word_1_400' title='bbox 1847 1484 2049 1529; x_wconf 86' lang='lat' dir='ltr'><strong>Stephanus</strong></span> <span class='ocrx_word' id='word_1_401' title='bbox 2073 1486 2111 1520; x_wconf 90' lang='lat' dir='ltr'><strong>et</strong></span> <span class='ocrx_word' id='word_1_402' title='bbox 2130 1483 2275 1526; x_wconf 89' lang='lat' dir='ltr'><strong>Menas,</strong></span> <span class='ocrx_word' id='word_1_403' title='bbox 2300 1482 2373 1518; x_wconf 92' lang='lat' dir='ltr'><strong>elo-</strong></span> 
     </span>
     <span class='ocr_line' id='line_1_53' title="bbox 1298 1528 2375 1576; baseline -0.004 -10"><span class='ocrx_word' id='word_1_404' title='bbox 1298 1531 1518 1576; x_wconf 90' lang='lat' dir='ltr'><strong>quentissimi</strong></span> <span class='ocrx_word' id='word_1_405' title='bbox 1550 1530 1713 1565; x_wconf 85' lang='lat' dir='ltr'><strong>advocati</strong></span> <span class='ocrx_word' id='word_1_406' title='bbox 1744 1533 1780 1566; x_wconf 91' lang='lat' dir='ltr'><strong>et</strong></span> <span class='ocrx_word' id='word_1_407' title='bbox 1804 1530 1955 1575; x_wconf 86' lang='lat' dir='ltr'><strong>pedanei</strong></span> <span class='ocrx_word' id='word_1_408' title='bbox 1984 1530 2120 1565; x_wconf 88' lang='lat' dir='ltr'><strong>iudices</strong></span> <span class='ocrx_word' id='word_1_409' title='bbox 2143 1529 2198 1565; x_wconf 87' lang='lat' dir='ltr'><strong>tui</strong></span> <span class='ocrx_word' id='word_1_410' title='bbox 2221 1528 2307 1571; x_wconf 86' lang='lat' dir='ltr'><strong>fori,</strong></span> <span class='ocrx_word' id='word_1_411' title='bbox 2340 1530 2375 1563; x_wconf 87' lang='lat' dir='ltr'><strong>et</strong></span> 
     </span>
    </p>
   </div>
   <div class='ocr_carea' id='block_1_22' title="bbox 148 1573 2375 1986">
    <p class='ocr_par' dir='ltr' id='par_1_22' title="bbox 148 1573 2374 1804">
     <span class='ocr_line' id='line_1_54' title="bbox 151 1573 2372 1623; baseline -0.001 -12"><span class='ocrx_word' id='word_1_412' title='bbox 151 1580 212 1611; x_wconf 80' lang='grc' dir='ltr'><strong>καὶ</strong></span> <span class='ocrx_word' id='word_1_413' title='bbox 235 1576 325 1623; x_wconf 85' lang='grc' dir='ltr'><strong><em>πρός</em></strong></span> <span class='ocrx_word' id='word_1_414' title='bbox 347 1590 388 1623; x_wconf 88' lang='grc' dir='ltr'><strong>γε</strong></span> <span class='ocrx_word' id='word_1_415' title='bbox 405 1573 631 1621; x_wconf 79' lang='grc' dir='ltr'><strong><em>Ἀλέξανδρος</em></strong></span> <span class='ocrx_word' id='word_1_416' title='bbox 653 1579 713 1609; x_wconf 85' lang='grc' dir='ltr'><strong>καὶ</strong></span> <span class='ocrx_word' id='word_1_417' title='bbox 737 1578 924 1622; x_wconf 78' lang='grc' dir='ltr'><strong><em>Στέφανος</em></strong></span> <span class='ocrx_word' id='word_1_418' title='bbox 947 1579 1007 1610; x_wconf 86' lang='grc' dir='ltr'><strong>καὶ</strong></span> <span class='ocrx_word' id='word_1_419' title='bbox 1033 1578 1169 1620; x_wconf 84' lang='grc' dir='ltr'><strong><em>Μηνᾶς,</em></strong></span> <span class='ocrx_word' id='word_1_420' title='bbox 1194 1575 1231 1611; x_wconf 87' lang='grc' dir='ltr'><strong>οἱ</strong></span> <span class='ocrx_word' id='word_1_421' title='bbox 1297 1576 1500 1612; x_wconf 77' lang='lat' dir='ltr'><strong>Alexander</strong></span> <span class='ocrx_word' id='word_1_422' title='bbox 1524 1576 1625 1618; x_wconf 77' lang='lat' dir='ltr'><strong>alter,</strong></span> <span class='ocrx_word' id='word_1_423' title='bbox 1650 1585 1754 1620; x_wconf 88' lang='lat' dir='ltr'><strong>quem</strong></span> <span class='ocrx_word' id='word_1_424' title='bbox 1774 1575 1974 1620; x_wconf 79' lang='lat' dir='ltr'><strong>pedaneum</strong></span> <span class='ocrx_word' id='word_1_425' title='bbox 1997 1575 2151 1610; x_wconf 85' lang='lat' dir='ltr'><strong>iudicem</strong></span> <span class='ocrx_word' id='word_1_426' title='bbox 2174 1584 2253 1609; x_wconf 82' lang='lat' dir='ltr'><strong>esse</strong></span> <span class='ocrx_word' id='word_1_427' title='bbox 2268 1582 2372 1619; x_wconf 78' lang='lat' dir='ltr'><strong>prae-</strong></span> 
     </span>
     <span class='ocr_line' id='line_1_55' title="bbox 151 1618 2373 1669; baseline -0.001 -12"><span class='ocrx_word' id='word_1_428' title='bbox 151 1622 192 1657; x_wconf 86' lang='grc' dir='ltr'><strong>λο</strong></span> <span class='ocrx_word' id='word_1_429' title='bbox 216 1621 365 1656; x_wconf 80' lang='grc' dir='ltr'><strong><em>ιώτατοι</em></strong></span> <span class='ocrx_word' id='word_1_430' title='bbox 388 1621 577 1668; x_wconf 77' lang='grc' dir='ltr'><strong><em>συνήγοροι</em></strong></span> <span class='ocrx_word' id='word_1_431' title='bbox 608 1623 667 1655; x_wconf 86' lang='grc' dir='ltr'><strong>καὶ</strong></span> <span class='ocrx_word' id='word_1_432' title='bbox 692 1618 875 1664; x_wconf 77' lang='grc' dir='ltr'><strong><em>διαιτηταὶ</em></strong></span> <span class='ocrx_word' id='word_1_433' title='bbox 905 1622 968 1664; x_wconf 81' lang='grc' dir='ltr'><strong>τῆς</strong></span> <span class='ocrx_word' id='word_1_434' title='bbox 998 1622 1062 1665; x_wconf 81' lang='grc' dir='ltr'><strong><em>σῆς</em></strong></span> <span class='ocrx_word' id='word_1_435' title='bbox 1086 1619 1226 1669; x_wconf 80' lang='grc' dir='ltr'><strong><em>ἀγορᾶς,</em></strong></span> <span class='ocrx_word' id='word_1_436' title='bbox 1295 1622 1379 1657; x_wconf 86' lang='lat' dir='ltr'><strong>torii</strong></span> <span class='ocrx_word' id='word_1_437' title='bbox 1401 1621 1644 1666; x_wconf 82' lang='lat' dir='ltr'><strong>gloriosissimi</strong></span> <span class='ocrx_word' id='word_1_438' title='bbox 1674 1620 1835 1666; x_wconf 84' lang='lat' dir='ltr'><strong>magistri</strong></span> <span class='ocrx_word' id='word_1_439' title='bbox 1865 1631 2050 1656; x_wconf 87' lang='lat' dir='ltr'><strong>sacrorum</strong></span> <span class='ocrx_word' id='word_1_440' title='bbox 2081 1619 2281 1656; x_wconf 84' lang='lat' dir='ltr'><strong>officiorum</strong></span> <span class='ocrx_word' id='word_1_441' title='bbox 2314 1628 2373 1654; x_wconf 88' lang='lat' dir='ltr'><strong>co-</strong></span> 
     </span>
     <span class='ocr_line' id='line_1_56' title="bbox 148 1663 2373 1714; baseline -0.002 -12"><span class='ocrx_word' id='word_1_442' title='bbox 148 1665 188 1702; x_wconf 84' lang='lat' dir='ltr'><strong>&#39;A</strong></span> <span class='ocrx_word' id='word_1_443' title='bbox 209 1665 378 1714; x_wconf 74' lang='grc' dir='ltr'><strong><em>ε’ξανδρός</em></strong></span> <span class='ocrx_word' id='word_1_444' title='bbox 408 1680 448 1701; x_wconf 89' lang='grc' dir='ltr'><strong>τε</strong></span> <span class='ocrx_word' id='word_1_445' title='bbox 479 1668 594 1711; x_wconf 80' lang='grc' dir='ltr'><strong><em>ἕτερος</em></strong></span> <span class='ocrx_word' id='word_1_446' title='bbox 625 1669 696 1709; x_wconf 89' lang='grc' dir='ltr'><strong><em>(καὶ</em></strong></span> <span class='ocrx_word' id='word_1_447' title='bbox 720 1664 911 1710; x_wconf 79' lang='grc' dir='ltr'><strong><em>διαιτητήν</em></strong></span> <span class='ocrx_word' id='word_1_448' title='bbox 935 1664 975 1701; x_wconf 76' lang='grc' dir='ltr'><strong>δὲ</strong></span> <span class='ocrx_word' id='word_1_449' title='bbox 997 1667 1090 1702; x_wconf 84' lang='grc' dir='ltr'><strong><em>εἶναι</em></strong></span> <span class='ocrx_word' id='word_1_450' title='bbox 1113 1665 1227 1702; x_wconf 78' lang='grc' dir='ltr'><strong><em>κάκεῖ·</em></strong></span> <span class='ocrx_word' id='word_1_451' title='bbox 1241 1671 1283 1703; x_wconf 87' lang='grc'><strong>30</strong></span> <span class='ocrx_word' id='word_1_452' title='bbox 1295 1668 1490 1711; x_wconf 76' lang='lat' dir='ltr'><strong>gnovimus,</strong></span> <span class='ocrx_word' id='word_1_453' title='bbox 1517 1671 1553 1702; x_wconf 82' lang='lat' dir='ltr'><strong>et</strong></span> <span class='ocrx_word' id='word_1_454' title='bbox 1571 1667 1640 1702; x_wconf 86' lang='lat' dir='ltr'><strong>duo</strong></span> <span class='ocrx_word' id='word_1_455' title='bbox 1666 1666 1925 1711; x_wconf 76' lang='lat' dir='ltr'><strong>subsequentes</strong></span> <span class='ocrx_word' id='word_1_456' title='bbox 1950 1666 2011 1701; x_wconf 77' lang='lat' dir='ltr'><strong>alii</strong></span> <span class='ocrx_word' id='word_1_457' title='bbox 2034 1665 2199 1702; x_wconf 74' lang='lat' dir='ltr'><strong>advocati</strong></span> <span class='ocrx_word' id='word_1_458' title='bbox 2222 1664 2276 1700; x_wconf 84' lang='lat' dir='ltr'><strong>tui</strong></span> <span class='ocrx_word' id='word_1_459' title='bbox 2292 1663 2373 1706; x_wconf 87' lang='lat' dir='ltr'><strong>fori,</strong></span> 
     </span>
     <span class='ocr_line' id='line_1_57' title="bbox 151 1708 2374 1759; baseline -0.001 -11"><span class='ocrx_word' id='word_1_460' title='bbox 151 1727 218 1748; x_wconf 91' lang='grc' dir='ltr'><strong>νον</strong></span> <span class='ocrx_word' id='word_1_461' title='bbox 246 1715 310 1747; x_wconf 78' lang='grc' dir='ltr'><strong>τοῦ</strong></span> <span class='ocrx_word' id='word_1_462' title='bbox 335 1710 564 1758; x_wconf 82' lang='grc' dir='ltr'><strong><em>δικαστηρίου</em></strong></span> <span class='ocrx_word' id='word_1_463' title='bbox 588 1713 651 1746; x_wconf 79' lang='grc' dir='ltr'><strong>τοῦ</strong></span> <span class='ocrx_word' id='word_1_464' title='bbox 668 1709 906 1752; x_wconf 80' lang='grc' dir='ltr'><strong><em>ἐνδοξοτάτου</em></strong></span> <span class='ocrx_word' id='word_1_465' title='bbox 928 1717 1127 1759; x_wconf 87' lang='grc' dir='ltr'><strong><em>μαγίστρου</em></strong></span> <span class='ocrx_word' id='word_1_466' title='bbox 1151 1714 1228 1747; x_wconf 80' lang='grc' dir='ltr'><strong>τῶν</strong></span> <span class='ocrx_word' id='word_1_467' title='bbox 1297 1713 1422 1749; x_wconf 81' lang='lat' dir='ltr'><strong>Victor</strong></span> <span class='ocrx_word' id='word_1_468' title='bbox 1445 1716 1482 1749; x_wconf 86' lang='lat' dir='ltr'><strong>et</strong></span> <span class='ocrx_word' id='word_1_469' title='bbox 1513 1711 1573 1758; x_wconf 86' lang='lat' dir='ltr'><strong>qui</strong></span> <span class='ocrx_word' id='word_1_470' title='bbox 1600 1722 1645 1747; x_wconf 85' lang='lat' dir='ltr'><strong>ex</strong></span> <span class='ocrx_word' id='word_1_471' title='bbox 1668 1711 1815 1756; x_wconf 79' lang='lat' dir='ltr'><strong>Quizico</strong></span> <span class='ocrx_word' id='word_1_472' title='bbox 1839 1711 2062 1747; x_wconf 81' lang='lat' dir='ltr'><strong>Theodorus.</strong></span> <span class='ocrx_word' id='word_1_473' title='bbox 2110 1711 2170 1746; x_wconf 86' lang='lat' dir='ltr'><strong>Ex</strong></span> <span class='ocrx_word' id='word_1_474' title='bbox 2191 1708 2374 1746; x_wconf 77' lang='lat' dir='ltr'><strong>advocatis</strong></span> 
     </span>
     <span class='ocr_line' id='line_1_58' title="bbox 151 1754 1964 1804; baseline -0.001 -11"><span class='ocrx_word' id='word_1_475' title='bbox 151 1760 270 1793; x_wconf 82' lang='grc' dir='ltr'><strong><em>θείων</em></strong></span> <span class='ocrx_word' id='word_1_476' title='bbox 294 1754 477 1804; x_wconf 83' lang='grc' dir='ltr'><strong><em>ὂφφικίων</em></strong></span> <span class='ocrx_word' id='word_1_477' title='bbox 500 1756 787 1802; x_wconf 71' lang='grc' dir='ltr'><strong><em>μεμαθήκαμεν),</em></strong></span> <span class='ocrx_word' id='word_1_478' title='bbox 812 1760 872 1791; x_wconf 82' lang='grc' dir='ltr'><strong>καὶ</strong></span> <span class='ocrx_word' id='word_1_479' title='bbox 896 1755 959 1791; x_wconf 83' lang='grc' dir='ltr'><strong>δύο</strong></span> <span class='ocrx_word' id='word_1_480' title='bbox 984 1758 1108 1804; x_wconf 79' lang='grc' dir='ltr'><strong><em>ἐφεξῆς</em></strong></span> <span class='ocrx_word' id='word_1_481' title='bbox 1126 1757 1229 1792; x_wconf 75' lang='grc' dir='ltr'><strong><em>ἄλλοι</em></strong></span> <span class='ocrx_word' id='word_1_482' title='bbox 1298 1758 1426 1803; x_wconf 76' lang='lat' dir='ltr'><strong>itaque</strong></span> <span class='ocrx_word' id='word_1_483' title='bbox 1441 1758 1502 1794; x_wconf 80' lang='lat' dir='ltr'><strong>isti</strong></span> <span class='ocrx_word' id='word_1_484' title='bbox 1524 1756 1661 1793; x_wconf 84' lang='lat' dir='ltr'><strong>iudices</strong></span> <span class='ocrx_word' id='word_1_485' title='bbox 1685 1761 1964 1802; x_wconf 79' lang='lat' dir='ltr'><strong>praeponantur.</strong></span> 
     </span>
    </p>

    <p class='ocr_par' dir='ltr' id='par_1_23' title="bbox 153 1799 1229 1850">
     <span class='ocr_line' id='line_1_59' title="bbox 153 1799 1229 1850; baseline 0 -12"><span class='ocrx_word' id='word_1_486' title='bbox 153 1803 342 1850; x_wconf 84' lang='grc' dir='ltr'><strong><em>συνήνοροι</em></strong></span> <span class='ocrx_word' id='word_1_487' title='bbox 365 1804 427 1846; x_wconf 82' lang='grc' dir='ltr'><strong>τῆς</strong></span> <span class='ocrx_word' id='word_1_488' title='bbox 451 1804 513 1846; x_wconf 78' lang='grc' dir='ltr'><strong>σῆς</strong></span> <span class='ocrx_word' id='word_1_489' title='bbox 544 1799 690 1849; x_wconf 67' lang='grc' dir='ltr'><strong><em>ἀγορᾶς,</em></strong></span> <span class='ocrx_word' id='word_1_490' title='bbox 721 1806 866 1848; x_wconf 82' lang='grc' dir='ltr'><strong><em>Βίκτωρ</em></strong></span> <span class='ocrx_word' id='word_1_491' title='bbox 889 1800 991 1846; x_wconf 29' lang='grc' dir='ltr'><strong><em>καὶὶὁ</em></strong></span> <span class='ocrx_word' id='word_1_492' title='bbox 1017 1806 1055 1837; x_wconf 81' lang='grc' dir='ltr'><strong>ἐκ</strong></span> <span class='ocrx_word' id='word_1_493' title='bbox 1075 1805 1229 1846; x_wconf 80' lang='grc' dir='ltr'><strong><em>Κυζίκου</em></strong></span> 
     </span>
    </p>

    <p class='ocr_par' dir='ltr' id='par_1_24' title="bbox 154 1847 1230 1895">
     <span class='ocr_line' id='line_1_60' title="bbox 154 1847 1230 1895; baseline -0.002 -11"><span class='ocrx_word' id='word_1_494' title='bbox 154 1849 222 1884; x_wconf 78' lang='grc' dir='ltr'><strong>Θεό</strong></span> <span class='ocrx_word' id='word_1_495' title='bbox 250 1860 347 1895; x_wconf 88' lang='grc' dir='ltr'><strong><em>ωρος.</em></strong></span> <span class='ocrx_word' id='word_1_496' title='bbox 396 1850 434 1882; x_wconf 82' lang='grc' dir='ltr'><strong>ἐκ</strong></span> <span class='ocrx_word' id='word_1_497' title='bbox 464 1849 531 1893; x_wconf 75' lang='grc' dir='ltr'><strong>μὲν</strong></span> <span class='ocrx_word' id='word_1_498' title='bbox 566 1850 632 1882; x_wconf 80' lang='grc' dir='ltr'><strong>οὖν</strong></span> <span class='ocrx_word' id='word_1_499' title='bbox 671 1847 884 1895; x_wconf 88' lang='grc' dir='ltr'><strong><em>συνηγόρων</em></strong></span> <span class='ocrx_word' id='word_1_500' title='bbox 923 1848 1023 1883; x_wconf 85' lang='grc' dir='ltr'><strong><em>οὑτοι</em></strong></span> <span class='ocrx_word' id='word_1_501' title='bbox 1062 1847 1230 1884; x_wconf 79' lang='grc' dir='ltr'><strong><em>δικασταὶ</em></strong></span> 
     </span>
    </p>

    <p class='ocr_par' dir='ltr' id='par_1_25' title="bbox 151 1890 2375 1986">
     <span class='ocr_line' id='line_1_61' title="bbox 151 1890 2375 1941; baseline -0.002 -10"><span class='ocrx_word' id='word_1_502' title='bbox 151 1897 173 1931; x_wconf 91' lang='grc'><strong>1</strong></span> <span class='ocrx_word' id='word_1_503' title='bbox 220 1893 556 1941; x_wconf 75' lang='grc' dir='ltr'><strong><em>προκεκρίσθωσαν.</em></strong></span> <span class='ocrx_word' id='word_1_504' title='bbox 611 1890 757 1937; x_wconf 76' lang='grc' dir='ltr'><strong><em>Ἐπειδὴ</em></strong></span> <span class='ocrx_word' id='word_1_505' title='bbox 789 1892 828 1927; x_wconf 86' lang='grc' dir='ltr'><strong>δὲ</strong></span> <span class='ocrx_word' id='word_1_506' title='bbox 850 1893 1028 1940; x_wconf 76' lang='grc' dir='ltr'><strong><em>προςῆκόν</em></strong></span> <span class='ocrx_word' id='word_1_507' title='bbox 1060 1896 1161 1929; x_wconf 80' lang='grc' dir='ltr'><strong><em>ἐστιν</em></strong></span> <span class='ocrx_word' id='word_1_508' title='bbox 1184 1895 1230 1929; x_wconf 80' lang='grc' dir='ltr'><strong>εἶ-</strong></span> <span class='ocrx_word' id='word_1_509' title='bbox 1246 1898 1287 1931; x_wconf 86' lang='grc'><strong>35</strong></span> <span class='ocrx_word' id='word_1_510' title='bbox 1301 1895 1320 1929; x_wconf 94' lang='lat'>1</span> <span class='ocrx_word' id='word_1_511' title='bbox 1367 1892 1458 1937; x_wconf 81' lang='lat' dir='ltr'><strong>Quia</strong></span> <span class='ocrx_word' id='word_1_512' title='bbox 1481 1902 1564 1929; x_wconf 89' lang='lat' dir='ltr'><strong>vero</strong></span> <span class='ocrx_word' id='word_1_513' title='bbox 1589 1897 1794 1939; x_wconf 89' lang='lat' dir='ltr'><strong>competens</strong></span> <span class='ocrx_word' id='word_1_514' title='bbox 1819 1896 1874 1928; x_wconf 89' lang='lat' dir='ltr'><strong>est</strong></span> <span class='ocrx_word' id='word_1_515' title='bbox 1904 1901 1982 1927; x_wconf 87' lang='lat' dir='ltr'><strong>esse</strong></span> <span class='ocrx_word' id='word_1_516' title='bbox 2008 1892 2114 1927; x_wconf 90' lang='lat' dir='ltr'><strong>etiam</strong></span> <span class='ocrx_word' id='word_1_517' title='bbox 2143 1891 2297 1927; x_wconf 85' lang='lat' dir='ltr'><strong>maiores</strong></span> <span class='ocrx_word' id='word_1_518' title='bbox 2320 1891 2375 1926; x_wconf 91' lang='lat' dir='ltr'><strong>iu-</strong></span> 
     </span>
     <span class='ocr_line' id='line_1_62' title="bbox 152 1936 2375 1986; baseline -0.002 -11"><span class='ocrx_word' id='word_1_519' title='bbox 152 1955 214 1976; x_wconf 89' lang='grc' dir='ltr'><strong>ναι</strong></span> <span class='ocrx_word' id='word_1_520' title='bbox 252 1943 312 1975; x_wconf 83' lang='grc' dir='ltr'><strong>καὶ</strong></span> <span class='ocrx_word' id='word_1_521' title='bbox 346 1941 484 1984; x_wconf 77' lang='grc' dir='ltr'><strong><em>μείζους</em></strong></span> <span class='ocrx_word' id='word_1_522' title='bbox 516 1936 686 1973; x_wconf 81' lang='grc' dir='ltr'><strong><em>δικαστὰς</em></strong></span> <span class='ocrx_word' id='word_1_523' title='bbox 719 1939 802 1973; x_wconf 79' lang='grc' dir='ltr'><strong><em>τοὺς</em></strong></span> <span class='ocrx_word' id='word_1_524' title='bbox 835 1941 902 1983; x_wconf 77' lang='grc' dir='ltr'><strong>μὲν</strong></span> <span class='ocrx_word' id='word_1_525' title='bbox 931 1936 1111 1984; x_wconf 80' lang='grc' dir='ltr'><strong><em>ἀξιώμασι</em></strong></span> <span class='ocrx_word' id='word_1_526' title='bbox 1143 1953 1229 1986; x_wconf 79' lang='grc' dir='ltr'><strong><em>προ·</em></strong></span> <span class='ocrx_word' id='word_1_527' title='bbox 1299 1939 1396 1975; x_wconf 91' lang='lat' dir='ltr'><strong>dices</strong></span> <span class='ocrx_word' id='word_1_528' title='bbox 1432 1939 1570 1983; x_wconf 89' lang='lat' dir='ltr'><strong>aliquos</strong></span> <span class='ocrx_word' id='word_1_529' title='bbox 1607 1939 1780 1983; x_wconf 86' lang='lat' dir='ltr'><strong>dignitate</strong></span> <span class='ocrx_word' id='word_1_530' title='bbox 1811 1942 2000 1984; x_wconf 87' lang='lat' dir='ltr'><strong>provectos</strong></span> <span class='ocrx_word' id='word_1_531' title='bbox 2035 1937 2105 1983; x_wconf 77' lang='lat' dir='ltr'><strong>(et)</strong></span> <span class='ocrx_word' id='word_1_532' title='bbox 2135 1938 2375 1983; x_wconf 86' lang='lat' dir='ltr'><strong>experimento</strong></span> 
     </span>
    </p>
   </div>
   <div class='ocr_carea' id='block_1_23' title="bbox 206 2027 2374 2075">
    <p class='ocr_par' dir='ltr' id='par_1_26' title="bbox 206 2027 2374 2075">
     <span class='ocr_line' id='line_1_63' title="bbox 206 2027 2374 2075; baseline -0.002 -10"><span class='ocrx_word' id='word_1_533' title='bbox 206 2045 232 2066; x_wconf 88' lang='lat' dir='ltr'><strong>c.</strong></span> <span class='ocrx_word' id='word_1_534' title='bbox 246 2032 373 2066; x_wconf 88' lang='lat' dir='ltr'><strong>I-Ill</strong></span> <span class='ocrx_word' id='word_1_535' title='bbox 386 2033 588 2065; x_wconf 84' lang='lat' dir='ltr'><strong>summarium</strong></span> <span class='ocrx_word' id='word_1_536' title='bbox 606 2032 702 2064; x_wconf 75' lang='lat' dir='ltr'><strong>habet</strong></span> <span class='ocrx_word' id='word_1_537' title='bbox 716 2031 843 2074; x_wconf 73' lang='lat' dir='ltr'><strong>Ecloqa</strong></span> <span class='ocrx_word' id='word_1_538' title='bbox 861 2032 914 2064; x_wconf 81' lang='lat' dir='ltr'><strong>lib.</strong></span> <span class='ocrx_word' id='word_1_539' title='bbox 928 2032 1033 2065; x_wconf 90' lang='lat' dir='ltr'><strong>I—X</strong></span> <span class='ocrx_word' id='word_1_540' title='bbox 1050 2032 1270 2065; x_wconf 70' lang='lat' dir='ltr'><strong>Basilio-orum</strong></span> <span class='ocrx_word' id='word_1_541' title='bbox 1288 2032 1355 2075; x_wconf 87' lang='lat' dir='ltr'><strong>(ap.</strong></span> <span class='ocrx_word' id='word_1_542' title='bbox 1369 2031 1557 2064; x_wconf 82' lang='lat' dir='ltr'><strong>Zachariae</strong></span> <span class='ocrx_word' id='word_1_543' title='bbox 1577 2030 1691 2064; x_wconf 84' lang='lat' dir='ltr'><strong>G&#39;esclz.</strong></span> <span class='ocrx_word' id='word_1_544' title='bbox 1706 2031 1762 2063; x_wconf 84' lang='lat' dir='ltr'><strong>des</strong></span> <span class='ocrx_word' id='word_1_545' title='bbox 1773 2031 1894 2074; x_wconf 75' lang='lat' dir='ltr'><strong>yriech.</strong></span> <span class='ocrx_word' id='word_1_546' title='bbox 1908 2035 1984 2063; x_wconf 80' lang='lat' dir='ltr'><strong>ro‘m.</strong></span> <span class='ocrx_word' id='word_1_547' title='bbox 1998 2029 2120 2063; x_wconf 78' lang='lat' dir='ltr'><strong>Rechts</strong></span> <span class='ocrx_word' id='word_1_548' title='bbox 2134 2030 2198 2063; x_wconf 83' lang='lat'><strong>335</strong></span> <span class='ocrx_word' id='word_1_549' title='bbox 2218 2040 2248 2060; x_wconf 82' lang='lat' dir='ltr'><strong>n.</strong></span> <span class='ocrx_word' id='word_1_550' title='bbox 2263 2027 2374 2068; x_wconf 89' lang='lat'><strong>1238).</strong></span> 
     </span>
    </p>
   </div>
   <div class='ocr_carea' id='block_1_24' title="bbox 152 2126 2379 2899">
    <p class='ocr_par' dir='ltr' id='par_1_27' title="bbox 153 2126 2378 2481">
     <span class='ocr_line' id='line_1_64' title="bbox 153 2126 2378 2176; baseline -0.001 -10"><span class='ocrx_word' id='word_1_551' title='bbox 153 2134 250 2173; x_wconf 89' lang='lat' dir='ltr'><strong>sunt,</strong></span> <span class='ocrx_word' id='word_1_552' title='bbox 273 2131 338 2176; x_wconf 82' lang='lat' dir='ltr'><strong>qui</strong></span> <span class='ocrx_word' id='word_1_553' title='bbox 360 2141 453 2175; x_wconf 86' lang='lat' dir='ltr'><strong>quae</strong></span> <span class='ocrx_word' id='word_1_554' title='bbox 476 2129 525 2165; x_wconf 89' lang='lat' dir='ltr'><strong>ad</strong></span> <span class='ocrx_word' id='word_1_555' title='bbox 548 2130 644 2176; x_wconf 76' lang='lat' dir='ltr'><strong>leqes</strong></span> <span class='ocrx_word' id='word_1_556' title='bbox 673 2130 854 2176; x_wconf 77' lang='lat' dir='ltr'><strong>pertinent</strong></span> <span class='ocrx_word' id='word_1_557' title='bbox 877 2131 1160 2176; x_wconf 85' lang='lat' dir='ltr'><strong>interpretentur</strong></span> <span class='ocrx_word' id='word_1_558' title='bbox 1192 2134 1226 2166; x_wconf 89' lang='lat' dir='ltr'><strong>et</strong></span> <span class='ocrx_word' id='word_1_559' title='bbox 1250 2141 1375 2166; x_wconf 89' lang='lat' dir='ltr'><strong>eorum</strong></span> <span class='ocrx_word' id='word_1_560' title='bbox 1408 2129 1663 2176; x_wconf 76' lang='lat' dir='ltr'><strong>occupationes</strong></span> <span class='ocrx_word' id='word_1_561' title='bbox 1685 2129 1898 2176; x_wconf 78' lang='lat' dir='ltr'><strong>suppleant,</strong></span> <span class='ocrx_word' id='word_1_562' title='bbox 1933 2127 2225 2174; x_wconf 83' lang='lat' dir='ltr'><strong>quandoquidem</strong></span> <span class='ocrx_word' id='word_1_563' title='bbox 2256 2126 2378 2163; x_wconf 87' lang='lat' dir='ltr'><strong>multis</strong></span> 
     </span>
     <span class='ocr_line' id='line_1_65' title="bbox 155 2171 2378 2221; baseline -0.001 -11"><span class='ocrx_word' id='word_1_564' title='bbox 155 2175 253 2211; x_wconf 89' lang='lat' dir='ltr'><strong>curis</strong></span> <span class='ocrx_word' id='word_1_565' title='bbox 277 2185 369 2220; x_wconf 83' lang='lat' dir='ltr'><strong>quas</strong></span> <span class='ocrx_word' id='word_1_566' title='bbox 388 2173 488 2221; x_wconf 89' lang='lat' dir='ltr'><strong>apud</strong></span> <span class='ocrx_word' id='word_1_567' title='bbox 509 2185 576 2210; x_wconf 91' lang='lat' dir='ltr'><strong>nos</strong></span> <span class='ocrx_word' id='word_1_568' title='bbox 599 2173 731 2210; x_wconf 78' lang='lat' dir='ltr'><strong>habent</strong></span> <span class='ocrx_word' id='word_1_569' title='bbox 753 2174 898 2211; x_wconf 84' lang='lat' dir='ltr'><strong>distenti</strong></span> <span class='ocrx_word' id='word_1_570' title='bbox 926 2175 1052 2210; x_wconf 87' lang='lat' dir='ltr'><strong>merito</strong></span> <span class='ocrx_word' id='word_1_571' title='bbox 1076 2175 1246 2211; x_wconf 86' lang='lat' dir='ltr'><strong>iudiciale</strong></span> <span class='ocrx_word' id='word_1_572' title='bbox 1276 2186 1405 2210; x_wconf 87' lang='lat' dir='ltr'><strong>munus</strong></span> <span class='ocrx_word' id='word_1_573' title='bbox 1430 2185 1652 2210; x_wconf 78' lang='lat' dir='ltr'><strong>assessorum</strong></span> <span class='ocrx_word' id='word_1_574' title='bbox 1682 2185 1830 2209; x_wconf 87' lang='lat' dir='ltr'><strong>suorum</strong></span> <span class='ocrx_word' id='word_1_575' title='bbox 1852 2173 2061 2220; x_wconf 88' lang='lat' dir='ltr'><strong>praesentia</strong></span> <span class='ocrx_word' id='word_1_576' title='bbox 2084 2173 2266 2220; x_wconf 89' lang='lat' dir='ltr'><strong>supplent.</strong></span> <span class='ocrx_word' id='word_1_577' title='bbox 2313 2171 2378 2208; x_wconf 87' lang='lat' dir='ltr'><strong>Illi</strong></span> 
     </span>
     <span class='ocr_line' id='line_1_66' title="bbox 155 2219 2377 2266; baseline -0.002 -9"><span class='ocrx_word' id='word_1_578' title='bbox 155 2231 253 2262; x_wconf 79' lang='lat' dir='ltr'><strong>vere,</strong></span> <span class='ocrx_word' id='word_1_579' title='bbox 278 2220 341 2266; x_wconf 84' lang='lat' dir='ltr'><strong>qui</strong></span> <span class='ocrx_word' id='word_1_580' title='bbox 362 2230 477 2265; x_wconf 85' lang='lat' dir='ltr'><strong>neque</strong></span> <span class='ocrx_word' id='word_1_581' title='bbox 500 2219 749 2265; x_wconf 59' lang='lat' dir='ltr'><strong>magistratum</strong></span> <span class='ocrx_word' id='word_1_582' title='bbox 800 2223 905 2255; x_wconf 87' lang='lat' dir='ltr'><strong>erunt</strong></span> <span class='ocrx_word' id='word_1_583' title='bbox 927 2230 1042 2266; x_wconf 83' lang='lat' dir='ltr'><strong>neque</strong></span> <span class='ocrx_word' id='word_1_584' title='bbox 1065 2219 1167 2255; x_wconf 86' lang='lat' dir='ltr'><strong>nobis</strong></span> <span class='ocrx_word' id='word_1_585' title='bbox 1190 2220 1400 2263; x_wconf 83' lang='lat' dir='ltr'><strong>inserviunt,</strong></span> <span class='ocrx_word' id='word_1_586' title='bbox 1423 2220 1456 2255; x_wconf 89' lang='lat' dir='ltr'><strong>si</strong></span> <span class='ocrx_word' id='word_1_587' title='bbox 1480 2230 1553 2255; x_wconf 90' lang='lat' dir='ltr'><strong>non</strong></span> <span class='ocrx_word' id='word_1_588' title='bbox 1577 2219 1673 2254; x_wconf 91' lang='lat' dir='ltr'><strong>ultro</strong></span> <span class='ocrx_word' id='word_1_589' title='bbox 1698 2219 1842 2265; x_wconf 85' lang='lat' dir='ltr'><strong>quidem</strong></span> <span class='ocrx_word' id='word_1_590' title='bbox 1866 2219 1955 2265; x_wconf 81' lang='lat' dir='ltr'><strong>quid</strong></span> <span class='ocrx_word' id='word_1_591' title='bbox 1977 2219 2069 2253; x_wconf 86' lang='lat' dir='ltr'><strong>iuris</strong></span> <span class='ocrx_word' id='word_1_592' title='bbox 2091 2219 2140 2253; x_wconf 89' lang='lat' dir='ltr'><strong>sit</strong></span> <span class='ocrx_word' id='word_1_593' title='bbox 2155 2222 2377 2265; x_wconf 87' lang='lat' dir='ltr'><strong>compertum</strong></span> 
     </span>
     <span class='ocr_line' id='line_1_67' title="bbox 157 2260 2377 2310; baseline -0.001 -9"><span class='ocrx_word' id='word_1_594' title='bbox 157 2265 317 2301; x_wconf 81' lang='lat' dir='ltr'><strong>habituri</strong></span> <span class='ocrx_word' id='word_1_595' title='bbox 339 2265 429 2306; x_wconf 88' lang='lat' dir='ltr'><strong>sint,</strong></span> <span class='ocrx_word' id='word_1_596' title='bbox 458 2264 523 2299; x_wconf 88' lang='lat' dir='ltr'><strong>sed</strong></span> <span class='ocrx_word' id='word_1_597' title='bbox 545 2264 692 2299; x_wconf 76' lang='lat' dir='ltr'><strong>aliunde</strong></span> <span class='ocrx_word' id='word_1_598' title='bbox 714 2265 752 2299; x_wconf 93' lang='lat' dir='ltr'><strong>iu</strong></span> <span class='ocrx_word' id='word_1_599' title='bbox 779 2264 900 2299; x_wconf 82' lang='lat' dir='ltr'><strong>icandi</strong></span> <span class='ocrx_word' id='word_1_600' title='bbox 924 2265 1145 2300; x_wconf 77' lang='lat' dir='ltr'><strong>honestatem</strong></span> <span class='ocrx_word' id='word_1_601' title='bbox 1167 2264 1435 2307; x_wconf 67' lang='lat' dir='ltr'><strong>emendicatum,</strong></span> <span class='ocrx_word' id='word_1_602' title='bbox 1491 2265 1529 2299; x_wconf 89' lang='lat' dir='ltr'><strong>ui</strong></span> <span class='ocrx_word' id='word_1_603' title='bbox 1550 2275 1623 2299; x_wconf 90' lang='lat' dir='ltr'><strong>non</strong></span> <span class='ocrx_word' id='word_1_604' title='bbox 1647 2260 1811 2299; x_wconf 69' lang='lat' dir='ltr'><strong>maximo⁸</strong></span> <span class='ocrx_word' id='word_1_605' title='bbox 1832 2264 1900 2299; x_wconf 79' lang='lat' dir='ltr'><strong>ltoc</strong></span> <span class='ocrx_word' id='word_1_606' title='bbox 1923 2263 2136 2299; x_wconf 85' lang='lat' dir='ltr'><strong>detrimento</strong></span> <span class='ocrx_word' id='word_1_607' title='bbox 2157 2263 2377 2310; x_wconf 86' lang='lat' dir='ltr'><strong>reipublicae</strong></span> 
     </span>
     <span class='ocr_line' id='line_1_68' title="bbox 157 2309 2375 2355; baseline -0.001 -9"><span class='ocrx_word' id='word_1_608' title='bbox 157 2311 237 2352; x_wconf 88' lang='lat' dir='ltr'><strong>erit,</strong></span> <span class='ocrx_word' id='word_1_609' title='bbox 287 2309 360 2345; x_wconf 88' lang='lat' dir='ltr'><strong>uod</strong></span> <span class='ocrx_word' id='word_1_610' title='bbox 383 2320 457 2345; x_wconf 89' lang='lat' dir='ltr'><strong>non</strong></span> <span class='ocrx_word' id='word_1_611' title='bbox 481 2309 526 2344; x_wconf 88' lang='lat' dir='ltr'><strong>iis</strong></span> <span class='ocrx_word' id='word_1_612' title='bbox 550 2309 612 2355; x_wconf 82' lang='lat' dir='ltr'><strong>qui</strong></span> <span class='ocrx_word' id='word_1_613' title='bbox 627 2309 725 2344; x_wconf 90' lang='lat' dir='ltr'><strong>ultro</strong></span> <span class='ocrx_word' id='word_1_614' title='bbox 751 2309 839 2355; x_wconf 84' lang='lat' dir='ltr'><strong>quid</strong></span> <span class='ocrx_word' id='word_1_615' title='bbox 851 2310 1063 2355; x_wconf 88' lang='lat' dir='ltr'><strong>faciendum</strong></span> <span class='ocrx_word' id='word_1_616' title='bbox 1086 2310 1133 2345; x_wconf 88' lang='lat' dir='ltr'><strong>sit</strong></span> <span class='ocrx_word' id='word_1_617' title='bbox 1148 2310 1267 2345; x_wconf 86' lang='lat' dir='ltr'><strong>sciunt</strong></span> <span class='ocrx_word' id='word_1_618' title='bbox 1292 2310 1370 2345; x_wconf 89' lang='lat' dir='ltr'><strong>lites</strong></span> <span class='ocrx_word' id='word_1_619' title='bbox 1390 2315 1446 2345; x_wconf 89' lang='lat' dir='ltr'><strong>tra</strong></span> <span class='ocrx_word' id='word_1_620' title='bbox 1474 2313 1595 2350; x_wconf 89' lang='lat' dir='ltr'><strong>untur,</strong></span> <span class='ocrx_word' id='word_1_621' title='bbox 1619 2309 1683 2344; x_wconf 86' lang='lat' dir='ltr'><strong>sed</strong></span> <span class='ocrx_word' id='word_1_622' title='bbox 1700 2309 1745 2344; x_wconf 89' lang='lat' dir='ltr'><strong>iis</strong></span> <span class='ocrx_word' id='word_1_623' title='bbox 1761 2309 1988 2355; x_wconf 86' lang='lat' dir='ltr'><strong>permittitur</strong></span> <span class='ocrx_word' id='word_1_624' title='bbox 2011 2312 2050 2343; x_wconf 88' lang='lat' dir='ltr'><strong>ut</strong></span> <span class='ocrx_word' id='word_1_625' title='bbox 2068 2309 2162 2343; x_wconf 90' lang='lat' dir='ltr'><strong>alios</strong></span> <span class='ocrx_word' id='word_1_626' title='bbox 2185 2313 2375 2354; x_wconf 81' lang='lat' dir='ltr'><strong>quaerant,</strong></span> 
     </span>
     <span class='ocr_line' id='line_1_69' title="bbox 158 2353 2375 2401; baseline -0.001 -11"><span class='ocrx_word' id='word_1_627' title='bbox 158 2367 181 2390; x_wconf 89' lang='lat' dir='ltr'><strong>a</strong></span> <span class='ocrx_word' id='word_1_628' title='bbox 205 2355 267 2400; x_wconf 85' lang='lat' dir='ltr'><strong>qui</strong></span> <span class='ocrx_word' id='word_1_629' title='bbox 292 2365 334 2390; x_wconf 88' lang='lat' dir='ltr'><strong>us</strong></span> <span class='ocrx_word' id='word_1_630' title='bbox 357 2354 493 2390; x_wconf 89' lang='lat' dir='ltr'><strong>discere</strong></span> <span class='ocrx_word' id='word_1_631' title='bbox 517 2354 623 2389; x_wconf 88' lang='lat' dir='ltr'><strong>liceat</strong></span> <span class='ocrx_word' id='word_1_632' title='bbox 647 2365 740 2399; x_wconf 86' lang='lat' dir='ltr'><strong>quae</strong></span> <span class='ocrx_word' id='word_1_633' title='bbox 762 2354 800 2389; x_wconf 87' lang='lat' dir='ltr'><strong>in</strong></span> <span class='ocrx_word' id='word_1_634' title='bbox 824 2354 1017 2390; x_wconf 86' lang='lat' dir='ltr'><strong>iudicando</strong></span> <span class='ocrx_word' id='word_1_635' title='bbox 1044 2355 1145 2401; x_wconf 84' lang='lat' dir='ltr'><strong>loqui</strong></span> <span class='ocrx_word' id='word_1_636' title='bbox 1169 2355 1363 2400; x_wconf 83' lang='lat' dir='ltr'><strong>oporteat?</strong></span> <span class='ocrx_word' id='word_1_637' title='bbox 1398 2354 1500 2390; x_wconf 87' lang='lat' dir='ltr'><strong>Haec</strong></span> <span class='ocrx_word' id='word_1_638' title='bbox 1532 2365 1600 2389; x_wconf 89' lang='lat' dir='ltr'><strong>nos</strong></span> <span class='ocrx_word' id='word_1_639' title='bbox 1631 2354 1756 2388; x_wconf 90' lang='lat' dir='ltr'><strong>merito</strong></span> <span class='ocrx_word' id='word_1_640' title='bbox 1779 2353 1829 2388; x_wconf 91' lang='lat' dir='ltr'><strong>ad</strong></span> <span class='ocrx_word' id='word_1_641' title='bbox 1846 2359 2076 2399; x_wconf 84' lang='lat' dir='ltr'><strong>praesentem</strong></span> <span class='ocrx_word' id='word_1_642' title='bbox 2100 2353 2212 2400; x_wconf 72' lang='lat' dir='ltr'><strong>leyem</strong></span> <span class='ocrx_word' id='word_1_643' title='bbox 2236 2354 2375 2389; x_wconf 80' lang='lat' dir='ltr'><strong>excita-</strong></span> 
     </span>
     <span class='ocr_line' id='line_1_70' title="bbox 157 2398 2376 2446; baseline -0.001 -11"><span class='ocrx_word' id='word_1_644' title='bbox 157 2404 260 2441; x_wconf 89' lang='lat' dir='ltr'><strong>runt,</strong></span> <span class='ocrx_word' id='word_1_645' title='bbox 293 2400 428 2446; x_wconf 79' lang='lat' dir='ltr'><strong>quippe</strong></span> <span class='ocrx_word' id='word_1_646' title='bbox 452 2399 516 2445; x_wconf 83' lang='lat' dir='ltr'><strong>qui</strong></span> <span class='ocrx_word' id='word_1_647' title='bbox 538 2399 705 2435; x_wconf 84' lang='lat' dir='ltr'><strong>subiectis</strong></span> <span class='ocrx_word' id='word_1_648' title='bbox 728 2401 864 2435; x_wconf 89' lang='lat' dir='ltr'><strong>nostris</strong></span> <span class='ocrx_word' id='word_1_649' title='bbox 879 2400 1151 2446; x_wconf 83' lang='lat' dir='ltr'><strong>prospiciamus</strong></span> <span class='ocrx_word' id='word_1_650' title='bbox 1181 2400 1303 2446; x_wconf 84' lang='lat' dir='ltr'><strong>eisque</strong></span> <span class='ocrx_word' id='word_1_651' title='bbox 1326 2410 1369 2435; x_wconf 87' lang='lat' dir='ltr'><strong>ea</strong></span> <span class='ocrx_word' id='word_1_652' title='bbox 1393 2410 1538 2445; x_wconf 81' lang='lat' dir='ltr'><strong>quoque</strong></span> <span class='ocrx_word' id='word_1_653' title='bbox 1561 2409 1655 2444; x_wconf 81' lang='lat' dir='ltr'><strong>quac</strong></span> <span class='ocrx_word' id='word_1_654' title='bbox 1684 2398 1733 2433; x_wconf 88' lang='lat' dir='ltr'><strong>ad</strong></span> <span class='ocrx_word' id='word_1_655' title='bbox 1756 2399 1836 2434; x_wconf 86' lang='lat' dir='ltr'><strong>lites</strong></span> <span class='ocrx_word' id='word_1_656' title='bbox 1856 2399 2042 2445; x_wconf 84' lang='lat' dir='ltr'><strong>pertinent</strong></span> <span class='ocrx_word' id='word_1_657' title='bbox 2057 2402 2235 2445; x_wconf 84' lang='lat' dir='ltr'><strong>prompta</strong></span> <span class='ocrx_word' id='word_1_658' title='bbox 2258 2403 2294 2433; x_wconf 88' lang='lat' dir='ltr'><strong>et</strong></span> <span class='ocrx_word' id='word_1_659' title='bbox 2315 2398 2376 2443; x_wconf 84' lang='lat' dir='ltr'><strong>fa-</strong></span> 
     </span>
     <span class='ocr_line' id='line_1_71' title="bbox 160 2444 1113 2481; baseline 0 -1"><span class='ocrx_word' id='word_1_660' title='bbox 160 2445 244 2481; x_wconf 83' lang='lat' dir='ltr'><strong>cilia</strong></span> <span class='ocrx_word' id='word_1_661' title='bbox 267 2456 343 2480; x_wconf 88' lang='lat' dir='ltr'><strong>esse</strong></span> <span class='ocrx_word' id='word_1_662' title='bbox 367 2449 401 2480; x_wconf 89' lang='lat' dir='ltr'><strong>et</strong></span> <span class='ocrx_word' id='word_1_663' title='bbox 423 2445 500 2479; x_wconf 87' lang='lat' dir='ltr'><strong>sine</strong></span> <span class='ocrx_word' id='word_1_664' title='bbox 524 2444 599 2479; x_wconf 90' lang='lat' dir='ltr'><strong>ulla</strong></span> <span class='ocrx_word' id='word_1_665' title='bbox 623 2444 794 2480; x_wconf 85' lang='lat' dir='ltr'><strong>dilatione</strong></span> <span class='ocrx_word' id='word_1_666' title='bbox 817 2444 937 2480; x_wconf 87' lang='lat' dir='ltr'><strong>decidi</strong></span> <span class='ocrx_word' id='word_1_667' title='bbox 957 2445 1113 2481; x_wconf 83' lang='lat' dir='ltr'><strong>velimus.</strong></span> 
     </span>
    </p>

    <p class='ocr_par' dir='ltr' id='par_1_28' title="bbox 152 2487 2378 2808">
     <span class='ocr_line' id='line_1_72' title="bbox 292 2487 2378 2537; baseline -0.001 -11"><span class='ocrx_word' id='word_1_668' title='bbox 292 2490 320 2526; x_wconf 91' lang='lat'><strong>1.</strong></span> <span class='ocrx_word' id='word_1_669' title='bbox 369 2490 563 2535; x_wconf 86' lang='lat' dir='ltr'><strong>Antiquam</strong></span> <span class='ocrx_word' id='word_1_670' title='bbox 587 2490 701 2536; x_wconf 74' lang='lat' dir='ltr'><strong>iqitur</strong></span> <span class='ocrx_word' id='word_1_671' title='bbox 724 2490 992 2525; x_wconf 84' lang='lat' dir='ltr'><strong>constitutionis</strong></span> <span class='ocrx_word' id='word_1_672' title='bbox 1015 2489 1171 2526; x_wconf 87' lang='lat' dir='ltr'><strong>Zenonis</strong></span> <span class='ocrx_word' id='word_1_673' title='bbox 1191 2490 1276 2537; x_wconf 89' lang='lat' dir='ltr'><strong>piae</strong></span> <span class='ocrx_word' id='word_1_674' title='bbox 1306 2490 1500 2525; x_wconf 82' lang='lat' dir='ltr'><strong>memoriae</strong></span> <span class='ocrx_word' id='word_1_675' title='bbox 1530 2489 1711 2535; x_wconf 83' lang='lat' dir='ltr'><strong>sormam,</strong></span> <span class='ocrx_word' id='word_1_676' title='bbox 1744 2499 1837 2534; x_wconf 83' lang='lat' dir='ltr'><strong>quae</strong></span> <span class='ocrx_word' id='word_1_677' title='bbox 1868 2488 2063 2534; x_wconf 78' lang='lat' dir='ltr'><strong>unicuique</strong></span> <span class='ocrx_word' id='word_1_678' title='bbox 2092 2487 2226 2524; x_wconf 86' lang='lat' dir='ltr'><strong>iudicio</strong></span> <span class='ocrx_word' id='word_1_679' title='bbox 2259 2491 2378 2524; x_wconf 84' lang='lat' dir='ltr'><strong>certos</strong></span> 
     </span>
     <span class='ocr_line' id='line_1_73' title="bbox 158 2532 2377 2582; baseline -0.001 -11"><span class='ocrx_word' id='word_1_680' title='bbox 158 2535 293 2571; x_wconf 85' lang='lat' dir='ltr'><strong>iudices</strong></span> <span class='ocrx_word' id='word_1_681' title='bbox 316 2535 490 2580; x_wconf 79' lang='lat' dir='ltr'><strong>definivit,</strong></span> <span class='ocrx_word' id='word_1_682' title='bbox 512 2535 623 2581; x_wconf 87' lang='lat' dir='ltr'><strong>plane</strong></span> <span class='ocrx_word' id='word_1_683' title='bbox 649 2535 816 2571; x_wconf 86' lang='lat' dir='ltr'><strong>tollimus.</strong></span> <span class='ocrx_word' id='word_1_684' title='bbox 864 2535 965 2582; x_wconf 73' lang='lat' dir='ltr'><strong>Eliqi</strong></span> <span class='ocrx_word' id='word_1_685' title='bbox 988 2540 1107 2571; x_wconf 88' lang='lat' dir='ltr'><strong>autem</strong></span> <span class='ocrx_word' id='word_1_686' title='bbox 1127 2535 1269 2582; x_wconf 87' lang='lat' dir='ltr'><strong>placuit</strong></span> <span class='ocrx_word' id='word_1_687' title='bbox 1292 2535 1395 2570; x_wconf 84' lang='lat' dir='ltr'><strong>nobis</strong></span> <span class='ocrx_word' id='word_1_688' title='bbox 1418 2534 1552 2570; x_wconf 84' lang='lat' dir='ltr'><strong>iudices</strong></span> <span class='ocrx_word' id='word_1_689' title='bbox 1576 2534 1620 2570; x_wconf 86' lang='lat' dir='ltr'><strong>ab</strong></span> <span class='ocrx_word' id='word_1_690' title='bbox 1647 2534 1743 2569; x_wconf 89' lang='lat' dir='ltr'><strong>omni</strong></span> <span class='ocrx_word' id='word_1_691' title='bbox 1763 2537 1873 2580; x_wconf 86' lang='lat' dir='ltr'><strong>parte</strong></span> <span class='ocrx_word' id='word_1_692' title='bbox 1894 2534 2025 2569; x_wconf 89' lang='lat' dir='ltr'><strong>bonum</strong></span> <span class='ocrx_word' id='word_1_693' title='bbox 2049 2533 2290 2568; x_wconf 85' lang='lat' dir='ltr'><strong>testimonium</strong></span> <span class='ocrx_word' id='word_1_694' title='bbox 2314 2532 2377 2569; x_wconf 72' lang='lat' dir='ltr'><strong>lla-</strong></span> 
     </span>
     <span class='ocr_line' id='line_1_74' title="bbox 159 2578 2378 2627; baseline -0.001 -10"><span class='ocrx_word' id='word_1_695' title='bbox 159 2582 289 2623; x_wconf 85' lang='lat' dir='ltr'><strong>bentes,</strong></span> <span class='ocrx_word' id='word_1_696' title='bbox 312 2581 374 2627; x_wconf 82' lang='lat' dir='ltr'><strong>qui</strong></span> <span class='ocrx_word' id='word_1_697' title='bbox 393 2591 596 2615; x_wconf 90' lang='lat' dir='ltr'><strong>communes</strong></span> <span class='ocrx_word' id='word_1_698' title='bbox 620 2581 776 2615; x_wconf 89' lang='lat' dir='ltr'><strong>omnium</strong></span> <span class='ocrx_word' id='word_1_699' title='bbox 799 2585 905 2616; x_wconf 89' lang='lat' dir='ltr'><strong>erunt</strong></span> <span class='ocrx_word' id='word_1_700' title='bbox 927 2581 1063 2616; x_wconf 89' lang='lat' dir='ltr'><strong>iudices</strong></span> <span class='ocrx_word' id='word_1_701' title='bbox 1086 2585 1211 2627; x_wconf 86' lang='lat' dir='ltr'><strong>utpote</strong></span> <span class='ocrx_word' id='word_1_702' title='bbox 1233 2581 1392 2626; x_wconf 86' lang='lat' dir='ltr'><strong>undique</strong></span> <span class='ocrx_word' id='word_1_703' title='bbox 1415 2580 1527 2616; x_wconf 89' lang='lat' dir='ltr'><strong>electi.</strong></span> <span class='ocrx_word' id='word_1_704' title='bbox 1574 2581 1692 2625; x_wconf 81' lang='lat' dir='ltr'><strong>Atque</strong></span> <span class='ocrx_word' id='word_1_705' title='bbox 1716 2579 1786 2614; x_wconf 73' lang='lat' dir='ltr'><strong>hoc</strong></span> <span class='ocrx_word' id='word_1_706' title='bbox 1809 2578 1952 2625; x_wconf 85' lang='lat' dir='ltr'><strong>quidem</strong></span> <span class='ocrx_word' id='word_1_707' title='bbox 1971 2579 2194 2624; x_wconf 85' lang='lat' dir='ltr'><strong>factumest,</strong></span> <span class='ocrx_word' id='word_1_708' title='bbox 2219 2582 2253 2613; x_wconf 79' lang='lat' dir='ltr'><strong>et</strong></span> <span class='ocrx_word' id='word_1_709' title='bbox 2274 2578 2378 2614; x_wconf 85' lang='lat' dir='ltr'><strong>electi</strong></span> 
     </span>
     <span class='ocr_line' id='line_1_75' title="bbox 157 2623 2378 2673; baseline -0.001 -12"><span class='ocrx_word' id='word_1_710' title='bbox 157 2630 242 2662; x_wconf 89' lang='lat' dir='ltr'><strong>sunt</strong></span> <span class='ocrx_word' id='word_1_711' title='bbox 265 2637 288 2661; x_wconf 92' lang='lat' dir='ltr'><strong>a</strong></span> <span class='ocrx_word' id='word_1_712' title='bbox 311 2625 413 2662; x_wconf 85' lang='lat' dir='ltr'><strong>nobis</strong></span> <span class='ocrx_word' id='word_1_713' title='bbox 435 2625 571 2661; x_wconf 87' lang='lat' dir='ltr'><strong>iudices</strong></span> <span class='ocrx_word' id='word_1_714' title='bbox 593 2625 783 2661; x_wconf 82' lang='lat' dir='ltr'><strong>Anatolius</strong></span> <span class='ocrx_word' id='word_1_715' title='bbox 805 2626 861 2661; x_wconf 88' lang='lat' dir='ltr'><strong>vir</strong></span> <span class='ocrx_word' id='word_1_716' title='bbox 882 2626 1088 2673; x_wconf 83' lang='lat' dir='ltr'><strong>spectabilis</strong></span> <span class='ocrx_word' id='word_1_717' title='bbox 1112 2626 1175 2671; x_wconf 84' lang='lat' dir='ltr'><strong>qui</strong></span> <span class='ocrx_word' id='word_1_718' title='bbox 1198 2626 1270 2661; x_wconf 83' lang='lat' dir='ltr'><strong>iam</strong></span> <span class='ocrx_word' id='word_1_719' title='bbox 1293 2625 1460 2661; x_wconf 80' lang='lat' dir='ltr'><strong>advocati</strong></span> <span class='ocrx_word' id='word_1_720' title='bbox 1482 2635 1628 2661; x_wconf 84' lang='lat' dir='ltr'><strong>munere</strong></span> <span class='ocrx_word' id='word_1_721' title='bbox 1651 2635 1767 2670; x_wconf 87' lang='lat' dir='ltr'><strong>nuper</strong></span> <span class='ocrx_word' id='word_1_722' title='bbox 1791 2625 1922 2659; x_wconf 87' lang='lat' dir='ltr'><strong>omisso</strong></span> <span class='ocrx_word' id='word_1_723' title='bbox 1946 2624 2040 2659; x_wconf 87' lang='lat' dir='ltr'><strong>inter</strong></span> <span class='ocrx_word' id='word_1_724' title='bbox 2061 2623 2276 2670; x_wconf 82' lang='lat' dir='ltr'><strong>spectabiles</strong></span> <span class='ocrx_word' id='word_1_725' title='bbox 2296 2624 2378 2669; x_wconf 82' lang='lat' dir='ltr'><strong>fisci</strong></span> 
     </span>
     <span class='ocr_line' id='line_1_76' title="bbox 152 2669 2378 2719; baseline -0.001 -13"><span class='ocrx_word' id='word_1_726' title='bbox 152 2675 336 2719; x_wconf 86' lang='lat' dir='ltr'><strong>patronos</strong></span> <span class='ocrx_word' id='word_1_727' title='bbox 357 2671 495 2706; x_wconf 85' lang='lat' dir='ltr'><strong>relatus</strong></span> <span class='ocrx_word' id='word_1_728' title='bbox 515 2674 578 2712; x_wconf 90' lang='lat' dir='ltr'><strong>est,</strong></span> <span class='ocrx_word' id='word_1_729' title='bbox 602 2674 637 2706; x_wconf 89' lang='lat' dir='ltr'><strong>et</strong></span> <span class='ocrx_word' id='word_1_730' title='bbox 653 2670 850 2706; x_wconf 84' lang='lat' dir='ltr'><strong>Flavianus</strong></span> <span class='ocrx_word' id='word_1_731' title='bbox 872 2675 928 2707; x_wconf 82' lang='lat' dir='ltr'><strong>vir</strong></span> <span class='ocrx_word' id='word_1_732' title='bbox 948 2671 1168 2707; x_wconf 83' lang='lat' dir='ltr'><strong>clarissimus</strong></span> <span class='ocrx_word' id='word_1_733' title='bbox 1191 2672 1254 2718; x_wconf 86' lang='lat' dir='ltr'><strong>qui</strong></span> <span class='ocrx_word' id='word_1_734' title='bbox 1275 2671 1472 2707; x_wconf 85' lang='lat' dir='ltr'><strong>advocatus</strong></span> <span class='ocrx_word' id='word_1_735' title='bbox 1489 2670 1570 2716; x_wconf 81' lang='lat' dir='ltr'><strong>sisci</strong></span> <span class='ocrx_word' id='word_1_736' title='bbox 1590 2680 1686 2705; x_wconf 89' lang='lat' dir='ltr'><strong>nunc</strong></span> <span class='ocrx_word' id='word_1_737' title='bbox 1706 2669 1923 2705; x_wconf 86' lang='lat' dir='ltr'><strong>constitutus</strong></span> <span class='ocrx_word' id='word_1_738' title='bbox 1941 2674 2005 2711; x_wconf 85' lang='lat' dir='ltr'><strong>est,</strong></span> <span class='ocrx_word' id='word_1_739' title='bbox 2027 2678 2071 2704; x_wconf 92' lang='lat' dir='ltr'><strong>ac</strong></span> <span class='ocrx_word' id='word_1_740' title='bbox 2082 2675 2281 2715; x_wconf 87' lang='lat' dir='ltr'><strong>praeterea</strong></span> <span class='ocrx_word' id='word_1_741' title='bbox 2297 2669 2378 2704; x_wconf 82' lang='lat' dir='ltr'><strong>Ale-</strong></span> 
     </span>
     <span class='ocr_line' id='line_1_77' title="bbox 156 2714 2378 2762; baseline -0.002 -9"><span class='ocrx_word' id='word_1_742' title='bbox 156 2716 303 2753; x_wconf 79' lang='lat' dir='ltr'><strong>oeander</strong></span> <span class='ocrx_word' id='word_1_743' title='bbox 320 2720 356 2751; x_wconf 89' lang='lat' dir='ltr'><strong>et</strong></span> <span class='ocrx_word' id='word_1_744' title='bbox 372 2715 578 2762; x_wconf 78' lang='lat' dir='ltr'><strong>Stephanus</strong></span> <span class='ocrx_word' id='word_1_745' title='bbox 594 2721 630 2751; x_wconf 84' lang='lat' dir='ltr'><strong>et</strong></span> <span class='ocrx_word' id='word_1_746' title='bbox 644 2715 783 2758; x_wconf 87' lang='lat' dir='ltr'><strong>Menas,</strong></span> <span class='ocrx_word' id='word_1_747' title='bbox 805 2716 1060 2762; x_wconf 78' lang='lat' dir='ltr'><strong>facundissimi</strong></span> <span class='ocrx_word' id='word_1_748' title='bbox 1083 2717 1252 2752; x_wconf 86' lang='lat' dir='ltr'><strong>advocati</strong></span> <span class='ocrx_word' id='word_1_749' title='bbox 1275 2716 1481 2762; x_wconf 85' lang='lat' dir='ltr'><strong>iudicesque</strong></span> <span class='ocrx_word' id='word_1_750' title='bbox 1497 2715 1658 2762; x_wconf 77' lang='lat' dir='ltr'><strong>pedanei</strong></span> <span class='ocrx_word' id='word_1_751' title='bbox 1679 2714 1760 2760; x_wconf 87' lang='lat' dir='ltr'><strong>fori</strong></span> <span class='ocrx_word' id='word_1_752' title='bbox 1779 2715 1842 2755; x_wconf 88' lang='lat' dir='ltr'><strong>tui,</strong></span> <span class='ocrx_word' id='word_1_753' title='bbox 1865 2718 1899 2749; x_wconf 90' lang='lat' dir='ltr'><strong>et</strong></span> <span class='ocrx_word' id='word_1_754' title='bbox 1915 2714 2008 2749; x_wconf 88' lang='lat' dir='ltr'><strong>alter</strong></span> <span class='ocrx_word' id='word_1_755' title='bbox 2023 2714 2237 2750; x_wconf 77' lang='lat' dir='ltr'><strong>Alexander</strong></span> <span class='ocrx_word' id='word_1_756' title='bbox 2260 2716 2378 2760; x_wconf 82' lang='lat' dir='ltr'><strong>(quem</strong></span> 
     </span>
     <span class='ocr_line' id='line_1_78' title="bbox 158 2759 2378 2808; baseline -0.002 -10"><span class='ocrx_word' id='word_1_757' title='bbox 158 2763 174 2798; x_wconf 83' lang='lat' dir='ltr'><strong>i</strong></span> <span class='ocrx_word' id='word_1_758' title='bbox 197 2772 277 2797; x_wconf 87' lang='lat' dir='ltr'><strong>sum</strong></span> <span class='ocrx_word' id='word_1_759' title='bbox 301 2772 445 2807; x_wconf 81' lang='lat' dir='ltr'><strong>quoque</strong></span> <span class='ocrx_word' id='word_1_760' title='bbox 466 2760 619 2796; x_wconf 86' lang='lat' dir='ltr'><strong>iudicem</strong></span> <span class='ocrx_word' id='word_1_761' title='bbox 642 2772 718 2797; x_wconf 88' lang='lat' dir='ltr'><strong>esse</strong></span> <span class='ocrx_word' id='word_1_762' title='bbox 741 2761 867 2797; x_wconf 89' lang='lat' dir='ltr'><strong>iudicii</strong></span> <span class='ocrx_word' id='word_1_763' title='bbox 888 2762 1142 2808; x_wconf 60' lang='lat' dir='ltr'><strong>gloriosissimi</strong></span> <span class='ocrx_word' id='word_1_764' title='bbox 1165 2763 1334 2808; x_wconf 72' lang='lat' dir='ltr'><strong>maqistri</strong></span> <span class='ocrx_word' id='word_1_765' title='bbox 1354 2772 1543 2797; x_wconf 88' lang='lat' dir='ltr'><strong>sacrorum</strong></span> <span class='ocrx_word' id='word_1_766' title='bbox 1567 2760 1775 2806; x_wconf 81' lang='lat' dir='ltr'><strong>officiorum</strong></span> <span class='ocrx_word' id='word_1_767' title='bbox 1799 2760 2062 2806; x_wconf 87' lang='lat' dir='ltr'><strong>comperimus),</strong></span> <span class='ocrx_word' id='word_1_768' title='bbox 2085 2765 2193 2805; x_wconf 83' lang='lat' dir='ltr'><strong>atque</strong></span> <span class='ocrx_word' id='word_1_769' title='bbox 2216 2759 2288 2794; x_wconf 91' lang='lat' dir='ltr'><strong>duo</strong></span> <span class='ocrx_word' id='word_1_770' title='bbox 2314 2759 2378 2794; x_wconf 82' lang='lat' dir='ltr'><strong>alii</strong></span> 
     </span>
    </p>

    <p class='ocr_par' dir='ltr' id='par_1_29' title="bbox 157 2804 2379 2899">
     <span class='ocr_line' id='line_1_79' title="bbox 203 2804 2376 2854; baseline -0.001 -12"><span class='ocrx_word' id='word_1_771' title='bbox 203 2808 326 2853; x_wconf 86' lang='lat' dir='ltr'><strong>inceps</strong></span> <span class='ocrx_word' id='word_1_772' title='bbox 354 2806 525 2842; x_wconf 87' lang='lat' dir='ltr'><strong>advocati</strong></span> <span class='ocrx_word' id='word_1_773' title='bbox 553 2806 632 2851; x_wconf 87' lang='lat' dir='ltr'><strong>fori</strong></span> <span class='ocrx_word' id='word_1_774' title='bbox 665 2807 734 2848; x_wconf 90' lang='lat' dir='ltr'><strong>tui,</strong></span> <span class='ocrx_word' id='word_1_775' title='bbox 767 2806 891 2842; x_wconf 88' lang='lat' dir='ltr'><strong>Victor</strong></span> <span class='ocrx_word' id='word_1_776' title='bbox 923 2811 958 2843; x_wconf 90' lang='lat' dir='ltr'><strong>et</strong></span> <span class='ocrx_word' id='word_1_777' title='bbox 983 2806 1193 2843; x_wconf 74' lang='lat' dir='ltr'><strong>Theodorus</strong></span> <span class='ocrx_word' id='word_1_778' title='bbox 1219 2807 1425 2854; x_wconf 74' lang='lat' dir='ltr'><strong>Cyzicenus.</strong></span> <span class='ocrx_word' id='word_1_779' title='bbox 1480 2805 1544 2842; x_wconf 75' lang='lat' dir='ltr'><strong>Ex</strong></span> <span class='ocrx_word' id='word_1_780' title='bbox 1575 2805 1762 2842; x_wconf 84' lang='lat' dir='ltr'><strong>advocatis</strong></span> <span class='ocrx_word' id='word_1_781' title='bbox 1792 2805 1904 2850; x_wconf 75' lang='lat' dir='ltr'><strong>iqitur</strong></span> <span class='ocrx_word' id='word_1_782' title='bbox 1932 2805 1969 2840; x_wconf 81' lang='lat' dir='ltr'><strong>lu·</strong></span> <span class='ocrx_word' id='word_1_783' title='bbox 2002 2805 2137 2840; x_wconf 82' lang='lat' dir='ltr'><strong>iudices</strong></span> <span class='ocrx_word' id='word_1_784' title='bbox 2168 2804 2272 2840; x_wconf 84' lang='lat' dir='ltr'><strong>electi</strong></span> <span class='ocrx_word' id='word_1_785' title='bbox 2294 2805 2376 2839; x_wconf 86' lang='lat' dir='ltr'><strong>sint.</strong></span> 
     </span>
     <span class='ocr_line' id='line_1_80' title="bbox 157 2850 2379 2899; baseline -0.002 -11"><span class='ocrx_word' id='word_1_786' title='bbox 157 2854 178 2888; x_wconf 90' lang='lat'>1</span> <span class='ocrx_word' id='word_1_787' title='bbox 224 2852 402 2895; x_wconf 79' lang='lat' dir='ltr'><strong>Quoniam</strong></span> <span class='ocrx_word' id='word_1_788' title='bbox 425 2856 543 2887; x_wconf 90' lang='lat' dir='ltr'><strong>autem</strong></span> <span class='ocrx_word' id='word_1_789' title='bbox 568 2851 724 2887; x_wconf 78' lang='lat' dir='ltr'><strong>maiores</strong></span> <span class='ocrx_word' id='word_1_790' title='bbox 747 2853 853 2887; x_wconf 87' lang='lat' dir='ltr'><strong>etiam</strong></span> <span class='ocrx_word' id='word_1_791' title='bbox 877 2852 1014 2888; x_wconf 86' lang='lat' dir='ltr'><strong>iudices</strong></span> <span class='ocrx_word' id='word_1_792' title='bbox 1036 2864 1112 2888; x_wconf 88' lang='lat' dir='ltr'><strong>esse</strong></span> <span class='ocrx_word' id='word_1_793' title='bbox 1130 2864 1206 2899; x_wconf 87' lang='lat' dir='ltr'><strong>par</strong></span> <span class='ocrx_word' id='word_1_794' title='bbox 1224 2856 1288 2895; x_wconf 87' lang='lat' dir='ltr'><strong>est,</strong></span> <span class='ocrx_word' id='word_1_795' title='bbox 1312 2852 1376 2898; x_wconf 81' lang='lat' dir='ltr'><strong>qui</strong></span> <span class='ocrx_word' id='word_1_796' title='bbox 1396 2851 1631 2897; x_wconf 71' lang='lat' dir='ltr'><strong>diynitatibus</strong></span> <span class='ocrx_word' id='word_1_797' title='bbox 1647 2850 1878 2898; x_wconf 89' lang='lat' dir='ltr'><strong>praecellant</strong></span> <span class='ocrx_word' id='word_1_798' title='bbox 1899 2853 1933 2885; x_wconf 89' lang='lat' dir='ltr'><strong>et</strong></span> <span class='ocrx_word' id='word_1_799' title='bbox 1951 2853 2147 2896; x_wconf 84' lang='lat' dir='ltr'><strong>praeterea</strong></span> <span class='ocrx_word' id='word_1_800' title='bbox 2161 2850 2234 2886; x_wconf 86' lang='lat' dir='ltr'><strong>sive</strong></span> <span class='ocrx_word' id='word_1_801' title='bbox 2256 2861 2379 2884; x_wconf 87' lang='lat' dir='ltr'><strong>rerum</strong></span> 
     </span>
    </p>
   </div>
   <div class='ocr_carea' id='block_1_25' title="bbox 2129 2916 2308 2920">
    <p class='ocr_par' dir='ltr' id='par_1_30' title="bbox 2129 2916 2308 2920">
     <span class='ocr_line' id='line_1_81' title="bbox 2129 2916 2308 2920; baseline 0 0"><span class='ocrx_word' id='word_1_802' title='bbox 2129 2916 2308 2920; x_wconf 95' lang='lat' dir='ltr'><strong> </strong></span> 
     </span>
    </p>
   </div>
   <div class='ocr_carea' id='block_1_26' title="bbox 123 2949 1243 3763">
    <p class='ocr_par' dir='ltr' id='par_1_31' title="bbox 123 2949 1236 3269">
     <span class='ocr_line' id='line_1_82' title="bbox 206 2949 1234 2997; baseline 0.002 -11"><span class='ocrx_word' id='word_1_803' title='bbox 206 2955 282 2996; x_wconf 85' lang='lat' dir='ltr'><strong>1sq.</strong></span> <span class='ocrx_word' id='word_1_804' title='bbox 307 2949 445 2986; x_wconf 84' lang='grc' dir='ltr'><strong><em>καὶτὰς</em></strong></span> <span class='ocrx_word' id='word_1_805' title='bbox 461 2972 502 2977; x_wconf 81' lang='lat'><strong>—·</strong></span> <span class='ocrx_word' id='word_1_806' title='bbox 522 2950 645 2986; x_wconf 82' lang='grc' dir='ltr'><strong><em>αὐτῶν</em></strong></span> <span class='ocrx_word' id='word_1_807' title='bbox 661 2953 699 2988; x_wconf 87' lang='grc' dir='ltr'><em>Μ</em></span> <span class='ocrx_word' id='word_1_808' title='bbox 707 2955 738 2994; x_wconf 79' lang='grc' dir='ltr'><strong>ς]</strong></span> <span class='ocrx_word' id='word_1_809' title='bbox 764 2956 824 2986; x_wconf 87' lang='grc' dir='ltr'><strong>καὶ</strong></span> <span class='ocrx_word' id='word_1_810' title='bbox 847 2952 908 2987; x_wconf 87' lang='grc' dir='ltr'><strong>τὰς</strong></span> <span class='ocrx_word' id='word_1_811' title='bbox 932 2950 1056 2987; x_wconf 77' lang='grc' dir='ltr'><strong><em>αὐτῶν</em></strong></span> <span class='ocrx_word' id='word_1_812' title='bbox 1078 2952 1234 2997; x_wconf 86' lang='grc' dir='ltr'><strong><em>ἀναπλη-</em></strong></span> 
     </span>
     <span class='ocr_line' id='line_1_83' title="bbox 160 2994 1235 3044; baseline 0.003 -14"><span class='ocrx_word' id='word_1_813' title='bbox 160 2997 304 3043; x_wconf 75' lang='grc' dir='ltr'><strong><em>ροῦντες</em></strong></span> <span class='ocrx_word' id='word_1_814' title='bbox 327 2994 492 3039; x_wconf 84' lang='grc' dir='ltr'><strong><em>ἀσχολίας</em></strong></span> <span class='ocrx_word' id='word_1_815' title='bbox 515 2998 547 3031; x_wconf 87' lang='lat' dir='ltr'><em>L</em></span> <span class='ocrx_word' id='word_1_816' title='bbox 566 2997 616 3041; x_wconf 79' lang='grc'><strong>114</strong></span> <span class='ocrx_word' id='word_1_817' title='bbox 640 2996 944 3044; x_wconf 81' lang='grc' dir='ltr'><strong><em>ἀναπληρώσουσι</em></strong></span> <span class='ocrx_word' id='word_1_818' title='bbox 967 3000 999 3032; x_wconf 89' lang='lat' dir='ltr'><em>L</em></span> <span class='ocrx_word' id='word_1_819' title='bbox 1015 3000 1027 3039; x_wconf 89' lang='grc' dir='ltr'><strong>ΙΙ</strong></span> <span class='ocrx_word' id='word_1_820' title='bbox 1046 3002 1066 3034; x_wconf 87' lang='grc'><strong>6</strong></span> <span class='ocrx_word' id='word_1_821' title='bbox 1091 2998 1235 3042; x_wconf 82' lang='grc' dir='ltr'><strong><em>ἐπιστή-</em></strong></span> 
     </span>
     <span class='ocr_line' id='line_1_84' title="bbox 161 3038 1236 3090; baseline 0.003 -15"><span class='ocrx_word' id='word_1_822' title='bbox 161 3041 302 3075; x_wconf 84' lang='grc' dir='ltr'><strong><em>σασθαι</em></strong></span> <span class='ocrx_word' id='word_1_823' title='bbox 328 3043 358 3074; x_wconf 70' lang='lat'><strong>1,-</strong></span> <span class='ocrx_word' id='word_1_824' title='bbox 375 3042 388 3085; x_wconf 74' lang='grc' dir='ltr'><strong>ΙΙ</strong></span> <span class='ocrx_word' id='word_1_825' title='bbox 414 3043 432 3076; x_wconf 91' lang='grc'>8</span> <span class='ocrx_word' id='word_1_826' title='bbox 457 3042 564 3076; x_wconf 79' lang='grc' dir='ltr'><strong><em>τοῦτο</em></strong></span> <span class='ocrx_word' id='word_1_827' title='bbox 585 3056 642 3076; x_wconf 89' lang='lat' dir='ltr'><strong>om.</strong></span> <span class='ocrx_word' id='word_1_828' title='bbox 657 3054 677 3079; x_wconf 80' lang='grc' dir='ltr'><strong><em>ς</em></strong></span> <span class='ocrx_word' id='word_1_829' title='bbox 693 3042 705 3087; x_wconf 84' lang='grc' dir='ltr'><strong>ΙΙ</strong></span> <span class='ocrx_word' id='word_1_830' title='bbox 733 3045 773 3078; x_wconf 87' lang='grc'><strong>19</strong></span> <span class='ocrx_word' id='word_1_831' title='bbox 797 3038 969 3089; x_wconf 78' lang='grc' dir='ltr'><strong><em>οἷφιόρισε]</em></strong></span> <span class='ocrx_word' id='word_1_832' title='bbox 991 3042 1124 3090; x_wconf 73' lang='grc' dir='ltr'><strong><em>ἇφορμ“</em></strong></span> <span class='ocrx_word' id='word_1_833' title='bbox 1146 3046 1196 3078; x_wconf 80' lang='lat' dir='ltr'><strong>La</strong></span> <span class='ocrx_word' id='word_1_834' title='bbox 1224 3043 1236 3090; x_wconf 78' lang='grc' dir='ltr'><strong>ΙΙ</strong></span> 
     </span>
     <span class='ocr_line' id='line_1_85' title="bbox 163 3084 1235 3134; baseline 0.005 -16"><span class='ocrx_word' id='word_1_835' title='bbox 163 3088 204 3121; x_wconf 90' lang='grc'><strong>20</strong></span> <span class='ocrx_word' id='word_1_836' title='bbox 223 3084 391 3119; x_wconf 81' lang='grc' dir='ltr'><strong><em>δικαστὰς</em></strong></span> <span class='ocrx_word' id='word_1_837' title='bbox 414 3085 493 3120; x_wconf 75' lang='grc' dir='ltr'><strong><em>τοὺς</em></strong></span> <span class='ocrx_word' id='word_1_838' title='bbox 517 3086 583 3129; x_wconf 86' lang='grc' dir='ltr'><strong>τὴν</strong></span> <span class='ocrx_word' id='word_1_839' title='bbox 600 3086 841 3129; x_wconf 87' lang='grc' dir='ltr'><strong><em>πανταχόθεν</em></strong></span> <span class='ocrx_word' id='word_1_840' title='bbox 866 3102 922 3121; x_wconf 88' lang='lat' dir='ltr'><strong>om.</strong></span> <span class='ocrx_word' id='word_1_841' title='bbox 938 3100 956 3124; x_wconf 85' lang='grc' dir='ltr'><strong><em>ς</em></strong></span> <span class='ocrx_word' id='word_1_842' title='bbox 975 3090 986 3131; x_wconf 85' lang='grc' dir='ltr'><strong>ΙΙ</strong></span> <span class='ocrx_word' id='word_1_843' title='bbox 1004 3091 1044 3124; x_wconf 98' lang='grc'><strong>21</strong></span> <span class='ocrx_word' id='word_1_844' title='bbox 1072 3090 1131 3123; x_wconf 81' lang='grc' dir='ltr'><strong><em>ἐπὶ</em></strong></span> <span class='ocrx_word' id='word_1_845' title='bbox 1154 3102 1235 3134; x_wconf 90' lang='grc' dir='ltr'><strong><em>χρη-</em></strong></span> 
     </span>
     <span class='ocr_line' id='line_1_86' title="bbox 162 3129 1235 3180; baseline 0.004 -16"><span class='ocrx_word' id='word_1_846' title='bbox 162 3133 257 3164; x_wconf 88' lang='grc' dir='ltr'><strong><em>στοῖς</em></strong></span> <span class='ocrx_word' id='word_1_847' title='bbox 283 3150 323 3154; x_wconf 84' lang='lat'><strong>——</strong></span> <span class='ocrx_word' id='word_1_848' title='bbox 349 3132 391 3165; x_wconf 82' lang='lat'><strong>22</strong></span> <span class='ocrx_word' id='word_1_849' title='bbox 415 3129 654 3173; x_wconf 87' lang='grc' dir='ltr'><strong><em>πανταχόθεν</em></strong></span> <span class='ocrx_word' id='word_1_850' title='bbox 678 3146 736 3165; x_wconf 87' lang='lat' dir='ltr'><strong>om.</strong></span> <span class='ocrx_word' id='word_1_851' title='bbox 751 3134 795 3166; x_wconf 91' lang='lat' dir='ltr'><em>M</em></span> <span class='ocrx_word' id='word_1_852' title='bbox 807 3133 819 3177; x_wconf 80' lang='grc' dir='ltr'><strong>ΙΙ</strong></span> <span class='ocrx_word' id='word_1_853' title='bbox 838 3134 880 3167; x_wconf 86' lang='grc'><strong>23</strong></span> <span class='ocrx_word' id='word_1_854' title='bbox 905 3133 1064 3178; x_wconf 85' lang='grc' dir='ltr'><strong><em>εἴρηνται</em></strong></span> <span class='ocrx_word' id='word_1_855' title='bbox 1077 3136 1108 3168; x_wconf 92' lang='lat' dir='ltr'><em>L</em></span> <span class='ocrx_word' id='word_1_856' title='bbox 1124 3134 1136 3179; x_wconf 77' lang='grc' dir='ltr'><strong>ΙΙ</strong></span> <span class='ocrx_word' id='word_1_857' title='bbox 1155 3134 1175 3156; x_wconf 85' lang='grc'><em>*</em></span> <span class='ocrx_word' id='word_1_858' title='bbox 1183 3137 1235 3180; x_wconf 89' lang='grc' dir='ltr'><strong>γε]</strong></span> 
     </span>
     <span class='ocr_line' id='line_1_87' title="bbox 123 3176 1234 3226; baseline 0.004 -17"><span class='ocrx_word' id='word_1_859' title='bbox 123 3198 124 3201; x_wconf 62' lang='lat'><em>=</em></span> <span class='ocrx_word' id='word_1_860' title='bbox 161 3188 202 3209; x_wconf 81' lang='grc' dir='ltr'><strong>τε</strong></span> <span class='ocrx_word' id='word_1_861' title='bbox 226 3177 276 3217; x_wconf 88' lang='lat' dir='ltr'><strong>M,</strong></span> <span class='ocrx_word' id='word_1_862' title='bbox 298 3188 355 3208; x_wconf 85' lang='lat' dir='ltr'><strong>om.</strong></span> <span class='ocrx_word' id='word_1_863' title='bbox 370 3177 401 3208; x_wconf 91' lang='lat' dir='ltr'><em>L</em></span> <span class='ocrx_word' id='word_1_864' title='bbox 427 3176 439 3219; x_wconf 91' lang='grc' dir='ltr'><strong>ΙΙ</strong></span> <span class='ocrx_word' id='word_1_865' title='bbox 468 3178 510 3210; x_wconf 88' lang='grc'><strong>26</strong></span> <span class='ocrx_word' id='word_1_866' title='bbox 533 3176 682 3218; x_wconf 81' lang='grc' dir='ltr'><strong><em>ταχθεὶς</em></strong></span> <span class='ocrx_word' id='word_1_867' title='bbox 705 3177 911 3223; x_wconf 89' lang='grc' dir='ltr'><strong><em>συνηγόροις</em></strong></span> <span class='ocrx_word' id='word_1_868' title='bbox 932 3180 963 3212; x_wconf 92' lang='lat' dir='ltr'><em>L</em></span> <span class='ocrx_word' id='word_1_869' title='bbox 991 3178 1004 3223; x_wconf 77' lang='grc' dir='ltr'><strong>ΙΙ</strong></span> <span class='ocrx_word' id='word_1_870' title='bbox 1033 3177 1051 3212; x_wconf 89' lang='grc' dir='ltr'>ὁ</span> <span class='ocrx_word' id='word_1_871' title='bbox 1077 3177 1234 3226; x_wconf 87' lang='grc' dir='ltr'><strong><em>λαμπρό-</em></strong></span> 
     </span>
     <span class='ocr_line' id='line_1_88' title="bbox 123 3220 1236 3269; baseline 0.004 -15"><span class='ocrx_word' id='word_1_872' title='bbox 123 3231 141 3264; x_wconf 40' lang='grc'><strong>’,</strong></span> <span class='ocrx_word' id='word_1_873' title='bbox 161 3231 269 3255; x_wconf 88' lang='grc' dir='ltr'><strong><em>τατος</em></strong></span> <span class='ocrx_word' id='word_1_874' title='bbox 293 3234 349 3254; x_wconf 85' lang='lat' dir='ltr'><strong>om.</strong></span> <span class='ocrx_word' id='word_1_875' title='bbox 365 3233 384 3257; x_wconf 82' lang='grc' dir='ltr'><strong><em>ς</em></strong></span> <span class='ocrx_word' id='word_1_876' title='bbox 401 3220 412 3264; x_wconf 93' lang='grc' dir='ltr'><strong>ΙΙ</strong></span> <span class='ocrx_word' id='word_1_877' title='bbox 437 3222 478 3255; x_wconf 88' lang='grc'><strong>29</strong></span> <span class='ocrx_word' id='word_1_878' title='bbox 495 3220 683 3267; x_wconf 77' lang='grc' dir='ltr'><strong><em>συνήγοροι</em></strong></span> <span class='ocrx_word' id='word_1_879' title='bbox 703 3223 784 3264; x_wconf 91' lang='lat' dir='ltr'><strong>ML]</strong></span> <span class='ocrx_word' id='word_1_880' title='bbox 809 3223 897 3266; x_wconf 89' lang='grc' dir='ltr'><strong><em>συνή</em></strong></span> <span class='ocrx_word' id='word_1_881' title='bbox 920 3227 999 3269; x_wconf 88' lang='grc' dir='ltr'><strong><em>οροί</em></strong></span> <span class='ocrx_word' id='word_1_882' title='bbox 1019 3237 1059 3257; x_wconf 90' lang='grc' dir='ltr'><strong>τε</strong></span> <span class='ocrx_word' id='word_1_883' title='bbox 1082 3237 1149 3258; x_wconf 84' lang='lat' dir='ltr'><strong>cum</strong></span> <span class='ocrx_word' id='word_1_884' title='bbox 1164 3227 1236 3259; x_wconf 86' lang='lat' dir='ltr'><strong>Ha·</strong></span> 
     </span>
    </p>

    <p class='ocr_par' dir='ltr' id='par_1_32' title="bbox 155 3236 1243 3763">
     <span class='ocr_line' id='line_1_89' title="bbox 163 3236 1236 3312; baseline 0.004 -13"><span class='ocrx_word' id='word_1_885' title='bbox 163 3267 300 3300; x_wconf 82' lang='lat' dir='ltr'><strong>loandro</strong></span> <span class='ocrx_word' id='word_1_886' title='bbox 326 3267 398 3299; x_wconf 84' lang='lat' dir='ltr'><strong>edd.</strong></span> <span class='ocrx_word' id='word_1_887' title='bbox 419 3268 429 3307; x_wconf 84' lang='grc' dir='ltr'><strong>ΙΙ</strong></span> <span class='ocrx_word' id='word_1_888' title='bbox 455 3268 495 3300; x_wconf 88' lang='lat'><strong>30</strong></span> <span class='ocrx_word' id='word_1_889' title='bbox 521 3269 580 3299; x_wconf 88' lang='grc' dir='ltr'><strong>καὶ</strong></span> <span class='ocrx_word' id='word_1_890' title='bbox 604 3264 792 3310; x_wconf 83' lang='grc' dir='ltr'><strong><em>διαιτητὴν</em></strong></span> <span class='ocrx_word' id='word_1_891' title='bbox 815 3265 856 3301; x_wconf 83' lang='grc' dir='ltr'><strong>δὲ</strong></span> <span class='ocrx_word' id='word_1_892' title='bbox 879 3236 971 3301; x_wconf 63' lang='grc' dir='ltr'><strong><em>εἶναι</em></strong></span> <span class='ocrx_word' id='word_1_893' title='bbox 994 3271 1159 3303; x_wconf 80' lang='grc' dir='ltr'><strong><em>κακεῖνον</em></strong></span> <span class='ocrx_word' id='word_1_894' title='bbox 1178 3271 1236 3312; x_wconf 84' lang='grc' dir='ltr'><strong>Μ]</strong></span> 
     </span>
     <span class='ocr_line' id='line_1_90' title="bbox 162 3307 1235 3356; baseline 0.006 -13"><span class='ocrx_word' id='word_1_895' title='bbox 162 3308 352 3354; x_wconf 83' lang='grc' dir='ltr'><strong><em>διαιτητήν</em></strong></span> <span class='ocrx_word' id='word_1_896' title='bbox 368 3323 407 3343; x_wconf 89' lang='grc' dir='ltr'><strong>τε</strong></span> <span class='ocrx_word' id='word_1_897' title='bbox 423 3310 514 3344; x_wconf 86' lang='grc' dir='ltr'><strong><em>εἶναι</em></strong></span> <span class='ocrx_word' id='word_1_898' title='bbox 531 3307 694 3345; x_wconf 82' lang='grc' dir='ltr'><strong><em>κάκεῖνον</em></strong></span> <span class='ocrx_word' id='word_1_899' title='bbox 710 3315 769 3345; x_wconf 85' lang='grc' dir='ltr'><strong>καὶ</strong></span> <span class='ocrx_word' id='word_1_900' title='bbox 782 3313 814 3346; x_wconf 91' lang='lat' dir='ltr'><em>L</em></span> <span class='ocrx_word' id='word_1_901' title='bbox 834 3324 931 3355; x_wconf 87' lang='lat' dir='ltr'><strong>quem</strong></span> <span class='ocrx_word' id='word_1_902' title='bbox 948 3315 1130 3356; x_wconf 87' lang='lat' dir='ltr'><strong>pedaneum</strong></span> <span class='ocrx_word' id='word_1_903' title='bbox 1147 3316 1235 3349; x_wconf 84' lang='lat' dir='ltr'><strong>iudi-</strong></span> 
     </span>
     <span class='ocr_line' id='line_1_91' title="bbox 163 3353 1236 3405; baseline 0.004 -15"><span class='ocrx_word' id='word_1_904' title='bbox 163 3367 232 3390; x_wconf 79' lang='lat' dir='ltr'><strong>cem</strong></span> <span class='ocrx_word' id='word_1_905' title='bbox 256 3367 322 3389; x_wconf 89' lang='lat' dir='ltr'><strong>esse</strong></span> <span class='ocrx_word' id='word_1_906' title='bbox 347 3368 366 3392; x_wconf 83' lang='grc' dir='ltr'><strong><em>ς</em></strong></span> <span class='ocrx_word' id='word_1_907' title='bbox 395 3355 407 3397; x_wconf 81' lang='lat' dir='ltr'><strong>[l</strong></span> <span class='ocrx_word' id='word_1_908' title='bbox 436 3358 477 3390; x_wconf 88' lang='grc'><strong>32</strong></span> <span class='ocrx_word' id='word_1_909' title='bbox 502 3353 564 3389; x_wconf 82' lang='grc' dir='ltr'><strong>δύο</strong></span> <span class='ocrx_word' id='word_1_910' title='bbox 589 3358 636 3390; x_wconf 88' lang='lat' dir='ltr'><em>M</em></span> <span class='ocrx_word' id='word_1_911' title='bbox 642 3359 672 3399; x_wconf 85' lang='grc' dir='ltr'><strong>ς]</strong></span> <span class='ocrx_word' id='word_1_912' title='bbox 709 3370 730 3391; x_wconf 88' lang='grc' dir='ltr'><strong><em>τ</em></strong></span> <span class='ocrx_word' id='word_1_913' title='bbox 753 3359 800 3391; x_wconf 86' lang='grc' dir='ltr'><strong>εἶς</strong></span> <span class='ocrx_word' id='word_1_914' title='bbox 823 3359 856 3391; x_wconf 93' lang='lat' dir='ltr'><em>L</em></span> <span class='ocrx_word' id='word_1_915' title='bbox 885 3359 897 3401; x_wconf 85' lang='grc' dir='ltr'><strong>ΙΙ</strong></span> <span class='ocrx_word' id='word_1_916' title='bbox 926 3360 968 3393; x_wconf 89' lang='lat'><strong>33</strong></span> <span class='ocrx_word' id='word_1_917' title='bbox 992 3362 1129 3405; x_wconf 82' lang='grc' dir='ltr'><strong><em>βίκτωρ</em></strong></span> <span class='ocrx_word' id='word_1_918' title='bbox 1153 3362 1200 3394; x_wconf 87' lang='grc' dir='ltr'><strong>Μ</strong></span> <span class='ocrx_word' id='word_1_919' title='bbox 1206 3364 1236 3403; x_wconf 84' lang='grc' dir='ltr'><strong>ς]</strong></span> 
     </span>
     <span class='ocr_line' id='line_1_92' title="bbox 162 3399 1236 3447; baseline 0.004 -12"><span class='ocrx_word' id='word_1_920' title='bbox 162 3399 291 3444; x_wconf 81' lang='grc' dir='ltr'><strong><em>δανιὴλ</em></strong></span> <span class='ocrx_word' id='word_1_921' title='bbox 314 3402 354 3434; x_wconf 84' lang='grc' dir='ltr'><em>τὲ</em></span> <span class='ocrx_word' id='word_1_922' title='bbox 377 3403 437 3434; x_wconf 85' lang='grc' dir='ltr'><strong>καὶ</strong></span> <span class='ocrx_word' id='word_1_923' title='bbox 459 3404 598 3447; x_wconf 84' lang='grc' dir='ltr'><strong><em>βίκτωρ</em></strong></span> <span class='ocrx_word' id='word_1_924' title='bbox 622 3403 650 3435; x_wconf 88' lang='lat' dir='ltr'><em>L</em></span> <span class='ocrx_word' id='word_1_925' title='bbox 682 3405 714 3435; x_wconf 87' lang='lat' dir='ltr'><strong>et</strong></span> <span class='ocrx_word' id='word_1_926' title='bbox 765 3403 906 3437; x_wconf 86' lang='lat' dir='ltr'><strong>anielem</strong></span> <span class='ocrx_word' id='word_1_927' title='bbox 931 3406 963 3436; x_wconf 87' lang='lat' dir='ltr'><strong>et</strong></span> <span class='ocrx_word' id='word_1_928' title='bbox 981 3404 1150 3439; x_wconf 88' lang='lat' dir='ltr'><strong>Victorem</strong></span> <span class='ocrx_word' id='word_1_929' title='bbox 1173 3407 1236 3441; x_wconf 84' lang='lat' dir='ltr'><strong>Iul.</strong></span> 
     </span>
     <span class='ocr_line' id='line_1_93' title="bbox 162 3448 1236 3488; baseline 0.005 -7"><span class='ocrx_word' id='word_1_930' title='bbox 162 3460 189 3481; x_wconf 90' lang='lat' dir='ltr'><strong>c.</strong></span> <span class='ocrx_word' id='word_1_931' title='bbox 204 3448 268 3482; x_wconf 84' lang='lat'><strong>283</strong></span> <span class='ocrx_word' id='word_1_932' title='bbox 293 3448 365 3488; x_wconf 84' lang='lat' dir='ltr'><strong>(sed</strong></span> <span class='ocrx_word' id='word_1_933' title='bbox 384 3448 465 3480; x_wconf 86' lang='lat' dir='ltr'><strong>idem</strong></span> <span class='ocrx_word' id='word_1_934' title='bbox 484 3460 509 3480; x_wconf 90' lang='lat' dir='ltr'><strong>c.</strong></span> <span class='ocrx_word' id='word_1_935' title='bbox 526 3448 586 3482; x_wconf 83' lang='lat'><strong>291</strong></span> <span class='ocrx_word' id='word_1_936' title='bbox 616 3455 707 3481; x_wconf 88' lang='lat' dir='ltr'><strong>octo</strong></span> <span class='ocrx_word' id='word_1_937' title='bbox 732 3450 854 3482; x_wconf 83' lang='lat' dir='ltr'><strong>iudices</strong></span> <span class='ocrx_word' id='word_1_938' title='bbox 875 3451 1058 3484; x_wconf 82' lang='lat' dir='ltr'><strong>constitutos</strong></span> <span class='ocrx_word' id='word_1_939' title='bbox 1076 3462 1143 3485; x_wconf 75' lang='lat' dir='ltr'><strong>esse</strong></span> <span class='ocrx_word' id='word_1_940' title='bbox 1163 3465 1236 3486; x_wconf 83' lang='lat' dir='ltr'><strong>con-</strong></span> 
     </span>
     <span class='ocr_line' id='line_1_94' title="bbox 155 3493 1243 3540; baseline 0.006 -15"><span class='ocrx_word' id='word_1_941' title='bbox 155 3493 286 3534; x_wconf 84' lang='lat' dir='ltr'><strong>firmat;</strong></span> <span class='ocrx_word' id='word_1_942' title='bbox 324 3494 418 3526; x_wconf 81' lang='lat' dir='ltr'><strong>etiam</strong></span> <span class='ocrx_word' id='word_1_943' title='bbox 441 3493 795 3536; x_wconf 38' lang='lat' dir='ltr'><strong>secundum&#39;Ectoyam</strong></span> <span class='ocrx_word' id='word_1_944' title='bbox 819 3495 905 3527; x_wconf 86' lang='lat' dir='ltr'><strong>Bas.</strong></span> <span class='ocrx_word' id='word_1_945' title='bbox 931 3496 1074 3529; x_wconf 83' lang='lat' dir='ltr'><strong>novellae</strong></span> <span class='ocrx_word' id='word_1_946' title='bbox 1099 3505 1198 3540; x_wconf 82' lang='lat' dir='ltr'><strong>caput</strong></span> <span class='ocrx_word' id='word_1_947' title='bbox 1219 3498 1243 3531; x_wconf 94' lang='lat' dir='ltr'><strong><em>I</em></strong></span> 
     </span>
     <span class='ocr_line' id='line_1_95' title="bbox 165 3534 1239 3584; baseline 0.005 -14"><span class='ocrx_word' id='word_1_948' title='bbox 165 3537 203 3570; x_wconf 72' lang='grc' dir='ltr'><strong>ἐκ</strong></span> <span class='ocrx_word' id='word_1_949' title='bbox 225 3537 302 3570; x_wconf 80' lang='grc' dir='ltr'><strong>τῶν</strong></span> <span class='ocrx_word' id='word_1_950' title='bbox 322 3535 532 3584; x_wconf 89' lang='grc' dir='ltr'><strong><em>συνηγόρων</em></strong></span> <span class='ocrx_word' id='word_1_951' title='bbox 556 3534 671 3570; x_wconf 78' lang='grc' dir='ltr'><strong>ὂκτώ</strong></span> <span class='ocrx_word' id='word_1_952' title='bbox 696 3535 861 3584; x_wconf 81' lang='grc' dir='ltr'><strong><em>ἄνδρας</em></strong></span> <span class='ocrx_word' id='word_1_953' title='bbox 885 3536 1116 3583; x_wconf 81' lang='grc' dir='ltr'><strong><em>ἐκλεξάμενον</em></strong></span> <span class='ocrx_word' id='word_1_954' title='bbox 1140 3539 1239 3575; x_wconf 80' lang='grc' dir='ltr'><strong><em>δικα-</em></strong></span> 
     </span>
     <span class='ocr_line' id='line_1_96' title="bbox 165 3579 1238 3629; baseline 0.007 -15"><span class='ocrx_word' id='word_1_955' title='bbox 165 3579 249 3615; x_wconf 81' lang='grc' dir='ltr'><strong><em>στὰς</em></strong></span> <span class='ocrx_word' id='word_1_956' title='bbox 277 3579 402 3616; x_wconf 76' lang='grc' dir='ltr'><strong><em>αὐτοὺς</em></strong></span> <span class='ocrx_word' id='word_1_957' title='bbox 432 3584 693 3627; x_wconf 79' lang='grc' dir='ltr'><strong><em>προεχειρίζετο</em></strong></span> <span class='ocrx_word' id='word_1_958' title='bbox 725 3579 853 3627; x_wconf 76' lang='grc' dir='ltr'><strong><em>ἀκριβῆ</em></strong></span> <span class='ocrx_word' id='word_1_959' title='bbox 886 3585 963 3617; x_wconf 78' lang='grc' dir='ltr'><strong>τῶν</strong></span> <span class='ocrx_word' id='word_1_960' title='bbox 991 3583 1116 3628; x_wconf 85' lang='grc' dir='ltr'><strong><em>νόμων</em></strong></span> <span class='ocrx_word' id='word_1_961' title='bbox 1147 3584 1238 3629; x_wconf 80' lang='grc' dir='ltr'><strong><em>εἴδη-</em></strong></span> 
     </span>
     <span class='ocr_line' id='line_1_97' title="bbox 166 3626 1240 3678; baseline 0.007 -20"><span class='ocrx_word' id='word_1_962' title='bbox 166 3637 224 3659; x_wconf 91' lang='grc' dir='ltr'><strong>σιν</strong></span> <span class='ocrx_word' id='word_1_963' title='bbox 239 3628 393 3669; x_wconf 75' lang='grc' dir='ltr'><strong><em>ἔχοντας,</em></strong></span> <span class='ocrx_word' id='word_1_964' title='bbox 414 3631 474 3661; x_wconf 85' lang='grc' dir='ltr'><strong>καὶ</strong></span> <span class='ocrx_word' id='word_1_965' title='bbox 490 3631 665 3673; x_wconf 81' lang='grc' dir='ltr'><strong><em>τέσσαρας</em></strong></span> <span class='ocrx_word' id='word_1_966' title='bbox 685 3629 723 3660; x_wconf 82' lang='grc' dir='ltr'><strong>ἐκ</strong></span> <span class='ocrx_word' id='word_1_967' title='bbox 743 3629 820 3662; x_wconf 77' lang='grc' dir='ltr'><strong>τῶν</strong></span> <span class='ocrx_word' id='word_1_968' title='bbox 837 3626 1079 3675; x_wconf 78' lang='grc' dir='ltr'><strong><em>ἐνδοξοτέρων</em></strong></span> <span class='ocrx_word' id='word_1_969' title='bbox 1098 3635 1159 3665; x_wconf 83' lang='grc' dir='ltr'><strong>καὶ</strong></span> <span class='ocrx_word' id='word_1_970' title='bbox 1179 3628 1240 3678; x_wconf 83' lang='grc' dir='ltr'><strong>άρ-</strong></span> 
     </span>
     <span class='ocr_line' id='line_1_98' title="bbox 166 3668 1239 3722; baseline 0.008 -18"><span class='ocrx_word' id='word_1_971' title='bbox 166 3668 337 3715; x_wconf 81' lang='grc' dir='ltr'><strong><em>ξάντων);</em></strong></span> <span class='ocrx_word' id='word_1_972' title='bbox 371 3671 508 3715; x_wconf 86' lang='grc' dir='ltr'><strong><em>Δανιὴλ</em></strong></span> <span class='ocrx_word' id='word_1_973' title='bbox 531 3670 550 3707; x_wconf 81' lang='grc' dir='ltr'>ὁ</span> <span class='ocrx_word' id='word_1_974' title='bbox 575 3676 634 3706; x_wconf 88' lang='grc' dir='ltr'><strong>καὶ</strong></span> <span class='ocrx_word' id='word_1_975' title='bbox 658 3676 804 3721; x_wconf 85' lang='grc' dir='ltr'><strong><em>Βίκτωρ</em></strong></span> <span class='ocrx_word' id='word_1_976' title='bbox 831 3677 912 3711; x_wconf 82' lang='lat' dir='ltr'><strong>coni.</strong></span> <span class='ocrx_word' id='word_1_977' title='bbox 940 3676 1127 3713; x_wconf 77' lang='lat' dir='ltr'><strong>Zachariae</strong></span> <span class='ocrx_word' id='word_1_978' title='bbox 1155 3678 1168 3722; x_wconf 84' lang='grc' dir='ltr'><strong>ΙΙ</strong></span> <span class='ocrx_word' id='word_1_979' title='bbox 1197 3679 1239 3713; x_wconf 89' lang='grc'><strong>36</strong></span> 
     </span>
     <span class='ocr_line' id='line_1_99' title="bbox 167 3713 1160 3763; baseline 0.007 -15"><span class='ocrx_word' id='word_1_980' title='bbox 167 3713 346 3759; x_wconf 75' lang='grc' dir='ltr'><strong><em>ἀξιώμασι</em></strong></span> <span class='ocrx_word' id='word_1_981' title='bbox 359 3719 417 3760; x_wconf 91' lang='grc' dir='ltr'><strong>Μ]</strong></span> <span class='ocrx_word' id='word_1_982' title='bbox 441 3715 624 3763; x_wconf 79' lang='grc' dir='ltr'><strong><em>ἇξιιόμασί</em></strong></span> <span class='ocrx_word' id='word_1_983' title='bbox 645 3730 685 3752; x_wconf 84' lang='grc' dir='ltr'><strong>τε</strong></span> <span class='ocrx_word' id='word_1_984' title='bbox 708 3719 740 3757; x_wconf 83' lang='lat' dir='ltr'><em>L</em></span> <span class='ocrx_word' id='word_1_985' title='bbox 1158 3724 1160 3727; x_wconf 80' lang='grc'><strong>’</strong></span> 
     </span>
    </p>
   </div>
   <div class='ocr_carea' id='block_1_27' title="bbox 1269 2959 1274 3588">
    <p class='ocr_par' dir='ltr' id='par_1_33' title="bbox 1269 2959 1274 3588">
     <span class='ocr_line' id='line_1_100' title="bbox 1269 2959 1274 3588; baseline 0 0"><span class='ocrx_word' id='word_1_986' title='bbox 1269 2959 1274 3588; x_wconf 95' lang='lat' dir='ltr'><strong> </strong></span> 
     </span>
    </p>
   </div>
   <div class='ocr_carea' id='block_1_28' title="bbox 1303 2951 2383 3631">
    <p class='ocr_par' dir='ltr' id='par_1_34' title="bbox 1303 2951 2383 3631">
     <span class='ocr_line' id='line_1_101' title="bbox 1352 2951 2380 2997; baseline -0.004 -10"><span class='ocrx_word' id='word_1_987' title='bbox 1352 2957 1365 2987; x_wconf 89' lang='grc'><strong>1</strong></span> <span class='ocrx_word' id='word_1_988' title='bbox 1395 2954 1504 2993; x_wconf 84' lang='lat' dir='ltr'><strong>etiam]</strong></span> <span class='ocrx_word' id='word_1_989' title='bbox 1527 2955 1560 2986; x_wconf 86' lang='lat' dir='ltr'><strong>et</strong></span> <span class='ocrx_word' id='word_1_990' title='bbox 1579 2953 1611 2986; x_wconf 88' lang='lat' dir='ltr'><strong><em>V</em></strong></span> <span class='ocrx_word' id='word_1_991' title='bbox 1625 2951 1636 2997; x_wconf 78' lang='grc' dir='ltr'><strong>ΙΙ</strong></span> <span class='ocrx_word' id='word_1_992' title='bbox 1660 2953 1863 2985; x_wconf 87' lang='lat' dir='ltr'><strong>assensiones</strong></span> <span class='ocrx_word' id='word_1_993' title='bbox 1883 2953 1932 2986; x_wconf 85' lang='lat' dir='ltr'><strong>T¹</strong></span> <span class='ocrx_word' id='word_1_994' title='bbox 1950 2952 1962 2996; x_wconf 86' lang='grc' dir='ltr'><strong>ΙΙ</strong></span> <span class='ocrx_word' id='word_1_995' title='bbox 1986 2953 2006 2986; x_wconf 87' lang='grc'><strong>2</strong></span> <span class='ocrx_word' id='word_1_996' title='bbox 2030 2951 2130 2985; x_wconf 88' lang='lat' dir='ltr'><strong>multi</strong></span> <span class='ocrx_word' id='word_1_997' title='bbox 2150 2951 2281 2984; x_wconf 87' lang='lat' dir='ltr'><strong>decenti</strong></span> <span class='ocrx_word' id='word_1_998' title='bbox 2299 2952 2348 2984; x_wconf 79' lang='grc' dir='ltr'><strong>Τι</strong></span> <span class='ocrx_word' id='word_1_999' title='bbox 2367 2951 2380 2994; x_wconf 81' lang='lat' dir='ltr'>ss</span> 
     </span>
     <span class='ocr_line' id='line_1_102' title="bbox 1303 2996 2378 3042; baseline -0.005 -9"><span class='ocrx_word' id='word_1_1000' title='bbox 1303 3001 1322 3033; x_wconf 88' lang='lat'><strong>3</strong></span> <span class='ocrx_word' id='word_1_1001' title='bbox 1349 2999 1455 3032; x_wconf 85' lang='lat' dir='ltr'><strong>curris</strong></span> <span class='ocrx_word' id='word_1_1002' title='bbox 1487 2998 1535 3032; x_wconf 90' lang='lat' dir='ltr'><strong>V¹</strong></span> <span class='ocrx_word' id='word_1_1003' title='bbox 1563 2997 1575 3042; x_wconf 70' lang='lat' dir='ltr'>u</span> <span class='ocrx_word' id='word_1_1004' title='bbox 1605 2998 1749 3030; x_wconf 86' lang='lat' dir='ltr'><strong>habeant</strong></span> <span class='ocrx_word' id='word_1_1005' title='bbox 1773 2998 1806 3030; x_wconf 80' lang='lat' dir='ltr'><em>R</em></span> <span class='ocrx_word' id='word_1_1006' title='bbox 1834 2997 1846 3041; x_wconf 73' lang='grc' dir='ltr'><strong>ΙΙ</strong></span> <span class='ocrx_word' id='word_1_1007' title='bbox 1877 3000 1897 3032; x_wconf 85' lang='grc'>5</span> <span class='ocrx_word' id='word_1_1008' title='bbox 1923 2997 2107 3040; x_wconf 60' lang='lat' dir='ltr'><strong>*oangulum</strong></span> <span class='ocrx_word' id='word_1_1009' title='bbox 2138 2997 2189 3030; x_wconf 86' lang='lat' dir='ltr'><strong>V¹</strong></span> <span class='ocrx_word' id='word_1_1010' title='bbox 2214 2996 2226 3040; x_wconf 87' lang='grc' dir='ltr'><strong>ΙΙ</strong></span> <span class='ocrx_word' id='word_1_1011' title='bbox 2256 2998 2276 3030; x_wconf 89' lang='grc'>6</span> <span class='ocrx_word' id='word_1_1012' title='bbox 2300 2996 2378 3038; x_wconf 88' lang='lat' dir='ltr'><strong>nisi]</strong></span> 
     </span>
     <span class='ocr_line' id='line_1_103' title="bbox 1304 3040 2379 3088; baseline -0.004 -11"><span class='ocrx_word' id='word_1_1013' title='bbox 1304 3055 1370 3077; x_wconf 90' lang='lat' dir='ltr'><strong>non</strong></span> <span class='ocrx_word' id='word_1_1014' title='bbox 1391 3044 1440 3078; x_wconf 83' lang='lat' dir='ltr'><strong>V³</strong></span> <span class='ocrx_word' id='word_1_1015' title='bbox 1458 3042 1469 3088; x_wconf 93' lang='grc' dir='ltr'><strong>ΙΙ</strong></span> <span class='ocrx_word' id='word_1_1016' title='bbox 1493 3045 1563 3085; x_wconf 89' lang='lat' dir='ltr'><strong>per]</strong></span> <span class='ocrx_word' id='word_1_1017' title='bbox 1589 3053 1666 3085; x_wconf 87' lang='lat' dir='ltr'><strong>prae</strong></span> <span class='ocrx_word' id='word_1_1018' title='bbox 1686 3043 1719 3075; x_wconf 89' lang='lat' dir='ltr'><strong><em>R</em></strong></span> <span class='ocrx_word' id='word_1_1019' title='bbox 1736 3042 1747 3085; x_wconf 88' lang='grc' dir='ltr'><strong>ΙΙ</strong></span> <span class='ocrx_word' id='word_1_1020' title='bbox 1773 3045 1791 3075; x_wconf 85' lang='lat'>7</span> <span class='ocrx_word' id='word_1_1021' title='bbox 1819 3043 1999 3076; x_wconf 66' lang='lat' dir='ltr'><strong>*udicandi</strong></span> <span class='ocrx_word' id='word_1_1022' title='bbox 2019 3043 2068 3076; x_wconf 84' lang='lat' dir='ltr'><strong>V²</strong></span> <span class='ocrx_word' id='word_1_1023' title='bbox 2086 3042 2098 3086; x_wconf 86' lang='grc' dir='ltr'><strong>ΙΙ</strong></span> <span class='ocrx_word' id='word_1_1024' title='bbox 2121 3044 2140 3076; x_wconf 90' lang='grc'><strong>9</strong></span> <span class='ocrx_word' id='word_1_1025' title='bbox 2165 3042 2219 3083; x_wconf 84' lang='lat' dir='ltr'><strong>sit]</strong></span> <span class='ocrx_word' id='word_1_1026' title='bbox 2246 3043 2295 3074; x_wconf 87' lang='lat' dir='ltr'><strong>est</strong></span> <span class='ocrx_word' id='word_1_1027' title='bbox 2317 3042 2350 3074; x_wconf 84' lang='lat' dir='ltr'><em>T</em></span> <span class='ocrx_word' id='word_1_1028' title='bbox 2367 3040 2379 3085; x_wconf 81' lang='grc' dir='ltr'><strong>ΙΙ</strong></span> 
     </span>
     <span class='ocr_line' id='line_1_104' title="bbox 1307 3087 2383 3132; baseline -0.006 -7"><span class='ocrx_word' id='word_1_1029' title='bbox 1307 3093 1345 3125; x_wconf 88' lang='grc'><strong>10</strong></span> <span class='ocrx_word' id='word_1_1030' title='bbox 1368 3101 1387 3122; x_wconf 85' lang='lat' dir='ltr'><strong>a</strong></span> <span class='ocrx_word' id='word_1_1031' title='bbox 1407 3090 1470 3123; x_wconf 86' lang='lat' dir='ltr'><strong>&#39;om.</strong></span> <span class='ocrx_word' id='word_1_1032' title='bbox 1492 3088 1540 3121; x_wconf 90' lang='lat' dir='ltr'><strong>V¹</strong></span> <span class='ocrx_word' id='word_1_1033' title='bbox 1561 3087 1574 3132; x_wconf 89' lang='grc' dir='ltr'><strong>ΙΙ</strong></span> <span class='ocrx_word' id='word_1_1034' title='bbox 1593 3089 1632 3122; x_wconf 89' lang='grc'><strong>12</strong></span> <span class='ocrx_word' id='word_1_1035' title='bbox 1649 3088 1752 3129; x_wconf 86' lang='lat' dir='ltr'><strong>Haec]</strong></span> <span class='ocrx_word' id='word_1_1036' title='bbox 1770 3088 1839 3120; x_wconf 89' lang='lat' dir='ltr'><strong>Nec</strong></span> <span class='ocrx_word' id='word_1_1037' title='bbox 1861 3087 1910 3122; x_wconf 89' lang='lat' dir='ltr'><strong>V¹</strong></span> <span class='ocrx_word' id='word_1_1038' title='bbox 1930 3088 1943 3131; x_wconf 79' lang='grc' dir='ltr'><strong>ΙΙ</strong></span> <span class='ocrx_word' id='word_1_1039' title='bbox 1958 3088 2063 3130; x_wconf 87' lang='lat' dir='ltr'><strong>legem</strong></span> <span class='ocrx_word' id='word_1_1040' title='bbox 2084 3087 2147 3128; x_wconf 88' lang='lat' dir='ltr'><strong>V³]</strong></span> <span class='ocrx_word' id='word_1_1041' title='bbox 2173 3100 2231 3120; x_wconf 89' lang='lat' dir='ltr'><strong>om.</strong></span> <span class='ocrx_word' id='word_1_1042' title='bbox 2247 3087 2383 3120; x_wconf 82' lang='lat' dir='ltr'><strong>RV¹T</strong></span> 
     </span>
     <span class='ocr_line' id='line_1_105' title="bbox 1303 3131 2379 3179; baseline -0.007 -10"><span class='ocrx_word' id='word_1_1043' title='bbox 1303 3137 1387 3178; x_wconf 64' lang='lat' dir='ltr'><strong>vulp.</strong></span> <span class='ocrx_word' id='word_1_1044' title='bbox 1407 3134 1419 3179; x_wconf 83' lang='grc' dir='ltr'><strong>ΙΙ</strong></span> <span class='ocrx_word' id='word_1_1045' title='bbox 1447 3136 1489 3168; x_wconf 90' lang='grc'><strong>14</strong></span> <span class='ocrx_word' id='word_1_1046' title='bbox 1514 3133 1583 3166; x_wconf 83' lang='lat' dir='ltr'><strong>eius</strong></span> <span class='ocrx_word' id='word_1_1047' title='bbox 1610 3133 1660 3166; x_wconf 64' lang='lat' dir='ltr'><strong>T*</strong></span> <span class='ocrx_word' id='word_1_1048' title='bbox 1683 3135 1694 3175; x_wconf 88' lang='grc' dir='ltr'><strong>ΙΙ</strong></span> <span class='ocrx_word' id='word_1_1049' title='bbox 1725 3133 1783 3174; x_wconf 88' lang='lat' dir='ltr'><strong>qui</strong></span> <span class='ocrx_word' id='word_1_1050' title='bbox 1810 3134 1842 3166; x_wconf 87' lang='lat' dir='ltr'><em>T</em></span> <span class='ocrx_word' id='word_1_1051' title='bbox 1850 3133 1860 3153; x_wconf 84' lang='lat'><strong>¹</strong></span> <span class='ocrx_word' id='word_1_1052' title='bbox 1889 3133 1901 3176; x_wconf 83' lang='grc' dir='ltr'><strong>ΙΙ</strong></span> <span class='ocrx_word' id='word_1_1053' title='bbox 1932 3134 1971 3165; x_wconf 91' lang='lat' dir='ltr'><strong>de</strong></span> <span class='ocrx_word' id='word_1_1054' title='bbox 1992 3132 2137 3173; x_wconf 86' lang='lat' dir='ltr'><strong>iudiciis]</strong></span> <span class='ocrx_word' id='word_1_1055' title='bbox 2170 3131 2289 3163; x_wconf 83' lang='lat' dir='ltr'><strong>iudicii</strong></span> <span class='ocrx_word' id='word_1_1056' title='bbox 2314 3131 2346 3163; x_wconf 82' lang='lat' dir='ltr'><em>R</em></span> <span class='ocrx_word' id='word_1_1057' title='bbox 2367 3131 2379 3175; x_wconf 82' lang='grc' dir='ltr'><strong>ΙΙ</strong></span> 
     </span>
     <span class='ocr_line' id='line_1_106' title="bbox 1303 3176 2379 3222; baseline -0.004 -10"><span class='ocrx_word' id='word_1_1058' title='bbox 1303 3183 1414 3222; x_wconf 87' lang='lat' dir='ltr'><strong>atque]</strong></span> <span class='ocrx_word' id='word_1_1059' title='bbox 1432 3182 1490 3212; x_wconf 82' lang='lat' dir='ltr'><strong>aut</strong></span> <span class='ocrx_word' id='word_1_1060' title='bbox 1503 3179 1535 3212; x_wconf 81' lang='lat' dir='ltr'><em>R</em></span> <span class='ocrx_word' id='word_1_1061' title='bbox 1552 3178 1564 3221; x_wconf 82' lang='grc' dir='ltr'><strong>ΙΙ</strong></span> <span class='ocrx_word' id='word_1_1062' title='bbox 1585 3180 1624 3212; x_wconf 82' lang='grc'><strong>17</strong></span> <span class='ocrx_word' id='word_1_1063' title='bbox 1643 3178 1892 3211; x_wconf 83' lang='lat' dir='ltr'><strong>constitutionis</strong></span> <span class='ocrx_word' id='word_1_1064' title='bbox 1908 3178 2052 3211; x_wconf 89' lang='lat' dir='ltr'><strong>Zenonis</strong></span> <span class='ocrx_word' id='word_1_1065' title='bbox 2071 3179 2119 3210; x_wconf 86' lang='lat' dir='ltr'><strong>ed.</strong></span> <span class='ocrx_word' id='word_1_1066' title='bbox 2130 3190 2184 3220; x_wconf 84' lang='lat' dir='ltr'><strong>pr.</strong></span> <span class='ocrx_word' id='word_1_1067' title='bbox 2205 3176 2217 3221; x_wconf 82' lang='grc' dir='ltr'><strong>ΙΙ</strong></span> <span class='ocrx_word' id='word_1_1068' title='bbox 2235 3178 2276 3211; x_wconf 87' lang='grc'><strong>18</strong></span> <span class='ocrx_word' id='word_1_1069' title='bbox 2291 3178 2379 3209; x_wconf 86' lang='lat' dir='ltr'><strong>certo</strong></span> 
     </span>
     <span class='ocr_line' id='line_1_107' title="bbox 1312 3221 2379 3268; baseline -0.004 -9"><span class='ocrx_word' id='word_1_1070' title='bbox 1312 3226 1362 3259; x_wconf 89' lang='lat' dir='ltr'><strong>V¹</strong></span> <span class='ocrx_word' id='word_1_1071' title='bbox 1379 3225 1391 3268; x_wconf 86' lang='grc' dir='ltr'><strong>ΙΙ</strong></span> <span class='ocrx_word' id='word_1_1072' title='bbox 1411 3227 1451 3258; x_wconf 86' lang='grc'><strong>19</strong></span> <span class='ocrx_word' id='word_1_1073' title='bbox 1471 3224 1605 3265; x_wconf 82' lang='lat' dir='ltr'><strong>eligere]</strong></span> <span class='ocrx_word' id='word_1_1074' title='bbox 1631 3233 1780 3255; x_wconf 62' lang='lat' dir='ltr'><strong>eun-21</strong></span> <span class='ocrx_word' id='word_1_1075' title='bbox 1798 3223 1848 3256; x_wconf 84' lang='grc' dir='ltr'><strong>Τ1</strong></span> <span class='ocrx_word' id='word_1_1076' title='bbox 1867 3222 1878 3266; x_wconf 85' lang='grc' dir='ltr'><strong>ΙΙ</strong></span> <span class='ocrx_word' id='word_1_1077' title='bbox 1903 3225 1945 3257; x_wconf 87' lang='grc'><strong>20</strong></span> <span class='ocrx_word' id='word_1_1078' title='bbox 1961 3223 2075 3256; x_wconf 89' lang='lat' dir='ltr'><strong>utibus</strong></span> <span class='ocrx_word' id='word_1_1079' title='bbox 2096 3223 2142 3255; x_wconf 89' lang='lat' dir='ltr'><strong>V¹</strong></span> <span class='ocrx_word' id='word_1_1080' title='bbox 2169 3222 2181 3264; x_wconf 85' lang='grc' dir='ltr'><strong>ΙΙ</strong></span> <span class='ocrx_word' id='word_1_1081' title='bbox 2210 3221 2379 3255; x_wconf 86' lang='lat' dir='ltr'><strong>atestatio-</strong></span> 
     </span>
     <span class='ocr_line' id='line_1_108' title="bbox 1304 3266 2381 3313; baseline -0.006 -9"><span class='ocrx_word' id='word_1_1082' title='bbox 1304 3282 1380 3304; x_wconf 87' lang='lat' dir='ltr'><strong>nem</strong></span> <span class='ocrx_word' id='word_1_1083' title='bbox 1402 3271 1433 3303; x_wconf 93' lang='lat' dir='ltr'><strong><em>V</em></strong></span> <span class='ocrx_word' id='word_1_1084' title='bbox 1447 3270 1458 3313; x_wconf 85' lang='grc' dir='ltr'><strong>ΙΙ</strong></span> <span class='ocrx_word' id='word_1_1085' title='bbox 1483 3271 1524 3302; x_wconf 85' lang='grc'><strong>22</strong></span> <span class='ocrx_word' id='word_1_1086' title='bbox 1549 3268 1694 3310; x_wconf 88' lang='lat' dir='ltr'><strong>quidem]</strong></span> <span class='ocrx_word' id='word_1_1087' title='bbox 1718 3267 1761 3300; x_wconf 89' lang='lat' dir='ltr'><strong>al.</strong></span> <span class='ocrx_word' id='word_1_1088' title='bbox 1787 3268 1875 3309; x_wconf 89' lang='lat' dir='ltr'><strong>quod</strong></span> <span class='ocrx_word' id='word_1_1089' title='bbox 1899 3267 1949 3301; x_wconf 80' lang='lat' dir='ltr'><strong>R2</strong></span> <span class='ocrx_word' id='word_1_1090' title='bbox 1965 3270 1997 3301; x_wconf 83' lang='lat' dir='ltr'><strong>in</strong></span> <span class='ocrx_word' id='word_1_1091' title='bbox 2014 3281 2114 3309; x_wconf 63' lang='grc' dir='ltr'><strong><em>τηαν-9.</em></strong></span> <span class='ocrx_word' id='word_1_1092' title='bbox 2132 3267 2144 3309; x_wconf 76' lang='grc' dir='ltr'><strong>ΙΙ</strong></span> <span class='ocrx_word' id='word_1_1093' title='bbox 2171 3269 2214 3301; x_wconf 88' lang='grc'><strong>23</strong></span> <span class='ocrx_word' id='word_1_1094' title='bbox 2238 3266 2381 3299; x_wconf 87' lang='lat' dir='ltr'><strong>anatolis</strong></span> 
     </span>
     <span class='ocr_line' id='line_1_109' title="bbox 1304 3311 2379 3359; baseline -0.004 -10"><span class='ocrx_word' id='word_1_1095' title='bbox 1304 3317 1337 3349; x_wconf 89' lang='lat' dir='ltr'><em>R</em></span> <span class='ocrx_word' id='word_1_1096' title='bbox 1353 3318 1364 3359; x_wconf 82' lang='grc' dir='ltr'><strong>ΙΙ</strong></span> <span class='ocrx_word' id='word_1_1097' title='bbox 1383 3315 1631 3348; x_wconf 75' lang='lat' dir='ltr'><strong>aduocationem</strong></span> <span class='ocrx_word' id='word_1_1098' title='bbox 1655 3314 1701 3345; x_wconf 87' lang='lat' dir='ltr'><strong>V¹</strong></span> <span class='ocrx_word' id='word_1_1099' title='bbox 1718 3313 1730 3356; x_wconf 68' lang='grc' dir='ltr'><strong>ΙΙ</strong></span> <span class='ocrx_word' id='word_1_1100' title='bbox 1758 3315 1800 3346; x_wconf 87' lang='grc'><strong>25</strong></span> <span class='ocrx_word' id='word_1_1101' title='bbox 1822 3313 1996 3356; x_wconf 83' lang='lat' dir='ltr'><strong>deputatos</strong></span> <span class='ocrx_word' id='word_1_1102' title='bbox 2014 3313 2062 3345; x_wconf 82' lang='lat' dir='ltr'><strong>R¹</strong></span> <span class='ocrx_word' id='word_1_1103' title='bbox 2081 3312 2093 3355; x_wconf 92' lang='grc' dir='ltr'><strong>ΙΙ</strong></span> <span class='ocrx_word' id='word_1_1104' title='bbox 2111 3314 2152 3346; x_wconf 89' lang='grc'><strong>26</strong></span> <span class='ocrx_word' id='word_1_1105' title='bbox 2170 3311 2321 3344; x_wconf 84' lang='lat' dir='ltr'><strong>constitit</strong></span> <span class='ocrx_word' id='word_1_1106' title='bbox 2335 3312 2379 3353; x_wconf 82' lang='lat' dir='ltr'><strong>R]</strong></span> 
     </span>
     <span class='ocr_line' id='line_1_110' title="bbox 1305 3356 2380 3401; baseline -0.005 -7"><span class='ocrx_word' id='word_1_1107' title='bbox 1305 3361 1506 3394; x_wconf 84' lang='lat' dir='ltr'><strong>constitutus</strong></span> <span class='ocrx_word' id='word_1_1108' title='bbox 1524 3357 1714 3392; x_wconf 84' lang='lat' dir='ltr'><strong>Vconsistit</strong></span> <span class='ocrx_word' id='word_1_1109' title='bbox 1729 3358 1850 3401; x_wconf 80' lang='lat' dir='ltr'><strong>Tvulq.</strong></span> <span class='ocrx_word' id='word_1_1110' title='bbox 1871 3359 1882 3401; x_wconf 81' lang='grc' dir='ltr'><strong>Ι]</strong></span> <span class='ocrx_word' id='word_1_1111' title='bbox 1898 3364 1991 3390; x_wconf 82' lang='lat' dir='ltr'><strong>meas</strong></span> <span class='ocrx_word' id='word_1_1112' title='bbox 2003 3357 2051 3391; x_wconf 89' lang='lat' dir='ltr'><strong>V¹</strong></span> <span class='ocrx_word' id='word_1_1113' title='bbox 2064 3368 2200 3389; x_wconf 84' lang='lat' dir='ltr'><strong>mennas</strong></span> <span class='ocrx_word' id='word_1_1114' title='bbox 2217 3357 2267 3390; x_wconf 81' lang='lat'><strong>17³</strong></span> <span class='ocrx_word' id='word_1_1115' title='bbox 2283 3356 2295 3400; x_wconf 85' lang='grc' dir='ltr'><strong>ΙΙ</strong></span> <span class='ocrx_word' id='word_1_1116' title='bbox 2312 3356 2380 3389; x_wconf 88' lang='lat' dir='ltr'><strong>elo-</strong></span> 
     </span>
     <span class='ocr_line' id='line_1_111' title="bbox 1305 3401 2381 3448; baseline -0.004 -10"><span class='ocrx_word' id='word_1_1117' title='bbox 1305 3405 1466 3448; x_wconf 88' lang='lat' dir='ltr'><strong>quentissi</strong></span> <span class='ocrx_word' id='word_1_1118' title='bbox 1484 3405 1526 3438; x_wconf 87' lang='lat' dir='ltr'><strong>V¹</strong></span> <span class='ocrx_word' id='word_1_1119' title='bbox 1546 3403 1557 3446; x_wconf 87' lang='grc' dir='ltr'><strong>ΙΙ</strong></span> <span class='ocrx_word' id='word_1_1120' title='bbox 1574 3405 1615 3437; x_wconf 84' lang='grc'><strong>27</strong></span> <span class='ocrx_word' id='word_1_1121' title='bbox 1630 3403 1700 3436; x_wconf 66' lang='lat' dir='ltr'><strong>for*</strong></span> <span class='ocrx_word' id='word_1_1122' title='bbox 1717 3403 1766 3436; x_wconf 87' lang='lat' dir='ltr'><strong>T¹</strong></span> <span class='ocrx_word' id='word_1_1123' title='bbox 1785 3401 1797 3447; x_wconf 91' lang='grc' dir='ltr'><strong>ΙΙ</strong></span> <span class='ocrx_word' id='word_1_1124' title='bbox 1815 3405 1857 3437; x_wconf 89' lang='grc'><strong>28</strong></span> <span class='ocrx_word' id='word_1_1125' title='bbox 1871 3406 1980 3445; x_wconf 89' lang='lat' dir='ltr'><strong>quem]</strong></span> <span class='ocrx_word' id='word_1_1126' title='bbox 1998 3413 2082 3444; x_wconf 89' lang='lat' dir='ltr'><strong>quae</strong></span> <span class='ocrx_word' id='word_1_1127' title='bbox 2099 3402 2145 3435; x_wconf 89' lang='lat' dir='ltr'><strong>V¹</strong></span> <span class='ocrx_word' id='word_1_1128' title='bbox 2164 3402 2176 3445; x_wconf 80' lang='grc' dir='ltr'><strong>ΙΙ</strong></span> <span class='ocrx_word' id='word_1_1129' title='bbox 2195 3403 2234 3436; x_wconf 86' lang='grc'><strong>31</strong></span> <span class='ocrx_word' id='word_1_1130' title='bbox 2251 3401 2381 3444; x_wconf 85' lang='lat' dir='ltr'><strong>quizioo</strong></span> 
     </span>
     <span class='ocr_line' id='line_1_112' title="bbox 1306 3448 2380 3492; baseline -0.004 -8"><span class='ocrx_word' id='word_1_1131' title='bbox 1306 3452 1386 3492; x_wconf 73' lang='grc' dir='ltr'><strong>ΒΤ]</strong></span> <span class='ocrx_word' id='word_1_1132' title='bbox 1412 3450 1547 3492; x_wconf 89' lang='lat' dir='ltr'><strong>quiraco</strong></span> <span class='ocrx_word' id='word_1_1133' title='bbox 1576 3449 1608 3482; x_wconf 94' lang='lat' dir='ltr'><strong><em>V</em></strong></span> <span class='ocrx_word' id='word_1_1134' title='bbox 1626 3448 1745 3492; x_wconf 85' lang='lat' dir='ltr'><strong>Cyzico</strong></span> <span class='ocrx_word' id='word_1_1135' title='bbox 1762 3449 1856 3482; x_wconf 81' lang='lat' dir='ltr'><strong>Beck</strong></span> <span class='ocrx_word' id='word_1_1136' title='bbox 1879 3449 2101 3490; x_wconf 87' lang='lat' dir='ltr'><strong>(quizicenum</strong></span> <span class='ocrx_word' id='word_1_1137' title='bbox 2115 3473 2123 3489; x_wconf 87' lang='lat'>,</span> <span class='ocrx_word' id='word_1_1138' title='bbox 2148 3448 2380 3489; x_wconf 69' lang='lat' dir='ltr'><strong>quizuoenum,</strong></span> 
     </span>
     <span class='ocr_line' id='line_1_113' title="bbox 1306 3492 2380 3538; baseline -0.004 -9"><span class='ocrx_word' id='word_1_1139' title='bbox 1306 3497 1525 3538; x_wconf 89' lang='lat' dir='ltr'><strong>quicizenum‚</strong></span> <span class='ocrx_word' id='word_1_1140' title='bbox 1549 3494 1738 3537; x_wconf 86' lang='lat' dir='ltr'><strong>kyzicinum</strong></span> <span class='ocrx_word' id='word_1_1141' title='bbox 1752 3495 1843 3526; x_wconf 86' lang='lat' dir='ltr'><strong>codd.</strong></span> <span class='ocrx_word' id='word_1_1142' title='bbox 1859 3494 1936 3534; x_wconf 85' lang='lat' dir='ltr'><strong>Iul.)</strong></span> <span class='ocrx_word' id='word_1_1143' title='bbox 1953 3493 1965 3537; x_wconf 88' lang='grc' dir='ltr'><strong>ΙΙ</strong></span> <span class='ocrx_word' id='word_1_1144' title='bbox 1984 3495 2026 3528; x_wconf 88' lang='grc'><strong>35</strong></span> <span class='ocrx_word' id='word_1_1145' title='bbox 2052 3495 2099 3526; x_wconf 87' lang='lat' dir='ltr'><strong>est</strong></span> <span class='ocrx_word' id='word_1_1146' title='bbox 2123 3505 2180 3526; x_wconf 88' lang='lat' dir='ltr'><strong>om.</strong></span> <span class='ocrx_word' id='word_1_1147' title='bbox 2194 3492 2228 3525; x_wconf 84' lang='lat' dir='ltr'><em>R</em></span> <span class='ocrx_word' id='word_1_1148' title='bbox 2244 3492 2257 3537; x_wconf 84' lang='grc' dir='ltr'><strong>ΙΙ</strong></span> <span class='ocrx_word' id='word_1_1149' title='bbox 2282 3493 2380 3525; x_wconf 87' lang='lat' dir='ltr'><strong>etiam</strong></span> 
     </span>
     <span class='ocr_line' id='line_1_114' title="bbox 1306 3537 2383 3583; baseline -0.004 -9"><span class='ocrx_word' id='word_1_1150' title='bbox 1306 3542 1444 3574; x_wconf 86' lang='lat' dir='ltr'><strong>maiores</strong></span> <span class='ocrx_word' id='word_1_1151' title='bbox 1468 3540 1565 3572; x_wconf 87' lang='lat' dir='ltr'><strong>etiam</strong></span> <span class='ocrx_word' id='word_1_1152' title='bbox 1591 3539 1716 3572; x_wconf 88' lang='lat' dir='ltr'><strong>iudices</strong></span> <span class='ocrx_word' id='word_1_1153' title='bbox 1737 3538 1788 3573; x_wconf 86' lang='lat' dir='ltr'><strong>V¹</strong></span> <span class='ocrx_word' id='word_1_1154' title='bbox 1804 3538 1817 3583; x_wconf 87' lang='grc' dir='ltr'><strong>ΙΙ</strong></span> <span class='ocrx_word' id='word_1_1155' title='bbox 1842 3540 1885 3573; x_wconf 90' lang='grc'><strong>36</strong></span> <span class='ocrx_word' id='word_1_1156' title='bbox 1909 3538 2052 3580; x_wconf 86' lang='lat' dir='ltr'><strong>aliquos]</strong></span> <span class='ocrx_word' id='word_1_1157' title='bbox 2084 3537 2168 3570; x_wconf 88' lang='lat' dir='ltr'><strong>alios</strong></span> <span class='ocrx_word' id='word_1_1158' title='bbox 2190 3538 2224 3571; x_wconf 84' lang='lat' dir='ltr'><strong><em>R</em></strong></span> <span class='ocrx_word' id='word_1_1159' title='bbox 2253 3537 2383 3580; x_wconf 83' lang='lat' dir='ltr'><strong>aliquos</strong></span> 
     </span>
     <span class='ocr_line' id='line_1_115' title="bbox 1306 3585 1727 3631; baseline -0.005 -11"><span class='ocrx_word' id='word_1_1160' title='bbox 1306 3587 1431 3620; x_wconf 82' lang='lat' dir='ltr'><strong>iudices</strong></span> <span class='ocrx_word' id='word_1_1161' title='bbox 1448 3587 1479 3619; x_wconf 90' lang='lat' dir='ltr'><em>T</em></span> <span class='ocrx_word' id='word_1_1162' title='bbox 1492 3585 1505 3631; x_wconf 84' lang='grc' dir='ltr'><strong>ΙΙ</strong></span> <span class='ocrx_word' id='word_1_1163' title='bbox 1521 3586 1580 3622; x_wconf 73' lang='lat' dir='ltr'><strong>*et</strong></span> <span class='ocrx_word' id='word_1_1164' title='bbox 1605 3586 1727 3618; x_wconf 81' lang='lat' dir='ltr'><strong>inserui</strong></span> 
     </span>
    </p>
   </div>
   <div class='ocr_carea' id='block_1_29' title="bbox 2074 3774 2115 3809">
    <p class='ocr_par' dir='ltr' id='par_1_35' title="bbox 2074 3774 2115 3809">
     <span class='ocr_line' id='line_1_116' title="bbox 2074 3774 2115 3809; baseline 0.098 -4"><span class='ocrx_word' id='word_1_1165' title='bbox 2074 3774 2115 3809; x_wconf 81' lang='lat'><strong>51</strong></span> 
     </span>
    </p>
   </div>
  </div>
 </body>
</html>
